|j|☆Colonel Rivai
|j|☆Capital Cruiser
|t:|1650037640
|gametype|singles
|player|p1|Colonel Rivai|101|1803
|player|p2|Capital Cruiser|ingo|1786
|teamsize|p1|6
|teamsize|p2|6
|gen|8
|tier|[Gen 8] OU
|rated|
|rule|Sleep Clause Mod: Limit one foe put to sleep
|rule|Species Clause: Limit one of each Pokémon
|rule|OHKO Clause: OHKO moves are banned
|rule|Evasion Moves Clause: Evasion moves are banned
|rule|Endless Battle Clause: Forcing endless battles is banned
|rule|HP Percentage Mod: HP is shown in percentages
|rule|Dynamax Clause: You cannot dynamax
|clearpoke
|poke|p1|Hydreigon, F|
|poke|p1|Kartana|
|poke|p1|Blacephalon|
|poke|p1|Landorus-Therian, M|
|poke|p1|Melmetal|
|poke|p1|Toxapex, M|
|poke|p2|Sylveon, M|
|poke|p2|Latios, M|
|poke|p2|Swampert, M|
|poke|p2|Heatran, M|
|poke|p2|Corviknight, M|
|poke|p2|Terrakion|
|teampreview
|inactive|Battle timer is ON: inactive players will automatically lose when time's up. (requested by Capital Cruiser)
|
|t:|1650037651
|start
|switch|p1a: Hydreigon|Hydreigon, F|100/100
|switch|p2a: Swampert|Swampert, M, shiny|100/100
|turn|1
|
|t:|1650037658
|move|p1a: Hydreigon|Beat Up|p2a: Swampert
|-damage|p2a: Swampert|91/100
|-damage|p2a: Swampert|74/100
|-damage|p2a: Swampert|62/100
|-damage|p2a: Swampert|49/100
|-damage|p2a: Swampert|36/100
|-damage|p2a: Swampert|28/100
|-hitcount|p2a: Swampert|6
|move|p2a: Swampert|Ice Beam|p1a: Hydreigon
|-supereffective|p1a: Hydreigon
|-damage|p1a: Hydreigon|61/100
|
|-heal|p2a: Swampert|34/100|[from] item: Leftovers
|upkeep
|turn|2
|
|t:|1650037679
|switch|p1a: Landorus|Landorus-Therian, M|100/100
|-ability|p1a: Landorus|Intimidate|boost
|-unboost|p2a: Swampert|atk|1
|switch|p2a: Sylveon|Sylveon, M, shiny|100/100
|
|upkeep
|turn|3
|
|t:|1650037681
|move|p1a: Landorus|Stealth Rock|p2a: Sylveon
|-sidestart|p2: Capital Cruiser|move: Stealth Rock
|move|p2a: Sylveon|Hyper Voice|p1a: Landorus
|-damage|p1a: Landorus|58/100
|
|-heal|p1a: Landorus|64/100|[from] item: Leftovers
|upkeep
|turn|4
|
|t:|1650037690
|move|p1a: Landorus|U-turn|p2a: Sylveon
|-resisted|p2a: Sylveon
|-damage|p2a: Sylveon|88/100
|-enditem|p2a: Sylveon|Kee Berry|[eat]
|-boost|p2a: Sylveon|def|1|[from] item: Kee Berry
|
|t:|1650037693
|switch|p1a: Melmetal|Melmetal|100/100|[from]move: U-turn
|move|p2a: Sylveon|Hyper Voice|p1a: Melmetal
|-resisted|p1a: Melmetal
|-crit|p1a: Melmetal
|-damage|p1a: Melmetal|76/100
|
|upkeep
|turn|5
|
|t:|1650037698
|switch|p2a: Corviknight|Corviknight, M, shiny|100/100
|-damage|p2a: Corviknight|88/100|[from] Stealth Rock
|-ability|p2a: Corviknight|Pressure
|move|p1a: Melmetal|Double Iron Bash|p2a: Corviknight
|-resisted|p2a: Corviknight
|-damage|p2a: Corviknight|75/100
|-damage|p1a: Melmetal|60/100|[from] item: Rocky Helmet|[of] p2a: Corviknight
|-resisted|p2a: Corviknight
|-damage|p2a: Corviknight|62/100
|-damage|p1a: Melmetal|43/100|[from] item: Rocky Helmet|[of] p2a: Corviknight
|-hitcount|p2a: Corviknight|2
|
|upkeep
|turn|6
|
|t:|1650037701
|switch|p1a: Blacephalon|Blacephalon|100/100
|move|p2a: Corviknight|Defog|p1a: Blacephalon
|-unboost|p1a: Blacephalon|evasion|1
|-sideend|p2: Capital Cruiser|Stealth Rock|[from] move: Defog|[of] p2a: Corviknight
|
|upkeep
|turn|7
|
|t:|1650037712
|switch|p2a: Swampert|Swampert, M, shiny|34/100
|move|p1a: Blacephalon|Shadow Ball|p2a: Swampert
|-damage|p2a: Swampert|1/100
|
|-heal|p2a: Swampert|7/100|[from] item: Leftovers
|upkeep
|turn|8
|j| 0SiegeWarfare
|
|t:|1650037722
|move|p1a: Blacephalon|Shadow Ball|p2a: Swampert
|-damage|p2a: Swampert|0 fnt
|faint|p2a: Swampert
|-ability|p1a: Blacephalon|Beast Boost|boost
|-boost|p1a: Blacephalon|spa|1
|
|upkeep
|
|t:|1650037731
|switch|p2a: Terrakion|Terrakion, shiny|100/100
|turn|9
|
|t:|1650037734
|switch|p1a: Landorus|Landorus-Therian, M|64/100
|-ability|p1a: Landorus|Intimidate|boost
|-unboost|p2a: Terrakion|atk|1
|move|p2a: Terrakion|Stone Edge|p1a: Landorus
|-damage|p1a: Landorus|30/100
|
|-heal|p1a: Landorus|36/100|[from] item: Leftovers
|upkeep
|turn|10
|j| Fitzcarraldo
|
|t:|1650037739
|switch|p2a: Corviknight|Corviknight, M, shiny|62/100
|-ability|p2a: Corviknight|Pressure
|move|p1a: Landorus|Stealth Rock|p2a: Corviknight
|-sidestart|p2: Capital Cruiser|move: Stealth Rock
|
|-heal|p1a: Landorus|42/100|[from] item: Leftovers
|upkeep
|turn|11
|
|t:|1650037744
|switch|p1a: Hydreigon|Hydreigon, F|61/100
|move|p2a: Corviknight|U-turn|p1a: Hydreigon
|-supereffective|p1a: Hydreigon
|-damage|p1a: Hydreigon|25/100
|j| Ngannou Francis
|
|t:|1650037759
|switch|p2a: Terrakion|Terrakion, shiny|100/100|[from]move: U-turn
|-damage|p2a: Terrakion|94/100|[from] Stealth Rock
|
|upkeep
|turn|12
|
|t:|1650037767
|switch|p1a: Toxapex|Toxapex, M|100/100
|move|p2a: Terrakion|Close Combat|p1a: Toxapex
|-resisted|p1a: Toxapex
|-damage|p1a: Toxapex|83/100
|-unboost|p2a: Terrakion|def|1
|-unboost|p2a: Terrakion|spd|1
|-damage|p2a: Terrakion|78/100|[from] item: Rocky Helmet|[of] p1a: Toxapex
|
|upkeep
|turn|13
|
|t:|1650037772
|switch|p2a: Latios|Latios, M, shiny|100/100
|-damage|p2a: Latios|88/100|[from] Stealth Rock
|switch|p1a: Blacephalon|Blacephalon|100/100
|
|upkeep
|turn|14
|
|t:|1650037792
|move|p1a: Blacephalon|Shadow Ball|p2a: Latios
|-supereffective|p2a: Latios
|-crit|p2a: Latios
|-damage|p2a: Latios|0 fnt
|faint|p2a: Latios
|-ability|p1a: Blacephalon|Beast Boost|boost
|-boost|p1a: Blacephalon|spa|1
|
|upkeep
|-message|Capital Cruiser forfeited.
|
|win|Colonel Rivai
|raw|Colonel Rivai's rating: 1803 &rarr; <strong>1822</strong><br />(+19 for winning)
|raw|Capital Cruiser's rating: 1786 &rarr; <strong>1767</strong><br />(-19 for losing)
|l|☆Capital Cruiser
|l|☆Colonel Rivai
