|html|<div class="broadcast-blue"><strong>[Gen 8] OU is currently suspecting Melmetal! For information on how to participate check out the <a href="https://www.smogon.com/forums/threads/np-ss-ou-suspect-process-round-12-monster-mash.3709234/">suspect thread</a>.</strong></div>
|j|☆Venositile
|j|☆FvkboyCharmander
|t:|1665779923
|gametype|singles
|player|p1|Venositile|rocketexecutive-gen2|1570
|player|p2|FvkboyCharmander|1|1735
|teamsize|p1|6
|teamsize|p2|6
|gen|8
|tier|[Gen 8] OU
|rated|
|rule|Sleep Clause Mod: Limit one foe put to sleep
|rule|Species Clause: Limit one of each Pokémon
|rule|OHKO Clause: OHKO moves are banned
|rule|Evasion Items Clause: Evasion items are banned
|rule|Evasion Moves Clause: Evasion moves are banned
|rule|Endless Battle Clause: Forcing endless battles is banned
|rule|HP Percentage Mod: HP is shown in percentages
|rule|Dynamax Clause: You cannot dynamax
|clearpoke
|poke|p1|Slowking-Galar, F|
|poke|p1|Tornadus-Therian, M|
|poke|p1|Ferrothorn, F|
|poke|p1|Suicune|
|poke|p1|Hippowdon, M|
|poke|p1|Hydreigon, M|
|poke|p2|Ninetales-Alola, F|
|poke|p2|Blaziken, M|
|poke|p2|Azumarill, M|
|poke|p2|Landorus-Therian, M|
|poke|p2|Rillaboom, F|
|poke|p2|Hawlucha, F|
|teampreview
|inactive|Battle timer is ON: inactive players will automatically lose when time's up. (requested by FvkboyCharmander)
|
|t:|1665779951
|start
|switch|p1a: Slowking|Slowking-Galar, F|100/100
|switch|p2a: Azumarill|Azumarill, M|100/100
|turn|1
|
|t:|1665779954
|move|p2a: Azumarill|Knock Off|p1a: Slowking
|-supereffective|p1a: Slowking
|-damage|p1a: Slowking|0 fnt
|-enditem|p1a: Slowking|Black Sludge|[from] move: Knock Off|[of] p2a: Azumarill
|faint|p1a: Slowking
|-damage|p2a: Azumarill|91/100|[from] item: Life Orb
|
|upkeep
|
|t:|1665779958
|switch|p1a: Ferrothorn|Ferrothorn, F|100/100
|turn|2
|
|t:|1665779962
|switch|p2a: Blaziken|Blaziken, M|100/100
|move|p1a: Ferrothorn|Spikes|p2a: Blaziken
|-sidestart|p2: FvkboyCharmander|Spikes
|
|upkeep
|turn|3
|
|t:|1665779965
|switch|p1a: Suicune|Suicune|100/100
|-ability|p1a: Suicune|Pressure
|move|p2a: Blaziken|Swords Dance|p2a: Blaziken
|-boost|p2a: Blaziken|atk|2
|
|-ability|p2a: Blaziken|Speed Boost|boost
|-boost|p2a: Blaziken|spe|1
|upkeep
|turn|4
|
|t:|1665779967
|move|p2a: Blaziken|Close Combat|p1a: Suicune
|-damage|p1a: Suicune|5/100
|-unboost|p2a: Blaziken|def|1
|-unboost|p2a: Blaziken|spd|1
|-damage|p2a: Blaziken|91/100|[from] item: Life Orb
|move|p1a: Suicune|Scald|p2a: Blaziken
|-supereffective|p2a: Blaziken
|-damage|p2a: Blaziken|0 fnt
|faint|p2a: Blaziken
|
|-heal|p1a: Suicune|11/100|[from] item: Leftovers
|upkeep
|
|t:|1665779971
|switch|p2a: Ninetales|Ninetales-Alola, F|100/100
|-damage|p2a: Ninetales|88/100|[from] Spikes
|-weather|Hail|[from] ability: Snow Warning|[of] p2a: Ninetales
|turn|5
|
|t:|1665779975
|move|p2a: Ninetales|Freeze-Dry|p1a: Suicune
|-supereffective|p1a: Suicune
|-damage|p1a: Suicune|0 fnt
|faint|p1a: Suicune
|
|-weather|Hail|[upkeep]
|upkeep
|
|t:|1665779983
|switch|p1a: Hippowdon|Hippowdon, M|100/100
|-weather|Sandstorm|[from] ability: Sand Stream|[of] p1a: Hippowdon
|turn|6
|
|t:|1665779986
|move|p2a: Ninetales|Toxic|p1a: Hippowdon
|-status|p1a: Hippowdon|tox
|move|p1a: Hippowdon|Stealth Rock|p2a: Ninetales
|-sidestart|p2: FvkboyCharmander|move: Stealth Rock
|
|-weather|Sandstorm|[upkeep]
|-damage|p2a: Ninetales|82/100|[from] Sandstorm
|-damage|p1a: Hippowdon|94/100 tox|[from] psn
|upkeep
|turn|7
|
|t:|1665779991
|switch|p1a: Ferrothorn|Ferrothorn, F|100/100
|move|p2a: Ninetales|Freeze-Dry|p1a: Ferrothorn
|-damage|p1a: Ferrothorn|77/100
|
|-weather|Sandstorm|[upkeep]
|-damage|p2a: Ninetales|75/100|[from] Sandstorm
|-heal|p1a: Ferrothorn|84/100|[from] item: Leftovers
|upkeep
|turn|8
|
|t:|1665779995
|move|p2a: Ninetales|Freeze-Dry|p1a: Ferrothorn
|-damage|p1a: Ferrothorn|62/100
|move|p1a: Ferrothorn|Gyro Ball|p2a: Ninetales
|-supereffective|p2a: Ninetales
|-damage|p2a: Ninetales|0 fnt
|faint|p2a: Ninetales
|
|-weather|Sandstorm|[upkeep]
|-heal|p1a: Ferrothorn|68/100|[from] item: Leftovers
|upkeep
|
|t:|1665779999
|switch|p2a: Landorus|Landorus-Therian, M|100/100
|-damage|p2a: Landorus|88/100|[from] Stealth Rock
|-ability|p2a: Landorus|Intimidate|boost
|-unboost|p1a: Ferrothorn|atk|1
|turn|9
|
|t:|1665780002
|move|p2a: Landorus|Knock Off|p1a: Ferrothorn
|-damage|p1a: Ferrothorn|49/100
|-damage|p2a: Landorus|75/100|[from] ability: Iron Barbs|[of] p1a: Ferrothorn
|-enditem|p1a: Ferrothorn|Leftovers|[from] move: Knock Off|[of] p2a: Landorus
|move|p1a: Ferrothorn|Leech Seed|p2a: Landorus
|-start|p2a: Landorus|move: Leech Seed
|
|-weather|Sandstorm|[upkeep]
|-damage|p2a: Landorus|63/100|[from] Leech Seed|[of] p1a: Ferrothorn
|-heal|p1a: Ferrothorn|60/100|[silent]
|upkeep
|turn|10
|
|t:|1665780013
|switch|p1a: Tornadus|Tornadus-Therian, M|100/100
|move|p2a: Landorus|Stealth Rock|p1a: Tornadus
|-sidestart|p1: Venositile|move: Stealth Rock
|
|-weather|none
|-damage|p2a: Landorus|50/100|[from] Leech Seed|[of] p1a: Tornadus
|upkeep
|turn|11
|
|t:|1665780016
|move|p1a: Tornadus|Hurricane|p2a: Landorus
|-damage|p2a: Landorus|0 fnt
|faint|p2a: Landorus
|
|upkeep
|
|t:|1665780019
|switch|p2a: Azumarill|Azumarill, M|91/100
|-damage|p2a: Azumarill|78/100|[from] Spikes
|-damage|p2a: Azumarill|66/100|[from] Stealth Rock
|turn|12
|
|t:|1665780023
|switch|p1a: Ferrothorn|Ferrothorn, F|60/100
|-damage|p1a: Ferrothorn|54/100|[from] Stealth Rock
|move|p2a: Azumarill|Play Rough|p1a: Ferrothorn
|-resisted|p1a: Ferrothorn
|-damage|p1a: Ferrothorn|32/100
|-damage|p2a: Azumarill|53/100|[from] ability: Iron Barbs|[of] p1a: Ferrothorn
|-damage|p2a: Azumarill|44/100|[from] item: Life Orb
|
|upkeep
|turn|13
|
|t:|1665780033
|switch|p2a: Rillaboom|Rillaboom, F|100/100
|-damage|p2a: Rillaboom|88/100|[from] Spikes
|-damage|p2a: Rillaboom|76/100|[from] Stealth Rock
|-fieldstart|move: Grassy Terrain|[from] ability: Grassy Surge|[of] p2a: Rillaboom
|move|p1a: Ferrothorn|Leech Seed|p2a: Rillaboom
|-immune|p2a: Rillaboom
|
|-heal|p2a: Rillaboom|82/100|[from] Grassy Terrain
|-heal|p1a: Ferrothorn|38/100|[from] Grassy Terrain
|upkeep
|turn|14
|
|t:|1665780041
|switch|p2a: Azumarill|Azumarill, M|44/100
|-damage|p2a: Azumarill|31/100|[from] Spikes
|-damage|p2a: Azumarill|19/100|[from] Stealth Rock
|move|p1a: Ferrothorn|Spikes|p2a: Azumarill
|-sidestart|p2: FvkboyCharmander|Spikes
|
|-heal|p2a: Azumarill|25/100|[from] Grassy Terrain
|-heal|p1a: Ferrothorn|45/100|[from] Grassy Terrain
|upkeep
|turn|15
|
|t:|1665780049
|move|p2a: Azumarill|Aqua Jet|p1a: Ferrothorn
|-resisted|p1a: Ferrothorn
|-damage|p1a: Ferrothorn|35/100
|-damage|p2a: Azumarill|13/100|[from] ability: Iron Barbs|[of] p1a: Ferrothorn
|-damage|p2a: Azumarill|3/100|[from] item: Life Orb
|move|p1a: Ferrothorn|Gyro Ball|p2a: Azumarill
|-damage|p2a: Azumarill|0 fnt
|faint|p2a: Azumarill
|
|-heal|p1a: Ferrothorn|41/100|[from] Grassy Terrain
|upkeep
|
|t:|1665780050
|switch|p2a: Hawlucha|Hawlucha, F|100/100
|-damage|p2a: Hawlucha|88/100|[from] Stealth Rock
|-enditem|p2a: Hawlucha|Grassy Seed
|-boost|p2a: Hawlucha|def|1|[from] item: Grassy Seed
|turn|16
|
|t:|1665780054
|move|p2a: Hawlucha|Substitute|p2a: Hawlucha
|-start|p2a: Hawlucha|Substitute
|-damage|p2a: Hawlucha|63/100
|move|p1a: Ferrothorn|Gyro Ball|p2a: Hawlucha
|-end|p2a: Hawlucha|Substitute
|
|-heal|p1a: Ferrothorn|47/100|[from] Grassy Terrain
|upkeep
|turn|17
|
|t:|1665780057
|move|p2a: Hawlucha|Swords Dance|p2a: Hawlucha
|-boost|p2a: Hawlucha|atk|2
|move|p1a: Ferrothorn|Gyro Ball|p2a: Hawlucha
|-damage|p2a: Hawlucha|26/100
|
|-heal|p1a: Ferrothorn|53/100|[from] Grassy Terrain
|-fieldend|move: Grassy Terrain
|upkeep
|turn|18
|
|t:|1665780060
|move|p2a: Hawlucha|Close Combat|p1a: Ferrothorn
|-supereffective|p1a: Ferrothorn
|-damage|p1a: Ferrothorn|0 fnt
|-unboost|p2a: Hawlucha|def|1
|-unboost|p2a: Hawlucha|spd|1
|-damage|p2a: Hawlucha|13/100|[from] ability: Iron Barbs|[of] p1a: Ferrothorn
|faint|p1a: Ferrothorn
|
|upkeep
|
|t:|1665780068
|switch|p1a: Hippowdon|Hippowdon, M|94/100 tox
|-damage|p1a: Hippowdon|88/100 tox|[from] Stealth Rock
|-weather|Sandstorm|[from] ability: Sand Stream|[of] p1a: Hippowdon
|turn|19
|
|t:|1665780076
|move|p2a: Hawlucha|Close Combat|p1a: Hippowdon
|-damage|p1a: Hippowdon|15/100 tox
|-unboost|p2a: Hawlucha|def|1
|-unboost|p2a: Hawlucha|spd|1
|move|p1a: Hippowdon|Whirlwind|p2a: Hawlucha
|drag|p2a: Rillaboom|Rillaboom, F|82/100
|-damage|p2a: Rillaboom|65/100|[from] Spikes
|-damage|p2a: Rillaboom|53/100|[from] Stealth Rock
|-fieldstart|move: Grassy Terrain|[from] ability: Grassy Surge|[of] p2a: Rillaboom
|
|-weather|Sandstorm|[upkeep]
|-damage|p2a: Rillaboom|47/100|[from] Sandstorm
|-heal|p2a: Rillaboom|53/100|[from] Grassy Terrain
|-heal|p1a: Hippowdon|21/100 tox|[from] Grassy Terrain
|-heal|p1a: Hippowdon|27/100 tox|[from] item: Leftovers
|-damage|p1a: Hippowdon|21/100 tox|[from] psn
|upkeep
|turn|20
|
|t:|1665780082
|move|p2a: Rillaboom|Grassy Glide|p1a: Hippowdon
|-supereffective|p1a: Hippowdon
|-damage|p1a: Hippowdon|0 fnt
|faint|p1a: Hippowdon
|-damage|p2a: Rillaboom|43/100|[from] item: Life Orb
|
|-weather|Sandstorm|[upkeep]
|-damage|p2a: Rillaboom|37/100|[from] Sandstorm
|-heal|p2a: Rillaboom|43/100|[from] Grassy Terrain
|upkeep
|
|t:|1665780088
|switch|p1a: Tornadus|Tornadus-Therian, M|100/100
|turn|21
|-message|FvkboyCharmander forfeited.
|
|win|Venositile
|raw|Venositile's rating: 1570 &rarr; <strong>1599</strong><br />(+29 for winning)
|raw|FvkboyCharmander's rating: 1735 &rarr; <strong>1706</strong><br />(-29 for losing)
|l|☆FvkboyCharmander
