|j|☆DiameterXtreme
|j|☆Adel19
|t:|1667653366
|gametype|singles
|player|p1|DiameterXtreme|jasmine-gen2|1823
|player|p2|Adel19|rocketgruntf|1902
|teamsize|p1|6
|teamsize|p2|6
|gen|8
|tier|[Gen 8] OU
|rated|
|rule|Sleep Clause Mod: Limit one foe put to sleep
|rule|Species Clause: Limit one of each Pokémon
|rule|OHKO Clause: OHKO moves are banned
|rule|Evasion Items Clause: Evasion items are banned
|rule|Evasion Moves Clause: Evasion moves are banned
|rule|Endless Battle Clause: Forcing endless battles is banned
|rule|HP Percentage Mod: HP is shown in percentages
|rule|Dynamax Clause: You cannot dynamax
|clearpoke
|poke|p1|Zapdos|
|poke|p1|Sandaconda, M|
|poke|p1|Buzzwole|
|poke|p1|Dragapult, F|
|poke|p1|Melmetal|
|poke|p1|Blissey, F|
|poke|p2|Zapdos|
|poke|p2|Tapu Fini|
|poke|p2|Kartana|
|poke|p2|Zeraora|
|poke|p2|Landorus-Therian, M|
|poke|p2|Blissey, F|
|teampreview
|inactive|Battle timer is ON: inactive players will automatically lose when time's up. (requested by DiameterXtreme)
|j| totoko.xyz澪咲
|j| cypherstest
|c|☆DiameterXtreme|hf
|
|t:|1667653395
|start
|switch|p1a: Blissey|Blissey, F|100/100
|switch|p2a: Tapu Fini|Tapu Fini|100/100
|-fieldstart|move: Misty Terrain|[from] ability: Misty Surge|[of] p2a: Tapu Fini
|turn|1
|
|t:|1667653400
|move|p2a: Tapu Fini|Taunt|p1a: Blissey
|-start|p1a: Blissey|move: Taunt
|cant|p1a: Blissey|move: Taunt|Teleport
|
|upkeep
|turn|2
|
|t:|1667653407
|switch|p2a: Blissey|Blissey, F|100/100
|switch|p1a: Zapdos|Zapdos|100/100
|
|upkeep
|turn|3
|
|t:|1667653410
|switch|p1a: Blissey|Blissey, F|100/100
|move|p2a: Blissey|Stealth Rock|p1a: Blissey
|-sidestart|p1: DiameterXtreme|move: Stealth Rock
|
|upkeep
|turn|4
|
|t:|1667653414
|switch|p2a: Landorus|Landorus-Therian, M|100/100
|-ability|p2a: Landorus|Intimidate|boost
|-unboost|p1a: Blissey|atk|1
|move|p1a: Blissey|Teleport|p1a: Blissey
|
|t:|1667653416
|switch|p1a: Sandaconda|Sandaconda, M, shiny|100/100|[from]move: Teleport
|-damage|p1a: Sandaconda|94/100|[from] Stealth Rock
|
|-heal|p1a: Sandaconda|100/100|[from] item: Leftovers
|upkeep
|turn|5
|
|t:|1667653425
|move|p2a: Landorus|Swords Dance|p2a: Landorus
|-boost|p2a: Landorus|atk|2
|move|p1a: Sandaconda|Stealth Rock|p2a: Landorus
|-sidestart|p2: Adel19|move: Stealth Rock
|
|-fieldend|Misty Terrain
|upkeep
|turn|6
|
|t:|1667653427
|move|p2a: Landorus|Earthquake|p1a: Sandaconda
|-damage|p1a: Sandaconda|0 fnt
|faint|p1a: Sandaconda
|
|upkeep
|
|t:|1667653432
|switch|p1a: Dragapult|Dragapult, F|100/100
|-damage|p1a: Dragapult|88/100|[from] Stealth Rock
|turn|7
|
|t:|1667653435
|switch|p2a: Blissey|Blissey, F|100/100
|move|p1a: Dragapult|U-turn|p2a: Blissey
|-damage|p2a: Blissey|85/100
|
|t:|1667653436
|switch|p1a: Melmetal|Melmetal|100/100|[from]move: U-turn
|-damage|p1a: Melmetal|94/100|[from] Stealth Rock
|
|upkeep
|turn|8
|
|t:|1667653441
|switch|p2a: Kartana|Kartana|100/100
|-damage|p2a: Kartana|94/100|[from] Stealth Rock
|move|p1a: Melmetal|Toxic|p2a: Kartana
|-immune|p2a: Kartana
|
|upkeep
|turn|9
|
|t:|1667653448
|switch|p1a: Zapdos|Zapdos|100/100
|move|p2a: Kartana|Knock Off|p1a: Zapdos
|-damage|p1a: Zapdos|74/100
|-enditem|p1a: Zapdos|Heavy-Duty Boots|[from] move: Knock Off|[of] p2a: Kartana
|
|upkeep
|turn|10
|
|t:|1667653451
|switch|p2a: Blissey|Blissey, F|85/100
|move|p1a: Zapdos|Defog|p2a: Blissey
|-unboost|p2a: Blissey|evasion|1
|-sideend|p2: Adel19|Stealth Rock|[from] move: Defog|[of] p1a: Zapdos
|-sideend|p1: DiameterXtreme|Stealth Rock|[from] move: Defog|[of] p1a: Zapdos
|
|upkeep
|turn|11
|
|t:|1667653455
|switch|p1a: Melmetal|Melmetal|94/100
|move|p2a: Blissey|Stealth Rock|p1a: Melmetal
|-sidestart|p1: DiameterXtreme|move: Stealth Rock
|
|upkeep
|turn|12
|
|t:|1667653469
|switch|p2a: Kartana|Kartana|94/100
|move|p1a: Melmetal|Toxic|p2a: Kartana
|-immune|p2a: Kartana
|
|upkeep
|turn|13
|
|t:|1667653474
|switch|p2a: Landorus|Landorus-Therian, M|100/100
|-ability|p2a: Landorus|Intimidate|boost
|-unboost|p1a: Melmetal|atk|1
|switch|p1a: Zapdos|Zapdos|74/100
|-damage|p1a: Zapdos|49/100|[from] Stealth Rock
|
|upkeep
|turn|14
|
|t:|1667653481
|switch|p1a: Buzzwole|Buzzwole|100/100
|-damage|p1a: Buzzwole|88/100|[from] Stealth Rock
|move|p2a: Landorus|Stone Edge|p1a: Buzzwole
|-damage|p1a: Buzzwole|60/100
|
|upkeep
|turn|15
|
|t:|1667653488
|switch|p2a: Tapu Fini|Tapu Fini|100/100
|-fieldstart|move: Misty Terrain|[from] ability: Misty Surge|[of] p2a: Tapu Fini
|move|p1a: Buzzwole|Roost|p1a: Buzzwole
|-heal|p1a: Buzzwole|100/100
|-singleturn|p1a: Buzzwole|move: Roost
|
|upkeep
|turn|16
|
|t:|1667653494
|switch|p1a: Melmetal|Melmetal|94/100
|-damage|p1a: Melmetal|88/100|[from] Stealth Rock
|move|p2a: Tapu Fini|Surf|p1a: Melmetal
|-damage|p1a: Melmetal|49/100
|
|upkeep
|turn|17
|-message|DiameterXtreme forfeited.
|
|win|Adel19
|raw|DiameterXtreme's rating: 1823 &rarr; <strong>1807</strong><br />(-16 for losing)
|raw|Adel19's rating: 1902 &rarr; <strong>1918</strong><br />(+16 for winning)
|l|☆DiameterXtreme
||Ladder isn't responding, score probably updated but might not have (Request timeout).
