|j|☆Down$hift
|j|☆Tsquared2
|t:|1664499979
|gametype|singles
|player|p1|Down$hift|teamrocket|1678
|player|p2|Tsquared2|266|1687
|teamsize|p1|6
|teamsize|p2|6
|gen|8
|tier|[Gen 8] OU
|rated|
|rule|Sleep Clause Mod: Limit one foe put to sleep
|rule|Species Clause: Limit one of each Pokémon
|rule|OHKO Clause: OHKO moves are banned
|rule|Evasion Items Clause: Evasion items are banned
|rule|Evasion Moves Clause: Evasion moves are banned
|rule|Endless Battle Clause: Forcing endless battles is banned
|rule|HP Percentage Mod: HP is shown in percentages
|rule|Dynamax Clause: You cannot dynamax
|clearpoke
|poke|p1|Vanilluxe, F|
|poke|p1|Tapu Koko|
|poke|p1|Magnezone|
|poke|p1|Buzzwole|
|poke|p1|Rotom-Wash|
|poke|p1|Landorus-Therian, M|
|poke|p2|Clefable, M|
|poke|p2|Heatran, F|
|poke|p2|Rillaboom, M|
|poke|p2|Tornadus-Therian, M|
|poke|p2|Melmetal|
|poke|p2|Gastrodon-East, M|
|teampreview
|c|☆Down$hift|hf'
|j| darkcloud1986
|inactive|Battle timer is ON: inactive players will automatically lose when time's up. (requested by Down$hift)
|l| darkcloud1986
|
|t:|1664500006
|start
|switch|p1a: Tapu 3HKO|Tapu Koko|100/100
|switch|p2a: Tornadus|Tornadus-Therian, M|100/100
|-fieldstart|move: Electric Terrain|[from] ability: Electric Surge|[of] p1a: Tapu 3HKO
|turn|1
|
|t:|1664500015
|move|p1a: Tapu 3HKO|U-turn|p2a: Tornadus
|-resisted|p2a: Tornadus
|-damage|p2a: Tornadus|92/100
|
|t:|1664500018
|switch|p1a: The Vortex|Rotom-Wash|100/100|[from]move: U-turn
|move|p2a: Tornadus|Knock Off|p1a: The Vortex
|-damage|p1a: The Vortex|81/100
|-enditem|p1a: The Vortex|Leftovers|[from] move: Knock Off|[of] p2a: Tornadus
|
|upkeep
|turn|2
|
|t:|1664500023
|move|p2a: Tornadus|U-turn|p1a: The Vortex
|-damage|p1a: The Vortex|65/100
|
|t:|1664500025
|switch|p2a: Gastrodon|Gastrodon-East, M|100/100|[from]move: U-turn
|move|p1a: The Vortex|Pain Split|p2a: Gastrodon
|-sethp|p2a: Gastrodon|73/100|[from] move: Pain Split|[silent]
|-sethp|p1a: The Vortex|100/100|[from] move: Pain Split
|
|upkeep
|turn|3
|j| HaxxIsPain
|
|t:|1664500031
|switch|p1a: Ben & Jerry|Vanilluxe, F, shiny|100/100
|-weather|Hail|[from] ability: Snow Warning|[of] p1a: Ben & Jerry
|move|p2a: Gastrodon|Toxic|p1a: Ben & Jerry
|-status|p1a: Ben & Jerry|tox
|
|-weather|Hail|[upkeep]
|-damage|p2a: Gastrodon|67/100|[from] Hail
|-damage|p1a: Ben & Jerry|94/100 tox|[from] psn
|upkeep
|turn|4
|
|t:|1664500035
|switch|p2a: Heatran|Heatran, F|100/100
|move|p1a: Ben & Jerry|Water Pulse|p2a: Heatran
|-supereffective|p2a: Heatran
|-damage|p2a: Heatran|56/100
|
|-weather|Hail|[upkeep]
|-damage|p2a: Heatran|50/100|[from] Hail
|-heal|p2a: Heatran|56/100|[from] item: Leftovers
|-damage|p1a: Ben & Jerry|82/100 tox|[from] psn
|upkeep
|turn|5
|
|t:|1664500041
|switch|p1a: The Vortex|Rotom-Wash|100/100
|move|p2a: Heatran|Toxic|p1a: The Vortex
|-status|p1a: The Vortex|tox
|
|-weather|Hail|[upkeep]
|-damage|p1a: The Vortex|94/100 tox|[from] Hail
|-damage|p2a: Heatran|50/100|[from] Hail
|-heal|p2a: Heatran|56/100|[from] item: Leftovers
|-damage|p1a: The Vortex|88/100 tox|[from] psn
|-fieldend|move: Electric Terrain
|upkeep
|turn|6
|
|t:|1664500047
|switch|p2a: Gastrodon|Gastrodon-East, M|67/100
|switch|p1a: LandOUrus-T|Landorus-Therian, M|100/100
|-ability|p1a: LandOUrus-T|Intimidate|boost
|-unboost|p2a: Gastrodon|atk|1
|
|-weather|Hail|[upkeep]
|-damage|p1a: LandOUrus-T|94/100|[from] Hail
|-damage|p2a: Gastrodon|61/100|[from] Hail
|-heal|p1a: LandOUrus-T|100/100|[from] item: Leftovers
|upkeep
|turn|7
|
|t:|1664500050
|switch|p2a: Tornadus|Tornadus-Therian, M|100/100
|move|p1a: LandOUrus-T|Stealth Rock|p2a: Tornadus
|-sidestart|p2: Tsquared2|move: Stealth Rock
|
|-weather|none
|upkeep
|turn|8
|
|t:|1664500054
|move|p2a: Tornadus|Knock Off|p1a: LandOUrus-T
|-damage|p1a: LandOUrus-T|81/100
|-enditem|p1a: LandOUrus-T|Leftovers|[from] move: Knock Off|[of] p2a: Tornadus
|move|p1a: LandOUrus-T|U-turn|p2a: Tornadus
|-resisted|p2a: Tornadus
|-damage|p2a: Tornadus|89/100
|
|t:|1664500057
|switch|p1a: Ben & Jerry|Vanilluxe, F, shiny|82/100 tox|[from]move: U-turn
|-weather|Hail|[from] ability: Snow Warning|[of] p1a: Ben & Jerry
|
|-weather|Hail|[upkeep]
|-damage|p2a: Tornadus|83/100|[from] Hail
|-damage|p1a: Ben & Jerry|76/100 tox|[from] psn
|upkeep
|turn|9
|
|t:|1664500061
|move|p2a: Tornadus|U-turn|p1a: Ben & Jerry
|-damage|p1a: Ben & Jerry|56/100 tox
|
|t:|1664500063
|switch|p2a: Heatran|Heatran, F|56/100|[from]move: U-turn
|-damage|p2a: Heatran|43/100|[from] Stealth Rock
|move|p1a: Ben & Jerry|Blizzard|p2a: Heatran
|-resisted|p2a: Heatran
|-damage|p2a: Heatran|29/100
|
|-weather|Hail|[upkeep]
|-damage|p2a: Heatran|23/100|[from] Hail
|-heal|p2a: Heatran|29/100|[from] item: Leftovers
|-damage|p1a: Ben & Jerry|44/100 tox|[from] psn
|upkeep
|turn|10
|
|t:|1664500068
|switch|p1a: The Vortex|Rotom-Wash|88/100 tox
|move|p2a: Heatran|Magma Storm|p1a: The Vortex
|-resisted|p1a: The Vortex
|-damage|p1a: The Vortex|71/100 tox
|-activate|p1a: The Vortex|move: Magma Storm|[of] p2a: Heatran
|
|-weather|Hail|[upkeep]
|-damage|p2a: Heatran|23/100|[from] Hail
|-damage|p1a: The Vortex|65/100 tox|[from] Hail
|-heal|p2a: Heatran|29/100|[from] item: Leftovers
|-damage|p1a: The Vortex|59/100 tox|[from] psn
|-damage|p1a: The Vortex|46/100 tox|[from] move: Magma Storm|[partiallytrapped]
|upkeep
|turn|11
|
|t:|1664500073
|move|p2a: Heatran|Taunt|p1a: The Vortex
|-start|p1a: The Vortex|move: Taunt
|move|p1a: The Vortex|Volt Switch|p2a: Heatran
|-damage|p2a: Heatran|11/100
|
|t:|1664500079
|switch|p1a: Tapu 3HKO|Tapu Koko|100/100|[from]move: Volt Switch
|-fieldstart|move: Electric Terrain|[from] ability: Electric Surge|[of] p1a: Tapu 3HKO
|
|-weather|Hail|[upkeep]
|-damage|p1a: Tapu 3HKO|94/100|[from] Hail
|-damage|p2a: Heatran|5/100|[from] Hail
|-heal|p2a: Heatran|11/100|[from] item: Leftovers
|upkeep
|turn|12
|
|t:|1664500083
|switch|p2a: Gastrodon|Gastrodon-East, M|61/100
|move|p1a: Tapu 3HKO|Thunderbolt|p2a: Gastrodon
|-immune|p2a: Gastrodon
|
|-weather|none
|upkeep
|turn|13
|
|t:|1664500085
|move|p1a: Tapu 3HKO|U-turn|p2a: Gastrodon
|-damage|p2a: Gastrodon|43/100
|
|t:|1664500088
|switch|p1a: Ben & Jerry|Vanilluxe, F, shiny|44/100 tox|[from]move: U-turn
|-weather|Hail|[from] ability: Snow Warning|[of] p1a: Ben & Jerry
|move|p2a: Gastrodon|Recover|p2a: Gastrodon
|-heal|p2a: Gastrodon|93/100
|
|-weather|Hail|[upkeep]
|-damage|p2a: Gastrodon|87/100|[from] Hail
|-damage|p1a: Ben & Jerry|38/100 tox|[from] psn
|upkeep
|turn|14
|
|t:|1664500092
|switch|p2a: Melmetal|Melmetal|100/100
|-damage|p2a: Melmetal|94/100|[from] Stealth Rock
|move|p1a: Ben & Jerry|Blizzard|p2a: Melmetal
|-resisted|p2a: Melmetal
|-crit|p2a: Melmetal
|-damage|p2a: Melmetal|41/100
|
|-weather|Hail|[upkeep]
|-damage|p2a: Melmetal|34/100|[from] Hail
|-heal|p2a: Melmetal|41/100|[from] item: Leftovers
|-damage|p1a: Ben & Jerry|25/100 tox|[from] psn
|upkeep
|turn|15
|
|t:|1664500100
|move|p1a: Ben & Jerry|Blizzard|p2a: Melmetal
|-resisted|p2a: Melmetal
|-damage|p2a: Melmetal|4/100
|move|p2a: Melmetal|Double Iron Bash|p1a: Ben & Jerry
|-supereffective|p1a: Ben & Jerry
|-damage|p1a: Ben & Jerry|0 fnt
|faint|p1a: Ben & Jerry
|-hitcount|p1: Ben & Jerry|1
|
|-weather|Hail|[upkeep]
|-damage|p2a: Melmetal|0 fnt|[from] Hail
|faint|p2a: Melmetal
|-fieldend|move: Electric Terrain
|upkeep
|
|t:|1664500109
|switch|p1a: Tapu 3HKO|Tapu Koko|94/100
|switch|p2a: Rillaboom|Rillaboom, M|100/100
|-fieldstart|move: Electric Terrain|[from] ability: Electric Surge|[of] p1a: Tapu 3HKO
|-damage|p2a: Rillaboom|88/100|[from] Stealth Rock
|-fieldstart|move: Grassy Terrain|[from] ability: Grassy Surge|[of] p2a: Rillaboom
|turn|16
|
|t:|1664500112
|switch|p1a: NachoThighJuice|Buzzwole|100/100
|switch|p2a: Gastrodon|Gastrodon-East, M|87/100
|
|-weather|Hail|[upkeep]
|-damage|p1a: NachoThighJuice|94/100|[from] Hail
|-damage|p2a: Gastrodon|81/100|[from] Hail
|-heal|p1a: NachoThighJuice|100/100|[from] Grassy Terrain
|-heal|p2a: Gastrodon|87/100|[from] Grassy Terrain
|upkeep
|turn|17
|
|t:|1664500116
|move|p1a: NachoThighJuice|Close Combat|p2a: Gastrodon
|-damage|p2a: Gastrodon|12/100
|-unboost|p1a: NachoThighJuice|def|1
|-unboost|p1a: NachoThighJuice|spd|1
|move|p2a: Gastrodon|Scald|p1a: NachoThighJuice
|-damage|p1a: NachoThighJuice|39/100
|-status|p1a: NachoThighJuice|brn
|
|-weather|none
|-heal|p1a: NachoThighJuice|45/100 brn|[from] Grassy Terrain
|-heal|p2a: Gastrodon|18/100|[from] Grassy Terrain
|-damage|p1a: NachoThighJuice|39/100 brn|[from] brn
|upkeep
|turn|18
|
|t:|1664500122
|switch|p2a: Clefable|Clefable, M|100/100
|move|p1a: NachoThighJuice|Close Combat|p2a: Clefable
|-resisted|p2a: Clefable
|-damage|p2a: Clefable|87/100
|-unboost|p1a: NachoThighJuice|def|1
|-unboost|p1a: NachoThighJuice|spd|1
|
|-heal|p1a: NachoThighJuice|45/100 brn|[from] Grassy Terrain
|-heal|p2a: Clefable|93/100|[from] Grassy Terrain
|-damage|p1a: NachoThighJuice|39/100 brn|[from] brn
|upkeep
|turn|19
|
|t:|1664500124
|switch|p1a: $wagnezone|Magnezone|100/100
|move|p2a: Clefable|Stealth Rock|p1a: $wagnezone
|-sidestart|p1: Down$hift|move: Stealth Rock
|
|-heal|p2a: Clefable|99/100|[from] Grassy Terrain
|upkeep
|turn|20
|
|t:|1664500129
|switch|p2a: Tornadus|Tornadus-Therian, M|100/100
|move|p1a: $wagnezone|Flash Cannon|p2a: Tornadus
|-damage|p2a: Tornadus|30/100
|
|-fieldend|move: Grassy Terrain
|upkeep
|turn|21
|
|t:|1664500132
|move|p2a: Tornadus|Defog|p1a: $wagnezone
|-unboost|p1a: $wagnezone|evasion|1
|-sideend|p1: Down$hift|Stealth Rock|[from] move: Defog|[of] p2a: Tornadus
|-sideend|p2: Tsquared2|Stealth Rock|[from] move: Defog|[of] p2a: Tornadus
|move|p1a: $wagnezone|Flash Cannon|p2a: Tornadus
|-damage|p2a: Tornadus|0 fnt
|faint|p2a: Tornadus
|
|upkeep
|
|t:|1664500134
|switch|p2a: Heatran|Heatran, F|11/100
|turn|22
|
|t:|1664500143
|switch|p1a: The Vortex|Rotom-Wash|46/100 tox
|move|p2a: Heatran|Magma Storm|p1a: The Vortex
|-resisted|p1a: The Vortex
|-damage|p1a: The Vortex|30/100 tox
|-activate|p1a: The Vortex|move: Magma Storm|[of] p2a: Heatran
|
|-heal|p2a: Heatran|18/100|[from] item: Leftovers
|-damage|p1a: The Vortex|24/100 tox|[from] psn
|-damage|p1a: The Vortex|11/100 tox|[from] move: Magma Storm|[partiallytrapped]
|upkeep
|turn|23
|
|t:|1664500145
|switch|p2a: Gastrodon|Gastrodon-East, M|18/100
|move|p1a: The Vortex|Volt Switch|p2a: Gastrodon
|-immune|p2a: Gastrodon
|
|-damage|p1a: The Vortex|0 fnt|[from] psn
|faint|p1a: The Vortex
|upkeep
|inactive|Down$hift has 120 seconds left.
|
|t:|1664500181
|switch|p1a: Tapu 3HKO|Tapu Koko|94/100
|-fieldstart|move: Electric Terrain|[from] ability: Electric Surge|[of] p1a: Tapu 3HKO
|turn|24
|
|t:|1664500184
|move|p1a: Tapu 3HKO|Dazzling Gleam|p2a: Gastrodon
|-damage|p2a: Gastrodon|0 fnt
|faint|p2a: Gastrodon
|
|upkeep
|
|t:|1664500186
|switch|p2a: Rillaboom|Rillaboom, M|88/100
|-fieldstart|move: Grassy Terrain|[from] ability: Grassy Surge|[of] p2a: Rillaboom
|turn|25
|
|t:|1664500190
|switch|p1a: NachoThighJuice|Buzzwole|39/100 brn
|move|p2a: Rillaboom|Swords Dance|p2a: Rillaboom
|-boost|p2a: Rillaboom|atk|2
|
|-heal|p1a: NachoThighJuice|45/100 brn|[from] Grassy Terrain
|-heal|p2a: Rillaboom|94/100|[from] Grassy Terrain
|-heal|p2a: Rillaboom|100/100|[from] item: Leftovers
|-damage|p1a: NachoThighJuice|39/100 brn|[from] brn
|upkeep
|turn|26
|j| bccahy
|
|t:|1664500195
|move|p2a: Rillaboom|Grassy Glide|p1a: NachoThighJuice
|-resisted|p1a: NachoThighJuice
|-damage|p1a: NachoThighJuice|3/100 brn
|move|p1a: NachoThighJuice|Close Combat|p2a: Rillaboom
|-damage|p2a: Rillaboom|73/100
|-unboost|p1a: NachoThighJuice|def|1
|-unboost|p1a: NachoThighJuice|spd|1
|
|-heal|p1a: NachoThighJuice|10/100 brn|[from] Grassy Terrain
|-heal|p2a: Rillaboom|79/100|[from] Grassy Terrain
|-heal|p2a: Rillaboom|85/100|[from] item: Leftovers
|-damage|p1a: NachoThighJuice|3/100 brn|[from] brn
|upkeep
|turn|27
|
|t:|1664500200
|move|p2a: Rillaboom|Grassy Glide|p1a: NachoThighJuice
|-resisted|p1a: NachoThighJuice
|-damage|p1a: NachoThighJuice|0 fnt
|faint|p1a: NachoThighJuice
|
|-heal|p2a: Rillaboom|91/100|[from] Grassy Terrain
|-heal|p2a: Rillaboom|98/100|[from] item: Leftovers
|upkeep
|j| kraider4
|
|t:|1664500202
|switch|p1a: Tapu 3HKO|Tapu Koko|94/100
|-fieldstart|move: Electric Terrain|[from] ability: Electric Surge|[of] p1a: Tapu 3HKO
|turn|28
|
|t:|1664500205
|move|p1a: Tapu 3HKO|U-turn|p2a: Rillaboom
|-supereffective|p2a: Rillaboom
|-damage|p2a: Rillaboom|65/100
|
|t:|1664500207
|switch|p1a: LandOUrus-T|Landorus-Therian, M|81/100|[from]move: U-turn
|-ability|p1a: LandOUrus-T|Intimidate|boost
|-unboost|p2a: Rillaboom|atk|1
|move|p2a: Rillaboom|Drain Punch|p1a: LandOUrus-T
|-resisted|p1a: LandOUrus-T
|-damage|p1a: LandOUrus-T|61/100
|-heal|p2a: Rillaboom|74/100|[from] drain|[of] p1a: LandOUrus-T
|
|-heal|p2a: Rillaboom|80/100|[from] item: Leftovers
|upkeep
|turn|29
|
|t:|1664500218
|move|p1a: LandOUrus-T|U-turn|p2a: Rillaboom
|-supereffective|p2a: Rillaboom
|-damage|p2a: Rillaboom|41/100
|
|t:|1664500220
|switch|p1a: $wagnezone|Magnezone|100/100|[from]move: U-turn
|move|p2a: Rillaboom|Grassy Glide|p1a: $wagnezone
|-resisted|p1a: $wagnezone
|-damage|p1a: $wagnezone|68/100
|
|-heal|p2a: Rillaboom|47/100|[from] item: Leftovers
|upkeep
|turn|30
|
|t:|1664500225
|switch|p1a: LandOUrus-T|Landorus-Therian, M|61/100
|-ability|p1a: LandOUrus-T|Intimidate|boost
|-unboost|p2a: Rillaboom|atk|1
|move|p2a: Rillaboom|Drain Punch|p1a: LandOUrus-T
|-resisted|p1a: LandOUrus-T
|-damage|p1a: LandOUrus-T|48/100
|-heal|p2a: Rillaboom|53/100|[from] drain|[of] p1a: LandOUrus-T
|
|-heal|p2a: Rillaboom|60/100|[from] item: Leftovers
|upkeep
|turn|31
|
|t:|1664500230
|switch|p2a: Clefable|Clefable, M|99/100
|move|p1a: LandOUrus-T|Stealth Rock|p2a: Clefable
|-sidestart|p2: Tsquared2|move: Stealth Rock
|
|upkeep
|turn|32
|
|t:|1664500233
|move|p1a: LandOUrus-T|U-turn|p2a: Clefable
|-resisted|p2a: Clefable
|-damage|p2a: Clefable|90/100
|
|t:|1664500235
|switch|p1a: $wagnezone|Magnezone|68/100|[from]move: U-turn
|move|p2a: Clefable|Stealth Rock|p1a: $wagnezone
|-sidestart|p1: Down$hift|move: Stealth Rock
|
|-fieldend|move: Electric Terrain
|upkeep
|turn|33
|
|t:|1664500237
|switch|p2a: Heatran|Heatran, F|18/100
|-damage|p2a: Heatran|5/100|[from] Stealth Rock
|move|p1a: $wagnezone|Flash Cannon|p2a: Heatran
|-resisted|p2a: Heatran
|-damage|p2a: Heatran|0 fnt
|faint|p2a: Heatran
|
|upkeep
|
|t:|1664500239
|switch|p2a: Rillaboom|Rillaboom, M|60/100
|-damage|p2a: Rillaboom|47/100|[from] Stealth Rock
|-fieldstart|move: Grassy Terrain|[from] ability: Grassy Surge|[of] p2a: Rillaboom
|turn|34
|
|t:|1664500242
|move|p1a: $wagnezone|Flash Cannon|p2a: Rillaboom
|-damage|p2a: Rillaboom|0 fnt
|faint|p2a: Rillaboom
|
|-heal|p1a: $wagnezone|75/100|[from] Grassy Terrain
|upkeep
|-message|Tsquared2 forfeited.
|
|win|Down$hift
|raw|Down$hift's rating: 1678 &rarr; <strong>1699</strong><br />(+21 for winning)
|raw|Tsquared2's rating: 1687 &rarr; <strong>1666</strong><br />(-21 for losing)
|l|☆Tsquared2
|l|☆Down$hift
||Ladder isn't responding, score probably updated but might not have (Request timeout).
|l| HaxxIsPain
|l| bccahy
|j| bccahy
|l| bccahy
|j| bccahy
