|j|☆Bloody Busybody
|j|☆Charli91
|t:|1657891882
|gametype|singles
|player|p1|Bloody Busybody|bugcatcher|1696
|player|p2|Charli91|lucas|1655
|teamsize|p1|6
|teamsize|p2|6
|gen|8
|tier|[Gen 8] OU
|rated|
|rule|Sleep Clause Mod: Limit one foe put to sleep
|rule|Species Clause: Limit one of each Pokémon
|rule|OHKO Clause: OHKO moves are banned
|rule|Evasion Moves Clause: Evasion moves are banned
|rule|Endless Battle Clause: Forcing endless battles is banned
|rule|HP Percentage Mod: HP is shown in percentages
|rule|Dynamax Clause: You cannot dynamax
|clearpoke
|poke|p1|Volcanion|
|poke|p1|Corviknight, M|
|poke|p1|Mamoswine, M|
|poke|p1|Blissey, F|
|poke|p1|Rillaboom, M|
|poke|p1|Hydreigon, M|
|poke|p2|Rillaboom, F|
|poke|p2|Landorus-Therian, M|
|poke|p2|Blacephalon|
|poke|p2|Zapdos-Galar|
|poke|p2|Tapu Koko|
|poke|p2|Mew|
|teampreview
|inactive|Battle timer is ON: inactive players will automatically lose when time's up. (requested by Bloody Busybody)
|
|t:|1657891889
|start
|switch|p1a: Volcanion|Volcanion|100/100
|switch|p2a: Mew|Mew|100/100
|turn|1
|
|t:|1657891897
|move|p2a: Mew|Volt Switch|p1a: Volcanion
|-supereffective|p1a: Volcanion
|-damage|p1a: Volcanion|44/100
|
|t:|1657891911
|switch|p2a: Blacephalon|Blacephalon|100/100|[from]move: Volt Switch
|move|p1a: Volcanion|Steam Eruption|p2a: Blacephalon
|-supereffective|p2a: Blacephalon
|-damage|p2a: Blacephalon|0 fnt
|faint|p2a: Blacephalon
|
|upkeep
|
|t:|1657891920
|switch|p2a: Mew|Mew|100/100
|turn|2
|
|t:|1657891924
|move|p2a: Mew|Volt Switch|p1a: Volcanion
|-supereffective|p1a: Volcanion
|-damage|p1a: Volcanion|0 fnt
|faint|p1a: Volcanion
|
|t:|1657891949
|switch|p2a: Zapdos|Zapdos-Galar|100/100|[from]move: Volt Switch
|
|upkeep
|
|t:|1657891953
|switch|p1a: Mamoswine|Mamoswine, M|100/100
|turn|3
|
|t:|1657891963
|move|p2a: Zapdos|U-turn|p1a: Mamoswine
|-damage|p1a: Mamoswine|58/100
|
|t:|1657891966
|switch|p2a: Mew|Mew|100/100|[from]move: U-turn
|move|p1a: Mamoswine|Icicle Crash|p2a: Mew
|-damage|p2a: Mew|63/100
|
|upkeep
|turn|4
|
|t:|1657891975
|move|p1a: Mamoswine|High Horsepower|p2a: Mew
|-damage|p2a: Mew|19/100
|move|p2a: Mew|Energy Ball|p1a: Mamoswine
|-supereffective|p1a: Mamoswine
|-damage|p1a: Mamoswine|0 fnt
|faint|p1a: Mamoswine
|
|upkeep
|
|t:|1657891979
|switch|p1a: Hydreigon|Hydreigon, M|100/100
|turn|5
|
|t:|1657891984
|move|p1a: Hydreigon|Dark Pulse|p2a: Mew
|-supereffective|p2a: Mew
|-damage|p2a: Mew|0 fnt
|faint|p2a: Mew
|-damage|p1a: Hydreigon|91/100|[from] item: Life Orb
|
|upkeep
|
|t:|1657891988
|switch|p2a: Landorus|Landorus-Therian, M|100/100
|-ability|p2a: Landorus|Intimidate|boost
|-unboost|p1a: Hydreigon|atk|1
|turn|6
|
|t:|1657891993
|move|p1a: Hydreigon|Draco Meteor|p2a: Landorus
|-damage|p2a: Landorus|43/100
|-unboost|p1a: Hydreigon|spa|2
|-damage|p1a: Hydreigon|81/100|[from] item: Life Orb
|move|p2a: Landorus|U-turn|p1a: Hydreigon
|-supereffective|p1a: Hydreigon
|-damage|p1a: Hydreigon|14/100
|
|t:|1657892001
|switch|p2a: Tapu Koko|Tapu Koko|100/100|[from]move: U-turn
|-fieldstart|move: Electric Terrain|[from] ability: Electric Surge|[of] p2a: Tapu Koko
|
|upkeep
|turn|7
|
|t:|1657892004
|switch|p1a: Corviknight|Corviknight, M|100/100
|-ability|p1a: Corviknight|Pressure
|move|p2a: Tapu Koko|Volt Switch|p1a: Corviknight
|-supereffective|p1a: Corviknight
|-damage|p1a: Corviknight|0 fnt
|faint|p1a: Corviknight
|-message|Bloody Busybody forfeited.
|
|win|Charli91
|raw|Bloody Busybody's rating: 1696 &rarr; <strong>1674</strong><br />(-22 for losing)
|raw|Charli91's rating: 1655 &rarr; <strong>1677</strong><br />(+22 for winning)
|l|☆Bloody Busybody
