|j|☆x19990908
|j|‽brettfavreinnocent
|t:|1667714748
|gametype|singles
|player|p1|x19990908|265|1621
|player|p2|brettfavreinnocent|harlequin|1756
|teamsize|p1|6
|teamsize|p2|6
|gen|8
|tier|[Gen 8] OU
|rated|
|rule|Sleep Clause Mod: Limit one foe put to sleep
|rule|Species Clause: Limit one of each Pokémon
|rule|OHKO Clause: OHKO moves are banned
|rule|Evasion Items Clause: Evasion items are banned
|rule|Evasion Moves Clause: Evasion moves are banned
|rule|Endless Battle Clause: Forcing endless battles is banned
|rule|HP Percentage Mod: HP is shown in percentages
|rule|Dynamax Clause: You cannot dynamax
|clearpoke
|poke|p1|Slowbro, F|
|poke|p1|Landorus-Therian, M|
|poke|p1|Blissey, F|
|poke|p1|Dragapult, M|
|poke|p1|Zeraora|
|poke|p1|Nidoking, M|
|poke|p2|Pelipper, M|
|poke|p2|Buzzwole|
|poke|p2|Inteleon, M|
|poke|p2|Ferrothorn, F|
|poke|p2|Barraskewda, M|
|poke|p2|Seismitoad, F|
|teampreview
|inactive|Battle timer is ON: inactive players will automatically lose when time's up. (requested by brettfavreinnocent)
|inactive|brettfavreinnocent has 120 seconds left.
|
|t:|1667714783
|start
|switch|p1a: Zeraora|Zeraora|100/100
|switch|p2a: Pelipper|Pelipper, M|100/100
|-weather|RainDance|[from] ability: Drizzle|[of] p2a: Pelipper
|turn|1
|
|t:|1667714792
|move|p1a: Zeraora|Knock Off|p2a: Pelipper
|-damage|p2a: Pelipper|78/100
|-enditem|p2a: Pelipper|Damp Rock|[from] move: Knock Off|[of] p1a: Zeraora
|move|p2a: Pelipper|U-turn|p1a: Zeraora
|-damage|p1a: Zeraora|88/100
|
|t:|1667714795
|switch|p2a: Seismitoad|Seismitoad, F, shiny|100/100|[from]move: U-turn
|
|-weather|RainDance|[upkeep]
|upkeep
|turn|2
|
|t:|1667714804
|switch|p1a: Blissey|Blissey, F|100/100
|move|p2a: Seismitoad|Earth Power|p1a: Blissey
|-damage|p1a: Blissey|83/100
|-damage|p2a: Seismitoad|91/100|[from] item: Life Orb
|
|-weather|RainDance|[upkeep]
|upkeep
|turn|3
|
|t:|1667714814
|-singleturn|p2a: Seismitoad|move: Focus Punch
|move|p2a: Seismitoad|Focus Punch|p1a: Blissey
|-supereffective|p1a: Blissey
|-damage|p1a: Blissey|5/100
|-damage|p2a: Seismitoad|81/100|[from] item: Life Orb
|move|p1a: Blissey|Teleport|p1a: Blissey
|
|t:|1667714818
|switch|p1a: Dragapult|Dragapult, M|100/100|[from]move: Teleport
|
|-weather|RainDance|[upkeep]
|upkeep
|turn|4
|
|t:|1667714821
|switch|p2a: Ferrothorn|Ferrothorn, F|100/100
|move|p1a: Dragapult|Shadow Ball|p2a: Ferrothorn
|-damage|p2a: Ferrothorn|65/100
|
|-weather|RainDance|[upkeep]
|-heal|p2a: Ferrothorn|71/100|[from] item: Leftovers
|upkeep
|turn|5
|
|t:|1667714828
|move|p1a: Dragapult|Shadow Ball|p2a: Ferrothorn
|-damage|p2a: Ferrothorn|35/100
|move|p2a: Ferrothorn|Stealth Rock|p1a: Dragapult
|-sidestart|p1: x19990908|move: Stealth Rock
|
|-weather|RainDance|[upkeep]
|-heal|p2a: Ferrothorn|41/100|[from] item: Leftovers
|upkeep
|turn|6
|
|t:|1667714833
|move|p1a: Dragapult|Shadow Ball|p2a: Ferrothorn
|-damage|p2a: Ferrothorn|8/100
|move|p2a: Ferrothorn|Knock Off|p1a: Dragapult
|-supereffective|p1a: Dragapult
|-damage|p1a: Dragapult|40/100
|-enditem|p1a: Dragapult|Choice Specs|[from] move: Knock Off|[of] p2a: Ferrothorn
|
|-weather|RainDance|[upkeep]
|-heal|p2a: Ferrothorn|14/100|[from] item: Leftovers
|upkeep
|turn|7
|
|t:|1667714837
|move|p1a: Dragapult|Shadow Ball|p2a: Ferrothorn
|-damage|p2a: Ferrothorn|0 fnt
|faint|p2a: Ferrothorn
|
|-weather|RainDance|[upkeep]
|upkeep
|
|t:|1667714839
|switch|p2a: Seismitoad|Seismitoad, F, shiny|81/100
|turn|8
|
|t:|1667714846
|switch|p1a: Blissey|Blissey, F|5/100
|move|p2a: Seismitoad|Weather Ball|p1a: Blissey
|-damage|p1a: Blissey|0 fnt
|faint|p1a: Blissey
|-damage|p2a: Seismitoad|71/100|[from] item: Life Orb
|
|-weather|none
|upkeep
|
|t:|1667714851
|switch|p1a: Zeraora|Zeraora|88/100
|turn|9
|
|t:|1667714856
|move|p1a: Zeraora|Plasma Fists|p2a: Seismitoad
|-immune|p2a: Seismitoad
|move|p2a: Seismitoad|Earth Power|p1a: Zeraora
|-supereffective|p1a: Zeraora
|-damage|p1a: Zeraora|0 fnt
|faint|p1a: Zeraora
|-damage|p2a: Seismitoad|61/100|[from] item: Life Orb
|
|upkeep
|
|t:|1667714864
|switch|p1a: Landorus|Landorus-Therian, M|100/100
|-damage|p1a: Landorus|88/100|[from] Stealth Rock
|-ability|p1a: Landorus|Intimidate|boost
|-unboost|p2a: Seismitoad|atk|1
|turn|10
|
|t:|1667714868
|switch|p2a: Pelipper|Pelipper, M|78/100
|-weather|RainDance|[from] ability: Drizzle|[of] p2a: Pelipper
|move|p1a: Landorus|U-turn|p2a: Pelipper
|-resisted|p2a: Pelipper
|-damage|p2a: Pelipper|69/100
|
|t:|1667714875
|switch|p1a: Dragapult|Dragapult, M|40/100|[from]move: U-turn
|-damage|p1a: Dragapult|28/100|[from] Stealth Rock
|
|-weather|RainDance|[upkeep]
|upkeep
|turn|11
|
|t:|1667714886
|switch|p2a: Buzzwole|Buzzwole, shiny|100/100
|move|p1a: Dragapult|Draco Meteor|p2a: Buzzwole
|-damage|p2a: Buzzwole|0 fnt
|-unboost|p1a: Dragapult|spa|2
|faint|p2a: Buzzwole
|
|-weather|RainDance|[upkeep]
|upkeep
|
|t:|1667714889
|switch|p2a: Seismitoad|Seismitoad, F, shiny|61/100
|turn|12
|
|t:|1667714895
|move|p2a: Seismitoad|Weather Ball|p1a: Dragapult
|-resisted|p1a: Dragapult
|-damage|p1a: Dragapult|0 fnt
|faint|p1a: Dragapult
|-damage|p2a: Seismitoad|51/100|[from] item: Life Orb
|
|-weather|RainDance|[upkeep]
|upkeep
|
|t:|1667714897
|switch|p1a: Slowbro|Slowbro, F|100/100
|turn|13
|
|t:|1667714901
|move|p2a: Seismitoad|Earth Power|p1a: Slowbro
|-damage|p1a: Slowbro|50/100
|-damage|p2a: Seismitoad|41/100|[from] item: Life Orb
|move|p1a: Slowbro|Future Sight|p2a: Seismitoad
|-start|p1a: Slowbro|move: Future Sight
|
|-weather|RainDance|[upkeep]
|upkeep
|turn|14
|j| catdreams105
|
|t:|1667714916
|switch|p1a: Landorus|Landorus-Therian, M|88/100
|-damage|p1a: Landorus|76/100|[from] Stealth Rock
|-ability|p1a: Landorus|Intimidate|boost
|-unboost|p2a: Seismitoad|atk|1
|move|p2a: Seismitoad|Weather Ball|p1a: Landorus
|-supereffective|p1a: Landorus
|-damage|p1a: Landorus|0 fnt
|faint|p1a: Landorus
|-damage|p2a: Seismitoad|31/100|[from] item: Life Orb
|
|-weather|none
|upkeep
|
|t:|1667714928
|switch|p1a: Nidoking|Nidoking, M|100/100
|-damage|p1a: Nidoking|95/100|[from] Stealth Rock
|turn|15
|
|t:|1667714938
|switch|p2a: Pelipper|Pelipper, M|69/100
|-weather|RainDance|[from] ability: Drizzle|[of] p2a: Pelipper
|move|p1a: Nidoking|Ice Beam|p2a: Pelipper
|-damage|p2a: Pelipper|9/100
|
|-weather|RainDance|[upkeep]
|-end|p2a: Pelipper|move: Future Sight
|-crit|p2a: Pelipper
|-damage|p2a: Pelipper|0 fnt
|faint|p2a: Pelipper
|upkeep
|
|t:|1667714941
|switch|p2a: Seismitoad|Seismitoad, F, shiny|31/100
|turn|16
|
|t:|1667714951
|move|p2a: Seismitoad|Earth Power|p1a: Nidoking
|-supereffective|p1a: Nidoking
|-damage|p1a: Nidoking|0 fnt
|faint|p1a: Nidoking
|-damage|p2a: Seismitoad|21/100|[from] item: Life Orb
|
|-weather|RainDance|[upkeep]
|upkeep
|
|t:|1667714953
|switch|p1a: Slowbro|Slowbro, F|83/100
|turn|17
|
|t:|1667714955
|move|p2a: Seismitoad|Earth Power|p1a: Slowbro
|-damage|p1a: Slowbro|32/100
|-damage|p2a: Seismitoad|11/100|[from] item: Life Orb
|move|p1a: Slowbro|Slack Off|p1a: Slowbro
|-heal|p1a: Slowbro|82/100
|
|-weather|RainDance|[upkeep]
|upkeep
|turn|18
|
|t:|1667714962
|move|p2a: Seismitoad|Power Whip|p1a: Slowbro
|-supereffective|p1a: Slowbro
|-damage|p1a: Slowbro|43/100
|-damage|p2a: Seismitoad|1/100|[from] item: Life Orb
|move|p1a: Slowbro|Slack Off|p1a: Slowbro
|-heal|p1a: Slowbro|93/100
|
|-weather|RainDance|[upkeep]
|upkeep
|turn|19
|
|t:|1667714976
|move|p2a: Seismitoad|Earth Power|p1a: Slowbro
|-damage|p1a: Slowbro|41/100
|-damage|p2a: Seismitoad|0 fnt|[from] item: Life Orb
|faint|p2a: Seismitoad
|move|p1a: Slowbro|Slack Off|p1a: Slowbro
|-heal|p1a: Slowbro|91/100
|
|-weather|none
|upkeep
|
|t:|1667714978
|switch|p2a: Inteleon|Inteleon, M|100/100
|turn|20
|
|t:|1667714988
|move|p2a: Inteleon|Focus Energy|p2a: Inteleon
|-start|p2a: Inteleon|move: Focus Energy
|move|p1a: Slowbro|Future Sight|p2a: Inteleon
|-start|p1a: Slowbro|move: Future Sight
|
|upkeep
|turn|21
|
|t:|1667714996
|move|p2a: Inteleon|Hyper Beam|p1a: Slowbro
|-crit|p1a: Slowbro
|-damage|p1a: Slowbro|0 fnt
|-mustrecharge|p2a: Inteleon
|faint|p1a: Slowbro
|
|win|brettfavreinnocent
|raw|x19990908's rating: 1621 &rarr; <strong>1608</strong><br />(-13 for losing)
|raw|brettfavreinnocent's rating: 1756 &rarr; <strong>1769</strong><br />(+13 for winning)
|l|☆x19990908
