|j|☆ThedebatableReaper
|j|☆Alice l'ecrevisse
|t:|1605312481
|player|p1|ThedebatableReaper|steven|1935
|player|p2|Alice l'ecrevisse|roxie|1775
|teamsize|p1|6
|teamsize|p2|6
|gametype|singles
|gen|8
|tier|[Gen 8] OU
|rated|
|clearpoke
|poke|p1|Latios, M|
|poke|p1|Urshifu-*, M|
|poke|p1|Heatran, M|
|poke|p1|Tapu Fini|
|poke|p1|Zapdos-Galar|
|poke|p1|Nidoking, M|
|poke|p2|Tapu Fini|
|poke|p2|Heatran, M|
|poke|p2|Mandibuzz, F|
|poke|p2|Pheromosa|
|poke|p2|Regieleki|
|poke|p2|Kyurem-Black|
|rule|Sleep Clause Mod: Limit one foe put to sleep
|rule|Species Clause: Limit one of each Pokémon
|rule|OHKO Clause: OHKO moves are banned
|rule|Evasion Moves Clause: Evasion moves are banned
|rule|Endless Battle Clause: Forcing endless battles is banned
|rule|HP Percentage Mod: HP is shown in percentages
|rule|Dynamax Clause: You cannot dynamax
|teampreview
|j| znpp
|j| Danuine
|j| yiyue
|j| Fart Stinky
|j| METARKA
|j| Irinacio
|
|t:|1605312511
|start
|switch|p1a: Zapdos|Zapdos-Galar|100/100
|switch|p2a: Regieleki|Regieleki|100/100
|turn|1
|c| Danuine|press f for metarka commentary
|c| METARKA|And here we are again my guys
|c| Danuine|f
|c| Fart Stinky|We have METARKA the pro commentator
|c| Fart Stinky|f
|c| METARKA|is regieleki dual screen setter ?
|
|t:|1605312527
|move|p2a: Regieleki|Thunderbolt|p1a: Zapdos
|-supereffective|p1a: Zapdos
|-damage|p1a: Zapdos|0 fnt
|faint|p1a: Zapdos
|
|upkeep
|c| METARKA|or boots
|
|t:|1605312531
|switch|p1a: Nidoking|Nidoking, M|100/100
|turn|2
|c| Irinacio|K
|c| METARKA|and it's probably a boot set
|c| Fart Stinky|Wow an OHKO!
|c| METARKA|amazing read from alice
|c| Irinacio|Imagine doesn't have coverage
|c| METARKA|who made his opponent think of a screen setter
|c| Danuine|he's going to click sub
|c|☆ThedebatableReaper|ngl that what i thought lol
|
|t:|1605312577
|switch|p2a: Heatran|Heatran, M|100/100
|move|p1a: Nidoking|Sludge Wave|p2a: Heatran
|-immune|p2a: Heatran
|
|upkeep
|turn|3
|c| METARKA|hahaha
|c| METARKA|oh amazing read again from alice
|
|t:|1605312586
|switch|p1a: Latios|Latios, M|100/100
|switch|p2a: Mandibuzz|Mandibuzz, F|100/100
|
|upkeep
|turn|4
|c| Fart Stinky|METARKA was the zapdos important in this battle?
|c| METARKA|does he have 200iq ?
|
|t:|1605312595
|switch|p1a: Tapu Fini|Tapu Fini, shiny|100/100
|-fieldstart|move: Misty Terrain|[from] ability: Misty Surge|[of] p1a: Tapu Fini
|move|p2a: Mandibuzz|Foul Play|p1a: Tapu Fini
|-resisted|p1a: Tapu Fini
|-damage|p1a: Tapu Fini|94/100
|
|-heal|p1a: Tapu Fini|100/100|[from] item: Leftovers
|upkeep
|turn|5
|c| Danuine|i would have double sludge waved
|j| MoonHigh
|c| METARKA|zapdos wasn't that importan
|
|t:|1605312608
|move|p1a: Tapu Fini|Calm Mind|p1a: Tapu Fini
|-boost|p1a: Tapu Fini|spa|1
|-boost|p1a: Tapu Fini|spd|1
|move|p2a: Mandibuzz|U-turn|p1a: Tapu Fini
|-resisted|p1a: Tapu Fini
|-damage|p1a: Tapu Fini|96/100
|c| METARKA|couldnt break through alot of mons
|j| CrazysConstruction
|
|t:|1605312613
|switch|p2a: Regieleki|Regieleki|100/100|[from]move: U-turn
|
|-heal|p1a: Tapu Fini|100/100|[from] item: Leftovers
|upkeep
|turn|6
|
|t:|1605312618
|switch|p1a: Nidoking|Nidoking, M|100/100
|move|p2a: Regieleki|Thunderbolt|p1a: Nidoking
|-immune|p1a: Nidoking
|
|upkeep
|turn|7
|l| CrazysConstruction
|c| Danuine|unless it was scarf
|c| Irinacio|Lol,yeah it wasn't important but could kill Kyub
|
|t:|1605312629
|switch|p2a: Mandibuzz|Mandibuzz, F|100/100
|move|p1a: Nidoking|Sludge Wave|p2a: Mandibuzz
|-damage|p2a: Mandibuzz|45/100
|
|upkeep
|turn|8
|c| METARKA|and both players are playing safely right now
|c| Danuine|then it was good for kyurem and tran
|j| RakMo
|j| OUTIT
|j| kiawe lol
|c| Fart Stinky|WOW that nidoking dodged that!
|
|t:|1605312641
|move|p1a: Nidoking|Sludge Wave|p2a: Mandibuzz
|-damage|p2a: Mandibuzz|0 fnt
|faint|p2a: Mandibuzz
|
|-fieldend|Misty Terrain
|upkeep
|c| kiawe lol|hi
|
|t:|1605312643
|switch|p2a: Kyurem|Kyurem-Black|100/100
|-ability|p2a: Kyurem|Teravolt
|turn|9
|c| METARKA|and wow
|l| MoonHigh
|
|t:|1605312650
|switch|p1a: Tapu Fini|Tapu Fini, shiny|100/100
|-fieldstart|move: Misty Terrain|[from] ability: Misty Surge|[of] p1a: Tapu Fini
|move|p2a: Kyurem|Icicle Spear|p1a: Tapu Fini
|-resisted|p1a: Tapu Fini
|-damage|p1a: Tapu Fini|95/100
|-resisted|p1a: Tapu Fini
|-damage|p1a: Tapu Fini|89/100
|-resisted|p1a: Tapu Fini
|-damage|p1a: Tapu Fini|83/100
|-hitcount|p1a: Tapu Fini|3
|
|-heal|p1a: Tapu Fini|89/100|[from] item: Leftovers
|upkeep
|turn|10
|c| METARKA|mandibuzz stayed against nidoking
|j| FalconCat122
|j| Fratboy
|c| Irinacio|With dodge you mean freaked up RNG
|c| FalconCat122|Oooh
|c| METARKA|he dedice to sac mandibuzz to switch in kyurem
|
|t:|1605312665
|move|p2a: Kyurem|Fusion Bolt|p1a: Tapu Fini
|-supereffective|p1a: Tapu Fini
|-damage|p1a: Tapu Fini|27/100
|move|p1a: Tapu Fini|Draining Kiss|p2a: Kyurem
|-supereffective|p2a: Kyurem
|-damage|p2a: Kyurem|67/100
|-heal|p1a: Tapu Fini|56/100|[from] drain|[of] p2a: Kyurem
|
|-heal|p1a: Tapu Fini|62/100|[from] item: Leftovers
|upkeep
|turn|11
|c| METARKA|but tapu fini comes in the fusion bolt
|c| kiawe lol|Not a good read for ThedebatableReaper
|c| METARKA|not caring at all
|
|t:|1605312680
|switch|p1a: Latios|Latios, M|100/100
|move|p2a: Kyurem|Dragon Dance|p2a: Kyurem
|-boost|p2a: Kyurem|atk|1
|-boost|p2a: Kyurem|spe|1
|
|upkeep
|turn|12
|c| Fratboy|I literally just beat this guy
|c| FalconCat122|Switch to heatran
|c| Irinacio|K
|c| kiawe lol|but a good read
|c| METARKA|is latios scarf let's see
|c| Danuine|inb4 https://play.pokemonshowdown.com/battle-gen8ou-1223205965
|
|t:|1605312693
|switch|p2a: Heatran|Heatran, M|100/100
|move|p1a: Latios|Draco Meteor|p2a: Heatran
|-resisted|p2a: Heatran
|-damage|p2a: Heatran|85/100
|-unboost|p1a: Latios|spa|2
|
|-heal|p2a: Heatran|92/100|[from] item: Leftovers
|upkeep
|turn|13
|c| kiawe lol|smart
|c| Danuine|oops didn;t mean to paste that
|c| METARKA|Alice is making such good reads lately
|
|t:|1605312708
|switch|p1a: Tapu Fini|Tapu Fini, shiny|62/100
|move|p2a: Heatran|Earth Power|p1a: Tapu Fini
|-damage|p1a: Tapu Fini|40/100
|
|-heal|p1a: Tapu Fini|46/100|[from] item: Leftovers
|-heal|p2a: Heatran|98/100|[from] item: Leftovers
|-fieldend|Misty Terrain
|upkeep
|turn|14
|c| Danuine|meant to say inb4 scarf draco
|c| METARKA|might makes him win
|
|t:|1605312723
|move|p1a: Tapu Fini|Surf|p2a: Heatran
|-supereffective|p2a: Heatran
|-damage|p2a: Heatran|60/100
|move|p2a: Heatran|Taunt|p1a: Tapu Fini
|-start|p1a: Tapu Fini|move: Taunt
|
|-heal|p1a: Tapu Fini|52/100|[from] item: Leftovers
|-heal|p2a: Heatran|66/100|[from] item: Leftovers
|upkeep
|turn|15
|c| Fratboy|Shiny fini is dope
|
|t:|1605312732
|switch|p2a: Tapu Fini|Tapu Fini|100/100
|-fieldstart|move: Misty Terrain|[from] ability: Misty Surge|[of] p2a: Tapu Fini
|move|p1a: Tapu Fini|Surf|p2a: Tapu Fini
|-resisted|p2a: Tapu Fini
|-damage|p2a: Tapu Fini|89/100
|
|-heal|p1a: Tapu Fini|58/100|[from] item: Leftovers
|-heal|p2a: Tapu Fini|95/100|[from] item: Leftovers
|upkeep
|turn|16
|c| METARKA|indeed my guy
|j| CapaRuy
|c| Fart Stinky|the surf did very little damage!
|c| METARKA|if you run tapu fini not shiny youre missing out
|
|t:|1605312741
|switch|p1a: Nidoking|Nidoking, M|100/100
|move|p2a: Tapu Fini|Whirlpool|p1a: Nidoking
|-supereffective|p1a: Nidoking
|-damage|p1a: Nidoking|67/100
|-activate|p1a: Nidoking|move: Whirlpool|[of] p2a: Tapu Fini
|
|-heal|p2a: Tapu Fini|100/100|[from] item: Leftovers
|-damage|p1a: Nidoking|55/100|[from] move: Whirlpool|[partiallytrapped]
|upkeep
|turn|17
|c| Danuine|you guys remember z solar beam tran?
|c| kiawe lol|that is gonna bbe a problem
|c| METARKA|it's obviously a defensive tapu fini
|c| kiawe lol|yes
|c| METARKA|with cm taunt surf draining kiss
|l| RakMo
|c| METARKA|prob 106 def evs
|
|t:|1605312768
|switch|p2a: Regieleki|Regieleki|100/100
|move|p1a: Nidoking|Sludge Wave|p2a: Regieleki
|-damage|p2a: Regieleki|0 fnt
|faint|p2a: Regieleki
|
|-end|p1a: Nidoking|Whirlpool|[partiallytrapped]|[silent]
|upkeep
|c| Fratboy|If that was surf
|c| kiawe lol|nidoking is in big trounble
|c| Danuine|whirlpool is so underated as a move
|
|t:|1605312773
|switch|p2a: Pheromosa|Pheromosa|100/100
|turn|18
|c| METARKA|and wow
|c| METARKA|he sac his regieleki
|c| FalconCat122|Nido is two hit from whirlpool?
|
|t:|1605312784
|switch|p1a: Tapu Fini|Tapu Fini, shiny|58/100
|move|p2a: Pheromosa|Ice Beam|p1a: Tapu Fini
|-resisted|p1a: Tapu Fini
|-damage|p1a: Tapu Fini|39/100
|-damage|p2a: Pheromosa|91/100|[from] item: Life Orb
|
|-heal|p1a: Tapu Fini|45/100|[from] item: Leftovers
|upkeep
|turn|19
|c| METARKA|let's see what that will bring to him
|j| fmegegmeg
|c| Fart Stinky|WOW an ohko! Revenge on the regi for killing zapdos!
|c| kiawe lol|why can rhydon and rhyperior use surf
|
|t:|1605312793
|move|p2a: Pheromosa|Shock Wave|p1a: Tapu Fini
|-supereffective|p1a: Tapu Fini
|-damage|p1a: Tapu Fini|0 fnt
|-damage|p2a: Pheromosa|81/100|[from] item: Life Orb
|faint|p1a: Tapu Fini
|-ability|p2a: Pheromosa|Beast Boost|boost
|-boost|p2a: Pheromosa|spa|1
|
|-fieldend|Misty Terrain
|upkeep
|c| Danuine|wow, that was the first time i ever saw shockwave mosa
|c| Irinacio|Not really big surprise
|c| Fratboy|Yooooo
|c| kiawe lol|Dang pheromosa
|c| METARKA|amazing shock wave pheromosa
|c| kiawe lol|me too
|
|t:|1605312815
|switch|p1a: Latios|Latios, M|100/100
|turn|20
|c| METARKA|what a new strategy set
|c| Fratboy|I've used it but it was so weak
|c| kiawe lol|?
|c| Irinacio|New?
|c| Irinacio|K
|c| kiawe lol|why latias
|c| Danuine|scarf psychic
|
|t:|1605312828
|switch|p2a: Heatran|Heatran, M|66/100
|move|p1a: Latios|Surf|p2a: Heatran
|-supereffective|p2a: Heatran
|-damage|p2a: Heatran|7/100
|
|-heal|p2a: Heatran|13/100|[from] item: Leftovers
|upkeep
|turn|21
|c| Fratboy|But I guess with a special mosa it works
|
|t:|1605312836
|switch|p2a: Tapu Fini|Tapu Fini|100/100
|-fieldstart|move: Misty Terrain|[from] ability: Misty Surge|[of] p2a: Tapu Fini
|move|p1a: Latios|Surf|p2a: Tapu Fini
|-resisted|p2a: Tapu Fini
|-crit|p2a: Tapu Fini
|-damage|p2a: Tapu Fini|74/100
|
|-heal|p2a: Tapu Fini|80/100|[from] item: Leftovers
|upkeep
|turn|22
|c| Irinacio|This is strategy is a lot of things but new
|c| METARKA|againt tapu finis I guess
|c| Fart Stinky|Heatran just barely hanging on!
|c| kiawe lol|lucky not water absorb
|
|t:|1605312852
|switch|p1a: Nidoking|Nidoking, M|55/100
|move|p2a: Tapu Fini|Moonblast|p1a: Nidoking
|-resisted|p1a: Nidoking
|-crit|p1a: Nidoking
|-damage|p1a: Nidoking|22/100
|-unboost|p1a: Nidoking|spa|1
|
|-heal|p2a: Tapu Fini|86/100|[from] item: Leftovers
|upkeep
|turn|23
|c| Fratboy|Close game
|
|t:|1605312861
|switch|p2a: Heatran|Heatran, M|13/100
|move|p1a: Nidoking|Sludge Wave|p2a: Heatran
|-immune|p2a: Heatran
|
|-heal|p2a: Heatran|20/100|[from] item: Leftovers
|upkeep
|turn|24
|c| kiawe lol|yup the devil no
|c| METARKA|latios surf, i don't see why but ok !
|c| Irinacio|C r i t s
|c| Fart Stinky|the prediction!
|c| Irinacio|Because Heatran
|
|t:|1605312875
|move|p1a: Nidoking|Earth Power|p2a: Heatran
|-supereffective|p2a: Heatran
|-damage|p2a: Heatran|0 fnt
|faint|p2a: Heatran
|
|upkeep
|c| kiawe lol|nice
|c| METARKA|alice seems to be pretty good at anticipating
|
|t:|1605312884
|switch|p2a: Kyurem|Kyurem-Black|67/100
|-ability|p2a: Kyurem|Teravolt
|turn|25
|c| Irinacio|Latios surf is good
|
|t:|1605312893
|move|p1a: Nidoking|Sludge Wave|p2a: Kyurem
|-damage|p2a: Kyurem|19/100
|move|p2a: Kyurem|Earth Power|p1a: Nidoking
|-supereffective|p1a: Nidoking
|-crit|p1a: Nidoking
|-damage|p1a: Nidoking|0 fnt
|faint|p1a: Nidoking
|
|-fieldend|Misty Terrain
|upkeep
|c| METARKA|What coverage does surf brings
|c| kiawe lol|ThedebatableReaper
|c| kiawe lol|is in troublee
|c| Irinacio|Firer
|
|t:|1605312902
|switch|p1a: Latios|Latios, M|100/100
|turn|26
|c| Danuine|scarf psycic wins
|
|t:|1605312918
|move|p1a: Latios|Psychic|p2a: Kyurem
|-damage|p2a: Kyurem|0 fnt
|faint|p2a: Kyurem
|
|upkeep
|
|t:|1605312920
|switch|p2a: Tapu Fini|Tapu Fini|86/100
|-fieldstart|move: Misty Terrain|[from] ability: Misty Surge|[of] p2a: Tapu Fini
|turn|27
|
|t:|1605312926
|move|p1a: Latios|Psychic|p2a: Tapu Fini
|-damage|p2a: Tapu Fini|29/100
|move|p2a: Tapu Fini|Moonblast|p1a: Latios
|-supereffective|p1a: Latios
|-damage|p1a: Latios|36/100
|
|-heal|p2a: Tapu Fini|35/100|[from] item: Leftovers
|upkeep
|turn|28
|c| METARKA|you could run aura sphere for the same result if not better with more coverage but let's see
|c| kiawe lol|this is most chatty game i been to
|
|t:|1605312934
|move|p1a: Latios|Psychic|p2a: Tapu Fini
|-damage|p2a: Tapu Fini|0 fnt
|faint|p2a: Tapu Fini
|
|upkeep
|
|t:|1605312935
|switch|p2a: Pheromosa|Pheromosa|81/100
|turn|29
|c| METARKA|and oh it seems latios scarf indeed wins the game
|
|t:|1605312939
|move|p2a: Pheromosa|Ice Beam|p1a: Latios
|-supereffective|p1a: Latios
|-damage|p1a: Latios|0 fnt
|-damage|p2a: Pheromosa|71/100|[from] item: Life Orb
|faint|p1a: Latios
|-ability|p2a: Pheromosa|Beast Boost|boost
|-boost|p2a: Pheromosa|spa|1
|
|upkeep
|c| Irinacio|k
|c| METARKA|AND NOW
|c| Danuine|:o
|c| Fart Stinky|Whoa!
|
|t:|1605312947
|switch|p1a: Heatran|Heatran, M|100/100
|turn|30
|c| METARKA|ITS A SCARF PHEROMOSA
|c| kiawe lol|now the real trouble comes
|c| FalconCat122|Pheromosa triple axel is pretty good
|c| Danuine|focus miss
|c|☆ThedebatableReaper|no i bluffed lol
|c| kiawe lol|SCARF!
|c| METARKA|lmao
|c| Irinacio|It's life orb
|c| znpp|it was specs latios
|l| CapaRuy
|
|t:|1605312963
|move|p2a: Pheromosa|Focus Blast|p1a: Heatran
|-supereffective|p1a: Heatran
|-damage|p1a: Heatran|0 fnt
|-damage|p2a: Pheromosa|61/100|[from] item: Life Orb
|faint|p1a: Heatran
|-ability|p2a: Pheromosa|Beast Boost|boost
|-boost|p2a: Pheromosa|spa|1
|
|upkeep
|c| Irinacio|What you mean by scarf
|
|t:|1605312970
|switch|p1a: Urshifu|Urshifu, M|100/100
|turn|31
|c| METARKA|is focus miss gonna miss ?
|c| Danuine|does sucker do enough?
|c| Irinacio|IT'S RIGHT THERE BRO
|c| kiawe lol|This mosa is a beast
|c| METARKA|sucker kills
|c| Fratboy|Think sucker kills
|c| Irinacio|"LIFE ORB"
|c| znpp|sucker probably kills
|c| Danuine|gg
|c| Fart Stinky|AN epic intense battle
|c| Irinacio|Scarf pfft
|c| METARKA|sucker punch kills 100%
|c| znpp|what item is urshifu though
|c|☆ThedebatableReaper|its orb so idk
|c| METARKA|unfortunately for alice
|c| Danuine|ez sucker
|c| kiawe lol|with all the comentating!
|c| Danuine|watch mosa click sub
|c| Fratboy|Omg
|c| Fratboy|Haha
|
|t:|1605313019
|move|p1a: Urshifu|Sucker Punch||[still]
|-fail|p1a: Urshifu
|move|p2a: Pheromosa|Quiver Dance|p2a: Pheromosa
|-boost|p2a: Pheromosa|spa|1
|-boost|p2a: Pheromosa|spd|1
|-boost|p2a: Pheromosa|spe|1
|
|-fieldend|Misty Terrain
|upkeep
|turn|32
|c| kiawe lol|with a speed to 441
|c| Fart Stinky|The anticipation!
|c| Danuine|BRUH
|c| METARKA|OH MY GOD
|c| Fart Stinky|WOW!!!
|c| METARKA|ITS A SUCKER GOD BATTLE
|c| Irinacio|K
|c| Danuine|IF THIS IS BANDED OR SCARF ALICE WINS
|c| Fart Stinky|alice jumps back!!
|
|t:|1605313050
|move|p1a: Urshifu|Sucker Punch||[still]
|-fail|p1a: Urshifu
|move|p2a: Pheromosa|Quiver Dance|p2a: Pheromosa
|-boost|p2a: Pheromosa|spa|1
|-boost|p2a: Pheromosa|spd|1
|-boost|p2a: Pheromosa|spe|1
|
|upkeep
|turn|33
|c| znpp|if it was scarf urshifu would be faster
|c| kiawe lol|Everyong thought mosa was gonna attack but use a status move!
|c| METARKA|let's see if thedebatable is banded or bluffing
|c| kiawe lol|and again
|
|t:|1605313069
|move|p2a: Pheromosa|Quiver Dance|p2a: Pheromosa
|-boost|p2a: Pheromosa|spa|1
|-boost|p2a: Pheromosa|spd|1
|-boost|p2a: Pheromosa|spe|1
|move|p1a: Urshifu|Wicked Blow|p2a: Pheromosa
|-resisted|p2a: Pheromosa
|-crit|p2a: Pheromosa
|-damage|p2a: Pheromosa|0 fnt
|-damage|p1a: Urshifu|91/100|[from] item: Life Orb
|faint|p2a: Pheromosa
|
|win|ThedebatableReaper
|c| Danuine|:o
|c| Irinacio|k
|c| Irinacio|ebic
|c|☆ThedebatableReaper|gg
|c| METARKA|AND
|c| kiawe lol|GAME
|c|☆Alice l'ecrevisse|Gg
|c| METARKA|IT WAS NOT BANDED
|c| Fratboy|Gggggg
|c| Fart Stinky|WOW
|c| Danuine|that was intense af
|c| FalconCat122|GG
|l| znpp
|c| Fratboy|Great game guys
|l| FalconCat122
|c| METARKA|GG THEDABATABLE for intense reading
|c| kiawe lol|MOST UNEXPECTED THING
|c| Fart Stinky|lets find anothe battle and link her
|c| Irinacio|Funny as heck
|c|☆ThedebatableReaper|yeah that was intense
|c| METARKA|intense bluff and mindmastering
|c| Fart Stinky|here
|c| Danuine|https://play.pokemonshowdown.com/battle-gen8ou-1223211007
|l| METARKA
||Ladder (probably) updated, but score could not be retrieved (Request timeout).
|c| kiawe lol|BLUFF IQ 5000000000000
|l| kiawe lol
|l| Danuine
|c| Fart Stinky|https://play.pokemonshowdown.com/battle-gen8ou-1223212763
|j| Danuine
|l| Fart Stinky
