|j|☆GGeorgie◕‿◕
|j|☆Vi-create7
|t:|1668058767
|gametype|singles
|player|p1|GGeorgie◕‿◕|hiker-gen2|1642
|player|p2|Vi-create7|bugsy|1863
|teamsize|p1|6
|teamsize|p2|6
|gen|8
|tier|[Gen 8] OU
|rated|
|rule|Sleep Clause Mod: Limit one foe put to sleep
|rule|Species Clause: Limit one of each Pokémon
|rule|OHKO Clause: OHKO moves are banned
|rule|Evasion Items Clause: Evasion items are banned
|rule|Evasion Moves Clause: Evasion moves are banned
|rule|Endless Battle Clause: Forcing endless battles is banned
|rule|HP Percentage Mod: HP is shown in percentages
|rule|Dynamax Clause: You cannot dynamax
|clearpoke
|poke|p1|Zapdos|
|poke|p1|Tyranitar, M|
|poke|p1|Landorus-Therian, M|
|poke|p1|Excadrill, M|
|poke|p1|Clefable, F|
|poke|p1|Ferrothorn, F|
|poke|p2|Tapu Koko|
|poke|p2|Dragonite, F|
|poke|p2|Victini|
|poke|p2|Ferrothorn, F|
|poke|p2|Landorus-Therian, M|
|poke|p2|Clefable, M|
|teampreview
|inactive|Battle timer is ON: inactive players will automatically lose when time's up. (requested by GGeorgie◕‿◕)
|
|t:|1668058780
|start
|switch|p1a: Landorus|Landorus-Therian, M|100/100
|switch|p2a: Ferrothorn|Ferrothorn, F|100/100
|-ability|p1a: Landorus|Intimidate|boost
|-unboost|p2a: Ferrothorn|atk|1
|turn|1
|j| Uso l arco x
|j| Rossaism
|
|t:|1668058810
|switch|p1a: Ferrothorn|Ferrothorn, F, shiny|100/100
|move|p2a: Ferrothorn|Knock Off|p1a: Ferrothorn
|-damage|p1a: Ferrothorn|93/100
|-damage|p2a: Ferrothorn|88/100|[from] ability: Iron Barbs|[of] p1a: Ferrothorn
|-damage|p2a: Ferrothorn|72/100|[from] item: Rocky Helmet|[of] p1a: Ferrothorn
|-enditem|p1a: Ferrothorn|Rocky Helmet|[from] move: Knock Off|[of] p2a: Ferrothorn
|
|upkeep
|turn|2
|
|t:|1668058822
|move|p1a: Ferrothorn|Spikes|p2a: Ferrothorn
|-sidestart|p2: Vi-create7|Spikes
|move|p2a: Ferrothorn|Spikes|p1a: Ferrothorn
|-sidestart|p1: GGeorgie◕‿◕|Spikes
|
|upkeep
|turn|3
|
|t:|1668058845
|move|p1a: Ferrothorn|Spikes|p2a: Ferrothorn
|-sidestart|p2: Vi-create7|Spikes
|move|p2a: Ferrothorn|Spikes|p1a: Ferrothorn
|-sidestart|p1: GGeorgie◕‿◕|Spikes
|
|upkeep
|turn|4
|
|t:|1668058854
|switch|p2a: Victini|Victini|100/100
|move|p1a: Ferrothorn|Spikes|p2a: Victini
|-sidestart|p2: Vi-create7|Spikes
|
|upkeep
|turn|5
|l| Uso l arco x
|inactive|GGeorgie◕‿◕ has 120 seconds left.
|
|t:|1668058881
|switch|p1a: Tyranitar|Tyranitar, M, shiny|100/100
|-damage|p1a: Tyranitar|84/100|[from] Spikes
|-weather|Sandstorm|[from] ability: Sand Stream|[of] p1a: Tyranitar
|move|p2a: Victini|V-create|p1a: Tyranitar
|-resisted|p1a: Tyranitar
|-damage|p1a: Tyranitar|42/100
|-unboost|p2a: Victini|spe|1
|-unboost|p2a: Victini|def|1
|-unboost|p2a: Victini|spd|1
|
|-weather|Sandstorm|[upkeep]
|-damage|p2a: Victini|94/100|[from] Sandstorm
|upkeep
|turn|6
|l| Rossaism
|inactive|Vi-create7 has 120 seconds left.
|
|t:|1668058911
|move|p1a: Tyranitar|Stone Edge|p2a: Victini|[miss]
|-miss|p1a: Tyranitar|p2a: Victini
|move|p2a: Victini|U-turn|p1a: Tyranitar
|-supereffective|p1a: Tyranitar
|-damage|p1a: Tyranitar|3/100
|inactive|Vi-create7 has 120 seconds left.
|
|t:|1668058923
|switch|p2a: Tapu Koko|Tapu Koko|100/100|[from]move: U-turn
|-fieldstart|move: Electric Terrain|[from] ability: Electric Surge|[of] p2a: Tapu Koko
|
|-weather|Sandstorm|[upkeep]
|-damage|p2a: Tapu Koko|94/100|[from] Sandstorm
|upkeep
|turn|7
|inactive|Vi-create7 has 120 seconds left.
|
|t:|1668058931
|switch|p1a: Landorus|Landorus-Therian, M|100/100
|-ability|p1a: Landorus|Intimidate|boost
|-unboost|p2a: Tapu Koko|atk|1
|move|p2a: Tapu Koko|Dazzling Gleam|p1a: Landorus
|-damage|p1a: Landorus|54/100
|
|-weather|Sandstorm|[upkeep]
|-damage|p2a: Tapu Koko|88/100|[from] Sandstorm
|upkeep
|turn|8
|inactive|Vi-create7 has 120 seconds left.
|
|t:|1668058946
|switch|p2a: Landorus|Landorus-Therian, M|100/100
|-ability|p2a: Landorus|Intimidate|boost
|-unboost|p1a: Landorus|atk|1
|move|p1a: Landorus|U-turn|p2a: Landorus
|-resisted|p2a: Landorus
|-damage|p2a: Landorus|93/100
|
|t:|1668058958
|switch|p1a: Zapdos|Zapdos|100/100|[from]move: U-turn
|
|-weather|Sandstorm|[upkeep]
|-damage|p1a: Zapdos|94/100|[from] Sandstorm
|-heal|p2a: Landorus|99/100|[from] item: Leftovers
|upkeep
|turn|9
|inactive|Vi-create7 has 120 seconds left.
|
|t:|1668058976
|switch|p2a: Clefable|Clefable, M, shiny|100/100
|move|p1a: Zapdos|Hurricane|p2a: Clefable
|-damage|p2a: Clefable|39/100
|
|-weather|none
|upkeep
|turn|10
|inactive|Vi-create7 has 120 seconds left.
|
|t:|1668058992
|switch|p2a: Tapu Koko|Tapu Koko|88/100
|move|p1a: Zapdos|Hurricane|p2a: Tapu Koko
|-resisted|p2a: Tapu Koko
|-damage|p2a: Tapu Koko|23/100
|
|-fieldend|move: Electric Terrain
|upkeep
|turn|11
|inactive|Vi-create7 has 120 seconds left.
|
|t:|1668059002
|move|p2a: Tapu Koko|Roost|p2a: Tapu Koko
|-heal|p2a: Tapu Koko|73/100
|-singleturn|p2a: Tapu Koko|move: Roost
|move|p1a: Zapdos|Hurricane|p2a: Tapu Koko|[miss]
|-miss|p1a: Zapdos|p2a: Tapu Koko
|
|upkeep
|turn|12
|
|t:|1668059021
|switch|p1a: Excadrill|Excadrill, M|100/100
|-damage|p1a: Excadrill|84/100|[from] Spikes
|move|p2a: Tapu Koko|Dazzling Gleam|p1a: Excadrill
|-resisted|p1a: Excadrill
|-damage|p1a: Excadrill|60/100
|
|-heal|p1a: Excadrill|66/100|[from] item: Leftovers
|upkeep
|turn|13
|inactive|Vi-create7 has 120 seconds left.
|
|t:|1668059048
|switch|p2a: Landorus|Landorus-Therian, M|99/100
|-ability|p2a: Landorus|Intimidate|boost
|-unboost|p1a: Excadrill|atk|1
|move|p1a: Excadrill|Rapid Spin|p2a: Landorus
|-damage|p2a: Landorus|89/100
|-boost|p1a: Excadrill|spe|1
|-sideend|p1: GGeorgie◕‿◕|Spikes|[from] move: Rapid Spin|[of] p1a: Excadrill
|
|-heal|p1a: Excadrill|72/100|[from] item: Leftovers
|-heal|p2a: Landorus|95/100|[from] item: Leftovers
|upkeep
|turn|14
|j| 10 Million Voices
|
|t:|1668059060
|switch|p1a: Zapdos|Zapdos|94/100
|move|p2a: Landorus|Stealth Rock|p1a: Zapdos
|-sidestart|p1: GGeorgie◕‿◕|move: Stealth Rock
|
|-heal|p2a: Landorus|100/100|[from] item: Leftovers
|upkeep
|turn|15
|
|t:|1668059080
|move|p1a: Zapdos|Hurricane|p2a: Landorus
|-damage|p2a: Landorus|25/100
|-start|p2a: Landorus|confusion
|-activate|p2a: Landorus|confusion
|-damage|p2a: Landorus|14/100|[from] confusion
|
|-heal|p2a: Landorus|20/100|[from] item: Leftovers
|upkeep
|turn|16
|
|t:|1668059099
|move|p1a: Zapdos|Hurricane|p2a: Landorus
|-damage|p2a: Landorus|0 fnt
|faint|p2a: Landorus
|
|upkeep
|j| gerald.jones061
|inactive|Vi-create7 has 90 seconds left.
|
|t:|1668059140
|switch|p2a: Victini|Victini|94/100
|turn|17
|
|t:|1668059157
|move|p1a: Zapdos|Hurricane|p2a: Victini|[miss]
|-miss|p1a: Zapdos|p2a: Victini
|move|p2a: Victini|V-create|p1a: Zapdos
|-damage|p1a: Zapdos|0 fnt
|-unboost|p2a: Victini|spe|1
|-unboost|p2a: Victini|def|1
|-unboost|p2a: Victini|spd|1
|faint|p1a: Zapdos
|
|upkeep
|
|t:|1668059164
|switch|p1a: Excadrill|Excadrill, M|72/100
|-damage|p1a: Excadrill|69/100|[from] Stealth Rock
|turn|18
|inactive|Vi-create7 has 90 seconds left.
|
|t:|1668059195
|move|p1a: Excadrill|Earthquake|p2a: Victini
|-supereffective|p2a: Victini
|-damage|p2a: Victini|0 fnt
|faint|p2a: Victini
|
|-heal|p1a: Excadrill|75/100|[from] item: Leftovers
|upkeep
|inactive|Vi-create7 has 60 seconds left.
|
|t:|1668059215
|switch|p2a: Ferrothorn|Ferrothorn, F|72/100
|-damage|p2a: Ferrothorn|47/100|[from] Spikes
|turn|19
|inactive|Vi-create7 has 60 seconds left.
|j| cypherstest
|inactive|GGeorgie◕‿◕ has 120 seconds left.
|
|t:|1668059247
|move|p1a: Excadrill|Earthquake|p2a: Ferrothorn
|-damage|p2a: Ferrothorn|13/100
|move|p2a: Ferrothorn|Knock Off|p1a: Excadrill
|-damage|p1a: Excadrill|43/100
|-enditem|p1a: Excadrill|Leftovers|[from] move: Knock Off|[of] p2a: Ferrothorn
|
|upkeep
|turn|20
|j| jpg665
|inactive|GGeorgie◕‿◕ has 120 seconds left.
|
|t:|1668059273
|move|p1a: Excadrill|Earthquake|p2a: Ferrothorn
|-damage|p2a: Ferrothorn|0 fnt
|faint|p2a: Ferrothorn
|
|upkeep
|
|t:|1668059284
|switch|p2a: Dragonite|Dragonite, F|100/100
|turn|21
|
|t:|1668059307
|switch|p1a: Clefable|Clefable, F|100/100
|move|p2a: Dragonite|Earthquake|p1a: Clefable
|-crit|p1a: Clefable
|-damage|p1a: Clefable|62/100
|
|upkeep
|turn|22
|inactive|Vi-create7 has 60 seconds left.
|inactive|Vi-create7 has 30 seconds left.
|
|t:|1668059345
|switch|p2a: Clefable|Clefable, M, shiny|39/100
|move|p1a: Clefable|Soft-Boiled|p1a: Clefable
|-heal|p1a: Clefable|100/100
|
|upkeep
|turn|23
|j| Rossaism
|
|t:|1668059350
|move|p1a: Clefable|Moonblast|p2a: Clefable
|-damage|p2a: Clefable|11/100
|move|p2a: Clefable|Soft-Boiled|p2a: Clefable
|-heal|p2a: Clefable|61/100
|
|upkeep
|turn|24
|
|t:|1668059360
|switch|p1a: Excadrill|Excadrill, M|43/100
|-damage|p1a: Excadrill|40/100|[from] Stealth Rock
|move|p2a: Clefable|Soft-Boiled|p2a: Clefable
|-heal|p2a: Clefable|100/100
|
|upkeep
|turn|25
|
|t:|1668059375
|move|p1a: Excadrill|Rapid Spin|p2a: Clefable
|-damage|p2a: Clefable|80/100
|-boost|p1a: Excadrill|spe|1
|-sideend|p1: GGeorgie◕‿◕|Stealth Rock|[from] move: Rapid Spin|[of] p1a: Excadrill
|move|p2a: Clefable|Trick|p1a: Excadrill
|-activate|p2a: Clefable|move: Trick|[of] p1a: Excadrill
|-enditem|p1a: Excadrill|Sticky Barb|[silent]|[from] move: Trick
|-item|p2a: Clefable|Sticky Barb|[from] move: Trick
|
|upkeep
|turn|26
|inactive|Vi-create7 has 30 seconds left.
|
|t:|1668059404
|switch|p2a: Dragonite|Dragonite, F|100/100
|move|p1a: Excadrill|Iron Head|p2a: Dragonite
|-damage|p2a: Dragonite|78/100
|
|upkeep
|turn|27
|inactive|Vi-create7 has 30 seconds left.
|
|t:|1668059411
|switch|p2a: Tapu Koko|Tapu Koko|73/100
|-fieldstart|move: Electric Terrain|[from] ability: Electric Surge|[of] p2a: Tapu Koko
|move|p1a: Excadrill|Iron Head|p2a: Tapu Koko
|-damage|p2a: Tapu Koko|5/100
|
|upkeep
|turn|28
|-message|Vi-create7 forfeited.
|
|win|GGeorgie◕‿◕
|raw|GGeorgie◕‿◕'s rating: 1620 &rarr; <strong>1652</strong><br />(+32 for winning)
|raw|Vi-create7's rating: 1863 &rarr; <strong>1831</strong><br />(-32 for losing)
|l|☆Vi-create7
