|j|☆minimax_ai
|j|☆LT_Alt1
|t:|1661235460
|gametype|singles
|player|p1|minimax_ai|lusamine-nihilego|1614
|player|p2|LT_Alt1|2|1654
|teamsize|p1|6
|teamsize|p2|6
|gen|8
|tier|[Gen 8] OU
|rated|
|rule|Sleep Clause Mod: Limit one foe put to sleep
|rule|Species Clause: Limit one of each Pokémon
|rule|OHKO Clause: OHKO moves are banned
|rule|Evasion Items Clause: Evasion items are banned
|rule|Evasion Moves Clause: Evasion moves are banned
|rule|Endless Battle Clause: Forcing endless battles is banned
|rule|HP Percentage Mod: HP is shown in percentages
|rule|Dynamax Clause: You cannot dynamax
|clearpoke
|poke|p1|Rotom-Wash|
|poke|p1|Weavile, M|
|poke|p1|Landorus-Therian, M|
|poke|p1|Heatran, M|
|poke|p1|Tangrowth, M|
|poke|p1|Melmetal|
|poke|p2|Alakazam, F|
|poke|p2|Chansey, F|
|poke|p2|Zapdos|
|poke|p2|Clefable, F|
|poke|p2|Slowbro, M|
|poke|p2|Rhydon, M|
|teampreview
|j| HOF69
|c|☆minimax_ai|hf
|inactive|Battle timer is ON: inactive players will automatically lose when time's up. (requested by minimax_ai)
|
|t:|1661235466
|start
|switch|p1a: Melmetal|Melmetal|100/100
|switch|p2a: Chansey|Chansey, F|100/100
|turn|1
|
|t:|1661235470
|move|p2a: Chansey|Reflect|p2a: Chansey
|-sidestart|p2: LT_Alt1|Reflect
|move|p1a: Melmetal|Earthquake|p2a: Chansey
|-damage|p2a: Chansey|89/100
|
|upkeep
|turn|2
|
|t:|1661235475
|move|p1a: Melmetal|Earthquake|p2a: Chansey
|-damage|p2a: Chansey|78/100
|move|p2a: Chansey|Teleport|p2a: Chansey
|
|t:|1661235478
|switch|p2a: Zapdos|Zapdos|100/100|[from]move: Teleport
|
|upkeep
|turn|3
|
|t:|1661235481
|switch|p1a: landorustherian|Landorus-Therian, M|100/100
|-ability|p1a: landorustherian|Intimidate|boost
|-unboost|p2a: Zapdos|atk|1
|move|p2a: Zapdos|Volt Switch|p1a: landorustherian
|-immune|p1a: landorustherian
|
|upkeep
|turn|4
|
|t:|1661235488
|move|p2a: Zapdos|Hurricane|p1a: landorustherian|[miss]
|-miss|p2a: Zapdos|p1a: landorustherian
|move|p1a: landorustherian|Defog|p2a: Zapdos
|-unboost|p2a: Zapdos|evasion|1
|-sideend|p2: LT_Alt1|Reflect
|
|upkeep
|turn|5
|
|t:|1661235494
|switch|p2a: Slowbro|Slowbro, M|100/100
|move|p1a: landorustherian|Toxic|p2a: Slowbro
|-status|p2a: Slowbro|tox
|
|-damage|p2a: Slowbro|94/100 tox|[from] psn
|upkeep
|turn|6
|
|t:|1661235501
|switch|p1a: rotomwash|Rotom-Wash|100/100
|move|p2a: Slowbro|Teleport|p2a: Slowbro
|
|t:|1661235504
|switch|p2a: Chansey|Chansey, F|78/100|[from]move: Teleport
|
|upkeep
|turn|7
|
|t:|1661235508
|move|p1a: rotomwash|Nasty Plot|p1a: rotomwash
|-boost|p1a: rotomwash|spa|2
|move|p2a: Chansey|Reflect|p2a: Chansey
|-sidestart|p2: LT_Alt1|Reflect
|
|upkeep
|turn|8
|
|t:|1661235512
|move|p1a: rotomwash|Nasty Plot|p1a: rotomwash
|-boost|p1a: rotomwash|spa|2
|move|p2a: Chansey|Teleport|p2a: Chansey
|
|t:|1661235516
|switch|p2a: Alakazam|Alakazam, F|100/100|[from]move: Teleport
|
|upkeep
|turn|9
|
|t:|1661235520
|move|p2a: Alakazam|Encore|p1a: rotomwash
|-start|p1a: rotomwash|Encore
|move|p1a: rotomwash|Nasty Plot|p1a: rotomwash
|-boost|p1a: rotomwash|spa|2
|
|upkeep
|turn|10
|
|t:|1661235524
|switch|p1a: landorustherian|Landorus-Therian, M|100/100
|-ability|p1a: landorustherian|Intimidate|boost
|-unboost|p2a: Alakazam|atk|1
|move|p2a: Alakazam|Psychic|p1a: landorustherian
|-damage|p1a: landorustherian|57/100
|
|-heal|p1a: landorustherian|63/100|[from] item: Leftovers
|upkeep
|turn|11
|
|t:|1661235533
|switch|p2a: Slowbro|Slowbro, M|100/100 tox
|move|p1a: landorustherian|Earthquake|p2a: Slowbro
|-damage|p2a: Slowbro|87/100 tox
|
|-heal|p1a: landorustherian|70/100|[from] item: Leftovers
|-damage|p2a: Slowbro|81/100 tox|[from] psn
|-sideend|p2: LT_Alt1|Reflect
|upkeep
|turn|12
|
|t:|1661235542
|switch|p1a: rotomwash|Rotom-Wash|100/100
|move|p2a: Slowbro|Future Sight|p1a: rotomwash
|-start|p2a: Slowbro|move: Future Sight
|
|-damage|p2a: Slowbro|69/100 tox|[from] psn
|upkeep
|turn|13
|
|t:|1661235548
|switch|p2a: Zapdos|Zapdos|100/100
|move|p1a: rotomwash|Nasty Plot|p1a: rotomwash
|-boost|p1a: rotomwash|spa|2
|
|upkeep
|turn|14
|
|t:|1661235553
|switch|p1a: Melmetal|Melmetal|100/100
|move|p2a: Zapdos|Light Screen|p2a: Zapdos
|-sidestart|p2: LT_Alt1|move: Light Screen
|
|-end|p1a: Melmetal|move: Future Sight
|-resisted|p1a: Melmetal
|-damage|p1a: Melmetal|90/100
|upkeep
|turn|15
|
|t:|1661235560
|move|p2a: Zapdos|Volt Switch|p1a: Melmetal
|-damage|p1a: Melmetal|76/100
|
|t:|1661235565
|switch|p2a: Rhydon|Rhydon, M|100/100|[from]move: Volt Switch
|move|p1a: Melmetal|Thunder Punch|p2a: Rhydon
|-ability|p2a: Rhydon|Lightning Rod|boost
|-boost|p2a: Rhydon|spa|1
|
|upkeep
|turn|16
|
|t:|1661235576
|switch|p1a: landorustherian|Landorus-Therian, M|70/100
|-ability|p1a: landorustherian|Intimidate|boost
|-unboost|p2a: Rhydon|atk|1
|move|p2a: Rhydon|Stealth Rock|p1a: landorustherian
|-sidestart|p1: minimax_ai|move: Stealth Rock
|
|-heal|p1a: landorustherian|76/100|[from] item: Leftovers
|upkeep
|turn|17
|
|t:|1661235589
|switch|p2a: Slowbro|Slowbro, M|100/100 tox
|move|p1a: landorustherian|Earthquake|p2a: Slowbro
|-damage|p2a: Slowbro|74/100 tox
|
|-heal|p1a: landorustherian|82/100|[from] item: Leftovers
|-damage|p2a: Slowbro|68/100 tox|[from] psn
|upkeep
|turn|18
|
|t:|1661235596
|move|p1a: landorustherian|Earthquake|p2a: Slowbro
|-damage|p2a: Slowbro|41/100 tox
|move|p2a: Slowbro|Ice Beam|p1a: landorustherian
|-supereffective|p1a: landorustherian
|-damage|p1a: landorustherian|21/100
|
|-heal|p1a: landorustherian|27/100|[from] item: Leftovers
|-damage|p2a: Slowbro|29/100 tox|[from] psn
|-sideend|p2: LT_Alt1|move: Light Screen
|upkeep
|turn|19
|
|t:|1661235605
|move|p1a: landorustherian|Defog|p2a: Slowbro
|-unboost|p2a: Slowbro|evasion|1
|-sideend|p1: minimax_ai|Stealth Rock|[from] move: Defog|[of] p1a: landorustherian
|move|p2a: Slowbro|Teleport|p2a: Slowbro
|
|t:|1661235618
|switch|p2a: Zapdos|Zapdos|100/100|[from]move: Teleport
|
|-heal|p1a: landorustherian|33/100|[from] item: Leftovers
|upkeep
|turn|20
|
|t:|1661235623
|switch|p1a: Weavile|Weavile, M|100/100
|-ability|p1a: Weavile|Pressure
|move|p2a: Zapdos|Hurricane|p1a: Weavile
|-damage|p1a: Weavile|39/100
|
|upkeep
|turn|21
|
|t:|1661235630
|move|p1a: Weavile|Triple Axel|p2a: Zapdos
|-supereffective|p2a: Zapdos
|-damage|p2a: Zapdos|75/100
|-supereffective|p2a: Zapdos
|-damage|p2a: Zapdos|22/100
|-supereffective|p2a: Zapdos
|-damage|p2a: Zapdos|0 fnt
|faint|p2a: Zapdos
|-hitcount|p2: Zapdos|3
|
|upkeep
|
|t:|1661235638
|switch|p2a: Clefable|Clefable, F|100/100
|turn|22
|
|t:|1661235640
|switch|p1a: Melmetal|Melmetal|76/100
|switch|p2a: Slowbro|Slowbro, M|62/100 tox
|
|-damage|p2a: Slowbro|56/100 tox|[from] psn
|upkeep
|turn|23
|
|t:|1661235648
|move|p1a: Melmetal|Double Iron Bash|p2a: Slowbro
|-resisted|p2a: Slowbro
|-damage|p2a: Slowbro|45/100 tox
|-damage|p1a: Melmetal|59/100|[from] item: Rocky Helmet|[of] p2a: Slowbro
|-resisted|p2a: Slowbro
|-damage|p2a: Slowbro|34/100 tox
|-damage|p1a: Melmetal|43/100|[from] item: Rocky Helmet|[of] p2a: Slowbro
|-hitcount|p2a: Slowbro|2
|move|p2a: Slowbro|Teleport|p2a: Slowbro
|
|t:|1661235656
|switch|p2a: Rhydon|Rhydon, M|100/100|[from]move: Teleport
|
|upkeep
|turn|24
|
|t:|1661235662
|switch|p1a: Tangrowth|Tangrowth, M|100/100
|move|p2a: Rhydon|Earthquake|p1a: Tangrowth
|-resisted|p1a: Tangrowth
|-damage|p1a: Tangrowth|87/100
|
|upkeep
|turn|25
|
|t:|1661235668
|switch|p2a: Chansey|Chansey, F|78/100
|move|p1a: Tangrowth|Giga Drain|p2a: Chansey
|-damage|p2a: Chansey|69/100
|-heal|p1a: Tangrowth|95/100|[from] drain|[of] p2a: Chansey
|
|upkeep
|turn|26
|
|t:|1661235676
|move|p2a: Chansey|Reflect|p2a: Chansey
|-sidestart|p2: LT_Alt1|Reflect
|move|p1a: Tangrowth|Sleep Powder|p2a: Chansey
|-status|p2a: Chansey|slp|[from] move: Sleep Powder
|
|upkeep
|turn|27
|
|t:|1661235681
|move|p1a: Tangrowth|Giga Drain|p2a: Chansey
|-damage|p2a: Chansey|59/100 slp
|-heal|p1a: Tangrowth|100/100|[from] drain|[of] p2a: Chansey
|cant|p2a: Chansey|slp
|
|upkeep
|turn|28
|
|t:|1661235687
|-curestatus|p2a: Chansey|slp|[msg]
|move|p2a: Chansey|Soft-Boiled|p2a: Chansey
|-heal|p2a: Chansey|100/100
|move|p1a: Tangrowth|Giga Drain|p2a: Chansey
|-damage|p2a: Chansey|92/100
|
|upkeep
|turn|29
|
|t:|1661235698
|move|p1a: Tangrowth|Sleep Powder|p2a: Chansey
|-status|p2a: Chansey|slp|[from] move: Sleep Powder
|cant|p2a: Chansey|slp
|
|upkeep
|turn|30
|
|t:|1661235703
|move|p1a: Tangrowth|Giga Drain|p2a: Chansey
|-damage|p2a: Chansey|83/100 slp
|cant|p2a: Chansey|slp
|
|-sideend|p2: LT_Alt1|Reflect
|upkeep
|turn|31
|
|t:|1661235710
|cant|p2a: Chansey|slp
|move|p1a: Tangrowth|Giga Drain|p2a: Chansey
|-damage|p2a: Chansey|75/100 slp
|
|upkeep
|turn|32
|
|t:|1661235715
|-curestatus|p2a: Chansey|slp|[msg]
|move|p2a: Chansey|Reflect|p2a: Chansey
|-sidestart|p2: LT_Alt1|Reflect
|move|p1a: Tangrowth|Giga Drain|p2a: Chansey
|-damage|p2a: Chansey|66/100
|
|upkeep
|turn|33
|
|t:|1661235721
|move|p2a: Chansey|Soft-Boiled|p2a: Chansey
|-heal|p2a: Chansey|100/100
|move|p1a: Tangrowth|Sleep Powder|p2a: Chansey
|-status|p2a: Chansey|slp|[from] move: Sleep Powder
|
|upkeep
|turn|34
|
|t:|1661235726
|move|p1a: Tangrowth|Giga Drain|p2a: Chansey
|-damage|p2a: Chansey|92/100 slp
|cant|p2a: Chansey|slp
|
|upkeep
|turn|35
|
|t:|1661235731
|move|p1a: Tangrowth|Giga Drain|p2a: Chansey
|-damage|p2a: Chansey|83/100 slp
|cant|p2a: Chansey|slp
|
|upkeep
|turn|36
|
|t:|1661235735
|move|p1a: Tangrowth|Giga Drain|p2a: Chansey
|-damage|p2a: Chansey|74/100 slp
|-curestatus|p2a: Chansey|slp|[msg]
|move|p2a: Chansey|Teleport|p2a: Chansey
|
|t:|1661235740
|switch|p2a: Alakazam|Alakazam, F|100/100|[from]move: Teleport
|
|-sideend|p2: LT_Alt1|Reflect
|upkeep
|turn|37
|
|t:|1661235744
|switch|p2a: Slowbro|Slowbro, M|67/100 tox
|move|p1a: Tangrowth|Knock Off|p2a: Slowbro
|-supereffective|p2a: Slowbro
|-damage|p2a: Slowbro|41/100 tox
|-damage|p1a: Tangrowth|84/100|[from] item: Rocky Helmet|[of] p2a: Slowbro
|-enditem|p2a: Slowbro|Rocky Helmet|[from] move: Knock Off|[of] p1a: Tangrowth
|
|-damage|p2a: Slowbro|35/100 tox|[from] psn
|upkeep
|turn|38
|
|t:|1661235756
|switch|p2a: Chansey|Chansey, F|74/100
|move|p1a: Tangrowth|Giga Drain|p2a: Chansey
|-damage|p2a: Chansey|65/100
|-heal|p1a: Tangrowth|92/100|[from] drain|[of] p2a: Chansey
|
|upkeep
|turn|39
|
|t:|1661235762
|move|p2a: Chansey|Reflect|p2a: Chansey
|-sidestart|p2: LT_Alt1|Reflect
|move|p1a: Tangrowth|Sleep Powder|p2a: Chansey|[miss]
|-miss|p1a: Tangrowth|p2a: Chansey
|
|upkeep
|turn|40
|
|t:|1661235767
|move|p2a: Chansey|Soft-Boiled|p2a: Chansey
|-heal|p2a: Chansey|100/100
|move|p1a: Tangrowth|Giga Drain|p2a: Chansey
|-damage|p2a: Chansey|92/100
|-heal|p1a: Tangrowth|99/100|[from] drain|[of] p2a: Chansey
|
|upkeep
|turn|41
|
|t:|1661235773
|move|p2a: Chansey|Seismic Toss|p1a: Tangrowth
|-damage|p1a: Tangrowth|75/100
|-damage|p2a: Chansey|75/100|[from] item: Rocky Helmet|[of] p1a: Tangrowth
|move|p1a: Tangrowth|Sleep Powder|p2a: Chansey
|-status|p2a: Chansey|slp|[from] move: Sleep Powder
|
|upkeep
|turn|42
|
|t:|1661235780
|switch|p1a: Melmetal|Melmetal|43/100
|cant|p2a: Chansey|slp
|
|upkeep
|turn|43
|
|t:|1661235784
|-curestatus|p2a: Chansey|slp|[msg]
|move|p2a: Chansey|Soft-Boiled|p2a: Chansey
|-heal|p2a: Chansey|100/100
|move|p1a: Melmetal|Double Iron Bash|p2a: Chansey
|-damage|p2a: Chansey|88/100
|-damage|p2a: Chansey|76/100
|-hitcount|p2a: Chansey|2
|
|-sideend|p2: LT_Alt1|Reflect
|upkeep
|turn|44
|c| HOF69|not using knock off on chansey?
|
|t:|1661235792
|move|p2a: Chansey|Reflect|p2a: Chansey
|-sidestart|p2: LT_Alt1|Reflect
|move|p1a: Melmetal|Double Iron Bash|p2a: Chansey
|-damage|p2a: Chansey|63/100
|-damage|p2a: Chansey|49/100
|-hitcount|p2a: Chansey|2
|
|upkeep
|turn|45
|
|t:|1661235798
|move|p2a: Chansey|Soft-Boiled|p2a: Chansey
|-heal|p2a: Chansey|99/100
|move|p1a: Melmetal|Double Iron Bash|p2a: Chansey
|-damage|p2a: Chansey|85/100
|-damage|p2a: Chansey|72/100
|-hitcount|p2a: Chansey|2
|
|upkeep
|turn|46
|
|t:|1661235804
|move|p2a: Chansey|Seismic Toss|p1a: Melmetal
|-damage|p1a: Melmetal|20/100
|move|p1a: Melmetal|Double Iron Bash|p2a: Chansey
|-damage|p2a: Chansey|59/100
|-crit|p2a: Chansey
|-damage|p2a: Chansey|23/100
|-hitcount|p2a: Chansey|2
|
|upkeep
|turn|47
|
|t:|1661235811
|switch|p1a: landorustherian|Landorus-Therian, M|33/100
|-ability|p1a: landorustherian|Intimidate|boost
|-unboost|p2a: Chansey|atk|1
|move|p2a: Chansey|Soft-Boiled|p2a: Chansey
|-heal|p2a: Chansey|73/100
|
|-heal|p1a: landorustherian|39/100|[from] item: Leftovers
|upkeep
|turn|48
|
|t:|1661235818
|switch|p1a: rotomwash|Rotom-Wash|100/100
|move|p2a: Chansey|Seismic Toss|p1a: rotomwash
|-damage|p1a: rotomwash|68/100
|
|-heal|p1a: rotomwash|74/100|[from] item: Leftovers
|-sideend|p2: LT_Alt1|Reflect
|upkeep
|turn|49
|
|t:|1661235826
|move|p1a: rotomwash|Nasty Plot|p1a: rotomwash
|-boost|p1a: rotomwash|spa|2
|move|p2a: Chansey|Seismic Toss|p1a: rotomwash
|-damage|p1a: rotomwash|41/100
|
|-heal|p1a: rotomwash|47/100|[from] item: Leftovers
|upkeep
|turn|50
|
|t:|1661235833
|move|p1a: rotomwash|Pain Split|p2a: Chansey
|-sethp|p2a: Chansey|47/100|[from] move: Pain Split|[silent]
|-sethp|p1a: rotomwash|100/100|[from] move: Pain Split
|move|p2a: Chansey|Teleport|p2a: Chansey
|
|t:|1661235838
|switch|p2a: Alakazam|Alakazam, F|100/100|[from]move: Teleport
|
|upkeep
|turn|51
|
|t:|1661235843
|move|p2a: Alakazam|Dazzling Gleam|p1a: rotomwash
|-damage|p1a: rotomwash|59/100
|move|p1a: rotomwash|Thunderbolt|p2a: Alakazam
|-damage|p2a: Alakazam|6/100
|
|-heal|p1a: rotomwash|65/100|[from] item: Leftovers
|upkeep
|turn|52
|-message|LT_Alt1 forfeited.
|
|win|minimax_ai
|raw|minimax_ai's rating: 1614 &rarr; <strong>1636</strong><br />(+22 for winning)
|raw|LT_Alt1's rating: 1654 &rarr; <strong>1632</strong><br />(-22 for losing)
|c|☆minimax_ai|gg
|l|☆LT_Alt1
