|j|☆Lenape
|j|☆N30N3
|player|p1|Lenape|101|1906
|player|p2|N30N3|101|1976
|teamsize|p1|6
|teamsize|p2|6
|gametype|singles
|gen|8
|tier|[Gen 8] OU
|rated|
|html|<div class="broadcast-blue"><strong>OU is currently suspecting Dracovish! For information on how to participate check out the <a href="https://www.smogon.com/forums/threads/3664521/">suspect thread</a>.</strong></div>
|clearpoke
|poke|p1|Cinderace, M|
|poke|p1|Corviknight, F|
|poke|p1|Sylveon, F|
|poke|p1|Rhyperior, M|
|poke|p1|Toxapex, M|
|poke|p1|Umbreon, F|
|poke|p2|Mimikyu, F|
|poke|p2|Hippowdon, F|
|poke|p2|Excadrill, F|
|poke|p2|Tyranitar, F|
|poke|p2|Kyurem|
|poke|p2|Ferrothorn, M|
|rule|Sleep Clause Mod: Limit one foe put to sleep
|rule|Species Clause: Limit one of each Pokémon
|rule|OHKO Clause: OHKO moves are banned
|rule|Evasion Moves Clause: Evasion moves are banned
|rule|Endless Battle Clause: Forcing endless battles is banned
|rule|HP Percentage Mod: HP is shown in percentages
|rule|Dynamax Clause: You cannot dynamax
|teampreview
|inactive|Battle timer is ON: inactive players will automatically lose when time's up. (requested by Lenape)
|inactive|N30N3 has 120 seconds left.
|
|start
|switch|p1a: Toxapex|Toxapex, M|100/100
|switch|p2a: Hippowdon|Hippowdon, F|100/100
|-weather|Sandstorm|[from] ability: Sand Stream|[of] p2a: Hippowdon
|turn|1
|
|switch|p2a: Ferrothorn|Ferrothorn, M|100/100
|move|p1a: Toxapex|Toxic|p2a: Ferrothorn
|-immune|p2a: Ferrothorn
|
|-weather|Sandstorm|[upkeep]
|-damage|p1a: Toxapex|94/100|[from] Sandstorm
|-heal|p1a: Toxapex|100/100|[from] item: Black Sludge
|upkeep
|turn|2
|
|move|p1a: Toxapex|Scald|p2a: Ferrothorn
|-resisted|p2a: Ferrothorn
|-damage|p2a: Ferrothorn|93/100
|-status|p2a: Ferrothorn|brn
|move|p2a: Ferrothorn|Knock Off|p1a: Toxapex
|-damage|p1a: Toxapex|95/100
|-enditem|p1a: Toxapex|Black Sludge|[from] move: Knock Off|[of] p2a: Ferrothorn
|
|-weather|Sandstorm|[upkeep]
|-damage|p1a: Toxapex|88/100|[from] Sandstorm
|-heal|p2a: Ferrothorn|99/100 brn|[from] item: Leftovers
|-damage|p2a: Ferrothorn|93/100 brn|[from] brn
|upkeep
|turn|3
|
|switch|p1a: Cinderace|Cinderace, M|100/100
|move|p2a: Ferrothorn|Leech Seed|p1a: Cinderace
|-start|p1a: Cinderace|move: Leech Seed
|
|-weather|Sandstorm|[upkeep]
|-damage|p1a: Cinderace|95/100|[from] Sandstorm
|-heal|p2a: Ferrothorn|99/100 brn|[from] item: Leftovers
|-damage|p1a: Cinderace|82/100|[from] Leech Seed|[of] p2a: Ferrothorn
|-heal|p2a: Ferrothorn|100/100 brn|[silent]
|-damage|p2a: Ferrothorn|94/100 brn|[from] brn
|upkeep
|turn|4
|
|switch|p1a: Toxapex|Toxapex, M|100/100
|switch|p2a: Hippowdon|Hippowdon, F|100/100
|
|-weather|Sandstorm|[upkeep]
|-damage|p1a: Toxapex|94/100|[from] Sandstorm
|upkeep
|turn|5
|
|switch|p2a: Ferrothorn|Ferrothorn, M|94/100 brn
|switch|p1a: Corviknight|Corviknight, F|100/100
|-ability|p1a: Corviknight|Pressure
|
|-weather|Sandstorm|[upkeep]
|-heal|p2a: Ferrothorn|100/100 brn|[from] item: Leftovers
|-damage|p2a: Ferrothorn|94/100 brn|[from] brn
|upkeep
|turn|6
|
|switch|p1a: Toxapex|Toxapex, M|100/100
|move|p2a: Ferrothorn|Leech Seed|p1a: Toxapex
|-start|p1a: Toxapex|move: Leech Seed
|
|-weather|Sandstorm|[upkeep]
|-damage|p1a: Toxapex|94/100|[from] Sandstorm
|-heal|p2a: Ferrothorn|100/100 brn|[from] item: Leftovers
|-damage|p1a: Toxapex|82/100|[from] Leech Seed|[of] p2a: Ferrothorn
|-damage|p2a: Ferrothorn|94/100 brn|[from] brn
|upkeep
|turn|7
|
|switch|p1a: Cinderace|Cinderace, M|82/100
|switch|p2a: Kyurem|Kyurem|100/100
|-ability|p2a: Kyurem|Pressure
|
|-weather|Sandstorm|[upkeep]
|-damage|p1a: Cinderace|76/100|[from] Sandstorm
|-damage|p2a: Kyurem|94/100|[from] Sandstorm
|upkeep
|turn|8
|
|move|p1a: Cinderace|High Jump Kick|p2a: Kyurem
|-supereffective|p2a: Kyurem
|-damage|p2a: Kyurem|0 fnt
|faint|p2a: Kyurem
|
|-weather|none
|upkeep
|
|switch|p2a: Mimikyu|Mimikyu, F|100/100
|turn|9
|
|move|p1a: Cinderace|Pyro Ball|p2a: Mimikyu
|-activate|p2a: Mimikyu|ability: Disguise
|-damage|p2a: Mimikyu|100/100
|detailschange|p2a: Mimikyu|Mimikyu-Busted, F
|-damage|p2a: Mimikyu|88/100|[from] pokemon: Mimikyu-Busted
|move|p2a: Mimikyu|Swords Dance|p2a: Mimikyu
|-boost|p2a: Mimikyu|atk|2
|
|upkeep
|turn|10
|
|move|p2a: Mimikyu|Shadow Sneak|p1a: Cinderace
|-crit|p1a: Cinderace
|-damage|p1a: Cinderace|0 fnt
|-damage|p2a: Mimikyu|78/100|[from] item: Life Orb
|faint|p1a: Cinderace
|
|upkeep
|
|switch|p1a: Umbreon|Umbreon, F|100/100
|turn|11
|
|move|p2a: Mimikyu|Play Rough|p1a: Umbreon
|-supereffective|p1a: Umbreon
|-damage|p1a: Umbreon|0 fnt
|-damage|p2a: Mimikyu|68/100|[from] item: Life Orb
|faint|p1a: Umbreon
|
|upkeep
|
|switch|p1a: Rhyperior|Rhyperior, M|100/100
|turn|12
|
|move|p2a: Mimikyu|Drain Punch|p1a: Rhyperior
|-supereffective|p1a: Rhyperior
|-damage|p1a: Rhyperior|48/100
|-heal|p2a: Mimikyu|100/100|[from] drain|[of] p1a: Rhyperior
|-damage|p2a: Mimikyu|91/100|[from] item: Life Orb
|move|p1a: Rhyperior|Earthquake|p2a: Mimikyu
|-damage|p2a: Mimikyu|19/100
|
|-heal|p1a: Rhyperior|55/100|[from] item: Leftovers
|upkeep
|turn|13
|
|move|p2a: Mimikyu|Drain Punch|p1a: Rhyperior
|-supereffective|p1a: Rhyperior
|-damage|p1a: Rhyperior|1/100
|-heal|p2a: Mimikyu|65/100|[from] drain|[of] p1a: Rhyperior
|-damage|p2a: Mimikyu|55/100|[from] item: Life Orb
|move|p1a: Rhyperior|Earthquake|p2a: Mimikyu
|-damage|p2a: Mimikyu|0 fnt
|faint|p2a: Mimikyu
|
|-heal|p1a: Rhyperior|7/100|[from] item: Leftovers
|upkeep
|
|switch|p2a: Tyranitar|Tyranitar, F|100/100
|-weather|Sandstorm|[from] ability: Sand Stream|[of] p2a: Tyranitar
|turn|14
|
|move|p2a: Tyranitar|Crunch|p1a: Rhyperior
|-damage|p1a: Rhyperior|0 fnt
|faint|p1a: Rhyperior
|
|-weather|Sandstorm|[upkeep]
|upkeep
|
|switch|p1a: Toxapex|Toxapex, M|100/100
|turn|15
|
|switch|p2a: Ferrothorn|Ferrothorn, M|94/100 brn
|move|p1a: Toxapex|Scald|p2a: Ferrothorn
|-resisted|p2a: Ferrothorn
|-damage|p2a: Ferrothorn|88/100 brn
|
|-weather|Sandstorm|[upkeep]
|-damage|p1a: Toxapex|94/100|[from] Sandstorm
|-heal|p2a: Ferrothorn|94/100 brn|[from] item: Leftovers
|-damage|p2a: Ferrothorn|88/100 brn|[from] brn
|upkeep
|turn|16
|
|move|p1a: Toxapex|Scald|p2a: Ferrothorn
|-resisted|p2a: Ferrothorn
|-damage|p2a: Ferrothorn|81/100 brn
|move|p2a: Ferrothorn|Spikes|p1a: Toxapex
|-sidestart|p1: Lenape|Spikes
|
|-weather|Sandstorm|[upkeep]
|-damage|p1a: Toxapex|88/100|[from] Sandstorm
|-heal|p2a: Ferrothorn|88/100 brn|[from] item: Leftovers
|-damage|p2a: Ferrothorn|81/100 brn|[from] brn
|upkeep
|turn|17
|
|move|p1a: Toxapex|Scald|p2a: Ferrothorn
|-resisted|p2a: Ferrothorn
|-damage|p2a: Ferrothorn|75/100 brn
|move|p2a: Ferrothorn|Spikes|p1a: Toxapex
|-sidestart|p1: Lenape|Spikes
|
|-weather|Sandstorm|[upkeep]
|-damage|p1a: Toxapex|82/100|[from] Sandstorm
|-heal|p2a: Ferrothorn|82/100 brn|[from] item: Leftovers
|-damage|p2a: Ferrothorn|75/100 brn|[from] brn
|upkeep
|turn|18
|
|move|p1a: Toxapex|Scald|p2a: Ferrothorn
|-resisted|p2a: Ferrothorn
|-damage|p2a: Ferrothorn|69/100 brn
|move|p2a: Ferrothorn|Leech Seed|p1a: Toxapex
|-start|p1a: Toxapex|move: Leech Seed
|
|-weather|none
|-heal|p2a: Ferrothorn|75/100 brn|[from] item: Leftovers
|-damage|p1a: Toxapex|69/100|[from] Leech Seed|[of] p2a: Ferrothorn
|-heal|p2a: Ferrothorn|86/100 brn|[silent]
|-damage|p2a: Ferrothorn|80/100 brn|[from] brn
|upkeep
|turn|19
|
|switch|p2a: Tyranitar|Tyranitar, F|100/100
|-weather|Sandstorm|[from] ability: Sand Stream|[of] p2a: Tyranitar
|move|p1a: Toxapex|Scald|p2a: Tyranitar
|-supereffective|p2a: Tyranitar
|-damage|p2a: Tyranitar|80/100
|
|-weather|Sandstorm|[upkeep]
|-damage|p1a: Toxapex|63/100|[from] Sandstorm
|-damage|p1a: Toxapex|50/100|[from] Leech Seed|[of] p2a: Tyranitar
|-heal|p2a: Tyranitar|91/100|[silent]
|upkeep
|turn|20
|
|move|p2a: Tyranitar|Stone Edge|p1a: Toxapex
|-damage|p1a: Toxapex|6/100
|move|p1a: Toxapex|Toxic|p2a: Tyranitar
|-status|p2a: Tyranitar|tox
|
|-weather|Sandstorm|[upkeep]
|-damage|p1a: Toxapex|0 fnt|[from] Sandstorm
|faint|p1a: Toxapex
|-damage|p2a: Tyranitar|84/100 tox|[from] psn
|upkeep
|
|switch|p1a: Sylveon|Sylveon, F|100/100
|-damage|p1a: Sylveon|84/100|[from] Spikes
|turn|21
|
|move|p1a: Sylveon|Protect|p1a: Sylveon
|-singleturn|p1a: Sylveon|Protect
|move|p2a: Tyranitar|Stone Edge|p1a: Sylveon
|-activate|p1a: Sylveon|move: Protect
|
|-weather|Sandstorm|[upkeep]
|-damage|p1a: Sylveon|78/100|[from] Sandstorm
|-heal|p1a: Sylveon|84/100|[from] item: Leftovers
|-damage|p2a: Tyranitar|72/100 tox|[from] psn
|upkeep
|turn|22
|j| J.PiCcoTest
|
|move|p2a: Tyranitar|Stone Edge|p1a: Sylveon
|-damage|p1a: Sylveon|0 fnt
|faint|p1a: Sylveon
|
|-weather|Sandstorm|[upkeep]
|-damage|p2a: Tyranitar|54/100 tox|[from] psn
|upkeep
|
|switch|p1a: Corviknight|Corviknight, F|100/100
|-ability|p1a: Corviknight|Pressure
|turn|23
|
|switch|p2a: Ferrothorn|Ferrothorn, M|80/100 brn
|move|p1a: Corviknight|Substitute|p1a: Corviknight
|-start|p1a: Corviknight|Substitute
|-damage|p1a: Corviknight|75/100
|
|-weather|none
|-heal|p1a: Corviknight|82/100|[from] item: Leftovers
|-heal|p2a: Ferrothorn|86/100 brn|[from] item: Leftovers
|-damage|p2a: Ferrothorn|80/100 brn|[from] brn
|upkeep
|turn|24
|
|switch|p2a: Tyranitar|Tyranitar, F|54/100 tox
|-weather|Sandstorm|[from] ability: Sand Stream|[of] p2a: Tyranitar
|move|p1a: Corviknight|Bulk Up|p1a: Corviknight
|-boost|p1a: Corviknight|atk|1
|-boost|p1a: Corviknight|def|1
|
|-weather|Sandstorm|[upkeep]
|-heal|p1a: Corviknight|88/100|[from] item: Leftovers
|-damage|p2a: Tyranitar|48/100 tox|[from] psn
|upkeep
|turn|25
|c|☆Lenape|GG
|
|move|p2a: Tyranitar|Crunch|p1a: Corviknight
|-end|p1a: Corviknight|Substitute
|move|p1a: Corviknight|Substitute|p1a: Corviknight
|-start|p1a: Corviknight|Substitute
|-damage|p1a: Corviknight|63/100
|
|-weather|Sandstorm|[upkeep]
|-heal|p1a: Corviknight|69/100|[from] item: Leftovers
|-damage|p2a: Tyranitar|35/100 tox|[from] psn
|upkeep
|turn|26
|
|move|p2a: Tyranitar|Crunch|p1a: Corviknight
|-crit|p1a: Corviknight
|-end|p1a: Corviknight|Substitute
|move|p1a: Corviknight|Substitute|p1a: Corviknight
|-start|p1a: Corviknight|Substitute
|-damage|p1a: Corviknight|44/100
|
|-weather|Sandstorm|[upkeep]
|-heal|p1a: Corviknight|50/100|[from] item: Leftovers
|-damage|p2a: Tyranitar|17/100 tox|[from] psn
|upkeep
|turn|27
|
|move|p2a: Tyranitar|Crunch|p1a: Corviknight
|-end|p1a: Corviknight|Substitute
|move|p1a: Corviknight|Roost|p1a: Corviknight
|-heal|p1a: Corviknight|100/100
|-singleturn|p1a: Corviknight|move: Roost
|
|-weather|Sandstorm|[upkeep]
|-damage|p2a: Tyranitar|0 fnt|[from] psn
|faint|p2a: Tyranitar
|upkeep
|
|switch|p2a: Excadrill|Excadrill, F|100/100
|turn|28
|
|move|p2a: Excadrill|Rock Slide|p1a: Corviknight
|-damage|p1a: Corviknight|83/100
|-damage|p2a: Excadrill|91/100|[from] item: Life Orb
|move|p1a: Corviknight|Substitute|p1a: Corviknight
|-start|p1a: Corviknight|Substitute
|-damage|p1a: Corviknight|58/100
|
|-weather|none
|-heal|p1a: Corviknight|65/100|[from] item: Leftovers
|upkeep
|turn|29
|-message|N30N3 forfeited.
|
|win|Lenape
|l|☆N30N3
||Ladder (probably) updated, but score could not be retrieved (Response not received).
