|j|☆magical gohda chef
|j|☆HOF69
|t:|1651036987
|gametype|singles
|player|p1|magical gohda chef|harlequin|1782
|player|p2|HOF69|red|1817
|teamsize|p1|6
|teamsize|p2|6
|gen|8
|tier|[Gen 8] OU
|rated|
|rule|Sleep Clause Mod: Limit one foe put to sleep
|rule|Species Clause: Limit one of each Pokémon
|rule|OHKO Clause: OHKO moves are banned
|rule|Evasion Moves Clause: Evasion moves are banned
|rule|Endless Battle Clause: Forcing endless battles is banned
|rule|HP Percentage Mod: HP is shown in percentages
|rule|Dynamax Clause: You cannot dynamax
|clearpoke
|poke|p1|Obstagoon, F|
|poke|p1|Heatran, M|
|poke|p1|Landorus-Therian, M|
|poke|p1|Volcanion|
|poke|p1|Tapu Lele|
|poke|p1|Clefable, F|
|poke|p2|Blacephalon|
|poke|p2|Gengar, M|
|poke|p2|Krookodile, M|
|poke|p2|Kartana|
|poke|p2|Tapu Lele|
|poke|p2|Landorus-Therian, M|
|teampreview
|inactive|Battle timer is ON: inactive players will automatically lose when time's up. (requested by magical gohda chef)
|
|t:|1651036993
|start
|switch|p1a: Landorus|Landorus-Therian, M|100/100
|switch|p2a: Krookodile|Krookodile, M|100/100
|-ability|p2a: Krookodile|Intimidate|boost
|-unboost|p1a: Landorus|atk|1
|-ability|p1a: Landorus|Intimidate|boost
|-unboost|p2a: Krookodile|atk|1
|turn|1
|
|t:|1651036996
|move|p2a: Krookodile|Stealth Rock|p1a: Landorus
|-sidestart|p1: magical gohda chef|move: Stealth Rock
|move|p1a: Landorus|U-turn|p2a: Krookodile
|-supereffective|p2a: Krookodile
|-damage|p2a: Krookodile|61/100
|
|t:|1651037002
|switch|p1a: Obstagoon|Obstagoon, F|100/100|[from]move: U-turn
|-damage|p1a: Obstagoon|88/100|[from] Stealth Rock
|
|-status|p1a: Obstagoon|brn|[from] item: Flame Orb
|upkeep
|turn|2
|
|t:|1651037006
|move|p2a: Krookodile|Earthquake|p1a: Obstagoon
|-damage|p1a: Obstagoon|54/100 brn
|move|p1a: Obstagoon|Facade|p2a: Krookodile
|-damage|p2a: Krookodile|0 fnt
|faint|p2a: Krookodile
|
|-damage|p1a: Obstagoon|48/100 brn|[from] brn
|upkeep
|j| ecall
|inactive|HOF69 has 120 seconds left.
|
|t:|1651037040
|switch|p2a: Landorus|Landorus-Therian, M|100/100
|-ability|p2a: Landorus|Intimidate|boost
|-unboost|p1a: Obstagoon|atk|1
|turn|3
|
|t:|1651037043
|switch|p1a: Landorus|Landorus-Therian, M|100/100
|-damage|p1a: Landorus|88/100|[from] Stealth Rock
|-ability|p1a: Landorus|Intimidate|boost
|-unboost|p2a: Landorus|atk|1
|move|p2a: Landorus|U-turn|p1a: Landorus
|-resisted|p1a: Landorus
|-damage|p1a: Landorus|80/100
|-damage|p2a: Landorus|84/100|[from] item: Rocky Helmet|[of] p1a: Landorus
|
|t:|1651037046
|switch|p2a: Tapu Lele|Tapu Lele|100/100|[from]move: U-turn
|-fieldstart|move: Psychic Terrain|[from] ability: Psychic Surge|[of] p2a: Tapu Lele
|
|upkeep
|turn|4
|
|t:|1651037048
|move|p2a: Tapu Lele|Psyshock|p1a: Landorus
|-damage|p1a: Landorus|8/100
|move|p1a: Landorus|Stealth Rock|p2a: Tapu Lele
|-sidestart|p2: HOF69|move: Stealth Rock
|
|upkeep
|turn|5
|
|t:|1651037054
|switch|p1a: Obstagoon|Obstagoon, F|48/100 brn
|-damage|p1a: Obstagoon|35/100 brn|[from] Stealth Rock
|move|p2a: Tapu Lele|Psyshock|p1a: Obstagoon
|-immune|p1a: Obstagoon
|
|-damage|p1a: Obstagoon|29/100 brn|[from] brn
|upkeep
|turn|6
|
|t:|1651037063
|switch|p2a: Landorus|Landorus-Therian, M|84/100
|-damage|p2a: Landorus|72/100|[from] Stealth Rock
|-ability|p2a: Landorus|Intimidate|boost
|-unboost|p1a: Obstagoon|atk|1
|move|p1a: Obstagoon|Knock Off|p2a: Landorus
|-damage|p2a: Landorus|32/100
|-enditem|p2a: Landorus|Assault Vest|[from] move: Knock Off|[of] p1a: Obstagoon
|
|-damage|p1a: Obstagoon|23/100 brn|[from] brn
|upkeep
|turn|7
|
|t:|1651037068
|move|p1a: Obstagoon|Facade|p2a: Landorus
|-damage|p2a: Landorus|0 fnt
|faint|p2a: Landorus
|
|-damage|p1a: Obstagoon|17/100 brn|[from] brn
|-fieldend|move: Psychic Terrain
|upkeep
|
|t:|1651037074
|switch|p2a: Gengar|Gengar, M, shiny|100/100
|-damage|p2a: Gengar|88/100|[from] Stealth Rock
|turn|8
|
|t:|1651037077
|switch|p1a: Landorus|Landorus-Therian, M|8/100
|-damage|p1a: Landorus|0 fnt|[from] Stealth Rock
|faint|p1a: Landorus
|move|p2a: Gengar|Sludge Wave|p1: Landorus|[notarget]
|-fail|p2a: Gengar
|
|upkeep
|
|t:|1651037079
|switch|p1a: Tapu Lele|Tapu Lele|100/100
|-damage|p1a: Tapu Lele|88/100|[from] Stealth Rock
|-fieldstart|move: Psychic Terrain|[from] ability: Psychic Surge|[of] p1a: Tapu Lele
|turn|9
|j| Cybil
|
|t:|1651037086
|move|p1a: Tapu Lele|Psychic|p2a: Gengar
|-supereffective|p2a: Gengar
|-damage|p2a: Gengar|0 fnt
|-start|p1a: Tapu Lele|Disable|Psychic|[from] ability: Cursed Body|[of] p2a: Gengar
|faint|p2a: Gengar
|
|upkeep
|
|t:|1651037093
|switch|p2a: Kartana|Kartana|100/100
|-damage|p2a: Kartana|94/100|[from] Stealth Rock
|turn|10
|
|t:|1651037097
|switch|p1a: Clefable|Clefable, F|100/100
|move|p2a: Kartana|Swords Dance|p2a: Kartana
|-boost|p2a: Kartana|atk|2
|
|upkeep
|turn|11
|
|t:|1651037101
|move|p2a: Kartana|Leaf Blade|p1a: Clefable
|-crit|p1a: Clefable
|-damage|p1a: Clefable|0 fnt
|faint|p1a: Clefable
|-ability|p2a: Kartana|Beast Boost|boost
|-boost|p2a: Kartana|atk|1
|
|upkeep
|
|t:|1651037107
|switch|p1a: Tapu Lele|Tapu Lele|88/100
|-damage|p1a: Tapu Lele|76/100|[from] Stealth Rock
|turn|12
|
|t:|1651037114
|switch|p2a: Tapu Lele|Tapu Lele|100/100
|-damage|p2a: Tapu Lele|88/100|[from] Stealth Rock
|move|p1a: Tapu Lele|Psychic|p2a: Tapu Lele
|-resisted|p2a: Tapu Lele
|-damage|p2a: Tapu Lele|52/100
|
|upkeep
|turn|13
|
|t:|1651037122
|switch|p1a: Volcanion|Volcanion|100/100
|-damage|p1a: Volcanion|76/100|[from] Stealth Rock
|move|p2a: Tapu Lele|Psyshock|p1a: Volcanion
|-damage|p1a: Volcanion|12/100
|
|-fieldend|move: Psychic Terrain
|upkeep
|turn|14
|
|t:|1651037125
|move|p2a: Tapu Lele|Psyshock|p1a: Volcanion
|-damage|p1a: Volcanion|0 fnt
|faint|p1a: Volcanion
|
|upkeep
|
|t:|1651037126
|switch|p1a: Tapu Lele|Tapu Lele|76/100
|-damage|p1a: Tapu Lele|63/100|[from] Stealth Rock
|-fieldstart|move: Psychic Terrain|[from] ability: Psychic Surge|[of] p1a: Tapu Lele
|turn|15
|
|t:|1651037130
|move|p1a: Tapu Lele|Moonblast|p2a: Tapu Lele
|-damage|p2a: Tapu Lele|0 fnt
|faint|p2a: Tapu Lele
|
|upkeep
|
|t:|1651037137
|switch|p2a: Kartana|Kartana|94/100
|-damage|p2a: Kartana|88/100|[from] Stealth Rock
|turn|16
|
|t:|1651037139
|move|p1a: Tapu Lele|Moonblast|p2a: Kartana
|-resisted|p2a: Kartana
|-damage|p2a: Kartana|0 fnt
|faint|p2a: Kartana
|
|upkeep
|
|t:|1651037150
|switch|p2a: Blacephalon|Blacephalon|100/100
|-damage|p2a: Blacephalon|76/100|[from] Stealth Rock
|turn|17
|
|t:|1651037156
|switch|p1a: Heatran|Heatran, M|100/100
|-damage|p1a: Heatran|88/100|[from] Stealth Rock
|-item|p1a: Heatran|Air Balloon
|move|p2a: Blacephalon|Shadow Ball|p1a: Heatran
|-damage|p1a: Heatran|42/100
|-enditem|p1a: Heatran|Air Balloon
|
|upkeep
|turn|18
|
|t:|1651037160
|move|p2a: Blacephalon|Shadow Ball|p1a: Heatran
|-damage|p1a: Heatran|0 fnt
|faint|p1a: Heatran
|-ability|p2a: Blacephalon|Beast Boost|boost
|-boost|p2a: Blacephalon|spa|1
|
|upkeep
|
|t:|1651037161
|switch|p1a: Obstagoon|Obstagoon, F|17/100 brn
|-damage|p1a: Obstagoon|5/100 brn|[from] Stealth Rock
|turn|19
|
|t:|1651037163
|move|p2a: Blacephalon|Shadow Ball|p1a: Obstagoon
|-immune|p1a: Obstagoon
|move|p1a: Obstagoon|Knock Off|p2a: Blacephalon
|-supereffective|p2a: Blacephalon
|-damage|p2a: Blacephalon|0 fnt
|-enditem|p2a: Blacephalon|Choice Scarf|[from] move: Knock Off|[of] p1a: Obstagoon
|faint|p2a: Blacephalon
|
|win|magical gohda chef
|raw|magical gohda chef's rating: 1782 &rarr; <strong>1804</strong><br />(+22 for winning)
|raw|HOF69's rating: 1817 &rarr; <strong>1795</strong><br />(-22 for losing)
|l|☆HOF69
|c|☆magical gohda chef|gg
