|j|☆Iceman8911
|j|☆user1_ou
|inactive|Battle timer is ON: inactive players will automatically lose when time's up.
|t:|1662046928
|gametype|singles
|player|p1|Iceman8911|allister|
|player|p2|user1_ou|eusine|
|teamsize|p1|3
|teamsize|p2|3
|gen|8
|tier|[Gen 8] OU
|rated|Tournament battle
|rule|Sleep Clause Mod: Limit one foe put to sleep
|rule|OHKO Clause: OHKO moves are banned
|rule|Evasion Items Clause: Evasion items are banned
|rule|Evasion Moves Clause: Evasion moves are banned
|rule|Endless Battle Clause: Forcing endless battles is banned
|rule|HP Percentage Mod: HP is shown in percentages
|rule|Dynamax Clause: You cannot dynamax
|clearpoke
|poke|p1|Magikarp, M|
|poke|p1|Magikarp, M|
|poke|p1|Magikarp, F|
|poke|p2|Magikarp, F|
|poke|p2|Magikarp, F|
|poke|p2|Magikarp, F|
|teampreview
|inactive|Iceman8911 also wants the timer to be on.
|j| BeastyJ-Test
|j| sgvh
|j| ChocoMocha
|j|%Sww-Suwa
|c|☆Iceman8911|gl
|j| Kragsler
|c|☆user1_ou|hf
|j| nosoygawi
|
|t:|1662046934
|start
|switch|p1a: St. Karpist|Magikarp, M|100/100
|switch|p2a: Magikarp|Magikarp, F|100/100
|-ability|p2a: Magikarp|Mold Breaker
|turn|1
|j| notazigzagoon
|j| blooclipse
|j| Fatpat Supreme
|
|t:|1662046938
|move|p1a: St. Karpist|Gastro Acid|p2a: Magikarp
|-endability|p2a: Magikarp
|move|p2a: Magikarp|Spikes|p1a: St. Karpist
|-sidestart|p1: Iceman8911|Spikes
|
|upkeep
|turn|2
|c| blooclipse|damn
|j| passthatj
|c| BeastyJ-Test|oh
|c| ChocoMocha|lolollolol
|
|t:|1662046946
|move|p1a: St. Karpist|Conversion|p1a: St. Karpist
|-start|p1a: St. Karpist|typechange|Normal
|move|p2a: Magikarp|Rapid Spin|p1a: St. Karpist
|-immune|p1a: St. Karpist|[from] ability: Wonder Guard
|
|upkeep
|turn|3
|c|☆Iceman8911|hahah
|c| sgvh|stall
|c|%Sww-Suwa|holy shit
|c|%Sww-Suwa|lmao
|
|t:|1662046952
|move|p1a: St. Karpist|Substitute|p1a: St. Karpist
|-start|p1a: St. Karpist|Substitute
|-damage|p1a: St. Karpist|76/100
|move|p2a: Magikarp|Taunt|p1a: St. Karpist
|-start|p1a: St. Karpist|move: Taunt
|
|upkeep
|turn|4
|j| zaydapoketrainer
|
|t:|1662046955
|move|p1a: St. Karpist|Seismic Toss|p2a: Magikarp
|-damage|p2a: Magikarp|60/100
|move|p2a: Magikarp|Spikes|p1a: St. Karpist
|-sidestart|p1: Iceman8911|Spikes
|
|upkeep
|turn|5
|j| 404O
|j| trxgic★
|
|t:|1662046964
|switch|p2a: Magikarp|Magikarp, F|100/100
|move|p1a: St. Karpist|Seismic Toss|p2a: Magikarp
|-damage|p2a: Magikarp|46/100
|
|upkeep
|turn|6
|c| zaydapoketrainer|gastro acid..?
|c| zaydapoketrainer|ah fuck
|
|t:|1662046969
|move|p2a: Magikarp|Trick||[still]
|-fail|p2a: Magikarp
|move|p1a: St. Karpist|Seismic Toss|p2a: Magikarp
|-damage|p2a: Magikarp|0 fnt
|faint|p2a: Magikarp
|
|-end|p1a: St. Karpist|move: Taunt
|upkeep
|
|t:|1662046971
|switch|p2a: Magikarp|Magikarp, F|60/100
|-ability|p2a: Magikarp|Mold Breaker
|turn|7
|c|☆Iceman8911|yes
|c| BeastyJ-Test|well tbh why wouldnt he bring that
|c|☆user1_ou|gg
|j| Gastouche42
|c|☆Iceman8911|gg
|c| 404O|lmao
|
|t:|1662046981
|move|p1a: St. Karpist|Seismic Toss|p2a: Magikarp
|-damage|p2a: Magikarp|19/100
|move|p2a: Magikarp|Taunt|p1a: St. Karpist
|-start|p1a: St. Karpist|move: Taunt
|
|upkeep
|turn|8
|c| zaydapoketrainer|It was meant to be a fun magikarp cup bro
|
|t:|1662046986
|move|p2a: Magikarp|Rapid Spin|p1a: St. Karpist
|-activate|p1a: St. Karpist|move: Substitute|[damage]
|-boost|p2a: Magikarp|spe|1
|move|p1a: St. Karpist|Seismic Toss|p2a: Magikarp
|-damage|p2a: Magikarp|0 fnt
|faint|p2a: Magikarp
|
|upkeep
|
|t:|1662046987
|switch|p2a: Magikarp|Magikarp, F|100/100
|turn|9
|c| zaydapoketrainer|but the stall guy won
|c| blooclipse|just bring taunt conversion ghost sub lol
|
|t:|1662046990
|move|p2a: Magikarp|Seismic Toss|p1a: St. Karpist
|-end|p1a: St. Karpist|Substitute
|-damage|p1a: St. Karpist|35/100
|-hitcount|p1a: St. Karpist|2
|move|p1a: St. Karpist|Seismic Toss|p2a: Magikarp
|-damage|p2a: Magikarp|45/100
|
|upkeep
|turn|10
|c| blooclipse|ezpz
|j| Stads
|c|☆user1_ou|wait
|
|t:|1662046998
|move|p2a: Magikarp|Seismic Toss|p1a: St. Karpist
|-damage|p1a: St. Karpist|0 fnt
|faint|p1a: St. Karpist
|-hitcount|p1: St. Karpist|1
|
|upkeep
|l| nosoygawi
|c| Kragsler|wait
|
|t:|1662047001
|switch|p1a: FEESH|Magikarp, F|100/100
|-damage|p1a: FEESH|84/100|[from] Spikes
|turn|11
|c| BeastyJ-Test|oh
|j| Zemmour & Rick
|c| Kragsler|this is winnable
|
|t:|1662047004
|move|p1a: FEESH|Toxic|p2a: Magikarp
|-status|p2a: Magikarp|tox
|move|p2a: Magikarp|Seismic Toss|p1a: FEESH
|-damage|p1a: FEESH|43/100
|-damage|p1a: FEESH|2/100
|-hitcount|p1a: FEESH|2
|
|-heal|p1a: FEESH|8/100|[from] item: Leftovers
|-damage|p2a: Magikarp|39/100 tox|[from] psn
|upkeep
|turn|12
|c| blooclipse|no it isnt
|
|t:|1662047008
|move|p1a: FEESH|Destiny Bond|p1a: FEESH
|-singlemove|p1a: FEESH|Destiny Bond
|move|p2a: Magikarp|Seismic Toss|p1a: FEESH
|-damage|p1a: FEESH|0 fnt
|faint|p1a: FEESH
|-activate|p1a: FEESH|move: Destiny Bond
|faint|p2a: Magikarp
|
|win|Iceman8911
|-hitcount|p1: FEESH|1
|n|☆Iceman8911|iceman8911
|n|☆user1_ou|user1ou
|n| BeastyJ-Test|beastyjtest
|n| sgvh|sgvh
|n| ChocoMocha|chocomocha
|n| Sww-Suwa|swwsuwa
|n| Kragsler|kragsler
|n| notazigzagoon|notazigzagoon
|n| blooclipse|blooclipse
|n| Fatpat Supreme|fatpatsupreme
|n| passthatj|passthatj
|n| zaydapoketrainer|zaydapoketrainer
|n| 404O|404o
|n| trxgic★|trxgic
|n| Gastouche42|gastouche42
|n| Stads|stads
|n| Zemmour & Rick|zemmourrick
