|j|☆Mutako Z
|j|☆RH astro360
|t:|1632703445
|gametype|singles
|player|p1|Mutako Z|28|1480
|player|p2|RH astro360|marshal|1436
|teamsize|p1|6
|teamsize|p2|6
|gen|8
|tier|[Gen 8] OU
|rated|
|rule|Sleep Clause Mod: Limit one foe put to sleep
|rule|Species Clause: Limit one of each Pokémon
|rule|OHKO Clause: OHKO moves are banned
|rule|Evasion Moves Clause: Evasion moves are banned
|rule|Endless Battle Clause: Forcing endless battles is banned
|rule|HP Percentage Mod: HP is shown in percentages
|rule|Dynamax Clause: You cannot dynamax
|clearpoke
|poke|p1|Hippowdon, M|
|poke|p1|Tyranitar, M|
|poke|p1|Excadrill, M|
|poke|p1|Dracozolt|
|poke|p1|Urshifu-*, M|
|poke|p1|Zapdos|
|poke|p2|Togekiss, M|
|poke|p2|Regieleki|
|poke|p2|Urshifu-*, M|
|poke|p2|Kartana|
|poke|p2|Victini|
|poke|p2|Garchomp, M|
|teampreview
|
|t:|1632703464
|start
|switch|p1a: Excadrill|Excadrill, M|100/100
|switch|p2a: Zeus|Regieleki, shiny|100/100
|turn|1
|
|t:|1632703475
|move|p2a: Zeus|Reflect|p2a: Zeus
|-sidestart|p2: RH astro360|Reflect
|move|p1a: Excadrill|Iron Head|p2a: Zeus
|-resisted|p2a: Zeus
|-damage|p2a: Zeus|73/100
|-damage|p1a: Excadrill|91/100|[from] item: Life Orb
|
|upkeep
|turn|2
|
|t:|1632703481
|move|p2a: Zeus|Light Screen|p2a: Zeus
|-sidestart|p2: RH astro360|move: Light Screen
|move|p1a: Excadrill|Earthquake|p2a: Zeus
|-supereffective|p2a: Zeus
|-damage|p2a: Zeus|0 fnt
|faint|p2a: Zeus
|-damage|p1a: Excadrill|81/100|[from] item: Life Orb
|
|upkeep
|
|t:|1632703497
|switch|p2a: Jimbei|Urshifu-Rapid-Strike, M|100/100
|turn|3
|
|t:|1632703505
|switch|p1a: Zapdos|Zapdos|100/100
|move|p2a: Jimbei|Ice Punch|p1a: Zapdos
|-supereffective|p1a: Zapdos
|-damage|p1a: Zapdos|58/100
|-status|p1a: Zapdos|frz
|
|upkeep
|turn|4
|
|t:|1632703512
|move|p2a: Jimbei|Surging Strikes|p1a: Zapdos
|-crit|p1a: Zapdos
|-damage|p1a: Zapdos|45/100 frz
|-crit|p1a: Zapdos
|-damage|p1a: Zapdos|32/100 frz
|-crit|p1a: Zapdos
|-damage|p1a: Zapdos|17/100 frz
|-hitcount|p1a: Zapdos|3
|cant|p1a: Zapdos|frz
|
|upkeep
|turn|5
|
|t:|1632703522
|move|p2a: Jimbei|Surging Strikes|p1a: Zapdos
|-crit|p1a: Zapdos
|-damage|p1a: Zapdos|1/100 frz
|-crit|p1a: Zapdos
|-damage|p1a: Zapdos|0 fnt
|faint|p1a: Zapdos
|-hitcount|p1: Zapdos|2
|
|upkeep
|
|t:|1632703536
|switch|p1a: Hippowdon|Hippowdon, M|100/100
|-weather|Sandstorm|[from] ability: Sand Stream|[of] p1a: Hippowdon
|turn|6
|
|t:|1632703541
|move|p2a: Jimbei|Surging Strikes|p1a: Hippowdon
|-supereffective|p1a: Hippowdon
|-crit|p1a: Hippowdon
|-damage|p1a: Hippowdon|75/100
|-supereffective|p1a: Hippowdon
|-crit|p1a: Hippowdon
|-damage|p1a: Hippowdon|47/100
|-supereffective|p1a: Hippowdon
|-crit|p1a: Hippowdon
|-damage|p1a: Hippowdon|21/100
|-hitcount|p1a: Hippowdon|3
|move|p1a: Hippowdon|Yawn|p2a: Jimbei
|-start|p2a: Jimbei|move: Yawn|[of] p1a: Hippowdon
|
|-weather|Sandstorm|[upkeep]
|-damage|p2a: Jimbei|94/100|[from] Sandstorm
|upkeep
|turn|7
|
|t:|1632703566
|switch|p2a: Nimbus|Togekiss, M|100/100
|move|p1a: Hippowdon|Stealth Rock|p2a: Nimbus
|-sidestart|p2: RH astro360|move: Stealth Rock
|
|-weather|Sandstorm|[upkeep]
|-damage|p2a: Nimbus|94/100|[from] Sandstorm
|upkeep
|turn|8
|
|t:|1632703573
|move|p2a: Nimbus|Air Slash|p1a: Hippowdon
|-damage|p1a: Hippowdon|0 fnt
|faint|p1a: Hippowdon
|
|-weather|Sandstorm|[upkeep]
|-damage|p2a: Nimbus|88/100|[from] Sandstorm
|-sideend|p2: RH astro360|Reflect
|upkeep
|
|t:|1632703579
|switch|p1a: Dracozolt|Dracozolt|100/100
|turn|9
|
|t:|1632703583
|move|p1a: Dracozolt|Bolt Beak|p2a: Nimbus
|-supereffective|p2a: Nimbus
|-damage|p2a: Nimbus|0 fnt
|faint|p2a: Nimbus
|-damage|p1a: Dracozolt|91/100|[from] item: Life Orb
|
|-weather|Sandstorm|[upkeep]
|-sideend|p2: RH astro360|move: Light Screen
|upkeep
|
|t:|1632703591
|switch|p2a: Franky|Garchomp, M|100/100
|-damage|p2a: Franky|94/100|[from] Stealth Rock
|turn|10
|
|t:|1632703606
|move|p1a: Dracozolt|Draco Meteor|p2a: Franky|[miss]
|-miss|p1a: Dracozolt|p2a: Franky
|move|p2a: Franky|Scale Shot|p1a: Dracozolt
|-supereffective|p1a: Dracozolt
|-damage|p1a: Dracozolt|62/100
|-supereffective|p1a: Dracozolt
|-crit|p1a: Dracozolt
|-damage|p1a: Dracozolt|11/100
|-hitcount|p1a: Dracozolt|2
|-unboost|p2a: Franky|def|1
|-boost|p2a: Franky|spe|1
|
|-weather|Sandstorm|[upkeep]
|upkeep
|turn|11
|
|t:|1632703618
|move|p1a: Dracozolt|Draco Meteor|p2a: Franky
|-supereffective|p2a: Franky
|-damage|p2a: Franky|0 fnt
|-unboost|p1a: Dracozolt|spa|2
|faint|p2a: Franky
|-damage|p1a: Dracozolt|1/100|[from] item: Life Orb
|
|-weather|Sandstorm|[upkeep]
|upkeep
|
|t:|1632703643
|switch|p2a: Jimbei|Urshifu-Rapid-Strike, M|94/100
|-damage|p2a: Jimbei|88/100|[from] Stealth Rock
|turn|12
|
|t:|1632703650
|move|p2a: Jimbei|Aqua Jet|p1a: Dracozolt
|-resisted|p1a: Dracozolt
|-crit|p1a: Dracozolt
|-damage|p1a: Dracozolt|0 fnt
|faint|p1a: Dracozolt
|
|-weather|Sandstorm|[upkeep]
|-damage|p2a: Jimbei|82/100|[from] Sandstorm
|upkeep
|
|t:|1632703658
|switch|p1a: Excadrill|Excadrill, M|81/100
|turn|13
|
|t:|1632703698
|move|p1a: Excadrill|Earthquake|p2a: Jimbei
|-damage|p2a: Jimbei|1/100
|-damage|p1a: Excadrill|71/100|[from] item: Life Orb
|move|p2a: Jimbei|Surging Strikes|p1a: Excadrill
|-supereffective|p1a: Excadrill
|-crit|p1a: Excadrill
|-damage|p1a: Excadrill|0 fnt
|faint|p1a: Excadrill
|-hitcount|p1: Excadrill|1
|
|-weather|none
|upkeep
|
|t:|1632703709
|switch|p1a: Urshifu|Urshifu-Rapid-Strike, M|100/100
|turn|14
|
|t:|1632703714
|move|p2a: Jimbei|Aqua Jet|p1a: Urshifu
|-resisted|p1a: Urshifu
|-damage|p1a: Urshifu|91/100
|move|p1a: Urshifu|U-turn|p2a: Jimbei
|-resisted|p2a: Jimbei
|-damage|p2a: Jimbei|0 fnt
|faint|p2a: Jimbei
|
|t:|1632703720
|switch|p1a: Tyranitar|Tyranitar, M|100/100|[from]move: U-turn
|-weather|Sandstorm|[from] ability: Sand Stream|[of] p1a: Tyranitar
|
|-weather|Sandstorm|[upkeep]
|upkeep
|
|t:|1632703728
|switch|p2a: Zoro|Kartana, shiny|100/100
|-damage|p2a: Zoro|94/100|[from] Stealth Rock
|turn|15
|
|t:|1632703731
|move|p2a: Zoro|Sacred Sword|p1a: Tyranitar
|-supereffective|p1a: Tyranitar
|-damage|p1a: Tyranitar|0 fnt
|faint|p1a: Tyranitar
|-ability|p2a: Zoro|Beast Boost|boost
|-boost|p2a: Zoro|atk|1
|
|-weather|Sandstorm|[upkeep]
|upkeep
|
|t:|1632703738
|switch|p1a: Urshifu|Urshifu-Rapid-Strike, M|91/100
|turn|16
|
|t:|1632703747
|move|p1a: Urshifu|Close Combat|p2a: Zoro
|-supereffective|p2a: Zoro
|-damage|p2a: Zoro|0 fnt
|-unboost|p1a: Urshifu|def|1
|-unboost|p1a: Urshifu|spd|1
|faint|p2a: Zoro
|
|-weather|Sandstorm|[upkeep]
|-damage|p1a: Urshifu|84/100|[from] Sandstorm
|upkeep
|
|t:|1632703757
|switch|p2a: Chopper|Victini|100/100
|-damage|p2a: Chopper|76/100|[from] Stealth Rock
|turn|17
|
|t:|1632703770
|move|p1a: Urshifu|Close Combat|p2a: Chopper
|-resisted|p2a: Chopper
|-damage|p2a: Chopper|47/100
|-unboost|p1a: Urshifu|def|1
|-unboost|p1a: Urshifu|spd|1
|move|p2a: Chopper|Psychic|p1a: Urshifu
|-supereffective|p1a: Urshifu
|-damage|p1a: Urshifu|0 fnt
|faint|p1a: Urshifu
|-damage|p2a: Chopper|37/100|[from] item: Life Orb
|
|win|RH astro360
|raw|Mutako Z's rating: 1480 &rarr; <strong>1457</strong><br />(-23 for losing)
|raw|RH astro360's rating: 1436 &rarr; <strong>1459</strong><br />(+23 for winning)
|l|☆Mutako Z
|c|☆RH astro360|gg
