|j|☆brettfavreguilty
|j|☆Kasumitot
|t:|1667460039
|gametype|singles
|player|p1|brettfavreguilty|harlequin|1723
|player|p2|Kasumitot|lady|1805
|teamsize|p1|6
|teamsize|p2|6
|gen|8
|tier|[Gen 8] OU
|rated|
|rule|Sleep Clause Mod: Limit one foe put to sleep
|rule|Species Clause: Limit one of each Pokémon
|rule|OHKO Clause: OHKO moves are banned
|rule|Evasion Items Clause: Evasion items are banned
|rule|Evasion Moves Clause: Evasion moves are banned
|rule|Endless Battle Clause: Forcing endless battles is banned
|rule|HP Percentage Mod: HP is shown in percentages
|rule|Dynamax Clause: You cannot dynamax
|clearpoke
|poke|p1|Pelipper, M|
|poke|p1|Melmetal|
|poke|p1|Inteleon, F|
|poke|p1|Ferrothorn, F|
|poke|p1|Barraskewda, F|
|poke|p1|Seismitoad, F|
|poke|p2|Tyranitar, M|
|poke|p2|Tapu Lele|
|poke|p2|Landorus-Therian, M|
|poke|p2|Regieleki|
|poke|p2|Toxapex, M|
|poke|p2|Ferrothorn, F|
|teampreview
|inactive|Battle timer is ON: inactive players will automatically lose when time's up. (requested by brettfavreguilty)
|j| LT_Alt1
|
|t:|1667460061
|start
|switch|p1a: Ferrothorn|Ferrothorn, F|100/100
|switch|p2a: Tapu Lele|Tapu Lele|100/100
|-fieldstart|move: Psychic Terrain|[from] ability: Psychic Surge|[of] p2a: Tapu Lele
|turn|1
|
|t:|1667460067
|move|p2a: Tapu Lele|Focus Blast|p1a: Ferrothorn
|-supereffective|p1a: Ferrothorn
|-damage|p1a: Ferrothorn|25/100
|-unboost|p1a: Ferrothorn|spd|1
|move|p1a: Ferrothorn|Gyro Ball|p2a: Tapu Lele
|-supereffective|p2a: Tapu Lele
|-damage|p2a: Tapu Lele|0 fnt
|faint|p2a: Tapu Lele
|
|-heal|p1a: Ferrothorn|31/100|[from] item: Leftovers
|upkeep
|
|t:|1667460077
|switch|p2a: Landorus|Landorus-Therian, M|100/100
|-ability|p2a: Landorus|Intimidate|boost
|-unboost|p1a: Ferrothorn|atk|1
|turn|2
|
|t:|1667460079
|switch|p1a: Pelipper|Pelipper, M|100/100
|-weather|RainDance|[from] ability: Drizzle|[of] p1a: Pelipper
|move|p2a: Landorus|Earthquake|p1a: Pelipper
|-immune|p1a: Pelipper
|
|-weather|RainDance|[upkeep]
|upkeep
|turn|3
|
|t:|1667460082
|move|p2a: Landorus|Stealth Rock|p1a: Pelipper
|-sidestart|p1: brettfavreguilty|move: Stealth Rock
|move|p1a: Pelipper|Scald|p2a: Landorus
|-supereffective|p2a: Landorus
|-damage|p2a: Landorus|0 fnt
|faint|p2a: Landorus
|
|-weather|RainDance|[upkeep]
|upkeep
|j| cypherstest
|
|t:|1667460092
|switch|p2a: Regieleki|Regieleki|100/100
|turn|4
|
|t:|1667460100
|switch|p2a: Tyranitar|Tyranitar, M|100/100
|-weather|Sandstorm|[from] ability: Sand Stream|[of] p2a: Tyranitar
|switch|p1a: Seismitoad|Seismitoad, F|100/100
|-damage|p1a: Seismitoad|95/100|[from] Stealth Rock
|
|-weather|Sandstorm|[upkeep]
|upkeep
|turn|5
|
|t:|1667460107
|move|p1a: Seismitoad|Earth Power|p2a: Tyranitar
|-supereffective|p2a: Tyranitar
|-crit|p2a: Tyranitar
|-damage|p2a: Tyranitar|3/100
|-damage|p1a: Seismitoad|85/100|[from] item: Life Orb
|move|p2a: Tyranitar|Crunch|p1a: Seismitoad
|-damage|p1a: Seismitoad|0 fnt
|faint|p1a: Seismitoad
|
|-weather|Sandstorm|[upkeep]
|-fieldend|move: Psychic Terrain
|upkeep
|
|t:|1667460110
|switch|p1a: Ferrothorn|Ferrothorn, F|31/100
|-damage|p1a: Ferrothorn|25/100|[from] Stealth Rock
|turn|6
|
|t:|1667460119
|move|p2a: Tyranitar|Crunch|p1a: Ferrothorn
|-damage|p1a: Ferrothorn|0 fnt
|-damage|p2a: Tyranitar|0 fnt|[from] ability: Iron Barbs|[of] p1a: Ferrothorn
|faint|p1a: Ferrothorn
|faint|p2a: Tyranitar
|
|-weather|Sandstorm|[upkeep]
|upkeep
|
|t:|1667460127
|switch|p2a: Regieleki|Regieleki|100/100
|switch|p1a: Melmetal|Melmetal|100/100
|-damage|p1a: Melmetal|94/100|[from] Stealth Rock
|turn|7
|
|t:|1667460131
|move|p2a: Regieleki|Volt Switch|p1a: Melmetal
|-damage|p1a: Melmetal|40/100
|
|t:|1667460136
|switch|p2a: Ferrothorn|Ferrothorn, F|100/100|[from]move: Volt Switch
|move|p1a: Melmetal|Double Iron Bash|p2a: Ferrothorn
|-resisted|p2a: Ferrothorn
|-damage|p2a: Ferrothorn|76/100
|-damage|p1a: Melmetal|28/100|[from] ability: Iron Barbs|[of] p2a: Ferrothorn
|-resisted|p2a: Ferrothorn
|-damage|p2a: Ferrothorn|50/100
|-damage|p1a: Melmetal|16/100|[from] ability: Iron Barbs|[of] p2a: Ferrothorn
|-hitcount|p2a: Ferrothorn|2
|
|-weather|Sandstorm|[upkeep]
|upkeep
|turn|8
|
|t:|1667460140
|move|p1a: Melmetal|Double Iron Bash|p2a: Ferrothorn
|-resisted|p2a: Ferrothorn
|-damage|p2a: Ferrothorn|27/100
|-damage|p1a: Melmetal|3/100|[from] ability: Iron Barbs|[of] p2a: Ferrothorn
|-resisted|p2a: Ferrothorn
|-damage|p2a: Ferrothorn|4/100
|-damage|p1a: Melmetal|0 fnt|[from] ability: Iron Barbs|[of] p2a: Ferrothorn
|faint|p1a: Melmetal
|-hitcount|p2a: Ferrothorn|2
|move|p2a: Ferrothorn|Spikes|p1: Melmetal
|-sidestart|p1: brettfavreguilty|Spikes
|
|-weather|none
|upkeep
|
|t:|1667460143
|switch|p1a: Pelipper|Pelipper, M|100/100
|-damage|p1a: Pelipper|76/100|[from] Stealth Rock
|-weather|RainDance|[from] ability: Drizzle|[of] p1a: Pelipper
|turn|9
|
|t:|1667460167
|move|p1a: Pelipper|Scald|p2a: Ferrothorn
|-resisted|p2a: Ferrothorn
|-damage|p2a: Ferrothorn|0 fnt
|faint|p2a: Ferrothorn
|
|-weather|RainDance|[upkeep]
|upkeep
|
|t:|1667460170
|switch|p2a: Regieleki|Regieleki|100/100
|turn|10
|inactive|Kasumitot has 120 seconds left.
|
|t:|1667460214
|move|p2a: Regieleki|Thunderbolt|p1a: Pelipper
|-supereffective|p1a: Pelipper
|-damage|p1a: Pelipper|0 fnt
|faint|p1a: Pelipper
|
|-weather|RainDance|[upkeep]
|upkeep
|
|t:|1667460223
|switch|p1a: Barraskewda|Barraskewda, F|100/100
|-damage|p1a: Barraskewda|88/100|[from] Stealth Rock
|-damage|p1a: Barraskewda|76/100|[from] Spikes
|turn|11
|j| chovy lanmao
|j| Kyurem
|
|t:|1667460228
|switch|p2a: Toxapex|Toxapex, M|100/100
|move|p1a: Barraskewda|Flip Turn|p2a: Toxapex
|-resisted|p2a: Toxapex
|-damage|p2a: Toxapex|76/100
|-damage|p1a: Barraskewda|60/100|[from] item: Rocky Helmet|[of] p2a: Toxapex
|
|t:|1667460233
|switch|p1a: GALARIAN SNIPER|Inteleon, F|100/100|[from]move: Flip Turn
|-damage|p1a: GALARIAN SNIPER|88/100|[from] Stealth Rock
|-damage|p1a: GALARIAN SNIPER|76/100|[from] Spikes
|
|-weather|RainDance|[upkeep]
|upkeep
|turn|12
|
|t:|1667460240
|move|p1a: GALARIAN SNIPER|Focus Energy|p1a: GALARIAN SNIPER
|-start|p1a: GALARIAN SNIPER|move: Focus Energy
|move|p2a: Toxapex|Recover|p2a: Toxapex
|-heal|p2a: Toxapex|100/100
|
|-weather|RainDance|[upkeep]
|upkeep
|turn|13
|
|t:|1667460250
|move|p1a: GALARIAN SNIPER|Hydro Cannon|p2a: Toxapex
|-resisted|p2a: Toxapex
|-crit|p2a: Toxapex
|-damage|p2a: Toxapex|0 fnt
|-mustrecharge|p1a: GALARIAN SNIPER
|faint|p2a: Toxapex
|
|-weather|RainDance|[upkeep]
|upkeep
|
|t:|1667460262
|switch|p2a: Regieleki|Regieleki|100/100
|turn|14
|
|t:|1667460265
|move|p2a: Regieleki|Thunderbolt|p1a: GALARIAN SNIPER
|-supereffective|p1a: GALARIAN SNIPER
|-damage|p1a: GALARIAN SNIPER|0 fnt
|faint|p1a: GALARIAN SNIPER
|
|-weather|RainDance|[upkeep]
|upkeep
|
|t:|1667460266
|switch|p1a: Barraskewda|Barraskewda, F|60/100
|-damage|p1a: Barraskewda|48/100|[from] Stealth Rock
|-damage|p1a: Barraskewda|35/100|[from] Spikes
|turn|15
|
|t:|1667460268
|move|p1a: Barraskewda|Liquidation|p2a: Regieleki
|-damage|p2a: Regieleki|0 fnt
|faint|p2a: Regieleki
|
|win|brettfavreguilty
|raw|brettfavreguilty's rating: 1723 &rarr; <strong>1748</strong><br />(+25 for winning)
|raw|Kasumitot's rating: 1805 &rarr; <strong>1780</strong><br />(-25 for losing)
|c|☆brettfavreguilty|gg
|l|☆Kasumitot
