|j|☆DashIsBack
|j|☆Draco09876
|t:|1654309761
|gametype|singles
|player|p1|DashIsBack|gambler|1663
|player|p2|Draco09876|169|1568
|teamsize|p1|6
|teamsize|p2|6
|gen|8
|tier|[Gen 8] OU
|rated|
|rule|Sleep Clause Mod: Limit one foe put to sleep
|rule|Species Clause: Limit one of each Pokémon
|rule|OHKO Clause: OHKO moves are banned
|rule|Evasion Moves Clause: Evasion moves are banned
|rule|Endless Battle Clause: Forcing endless battles is banned
|rule|HP Percentage Mod: HP is shown in percentages
|rule|Dynamax Clause: You cannot dynamax
|clearpoke
|poke|p1|Hitmonchan, M|
|poke|p1|Scizor, M|
|poke|p1|Weavile, M|
|poke|p1|Swampert, F|
|poke|p1|Vikavolt, M|
|poke|p1|Blaziken, M|
|poke|p2|Shuckle, F|
|poke|p2|Ferrothorn, F|
|poke|p2|Zapdos-Galar|
|poke|p2|Kartana|
|poke|p2|Tapu Lele|
|poke|p2|Nidoking, M|
|teampreview
|inactive|Battle timer is ON: inactive players will automatically lose when time's up. (requested by DashIsBack)
|
|t:|1654309771
|start
|switch|p1a: Gradius|Vikavolt, M, shiny|100/100
|switch|p2a: Nidoking|Nidoking, M|100/100
|turn|1
|
|t:|1654309779
|switch|p1a: Kipper|Swampert, F, shiny|100/100
|move|p2a: Nidoking|Flamethrower|p1a: Kipper
|-resisted|p1a: Kipper
|-damage|p1a: Kipper|85/100
|
|upkeep
|turn|2
|
|t:|1654309783
|switch|p2a: Ferrothorn|Ferrothorn, F|100/100
|move|p1a: Kipper|Stealth Rock|p2a: Ferrothorn
|-sidestart|p2: Draco09876|move: Stealth Rock
|
|upkeep
|turn|3
|
|t:|1654309806
|switch|p1a: Gradius|Vikavolt, M, shiny|100/100
|switch|p2a: Zapdos|Zapdos-Galar|100/100
|-damage|p2a: Zapdos|88/100|[from] Stealth Rock
|
|upkeep
|turn|4
|
|t:|1654309813
|move|p2a: Zapdos|Brave Bird|p1a: Gradius
|-damage|p1a: Gradius|50/100
|-damage|p2a: Zapdos|72/100|[from] item: Rocky Helmet|[of] p1a: Gradius
|-damage|p2a: Zapdos|53/100|[from] Recoil
|move|p1a: Gradius|Sticky Web|p2a: Zapdos
|-sidestart|p2: Draco09876|move: Sticky Web
|
|upkeep
|turn|5
|
|t:|1654309821
|move|p2a: Zapdos|Brave Bird|p1a: Gradius
|-damage|p1a: Gradius|0 fnt
|-damage|p2a: Zapdos|37/100|[from] item: Rocky Helmet|[of] p1a: Gradius
|faint|p1a: Gradius
|-damage|p2a: Zapdos|18/100|[from] Recoil
|
|upkeep
|
|t:|1654309840
|switch|p1a: Sin|Weavile, M|100/100
|turn|6
|
|t:|1654309843
|move|p1a: Sin|Ice Shard|p2a: Zapdos
|-supereffective|p2a: Zapdos
|-damage|p2a: Zapdos|0 fnt
|faint|p2a: Zapdos
|-damage|p1a: Sin|91/100|[from] item: Life Orb
|
|upkeep
|
|t:|1654309852
|switch|p2a: Ferrothorn|Ferrothorn, F|100/100
|-damage|p2a: Ferrothorn|94/100|[from] Stealth Rock
|-activate|p2a: Ferrothorn|move: Sticky Web
|-unboost|p2a: Ferrothorn|spe|1
|turn|7
|inactive|DashIsBack has 120 seconds left.
|
|t:|1654309891
|switch|p1a: Kipper|Swampert, F, shiny|85/100
|move|p2a: Ferrothorn|Knock Off|p1a: Kipper
|-damage|p1a: Kipper|70/100
|-damage|p2a: Ferrothorn|78/100|[from] item: Rocky Helmet|[of] p1a: Kipper
|-enditem|p1a: Kipper|Rocky Helmet|[from] move: Knock Off|[of] p2a: Ferrothorn
|
|-heal|p2a: Ferrothorn|84/100|[from] item: Leftovers
|upkeep
|turn|8
|
|t:|1654309897
|move|p1a: Kipper|Scald|p2a: Ferrothorn
|-resisted|p2a: Ferrothorn
|-damage|p2a: Ferrothorn|74/100
|move|p2a: Ferrothorn|Spikes|p1a: Kipper
|-sidestart|p1: DashIsBack|Spikes
|
|-heal|p2a: Ferrothorn|80/100|[from] item: Leftovers
|upkeep
|turn|9
|
|t:|1654309902
|switch|p2a: Shuckle|Shuckle, F|100/100
|-damage|p2a: Shuckle|76/100|[from] Stealth Rock
|-activate|p2a: Shuckle|move: Sticky Web
|-unboost|p2a: Shuckle|spe|1
|move|p1a: Kipper|Scald|p2a: Shuckle
|-supereffective|p2a: Shuckle
|-damage|p2a: Shuckle|51/100
|
|upkeep
|turn|10
|
|t:|1654309905
|move|p1a: Kipper|Scald|p2a: Shuckle
|-supereffective|p2a: Shuckle
|-damage|p2a: Shuckle|26/100
|move|p2a: Shuckle|Sticky Web|p1a: Kipper
|-sidestart|p1: DashIsBack|move: Sticky Web
|
|upkeep
|turn|11
|
|t:|1654309911
|switch|p1a: Tychan|Hitmonchan, M|100/100
|-damage|p1a: Tychan|88/100|[from] Spikes
|-activate|p1a: Tychan|move: Sticky Web
|-unboost|p1a: Tychan|spe|1
|move|p2a: Shuckle|Stealth Rock|p1a: Tychan
|-sidestart|p1: DashIsBack|move: Stealth Rock
|
|upkeep
|turn|12
|
|t:|1654309915
|move|p1a: Tychan|Rapid Spin|p2a: Shuckle
|-resisted|p2a: Shuckle
|-damage|p2a: Shuckle|20/100
|-boost|p1a: Tychan|spe|1
|-sideend|p1: DashIsBack|Spikes|[from] move: Rapid Spin|[of] p1a: Tychan
|-sideend|p1: DashIsBack|Stealth Rock|[from] move: Rapid Spin|[of] p1a: Tychan
|-sideend|p1: DashIsBack|Sticky Web|[from] move: Rapid Spin|[of] p1a: Tychan
|move|p2a: Shuckle|Encore|p1a: Tychan
|-start|p1a: Tychan|Encore
|
|upkeep
|turn|13
|
|t:|1654309921
|move|p1a: Tychan|Rapid Spin|p2a: Shuckle
|-resisted|p2a: Shuckle
|-damage|p2a: Shuckle|14/100
|-boost|p1a: Tychan|spe|1
|move|p2a: Shuckle|Sticky Web|p1a: Tychan
|-sidestart|p1: DashIsBack|move: Sticky Web
|
|upkeep
|turn|14
|
|t:|1654309925
|switch|p2a: Kartana|Kartana|100/100
|-damage|p2a: Kartana|94/100|[from] Stealth Rock
|-activate|p2a: Kartana|move: Sticky Web
|-unboost|p2a: Kartana|spe|1
|move|p1a: Tychan|Rapid Spin|p2a: Kartana
|-resisted|p2a: Kartana
|-damage|p2a: Kartana|86/100
|-boost|p1a: Tychan|spe|1
|-sideend|p1: DashIsBack|Sticky Web|[from] move: Rapid Spin|[of] p1a: Tychan
|
|upkeep
|turn|15
|
|t:|1654309931
|switch|p1a: Kipper|Swampert, F, shiny|70/100
|move|p2a: Kartana|Knock Off|p1a: Kipper
|-damage|p1a: Kipper|43/100
|-damage|p2a: Kartana|77/100|[from] item: Life Orb
|
|upkeep
|turn|16
|
|t:|1654309936
|move|p2a: Kartana|Leaf Blade|p1a: Kipper
|-supereffective|p1a: Kipper
|-damage|p1a: Kipper|0 fnt
|faint|p1a: Kipper
|-ability|p2a: Kartana|Beast Boost|boost
|-boost|p2a: Kartana|atk|1
|-damage|p2a: Kartana|67/100|[from] item: Life Orb
|
|upkeep
|
|t:|1654309938
|switch|p1a: Ken|Blaziken, M, shiny|100/100
|turn|17
|
|t:|1654309943
|switch|p2a: Shuckle|Shuckle, F|14/100
|-damage|p2a: Shuckle|0 fnt|[from] Stealth Rock
|-activate|p2a: Shuckle|move: Sticky Web
|faint|p2a: Shuckle
|move|p1a: Ken|Vacuum Wave|p2: Shuckle|[notarget]
|-fail|p1a: Ken
|
|-ability|p1a: Ken|Speed Boost|boost
|-boost|p1a: Ken|spe|1
|upkeep
|
|t:|1654309946
|switch|p2a: Tapu Lele|Tapu Lele|100/100
|-damage|p2a: Tapu Lele|88/100|[from] Stealth Rock
|-activate|p2a: Tapu Lele|move: Sticky Web
|-unboost|p2a: Tapu Lele|spe|1
|-fieldstart|move: Psychic Terrain|[from] ability: Psychic Surge|[of] p2a: Tapu Lele
|turn|18
|
|t:|1654309950
|move|p1a: Ken|Overheat|p2a: Tapu Lele
|-damage|p2a: Tapu Lele|20/100
|-unboost|p1a: Ken|spa|2
|move|p2a: Tapu Lele|Moonblast|p1a: Ken
|-enditem|p1a: Ken|Focus Sash
|-damage|p1a: Ken|1/100
|-damage|p2a: Tapu Lele|10/100|[from] item: Life Orb
|
|-ability|p1a: Ken|Speed Boost|boost
|-boost|p1a: Ken|spe|1
|upkeep
|turn|19
|
|t:|1654309959
|move|p1a: Ken|Earthquake|p2a: Tapu Lele
|-damage|p2a: Tapu Lele|0 fnt
|faint|p2a: Tapu Lele
|
|-ability|p1a: Ken|Speed Boost|boost
|-boost|p1a: Ken|spe|1
|upkeep
|
|t:|1654309965
|switch|p2a: Nidoking|Nidoking, M|100/100
|-damage|p2a: Nidoking|95/100|[from] Stealth Rock
|-activate|p2a: Nidoking|move: Sticky Web
|-unboost|p2a: Nidoking|spe|1
|turn|20
|
|t:|1654309971
|move|p1a: Ken|Earthquake|p2a: Nidoking
|-supereffective|p2a: Nidoking
|-damage|p2a: Nidoking|25/100
|move|p2a: Nidoking|Flamethrower|p1a: Ken
|-resisted|p1a: Ken
|-damage|p1a: Ken|0 fnt
|faint|p1a: Ken
|
|upkeep
|
|t:|1654309975
|switch|p1a: Sin|Weavile, M|91/100
|turn|21
|j| Iwatchu◉‿◉
|
|t:|1654309978
|move|p1a: Sin|Knock Off|p2a: Nidoking
|-damage|p2a: Nidoking|0 fnt
|-enditem|p2a: Nidoking|Life Orb|[from] move: Knock Off|[of] p1a: Sin
|faint|p2a: Nidoking
|-damage|p1a: Sin|81/100|[from] item: Life Orb
|
|upkeep
|
|t:|1654309986
|switch|p2a: Ferrothorn|Ferrothorn, F|80/100
|-damage|p2a: Ferrothorn|74/100|[from] Stealth Rock
|-activate|p2a: Ferrothorn|move: Sticky Web
|-unboost|p2a: Ferrothorn|spe|1
|turn|22
|
|t:|1654309989
|move|p1a: Sin|Low Kick|p2a: Ferrothorn
|-supereffective|p2a: Ferrothorn
|-damage|p2a: Ferrothorn|23/100
|-damage|p1a: Sin|68/100|[from] ability: Iron Barbs|[of] p2a: Ferrothorn
|-damage|p1a: Sin|58/100|[from] item: Life Orb
|move|p2a: Ferrothorn|Body Press|p1a: Sin
|-supereffective|p1a: Sin
|-damage|p1a: Sin|0 fnt
|faint|p1a: Sin
|
|-heal|p2a: Ferrothorn|29/100|[from] item: Leftovers
|-fieldend|move: Psychic Terrain
|upkeep
|
|t:|1654309992
|switch|p1a: Akashi|Scizor, M|100/100
|turn|23
|
|t:|1654309995
|move|p1a: Akashi|U-turn|p2a: Ferrothorn
|-crit|p2a: Ferrothorn
|-damage|p2a: Ferrothorn|0 fnt
|-damage|p1a: Akashi|88/100|[from] ability: Iron Barbs|[of] p2a: Ferrothorn
|faint|p2a: Ferrothorn
|
|t:|1654309997
|switch|p1a: Tychan|Hitmonchan, M|88/100|[from]move: U-turn
|
|upkeep
|
|t:|1654309999
|switch|p2a: Kartana|Kartana|67/100
|-damage|p2a: Kartana|61/100|[from] Stealth Rock
|-activate|p2a: Kartana|move: Sticky Web
|-unboost|p2a: Kartana|spe|1
|turn|24
|
|t:|1654310004
|move|p1a: Tychan|Mach Punch|p2a: Kartana
|-supereffective|p2a: Kartana
|-damage|p2a: Kartana|17/100
|move|p2a: Kartana|Smart Strike|p1a: Tychan
|-damage|p1a: Tychan|12/100
|-damage|p2a: Kartana|7/100|[from] item: Life Orb
|
|upkeep
|turn|25
|-message|Draco09876 forfeited.
|
|win|DashIsBack
|raw|DashIsBack's rating: 1644 &rarr; <strong>1660</strong><br />(+16 for winning)
|raw|Draco09876's rating: 1568 &rarr; <strong>1552</strong><br />(-16 for losing)
|l|☆Draco09876
|l|☆DashIsBack
||Ladder isn't responding, score probably updated but might not have (Request timeout).
