|j|☆wsdfg
|j|‽free rent
|t:|1604941499
|player|p1|wsdfg|burglar|1837
|player|p2|free rent|265|1890
|teamsize|p1|6
|teamsize|p2|6
|gametype|singles
|gen|8
|tier|[Gen 8] OU
|rated|
|clearpoke
|poke|p1|Tapu Fini|
|poke|p1|Zapdos|
|poke|p1|Blissey, F|
|poke|p1|Landorus-Therian, M|
|poke|p1|Melmetal|
|poke|p1|Spectrier|
|poke|p2|Pheromosa|
|poke|p2|Clefable, F|
|poke|p2|Excadrill, M|
|poke|p2|Tyranitar, M|
|poke|p2|Slowbro, F|
|poke|p2|Zapdos|
|rule|Sleep Clause Mod: Limit one foe put to sleep
|rule|Species Clause: Limit one of each Pokémon
|rule|OHKO Clause: OHKO moves are banned
|rule|Evasion Moves Clause: Evasion moves are banned
|rule|Endless Battle Clause: Forcing endless battles is banned
|rule|HP Percentage Mod: HP is shown in percentages
|rule|Dynamax Clause: You cannot dynamax
|teampreview
|j| lodohodo
|j| Fulmonjor
|l| Fulmonjor
|
|t:|1604941559
|start
|switch|p1a: Tapu Fini|Tapu Fini|100/100
|switch|p2a: Zapdos|Zapdos|100/100
|-fieldstart|move: Misty Terrain|[from] ability: Misty Surge|[of] p1a: Tapu Fini
|turn|1
|inactive|Battle timer is ON: inactive players will automatically lose when time's up. (requested by free rent)
|
|t:|1604941596
|switch|p1a: Landorus|Landorus-Therian, M|100/100
|-ability|p1a: Landorus|Intimidate|boost
|-unboost|p2a: Zapdos|atk|1
|move|p2a: Zapdos|Volt Switch|p1a: Landorus
|-immune|p1a: Landorus
|
|upkeep
|turn|2
|
|t:|1604941605
|move|p1a: Landorus|Stealth Rock|p2a: Zapdos
|-sidestart|p2: free rent|move: Stealth Rock
|move|p2a: Zapdos|Volt Switch|p1a: Landorus
|-immune|p1a: Landorus
|
|upkeep
|turn|3
|
|t:|1604941624
|move|p1a: Landorus|U-turn|p2a: Zapdos
|-resisted|p2a: Zapdos
|-damage|p2a: Zapdos|90/100
|
|t:|1604941630
|switch|p1a: Blissey|Blissey, F|100/100|[from]move: U-turn
|move|p2a: Zapdos|Toxic|p1a: Blissey
|-activate|p1a: Blissey|move: Misty Terrain
|
|upkeep
|turn|4
|
|t:|1604941634
|move|p2a: Zapdos|Volt Switch|p1a: Blissey
|-damage|p1a: Blissey|89/100
|
|t:|1604941639
|switch|p2a: Tyranitar|Tyranitar, M|100/100|[from]move: Volt Switch
|-weather|Sandstorm|[from] ability: Sand Stream|[of] p2a: Tyranitar
|move|p1a: Blissey|Teleport|p1a: Blissey
|
|t:|1604941647
|switch|p1a: Melmetal|Melmetal|100/100|[from]move: Teleport
|
|-weather|Sandstorm|[upkeep]
|upkeep
|turn|5
|j| ii88i8iu7u
|l| ii88i8iu7u
|
|t:|1604941673
|switch|p2a: Zapdos|Zapdos|90/100
|move|p1a: Melmetal|Earthquake|p2a: Zapdos
|-immune|p2a: Zapdos
|
|-weather|Sandstorm|[upkeep]
|-damage|p2a: Zapdos|84/100|[from] Sandstorm
|-fieldend|Misty Terrain
|upkeep
|turn|6
|j| BleedMagic
|
|t:|1604941685
|switch|p1a: Landorus|Landorus-Therian, M|100/100
|-ability|p1a: Landorus|Intimidate|boost
|-unboost|p2a: Zapdos|atk|1
|move|p2a: Zapdos|Heat Wave|p1a: Landorus
|-damage|p1a: Landorus|73/100
|
|-weather|Sandstorm|[upkeep]
|-damage|p2a: Zapdos|78/100|[from] Sandstorm
|-heal|p1a: Landorus|79/100|[from] item: Leftovers
|upkeep
|turn|7
|j| ppev
|
|t:|1604941689
|move|p1a: Landorus|Toxic|p2a: Zapdos
|-status|p2a: Zapdos|tox
|move|p2a: Zapdos|Volt Switch|p1a: Landorus
|-immune|p1a: Landorus
|
|-weather|Sandstorm|[upkeep]
|-damage|p2a: Zapdos|72/100 tox|[from] Sandstorm
|-heal|p1a: Landorus|85/100|[from] item: Leftovers
|-damage|p2a: Zapdos|66/100 tox|[from] psn
|upkeep
|turn|8
|
|t:|1604941693
|move|p1a: Landorus|U-turn|p2a: Zapdos
|-resisted|p2a: Zapdos
|-damage|p2a: Zapdos|56/100 tox
|-status|p1a: Landorus|par|[from] ability: Static|[of] p2a: Zapdos
|
|t:|1604941695
|switch|p1a: Blissey|Blissey, F|89/100|[from]move: U-turn
|move|p2a: Zapdos|Volt Switch|p1a: Blissey
|-damage|p1a: Blissey|79/100
|j| land of trump win
|
|t:|1604941703
|switch|p2a: Tyranitar|Tyranitar, M|100/100|[from]move: Volt Switch
|
|-weather|none
|upkeep
|turn|9
|
|t:|1604941707
|switch|p1a: Melmetal|Melmetal|100/100
|move|p2a: Tyranitar|Stealth Rock|p1a: Melmetal
|-sidestart|p1: wsdfg|move: Stealth Rock
|
|upkeep
|turn|10
|
|t:|1604941714
|switch|p2a: Slowbro|Slowbro, F|100/100
|move|p1a: Melmetal|Earthquake|p2a: Slowbro
|-damage|p2a: Slowbro|78/100
|
|upkeep
|turn|11
|
|t:|1604941719
|switch|p1a: Tapu Fini|Tapu Fini|100/100
|-damage|p1a: Tapu Fini|88/100|[from] Stealth Rock
|-fieldstart|move: Misty Terrain|[from] ability: Misty Surge|[of] p1a: Tapu Fini
|move|p2a: Slowbro|Teleport|p2a: Slowbro
|
|t:|1604941722
|switch|p2a: Excadrill|Excadrill, M|100/100|[from]move: Teleport
|-damage|p2a: Excadrill|97/100|[from] Stealth Rock
|
|-heal|p1a: Tapu Fini|94/100|[from] item: Leftovers
|upkeep
|turn|12
|
|t:|1604941725
|move|p2a: Excadrill|Iron Head|p1a: Tapu Fini
|-damage|p1a: Tapu Fini|50/100
|move|p1a: Tapu Fini|Whirlpool|p2a: Excadrill
|-supereffective|p2a: Excadrill
|-damage|p2a: Excadrill|68/100
|-activate|p2a: Excadrill|move: Whirlpool|[of] p1a: Tapu Fini
|
|-heal|p1a: Tapu Fini|56/100|[from] item: Leftovers
|-damage|p2a: Excadrill|55/100|[from] move: Whirlpool|[partiallytrapped]
|upkeep
|turn|13
|
|t:|1604941730
|move|p1a: Tapu Fini|Protect|p1a: Tapu Fini
|-singleturn|p1a: Tapu Fini|Protect
|move|p2a: Excadrill|Iron Head|p1a: Tapu Fini
|-activate|p1a: Tapu Fini|move: Protect
|
|-heal|p1a: Tapu Fini|62/100|[from] item: Leftovers
|-damage|p2a: Excadrill|43/100|[from] move: Whirlpool|[partiallytrapped]
|upkeep
|turn|14
|
|t:|1604941738
|move|p2a: Excadrill|Iron Head|p1a: Tapu Fini
|-damage|p1a: Tapu Fini|18/100
|move|p1a: Tapu Fini|Whirlpool|p2a: Excadrill|[miss]
|-miss|p1a: Tapu Fini|p2a: Excadrill
|
|-heal|p1a: Tapu Fini|24/100|[from] item: Leftovers
|-damage|p2a: Excadrill|30/100|[from] move: Whirlpool|[partiallytrapped]
|upkeep
|turn|15
|
|t:|1604941742
|move|p1a: Tapu Fini|Protect|p1a: Tapu Fini
|-singleturn|p1a: Tapu Fini|Protect
|move|p2a: Excadrill|Iron Head|p1a: Tapu Fini
|-activate|p1a: Tapu Fini|move: Protect
|
|-heal|p1a: Tapu Fini|30/100|[from] item: Leftovers
|-damage|p2a: Excadrill|18/100|[from] move: Whirlpool|[partiallytrapped]
|-fieldend|Misty Terrain
|upkeep
|turn|16
|
|t:|1604941745
|switch|p1a: Zapdos|Zapdos|100/100
|-damage|p1a: Zapdos|76/100|[from] Stealth Rock
|move|p2a: Excadrill|Iron Head|p1a: Zapdos
|-resisted|p1a: Zapdos
|-damage|p1a: Zapdos|50/100
|-damage|p2a: Excadrill|1/100|[from] item: Rocky Helmet|[of] p1a: Zapdos
|
|-end|p2a: Excadrill|Whirlpool|[partiallytrapped]|[silent]
|upkeep
|turn|17
|
|t:|1604941757
|switch|p2a: Zapdos|Zapdos|56/100 tox
|move|p1a: Zapdos|Roost|p1a: Zapdos
|-heal|p1a: Zapdos|99/100
|-singleturn|p1a: Zapdos|move: Roost
|
|-damage|p2a: Zapdos|50/100 tox|[from] psn
|upkeep
|turn|18
|
|t:|1604941761
|move|p1a: Zapdos|Thunderbolt|p2a: Zapdos
|-damage|p2a: Zapdos|24/100 tox
|move|p2a: Zapdos|Roost|p2a: Zapdos
|-heal|p2a: Zapdos|74/100 tox
|-singleturn|p2a: Zapdos|move: Roost
|
|-damage|p2a: Zapdos|62/100 tox|[from] psn
|upkeep
|turn|19
|j| chorizardo rex
|
|t:|1604941770
|switch|p1a: Tapu Fini|Tapu Fini|30/100
|-damage|p1a: Tapu Fini|17/100|[from] Stealth Rock
|-fieldstart|move: Misty Terrain|[from] ability: Misty Surge|[of] p1a: Tapu Fini
|move|p2a: Zapdos|Roost|p2a: Zapdos
|-heal|p2a: Zapdos|100/100 tox
|-singleturn|p2a: Zapdos|move: Roost
|
|-heal|p1a: Tapu Fini|23/100|[from] item: Leftovers
|-damage|p2a: Zapdos|82/100 tox|[from] psn
|upkeep
|turn|20
|l| chorizardo rex
|
|t:|1604941782
|switch|p2a: Clefable|Clefable, F|100/100
|move|p1a: Tapu Fini|Protect||[still]
|-fail|p1a: Tapu Fini
|
|-heal|p1a: Tapu Fini|30/100|[from] item: Leftovers
|upkeep
|turn|21
|
|t:|1604941795
|switch|p1a: Blissey|Blissey, F|79/100
|switch|p2a: Tyranitar|Tyranitar, M|100/100
|-weather|Sandstorm|[from] ability: Sand Stream|[of] p2a: Tyranitar
|
|-weather|Sandstorm|[upkeep]
|-damage|p1a: Blissey|72/100|[from] Sandstorm
|upkeep
|turn|22
|l| ppev
|
|t:|1604941809
|switch|p2a: Pheromosa|Pheromosa|100/100
|-damage|p2a: Pheromosa|88/100|[from] Stealth Rock
|switch|p1a: Landorus|Landorus-Therian, M|85/100 par
|-damage|p1a: Landorus|72/100 par|[from] Stealth Rock
|-ability|p1a: Landorus|Intimidate|boost
|-unboost|p2a: Pheromosa|atk|1
|
|-weather|Sandstorm|[upkeep]
|-damage|p2a: Pheromosa|82/100|[from] Sandstorm
|-heal|p1a: Landorus|79/100 par|[from] item: Leftovers
|upkeep
|turn|23
|
|t:|1604941841
|switch|p1a: Melmetal|Melmetal|100/100
|-damage|p1a: Melmetal|94/100|[from] Stealth Rock
|move|p2a: Pheromosa|Close Combat|p1a: Melmetal
|-supereffective|p1a: Melmetal
|-damage|p1a: Melmetal|28/100
|-unboost|p2a: Pheromosa|def|1
|-unboost|p2a: Pheromosa|spd|1
|-damage|p2a: Pheromosa|72/100|[from] item: Life Orb
|
|-weather|Sandstorm|[upkeep]
|-damage|p2a: Pheromosa|66/100|[from] Sandstorm
|-fieldend|Misty Terrain
|upkeep
|turn|24
|l| BleedMagic
|
|t:|1604941853
|switch|p2a: Slowbro|Slowbro, F|100/100
|switch|p1a: Zapdos|Zapdos|99/100
|-damage|p1a: Zapdos|75/100|[from] Stealth Rock
|
|-weather|Sandstorm|[upkeep]
|-damage|p1a: Zapdos|69/100|[from] Sandstorm
|-damage|p2a: Slowbro|94/100|[from] Sandstorm
|upkeep
|turn|25
|j| Loftur
|
|t:|1604941867
|switch|p2a: Clefable|Clefable, F|100/100
|move|p1a: Zapdos|Thunderbolt|p2a: Clefable
|-damage|p2a: Clefable|67/100
|
|-weather|none
|-heal|p2a: Clefable|73/100|[from] item: Leftovers
|upkeep
|turn|26
|j|+Perry
|
|t:|1604941884
|move|p1a: Zapdos|Thunderbolt|p2a: Clefable
|-damage|p2a: Clefable|37/100
|-status|p2a: Clefable|par
|cant|p2a: Clefable|par
|
|-heal|p2a: Clefable|43/100 par|[from] item: Leftovers
|upkeep
|turn|27
|
|t:|1604941888
|move|p1a: Zapdos|Thunderbolt|p2a: Clefable
|-damage|p2a: Clefable|8/100 par
|move|p2a: Clefable|Soft-Boiled|p2a: Clefable
|-heal|p2a: Clefable|58/100 par
|
|-heal|p2a: Clefable|64/100 par|[from] item: Leftovers
|upkeep
|turn|28
|
|t:|1604941893
|move|p1a: Zapdos|Thunderbolt|p2a: Clefable
|-damage|p2a: Clefable|26/100 par
|move|p2a: Clefable|Soft-Boiled|p2a: Clefable
|-heal|p2a: Clefable|76/100 par
|
|-heal|p2a: Clefable|82/100 par|[from] item: Leftovers
|upkeep
|turn|29
|
|t:|1604941916
|move|p1a: Zapdos|Thunderbolt|p2a: Clefable
|-damage|p2a: Clefable|46/100 par
|cant|p2a: Clefable|par
|
|-heal|p2a: Clefable|52/100 par|[from] item: Leftovers
|upkeep
|turn|30
|j| Z Z4ro
|
|t:|1604941920
|move|p1a: Zapdos|Thunderbolt|p2a: Clefable
|-damage|p2a: Clefable|19/100 par
|cant|p2a: Clefable|par
|
|-heal|p2a: Clefable|25/100 par|[from] item: Leftovers
|upkeep
|turn|31
|
|t:|1604941925
|switch|p2a: Tyranitar|Tyranitar, M|100/100
|-weather|Sandstorm|[from] ability: Sand Stream|[of] p2a: Tyranitar
|move|p1a: Zapdos|Thunderbolt|p2a: Tyranitar
|-damage|p2a: Tyranitar|83/100
|
|-weather|Sandstorm|[upkeep]
|-damage|p1a: Zapdos|63/100|[from] Sandstorm
|upkeep
|turn|32
|
|t:|1604941935
|switch|p1a: Landorus|Landorus-Therian, M|79/100 par
|-damage|p1a: Landorus|66/100 par|[from] Stealth Rock
|-ability|p1a: Landorus|Intimidate|boost
|-unboost|p2a: Tyranitar|atk|1
|move|p2a: Tyranitar|Earthquake|p1a: Landorus
|-immune|p1a: Landorus
|
|-weather|Sandstorm|[upkeep]
|-heal|p1a: Landorus|72/100 par|[from] item: Leftovers
|upkeep
|turn|33
|
|t:|1604941945
|switch|p2a: Slowbro|Slowbro, F|100/100
|move|p1a: Landorus|U-turn|p2a: Slowbro
|-supereffective|p2a: Slowbro
|-damage|p2a: Slowbro|73/100
|
|t:|1604941951
|switch|p1a: Zapdos|Zapdos|63/100|[from]move: U-turn
|-damage|p1a: Zapdos|38/100|[from] Stealth Rock
|
|-weather|Sandstorm|[upkeep]
|-damage|p1a: Zapdos|32/100|[from] Sandstorm
|-damage|p2a: Slowbro|67/100|[from] Sandstorm
|upkeep
|turn|34
|
|t:|1604941958
|move|p1a: Zapdos|Roost|p1a: Zapdos
|-heal|p1a: Zapdos|82/100
|-singleturn|p1a: Zapdos|move: Roost
|move|p2a: Slowbro|Teleport|p2a: Slowbro
|
|t:|1604941960
|switch|p2a: Clefable|Clefable, F|25/100 par|[from]move: Teleport
|
|-weather|Sandstorm|[upkeep]
|-damage|p1a: Zapdos|76/100|[from] Sandstorm
|-heal|p2a: Clefable|31/100 par|[from] item: Leftovers
|upkeep
|turn|35
|j| zebcd
|
|t:|1604941967
|switch|p2a: Tyranitar|Tyranitar, M|83/100
|move|p1a: Zapdos|Thunderbolt|p2a: Tyranitar
|-damage|p2a: Tyranitar|67/100
|
|-weather|none
|upkeep
|turn|36
|
|t:|1604941971
|move|p1a: Zapdos|Toxic|p2a: Tyranitar
|-status|p2a: Tyranitar|tox
|move|p2a: Tyranitar|Rock Slide|p1a: Zapdos|[miss]
|-miss|p2a: Tyranitar|p1a: Zapdos
|
|-damage|p2a: Tyranitar|60/100 tox|[from] psn
|upkeep
|turn|37
|
|t:|1604941990
|switch|p2a: Zapdos|Zapdos|82/100 tox
|move|p1a: Zapdos|Roost|p1a: Zapdos
|-heal|p1a: Zapdos|100/100
|-singleturn|p1a: Zapdos|move: Roost
|
|-damage|p2a: Zapdos|76/100 tox|[from] psn
|upkeep
|turn|38
|
|t:|1604942007
|switch|p1a: Landorus|Landorus-Therian, M|72/100 par
|-damage|p1a: Landorus|60/100 par|[from] Stealth Rock
|-ability|p1a: Landorus|Intimidate|boost
|-unboost|p2a: Zapdos|atk|1
|move|p2a: Zapdos|Toxic||[still]
|-fail|p2a: Zapdos
|
|-heal|p1a: Landorus|66/100 par|[from] item: Leftovers
|-damage|p2a: Zapdos|64/100 tox|[from] psn
|upkeep
|turn|39
|j| BleedMagic
|
|t:|1604942024
|switch|p2a: Clefable|Clefable, F|31/100 par
|move|p1a: Landorus|U-turn|p2a: Clefable
|-resisted|p2a: Clefable
|-damage|p2a: Clefable|23/100 par
|
|t:|1604942028
|switch|p1a: Spectrier|Spectrier|100/100|[from]move: U-turn
|-damage|p1a: Spectrier|88/100|[from] Stealth Rock
|
|-heal|p2a: Clefable|29/100 par|[from] item: Leftovers
|upkeep
|turn|40
|
|t:|1604942031
|switch|p2a: Tyranitar|Tyranitar, M|60/100 tox
|-weather|Sandstorm|[from] ability: Sand Stream|[of] p2a: Tyranitar
|move|p1a: Spectrier|Hex|p2a: Tyranitar
|-resisted|p2a: Tyranitar
|-damage|p2a: Tyranitar|42/100 tox
|
|-weather|Sandstorm|[upkeep]
|-damage|p1a: Spectrier|82/100|[from] Sandstorm
|-damage|p2a: Tyranitar|36/100 tox|[from] psn
|upkeep
|turn|41
|
|t:|1604942046
|switch|p1a: Tapu Fini|Tapu Fini|30/100
|-damage|p1a: Tapu Fini|17/100|[from] Stealth Rock
|-fieldstart|move: Misty Terrain|[from] ability: Misty Surge|[of] p1a: Tapu Fini
|switch|p2a: Clefable|Clefable, F|29/100 par
|
|-weather|Sandstorm|[upkeep]
|-damage|p1a: Tapu Fini|11/100|[from] Sandstorm
|-heal|p1a: Tapu Fini|17/100|[from] item: Leftovers
|-heal|p2a: Clefable|36/100 par|[from] item: Leftovers
|upkeep
|turn|42
|
|t:|1604942056
|move|p1a: Tapu Fini|Taunt|p2a: Clefable
|-start|p2a: Clefable|move: Taunt
|cant|p2a: Clefable|move: Taunt|Soft-Boiled
|
|-weather|Sandstorm|[upkeep]
|-damage|p1a: Tapu Fini|11/100|[from] Sandstorm
|-heal|p1a: Tapu Fini|17/100|[from] item: Leftovers
|-heal|p2a: Clefable|42/100 par|[from] item: Leftovers
|upkeep
|turn|43
|
|t:|1604942078
|switch|p2a: Zapdos|Zapdos|64/100 tox
|move|p1a: Tapu Fini|Nature's Madness|p2a: Zapdos
|-damage|p2a: Zapdos|33/100 tox
|
|-weather|Sandstorm|[upkeep]
|-damage|p2a: Zapdos|27/100 tox|[from] Sandstorm
|-damage|p1a: Tapu Fini|11/100|[from] Sandstorm
|-heal|p1a: Tapu Fini|17/100|[from] item: Leftovers
|-damage|p2a: Zapdos|21/100 tox|[from] psn
|upkeep
|turn|44
|
|t:|1604942090
|move|p2a: Zapdos|Roost|p2a: Zapdos
|-heal|p2a: Zapdos|71/100 tox
|-singleturn|p2a: Zapdos|move: Roost
|move|p1a: Tapu Fini|Whirlpool|p2a: Zapdos
|-damage|p2a: Zapdos|61/100 tox
|-activate|p2a: Zapdos|move: Whirlpool|[of] p1a: Tapu Fini
|
|-weather|none
|-heal|p1a: Tapu Fini|23/100|[from] item: Leftovers
|-damage|p2a: Zapdos|49/100 tox|[from] psn
|-damage|p2a: Zapdos|37/100 tox|[from] move: Whirlpool|[partiallytrapped]
|upkeep
|turn|45
|
|t:|1604942110
|move|p1a: Tapu Fini|Protect|p1a: Tapu Fini
|-singleturn|p1a: Tapu Fini|Protect
|move|p2a: Zapdos|Volt Switch|p1a: Tapu Fini
|-activate|p1a: Tapu Fini|move: Protect
|
|-heal|p1a: Tapu Fini|29/100|[from] item: Leftovers
|-damage|p2a: Zapdos|19/100 tox|[from] psn
|-damage|p2a: Zapdos|7/100 tox|[from] move: Whirlpool|[partiallytrapped]
|-fieldend|Misty Terrain
|upkeep
|turn|46
|
|t:|1604942118
|move|p2a: Zapdos|Roost|p2a: Zapdos
|-heal|p2a: Zapdos|57/100 tox
|-singleturn|p2a: Zapdos|move: Roost
|move|p1a: Tapu Fini|Whirlpool|p2a: Zapdos
|-damage|p2a: Zapdos|48/100 tox
|
|-heal|p1a: Tapu Fini|35/100|[from] item: Leftovers
|-damage|p2a: Zapdos|24/100 tox|[from] psn
|-damage|p2a: Zapdos|12/100 tox|[from] move: Whirlpool|[partiallytrapped]
|upkeep
|turn|47
|
|t:|1604942129
|move|p2a: Zapdos|Roost|p2a: Zapdos
|-heal|p2a: Zapdos|62/100 tox
|-singleturn|p2a: Zapdos|move: Roost
|move|p1a: Tapu Fini|Nature's Madness|p2a: Zapdos
|-damage|p2a: Zapdos|31/100 tox
|
|-heal|p1a: Tapu Fini|41/100|[from] item: Leftovers
|-damage|p2a: Zapdos|1/100 tox|[from] psn
|-damage|p2a: Zapdos|0 fnt|[from] move: Whirlpool|[partiallytrapped]
|faint|p2a: Zapdos
|upkeep
|
|t:|1604942133
|switch|p2a: Pheromosa|Pheromosa|66/100
|-damage|p2a: Pheromosa|54/100|[from] Stealth Rock
|turn|48
|
|t:|1604942147
|move|p1a: Tapu Fini|Protect|p1a: Tapu Fini
|-singleturn|p1a: Tapu Fini|Protect
|move|p2a: Pheromosa|Poison Jab|p1a: Tapu Fini
|-activate|p1a: Tapu Fini|move: Protect
|
|-heal|p1a: Tapu Fini|48/100|[from] item: Leftovers
|upkeep
|turn|49
|j| HOMOQUAZA
|
|t:|1604942164
|switch|p1a: Melmetal|Melmetal|28/100
|-damage|p1a: Melmetal|22/100|[from] Stealth Rock
|move|p2a: Pheromosa|U-turn|p1a: Melmetal
|-resisted|p1a: Melmetal
|-damage|p1a: Melmetal|9/100
|-damage|p2a: Pheromosa|44/100|[from] item: Life Orb
|
|t:|1604942175
|switch|p2a: Slowbro|Slowbro, F|99/100|[from]move: U-turn
|
|upkeep
|turn|50
|j| Herpguy
|
|t:|1604942182
|move|p1a: Melmetal|Earthquake|p2a: Slowbro
|-damage|p2a: Slowbro|76/100
|move|p2a: Slowbro|Scald|p1a: Melmetal
|-damage|p1a: Melmetal|0 fnt
|faint|p1a: Melmetal
|
|upkeep
|
|t:|1604942185
|switch|p1a: Spectrier|Spectrier|82/100
|-damage|p1a: Spectrier|70/100|[from] Stealth Rock
|turn|51
|
|t:|1604942196
|switch|p1a: Blissey|Blissey, F|72/100
|switch|p2a: Excadrill|Excadrill, M|1/100
|-damage|p2a: Excadrill|0 fnt|[from] Stealth Rock
|faint|p2a: Excadrill
|
|upkeep
|
|t:|1604942198
|switch|p2a: Clefable|Clefable, F|42/100 par
|turn|52
|
|t:|1604942211
|move|p2a: Clefable|Calm Mind|p2a: Clefable
|-boost|p2a: Clefable|spa|1
|-boost|p2a: Clefable|spd|1
|move|p1a: Blissey|Teleport|p1a: Blissey
|
|t:|1604942212
|switch|p1a: Spectrier|Spectrier|70/100|[from]move: Teleport
|-damage|p1a: Spectrier|57/100|[from] Stealth Rock
|
|-heal|p2a: Clefable|48/100 par|[from] item: Leftovers
|upkeep
|turn|53
|
|t:|1604942217
|move|p1a: Spectrier|Hex|p2a: Clefable
|-damage|p2a: Clefable|4/100 par
|move|p2a: Clefable|Soft-Boiled|p2a: Clefable
|-heal|p2a: Clefable|54/100 par
|
|-heal|p2a: Clefable|60/100 par|[from] item: Leftovers
|upkeep
|turn|54
|l| Z Z4ro
|
|t:|1604942235
|move|p1a: Spectrier|Hex|p2a: Clefable
|-crit|p2a: Clefable
|-damage|p2a: Clefable|0 fnt
|faint|p2a: Clefable
|-ability|p1a: Spectrier|Grim Neigh|boost
|-boost|p1a: Spectrier|spa|1
|
|upkeep
|-message|free rent forfeited.
|
|win|wsdfg
