|html|<div class="broadcast-blue"><strong>[Gen 8] OU is currently suspecting Melmetal! For information on how to participate check out the <a href="https://www.smogon.com/forums/threads/np-ss-ou-suspect-process-round-12-monster-mash.3709234/">suspect thread</a>.</strong></div>
|j|☆someidiot19
|j|☆minimax_ai
|t:|1666795387
|gametype|singles
|player|p1|someidiot19|serena-masters|1560
|player|p2|minimax_ai|266|1572
|teamsize|p1|6
|teamsize|p2|6
|gen|8
|tier|[Gen 8] OU
|rated|
|rule|Sleep Clause Mod: Limit one foe put to sleep
|rule|Species Clause: Limit one of each Pokémon
|rule|OHKO Clause: OHKO moves are banned
|rule|Evasion Items Clause: Evasion items are banned
|rule|Evasion Moves Clause: Evasion moves are banned
|rule|Endless Battle Clause: Forcing endless battles is banned
|rule|HP Percentage Mod: HP is shown in percentages
|rule|Dynamax Clause: You cannot dynamax
|clearpoke
|poke|p1|Tapu Lele|
|poke|p1|Zapdos|
|poke|p1|Ferrothorn, M|
|poke|p1|Garchomp, F|
|poke|p1|Clefable, F|
|poke|p1|Regieleki|
|poke|p2|Rotom-Wash|
|poke|p2|Weavile, F|
|poke|p2|Landorus-Therian, M|
|poke|p2|Heatran, M|
|poke|p2|Tangrowth, M|
|poke|p2|Melmetal|
|teampreview
|inactive|Battle timer is ON: inactive players will automatically lose when time's up. (requested by someidiot19)
|c|☆minimax_ai|hf
|inactive|minimax_ai also wants the timer to be on.
|j| pichade5
|
|t:|1666795402
|start
|switch|p1a: Garchomp|Garchomp, F|100/100
|switch|p2a: landorustherian|Landorus-Therian, M|100/100
|-ability|p2a: landorustherian|Intimidate|boost
|-unboost|p1a: Garchomp|atk|1
|turn|1
|
|t:|1666795404
|move|p1a: Garchomp|Toxic|p2a: landorustherian
|-status|p2a: landorustherian|tox
|move|p2a: landorustherian|Earthquake|p1a: Garchomp
|-damage|p1a: Garchomp|61/100
|
|-heal|p1a: Garchomp|67/100|[from] item: Leftovers
|-damage|p2a: landorustherian|94/100 tox|[from] psn
|upkeep
|turn|2
|
|t:|1666795407
|switch|p2a: Heatran|Heatran, M|100/100
|-item|p2a: Heatran|Air Balloon
|move|p1a: Garchomp|Stealth Rock|p2a: Heatran
|-sidestart|p2: minimax_ai|move: Stealth Rock
|
|-heal|p1a: Garchomp|73/100|[from] item: Leftovers
|upkeep
|turn|3
|
|t:|1666795417
|switch|p1a: Zapdos|Zapdos|100/100
|move|p2a: Heatran|Eruption|p1a: Zapdos
|-damage|p1a: Zapdos|19/100
|
|upkeep
|turn|4
|
|t:|1666795423
|move|p2a: Heatran|Eruption|p1a: Zapdos
|-damage|p1a: Zapdos|0 fnt
|faint|p1a: Zapdos
|
|upkeep
|
|t:|1666795428
|switch|p1a: Tapu Lele|Tapu Lele|100/100
|-fieldstart|move: Psychic Terrain|[from] ability: Psychic Surge|[of] p1a: Tapu Lele
|turn|5
|
|t:|1666795430
|switch|p2a: Melmetal|Melmetal|100/100
|-damage|p2a: Melmetal|94/100|[from] Stealth Rock
|move|p1a: Tapu Lele|Focus Blast|p2a: Melmetal
|-supereffective|p2a: Melmetal
|-damage|p2a: Melmetal|25/100
|-unboost|p2a: Melmetal|spd|1
|
|upkeep
|turn|6
|
|t:|1666795435
|switch|p1a: Ferrothorn|Ferrothorn, M|100/100
|switch|p2a: landorustherian|Landorus-Therian, M|94/100 tox
|-damage|p2a: landorustherian|82/100 tox|[from] Stealth Rock
|-ability|p2a: landorustherian|Intimidate|boost
|-unboost|p1a: Ferrothorn|atk|1
|
|-heal|p2a: landorustherian|88/100 tox|[from] item: Leftovers
|-damage|p2a: landorustherian|82/100 tox|[from] psn
|upkeep
|turn|7
|
|t:|1666795439
|move|p2a: landorustherian|Defog|p1a: Ferrothorn
|-unboost|p1a: Ferrothorn|evasion|1
|-sideend|p2: minimax_ai|Stealth Rock|[from] move: Defog|[of] p2a: landorustherian
|-fieldend|move: Psychic Terrain
|move|p1a: Ferrothorn|Spikes|p2a: landorustherian
|-sidestart|p2: minimax_ai|Spikes
|
|-heal|p2a: landorustherian|88/100 tox|[from] item: Leftovers
|-damage|p2a: landorustherian|76/100 tox|[from] psn
|upkeep
|turn|8
|
|t:|1666795444
|move|p2a: landorustherian|Defog|p1a: Ferrothorn
|-unboost|p1a: Ferrothorn|evasion|1
|-sideend|p2: minimax_ai|Spikes|[from] move: Defog|[of] p2a: landorustherian
|move|p1a: Ferrothorn|Body Press|p2a: landorustherian
|-resisted|p2a: landorustherian
|-damage|p2a: landorustherian|61/100 tox
|
|-heal|p2a: landorustherian|67/100 tox|[from] item: Leftovers
|-damage|p2a: landorustherian|49/100 tox|[from] psn
|upkeep
|turn|9
|
|t:|1666795445
|move|p2a: landorustherian|U-turn|p1a: Ferrothorn
|-damage|p1a: Ferrothorn|87/100
|-damage|p2a: landorustherian|37/100 tox|[from] ability: Iron Barbs|[of] p1a: Ferrothorn
|
|t:|1666795445
|switch|p2a: Tangrowth|Tangrowth, M|100/100|[from]move: U-turn
|move|p1a: Ferrothorn|Spikes|p2a: Tangrowth
|-sidestart|p2: minimax_ai|Spikes
|
|-heal|p1a: Ferrothorn|93/100|[from] item: Leftovers
|upkeep
|turn|10
|
|t:|1666795452
|switch|p1a: Clefable|Clefable, F|100/100
|move|p2a: Tangrowth|Knock Off|p1a: Clefable
|-resisted|p1a: Clefable
|-damage|p1a: Clefable|93/100
|-damage|p2a: Tangrowth|84/100|[from] item: Rocky Helmet|[of] p1a: Clefable
|-enditem|p1a: Clefable|Rocky Helmet|[from] move: Knock Off|[of] p2a: Tangrowth
|
|upkeep
|turn|11
|
|t:|1666795461
|move|p1a: Clefable|Moonblast|p2a: Tangrowth
|-damage|p2a: Tangrowth|42/100
|move|p2a: Tangrowth|Sleep Powder|p1a: Clefable
|-status|p1a: Clefable|slp|[from] move: Sleep Powder
|
|upkeep
|turn|12
|
|t:|1666795475
|switch|p1a: Tapu Lele|Tapu Lele|100/100
|-fieldstart|move: Psychic Terrain|[from] ability: Psychic Surge|[of] p1a: Tapu Lele
|switch|p2a: rotomwash|Rotom-Wash|100/100
|
|upkeep
|turn|13
|
|t:|1666795486
|move|p1a: Tapu Lele|Moonblast|p2a: rotomwash
|-damage|p2a: rotomwash|12/100
|move|p2a: rotomwash|Pain Split|p1a: Tapu Lele
|-sethp|p1a: Tapu Lele|56/100|[from] move: Pain Split|[silent]
|-sethp|p2a: rotomwash|52/100|[from] move: Pain Split
|
|-heal|p2a: rotomwash|58/100|[from] item: Leftovers
|upkeep
|turn|14
|
|t:|1666795489
|switch|p2a: Heatran|Heatran, M|100/100
|-item|p2a: Heatran|Air Balloon
|move|p1a: Tapu Lele|Moonblast|p2a: Heatran
|-resisted|p2a: Heatran
|-damage|p2a: Heatran|80/100
|-enditem|p2a: Heatran|Air Balloon
|
|upkeep
|turn|15
|
|t:|1666795491
|switch|p1a: Garchomp|Garchomp, F|73/100
|move|p2a: Heatran|Stealth Rock|p1a: Garchomp
|-sidestart|p1: someidiot19|move: Stealth Rock
|
|-heal|p1a: Garchomp|80/100|[from] item: Leftovers
|upkeep
|turn|16
|
|t:|1666795498
|switch|p2a: rotomwash|Rotom-Wash|58/100
|move|p1a: Garchomp|Stealth Rock|p2a: rotomwash
|-sidestart|p2: minimax_ai|move: Stealth Rock
|
|-heal|p2a: rotomwash|65/100|[from] item: Leftovers
|-heal|p1a: Garchomp|86/100|[from] item: Leftovers
|-fieldend|move: Psychic Terrain
|upkeep
|turn|17
|
|t:|1666795504
|move|p2a: rotomwash|Hydro Pump|p1a: Garchomp
|-damage|p1a: Garchomp|56/100
|move|p1a: Garchomp|Toxic|p2a: rotomwash
|-status|p2a: rotomwash|tox
|
|-heal|p2a: rotomwash|71/100 tox|[from] item: Leftovers
|-heal|p1a: Garchomp|62/100|[from] item: Leftovers
|-damage|p2a: rotomwash|65/100 tox|[from] psn
|upkeep
|turn|18
|
|t:|1666795507
|move|p1a: Garchomp|Protect|p1a: Garchomp
|-singleturn|p1a: Garchomp|Protect
|move|p2a: rotomwash|Thunderbolt|p1a: Garchomp
|-activate|p1a: Garchomp|move: Protect
|
|-heal|p2a: rotomwash|71/100 tox|[from] item: Leftovers
|-heal|p1a: Garchomp|69/100|[from] item: Leftovers
|-damage|p2a: rotomwash|58/100 tox|[from] psn
|upkeep
|turn|19
|
|t:|1666795511
|switch|p1a: Ferrothorn|Ferrothorn, M|93/100
|-damage|p1a: Ferrothorn|87/100|[from] Stealth Rock
|move|p2a: rotomwash|Thunderbolt|p1a: Ferrothorn
|-resisted|p1a: Ferrothorn
|-crit|p1a: Ferrothorn
|-damage|p1a: Ferrothorn|64/100
|
|-heal|p2a: rotomwash|65/100 tox|[from] item: Leftovers
|-heal|p1a: Ferrothorn|70/100|[from] item: Leftovers
|-damage|p2a: rotomwash|46/100 tox|[from] psn
|upkeep
|turn|20
|
|t:|1666795514
|switch|p2a: Tangrowth|Tangrowth, M|75/100
|-damage|p2a: Tangrowth|62/100|[from] Spikes
|-damage|p2a: Tangrowth|50/100|[from] Stealth Rock
|switch|p1a: Tapu Lele|Tapu Lele|56/100
|-damage|p1a: Tapu Lele|44/100|[from] Stealth Rock
|-fieldstart|move: Psychic Terrain|[from] ability: Psychic Surge|[of] p1a: Tapu Lele
|
|upkeep
|turn|21
|
|t:|1666795521
|switch|p2a: landorustherian|Landorus-Therian, M|37/100 tox
|-damage|p2a: landorustherian|25/100 tox|[from] Stealth Rock
|-ability|p2a: landorustherian|Intimidate|boost
|-unboost|p1a: Tapu Lele|atk|1
|move|p1a: Tapu Lele|Moonblast|p2a: landorustherian
|-damage|p2a: landorustherian|0 fnt
|faint|p2a: landorustherian
|
|upkeep
|
|t:|1666795521
|switch|p2a: Weavile|Weavile, F|100/100
|-damage|p2a: Weavile|88/100|[from] Spikes
|-damage|p2a: Weavile|63/100|[from] Stealth Rock
|-ability|p2a: Weavile|Pressure
|turn|22
|
|t:|1666795526
|switch|p1a: Ferrothorn|Ferrothorn, M|70/100
|-damage|p1a: Ferrothorn|64/100|[from] Stealth Rock
|move|p2a: Weavile|Triple Axel|p1a: Ferrothorn
|-damage|p1a: Ferrothorn|55/100
|-damage|p2a: Weavile|51/100|[from] ability: Iron Barbs|[of] p1a: Ferrothorn
|-damage|p1a: Ferrothorn|37/100
|-damage|p2a: Weavile|38/100|[from] ability: Iron Barbs|[of] p1a: Ferrothorn
|-damage|p1a: Ferrothorn|10/100
|-damage|p2a: Weavile|26/100|[from] ability: Iron Barbs|[of] p1a: Ferrothorn
|-hitcount|p1a: Ferrothorn|3
|
|-heal|p1a: Ferrothorn|16/100|[from] item: Leftovers
|upkeep
|turn|23
|j| Ran Kob
|
|t:|1666795532
|move|p2a: Weavile|Triple Axel|p1a: Ferrothorn
|-damage|p1a: Ferrothorn|8/100
|-damage|p2a: Weavile|13/100|[from] ability: Iron Barbs|[of] p1a: Ferrothorn
|-damage|p1a: Ferrothorn|0 fnt
|-damage|p2a: Weavile|1/100|[from] ability: Iron Barbs|[of] p1a: Ferrothorn
|faint|p1a: Ferrothorn
|-hitcount|p1: Ferrothorn|2
|
|upkeep
|
|t:|1666795534
|switch|p1a: Regieleki|Regieleki|100/100
|turn|24
|
|t:|1666795536
|move|p1a: Regieleki|Rapid Spin|p2a: Weavile
|-damage|p2a: Weavile|0 fnt
|-boost|p1a: Regieleki|spe|1
|-sideend|p1: someidiot19|Stealth Rock|[from] move: Rapid Spin|[of] p1a: Regieleki
|faint|p2a: Weavile
|
|-fieldend|move: Psychic Terrain
|upkeep
|
|t:|1666795536
|switch|p2a: Heatran|Heatran, M|80/100
|-damage|p2a: Heatran|68/100|[from] Spikes
|-damage|p2a: Heatran|56/100|[from] Stealth Rock
|turn|25
|inactive|someidiot19 has 120 seconds left.
|
|t:|1666795567
|move|p1a: Regieleki|Volt Switch|p2a: Heatran
|-crit|p2a: Heatran
|-damage|p2a: Heatran|0 fnt
|faint|p2a: Heatran
|
|t:|1666795570
|switch|p1a: Tapu Lele|Tapu Lele|44/100|[from]move: Volt Switch
|-fieldstart|move: Psychic Terrain|[from] ability: Psychic Surge|[of] p1a: Tapu Lele
|
|upkeep
|
|t:|1666795570
|switch|p2a: Tangrowth|Tangrowth, M|83/100
|-damage|p2a: Tangrowth|71/100|[from] Spikes
|-damage|p2a: Tangrowth|58/100|[from] Stealth Rock
|turn|26
|
|t:|1666795574
|switch|p2a: rotomwash|Rotom-Wash|46/100 tox
|-damage|p2a: rotomwash|33/100 tox|[from] Stealth Rock
|move|p1a: Tapu Lele|Psychic|p2a: rotomwash
|-damage|p2a: rotomwash|0 fnt
|faint|p2a: rotomwash
|
|upkeep
|
|t:|1666795574
|switch|p2a: Tangrowth|Tangrowth, M|92/100
|-damage|p2a: Tangrowth|79/100|[from] Spikes
|-damage|p2a: Tangrowth|67/100|[from] Stealth Rock
|turn|27
|
|t:|1666795576
|switch|p2a: Melmetal|Melmetal|25/100
|-damage|p2a: Melmetal|12/100|[from] Spikes
|-damage|p2a: Melmetal|6/100|[from] Stealth Rock
|move|p1a: Tapu Lele|Psychic|p2a: Melmetal
|-resisted|p2a: Melmetal
|-damage|p2a: Melmetal|0 fnt
|faint|p2a: Melmetal
|
|upkeep
|
|t:|1666795576
|switch|p2a: Tangrowth|Tangrowth, M|99/100
|-damage|p2a: Tangrowth|88/100|[from] Spikes
|-damage|p2a: Tangrowth|75/100|[from] Stealth Rock
|turn|28
|
|t:|1666795578
|move|p1a: Tapu Lele|Psychic|p2a: Tangrowth
|-damage|p2a: Tangrowth|0 fnt
|faint|p2a: Tangrowth
|
|win|someidiot19
|raw|someidiot19's rating: 1560 &rarr; <strong>1581</strong><br />(+21 for winning)
|raw|minimax_ai's rating: 1572 &rarr; <strong>1551</strong><br />(-21 for losing)
|c|☆minimax_ai|gg
