|html|<div class="broadcast-blue"><strong>[Gen 8] OU is currently suspecting Melmetal! For information on how to participate check out the <a href="https://www.smogon.com/forums/threads/np-ss-ou-suspect-process-round-12-monster-mash.3709234/">suspect thread</a>.</strong></div>
|j|☆Steez Ibanez
|j|☆QiYu5
|t:|1665817518
|gametype|singles
|player|p1|Steez Ibanez|acetrainer-gen7|1749
|player|p2|QiYu5|drayden|1686
|teamsize|p1|6
|teamsize|p2|6
|gen|8
|tier|[Gen 8] OU
|rated|
|rule|Sleep Clause Mod: Limit one foe put to sleep
|rule|Species Clause: Limit one of each Pokémon
|rule|OHKO Clause: OHKO moves are banned
|rule|Evasion Items Clause: Evasion items are banned
|rule|Evasion Moves Clause: Evasion moves are banned
|rule|Endless Battle Clause: Forcing endless battles is banned
|rule|HP Percentage Mod: HP is shown in percentages
|rule|Dynamax Clause: You cannot dynamax
|clearpoke
|poke|p1|Clefable, M|
|poke|p1|Zapdos-Galar|
|poke|p1|Tapu Koko|
|poke|p1|Melmetal|
|poke|p1|Garchomp, M|
|poke|p1|Ferrothorn, M|
|poke|p2|Rotom-Wash|
|poke|p2|Scizor, F|
|poke|p2|Tyrantrum, M|
|poke|p2|Tornadus-Therian, M|
|poke|p2|Slowbro, M|
|poke|p2|Landorus-Therian, M|
|teampreview
|
|t:|1665817528
|start
|switch|p1a: Majinn|Clefable, M|100/100
|switch|p2a: 脚踏七彩祥云|Landorus-Therian, M|100/100
|-ability|p2a: 脚踏七彩祥云|Intimidate|boost
|-unboost|p1a: Majinn|atk|1
|turn|1
|
|t:|1665817531
|move|p2a: 脚踏七彩祥云|U-turn|p1a: Majinn
|-resisted|p1a: Majinn
|-damage|p1a: Majinn|90/100
|j| mux stall heh
|
|t:|1665817541
|switch|p2a: 爱情来得太快就像龙卷风|Tornadus-Therian, M|100/100|[from]move: U-turn
|move|p1a: Majinn|Trick|p2a: 爱情来得太快就像龙卷风
|-activate|p1a: Majinn|move: Trick|[of] p2a: 爱情来得太快就像龙卷风
|-item|p2a: 爱情来得太快就像龙卷风|Sticky Barb|[from] move: Trick
|-item|p1a: Majinn|Heavy-Duty Boots|[from] move: Trick
|
|-damage|p2a: 爱情来得太快就像龙卷风|88/100|[from] item: Sticky Barb
|upkeep
|turn|2
|
|t:|1665817547
|move|p2a: 爱情来得太快就像龙卷风|Knock Off|p1a: Majinn
|-resisted|p1a: Majinn
|-damage|p1a: Majinn|82/100
|-enditem|p1a: Majinn|Heavy-Duty Boots|[from] move: Knock Off|[of] p2a: 爱情来得太快就像龙卷风
|move|p1a: Majinn|Thunder Wave|p2a: 爱情来得太快就像龙卷风|[miss]
|-miss|p1a: Majinn|p2a: 爱情来得太快就像龙卷风
|
|-damage|p2a: 爱情来得太快就像龙卷风|76/100|[from] item: Sticky Barb
|upkeep
|turn|3
|
|t:|1665817552
|move|p2a: 爱情来得太快就像龙卷风|Hurricane|p1a: Majinn
|-damage|p1a: Majinn|48/100
|-start|p1a: Majinn|confusion
|-activate|p1a: Majinn|confusion
|move|p1a: Majinn|Thunder Wave|p2a: 爱情来得太快就像龙卷风
|-status|p2a: 爱情来得太快就像龙卷风|par
|
|-damage|p2a: 爱情来得太快就像龙卷风|63/100 par|[from] item: Sticky Barb
|upkeep
|turn|4
|
|t:|1665817556
|move|p2a: 爱情来得太快就像龙卷风|U-turn|p1a: Majinn
|-resisted|p1a: Majinn
|-damage|p1a: Majinn|42/100
|
|t:|1665817562
|switch|p2a: 脚踏七彩祥云|Landorus-Therian, M|100/100|[from]move: U-turn
|-ability|p2a: 脚踏七彩祥云|Intimidate|boost
|-unboost|p1a: Majinn|atk|1
|-end|p1a: Majinn|confusion
|move|p1a: Majinn|Soft-Boiled|p1a: Majinn
|-heal|p1a: Majinn|92/100
|
|upkeep
|turn|5
|
|t:|1665817580
|move|p2a: 脚踏七彩祥云|Stealth Rock|p1a: Majinn
|-sidestart|p1: Steez Ibanez|move: Stealth Rock
|move|p1a: Majinn|Soft-Boiled|p1a: Majinn
|-heal|p1a: Majinn|100/100
|
|upkeep
|turn|6
|
|t:|1665817592
|switch|p2a: 爱情来得太快就像龙卷风|Tornadus-Therian, M|96/100 par
|move|p1a: Majinn|Moonblast|p2a: 爱情来得太快就像龙卷风
|-damage|p2a: 爱情来得太快就像龙卷风|65/100 par
|-unboost|p2a: 爱情来得太快就像龙卷风|spa|1
|
|-damage|p2a: 爱情来得太快就像龙卷风|53/100 par|[from] item: Sticky Barb
|upkeep
|turn|7
|
|t:|1665817599
|switch|p2a: 东莞柿第一技师|Scizor, F|100/100
|move|p1a: Majinn|Moonblast|p2a: 东莞柿第一技师
|-resisted|p2a: 东莞柿第一技师
|-damage|p2a: 东莞柿第一技师|83/100
|
|upkeep
|turn|8
|
|t:|1665817606
|switch|p1a: Abomination|Ferrothorn, M|100/100
|-damage|p1a: Abomination|95/100|[from] Stealth Rock
|move|p2a: 东莞柿第一技师|U-turn|p1a: Abomination
|-damage|p1a: Abomination|75/100
|-damage|p2a: 东莞柿第一技师|70/100|[from] ability: Iron Barbs|[of] p1a: Abomination
|-damage|p2a: 东莞柿第一技师|54/100|[from] item: Rocky Helmet|[of] p1a: Abomination
|
|t:|1665817608
|switch|p2a: 看我顶你个肺呀|Tyrantrum, M|100/100|[from]move: U-turn
|
|upkeep
|turn|9
|
|t:|1665817620
|switch|p1a: Majinn|Clefable, M|100/100
|move|p2a: 看我顶你个肺呀|Close Combat|p1a: Majinn
|-resisted|p1a: Majinn
|-damage|p1a: Majinn|73/100
|-unboost|p2a: 看我顶你个肺呀|def|1
|-unboost|p2a: 看我顶你个肺呀|spd|1
|
|upkeep
|turn|10
|
|t:|1665817623
|switch|p2a: 东莞柿第一技师|Scizor, F|54/100
|move|p1a: Majinn|Soft-Boiled|p1a: Majinn
|-heal|p1a: Majinn|100/100
|
|upkeep
|turn|11
|
|t:|1665817625
|move|p2a: 东莞柿第一技师|Roost|p2a: 东莞柿第一技师
|-heal|p2a: 东莞柿第一技师|100/100
|-singleturn|p2a: 东莞柿第一技师|move: Roost
|move|p1a: Majinn|Thunder Wave|p2a: 东莞柿第一技师|[miss]
|-miss|p1a: Majinn|p2a: 东莞柿第一技师
|
|upkeep
|turn|12
|
|t:|1665817628
|switch|p1a: Abomination|Ferrothorn, M|75/100
|-damage|p1a: Abomination|69/100|[from] Stealth Rock
|move|p2a: 东莞柿第一技师|Bullet Punch|p1a: Abomination
|-resisted|p1a: Abomination
|-damage|p1a: Abomination|62/100
|-damage|p2a: 东莞柿第一技师|88/100|[from] ability: Iron Barbs|[of] p1a: Abomination
|-damage|p2a: 东莞柿第一技师|71/100|[from] item: Rocky Helmet|[of] p1a: Abomination
|
|upkeep
|turn|13
|
|t:|1665817632
|switch|p2a: 爱情来得太快就像龙卷风|Tornadus-Therian, M|86/100 par
|move|p1a: Abomination|Leech Seed|p2a: 爱情来得太快就像龙卷风
|-start|p2a: 爱情来得太快就像龙卷风|move: Leech Seed
|
|-damage|p2a: 爱情来得太快就像龙卷风|74/100 par|[from] Leech Seed|[of] p1a: Abomination
|-heal|p1a: Abomination|75/100|[silent]
|-damage|p2a: 爱情来得太快就像龙卷风|61/100 par|[from] item: Sticky Barb
|upkeep
|turn|14
|
|t:|1665817642
|switch|p2a: 钓鱼不忘戴头盔|Slowbro, M|100/100
|move|p1a: Abomination|Spikes|p2a: 钓鱼不忘戴头盔
|-sidestart|p2: QiYu5|Spikes
|
|upkeep
|turn|15
|
|t:|1665817645
|move|p2a: 钓鱼不忘戴头盔|Scald|p1a: Abomination
|-resisted|p1a: Abomination
|-damage|p1a: Abomination|63/100
|move|p1a: Abomination|Spikes|p2a: 钓鱼不忘戴头盔
|-sidestart|p2: QiYu5|Spikes
|
|upkeep
|turn|16
|
|t:|1665817647
|move|p2a: 钓鱼不忘戴头盔|Scald|p1a: Abomination
|-resisted|p1a: Abomination
|-damage|p1a: Abomination|52/100
|-status|p1a: Abomination|brn
|move|p1a: Abomination|Leech Seed|p2a: 钓鱼不忘戴头盔
|-start|p2a: 钓鱼不忘戴头盔|move: Leech Seed
|
|-damage|p2a: 钓鱼不忘戴头盔|88/100|[from] Leech Seed|[of] p1a: Abomination
|-heal|p1a: Abomination|66/100 brn|[silent]
|-damage|p1a: Abomination|60/100 brn|[from] brn
|upkeep
|turn|17
|
|t:|1665817655
|switch|p1a: Kenny Omega|Zapdos-Galar|100/100
|-damage|p1a: Kenny Omega|88/100|[from] Stealth Rock
|move|p2a: 钓鱼不忘戴头盔|Future Sight|p1a: Kenny Omega
|-start|p2a: 钓鱼不忘戴头盔|move: Future Sight
|
|-damage|p2a: 钓鱼不忘戴头盔|76/100|[from] Leech Seed|[of] p1a: Kenny Omega
|-heal|p1a: Kenny Omega|100/100|[silent]
|upkeep
|turn|18
|
|t:|1665817661
|switch|p1a: Majinn|Clefable, M|100/100
|move|p2a: 钓鱼不忘戴头盔|Teleport|p2a: 钓鱼不忘戴头盔
|
|t:|1665817664
|switch|p2a: 东莞柿第一技师|Scizor, F|71/100|[from]move: Teleport
|-damage|p2a: 东莞柿第一技师|55/100|[from] Spikes
|
|upkeep
|turn|19
|
|t:|1665817668
|switch|p2a: 爱情来得太快就像龙卷风|Tornadus-Therian, M|94/100 par
|move|p1a: Majinn|Thunder Wave|p2a: 爱情来得太快就像龙卷风
|-fail|p2a: 爱情来得太快就像龙卷风|par
|
|-end|p1a: Majinn|move: Future Sight
|-damage|p1a: Majinn|67/100
|-damage|p2a: 爱情来得太快就像龙卷风|82/100 par|[from] item: Sticky Barb
|upkeep
|turn|20
|
|t:|1665817672
|move|p2a: 爱情来得太快就像龙卷风|Hurricane|p1a: Majinn
|-damage|p1a: Majinn|35/100
|-start|p1a: Majinn|confusion
|-activate|p1a: Majinn|confusion
|move|p1a: Majinn|Moonblast|p2a: 爱情来得太快就像龙卷风
|-damage|p2a: 爱情来得太快就像龙卷风|50/100 par
|
|-damage|p2a: 爱情来得太快就像龙卷风|38/100 par|[from] item: Sticky Barb
|upkeep
|turn|21
|
|t:|1665817677
|move|p2a: 爱情来得太快就像龙卷风|Hurricane|p1a: Majinn
|-damage|p1a: Majinn|4/100
|-activate|p1a: Majinn|confusion
|move|p1a: Majinn|Moonblast|p2a: 爱情来得太快就像龙卷风
|-damage|p2a: 爱情来得太快就像龙卷风|4/100 par
|-unboost|p2a: 爱情来得太快就像龙卷风|spa|1
|
|-damage|p2a: 爱情来得太快就像龙卷风|0 fnt|[from] item: Sticky Barb
|faint|p2a: 爱情来得太快就像龙卷风
|upkeep
|
|t:|1665817681
|switch|p2a: 洗刷刷 洗刷刷 洗刷刷|Rotom-Wash|100/100
|turn|22
|
|t:|1665817690
|switch|p1a: Abomination|Ferrothorn, M|60/100 brn
|-damage|p1a: Abomination|54/100 brn|[from] Stealth Rock
|move|p2a: 洗刷刷 洗刷刷 洗刷刷|Hydro Pump|p1a: Abomination
|-resisted|p1a: Abomination
|-damage|p1a: Abomination|36/100 brn
|
|-damage|p1a: Abomination|30/100 brn|[from] brn
|upkeep
|turn|23
|
|t:|1665817696
|move|p2a: 洗刷刷 洗刷刷 洗刷刷|Hydro Pump|p1a: Abomination
|-resisted|p1a: Abomination
|-damage|p1a: Abomination|12/100 brn
|move|p1a: Abomination|Leech Seed|p2a: 洗刷刷 洗刷刷 洗刷刷
|-start|p2a: 洗刷刷 洗刷刷 洗刷刷|move: Leech Seed
|
|-damage|p2a: 洗刷刷 洗刷刷 洗刷刷|88/100|[from] Leech Seed|[of] p1a: Abomination
|-heal|p1a: Abomination|23/100 brn|[silent]
|-damage|p1a: Abomination|17/100 brn|[from] brn
|upkeep
|turn|24
|
|t:|1665817700
|move|p2a: 洗刷刷 洗刷刷 洗刷刷|Hydro Pump|p1a: Abomination
|-resisted|p1a: Abomination
|-damage|p1a: Abomination|2/100 brn
|move|p1a: Abomination|Leech Seed||[still]
|-fail|p1a: Abomination
|
|-heal|p2a: 洗刷刷 洗刷刷 洗刷刷|94/100|[from] item: Leftovers
|-damage|p2a: 洗刷刷 洗刷刷 洗刷刷|82/100|[from] Leech Seed|[of] p1a: Abomination
|-heal|p1a: Abomination|13/100 brn|[silent]
|-damage|p1a: Abomination|7/100 brn|[from] brn
|upkeep
|turn|25
|
|t:|1665817703
|move|p2a: 洗刷刷 洗刷刷 洗刷刷|Hydro Pump|p1a: Abomination
|-resisted|p1a: Abomination
|-damage|p1a: Abomination|0 fnt
|faint|p1a: Abomination
|
|-heal|p2a: 洗刷刷 洗刷刷 洗刷刷|88/100|[from] item: Leftovers
|upkeep
|
|t:|1665817710
|switch|p1a: Samehada|Garchomp, M|100/100
|-damage|p1a: Samehada|94/100|[from] Stealth Rock
|turn|26
|
|t:|1665817713
|move|p1a: Samehada|Toxic|p2a: 洗刷刷 洗刷刷 洗刷刷
|-status|p2a: 洗刷刷 洗刷刷 洗刷刷|tox
|move|p2a: 洗刷刷 洗刷刷 洗刷刷|Will-O-Wisp|p1a: Samehada|[miss]
|-miss|p2a: 洗刷刷 洗刷刷 洗刷刷|p1a: Samehada
|
|-heal|p1a: Samehada|100/100|[from] item: Leftovers
|-heal|p2a: 洗刷刷 洗刷刷 洗刷刷|94/100 tox|[from] item: Leftovers
|-damage|p2a: 洗刷刷 洗刷刷 洗刷刷|82/100 tox|[from] Leech Seed|[of] p1a: Samehada
|-damage|p2a: 洗刷刷 洗刷刷 洗刷刷|75/100 tox|[from] psn
|upkeep
|turn|27
|
|t:|1665817717
|switch|p1a: Majinn|Clefable, M|4/100
|switch|p2a: 脚踏七彩祥云|Landorus-Therian, M|100/100
|-ability|p2a: 脚踏七彩祥云|Intimidate|boost
|-unboost|p1a: Majinn|atk|1
|
|upkeep
|turn|28
|
|t:|1665817719
|switch|p1a: Kenny Omega|Zapdos-Galar|100/100
|-damage|p1a: Kenny Omega|88/100|[from] Stealth Rock
|move|p2a: 脚踏七彩祥云|Earthquake|p1a: Kenny Omega
|-immune|p1a: Kenny Omega
|
|upkeep
|turn|29
|
|t:|1665817724
|move|p1a: Kenny Omega|Brave Bird|p2a: 脚踏七彩祥云
|-damage|p2a: 脚踏七彩祥云|15/100
|-damage|p1a: Kenny Omega|55/100|[from] Recoil
|move|p2a: 脚踏七彩祥云|U-turn|p1a: Kenny Omega
|-resisted|p1a: Kenny Omega
|-damage|p1a: Kenny Omega|48/100
|
|t:|1665817727
|switch|p2a: 钓鱼不忘戴头盔|Slowbro, M|100/100|[from]move: U-turn
|-damage|p2a: 钓鱼不忘戴头盔|84/100|[from] Spikes
|
|upkeep
|turn|30
|
|t:|1665817737
|switch|p1a: Samehada|Garchomp, M|100/100
|-damage|p1a: Samehada|94/100|[from] Stealth Rock
|move|p2a: 钓鱼不忘戴头盔|Scald|p1a: Samehada
|-crit|p1a: Samehada
|-damage|p1a: Samehada|56/100
|
|-heal|p1a: Samehada|62/100|[from] item: Leftovers
|upkeep
|turn|31
|
|t:|1665817742
|move|p1a: Samehada|Stealth Rock|p2a: 钓鱼不忘戴头盔
|-sidestart|p2: QiYu5|move: Stealth Rock
|move|p2a: 钓鱼不忘戴头盔|Scald|p1a: Samehada
|-damage|p1a: Samehada|38/100
|
|-heal|p1a: Samehada|44/100|[from] item: Leftovers
|upkeep
|turn|32
|
|t:|1665817744
|move|p1a: Samehada|Toxic|p2a: 钓鱼不忘戴头盔
|-status|p2a: 钓鱼不忘戴头盔|tox
|move|p2a: 钓鱼不忘戴头盔|Scald|p1a: Samehada
|-damage|p1a: Samehada|20/100
|
|-heal|p1a: Samehada|26/100|[from] item: Leftovers
|-damage|p2a: 钓鱼不忘戴头盔|78/100 tox|[from] psn
|upkeep
|turn|33
|
|t:|1665817747
|move|p1a: Samehada|Protect|p1a: Samehada
|-singleturn|p1a: Samehada|Protect
|move|p2a: 钓鱼不忘戴头盔|Scald|p1a: Samehada
|-activate|p1a: Samehada|move: Protect
|
|-heal|p1a: Samehada|32/100|[from] item: Leftovers
|-damage|p2a: 钓鱼不忘戴头盔|66/100 tox|[from] psn
|upkeep
|turn|34
|
|t:|1665817752
|move|p1a: Samehada|Earthquake|p2a: 钓鱼不忘戴头盔
|-damage|p2a: 钓鱼不忘戴头盔|30/100 tox
|move|p2a: 钓鱼不忘戴头盔|Scald|p1a: Samehada
|-damage|p1a: Samehada|7/100
|
|-heal|p1a: Samehada|14/100|[from] item: Leftovers
|-damage|p2a: 钓鱼不忘戴头盔|12/100 tox|[from] psn
|upkeep
|turn|35
|
|t:|1665817758
|switch|p2a: 脚踏七彩祥云|Landorus-Therian, M|15/100
|-damage|p2a: 脚踏七彩祥云|3/100|[from] Stealth Rock
|-ability|p2a: 脚踏七彩祥云|Intimidate|boost
|-unboost|p1a: Samehada|atk|1
|move|p1a: Samehada|Earthquake|p2a: 脚踏七彩祥云
|-immune|p2a: 脚踏七彩祥云
|
|-heal|p1a: Samehada|20/100|[from] item: Leftovers
|-heal|p2a: 脚踏七彩祥云|9/100|[from] item: Leftovers
|upkeep
|turn|36
|
|t:|1665817761
|move|p1a: Samehada|Toxic|p2a: 脚踏七彩祥云
|-status|p2a: 脚踏七彩祥云|tox
|move|p2a: 脚踏七彩祥云|Earthquake|p1a: Samehada
|-damage|p1a: Samehada|0 fnt
|faint|p1a: Samehada
|
|-heal|p2a: 脚踏七彩祥云|15/100 tox|[from] item: Leftovers
|-damage|p2a: 脚踏七彩祥云|9/100 tox|[from] psn
|upkeep
|
|t:|1665817768
|switch|p1a: Kenny Omega|Zapdos-Galar|48/100
|-damage|p1a: Kenny Omega|36/100|[from] Stealth Rock
|turn|37
|
|t:|1665817772
|move|p1a: Kenny Omega|Thunderous Kick|p2a: 脚踏七彩祥云
|-resisted|p2a: 脚踏七彩祥云
|-damage|p2a: 脚踏七彩祥云|0 fnt
|faint|p2a: 脚踏七彩祥云
|
|upkeep
|
|t:|1665817777
|switch|p2a: 东莞柿第一技师|Scizor, F|55/100
|-damage|p2a: 东莞柿第一技师|38/100|[from] Spikes
|-damage|p2a: 东莞柿第一技师|26/100|[from] Stealth Rock
|turn|38
|
|t:|1665817783
|move|p1a: Kenny Omega|Thunderous Kick|p2a: 东莞柿第一技师
|-damage|p2a: 东莞柿第一技师|0 fnt
|-damage|p1a: Kenny Omega|20/100|[from] item: Rocky Helmet|[of] p2a: 东莞柿第一技师
|faint|p2a: 东莞柿第一技师
|
|upkeep
|
|t:|1665817787
|switch|p2a: 洗刷刷 洗刷刷 洗刷刷|Rotom-Wash|75/100 tox
|-damage|p2a: 洗刷刷 洗刷刷 洗刷刷|63/100 tox|[from] Stealth Rock
|turn|39
|
|t:|1665817795
|move|p1a: Kenny Omega|Thunderous Kick|p2a: 洗刷刷 洗刷刷 洗刷刷
|-damage|p2a: 洗刷刷 洗刷刷 洗刷刷|0 fnt
|faint|p2a: 洗刷刷 洗刷刷 洗刷刷
|
|upkeep
|-message|QiYu5 forfeited.
|
|win|Steez Ibanez
|raw|Steez Ibanez's rating: 1764 &rarr; <strong>1780</strong><br />(+16 for winning)
|raw|QiYu5's rating: 1686 &rarr; <strong>1670</strong><br />(-16 for losing)
|l|☆QiYu5
|l|☆Steez Ibanez
