|html|<div class="broadcast-blue"><strong>[Gen 8] OU is currently suspecting Melmetal! For information on how to participate check out the <a href="https://www.smogon.com/forums/threads/np-ss-ou-suspect-process-round-12-monster-mash.3709234/">suspect thread</a>.</strong></div>
|j|☆Dreepy Airlines
|j|☆trace fluctuation
|t:|1666228250
|gametype|singles
|player|p1|Dreepy Airlines|cynthia-masters|1420
|player|p2|trace fluctuation|shauntal|1448
|teamsize|p1|6
|teamsize|p2|6
|gen|8
|tier|[Gen 8] OU
|rated|
|rule|Sleep Clause Mod: Limit one foe put to sleep
|rule|Species Clause: Limit one of each Pokémon
|rule|OHKO Clause: OHKO moves are banned
|rule|Evasion Items Clause: Evasion items are banned
|rule|Evasion Moves Clause: Evasion moves are banned
|rule|Endless Battle Clause: Forcing endless battles is banned
|rule|HP Percentage Mod: HP is shown in percentages
|rule|Dynamax Clause: You cannot dynamax
|clearpoke
|poke|p1|Excadrill, M|
|poke|p1|Polteageist-Antique|
|poke|p1|Moltres-Galar|
|poke|p1|Volcarona, F|
|poke|p1|Tapu Fini|
|poke|p1|Kartana|
|poke|p2|Dragapult, F|
|poke|p2|Ferrothorn, F|
|poke|p2|Tapu Lele|
|poke|p2|Zapdos|
|poke|p2|Melmetal|
|poke|p2|Garchomp, M|
|teampreview
|inactive|Battle timer is ON: inactive players will automatically lose when time's up. (requested by Dreepy Airlines)
|inactive|trace fluctuation has 120 seconds left.
|inactive|trace fluctuation has 90 seconds left.
|
|t:|1666228312
|start
|switch|p1a: Excadrill|Excadrill, M|100/100
|switch|p2a: Garchomp|Garchomp, M|100/100
|-ability|p1a: Excadrill|Mold Breaker
|turn|1
|
|t:|1666228323
|move|p1a: Excadrill|Stealth Rock|p2a: Garchomp
|-sidestart|p2: trace fluctuation|move: Stealth Rock
|move|p2a: Garchomp|Earthquake|p1a: Excadrill
|-supereffective|p1a: Excadrill
|-enditem|p1a: Excadrill|Focus Sash
|-damage|p1a: Excadrill|1/100
|
|upkeep
|turn|2
|
|t:|1666228335
|move|p1a: Excadrill|Steel Beam|p2a: Garchomp
|-damage|p2a: Garchomp|83/100
|-damage|p1a: Excadrill|0 fnt|[from] mindblown
|faint|p1a: Excadrill
|move|p2a: Garchomp|Stealth Rock|p1: Excadrill
|-sidestart|p1: Dreepy Airlines|move: Stealth Rock
|
|-heal|p2a: Garchomp|90/100|[from] item: Leftovers
|upkeep
|
|t:|1666228349
|switch|p1a: Tapu Fini|Tapu Fini|100/100
|-damage|p1a: Tapu Fini|88/100|[from] Stealth Rock
|-fieldstart|move: Misty Terrain|[from] ability: Misty Surge|[of] p1a: Tapu Fini
|turn|3
|
|t:|1666228358
|switch|p2a: Ferrothorn|Ferrothorn, F|100/100
|-damage|p2a: Ferrothorn|94/100|[from] Stealth Rock
|move|p1a: Tapu Fini|Substitute|p1a: Tapu Fini
|-start|p1a: Tapu Fini|Substitute
|-damage|p1a: Tapu Fini|63/100
|
|-heal|p1a: Tapu Fini|69/100|[from] item: Leftovers
|-heal|p2a: Ferrothorn|100/100|[from] item: Leftovers
|upkeep
|turn|4
|
|t:|1666228365
|move|p1a: Tapu Fini|Scald|p2a: Ferrothorn
|-resisted|p2a: Ferrothorn
|-damage|p2a: Ferrothorn|89/100
|move|p2a: Ferrothorn|Power Whip|p1a: Tapu Fini
|-supereffective|p1a: Tapu Fini
|-end|p1a: Tapu Fini|Substitute
|
|-heal|p1a: Tapu Fini|75/100|[from] item: Leftovers
|-heal|p2a: Ferrothorn|95/100|[from] item: Leftovers
|upkeep
|turn|5
|
|t:|1666228376
|switch|p1a: Volcarona|Volcarona, F|100/100
|move|p2a: Ferrothorn|Power Whip|p1a: Volcarona
|-resisted|p1a: Volcarona
|-damage|p1a: Volcarona|84/100
|
|-heal|p2a: Ferrothorn|100/100|[from] item: Leftovers
|upkeep
|turn|6
|
|t:|1666228380
|switch|p2a: Garchomp|Garchomp, M|90/100
|-damage|p2a: Garchomp|83/100|[from] Stealth Rock
|move|p1a: Volcarona|Quiver Dance|p1a: Volcarona
|-boost|p1a: Volcarona|spa|1
|-boost|p1a: Volcarona|spd|1
|-boost|p1a: Volcarona|spe|1
|
|-heal|p2a: Garchomp|90/100|[from] item: Leftovers
|upkeep
|turn|7
|
|t:|1666228405
|move|p1a: Volcarona|Quiver Dance|p1a: Volcarona
|-boost|p1a: Volcarona|spa|1
|-boost|p1a: Volcarona|spd|1
|-boost|p1a: Volcarona|spe|1
|move|p2a: Garchomp|Earthquake|p1a: Volcarona
|-damage|p1a: Volcarona|20/100
|
|-heal|p2a: Garchomp|96/100|[from] item: Leftovers
|-fieldend|Misty Terrain
|upkeep
|turn|8
|
|t:|1666228414
|move|p1a: Volcarona|Bug Buzz|p2a: Garchomp
|-damage|p2a: Garchomp|24/100
|move|p2a: Garchomp|Earthquake|p1a: Volcarona
|-damage|p1a: Volcarona|0 fnt
|faint|p1a: Volcarona
|
|-heal|p2a: Garchomp|30/100|[from] item: Leftovers
|upkeep
|inactive|Dreepy Airlines has 120 seconds left.
|
|t:|1666228433
|switch|p1a: Moltres|Moltres-Galar|100/100
|-damage|p1a: Moltres|76/100|[from] Stealth Rock
|turn|9
|inactive|trace fluctuation has 120 seconds left.
|
|t:|1666228486
|move|p1a: Moltres|Agility|p1a: Moltres
|-boost|p1a: Moltres|spe|2
|move|p2a: Garchomp|Toxic|p1a: Moltres
|-status|p1a: Moltres|tox
|
|-heal|p2a: Garchomp|36/100|[from] item: Leftovers
|-damage|p1a: Moltres|69/100 tox|[from] psn
|upkeep
|turn|10
|inactive|trace fluctuation has 90 seconds left.
|
|t:|1666228515
|switch|p2a: Tapu Lele|Tapu Lele|100/100
|-damage|p2a: Tapu Lele|88/100|[from] Stealth Rock
|-fieldstart|move: Psychic Terrain|[from] ability: Psychic Surge|[of] p2a: Tapu Lele
|move|p1a: Moltres|Nasty Plot|p1a: Moltres
|-boost|p1a: Moltres|spa|2
|
|-damage|p1a: Moltres|57/100 tox|[from] psn
|upkeep
|turn|11
|inactive|trace fluctuation has 90 seconds left.
|
|t:|1666228523
|move|p1a: Moltres|Fiery Wrath|p2a: Tapu Lele
|-damage|p2a: Tapu Lele|0 fnt
|faint|p2a: Tapu Lele
|
|-damage|p1a: Moltres|38/100 tox|[from] psn
|upkeep
|
|t:|1666228526
|switch|p2a: Garchomp|Garchomp, M|36/100
|-damage|p2a: Garchomp|30/100|[from] Stealth Rock
|turn|12
|
|t:|1666228535
|move|p2a: Garchomp|Protect|p2a: Garchomp
|-singleturn|p2a: Garchomp|Protect
|move|p1a: Moltres|Rest|p1a: Moltres
|-status|p1a: Moltres|slp|[from] move: Rest
|-heal|p1a: Moltres|100/100 slp|[silent]
|-enditem|p1a: Moltres|Chesto Berry|[eat]
|-curestatus|p1a: Moltres|slp|[msg]
|
|-heal|p2a: Garchomp|36/100|[from] item: Leftovers
|upkeep
|turn|13
|
|t:|1666228539
|move|p1a: Moltres|Fiery Wrath|p2a: Garchomp
|-damage|p2a: Garchomp|0 fnt
|faint|p2a: Garchomp
|
|upkeep
|-message|trace fluctuation forfeited.
|
|win|Dreepy Airlines
|raw|Dreepy Airlines's rating: 1420 &rarr; <strong>1442</strong><br />(+22 for winning)
|raw|trace fluctuation's rating: 1448 &rarr; <strong>1426</strong><br />(-22 for losing)
|l|☆trace fluctuation
||Ladder isn't responding, score probably updated but might not have (Request timeout).
