|j|☆Greengamer12
|j|☆Blazikenlvl100
|t:|1660068737
|gametype|singles
|player|p1|Greengamer12|170|1474
|player|p2|Blazikenlvl100|blue|1508
|teamsize|p1|6
|teamsize|p2|6
|gen|8
|tier|[Gen 8] OU
|rated|
|rule|Sleep Clause Mod: Limit one foe put to sleep
|rule|Species Clause: Limit one of each Pokémon
|rule|OHKO Clause: OHKO moves are banned
|rule|Evasion Items Clause: Evasion items are banned
|rule|Evasion Moves Clause: Evasion moves are banned
|rule|Endless Battle Clause: Forcing endless battles is banned
|rule|HP Percentage Mod: HP is shown in percentages
|rule|Dynamax Clause: You cannot dynamax
|clearpoke
|poke|p1|Landorus-Therian, M|
|poke|p1|Ferrothorn, F|
|poke|p1|Slowbro, F|
|poke|p1|Zeraora|
|poke|p1|Zapdos-Galar|
|poke|p1|Clefable, M|
|poke|p2|Toxapex, M|
|poke|p2|Ditto|
|poke|p2|Chansey, F|
|poke|p2|Corviknight, F|
|poke|p2|Ferrothorn, F|
|poke|p2|Clefable, M|
|teampreview
|inactive|Battle timer is ON: inactive players will automatically lose when time's up. (requested by Greengamer12)
|
|t:|1660068755
|start
|switch|p1a: Slowbro|Slowbro, F|100/100
|switch|p2a: Ferrothorn|Ferrothorn, F|100/100
|turn|1
|
|t:|1660068759
|move|p2a: Ferrothorn|Knock Off|p1a: Slowbro
|-supereffective|p1a: Slowbro
|-damage|p1a: Slowbro|74/100
|-enditem|p1a: Slowbro|Heavy-Duty Boots|[from] move: Knock Off|[of] p2a: Ferrothorn
|move|p1a: Slowbro|Future Sight|p2a: Ferrothorn
|-start|p1a: Slowbro|move: Future Sight
|
|upkeep
|turn|2
|
|t:|1660068766
|move|p2a: Ferrothorn|Spikes|p1a: Slowbro
|-sidestart|p1: Greengamer12|Spikes
|move|p1a: Slowbro|Teleport|p1a: Slowbro
|
|t:|1660068776
|switch|p1a: Zapdos|Zapdos-Galar|100/100|[from]move: Teleport
|
|upkeep
|turn|3
|
|t:|1660068788
|switch|p2a: Corviknight|Corviknight, F|100/100
|-ability|p2a: Corviknight|Pressure
|move|p1a: Zapdos|Close Combat|p2a: Corviknight
|-crit|p2a: Corviknight
|-damage|p2a: Corviknight|15/100
|-unboost|p1a: Zapdos|def|1
|-unboost|p1a: Zapdos|spd|1
|-damage|p1a: Zapdos|84/100|[from] item: Rocky Helmet|[of] p2a: Corviknight
|
|-end|p2a: Corviknight|move: Future Sight
|-resisted|p2a: Corviknight
|-damage|p2a: Corviknight|0 fnt
|faint|p2a: Corviknight
|upkeep
|
|t:|1660068805
|switch|p2a: Ditto|Ditto|100/100
|-transform|p2a: Ditto|p1a: Zapdos|[from] ability: Imposter
|turn|4
|
|t:|1660068827
|switch|p1a: Slowbro|Slowbro, F|100/100
|-damage|p1a: Slowbro|88/100|[from] Spikes
|move|p2a: Ditto|U-turn|p1a: Slowbro
|-supereffective|p1a: Slowbro
|-damage|p1a: Slowbro|59/100
|
|t:|1660068836
|switch|p2a: Chansey|Chansey, F|100/100|[from]move: U-turn
|
|upkeep
|turn|5
|
|t:|1660068842
|switch|p1a: Clefable|Clefable, M|100/100
|move|p2a: Chansey|Stealth Rock|p1a: Clefable
|-sidestart|p1: Greengamer12|move: Stealth Rock
|
|upkeep
|turn|6
|
|t:|1660068850
|move|p1a: Clefable|Calm Mind|p1a: Clefable
|-boost|p1a: Clefable|spa|1
|-boost|p1a: Clefable|spd|1
|move|p2a: Chansey|Toxic|p1a: Clefable
|-status|p1a: Clefable|tox
|
|upkeep
|turn|7
|
|t:|1660068856
|move|p1a: Clefable|Calm Mind|p1a: Clefable
|-boost|p1a: Clefable|spa|1
|-boost|p1a: Clefable|spd|1
|move|p2a: Chansey|Seismic Toss|p1a: Clefable
|-damage|p1a: Clefable|75/100 tox
|
|-heal|p1a: Clefable|81/100 tox|[from] item: Leftovers
|upkeep
|turn|8
|
|t:|1660068861
|move|p1a: Clefable|Calm Mind|p1a: Clefable
|-boost|p1a: Clefable|spa|1
|-boost|p1a: Clefable|spd|1
|move|p2a: Chansey|Seismic Toss|p1a: Clefable
|-damage|p1a: Clefable|56/100 tox
|
|-heal|p1a: Clefable|62/100 tox|[from] item: Leftovers
|upkeep
|turn|9
|
|t:|1660068866
|move|p1a: Clefable|Calm Mind|p1a: Clefable
|-boost|p1a: Clefable|spa|1
|-boost|p1a: Clefable|spd|1
|move|p2a: Chansey|Seismic Toss|p1a: Clefable
|-damage|p1a: Clefable|37/100 tox
|
|-heal|p1a: Clefable|43/100 tox|[from] item: Leftovers
|upkeep
|turn|10
|
|t:|1660068868
|move|p1a: Clefable|Soft-Boiled|p1a: Clefable
|-heal|p1a: Clefable|93/100 tox
|move|p2a: Chansey|Seismic Toss|p1a: Clefable
|-damage|p1a: Clefable|67/100 tox
|
|-heal|p1a: Clefable|73/100 tox|[from] item: Leftovers
|upkeep
|turn|11
|
|t:|1660068875
|switch|p2a: Toxapex|Toxapex, M|100/100
|move|p1a: Clefable|Calm Mind|p1a: Clefable
|-boost|p1a: Clefable|spa|1
|-boost|p1a: Clefable|spd|1
|
|-heal|p1a: Clefable|79/100 tox|[from] item: Leftovers
|upkeep
|turn|12
|
|t:|1660068877
|move|p1a: Clefable|Thunderbolt|p2a: Toxapex
|-supereffective|p2a: Toxapex
|-damage|p2a: Toxapex|0 fnt
|faint|p2a: Toxapex
|
|-heal|p1a: Clefable|86/100 tox|[from] item: Leftovers
|upkeep
|-message|Blazikenlvl100 forfeited.
|
|win|Greengamer12
|raw|Greengamer12's rating: 1474 &rarr; <strong>1496</strong><br />(+22 for winning)
|raw|Blazikenlvl100's rating: 1508 &rarr; <strong>1486</strong><br />(-22 for losing)
|l|☆Blazikenlvl100
|c|☆Greengamer12|Bruh
