|j|☆Lunar Neo
|j|☆KingMorpeko
|player|p1|Lunar Neo|248|1457
|player|p2|KingMorpeko|130|1536
|teamsize|p1|6
|teamsize|p2|6
|gametype|singles
|gen|8
|tier|[Gen 8] OU
|rated|
|clearpoke
|poke|p1|Hydreigon, F|
|poke|p1|Mamoswine, M|
|poke|p1|Corviknight, M|
|poke|p1|Clefable, M|
|poke|p1|Keldeo-Resolute|
|poke|p1|Toxtricity, M|
|poke|p2|Clefable, F|
|poke|p2|Kommo-o, M|
|poke|p2|Aegislash, M|
|poke|p2|Morpeko, M|
|poke|p2|Dragapult, M|
|poke|p2|Ditto|
|rule|Sleep Clause Mod: Limit one foe put to sleep
|rule|Species Clause: Limit one of each Pokémon
|rule|OHKO Clause: OHKO moves are banned
|rule|Evasion Moves Clause: Evasion moves are banned
|rule|Endless Battle Clause: Forcing endless battles is banned
|rule|HP Percentage Mod: HP is shown in percentages
|rule|Dynamax Clause: You cannot dynamax
|teampreview
|
|start
|switch|p1a: Mamoswine|Mamoswine, M|100/100
|switch|p2a: Dragapult|Dragapult, M|100/100
|turn|1
|inactive|Battle timer is ON: inactive players will automatically lose when time's up. (requested by KingMorpeko)
|
|move|p2a: Dragapult|Dragon Darts|p1a: Mamoswine
|-damage|p1a: Mamoswine|60/100
|-anim|p2a: Dragapult|Dragon Darts|p1a: Mamoswine
|-damage|p1a: Mamoswine|21/100
|move|p1a: Mamoswine|Stealth Rock|p2a: Dragapult
|-sidestart|p2: KingMorpeko|move: Stealth Rock
|
|upkeep
|turn|2
|
|switch|p2a: Ditto|Ditto|100/100
|-damage|p2a: Ditto|88/100|[from] Stealth Rock
|-transform|p2a: Ditto|p1a: Mamoswine|[from] ability: Imposter
|switch|p1a: Clefable|Clefable, M|100/100
|
|upkeep
|turn|3
|
|switch|p1a: Corviknight|Corviknight, M|100/100
|-ability|p1a: Corviknight|Pressure
|move|p2a: Ditto|Stealth Rock|p1a: Corviknight
|-sidestart|p1: Lunar Neo|move: Stealth Rock
|
|upkeep
|turn|4
|
|switch|p2a: Clefable|Clefable, F|100/100
|move|p1a: Corviknight|U-turn|p2a: Clefable
|-resisted|p2a: Clefable
|-damage|p2a: Clefable|94/100
|
|switch|p1a: Toxtricity|Toxtricity, M|100/100|[from]move: U-turn
|-damage|p1a: Toxtricity|88/100|[from] Stealth Rock
|
|-heal|p2a: Clefable|99/100|[from] item: Leftovers
|upkeep
|turn|5
|
|move|p2a: Clefable|Protect|p2a: Clefable
|-singleturn|p2a: Clefable|Protect
|move|p1a: Toxtricity|Snarl|p2a: Clefable
|-activate|p2a: Clefable|move: Protect
|
|-heal|p2a: Clefable|100/100|[from] item: Leftovers
|upkeep
|turn|6
|
|switch|p1a: Clefable|Clefable, M|100/100
|-damage|p1a: Clefable|88/100|[from] Stealth Rock
|switch|p2a: Aegislash|Aegislash, M|100/100
|-damage|p2a: Aegislash|94/100|[from] Stealth Rock
|
|-heal|p1a: Clefable|94/100|[from] item: Leftovers
|upkeep
|turn|7
|
|switch|p1a: Hydreigon|Hydreigon, F|100/100
|-damage|p1a: Hydreigon|88/100|[from] Stealth Rock
|-formechange|p2a: Aegislash|Aegislash-Blade||[from] ability: Stance Change
|move|p2a: Aegislash|Shadow Ball|p1a: Hydreigon
|-resisted|p1a: Hydreigon
|-damage|p1a: Hydreigon|48/100
|-unboost|p1a: Hydreigon|spd|1
|
|upkeep
|turn|8
|
|switch|p2a: Clefable|Clefable, F|100/100
|move|p1a: Hydreigon|Roost|p1a: Hydreigon
|-heal|p1a: Hydreigon|99/100
|-singleturn|p1a: Hydreigon|move: Roost
|
|upkeep
|turn|9
|
|switch|p1a: Toxtricity|Toxtricity, M|88/100
|-damage|p1a: Toxtricity|76/100|[from] Stealth Rock
|move|p2a: Clefable|Teleport|p2a: Clefable
|
|switch|p2a: Ditto|Ditto|88/100|[from]move: Teleport
|-damage|p2a: Ditto|76/100|[from] Stealth Rock
|-transform|p2a: Ditto|p1a: Toxtricity|[from] ability: Imposter
|
|upkeep
|turn|10
|
|switch|p1a: Corviknight|Corviknight, M|100/100
|-damage|p1a: Corviknight|88/100|[from] Stealth Rock
|-ability|p1a: Corviknight|Pressure
|move|p2a: Ditto|Boomburst|p1a: Corviknight
|-resisted|p1a: Corviknight
|-damage|p1a: Corviknight|64/100
|
|-heal|p1a: Corviknight|71/100|[from] item: Leftovers
|upkeep
|turn|11
|
|switch|p2a: Aegislash|Aegislash, M|94/100
|-damage|p2a: Aegislash|88/100|[from] Stealth Rock
|move|p1a: Corviknight|U-turn|p2a: Aegislash
|-resisted|p2a: Aegislash
|-damage|p2a: Aegislash|85/100
|
|switch|p1a: Hydreigon|Hydreigon, F|99/100|[from]move: U-turn
|-damage|p1a: Hydreigon|86/100|[from] Stealth Rock
|
|upkeep
|turn|12
|
|switch|p1a: Toxtricity|Toxtricity, M|76/100
|-damage|p1a: Toxtricity|63/100|[from] Stealth Rock
|switch|p2a: Clefable|Clefable, F|100/100
|
|upkeep
|turn|13
|
|move|p2a: Clefable|Protect|p2a: Clefable
|-singleturn|p2a: Clefable|Protect
|move|p1a: Toxtricity|Volt Switch|p2a: Clefable
|-activate|p2a: Clefable|move: Protect
|
|upkeep
|turn|14
|
|move|p1a: Toxtricity|Volt Switch|p2a: Clefable
|-damage|p2a: Clefable|56/100
|
|switch|p1a: Keldeo|Keldeo-Resolute|100/100|[from]move: Volt Switch
|-damage|p1a: Keldeo|94/100|[from] Stealth Rock
|move|p2a: Clefable|Teleport|p2a: Clefable
|
|switch|p2a: Dragapult|Dragapult, M|100/100|[from]move: Teleport
|-damage|p2a: Dragapult|88/100|[from] Stealth Rock
|
|-heal|p1a: Keldeo|100/100|[from] item: Leftovers
|upkeep
|turn|15
|
|switch|p1a: Corviknight|Corviknight, M|71/100
|-damage|p1a: Corviknight|58/100|[from] Stealth Rock
|-ability|p1a: Corviknight|Pressure
|move|p2a: Dragapult|Dragon Darts|p1a: Corviknight
|-resisted|p1a: Corviknight
|-damage|p1a: Corviknight|45/100
|-anim|p2a: Dragapult|Dragon Darts|p1a: Corviknight
|-resisted|p1a: Corviknight
|-crit|p1a: Corviknight
|-damage|p1a: Corviknight|23/100
|
|-heal|p1a: Corviknight|30/100|[from] item: Leftovers
|upkeep
|turn|16
|
|move|p2a: Dragapult|Dragon Darts|p1a: Corviknight
|-resisted|p1a: Corviknight
|-damage|p1a: Corviknight|15/100
|-anim|p2a: Dragapult|Dragon Darts|p1a: Corviknight
|-resisted|p1a: Corviknight
|-damage|p1a: Corviknight|0 fnt
|faint|p1a: Corviknight
|
|upkeep
|
|switch|p1a: Clefable|Clefable, M|94/100
|-damage|p1a: Clefable|82/100|[from] Stealth Rock
|turn|17
|
|switch|p2a: Aegislash|Aegislash, M|85/100
|-damage|p2a: Aegislash|79/100|[from] Stealth Rock
|move|p1a: Clefable|Flamethrower|p2a: Aegislash
|-supereffective|p2a: Aegislash
|-damage|p2a: Aegislash|42/100
|-status|p2a: Aegislash|brn
|
|-heal|p1a: Clefable|88/100|[from] item: Leftovers
|-damage|p2a: Aegislash|36/100 brn|[from] brn
|upkeep
|turn|18
|
|switch|p1a: Keldeo|Keldeo-Resolute|100/100
|-damage|p1a: Keldeo|94/100|[from] Stealth Rock
|-formechange|p2a: Aegislash|Aegislash-Blade||[from] ability: Stance Change
|move|p2a: Aegislash|Flash Cannon|p1a: Keldeo
|-resisted|p1a: Keldeo
|-damage|p1a: Keldeo|54/100
|-unboost|p1a: Keldeo|spd|1
|
|-heal|p1a: Keldeo|60/100|[from] item: Leftovers
|-damage|p2a: Aegislash|30/100 brn|[from] brn
|upkeep
|turn|19
|
|switch|p2a: Kommo-o|Kommo-o, M|100/100
|-damage|p2a: Kommo-o|94/100|[from] Stealth Rock
|move|p1a: Keldeo|Scald|p2a: Kommo-o
|-resisted|p2a: Kommo-o
|-damage|p2a: Kommo-o|75/100
|-status|p2a: Kommo-o|brn
|
|-heal|p1a: Keldeo|66/100|[from] item: Leftovers
|-heal|p2a: Kommo-o|81/100 brn|[from] item: Leftovers
|-damage|p2a: Kommo-o|75/100 brn|[from] brn
|upkeep
|turn|20
|
|switch|p1a: Clefable|Clefable, M|88/100
|-damage|p1a: Clefable|75/100|[from] Stealth Rock
|move|p2a: Kommo-o|Body Press|p1a: Clefable
|-resisted|p1a: Clefable
|-damage|p1a: Clefable|65/100
|
|-heal|p2a: Kommo-o|81/100 brn|[from] item: Leftovers
|-heal|p1a: Clefable|72/100|[from] item: Leftovers
|-damage|p2a: Kommo-o|75/100 brn|[from] brn
|upkeep
|turn|21
|
|switch|p2a: Clefable|Clefable, F|56/100
|move|p1a: Clefable|Moonblast|p2a: Clefable
|-damage|p2a: Clefable|32/100
|
|-heal|p1a: Clefable|78/100|[from] item: Leftovers
|-heal|p2a: Clefable|38/100|[from] item: Leftovers
|upkeep
|turn|22
|
|switch|p1a: Toxtricity|Toxtricity, M|63/100
|-damage|p1a: Toxtricity|51/100|[from] Stealth Rock
|move|p2a: Clefable|Wish|p2a: Clefable
|
|-heal|p2a: Clefable|44/100|[from] item: Leftovers
|upkeep
|turn|23
|
|move|p2a: Clefable|Protect|p2a: Clefable
|-singleturn|p2a: Clefable|Protect
|move|p1a: Toxtricity|Overdrive|p2a: Clefable
|-activate|p2a: Clefable|move: Protect
|
|-heal|p2a: Clefable|94/100|[from] move: Wish|[wisher] Clefable
|-heal|p2a: Clefable|99/100|[from] item: Leftovers
|upkeep
|turn|24
|
|switch|p2a: Kommo-o|Kommo-o, M|75/100 brn
|-damage|p2a: Kommo-o|68/100 brn|[from] Stealth Rock
|move|p1a: Toxtricity|Overdrive|p2a: Kommo-o
|-resisted|p2a: Kommo-o
|-damage|p2a: Kommo-o|28/100 brn
|
|-heal|p2a: Kommo-o|34/100 brn|[from] item: Leftovers
|-damage|p2a: Kommo-o|28/100 brn|[from] brn
|upkeep
|turn|25
|
|switch|p1a: Clefable|Clefable, M|78/100
|-damage|p1a: Clefable|65/100|[from] Stealth Rock
|move|p2a: Kommo-o|Earthquake|p1a: Clefable
|-damage|p1a: Clefable|54/100
|
|-heal|p2a: Kommo-o|34/100 brn|[from] item: Leftovers
|-heal|p1a: Clefable|60/100|[from] item: Leftovers
|-damage|p2a: Kommo-o|28/100 brn|[from] brn
|upkeep
|turn|26
|
|switch|p2a: Clefable|Clefable, F|99/100
|move|p1a: Clefable|Moonlight|p1a: Clefable
|-heal|p1a: Clefable|100/100
|
|-heal|p2a: Clefable|100/100|[from] item: Leftovers
|upkeep
|turn|27
|
|switch|p1a: Toxtricity|Toxtricity, M|51/100
|-damage|p1a: Toxtricity|39/100|[from] Stealth Rock
|move|p2a: Clefable|Wish|p2a: Clefable
|
|upkeep
|turn|28
|
|move|p1a: Toxtricity|Snarl|p2a: Clefable
|-resisted|p2a: Clefable
|-damage|p2a: Clefable|86/100
|-unboost|p2a: Clefable|spa|1
|move|p2a: Clefable|Teleport|p2a: Clefable
|
|switch|p2a: Aegislash|Aegislash, M|30/100 brn|[from]move: Teleport
|-damage|p2a: Aegislash|23/100 brn|[from] Stealth Rock
|
|-heal|p2a: Aegislash|99/100 brn|[from] move: Wish|[wisher] Clefable
|-damage|p2a: Aegislash|93/100 brn|[from] brn
|upkeep
|turn|29
|
|switch|p1a: Hydreigon|Hydreigon, F|86/100
|-damage|p1a: Hydreigon|74/100|[from] Stealth Rock
|-formechange|p2a: Aegislash|Aegislash-Blade||[from] ability: Stance Change
|move|p2a: Aegislash|Shadow Ball|p1a: Hydreigon
|-resisted|p1a: Hydreigon
|-damage|p1a: Hydreigon|31/100
|
|-damage|p2a: Aegislash|87/100 brn|[from] brn
|upkeep
|turn|30
|
|switch|p2a: Clefable|Clefable, F|86/100
|move|p1a: Hydreigon|Roost|p1a: Hydreigon
|-heal|p1a: Hydreigon|81/100
|-singleturn|p1a: Hydreigon|move: Roost
|
|-heal|p2a: Clefable|92/100|[from] item: Leftovers
|upkeep
|turn|31
|
|move|p1a: Hydreigon|Flamethrower|p2a: Clefable
|-damage|p2a: Clefable|62/100
|-damage|p1a: Hydreigon|71/100|[from] item: Life Orb
|move|p2a: Clefable|Moonblast|p1a: Hydreigon
|-supereffective|p1a: Hydreigon
|-damage|p1a: Hydreigon|0 fnt
|faint|p1a: Hydreigon
|
|-heal|p2a: Clefable|68/100|[from] item: Leftovers
|upkeep
|
|switch|p1a: Toxtricity|Toxtricity, M|39/100
|-damage|p1a: Toxtricity|26/100|[from] Stealth Rock
|turn|32
|
|move|p2a: Clefable|Protect|p2a: Clefable
|-singleturn|p2a: Clefable|Protect
|move|p1a: Toxtricity|Overdrive|p2a: Clefable
|-activate|p2a: Clefable|move: Protect
|
|-heal|p2a: Clefable|74/100|[from] item: Leftovers
|upkeep
|turn|33
|
|switch|p2a: Kommo-o|Kommo-o, M|28/100 brn
|-damage|p2a: Kommo-o|21/100 brn|[from] Stealth Rock
|move|p1a: Toxtricity|Overdrive|p2a: Kommo-o
|-resisted|p2a: Kommo-o
|-damage|p2a: Kommo-o|0 fnt
|faint|p2a: Kommo-o
|
|upkeep
|
|switch|p2a: Ditto|Ditto|76/100
|-damage|p2a: Ditto|63/100|[from] Stealth Rock
|-transform|p2a: Ditto|p1a: Toxtricity|[from] ability: Imposter
|turn|34
|
|switch|p1a: Mamoswine|Mamoswine, M|21/100
|-damage|p1a: Mamoswine|9/100|[from] Stealth Rock
|move|p2a: Ditto|Boomburst|p1a: Mamoswine
|-damage|p1a: Mamoswine|0 fnt
|faint|p1a: Mamoswine
|
|upkeep
|
|switch|p1a: Clefable|Clefable, M|100/100
|-damage|p1a: Clefable|88/100|[from] Stealth Rock
|turn|35
|
|move|p2a: Ditto|Boomburst|p1a: Clefable
|-damage|p1a: Clefable|33/100
|move|p1a: Clefable|Moonlight|p1a: Clefable
|-heal|p1a: Clefable|83/100
|
|-heal|p1a: Clefable|89/100|[from] item: Leftovers
|upkeep
|turn|36
|
|switch|p2a: Clefable|Clefable, F|74/100
|move|p1a: Clefable|Moonlight|p1a: Clefable
|-heal|p1a: Clefable|100/100
|
|-heal|p2a: Clefable|80/100|[from] item: Leftovers
|upkeep
|turn|37
|-message|Lunar Neo forfeited.
|
|win|KingMorpeko
|l|☆Lunar Neo
|raw|Lunar Neo's rating: 1430 &rarr; <strong>1415</strong><br />(-15 for losing)
|raw|KingMorpeko's rating: 1520 &rarr; <strong>1535</strong><br />(+15 for winning)
