|j|☆d18l
|j|☆dovesoap2
|t:|1661738581
|gametype|singles
|player|p1|d18l|backpacker|1734
|player|p2|dovesoap2|archer|1757
|teamsize|p1|6
|teamsize|p2|6
|gen|8
|tier|[Gen 8] OU
|rated|
|rule|Sleep Clause Mod: Limit one foe put to sleep
|rule|Species Clause: Limit one of each Pokémon
|rule|OHKO Clause: OHKO moves are banned
|rule|Evasion Items Clause: Evasion items are banned
|rule|Evasion Moves Clause: Evasion moves are banned
|rule|Endless Battle Clause: Forcing endless battles is banned
|rule|HP Percentage Mod: HP is shown in percentages
|rule|Dynamax Clause: You cannot dynamax
|clearpoke
|poke|p1|Tapu Koko|
|poke|p1|Victini|
|poke|p1|Landorus-Therian, M|
|poke|p1|Tornadus-Therian, M|
|poke|p1|Rotom-Wash|
|poke|p1|Ferrothorn, F|
|poke|p2|Landorus-Therian, M|
|poke|p2|Clefable, M|
|poke|p2|Tornadus-Therian, M|
|poke|p2|Melmetal|
|poke|p2|Toxapex, M|
|poke|p2|Garchomp, M|
|teampreview
|inactive|Battle timer is ON: inactive players will automatically lose when time's up. (requested by dovesoap2)
|
|t:|1661738599
|start
|switch|p1a: Landorus|Landorus-Therian, M|100/100
|switch|p2a: Toxapex|Toxapex, M, shiny|100/100
|-ability|p1a: Landorus|Intimidate|boost
|-unboost|p2a: Toxapex|atk|1
|turn|1
|
|t:|1661738605
|switch|p1a: Ferrothorn|Ferrothorn, F|100/100
|move|p2a: Toxapex|Toxic Spikes|p1a: Ferrothorn
|-sidestart|p1: d18l|move: Toxic Spikes
|
|upkeep
|turn|2
|
|t:|1661738610
|switch|p2a: Tornadus|Tornadus-Therian, M|100/100
|move|p1a: Ferrothorn|Stealth Rock|p2a: Tornadus
|-sidestart|p2: dovesoap2|move: Stealth Rock
|
|upkeep
|turn|3
|
|t:|1661738613
|switch|p1a: Rotom|Rotom-Wash|100/100
|move|p2a: Tornadus|Heat Wave|p1a: Rotom
|-resisted|p1a: Rotom
|-damage|p1a: Rotom|85/100
|
|upkeep
|turn|4
|
|t:|1661738625
|move|p2a: Tornadus|Nasty Plot|p2a: Tornadus
|-boost|p2a: Tornadus|spa|2
|move|p1a: Rotom|Volt Switch|p2a: Tornadus
|-supereffective|p2a: Tornadus
|-damage|p2a: Tornadus|39/100
|
|t:|1661738634
|switch|p1a: Tapu Koko|Tapu Koko|100/100|[from]move: Volt Switch
|-status|p1a: Tapu Koko|psn
|-fieldstart|move: Electric Terrain|[from] ability: Electric Surge|[of] p1a: Tapu Koko
|
|-damage|p1a: Tapu Koko|88/100 psn|[from] psn
|upkeep
|turn|5
|
|t:|1661738644
|switch|p2a: Clefable|Clefable, M|100/100
|-damage|p2a: Clefable|88/100|[from] Stealth Rock
|move|p1a: Tapu Koko|Dazzling Gleam|p2a: Clefable
|-damage|p2a: Clefable|54/100
|
|-heal|p2a: Clefable|60/100|[from] item: Leftovers
|-damage|p1a: Tapu Koko|76/100 psn|[from] psn
|upkeep
|turn|6
|
|t:|1661738650
|switch|p1a: Victini|Victini|100/100
|move|p2a: Clefable|Soft-Boiled|p2a: Clefable
|-heal|p2a: Clefable|100/100
|
|upkeep
|turn|7
|
|t:|1661738664
|switch|p2a: Garchomp|Garchomp, M|100/100
|-damage|p2a: Garchomp|94/100|[from] Stealth Rock
|move|p1a: Victini|Taunt|p2a: Garchomp
|-start|p2a: Garchomp|move: Taunt
|
|-heal|p2a: Garchomp|100/100|[from] item: Leftovers
|upkeep
|turn|8
|
|t:|1661738673
|switch|p1a: Landorus|Landorus-Therian, M|100/100
|-ability|p1a: Landorus|Intimidate|boost
|-unboost|p2a: Garchomp|atk|1
|move|p2a: Garchomp|Scale Shot|p1a: Landorus
|-damage|p1a: Landorus|93/100
|-damage|p1a: Landorus|86/100
|-damage|p1a: Landorus|79/100
|-hitcount|p1a: Landorus|3
|-unboost|p2a: Garchomp|def|1
|-boost|p2a: Garchomp|spe|1
|
|-heal|p1a: Landorus|85/100|[from] item: Leftovers
|-fieldend|move: Electric Terrain
|upkeep
|turn|9
|
|t:|1661738686
|switch|p2a: Landorus|Landorus-Therian, M|100/100
|-damage|p2a: Landorus|88/100|[from] Stealth Rock
|-ability|p2a: Landorus|Intimidate|boost
|-unboost|p1a: Landorus|atk|1
|move|p1a: Landorus|Toxic|p2a: Landorus|[miss]
|-miss|p1a: Landorus|p2a: Landorus
|
|-heal|p2a: Landorus|94/100|[from] item: Leftovers
|-heal|p1a: Landorus|91/100|[from] item: Leftovers
|upkeep
|turn|10
|
|t:|1661738692
|move|p2a: Landorus|U-turn|p1a: Landorus
|-resisted|p1a: Landorus
|-damage|p1a: Landorus|81/100
|
|t:|1661738694
|switch|p2a: Toxapex|Toxapex, M, shiny|100/100|[from]move: U-turn
|-damage|p2a: Toxapex|88/100|[from] Stealth Rock
|move|p1a: Landorus|Toxic|p2a: Toxapex
|-immune|p2a: Toxapex
|
|-heal|p1a: Landorus|87/100|[from] item: Leftovers
|-heal|p2a: Toxapex|94/100|[from] item: Black Sludge
|upkeep
|turn|11
|
|t:|1661738703
|switch|p2a: Tornadus|Tornadus-Therian, M|72/100
|move|p1a: Landorus|U-turn|p2a: Tornadus
|-resisted|p2a: Tornadus
|-damage|p2a: Tornadus|62/100
|
|t:|1661738713
|switch|p1a: Rotom|Rotom-Wash|85/100|[from]move: U-turn
|
|upkeep
|turn|12
|
|t:|1661738716
|move|p2a: Tornadus|Focus Blast|p1a: Rotom
|-damage|p1a: Rotom|46/100
|move|p1a: Rotom|Volt Switch|p2a: Tornadus
|-supereffective|p2a: Tornadus
|-damage|p2a: Tornadus|7/100
|
|t:|1661738728
|switch|p1a: Tornadus|Tornadus-Therian, M|100/100|[from]move: Volt Switch
|
|upkeep
|turn|13
|
|t:|1661738732
|switch|p2a: Toxapex|Toxapex, M, shiny|100/100
|-damage|p2a: Toxapex|88/100|[from] Stealth Rock
|move|p1a: Tornadus|Knock Off|p2a: Toxapex
|-damage|p2a: Toxapex|75/100
|-enditem|p2a: Toxapex|Black Sludge|[from] move: Knock Off|[of] p1a: Tornadus
|
|upkeep
|turn|14
|
|t:|1661738739
|move|p1a: Tornadus|U-turn|p2a: Toxapex
|-resisted|p2a: Toxapex
|-damage|p2a: Toxapex|71/100
|
|t:|1661738741
|switch|p1a: Rotom|Rotom-Wash|46/100|[from]move: U-turn
|move|p2a: Toxapex|Scald|p1a: Rotom
|-resisted|p1a: Rotom
|-damage|p1a: Rotom|38/100
|
|upkeep
|turn|15
|
|t:|1661738747
|move|p1a: Rotom|Pain Split|p2a: Toxapex
|-sethp|p2a: Toxapex|55/100|[from] move: Pain Split|[silent]
|-sethp|p1a: Rotom|55/100|[from] move: Pain Split
|move|p2a: Toxapex|Scald|p1a: Rotom
|-resisted|p1a: Rotom
|-damage|p1a: Rotom|47/100
|-status|p1a: Rotom|brn
|
|-damage|p1a: Rotom|41/100 brn|[from] brn
|upkeep
|turn|16
|
|t:|1661738750
|move|p1a: Rotom|Will-O-Wisp|p2a: Toxapex|[miss]
|-miss|p1a: Rotom|p2a: Toxapex
|move|p2a: Toxapex|Recover|p2a: Toxapex
|-heal|p2a: Toxapex|100/100
|
|-damage|p1a: Rotom|35/100 brn|[from] brn
|upkeep
|turn|17
|
|t:|1661738753
|switch|p2a: Tornadus|Tornadus-Therian, M|40/100
|move|p1a: Rotom|Pain Split|p2a: Tornadus
|-sethp|p2a: Tornadus|38/100|[from] move: Pain Split|[silent]
|-sethp|p1a: Rotom|38/100 brn|[from] move: Pain Split
|
|-damage|p1a: Rotom|32/100 brn|[from] brn
|upkeep
|turn|18
|
|t:|1661738767
|switch|p1a: Tornadus|Tornadus-Therian, M|100/100
|move|p2a: Tornadus|Focus Blast|p1a: Tornadus|[miss]
|-miss|p2a: Tornadus|p1a: Tornadus
|
|upkeep
|turn|19
|
|t:|1661738771
|switch|p2a: Toxapex|Toxapex, M, shiny|100/100
|-damage|p2a: Toxapex|88/100|[from] Stealth Rock
|move|p1a: Tornadus|Hurricane|p2a: Toxapex|[miss]
|-miss|p1a: Tornadus|p2a: Toxapex
|
|upkeep
|turn|20
|
|t:|1661738781
|switch|p2a: Landorus|Landorus-Therian, M|94/100
|-damage|p2a: Landorus|82/100|[from] Stealth Rock
|-ability|p2a: Landorus|Intimidate|boost
|-unboost|p1a: Tornadus|atk|1
|move|p1a: Tornadus|U-turn|p2a: Landorus
|-resisted|p2a: Landorus
|-damage|p2a: Landorus|77/100
|
|t:|1661738790
|switch|p1a: Rotom|Rotom-Wash|32/100 brn|[from]move: U-turn
|
|-heal|p2a: Landorus|83/100|[from] item: Leftovers
|-damage|p1a: Rotom|26/100 brn|[from] brn
|upkeep
|turn|21
|
|t:|1661738794
|move|p2a: Landorus|Knock Off|p1a: Rotom
|-damage|p1a: Rotom|0 fnt
|-damage|p2a: Landorus|67/100|[from] item: Rocky Helmet|[of] p1a: Rotom
|-enditem|p1a: Rotom|Rocky Helmet|[from] move: Knock Off|[of] p2a: Landorus
|faint|p1a: Rotom
|
|-heal|p2a: Landorus|73/100|[from] item: Leftovers
|upkeep
|
|t:|1661738811
|switch|p1a: Victini|Victini|100/100
|turn|22
|
|t:|1661738816
|switch|p2a: Toxapex|Toxapex, M, shiny|100/100
|-damage|p2a: Toxapex|88/100|[from] Stealth Rock
|move|p1a: Victini|V-create|p2a: Toxapex
|-resisted|p2a: Toxapex
|-damage|p2a: Toxapex|64/100
|-unboost|p1a: Victini|spe|1
|-unboost|p1a: Victini|def|1
|-unboost|p1a: Victini|spd|1
|
|upkeep
|turn|23
|
|t:|1661738822
|switch|p2a: Landorus|Landorus-Therian, M|73/100
|-damage|p2a: Landorus|61/100|[from] Stealth Rock
|-ability|p2a: Landorus|Intimidate|boost
|-unboost|p1a: Victini|atk|1
|move|p1a: Victini|Bolt Strike|p2a: Landorus
|-immune|p2a: Landorus
|
|-heal|p2a: Landorus|67/100|[from] item: Leftovers
|upkeep
|turn|24
|
|t:|1661738832
|switch|p1a: Ferrothorn|Ferrothorn, F|100/100
|move|p2a: Landorus|Knock Off|p1a: Ferrothorn
|-damage|p1a: Ferrothorn|84/100
|-damage|p2a: Landorus|54/100|[from] ability: Iron Barbs|[of] p1a: Ferrothorn
|-damage|p2a: Landorus|38/100|[from] item: Rocky Helmet|[of] p1a: Ferrothorn
|-enditem|p1a: Ferrothorn|Rocky Helmet|[from] move: Knock Off|[of] p2a: Landorus
|
|-heal|p2a: Landorus|44/100|[from] item: Leftovers
|upkeep
|turn|25
|
|t:|1661738839
|move|p2a: Landorus|Earthquake|p1a: Ferrothorn
|-crit|p1a: Ferrothorn
|-damage|p1a: Ferrothorn|45/100
|move|p1a: Ferrothorn|Leech Seed|p2a: Landorus
|-start|p2a: Landorus|move: Leech Seed
|
|-heal|p2a: Landorus|50/100|[from] item: Leftovers
|-damage|p2a: Landorus|38/100|[from] Leech Seed|[of] p1a: Ferrothorn
|-heal|p1a: Ferrothorn|59/100|[silent]
|upkeep
|turn|26
|
|t:|1661738844
|switch|p2a: Toxapex|Toxapex, M, shiny|97/100
|-damage|p2a: Toxapex|85/100|[from] Stealth Rock
|switch|p1a: Landorus|Landorus-Therian, M|87/100
|-ability|p1a: Landorus|Intimidate|boost
|-unboost|p2a: Toxapex|atk|1
|
|-heal|p1a: Landorus|93/100|[from] item: Leftovers
|upkeep
|turn|27
|
|t:|1661738849
|move|p1a: Landorus|U-turn|p2a: Toxapex
|-resisted|p2a: Toxapex
|-damage|p2a: Toxapex|78/100
|
|t:|1661738852
|switch|p1a: Ferrothorn|Ferrothorn, F|59/100|[from]move: U-turn
|move|p2a: Toxapex|Scald|p1a: Ferrothorn
|-resisted|p1a: Ferrothorn
|-damage|p1a: Ferrothorn|51/100
|
|upkeep
|turn|28
|
|t:|1661738855
|move|p2a: Toxapex|Scald|p1a: Ferrothorn
|-resisted|p1a: Ferrothorn
|-damage|p1a: Ferrothorn|44/100
|move|p1a: Ferrothorn|Leech Seed|p2a: Toxapex
|-start|p2a: Toxapex|move: Leech Seed
|
|-damage|p2a: Toxapex|66/100|[from] Leech Seed|[of] p1a: Ferrothorn
|-heal|p1a: Ferrothorn|55/100|[silent]
|upkeep
|turn|29
|
|t:|1661738866
|switch|p1a: Victini|Victini|100/100
|move|p2a: Toxapex|Recover|p2a: Toxapex
|-heal|p2a: Toxapex|100/100
|
|-damage|p2a: Toxapex|88/100|[from] Leech Seed|[of] p1a: Victini
|upkeep
|turn|30
|
|t:|1661738876
|switch|p2a: Landorus|Landorus-Therian, M|38/100
|-damage|p2a: Landorus|25/100|[from] Stealth Rock
|-ability|p2a: Landorus|Intimidate|boost
|-unboost|p1a: Victini|atk|1
|move|p1a: Victini|Bolt Strike|p2a: Landorus
|-immune|p2a: Landorus
|
|-heal|p2a: Landorus|31/100|[from] item: Leftovers
|upkeep
|turn|31
|
|t:|1661738882
|switch|p2a: Garchomp|Garchomp, M|100/100
|-damage|p2a: Garchomp|94/100|[from] Stealth Rock
|move|p1a: Victini|V-create|p2a: Garchomp
|-resisted|p2a: Garchomp
|-damage|p2a: Garchomp|74/100
|-unboost|p1a: Victini|spe|1
|-unboost|p1a: Victini|def|1
|-unboost|p1a: Victini|spd|1
|-damage|p1a: Victini|88/100|[from] ability: Rough Skin|[of] p2a: Garchomp
|
|-heal|p2a: Garchomp|80/100|[from] item: Leftovers
|upkeep
|turn|32
|
|t:|1661738892
|switch|p2a: Tornadus|Tornadus-Therian, M|71/100
|switch|p1a: Landorus|Landorus-Therian, M|93/100
|-ability|p1a: Landorus|Intimidate|boost
|-unboost|p2a: Tornadus|atk|1
|
|-heal|p1a: Landorus|99/100|[from] item: Leftovers
|upkeep
|turn|33
|
|t:|1661738897
|switch|p1a: Tapu Koko|Tapu Koko|76/100 psn
|-fieldstart|move: Electric Terrain|[from] ability: Electric Surge|[of] p1a: Tapu Koko
|move|p2a: Tornadus|Hurricane|p1a: Tapu Koko
|-resisted|p1a: Tapu Koko
|-damage|p1a: Tapu Koko|36/100 psn
|
|-damage|p1a: Tapu Koko|24/100 psn|[from] psn
|upkeep
|turn|34
|inactive|d18l has 120 seconds left.
|
|t:|1661738935
|switch|p2a: Clefable|Clefable, M|100/100
|-damage|p2a: Clefable|88/100|[from] Stealth Rock
|move|p1a: Tapu Koko|Volt Switch|p2a: Clefable
|-damage|p2a: Clefable|50/100
|
|t:|1661738938
|switch|p1a: Victini|Victini|88/100|[from]move: Volt Switch
|
|-heal|p2a: Clefable|57/100|[from] item: Leftovers
|upkeep
|turn|35
|inactive|dovesoap2 has 120 seconds left.
|
|t:|1661738968
|switch|p2a: Garchomp|Garchomp, M|80/100
|-damage|p2a: Garchomp|74/100|[from] Stealth Rock
|move|p1a: Victini|V-create|p2a: Garchomp
|-resisted|p2a: Garchomp
|-damage|p2a: Garchomp|38/100
|-unboost|p1a: Victini|spe|1
|-unboost|p1a: Victini|def|1
|-unboost|p1a: Victini|spd|1
|-damage|p1a: Victini|76/100|[from] ability: Rough Skin|[of] p2a: Garchomp
|
|-heal|p2a: Garchomp|44/100|[from] item: Leftovers
|upkeep
|turn|36
|inactive|d18l has 120 seconds left.
|
|t:|1661738988
|switch|p1a: Landorus|Landorus-Therian, M|99/100
|-ability|p1a: Landorus|Intimidate|boost
|-unboost|p2a: Garchomp|atk|1
|move|p2a: Garchomp|Scale Shot|p1a: Landorus
|-damage|p1a: Landorus|92/100
|-damage|p1a: Landorus|85/100
|-hitcount|p1a: Landorus|2
|-unboost|p2a: Garchomp|def|1
|-boost|p2a: Garchomp|spe|1
|
|-heal|p2a: Garchomp|50/100|[from] item: Leftovers
|-heal|p1a: Landorus|91/100|[from] item: Leftovers
|upkeep
|turn|37
|
|t:|1661738999
|switch|p2a: Tornadus|Tornadus-Therian, M|100/100
|move|p1a: Landorus|Earthquake|p2a: Tornadus
|-immune|p2a: Tornadus
|
|-heal|p1a: Landorus|97/100|[from] item: Leftovers
|-fieldend|move: Electric Terrain
|upkeep
|turn|38
|
|t:|1661739010
|move|p2a: Tornadus|Hurricane|p1a: Landorus
|-damage|p1a: Landorus|51/100
|move|p1a: Landorus|U-turn|p2a: Tornadus
|-resisted|p2a: Tornadus
|-damage|p2a: Tornadus|87/100
|
|t:|1661739013
|switch|p1a: Tapu Koko|Tapu Koko|24/100 psn|[from]move: U-turn
|-fieldstart|move: Electric Terrain|[from] ability: Electric Surge|[of] p1a: Tapu Koko
|
|-damage|p1a: Tapu Koko|12/100 psn|[from] psn
|upkeep
|turn|39
|inactive|d18l has 120 seconds left.
|inactive|d18l has 90 seconds left.
|c|☆d18l|cant believe i made 0 progress while you won the game in 39 turns
|c|☆d18l|that was horrible
|c|☆d18l|gg
|-message|d18l forfeited.
|
|win|dovesoap2
|raw|d18l's rating: 1734 &rarr; <strong>1715</strong><br />(-19 for losing)
|raw|dovesoap2's rating: 1757 &rarr; <strong>1776</strong><br />(+19 for winning)
|c|☆dovesoap2|gg
