|html|<div class="broadcast-blue"><strong>[Gen 8] OU is currently suspecting Melmetal! For information on how to participate check out the <a href="https://www.smogon.com/forums/threads/np-ss-ou-suspect-process-round-12-monster-mash.3709234/">suspect thread</a>.</strong></div>
|j|☆dawgoesbrr
|j|☆mimilimi
|inactive|Battle timer is ON: inactive players will automatically lose when time's up.
|t:|1666774515
|gametype|singles
|player|p1|dawgoesbrr|265|
|player|p2|mimilimi|juggler|
|teamsize|p1|6
|teamsize|p2|6
|gen|8
|tier|[Gen 8] OU
|rated|Tournament battle
|rule|Sleep Clause Mod: Limit one foe put to sleep
|rule|Species Clause: Limit one of each Pokémon
|rule|OHKO Clause: OHKO moves are banned
|rule|Evasion Items Clause: Evasion items are banned
|rule|Evasion Moves Clause: Evasion moves are banned
|rule|Endless Battle Clause: Forcing endless battles is banned
|rule|HP Percentage Mod: HP is shown in percentages
|rule|Dynamax Clause: You cannot dynamax
|clearpoke
|poke|p1|Ninetales-Alola, F|
|poke|p1|Moltres-Galar|
|poke|p1|Garchomp, M|
|poke|p1|Scizor, F|
|poke|p1|Blaziken, M|
|poke|p1|Kartana|
|poke|p2|Volcarona, F|
|poke|p2|Excadrill, F|
|poke|p2|Zapdos|
|poke|p2|Toxapex, M|
|poke|p2|Hydreigon, F|
|poke|p2|Dragapult, M|
|teampreview
|j| leenachan
|j| siidi
|j| CartierC
|c|☆mimilimi|gl
|
|t:|1666774533
|start
|switch|p1a: Ninetales|Ninetales-Alola, F|100/100
|switch|p2a: Excadrill|Excadrill, F|100/100
|-weather|Hail|[from] ability: Snow Warning|[of] p1a: Ninetales
|-ability|p2a: Excadrill|Mold Breaker
|turn|1
|
|t:|1666774537
|move|p1a: Ninetales|Aurora Veil|p1a: Ninetales
|-sidestart|p1: dawgoesbrr|move: Aurora Veil
|move|p2a: Excadrill|Stealth Rock|p1a: Ninetales
|-sidestart|p1: dawgoesbrr|move: Stealth Rock
|
|-weather|Hail|[upkeep]
|-damage|p2a: Excadrill|94/100|[from] Hail
|-heal|p2a: Excadrill|100/100|[from] item: Leftovers
|upkeep
|turn|2
|j|%moondazing
|
|t:|1666774541
|switch|p2a: Toxapex|Toxapex, M|100/100
|move|p1a: Ninetales|Hypnosis|p2a: Toxapex
|-status|p2a: Toxapex|slp|[from] move: Hypnosis
|
|-weather|Hail|[upkeep]
|-damage|p2a: Toxapex|94/100 slp|[from] Hail
|upkeep
|turn|3
|j| cypherstest
|j| VIodyne
|
|t:|1666774546
|switch|p1a: Garchomp|Garchomp, M|100/100
|-damage|p1a: Garchomp|94/100|[from] Stealth Rock
|cant|p2a: Toxapex|slp
|
|-weather|Hail|[upkeep]
|-damage|p1a: Garchomp|88/100|[from] Hail
|-damage|p2a: Toxapex|88/100 slp|[from] Hail
|-heal|p1a: Garchomp|94/100|[from] item: Leftovers
|upkeep
|turn|4
|j| xzxfgzfdhf
|
|t:|1666774552
|switch|p2a: Zapdos|Zapdos|100/100
|move|p1a: Garchomp|Swords Dance|p1a: Garchomp
|-boost|p1a: Garchomp|atk|2
|
|-weather|Hail|[upkeep]
|-damage|p1a: Garchomp|88/100|[from] Hail
|-damage|p2a: Zapdos|94/100|[from] Hail
|-heal|p1a: Garchomp|94/100|[from] item: Leftovers
|upkeep
|turn|5
|
|t:|1666774555
|move|p1a: Garchomp|Scale Shot|p2a: Zapdos
|-damage|p2a: Zapdos|72/100
|-damage|p2a: Zapdos|49/100
|-hitcount|p2a: Zapdos|2
|-unboost|p1a: Garchomp|def|1
|-boost|p1a: Garchomp|spe|1
|move|p2a: Zapdos|Toxic|p1a: Garchomp|[miss]
|-miss|p2a: Zapdos|p1a: Garchomp
|
|-weather|none
|-heal|p1a: Garchomp|100/100|[from] item: Leftovers
|upkeep
|turn|6
|c|☆mimilimi|gg lol
|
|t:|1666774563
|move|p1a: Garchomp|Scale Shot|p2a: Zapdos
|-crit|p2a: Zapdos
|-damage|p2a: Zapdos|20/100
|-damage|p2a: Zapdos|0 fnt
|faint|p2a: Zapdos
|-hitcount|p2: Zapdos|2
|-unboost|p1a: Garchomp|def|1
|-boost|p1a: Garchomp|spe|1
|
|upkeep
|
|t:|1666774576
|switch|p2a: Dragapult|Dragapult, M|100/100
|turn|7
|
|t:|1666774578
|move|p1a: Garchomp|Scale Shot|p2a: Dragapult
|-supereffective|p2a: Dragapult
|-damage|p2a: Dragapult|28/100
|-supereffective|p2a: Dragapult
|-damage|p2a: Dragapult|0 fnt
|faint|p2a: Dragapult
|-hitcount|p2: Dragapult|2
|-unboost|p1a: Garchomp|def|1
|-boost|p1a: Garchomp|spe|1
|
|upkeep
|-message|mimilimi forfeited.
|
|win|dawgoesbrr
|n|☆dawgoesbrr|dawgoesbrr
|n|☆mimilimi|mimilimi
|n| leenachan|leenachan
|n| siidi|siidi
|n| CartierC|cartierc
|n|+moondazing|moondazing
|n| cypherstest|cypherstest
|n| VIodyne|viodyne
|n| xzxfgzfdhf|xzxfgzfdhf
|l|+moondazing
|c| VIodyne|chomp is so broken
|l| VIodyne
|l|☆dawgoesbrr
|c|☆mimilimi|6-0 chomp if miss toxic lol
|j| TheHector166
|l|☆mimilimi
|l| cypherstest
|l| siidi
|l| CartierC
|j| Skye Sweet
|l| TheHector166
|l| leenachan
|j| qxfn143
|l| qxfn143
|j|+moondazing
