|j|☆cump3
|j|☆minimax_ai
|t:|1661891419
|gametype|singles
|player|p1|cump3|169|1586
|player|p2|minimax_ai|lusamine-nihilego|1590
|teamsize|p1|6
|teamsize|p2|6
|gen|8
|tier|[Gen 8] OU
|rated|
|rule|Sleep Clause Mod: Limit one foe put to sleep
|rule|Species Clause: Limit one of each Pokémon
|rule|OHKO Clause: OHKO moves are banned
|rule|Evasion Items Clause: Evasion items are banned
|rule|Evasion Moves Clause: Evasion moves are banned
|rule|Endless Battle Clause: Forcing endless battles is banned
|rule|HP Percentage Mod: HP is shown in percentages
|rule|Dynamax Clause: You cannot dynamax
|clearpoke
|poke|p1|Clefable, F|
|poke|p1|Ferrothorn, M|
|poke|p1|Buzzwole|
|poke|p1|Victini|
|poke|p1|Dragonite, F|
|poke|p1|Tapu Koko|
|poke|p2|Rotom-Wash|
|poke|p2|Weavile, M|
|poke|p2|Landorus-Therian, M|
|poke|p2|Heatran, M|
|poke|p2|Tangrowth, F|
|poke|p2|Melmetal|
|teampreview
|c|☆minimax_ai|hf
|inactive|Battle timer is ON: inactive players will automatically lose when time's up. (requested by minimax_ai)
|c|☆cump3|u2
|
|t:|1661891428
|start
|switch|p1a: Victini|Victini|100/100
|switch|p2a: landorustherian|Landorus-Therian, M|100/100
|-ability|p2a: landorustherian|Intimidate|boost
|-unboost|p1a: Victini|atk|1
|turn|1
|
|t:|1661891434
|switch|p1a: Dragonite|Dragonite, F|100/100
|switch|p2a: Tangrowth|Tangrowth, F|100/100
|
|upkeep
|turn|2
|
|t:|1661891438
|switch|p1a: Buzzwole|Buzzwole|100/100
|switch|p2a: Melmetal|Melmetal|100/100
|
|upkeep
|turn|3
|
|t:|1661891440
|switch|p2a: Tangrowth|Tangrowth, F|100/100
|move|p1a: Buzzwole|Close Combat|p2a: Tangrowth
|-damage|p2a: Tangrowth|71/100
|-unboost|p1a: Buzzwole|def|1
|-unboost|p1a: Buzzwole|spd|1
|-damage|p1a: Buzzwole|84/100|[from] item: Rocky Helmet|[of] p2a: Tangrowth
|
|upkeep
|turn|4
|
|t:|1661891443
|move|p1a: Buzzwole|Toxic|p2a: Tangrowth
|-status|p2a: Tangrowth|tox
|move|p2a: Tangrowth|Focus Blast|p1a: Buzzwole
|-resisted|p1a: Buzzwole
|-damage|p1a: Buzzwole|52/100
|
|-damage|p2a: Tangrowth|64/100 tox|[from] psn
|upkeep
|turn|5
|
|t:|1661891445
|switch|p2a: rotomwash|Rotom-Wash|100/100
|move|p1a: Buzzwole|Roost|p1a: Buzzwole
|-heal|p1a: Buzzwole|100/100
|-singleturn|p1a: Buzzwole|move: Roost
|
|upkeep
|turn|6
|
|t:|1661891448
|switch|p1a: Ferrothorn|Ferrothorn, M|100/100
|move|p2a: rotomwash|Nasty Plot|p2a: rotomwash
|-boost|p2a: rotomwash|spa|2
|
|upkeep
|turn|7
|
|t:|1661891450
|switch|p2a: landorustherian|Landorus-Therian, M|100/100
|-ability|p2a: landorustherian|Intimidate|boost
|-unboost|p1a: Ferrothorn|atk|1
|move|p1a: Ferrothorn|Leech Seed|p2a: landorustherian
|-start|p2a: landorustherian|move: Leech Seed
|
|-damage|p2a: landorustherian|88/100|[from] Leech Seed|[of] p1a: Ferrothorn
|upkeep
|turn|8
|
|t:|1661891452
|switch|p2a: Heatran|Heatran, M|100/100
|-item|p2a: Heatran|Air Balloon
|move|p1a: Ferrothorn|Spikes|p2a: Heatran
|-sidestart|p2: minimax_ai|Spikes
|
|upkeep
|turn|9
|
|t:|1661891460
|switch|p1a: Dragonite|Dragonite, F|100/100
|move|p2a: Heatran|Magma Storm|p1a: Dragonite|[miss]
|-miss|p2a: Heatran|p1a: Dragonite
|
|upkeep
|turn|10
|
|t:|1661891461
|move|p1a: Dragonite|Ice Punch|p2a: Heatran
|-resisted|p2a: Heatran
|-damage|p2a: Heatran|94/100
|-enditem|p2a: Heatran|Air Balloon
|move|p2a: Heatran|Magma Storm|p1a: Dragonite
|-resisted|p1a: Dragonite
|-damage|p1a: Dragonite|86/100
|-activate|p1a: Dragonite|move: Magma Storm|[of] p2a: Heatran
|
|-damage|p1a: Dragonite|74/100|[from] move: Magma Storm|[partiallytrapped]
|upkeep
|turn|11
|
|t:|1661891463
|switch|p2a: Melmetal|Melmetal|100/100
|-damage|p2a: Melmetal|88/100|[from] Spikes
|move|p1a: Dragonite|Roost|p1a: Dragonite
|-heal|p1a: Dragonite|100/100
|-singleturn|p1a: Dragonite|move: Roost
|
|-end|p1a: Dragonite|Magma Storm|[partiallytrapped]|[silent]
|upkeep
|turn|12
|
|t:|1661891466
|switch|p1a: Buzzwole|Buzzwole|100/100
|move|p2a: Melmetal|Ice Punch|p1a: Buzzwole
|-crit|p1a: Buzzwole
|-damage|p1a: Buzzwole|77/100
|
|upkeep
|turn|13
|
|t:|1661891468
|move|p1a: Buzzwole|Ice Punch|p2a: Melmetal
|-resisted|p2a: Melmetal
|-crit|p2a: Melmetal
|-damage|p2a: Melmetal|78/100
|move|p2a: Melmetal|Double Iron Bash|p1a: Buzzwole
|-damage|p1a: Buzzwole|58/100
|-damage|p1a: Buzzwole|39/100
|-hitcount|p1a: Buzzwole|2
|
|upkeep
|turn|14
|
|t:|1661891469
|move|p1a: Buzzwole|Roost|p1a: Buzzwole
|-heal|p1a: Buzzwole|89/100
|-singleturn|p1a: Buzzwole|move: Roost
|move|p2a: Melmetal|Double Iron Bash|p1a: Buzzwole
|-damage|p1a: Buzzwole|71/100
|-damage|p1a: Buzzwole|51/100
|-hitcount|p1a: Buzzwole|2
|
|upkeep
|turn|15
|
|t:|1661891471
|move|p1a: Buzzwole|Close Combat|p2a: Melmetal
|-supereffective|p2a: Melmetal
|-damage|p2a: Melmetal|14/100
|-unboost|p1a: Buzzwole|def|1
|-unboost|p1a: Buzzwole|spd|1
|move|p2a: Melmetal|Double Iron Bash|p1a: Buzzwole
|-damage|p1a: Buzzwole|21/100
|-damage|p1a: Buzzwole|0 fnt
|faint|p1a: Buzzwole
|-hitcount|p1: Buzzwole|2
|
|upkeep
|
|t:|1661891473
|switch|p1a: Victini|Victini|100/100
|turn|16
|
|t:|1661891477
|move|p1a: Victini|U-turn|p2a: Melmetal
|-resisted|p2a: Melmetal
|-damage|p2a: Melmetal|8/100
|
|t:|1661891478
|switch|p1a: Ferrothorn|Ferrothorn, M|100/100|[from]move: U-turn
|move|p2a: Melmetal|Earthquake|p1a: Ferrothorn
|-damage|p1a: Ferrothorn|78/100
|
|-heal|p1a: Ferrothorn|85/100|[from] item: Leftovers
|upkeep
|turn|17
|
|t:|1661891482
|switch|p2a: landorustherian|Landorus-Therian, M|88/100
|-ability|p2a: landorustherian|Intimidate|boost
|-unboost|p1a: Ferrothorn|atk|1
|move|p1a: Ferrothorn|Leech Seed|p2a: landorustherian
|-start|p2a: landorustherian|move: Leech Seed
|
|-heal|p2a: landorustherian|94/100|[from] item: Leftovers
|-heal|p1a: Ferrothorn|91/100|[from] item: Leftovers
|-damage|p2a: landorustherian|82/100|[from] Leech Seed|[of] p1a: Ferrothorn
|-heal|p1a: Ferrothorn|100/100|[silent]
|upkeep
|turn|18
|
|t:|1661891484
|move|p2a: landorustherian|Defog|p1a: Ferrothorn
|-unboost|p1a: Ferrothorn|evasion|1
|-sideend|p2: minimax_ai|Spikes|[from] move: Defog|[of] p2a: landorustherian
|move|p1a: Ferrothorn|Spikes|p2a: landorustherian
|-sidestart|p2: minimax_ai|Spikes
|
|-heal|p2a: landorustherian|88/100|[from] item: Leftovers
|-damage|p2a: landorustherian|76/100|[from] Leech Seed|[of] p1a: Ferrothorn
|upkeep
|turn|19
|
|t:|1661891486
|move|p2a: landorustherian|Defog|p1a: Ferrothorn
|-unboost|p1a: Ferrothorn|evasion|1
|-sideend|p2: minimax_ai|Spikes|[from] move: Defog|[of] p2a: landorustherian
|move|p1a: Ferrothorn|Knock Off|p2a: landorustherian
|-damage|p2a: landorustherian|61/100
|-enditem|p2a: landorustherian|Leftovers|[from] move: Knock Off|[of] p1a: Ferrothorn
|
|-damage|p2a: landorustherian|49/100|[from] Leech Seed|[of] p1a: Ferrothorn
|upkeep
|turn|20
|
|t:|1661891488
|move|p2a: landorustherian|U-turn|p1a: Ferrothorn
|-damage|p1a: Ferrothorn|87/100
|-damage|p2a: landorustherian|36/100|[from] ability: Iron Barbs|[of] p1a: Ferrothorn
|
|t:|1661891488
|switch|p2a: Heatran|Heatran, M|94/100|[from]move: U-turn
|move|p1a: Ferrothorn|Spikes|p2a: Heatran
|-sidestart|p2: minimax_ai|Spikes
|
|-heal|p1a: Ferrothorn|93/100|[from] item: Leftovers
|upkeep
|turn|21
|
|t:|1661891491
|switch|p1a: Dragonite|Dragonite, F|100/100
|move|p2a: Heatran|Stealth Rock|p1a: Dragonite
|-sidestart|p1: cump3|move: Stealth Rock
|
|upkeep
|turn|22
|
|t:|1661891498
|switch|p2a: rotomwash|Rotom-Wash|100/100
|move|p1a: Dragonite|Earthquake|p2a: rotomwash
|-immune|p2a: rotomwash|[from] ability: Levitate
|
|upkeep
|turn|23
|
|t:|1661891501
|switch|p1a: Ferrothorn|Ferrothorn, M|93/100
|-damage|p1a: Ferrothorn|87/100|[from] Stealth Rock
|move|p2a: rotomwash|Nasty Plot|p2a: rotomwash
|-boost|p2a: rotomwash|spa|2
|
|-heal|p1a: Ferrothorn|93/100|[from] item: Leftovers
|upkeep
|turn|24
|
|t:|1661891503
|switch|p2a: landorustherian|Landorus-Therian, M|36/100
|-ability|p2a: landorustherian|Intimidate|boost
|-unboost|p1a: Ferrothorn|atk|1
|move|p1a: Ferrothorn|Leech Seed|p2a: landorustherian
|-start|p2a: landorustherian|move: Leech Seed
|
|-heal|p1a: Ferrothorn|99/100|[from] item: Leftovers
|-damage|p2a: landorustherian|24/100|[from] Leech Seed|[of] p1a: Ferrothorn
|-heal|p1a: Ferrothorn|100/100|[silent]
|upkeep
|turn|25
|
|t:|1661891505
|switch|p2a: rotomwash|Rotom-Wash|100/100
|move|p1a: Ferrothorn|Spikes|p2a: rotomwash
|-sidestart|p2: minimax_ai|Spikes
|
|upkeep
|turn|26
|
|t:|1661891507
|move|p2a: rotomwash|Nasty Plot|p2a: rotomwash
|-boost|p2a: rotomwash|spa|2
|move|p1a: Ferrothorn|Leech Seed|p2a: rotomwash
|-start|p2a: rotomwash|move: Leech Seed
|
|-damage|p2a: rotomwash|88/100|[from] Leech Seed|[of] p1a: Ferrothorn
|upkeep
|turn|27
|
|t:|1661891511
|switch|p2a: Tangrowth|Tangrowth, F|98/100 tox
|-damage|p2a: Tangrowth|81/100 tox|[from] Spikes
|move|p1a: Ferrothorn|Knock Off|p2a: Tangrowth
|-damage|p2a: Tangrowth|73/100 tox
|-damage|p1a: Ferrothorn|84/100|[from] item: Rocky Helmet|[of] p2a: Tangrowth
|-enditem|p2a: Tangrowth|Rocky Helmet|[from] move: Knock Off|[of] p1a: Ferrothorn
|
|-heal|p1a: Ferrothorn|90/100|[from] item: Leftovers
|-damage|p2a: Tangrowth|67/100 tox|[from] psn
|upkeep
|turn|28
|
|t:|1661891515
|switch|p2a: rotomwash|Rotom-Wash|88/100
|switch|p1a: Clefable|Clefable, F|100/100
|
|-heal|p2a: rotomwash|94/100|[from] item: Leftovers
|upkeep
|turn|29
|
|t:|1661891520
|move|p2a: rotomwash|Nasty Plot|p2a: rotomwash
|-boost|p2a: rotomwash|spa|2
|move|p1a: Clefable|Moonblast|p2a: rotomwash
|-damage|p2a: rotomwash|59/100
|
|-heal|p2a: rotomwash|66/100|[from] item: Leftovers
|upkeep
|turn|30
|
|t:|1661891522
|switch|p1a: Ferrothorn|Ferrothorn, M|90/100
|-damage|p1a: Ferrothorn|84/100|[from] Stealth Rock
|move|p2a: rotomwash|Pain Split|p1a: Ferrothorn
|-sethp|p1a: Ferrothorn|70/100|[from] move: Pain Split|[silent]
|-sethp|p2a: rotomwash|81/100|[from] move: Pain Split
|
|-heal|p2a: rotomwash|88/100|[from] item: Leftovers
|-heal|p1a: Ferrothorn|77/100|[from] item: Leftovers
|upkeep
|turn|31
|
|t:|1661891524
|switch|p2a: landorustherian|Landorus-Therian, M|24/100
|-ability|p2a: landorustherian|Intimidate|boost
|-unboost|p1a: Ferrothorn|atk|1
|move|p1a: Ferrothorn|Leech Seed|p2a: landorustherian
|-start|p2a: landorustherian|move: Leech Seed
|
|-heal|p1a: Ferrothorn|83/100|[from] item: Leftovers
|-damage|p2a: landorustherian|12/100|[from] Leech Seed|[of] p1a: Ferrothorn
|-heal|p1a: Ferrothorn|96/100|[silent]
|upkeep
|turn|32
|
|t:|1661891526
|switch|p2a: rotomwash|Rotom-Wash|88/100
|move|p1a: Ferrothorn|Spikes|p2a: rotomwash
|-sidestart|p2: minimax_ai|Spikes
|
|-heal|p2a: rotomwash|94/100|[from] item: Leftovers
|-heal|p1a: Ferrothorn|100/100|[from] item: Leftovers
|upkeep
|turn|33
|
|t:|1661891527
|move|p2a: rotomwash|Nasty Plot|p2a: rotomwash
|-boost|p2a: rotomwash|spa|2
|move|p1a: Ferrothorn|Leech Seed|p2a: rotomwash|[miss]
|-miss|p1a: Ferrothorn|p2a: rotomwash
|
|-heal|p2a: rotomwash|99/100|[from] item: Leftovers
|upkeep
|turn|34
|
|t:|1661891529
|move|p2a: rotomwash|Nasty Plot|p2a: rotomwash
|-boost|p2a: rotomwash|spa|2
|move|p1a: Ferrothorn|Leech Seed|p2a: rotomwash
|-start|p2a: rotomwash|move: Leech Seed
|
|-heal|p2a: rotomwash|100/100|[from] item: Leftovers
|-damage|p2a: rotomwash|88/100|[from] Leech Seed|[of] p1a: Ferrothorn
|upkeep
|turn|35
|
|t:|1661891532
|move|p2a: rotomwash|Nasty Plot|p2a: rotomwash
|-boost|p2a: rotomwash|spa|2
|move|p1a: Ferrothorn|Knock Off|p2a: rotomwash
|-damage|p2a: rotomwash|72/100
|-enditem|p2a: rotomwash|Leftovers|[from] move: Knock Off|[of] p1a: Ferrothorn
|
|-damage|p2a: rotomwash|59/100|[from] Leech Seed|[of] p1a: Ferrothorn
|upkeep
|turn|36
|
|t:|1661891542
|move|p2a: rotomwash|Hydro Pump|p1a: Ferrothorn|[miss]
|-miss|p2a: rotomwash|p1a: Ferrothorn
|move|p1a: Ferrothorn|Knock Off|p2a: rotomwash
|-damage|p2a: rotomwash|50/100
|
|-damage|p2a: rotomwash|37/100|[from] Leech Seed|[of] p1a: Ferrothorn
|upkeep
|turn|37
|
|t:|1661891548
|switch|p1a: Victini|Victini|100/100
|move|p2a: rotomwash|Hydro Pump|p1a: Victini
|-supereffective|p1a: Victini
|-damage|p1a: Victini|0 fnt
|faint|p1a: Victini
|
|upkeep
|
|t:|1661891553
|switch|p1a: Tapu Koko|Tapu Koko, shiny|100/100
|-fieldstart|move: Electric Terrain|[from] ability: Electric Surge|[of] p1a: Tapu Koko
|turn|38
|
|t:|1661891555
|switch|p2a: Melmetal|Melmetal|8/100
|-damage|p2a: Melmetal|0 fnt|[from] Spikes
|faint|p2a: Melmetal
|move|p1a: Tapu Koko|Thunderbolt|p2: Melmetal|[notarget]
|-fail|p1a: Tapu Koko
|
|upkeep
|
|t:|1661891555
|switch|p2a: Heatran|Heatran, M|94/100
|-damage|p2a: Heatran|70/100|[from] Spikes
|turn|39
|
|t:|1661891558
|switch|p1a: Dragonite|Dragonite, F|100/100
|move|p2a: Heatran|Magma Storm|p1a: Dragonite
|-resisted|p1a: Dragonite
|-damage|p1a: Dragonite|87/100
|-activate|p1a: Dragonite|move: Magma Storm|[of] p2a: Heatran
|
|-damage|p1a: Dragonite|75/100|[from] move: Magma Storm|[partiallytrapped]
|upkeep
|turn|40
|
|t:|1661891560
|switch|p2a: rotomwash|Rotom-Wash|37/100
|move|p1a: Dragonite|Earthquake|p2a: rotomwash
|-immune|p2a: rotomwash|[from] ability: Levitate
|
|-end|p1a: Dragonite|Magma Storm|[partiallytrapped]|[silent]
|upkeep
|turn|41
|
|t:|1661891562
|move|p1a: Dragonite|Ice Punch|p2a: rotomwash
|-resisted|p2a: rotomwash
|-damage|p2a: rotomwash|23/100
|move|p2a: rotomwash|Pain Split|p1a: Dragonite
|-sethp|p1a: Dragonite|48/100|[from] move: Pain Split|[silent]
|-sethp|p2a: rotomwash|51/100|[from] move: Pain Split
|
|upkeep
|turn|42
|
|t:|1661891565
|move|p1a: Dragonite|Roost|p1a: Dragonite
|-heal|p1a: Dragonite|98/100
|-singleturn|p1a: Dragonite|move: Roost
|move|p2a: rotomwash|Pain Split|p1a: Dragonite
|-sethp|p1a: Dragonite|73/100|[from] move: Pain Split|[silent]
|-sethp|p2a: rotomwash|78/100|[from] move: Pain Split
|
|-fieldend|move: Electric Terrain
|upkeep
|turn|43
|
|t:|1661891576
|move|p1a: Dragonite|Dragon Dance|p1a: Dragonite
|-boost|p1a: Dragonite|atk|1
|-boost|p1a: Dragonite|spe|1
|move|p2a: rotomwash|Nasty Plot|p2a: rotomwash
|-boost|p2a: rotomwash|spa|2
|
|upkeep
|turn|44
|
|t:|1661891580
|move|p1a: Dragonite|Dragon Dance|p1a: Dragonite
|-boost|p1a: Dragonite|atk|1
|-boost|p1a: Dragonite|spe|1
|move|p2a: rotomwash|Pain Split|p1a: Dragonite
|-sethp|p1a: Dragonite|73/100|[from] move: Pain Split|[silent]
|-sethp|p2a: rotomwash|78/100|[from] move: Pain Split
|
|upkeep
|turn|45
|
|t:|1661891585
|move|p1a: Dragonite|Dragon Dance|p1a: Dragonite
|-boost|p1a: Dragonite|atk|1
|-boost|p1a: Dragonite|spe|1
|move|p2a: rotomwash|Nasty Plot|p2a: rotomwash
|-boost|p2a: rotomwash|spa|2
|
|upkeep
|turn|46
|
|t:|1661891589
|move|p1a: Dragonite|Ice Punch|p2a: rotomwash
|-resisted|p2a: rotomwash
|-damage|p2a: rotomwash|44/100
|move|p2a: rotomwash|Hydro Pump|p1a: Dragonite
|-resisted|p1a: Dragonite
|-damage|p1a: Dragonite|2/100
|
|upkeep
|turn|47
|
|t:|1661891595
|move|p1a: Dragonite|Ice Punch|p2a: rotomwash
|-resisted|p2a: rotomwash
|-damage|p2a: rotomwash|5/100
|move|p2a: rotomwash|Thunderbolt|p1a: Dragonite
|-damage|p1a: Dragonite|0 fnt
|faint|p1a: Dragonite
|
|upkeep
|
|t:|1661891597
|switch|p1a: Tapu Koko|Tapu Koko, shiny|100/100
|-fieldstart|move: Electric Terrain|[from] ability: Electric Surge|[of] p1a: Tapu Koko
|turn|48
|
|t:|1661891601
|move|p1a: Tapu Koko|Dazzling Gleam|p2a: rotomwash
|-damage|p2a: rotomwash|0 fnt
|faint|p2a: rotomwash
|
|upkeep
|
|t:|1661891601
|switch|p2a: Tangrowth|Tangrowth, F|99/100 tox
|-damage|p2a: Tangrowth|75/100 tox|[from] Spikes
|turn|49
|
|t:|1661891605
|move|p1a: Tapu Koko|Calm Mind|p1a: Tapu Koko
|-boost|p1a: Tapu Koko|spa|1
|-boost|p1a: Tapu Koko|spd|1
|move|p2a: Tangrowth|Giga Drain|p1a: Tapu Koko
|-damage|p1a: Tapu Koko|73/100
|-heal|p2a: Tangrowth|85/100 tox|[from] drain|[of] p1a: Tapu Koko
|
|-damage|p2a: Tangrowth|78/100 tox|[from] psn
|upkeep
|turn|50
|
|t:|1661891607
|switch|p2a: landorustherian|Landorus-Therian, M|12/100
|-ability|p2a: landorustherian|Intimidate|boost
|-unboost|p1a: Tapu Koko|atk|1
|move|p1a: Tapu Koko|Calm Mind|p1a: Tapu Koko
|-boost|p1a: Tapu Koko|spa|1
|-boost|p1a: Tapu Koko|spd|1
|
|upkeep
|turn|51
|
|t:|1661891610
|move|p1a: Tapu Koko|Dazzling Gleam|p2a: landorustherian
|-damage|p2a: landorustherian|0 fnt
|faint|p2a: landorustherian
|
|upkeep
|
|t:|1661891610
|switch|p2a: Heatran|Heatran, M|70/100
|-damage|p2a: Heatran|45/100|[from] Spikes
|turn|52
|
|t:|1661891613
|move|p1a: Tapu Koko|Thunderbolt|p2a: Heatran
|-damage|p2a: Heatran|0 fnt
|faint|p2a: Heatran
|
|-fieldend|move: Electric Terrain
|upkeep
|
|t:|1661891613
|switch|p2a: Weavile|Weavile, M|100/100
|-damage|p2a: Weavile|76/100|[from] Spikes
|-ability|p2a: Weavile|Pressure
|turn|53
|
|t:|1661891615
|move|p2a: Weavile|Ice Shard|p1a: Tapu Koko
|-damage|p1a: Tapu Koko|29/100
|move|p1a: Tapu Koko|Thunderbolt|p2a: Weavile
|-damage|p2a: Weavile|0 fnt
|faint|p2a: Weavile
|
|upkeep
|
|t:|1661891615
|switch|p2a: Tangrowth|Tangrowth, F|100/100 tox
|-damage|p2a: Tangrowth|75/100 tox|[from] Spikes
|turn|54
|
|t:|1661891618
|move|p1a: Tapu Koko|Roost|p1a: Tapu Koko
|-heal|p1a: Tapu Koko|79/100
|-singleturn|p1a: Tapu Koko|move: Roost
|move|p2a: Tangrowth|Sleep Powder|p1a: Tapu Koko
|-status|p1a: Tapu Koko|slp|[from] move: Sleep Powder
|
|-damage|p2a: Tangrowth|69/100 tox|[from] psn
|upkeep
|turn|55
|
|t:|1661891622
|cant|p1a: Tapu Koko|slp
|move|p2a: Tangrowth|Giga Drain|p1a: Tapu Koko
|-damage|p1a: Tapu Koko|57/100 slp
|-heal|p2a: Tangrowth|77/100 tox|[from] drain|[of] p1a: Tapu Koko
|
|-damage|p2a: Tangrowth|64/100 tox|[from] psn
|upkeep
|turn|56
|
|t:|1661891623
|cant|p1a: Tapu Koko|slp
|move|p2a: Tangrowth|Giga Drain|p1a: Tapu Koko
|-damage|p1a: Tapu Koko|37/100 slp
|-heal|p2a: Tangrowth|72/100 tox|[from] drain|[of] p1a: Tapu Koko
|
|-damage|p2a: Tangrowth|53/100 tox|[from] psn
|upkeep
|turn|57
|
|t:|1661891624
|cant|p1a: Tapu Koko|slp
|move|p2a: Tangrowth|Giga Drain|p1a: Tapu Koko
|-damage|p1a: Tapu Koko|17/100 slp
|-heal|p2a: Tangrowth|60/100 tox|[from] drain|[of] p1a: Tapu Koko
|
|-damage|p2a: Tangrowth|35/100 tox|[from] psn
|upkeep
|turn|58
|
|t:|1661891626
|-curestatus|p1a: Tapu Koko|slp|[msg]
|move|p1a: Tapu Koko|Thunderbolt|p2a: Tangrowth
|-resisted|p2a: Tangrowth
|-damage|p2a: Tangrowth|0 fnt
|faint|p2a: Tangrowth
|
|win|cump3
|raw|cump3's rating: 1586 &rarr; <strong>1606</strong><br />(+20 for winning)
|raw|minimax_ai's rating: 1590 &rarr; <strong>1570</strong><br />(-20 for losing)
|c|☆minimax_ai|gg
