|raw|<div class="broadcast-blue"><strong>This battle is required to be public due to a player having a name prefixed by 'LT71LX'.</div>
|j|☆LT71LX Dracomenace
|j|☆roboPOKE
|t:|1597242265
|player|p1|LT71LX Dracomenace|steven|1942
|player|p2|roboPOKE|2|1883
|teamsize|p1|6
|teamsize|p2|6
|gametype|singles
|gen|8
|tier|[Gen 8] OU
|rated|
|clearpoke
|poke|p1|Rillaboom, F|
|poke|p1|Excadrill, F|
|poke|p1|Togekiss, F|
|poke|p1|Urshifu-*, F|
|poke|p1|Volcarona, F|
|poke|p1|Dragapult, F|
|poke|p2|Urshifu-*, F|
|poke|p2|Rillaboom, F|
|poke|p2|Togekiss, M|
|poke|p2|Skarmory, F|
|poke|p2|Hawlucha, M|
|poke|p2|Clefable, M|
|rule|Sleep Clause Mod: Limit one foe put to sleep
|rule|Species Clause: Limit one of each Pokémon
|rule|OHKO Clause: OHKO moves are banned
|rule|Evasion Moves Clause: Evasion moves are banned
|rule|Endless Battle Clause: Forcing endless battles is banned
|rule|HP Percentage Mod: HP is shown in percentages
|rule|Dynamax Clause: You cannot dynamax
|teampreview
|j| LT71LX Jyt
|j| Echoless Chamber
|j| LT71LX Newal
|inactive|Battle timer is ON: inactive players will automatically lose when time's up. (requested by roboPOKE)
|j| hsimps for neymar
|
|t:|1597242283
|start
|switch|p1a: Togekiss|Togekiss, F|100/100
|switch|p2a: Skarmory|Skarmory, F|100/100
|turn|1
|
|t:|1597242287
|move|p1a: Togekiss|Flamethrower|p2a: Skarmory
|-supereffective|p2a: Skarmory
|-damage|p2a: Skarmory|17/100
|-status|p2a: Skarmory|brn
|move|p2a: Skarmory|Stealth Rock|p1a: Togekiss
|-sidestart|p1: LT71LX Dracomenace|move: Stealth Rock
|
|-damage|p2a: Skarmory|11/100 brn|[from] brn
|upkeep
|turn|2
|
|t:|1597242295
|switch|p2a: Togekiss|Togekiss, M|100/100
|move|p1a: Togekiss|Air Slash|p2a: Togekiss
|-damage|p2a: Togekiss|72/100
|
|upkeep
|turn|3
|
|t:|1597242302
|switch|p1a: Excadrill|Excadrill, F|100/100
|-damage|p1a: Excadrill|97/100|[from] Stealth Rock
|-ability|p1a: Excadrill|Mold Breaker
|move|p2a: Togekiss|Air Slash|p1a: Excadrill
|-resisted|p1a: Excadrill
|-crit|p1a: Excadrill
|-damage|p1a: Excadrill|60/100
|
|upkeep
|turn|4
|
|t:|1597242308
|move|p2a: Togekiss|Air Slash|p1a: Excadrill
|-resisted|p1a: Excadrill
|-damage|p1a: Excadrill|36/100
|cant|p1a: Excadrill|flinch
|
|upkeep
|turn|5
|
|t:|1597242311
|move|p2a: Togekiss|Air Slash|p1a: Excadrill
|-resisted|p1a: Excadrill
|-damage|p1a: Excadrill|13/100
|cant|p1a: Excadrill|flinch
|
|upkeep
|turn|6
|
|t:|1597242315
|move|p2a: Togekiss|Air Slash|p1a: Excadrill
|-resisted|p1a: Excadrill
|-damage|p1a: Excadrill|0 fnt
|faint|p1a: Excadrill
|
|upkeep
|j| LT71LX ayouko
|
|t:|1597242321
|switch|p1a: Dragapult|Dragapult, F|100/100
|-damage|p1a: Dragapult|88/100|[from] Stealth Rock
|turn|7
|
|t:|1597242323
|move|p2a: Togekiss|Air Slash|p1a: Dragapult
|-damage|p1a: Dragapult|35/100
|cant|p1a: Dragapult|flinch
|
|upkeep
|turn|8
|
|t:|1597242325
|move|p2a: Togekiss|Air Slash|p1a: Dragapult
|-damage|p1a: Dragapult|0 fnt
|faint|p1a: Dragapult
|
|upkeep
|
|t:|1597242327
|switch|p1a: Togekiss|Togekiss, F|100/100
|-damage|p1a: Togekiss|76/100|[from] Stealth Rock
|turn|9
|
|t:|1597242328
|move|p2a: Togekiss|Air Slash|p1a: Togekiss
|-damage|p1a: Togekiss|46/100
|cant|p1a: Togekiss|flinch
|
|-heal|p1a: Togekiss|53/100|[from] item: Leftovers
|upkeep
|turn|10
|j| LT71LX SW
|
|t:|1597242335
|move|p2a: Togekiss|Air Slash|p1a: Togekiss
|-damage|p1a: Togekiss|24/100
|cant|p1a: Togekiss|flinch
|
|-heal|p1a: Togekiss|31/100|[from] item: Leftovers
|upkeep
|turn|11
|j| LT71LX EGC
|
|t:|1597242341
|move|p2a: Togekiss|Air Slash|p1a: Togekiss
|-damage|p1a: Togekiss|0 fnt
|faint|p1a: Togekiss
|
|upkeep
|
|t:|1597242345
|switch|p1a: Volcarona|Volcarona, F|100/100
|turn|12
|
|t:|1597242348
|move|p2a: Togekiss|Air Slash|p1a: Volcarona
|-supereffective|p1a: Volcarona
|-damage|p1a: Volcarona|27/100
|cant|p1a: Volcarona|flinch
|
|upkeep
|turn|13
|j| LT71LX Bluxbaby
|-message|LT71LX Dracomenace forfeited.
|
|win|roboPOKE
|l|☆LT71LX Dracomenace
|l| hsimps for neymar
|raw|LT71LX Dracomenace's rating: 1942 &rarr; <strong>1918</strong><br />(-24 for losing)
|raw|roboPOKE's rating: 1883 &rarr; <strong>1907</strong><br />(+24 for winning)
|l|☆roboPOKE
|l| Echoless Chamber
|l| LT71LX Bluxbaby
|l| LT71LX ayouko
|j| DanDaMan99
|l| DanDaMan99
|j| Stareal
|j| Kadi Marik
|l| Kadi Marik
|l| Stareal
|j| Mattorr ツ
|l| Mattorr ツ
