|html|<div class="broadcast-blue"><strong>[Gen 8] OU is currently suspecting Melmetal! For information on how to participate check out the <a href="https://www.smogon.com/forums/threads/np-ss-ou-suspect-process-round-12-monster-mash.3709234/">suspect thread</a>.</strong></div>
|j|☆minimax_ai
|j|☆legitteambuilder
|t:|1666188746
|gametype|singles
|player|p1|minimax_ai|lusamine-nihilego|1562
|player|p2|legitteambuilder|koga|1594
|teamsize|p1|6
|teamsize|p2|6
|gen|8
|tier|[Gen 8] OU
|rated|
|rule|Sleep Clause Mod: Limit one foe put to sleep
|rule|Species Clause: Limit one of each Pokémon
|rule|OHKO Clause: OHKO moves are banned
|rule|Evasion Items Clause: Evasion items are banned
|rule|Evasion Moves Clause: Evasion moves are banned
|rule|Endless Battle Clause: Forcing endless battles is banned
|rule|HP Percentage Mod: HP is shown in percentages
|rule|Dynamax Clause: You cannot dynamax
|clearpoke
|poke|p1|Rotom-Wash|
|poke|p1|Weavile, F|
|poke|p1|Landorus-Therian, M|
|poke|p1|Heatran, M|
|poke|p1|Tangrowth, F|
|poke|p1|Melmetal|
|poke|p2|Dragapult, M|
|poke|p2|Rillaboom, M|
|poke|p2|Tapu Koko|
|poke|p2|Blaziken, M|
|poke|p2|Skarmory, M|
|poke|p2|Kartana|
|teampreview
|inactive|Battle timer is ON: inactive players will automatically lose when time's up. (requested by legitteambuilder)
|c|☆minimax_ai|hf
|inactive|minimax_ai also wants the timer to be on.
|c|☆legitteambuilder|u2
|
|t:|1666188763
|start
|switch|p1a: landorustherian|Landorus-Therian, M|100/100
|switch|p2a: Chief Keef|Rillaboom, M, shiny|100/100
|-fieldstart|move: Grassy Terrain|[from] ability: Grassy Surge|[of] p2a: Chief Keef
|-ability|p1a: landorustherian|Intimidate|boost
|-unboost|p2a: Chief Keef|atk|1
|turn|1
|
|t:|1666188769
|move|p2a: Chief Keef|Grassy Glide|p1a: landorustherian
|-damage|p1a: landorustherian|53/100
|move|p1a: landorustherian|Toxic|p2a: Chief Keef
|-status|p2a: Chief Keef|tox
|
|-heal|p1a: landorustherian|59/100|[from] item: Leftovers
|-damage|p2a: Chief Keef|94/100 tox|[from] psn
|upkeep
|turn|2
|
|t:|1666188779
|switch|p2a: Tapu Koko|Tapu Koko|100/100
|-fieldstart|move: Electric Terrain|[from] ability: Electric Surge|[of] p2a: Tapu Koko
|move|p1a: landorustherian|Earthquake|p2a: Tapu Koko
|-supereffective|p2a: Tapu Koko
|-damage|p2a: Tapu Koko|0 fnt
|faint|p2a: Tapu Koko
|
|-heal|p1a: landorustherian|65/100|[from] item: Leftovers
|upkeep
|
|t:|1666188784
|switch|p2a: Blue Eyes|Skarmory, M|100/100
|turn|3
|
|t:|1666188786
|switch|p1a: rotomwash|Rotom-Wash|100/100
|move|p2a: Blue Eyes|Taunt|p1a: rotomwash
|-start|p1a: rotomwash|move: Taunt
|
|upkeep
|turn|4
|
|t:|1666188789
|move|p1a: rotomwash|Hydro Pump|p2a: Blue Eyes
|-damage|p2a: Blue Eyes|15/100
|move|p2a: Blue Eyes|Stealth Rock|p1a: rotomwash
|-sidestart|p1: minimax_ai|move: Stealth Rock
|
|upkeep
|turn|5
|-enditem|p2a: Blue Eyes|Custap Berry|[eat]
|-activate|p2a: Blue Eyes|item: Custap Berry|[consumed]
|
|t:|1666188794
|move|p2a: Blue Eyes|Spikes|p1a: rotomwash
|-sidestart|p1: minimax_ai|Spikes
|move|p1a: rotomwash|Thunderbolt|p2a: Blue Eyes
|-supereffective|p2a: Blue Eyes
|-damage|p2a: Blue Eyes|0 fnt
|faint|p2a: Blue Eyes
|
|-end|p1a: rotomwash|move: Taunt
|upkeep
|
|t:|1666188796
|switch|p2a: Chief Keef|Rillaboom, M, shiny|94/100 tox
|-fieldstart|move: Grassy Terrain|[from] ability: Grassy Surge|[of] p2a: Chief Keef
|turn|6
|
|t:|1666188797
|switch|p1a: Tangrowth|Tangrowth, F|100/100
|-damage|p1a: Tangrowth|88/100|[from] Stealth Rock
|-damage|p1a: Tangrowth|76/100|[from] Spikes
|move|p2a: Chief Keef|U-turn|p1a: Tangrowth
|-supereffective|p1a: Tangrowth
|-damage|p1a: Tangrowth|36/100
|-damage|p2a: Chief Keef|78/100 tox|[from] item: Rocky Helmet|[of] p1a: Tangrowth
|inactive|legitteambuilder has 120 seconds left.
|
|t:|1666188833
|switch|p2a: Chimken|Blaziken, M, shiny|100/100|[from]move: U-turn
|
|-heal|p1a: Tangrowth|42/100|[from] Grassy Terrain
|upkeep
|turn|7
|inactive|legitteambuilder has 120 seconds left.
|
|t:|1666188859
|move|p2a: Chimken|Flare Blitz|p1a: Tangrowth
|-supereffective|p1a: Tangrowth
|-damage|p1a: Tangrowth|0 fnt
|-damage|p2a: Chimken|84/100|[from] item: Rocky Helmet|[of] p1a: Tangrowth
|faint|p1a: Tangrowth
|-damage|p2a: Chimken|66/100|[from] Recoil
|-damage|p2a: Chimken|56/100|[from] item: Life Orb
|
|-heal|p2a: Chimken|62/100|[from] Grassy Terrain
|-ability|p2a: Chimken|Speed Boost|boost
|-boost|p2a: Chimken|spe|1
|upkeep
|
|t:|1666188859
|switch|p1a: rotomwash|Rotom-Wash|100/100
|-damage|p1a: rotomwash|88/100|[from] Stealth Rock
|turn|8
|
|t:|1666188865
|switch|p2a: Chief Keef|Rillaboom, M, shiny|78/100 tox
|move|p1a: rotomwash|Hydro Pump|p2a: Chief Keef|[miss]
|-miss|p1a: rotomwash|p2a: Chief Keef
|
|-heal|p1a: rotomwash|94/100|[from] item: Leftovers
|-heal|p2a: Chief Keef|84/100 tox|[from] Grassy Terrain
|-damage|p2a: Chief Keef|78/100 tox|[from] psn
|upkeep
|turn|9
|
|t:|1666188870
|switch|p1a: Heatran|Heatran, M|100/100
|-damage|p1a: Heatran|88/100|[from] Stealth Rock
|-item|p1a: Heatran|Air Balloon
|move|p2a: Chief Keef|Superpower|p1a: Heatran
|-supereffective|p1a: Heatran
|-damage|p1a: Heatran|0 fnt
|-unboost|p2a: Chief Keef|atk|1
|-unboost|p2a: Chief Keef|def|1
|-enditem|p1a: Heatran|Air Balloon
|faint|p1a: Heatran
|
|-heal|p2a: Chief Keef|84/100 tox|[from] Grassy Terrain
|-damage|p2a: Chief Keef|72/100 tox|[from] psn
|upkeep
|
|t:|1666188870
|switch|p1a: landorustherian|Landorus-Therian, M|65/100
|-damage|p1a: landorustherian|53/100|[from] Stealth Rock
|-ability|p1a: landorustherian|Intimidate|boost
|-unboost|p2a: Chief Keef|atk|1
|turn|10
|
|t:|1666188877
|switch|p2a: KitCut|Kartana|100/100
|move|p1a: landorustherian|Defog|p2a: KitCut
|-unboost|p2a: KitCut|evasion|1
|-sideend|p1: minimax_ai|Spikes|[from] move: Defog|[of] p1a: landorustherian
|-sideend|p1: minimax_ai|Stealth Rock|[from] move: Defog|[of] p1a: landorustherian
|-fieldend|move: Grassy Terrain
|
|-heal|p1a: landorustherian|59/100|[from] item: Leftovers
|upkeep
|turn|11
|
|t:|1666188884
|switch|p1a: Melmetal|Melmetal|100/100
|move|p2a: KitCut|Knock Off|p1a: Melmetal
|-damage|p1a: Melmetal|66/100
|-enditem|p1a: Melmetal|Assault Vest|[from] move: Knock Off|[of] p2a: KitCut
|-damage|p2a: KitCut|91/100|[from] item: Life Orb
|
|upkeep
|turn|12
|
|t:|1666188893
|move|p2a: KitCut|Sacred Sword|p1a: Melmetal
|-supereffective|p1a: Melmetal
|-damage|p1a: Melmetal|8/100
|-damage|p2a: KitCut|81/100|[from] item: Life Orb
|move|p1a: Melmetal|Ice Punch|p2a: KitCut
|-damage|p2a: KitCut|45/100
|-status|p2a: KitCut|frz
|
|upkeep
|turn|13
|
|t:|1666188897
|-curestatus|p2a: KitCut|frz|[msg]
|move|p2a: KitCut|Leaf Blade|p1a: Melmetal
|-resisted|p1a: Melmetal
|-damage|p1a: Melmetal|0 fnt
|faint|p1a: Melmetal
|-ability|p2a: KitCut|Beast Boost|boost
|-boost|p2a: KitCut|atk|1
|-damage|p2a: KitCut|35/100|[from] item: Life Orb
|
|upkeep
|
|t:|1666188897
|switch|p1a: Weavile|Weavile, F|100/100
|-ability|p1a: Weavile|Pressure
|turn|14
|
|t:|1666188899
|move|p1a: Weavile|Knock Off|p2a: KitCut
|-damage|p2a: KitCut|0 fnt
|-enditem|p2a: KitCut|Life Orb|[from] move: Knock Off|[of] p1a: Weavile
|faint|p2a: KitCut
|
|upkeep
|
|t:|1666188902
|switch|p2a: Chimken|Blaziken, M, shiny|62/100
|turn|15
|
|t:|1666188904
|move|p1a: Weavile|Knock Off|p2a: Chimken
|-resisted|p2a: Chimken
|-damage|p2a: Chimken|9/100
|-enditem|p2a: Chimken|Life Orb|[from] move: Knock Off|[of] p1a: Weavile
|move|p2a: Chimken|Close Combat|p1a: Weavile
|-supereffective|p1a: Weavile
|-damage|p1a: Weavile|0 fnt
|-unboost|p2a: Chimken|def|1
|-unboost|p2a: Chimken|spd|1
|faint|p1a: Weavile
|
|-ability|p2a: Chimken|Speed Boost|boost
|-boost|p2a: Chimken|spe|1
|upkeep
|
|t:|1666188904
|switch|p1a: rotomwash|Rotom-Wash|94/100
|turn|16
|
|t:|1666188907
|move|p2a: Chimken|Close Combat|p1a: rotomwash
|-damage|p1a: rotomwash|29/100
|-unboost|p2a: Chimken|def|1
|-unboost|p2a: Chimken|spd|1
|move|p1a: rotomwash|Thunderbolt|p2a: Chimken
|-damage|p2a: Chimken|0 fnt
|faint|p2a: Chimken
|
|-heal|p1a: rotomwash|35/100|[from] item: Leftovers
|upkeep
|
|t:|1666188910
|switch|p2a: draga deez nuts|Dragapult, M, shiny|100/100
|turn|17
|
|t:|1666188911
|move|p2a: draga deez nuts|Shadow Ball|p1a: rotomwash
|-damage|p1a: rotomwash|0 fnt
|faint|p1a: rotomwash
|
|upkeep
|
|t:|1666188912
|switch|p1a: landorustherian|Landorus-Therian, M|59/100
|-ability|p1a: landorustherian|Intimidate|boost
|-unboost|p2a: draga deez nuts|atk|1
|turn|18
|
|t:|1666188913
|move|p2a: draga deez nuts|Shadow Ball|p1a: landorustherian
|-damage|p1a: landorustherian|21/100
|move|p1a: landorustherian|U-turn|p2a: draga deez nuts
|-resisted|p2a: draga deez nuts
|-damage|p2a: draga deez nuts|86/100
|
|-heal|p1a: landorustherian|27/100|[from] item: Leftovers
|upkeep
|turn|19
|
|t:|1666188915
|move|p2a: draga deez nuts|Shadow Ball|p1a: landorustherian
|-damage|p1a: landorustherian|0 fnt
|faint|p1a: landorustherian
|
|win|legitteambuilder
|raw|minimax_ai's rating: 1562 &rarr; <strong>1545</strong><br />(-17 for losing)
|raw|legitteambuilder's rating: 1610 &rarr; <strong>1627</strong><br />(+17 for winning)
|c|☆minimax_ai|gg
