|j|☆minimax_ai
|j|☆Geenobe
|t:|1665383410
|gametype|singles
|player|p1|minimax_ai|lusamine-nihilego|1496
|player|p2|Geenobe|2|1563
|teamsize|p1|6
|teamsize|p2|6
|gen|8
|tier|[Gen 8] OU
|rated|
|rule|Sleep Clause Mod: Limit one foe put to sleep
|rule|Species Clause: Limit one of each Pokémon
|rule|OHKO Clause: OHKO moves are banned
|rule|Evasion Items Clause: Evasion items are banned
|rule|Evasion Moves Clause: Evasion moves are banned
|rule|Endless Battle Clause: Forcing endless battles is banned
|rule|HP Percentage Mod: HP is shown in percentages
|rule|Dynamax Clause: You cannot dynamax
|clearpoke
|poke|p1|Rotom-Wash|
|poke|p1|Weavile, M|
|poke|p1|Landorus-Therian, M|
|poke|p1|Heatran, M|
|poke|p1|Tangrowth, M|
|poke|p1|Melmetal|
|poke|p2|Blaziken, M|
|poke|p2|Moltres-Galar|
|poke|p2|Regieleki|
|poke|p2|Tapu Koko|
|poke|p2|Kartana|
|poke|p2|Latias, F|
|teampreview
|c|☆minimax_ai|hf
|inactive|Battle timer is ON: inactive players will automatically lose when time's up. (requested by minimax_ai)
|c|☆Geenobe|U2
|
|t:|1665383436
|start
|switch|p1a: landorustherian|Landorus-Therian, M|100/100
|switch|p2a: Tapu Koko|Tapu Koko|100/100
|-fieldstart|move: Electric Terrain|[from] ability: Electric Surge|[of] p2a: Tapu Koko
|-ability|p1a: landorustherian|Intimidate|boost
|-unboost|p2a: Tapu Koko|atk|1
|turn|1
|
|t:|1665383443
|move|p2a: Tapu Koko|Reflect|p2a: Tapu Koko
|-sidestart|p2: Geenobe|Reflect
|move|p1a: landorustherian|Toxic|p2a: Tapu Koko
|-status|p2a: Tapu Koko|tox
|
|-damage|p2a: Tapu Koko|94/100 tox|[from] psn
|upkeep
|turn|2
|
|t:|1665383448
|move|p2a: Tapu Koko|Taunt|p1a: landorustherian
|-start|p1a: landorustherian|move: Taunt
|cant|p1a: landorustherian|move: Taunt|Defog
|
|-damage|p2a: Tapu Koko|82/100 tox|[from] psn
|upkeep
|turn|3
|
|t:|1665383452
|move|p2a: Tapu Koko|U-turn|p1a: landorustherian
|-resisted|p1a: landorustherian
|-damage|p1a: landorustherian|94/100
|
|t:|1665383455
|switch|p2a: Latias|Latias, F|100/100|[from]move: U-turn
|move|p1a: landorustherian|Earthquake|p2a: Latias
|-immune|p2a: Latias|[from] ability: Levitate
|
|-heal|p1a: landorustherian|99/100|[from] item: Leftovers
|upkeep
|turn|4
|
|t:|1665383461
|switch|p1a: Melmetal|Melmetal|100/100
|move|p2a: Latias|Calm Mind|p2a: Latias
|-boost|p2a: Latias|spa|1
|-boost|p2a: Latias|spd|1
|
|upkeep
|turn|5
|
|t:|1665383471
|move|p2a: Latias|Aura Sphere|p1a: Melmetal
|-supereffective|p1a: Melmetal
|-damage|p1a: Melmetal|61/100
|move|p1a: Melmetal|Double Iron Bash|p2a: Latias
|-damage|p2a: Latias|76/100
|-damage|p2a: Latias|51/100
|-hitcount|p2a: Latias|2
|
|-fieldend|move: Electric Terrain
|upkeep
|turn|6
|
|t:|1665383479
|move|p2a: Latias|Aura Sphere|p1a: Melmetal
|-supereffective|p1a: Melmetal
|-damage|p1a: Melmetal|24/100
|move|p1a: Melmetal|Ice Punch|p2a: Latias
|-supereffective|p2a: Latias
|-damage|p2a: Latias|11/100
|-enditem|p2a: Latias|Weakness Policy
|-boost|p2a: Latias|atk|2|[from] item: Weakness Policy
|-boost|p2a: Latias|spa|2|[from] item: Weakness Policy
|
|upkeep
|turn|7
|
|t:|1665383487
|move|p2a: Latias|Stored Power|p1a: Melmetal
|-resisted|p1a: Melmetal
|-damage|p1a: Melmetal|0 fnt
|faint|p1a: Melmetal
|
|upkeep
|
|t:|1665383487
|switch|p1a: Weavile|Weavile, M|100/100
|-ability|p1a: Weavile|Pressure
|turn|8
|
|t:|1665383490
|move|p1a: Weavile|Knock Off|p2a: Latias
|-supereffective|p2a: Latias
|-damage|p2a: Latias|0 fnt
|faint|p2a: Latias
|
|-sideend|p2: Geenobe|Reflect
|upkeep
|
|t:|1665383493
|switch|p2a: Tapu Koko|Tapu Koko|82/100 tox
|-fieldstart|move: Electric Terrain|[from] ability: Electric Surge|[of] p2a: Tapu Koko
|turn|9
|
|t:|1665383496
|switch|p1a: landorustherian|Landorus-Therian, M|99/100
|-ability|p1a: landorustherian|Intimidate|boost
|-unboost|p2a: Tapu Koko|atk|1
|move|p2a: Tapu Koko|Reflect|p2a: Tapu Koko
|-sidestart|p2: Geenobe|Reflect
|
|-heal|p1a: landorustherian|100/100|[from] item: Leftovers
|-damage|p2a: Tapu Koko|76/100 tox|[from] psn
|upkeep
|turn|10
|
|t:|1665383500
|move|p2a: Tapu Koko|U-turn|p1a: landorustherian
|-resisted|p1a: landorustherian
|-damage|p1a: landorustherian|95/100
|
|t:|1665383501
|switch|p2a: Moltres|Moltres-Galar|100/100|[from]move: U-turn
|move|p1a: landorustherian|Defog|p2a: Moltres
|-unboost|p2a: Moltres|evasion|1
|-sideend|p2: Geenobe|Reflect
|-fieldend|move: Electric Terrain
|
|-heal|p1a: landorustherian|100/100|[from] item: Leftovers
|upkeep
|turn|11
|
|t:|1665383505
|move|p2a: Moltres|Agility|p2a: Moltres
|-boost|p2a: Moltres|spe|2
|move|p1a: landorustherian|Toxic|p2a: Moltres
|-status|p2a: Moltres|tox
|
|-damage|p2a: Moltres|94/100 tox|[from] psn
|upkeep
|turn|12
|
|t:|1665383509
|move|p2a: Moltres|Nasty Plot|p2a: Moltres
|-boost|p2a: Moltres|spa|2
|move|p1a: landorustherian|U-turn|p2a: Moltres
|-damage|p2a: Moltres|67/100 tox
|
|t:|1665383509
|switch|p1a: Weavile|Weavile, M|100/100|[from]move: U-turn
|-ability|p1a: Weavile|Pressure
|
|-damage|p2a: Moltres|55/100 tox|[from] psn
|upkeep
|turn|13
|
|t:|1665383514
|move|p1a: Weavile|Ice Shard|p2a: Moltres
|-supereffective|p2a: Moltres
|-damage|p2a: Moltres|0 fnt
|faint|p2a: Moltres
|
|upkeep
|
|t:|1665383528
|switch|p2a: Blaziken|Blaziken, M|100/100
|turn|14
|
|t:|1665383530
|move|p1a: Weavile|Ice Shard|p2a: Blaziken
|-resisted|p2a: Blaziken
|-damage|p2a: Blaziken|79/100
|move|p2a: Blaziken|Swords Dance|p2a: Blaziken
|-boost|p2a: Blaziken|atk|2
|
|-ability|p2a: Blaziken|Speed Boost|boost
|-boost|p2a: Blaziken|spe|1
|upkeep
|turn|15
|
|t:|1665383535
|move|p1a: Weavile|Ice Shard|p2a: Blaziken
|-resisted|p2a: Blaziken
|-damage|p2a: Blaziken|56/100
|move|p2a: Blaziken|Swords Dance|p2a: Blaziken
|-boost|p2a: Blaziken|atk|2
|
|-ability|p2a: Blaziken|Speed Boost|boost
|-boost|p2a: Blaziken|spe|1
|upkeep
|turn|16
|
|t:|1665383540
|move|p1a: Weavile|Ice Shard|p2a: Blaziken
|-resisted|p2a: Blaziken
|-damage|p2a: Blaziken|33/100
|move|p2a: Blaziken|Close Combat|p1a: Weavile
|-supereffective|p1a: Weavile
|-damage|p1a: Weavile|0 fnt
|-unboost|p2a: Blaziken|def|1
|-unboost|p2a: Blaziken|spd|1
|faint|p1a: Weavile
|-damage|p2a: Blaziken|23/100|[from] item: Life Orb
|
|-ability|p2a: Blaziken|Speed Boost|boost
|-boost|p2a: Blaziken|spe|1
|upkeep
|
|t:|1665383540
|switch|p1a: landorustherian|Landorus-Therian, M|100/100
|-ability|p1a: landorustherian|Intimidate|boost
|-unboost|p2a: Blaziken|atk|1
|turn|17
|
|t:|1665383544
|move|p2a: Blaziken|Flare Blitz|p1a: landorustherian
|-damage|p1a: landorustherian|0 fnt
|faint|p1a: landorustherian
|-damage|p2a: Blaziken|0 fnt|[from] Recoil
|faint|p2a: Blaziken
|
|upkeep
|
|t:|1665383548
|switch|p2a: Tapu Koko|Tapu Koko|76/100 tox
|switch|p1a: Heatran|Heatran, M|100/100
|-fieldstart|move: Electric Terrain|[from] ability: Electric Surge|[of] p2a: Tapu Koko
|-item|p1a: Heatran|Air Balloon
|turn|18
|
|t:|1665383551
|move|p2a: Tapu Koko|Light Screen|p2a: Tapu Koko
|-sidestart|p2: Geenobe|move: Light Screen
|move|p1a: Heatran|Eruption|p2a: Tapu Koko
|-damage|p2a: Tapu Koko|26/100 tox
|
|-damage|p2a: Tapu Koko|20/100 tox|[from] psn
|upkeep
|turn|19
|
|t:|1665383559
|move|p2a: Tapu Koko|Reflect|p2a: Tapu Koko
|-sidestart|p2: Geenobe|Reflect
|move|p1a: Heatran|Eruption|p2a: Tapu Koko
|-damage|p2a: Tapu Koko|0 fnt
|faint|p2a: Tapu Koko
|
|upkeep
|
|t:|1665383560
|switch|p2a: Regieleki|Regieleki|100/100
|turn|20
|
|t:|1665383563
|move|p2a: Regieleki|Rising Voltage|p1a: Heatran
|-damage|p1a: Heatran|18/100
|-enditem|p1a: Heatran|Air Balloon
|move|p1a: Heatran|Magma Storm|p2a: Regieleki|[miss]
|-miss|p1a: Heatran|p2a: Regieleki
|
|upkeep
|turn|21
|
|t:|1665383568
|move|p2a: Regieleki|Rising Voltage|p1a: Heatran
|-hint|Rising Voltage's BP doubled on grounded target.
|-damage|p1a: Heatran|0 fnt
|faint|p1a: Heatran
|
|upkeep
|
|t:|1665383568
|switch|p1a: rotomwash|Rotom-Wash|100/100
|turn|22
|
|t:|1665383569
|move|p2a: Regieleki|Rising Voltage|p1a: rotomwash
|-damage|p1a: rotomwash|7/100
|move|p1a: rotomwash|Pain Split|p2a: Regieleki
|-sethp|p2a: Regieleki|53/100|[from] move: Pain Split|[silent]
|-sethp|p1a: rotomwash|56/100|[from] move: Pain Split
|
|-heal|p1a: rotomwash|62/100|[from] item: Leftovers
|-fieldend|move: Electric Terrain
|upkeep
|turn|23
|
|t:|1665383574
|move|p2a: Regieleki|Rising Voltage|p1a: rotomwash
|-damage|p1a: rotomwash|0 fnt
|faint|p1a: rotomwash
|
|upkeep
|
|t:|1665383574
|switch|p1a: Tangrowth|Tangrowth, M|100/100
|turn|24
|
|t:|1665383580
|move|p2a: Regieleki|Rising Voltage|p1a: Tangrowth
|-resisted|p1a: Tangrowth
|-damage|p1a: Tangrowth|49/100
|move|p1a: Tangrowth|Giga Drain|p2a: Regieleki
|-damage|p2a: Regieleki|29/100
|-heal|p1a: Tangrowth|58/100|[from] drain|[of] p2a: Regieleki
|
|upkeep
|turn|25
|
|t:|1665383584
|move|p2a: Regieleki|Rising Voltage|p1a: Tangrowth
|-resisted|p1a: Tangrowth
|-damage|p1a: Tangrowth|10/100
|move|p1a: Tangrowth|Giga Drain|p2a: Regieleki
|-damage|p2a: Regieleki|3/100
|-heal|p1a: Tangrowth|20/100|[from] drain|[of] p2a: Regieleki
|
|-sideend|p2: Geenobe|move: Light Screen
|upkeep
|turn|26
|
|t:|1665383587
|move|p2a: Regieleki|Rising Voltage|p1a: Tangrowth
|-resisted|p1a: Tangrowth
|-damage|p1a: Tangrowth|0 fnt
|faint|p1a: Tangrowth
|
|win|Geenobe
|raw|minimax_ai's rating: 1496 &rarr; <strong>1480</strong><br />(-16 for losing)
|raw|Geenobe's rating: 1563 &rarr; <strong>1579</strong><br />(+16 for winning)
|c|☆minimax_ai|gg
