|j|☆legitteambuilder
|j|☆d18l
|t:|1631196601
|gametype|singles
|player|p1|legitteambuilder|lance|1685
|player|p2|d18l|backpacker|1731
|teamsize|p1|6
|teamsize|p2|6
|gen|8
|tier|[Gen 8] OU
|rated|
|rule|Sleep Clause Mod: Limit one foe put to sleep
|rule|Species Clause: Limit one of each Pokémon
|rule|OHKO Clause: OHKO moves are banned
|rule|Evasion Moves Clause: Evasion moves are banned
|rule|Endless Battle Clause: Forcing endless battles is banned
|rule|HP Percentage Mod: HP is shown in percentages
|rule|Dynamax Clause: You cannot dynamax
|clearpoke
|poke|p1|Landorus-Therian, M|
|poke|p1|Regieleki|
|poke|p1|Kartana|
|poke|p1|Moltres-Galar|
|poke|p1|Tapu Fini|
|poke|p1|Zapdos-Galar|
|poke|p2|Zeraora|
|poke|p2|Urshifu-*, M|
|poke|p2|Kyurem|
|poke|p2|Slowking-Galar, M|
|poke|p2|Corviknight, F|
|poke|p2|Hippowdon, F|
|teampreview
|inactive|Battle timer is ON: inactive players will automatically lose when time's up. (requested by legitteambuilder)
|j| supersam10001?
|j| azure nights
|inactive|d18l has 120 seconds left.
|
|t:|1631196643
|start
|switch|p1a: CROCODILE ALIGATOR|Landorus-Therian, M|100/100
|switch|p2a: Kyurem|Kyurem|100/100
|-ability|p1a: CROCODILE ALIGATOR|Intimidate|boost
|-unboost|p2a: Kyurem|atk|1
|-ability|p2a: Kyurem|Pressure
|turn|1
|l| supersam10001?
|
|t:|1631196663
|move|p1a: CROCODILE ALIGATOR|Stealth Rock|p2a: Kyurem
|-sidestart|p2: d18l|move: Stealth Rock
|move|p2a: Kyurem|Ice Beam|p1a: CROCODILE ALIGATOR
|-supereffective|p1a: CROCODILE ALIGATOR
|-crit|p1a: CROCODILE ALIGATOR
|-enditem|p1a: CROCODILE ALIGATOR|Focus Sash
|-damage|p1a: CROCODILE ALIGATOR|1/100
|
|upkeep
|turn|2
|
|t:|1631196672
|move|p1a: CROCODILE ALIGATOR|Swords Dance|p1a: CROCODILE ALIGATOR
|-boost|p1a: CROCODILE ALIGATOR|atk|2
|move|p2a: Kyurem|Ice Beam|p1a: CROCODILE ALIGATOR
|-supereffective|p1a: CROCODILE ALIGATOR
|-damage|p1a: CROCODILE ALIGATOR|0 fnt
|faint|p1a: CROCODILE ALIGATOR
|
|upkeep
|j| dogs my friend
|j| Laughokenisis
|j| supersam10001?
|c| Laughokenisis|wha
|
|t:|1631196687
|switch|p1a: Electro kid|Regieleki, shiny|100/100
|turn|3
|c| Laughokenisis|ok
|
|t:|1631196695
|switch|p2a: Hippowdon|Hippowdon, F|100/100
|-damage|p2a: Hippowdon|94/100|[from] Stealth Rock
|-weather|Sandstorm|[from] ability: Sand Stream|[of] p2a: Hippowdon
|move|p1a: Electro kid|Light Screen|p1a: Electro kid
|-sidestart|p1: legitteambuilder|move: Light Screen
|
|-weather|Sandstorm|[upkeep]
|-damage|p1a: Electro kid|95/100|[from] Sandstorm
|-heal|p2a: Hippowdon|100/100|[from] item: Leftovers
|upkeep
|turn|4
|
|t:|1631196700
|switch|p1a: Puck|Tapu Fini|100/100
|-fieldstart|move: Misty Terrain|[from] ability: Misty Surge|[of] p1a: Puck
|move|p2a: Hippowdon|Stealth Rock|p1a: Puck
|-sidestart|p1: legitteambuilder|move: Stealth Rock
|
|-weather|Sandstorm|[upkeep]
|-damage|p1a: Puck|94/100|[from] Sandstorm
|-heal|p1a: Puck|100/100|[from] item: Leftovers
|upkeep
|turn|5
|j| other account 6969
|
|t:|1631196725
|switch|p2a: Zeraora|Zeraora|100/100
|-damage|p2a: Zeraora|88/100|[from] Stealth Rock
|move|p1a: Puck|Taunt|p2a: Zeraora
|-start|p2a: Zeraora|move: Taunt
|
|-weather|Sandstorm|[upkeep]
|-damage|p2a: Zeraora|82/100|[from] Sandstorm
|-damage|p1a: Puck|94/100|[from] Sandstorm
|-heal|p1a: Puck|100/100|[from] item: Leftovers
|upkeep
|turn|6
|j| Licor43
|
|t:|1631196739
|move|p2a: Zeraora|Plasma Fists|p1a: Puck
|-supereffective|p1a: Puck
|-damage|p1a: Puck|2/100
|move|p1a: Puck|Surf|p2a: Zeraora
|-damage|p2a: Zeraora|46/100
|
|-weather|Sandstorm|[upkeep]
|-damage|p2a: Zeraora|40/100|[from] Sandstorm
|-damage|p1a: Puck|0 fnt|[from] Sandstorm
|faint|p1a: Puck
|upkeep
|
|t:|1631196748
|switch|p1a: Zapdos|Zapdos-Galar|100/100
|-damage|p1a: Zapdos|88/100|[from] Stealth Rock
|turn|7
|
|t:|1631196751
|move|p1a: Zapdos|Close Combat|p2a: Zeraora
|-damage|p2a: Zeraora|0 fnt
|-unboost|p1a: Zapdos|def|1
|-unboost|p1a: Zapdos|spd|1
|faint|p2a: Zeraora
|
|-weather|none
|upkeep
|
|t:|1631196760
|switch|p2a: Slowking|Slowking-Galar, M|100/100
|-damage|p2a: Slowking|88/100|[from] Stealth Rock
|turn|8
|inactive|d18l has 120 seconds left.
|inactive|d18l has 90 seconds left.
|inactive|d18l has 60 seconds left.
|
|t:|1631196855
|switch|p1a: Papercutinator|Kartana|100/100
|-damage|p1a: Papercutinator|94/100|[from] Stealth Rock
|switch|p2a: Urshifu|Urshifu-Rapid-Strike, M|100/100
|-damage|p2a: Urshifu|94/100|[from] Stealth Rock
|
|-fieldend|Misty Terrain
|upkeep
|turn|9
|inactive|d18l has 60 seconds left.
|
|t:|1631196871
|switch|p2a: Corviknight|Corviknight, F|100/100
|-damage|p2a: Corviknight|88/100|[from] Stealth Rock
|-ability|p2a: Corviknight|Pressure
|move|p1a: Papercutinator|Leaf Blade|p2a: Corviknight
|-resisted|p2a: Corviknight
|-crit|p2a: Corviknight
|-damage|p2a: Corviknight|70/100
|-damage|p1a: Papercutinator|78/100|[from] item: Rocky Helmet|[of] p2a: Corviknight
|-damage|p1a: Papercutinator|68/100|[from] item: Life Orb
|
|upkeep
|turn|10
|inactive|d18l has 60 seconds left.
|
|t:|1631196899
|move|p1a: Papercutinator|Swords Dance|p1a: Papercutinator
|-boost|p1a: Papercutinator|atk|2
|move|p2a: Corviknight|Body Press|p1a: Papercutinator
|-supereffective|p1a: Papercutinator
|-damage|p1a: Papercutinator|11/100
|
|-sideend|p1: legitteambuilder|move: Light Screen
|upkeep
|turn|11
|l| Licor43
|
|t:|1631196910
|move|p1a: Papercutinator|Knock Off|p2a: Corviknight
|-damage|p2a: Corviknight|1/100
|-damage|p1a: Papercutinator|0 fnt|[from] item: Rocky Helmet|[of] p2a: Corviknight
|faint|p1a: Papercutinator
|move|p2a: Corviknight|Roost|p2a: Corviknight
|-heal|p2a: Corviknight|51/100
|-singleturn|p2a: Corviknight|move: Roost
|
|upkeep
|
|t:|1631196918
|switch|p1a: Electro kid|Regieleki, shiny|95/100
|-damage|p1a: Electro kid|82/100|[from] Stealth Rock
|turn|12
|inactive|d18l has 30 seconds left.
|inactive|d18l has 20 seconds left.
|
|t:|1631196958
|switch|p2a: Hippowdon|Hippowdon, F|100/100
|-damage|p2a: Hippowdon|94/100|[from] Stealth Rock
|-weather|Sandstorm|[from] ability: Sand Stream|[of] p2a: Hippowdon
|move|p1a: Electro kid|Volt Switch|p2a: Hippowdon
|-immune|p2a: Hippowdon
|
|-weather|Sandstorm|[upkeep]
|-damage|p1a: Electro kid|76/100|[from] Sandstorm
|-heal|p2a: Hippowdon|100/100|[from] item: Leftovers
|upkeep
|turn|13
|inactive|d18l has 30 seconds left this turn.
|
|t:|1631196963
|move|p1a: Electro kid|Reflect|p1a: Electro kid
|-sidestart|p1: legitteambuilder|Reflect
|move|p2a: Hippowdon|Toxic|p1a: Electro kid
|-status|p1a: Electro kid|tox
|
|-weather|Sandstorm|[upkeep]
|-damage|p1a: Electro kid|70/100 tox|[from] Sandstorm
|-damage|p1a: Electro kid|64/100 tox|[from] psn
|upkeep
|turn|14
|
|t:|1631196969
|move|p1a: Electro kid|Light Screen|p1a: Electro kid
|-sidestart|p1: legitteambuilder|move: Light Screen
|move|p2a: Hippowdon|Slack Off||[still]
|-fail|p2a: Hippowdon|heal
|
|-weather|Sandstorm|[upkeep]
|-damage|p1a: Electro kid|58/100 tox|[from] Sandstorm
|-damage|p1a: Electro kid|46/100 tox|[from] psn
|upkeep
|turn|15
|c| Laughokenisis|...
|c| Laughokenisis|...
|c| Laughokenisis|bro
|
|t:|1631196976
|move|p1a: Electro kid|Explosion|p2a: Hippowdon
|-damage|p2a: Hippowdon|57/100
|faint|p1a: Electro kid
|move|p2a: Hippowdon|Stealth Rock||[still]
|-fail|p2a: Hippowdon
|
|-weather|Sandstorm|[upkeep]
|-heal|p2a: Hippowdon|63/100|[from] item: Leftovers
|upkeep
|c| Laughokenisis|???????
|c|☆d18l|just a usual game if you ask me
|c|☆d18l|theres me, a 1600s and me playing awful
|inactive|legitteambuilder has 120 seconds left.
|c|☆d18l|what more could you ask for
|
|t:|1631197027
|switch|p1a: Zapdos|Zapdos-Galar|88/100
|-damage|p1a: Zapdos|76/100|[from] Stealth Rock
|turn|16
|c| Laughokenisis|u got this
|c| Laughokenisis|u can still win
|c|☆d18l|and heres the classic "you still win this" quote
|inactive|d18l has 30 seconds left.
|c|☆d18l|i wonder what would happen.
|c| dogs my friend|And than goes for the disconnect
|c| Laughokenisis|I said you "can".
|inactive|d18l has 20 seconds left.
|c| dogs my friend|Ez win
|l| other account 6969
|inactive|d18l has 15 seconds left.
|inactive|d18l has 10 seconds left.
|
|t:|1631197074
|switch|p2a: Kyurem|Kyurem|100/100
|-damage|p2a: Kyurem|76/100|[from] Stealth Rock
|-ability|p2a: Kyurem|Pressure
|move|p1a: Zapdos|Close Combat|p2a: Kyurem
|-supereffective|p2a: Kyurem
|-damage|p2a: Kyurem|0 fnt
|-unboost|p1a: Zapdos|def|1
|-unboost|p1a: Zapdos|spd|1
|faint|p2a: Kyurem
|
|-weather|none
|upkeep
|inactive|d18l has 15 seconds left this turn.
|c|☆d18l|oh yea and timer
|inactive|d18l has 10 seconds left.
|c|☆d18l|lmao
|
|t:|1631197081
|switch|p2a: Slowking|Slowking-Galar, M|100/100
|-damage|p2a: Slowking|88/100|[from] Stealth Rock
|turn|17
|inactive|d18l has 20 seconds left this turn.
|c|☆legitteambuilder|guys keep distracting him
|j| other account 6969
|c|☆legitteambuilder|just 20 secs
|c| dogs my friend|Lol indeed a woncon
|
|t:|1631197102
|move|p1a: Zapdos|Close Combat|p2a: Slowking
|-resisted|p2a: Slowking
|-damage|p2a: Slowking|73/100
|-unboost|p1a: Zapdos|def|1
|-unboost|p1a: Zapdos|spd|1
|move|p2a: Slowking|Ice Beam|p1a: Zapdos
|-supereffective|p1a: Zapdos
|-damage|p1a: Zapdos|15/100
|
|upkeep
|turn|18
|inactive|d18l has 30 seconds left this turn.
|
|t:|1631197107
|move|p1a: Zapdos|Close Combat|p2a: Slowking
|-resisted|p2a: Slowking
|-damage|p2a: Slowking|59/100
|-unboost|p1a: Zapdos|def|1
|-unboost|p1a: Zapdos|spd|1
|move|p2a: Slowking|Ice Beam|p1a: Zapdos
|-supereffective|p1a: Zapdos
|-damage|p1a: Zapdos|0 fnt
|faint|p1a: Zapdos
|
|upkeep
|inactive|d18l has 30 seconds left this turn.
|
|t:|1631197109
|switch|p1a: Guts|Moltres-Galar|100/100
|-damage|p1a: Guts|76/100|[from] Stealth Rock
|turn|19
|j| gloobi
|c| Laughokenisis|nvm
|c| Laughokenisis|u got this
|inactive|d18l has 30 seconds left.
|inactive|d18l has 20 seconds left.
|inactive|d18l has 15 seconds left.
|
|t:|1631197134
|switch|p2a: Urshifu|Urshifu-Rapid-Strike, M|94/100
|-damage|p2a: Urshifu|88/100|[from] Stealth Rock
|move|p1a: Guts|Agility|p1a: Guts
|-boost|p1a: Guts|spe|2
|
|upkeep
|turn|20
|inactive|d18l has 25 seconds left this turn.
|c| dogs my friend|Max speed timid watch lol
|inactive|d18l has 20 seconds left.
|c|☆legitteambuilder|pls hit
|c| Laughokenisis|miss
|c| Laughokenisis|miss
|inactive|d18l has 15 seconds left.
|c| Laughokenisis|miss
|c| Laughokenisis|miss
|c|☆d18l|its gonna hit
|inactive|d18l has 10 seconds left.
|c| Laughokenisis|play
|inactive|d18l has 5 seconds left.
|c| Laughokenisis|timer
|
|t:|1631197156
|move|p2a: Urshifu|Aqua Jet|p1a: Guts
|-damage|p1a: Guts|59/100
|move|p1a: Guts|Air Slash|p2a: Urshifu
|-supereffective|p2a: Urshifu
|-damage|p2a: Urshifu|0 fnt
|faint|p2a: Urshifu
|
|-sideend|p1: legitteambuilder|Reflect
|upkeep
|inactive|d18l has 10 seconds left this turn.
|c| Laughokenisis|play
|c| dogs my friend|Watch them click air slash rn
|c| Laughokenisis|play
|
|t:|1631197160
|switch|p2a: Slowking|Slowking-Galar, M|92/100
|-damage|p2a: Slowking|80/100|[from] Stealth Rock
|turn|21
|inactive|d18l has 20 seconds left this turn.
|c| dogs my friend|LOL
|inactive|d18l has 15 seconds left.
|c|☆d18l|oh what am i doing
|inactive|d18l has 10 seconds left.
|
|t:|1631197175
|move|p1a: Guts|Nasty Plot|p1a: Guts
|-boost|p1a: Guts|spa|2
|move|p2a: Slowking|Ice Beam|p1a: Guts
|-supereffective|p1a: Guts
|-damage|p1a: Guts|38/100
|-enditem|p1a: Guts|Weakness Policy
|-boost|p1a: Guts|atk|2|[from] item: Weakness Policy
|-boost|p1a: Guts|spa|2|[from] item: Weakness Policy
|-ability|p1a: Guts|Berserk|boost
|-boost|p1a: Guts|spa|1
|
|-sideend|p1: legitteambuilder|move: Light Screen
|upkeep
|turn|22
|inactive|d18l has 20 seconds left this turn.
|c| dogs my friend|Your letting them plot for free
|c|☆d18l|oh yea
|inactive|d18l has 15 seconds left.
|c|☆d18l|i lost
|c|☆d18l|gg
|c| dogs my friend|Nice
|-message|d18l forfeited.
|
|win|legitteambuilder
|inactive|d18l has 25 seconds left this turn.
|raw|legitteambuilder's rating: 1685 &rarr; <strong>1708</strong><br />(+23 for winning)
|raw|d18l's rating: 1733 &rarr; <strong>1710</strong><br />(-23 for losing)
|l| supersam10001?
|l| Laughokenisis
|c|☆legitteambuilder|gg
|c| dogs my friend|Rip man
|l| dogs my friend
|l|☆legitteambuilder
||Ladder isn't responding, score probably updated but might not have (Request timeout).
