|j|☆Largo47
|j|☆groundt
|player|p1|Largo47|flannery|1496
|player|p2|groundt|winona-gen3|1467
|teamsize|p1|6
|teamsize|p2|6
|gametype|singles
|gen|8
|tier|[Gen 8] OU
|rated|
|rule|Sleep Clause Mod: Limit one foe put to sleep
|rule|Species Clause: Limit one of each Pokémon
|rule|OHKO Clause: OHKO moves are banned
|rule|Evasion Moves Clause: Evasion moves are banned
|rule|Endless Battle Clause: Forcing endless battles is banned
|rule|HP Percentage Mod: HP is shown in percentages
|clearpoke
|poke|p1|Dragapult, F|
|poke|p1|Excadrill, F|
|poke|p1|Corviknight, F|
|poke|p1|Toxapex, M|
|poke|p1|Ditto|
|poke|p1|Darmanitan-Galar, F|
|poke|p2|Kommo-o, M|
|poke|p2|Dugtrio, M|
|poke|p2|Ferrothorn, M|
|poke|p2|Toxapex, M|
|poke|p2|Mandibuzz, F|
|poke|p2|Darmanitan-Galar, F|
|teampreview
|inactive|Battle timer is ON: inactive players will automatically lose when time's up. (requested by Largo47)
|
|start
|switch|p1a: Darmanitan|Darmanitan-Galar, F|100/100
|switch|p2a: Ferrothorn|Ferrothorn, M|100/100
|turn|1
|
|move|p2a: Ferrothorn|Protect|p2a: Ferrothorn
|-singleturn|p2a: Ferrothorn|Protect
|move|p1a: Darmanitan|Flare Blitz|p2a: Ferrothorn
|-activate|p2a: Ferrothorn|move: Protect
|
|upkeep
|turn|2
|
|switch|p1a: Excadrill|Excadrill, F|100/100
|-ability|p1a: Excadrill|Mold Breaker
|switch|p2a: Toxapex|Toxapex, M|100/100
|
|upkeep
|turn|3
|
|switch|p2a: Ferrothorn|Ferrothorn, M|100/100
|move|p1a: Excadrill|Stealth Rock|p2a: Ferrothorn
|-sidestart|p2: groundt|move: Stealth Rock
|
|upkeep
|turn|4
|
|switch|p1a: Dragapult|Dragapult, F|100/100
|move|p2a: Ferrothorn|Leech Seed|p1a: Dragapult
|-start|p1a: Dragapult|move: Leech Seed
|
|-damage|p1a: Dragapult|88/100|[from] Leech Seed|[of] p2a: Ferrothorn
|upkeep
|turn|5
|
|switch|p1a: Darmanitan|Darmanitan-Galar, F|100/100
|switch|p2a: Mandibuzz|Mandibuzz, F|100/100
|
|upkeep
|turn|6
|
|switch|p2a: Ferrothorn|Ferrothorn, M|100/100
|-damage|p2a: Ferrothorn|94/100|[from] Stealth Rock
|move|p1a: Darmanitan|Icicle Crash|p2a: Ferrothorn
|-damage|p2a: Ferrothorn|47/100
|
|-heal|p2a: Ferrothorn|53/100|[from] item: Leftovers
|upkeep
|turn|7
|
|switch|p1a: Toxapex|Toxapex, M|100/100
|move|p2a: Ferrothorn|Protect||[still]
|-fail|p2a: Ferrothorn
|
|-heal|p2a: Ferrothorn|60/100|[from] item: Leftovers
|upkeep
|turn|8
|
|move|p1a: Toxapex|Scald|p2a: Ferrothorn
|-resisted|p2a: Ferrothorn
|-damage|p2a: Ferrothorn|54/100
|-status|p2a: Ferrothorn|brn
|move|p2a: Ferrothorn|Leech Seed|p1a: Toxapex
|-start|p1a: Toxapex|move: Leech Seed
|
|-heal|p2a: Ferrothorn|60/100 brn|[from] item: Leftovers
|-damage|p1a: Toxapex|88/100|[from] Leech Seed|[of] p2a: Ferrothorn
|-heal|p2a: Ferrothorn|71/100 brn|[silent]
|-damage|p2a: Ferrothorn|65/100 brn|[from] brn
|upkeep
|turn|9
|
|switch|p1a: Dragapult|Dragapult, F|88/100
|switch|p2a: Mandibuzz|Mandibuzz, F|100/100
|
|upkeep
|turn|10
|
|move|p1a: Dragapult|Thunderbolt|p2a: Mandibuzz
|-supereffective|p2a: Mandibuzz
|-damage|p2a: Mandibuzz|41/100
|move|p2a: Mandibuzz|Defog|p1a: Dragapult
|-unboost|p1a: Dragapult|evasion|1
|-sideend|p2: groundt|Stealth Rock|[from] move: Defog|[of] p2a: Mandibuzz
|
|upkeep
|turn|11
|
|switch|p1a: Darmanitan|Darmanitan-Galar, F|100/100
|switch|p2a: Ferrothorn|Ferrothorn, M|65/100 brn
|
|-heal|p2a: Ferrothorn|71/100 brn|[from] item: Leftovers
|-damage|p2a: Ferrothorn|65/100 brn|[from] brn
|upkeep
|turn|12
|
|move|p2a: Ferrothorn|Protect|p2a: Ferrothorn
|-singleturn|p2a: Ferrothorn|Protect
|move|p1a: Darmanitan|Flare Blitz|p2a: Ferrothorn
|-activate|p2a: Ferrothorn|move: Protect
|
|-heal|p2a: Ferrothorn|71/100 brn|[from] item: Leftovers
|-damage|p2a: Ferrothorn|65/100 brn|[from] brn
|upkeep
|turn|13
|
|switch|p2a: Toxapex|Toxapex, M|100/100
|move|p1a: Darmanitan|Flare Blitz|p2a: Toxapex
|-resisted|p2a: Toxapex
|-damage|p2a: Toxapex|79/100
|-damage|p1a: Darmanitan|94/100|[from] Recoil
|-enditem|p2a: Toxapex|Eject Button
|
|switch|p2a: Dugtrio|Dugtrio, M|100/100
|
|upkeep
|turn|14
|
|-start|p1a: Darmanitan|Dynamax
|-heal|p1a: Darmanitan|94/100|[silent]
|move|p2a: Dugtrio|Rock Tomb|p1a: Darmanitan
|-supereffective|p1a: Darmanitan
|-crit|p1a: Darmanitan
|-damage|p1a: Darmanitan|50/100
|-unboost|p1a: Darmanitan|spe|1
|move|p1a: Darmanitan|Max Hailstorm|p2a: Dugtrio
|-supereffective|p2a: Dugtrio
|-enditem|p2a: Dugtrio|Focus Sash
|-damage|p2a: Dugtrio|1/100
|-weather|Hail
|
|-weather|Hail|[upkeep]
|-damage|p2a: Dugtrio|0 fnt|[from] Hail
|faint|p2a: Dugtrio
|upkeep
|
|switch|p2a: Darmanitan|Darmanitan-Galar, F|100/100
|turn|15
|
|-hint|Dynamax ended.
|switch|p1a: Toxapex|Toxapex, M|100/100
|move|p2a: Darmanitan|Flare Blitz|p1a: Toxapex
|-resisted|p1a: Toxapex
|-damage|p1a: Toxapex|76/100
|-damage|p2a: Darmanitan|94/100|[from] Recoil
|
|-weather|Hail|[upkeep]
|-damage|p1a: Toxapex|70/100|[from] Hail
|-heal|p1a: Toxapex|76/100|[from] item: Black Sludge
|upkeep
|turn|16
|
|switch|p1a: Dragapult|Dragapult, F|88/100
|switch|p2a: Mandibuzz|Mandibuzz, F|41/100
|
|-weather|Hail|[upkeep]
|-damage|p1a: Dragapult|82/100|[from] Hail
|upkeep
|turn|17
|
|switch|p2a: Ferrothorn|Ferrothorn, M|65/100 brn
|move|p1a: Dragapult|Fire Blast|p2a: Ferrothorn|[miss]
|-miss|p1a: Dragapult|p2a: Ferrothorn
|
|-weather|Hail|[upkeep]
|-damage|p1a: Dragapult|76/100|[from] Hail
|-damage|p2a: Ferrothorn|58/100 brn|[from] Hail
|-heal|p2a: Ferrothorn|65/100 brn|[from] item: Leftovers
|-damage|p2a: Ferrothorn|58/100 brn|[from] brn
|upkeep
|turn|18
|
|switch|p2a: Toxapex|Toxapex, M|100/100
|move|p1a: Dragapult|Fire Blast|p2a: Toxapex
|-resisted|p2a: Toxapex
|-damage|p2a: Toxapex|81/100
|
|-weather|none
|upkeep
|turn|19
|
|switch|p1a: Excadrill|Excadrill, F|100/100
|-ability|p1a: Excadrill|Mold Breaker
|switch|p2a: Mandibuzz|Mandibuzz, F|41/100
|
|upkeep
|turn|20
|
|move|p1a: Excadrill|Rock Tomb|p2a: Mandibuzz
|-supereffective|p2a: Mandibuzz
|-damage|p2a: Mandibuzz|14/100
|-unboost|p2a: Mandibuzz|spe|1
|move|p2a: Mandibuzz|Roost|p2a: Mandibuzz
|-heal|p2a: Mandibuzz|64/100
|-singleturn|p2a: Mandibuzz|move: Roost
|
|upkeep
|turn|21
|
|move|p1a: Excadrill|Stealth Rock|p2a: Mandibuzz
|-sidestart|p2: groundt|move: Stealth Rock
|move|p2a: Mandibuzz|Roost|p2a: Mandibuzz
|-heal|p2a: Mandibuzz|100/100
|-singleturn|p2a: Mandibuzz|move: Roost
|
|upkeep
|turn|22
|
|switch|p1a: Corviknight|Corviknight, F|100/100
|-ability|p1a: Corviknight|Pressure
|move|p2a: Mandibuzz|Defog|p1a: Corviknight
|-unboost|p1a: Corviknight|evasion|1
|-sideend|p2: groundt|Stealth Rock|[from] move: Defog|[of] p2a: Mandibuzz
|
|upkeep
|turn|23
|
|move|p1a: Corviknight|Bulk Up|p1a: Corviknight
|-boost|p1a: Corviknight|atk|1
|-boost|p1a: Corviknight|def|1
|move|p2a: Mandibuzz|U-turn|p1a: Corviknight
|-resisted|p1a: Corviknight
|-damage|p1a: Corviknight|99/100
|
|switch|p2a: Toxapex|Toxapex, M|100/100|[from]move: U-turn
|
|-heal|p1a: Corviknight|100/100|[from] item: Leftovers
|upkeep
|turn|24
|
|move|p1a: Corviknight|Brave Bird|p2a: Toxapex
|-damage|p2a: Toxapex|66/100
|-damage|p1a: Corviknight|92/100|[from] Recoil
|move|p2a: Toxapex|Scald|p1a: Corviknight
|-damage|p1a: Corviknight|74/100
|
|-heal|p1a: Corviknight|80/100|[from] item: Leftovers
|upkeep
|turn|25
|
|move|p1a: Corviknight|Bulk Up|p1a: Corviknight
|-boost|p1a: Corviknight|atk|1
|-boost|p1a: Corviknight|def|1
|move|p2a: Toxapex|Haze|p2a: Toxapex
|-clearallboost
|
|-heal|p1a: Corviknight|86/100|[from] item: Leftovers
|upkeep
|turn|26
|
|switch|p1a: Dragapult|Dragapult, F|76/100
|move|p2a: Toxapex|Recover|p2a: Toxapex
|-heal|p2a: Toxapex|100/100
|
|upkeep
|turn|27
|
|move|p1a: Dragapult|Thunderbolt|p2a: Toxapex
|-supereffective|p2a: Toxapex
|-damage|p2a: Toxapex|40/100
|move|p2a: Toxapex|Recover|p2a: Toxapex
|-heal|p2a: Toxapex|91/100
|
|upkeep
|turn|28
|
|switch|p1a: Darmanitan|Darmanitan-Galar, F|50/100
|switch|p2a: Ferrothorn|Ferrothorn, M|58/100 brn
|
|-heal|p2a: Ferrothorn|65/100 brn|[from] item: Leftovers
|-damage|p2a: Ferrothorn|58/100 brn|[from] brn
|upkeep
|turn|29
|
|move|p2a: Ferrothorn|Protect|p2a: Ferrothorn
|-singleturn|p2a: Ferrothorn|Protect
|move|p1a: Darmanitan|Icicle Crash|p2a: Ferrothorn
|-activate|p2a: Ferrothorn|move: Protect
|
|-heal|p2a: Ferrothorn|65/100 brn|[from] item: Leftovers
|-damage|p2a: Ferrothorn|58/100 brn|[from] brn
|upkeep
|turn|30
|
|switch|p2a: Toxapex|Toxapex, M|100/100
|move|p1a: Darmanitan|Icicle Crash|p2a: Toxapex
|-resisted|p2a: Toxapex
|-damage|p2a: Toxapex|80/100
|
|upkeep
|turn|31
|
|switch|p1a: Excadrill|Excadrill, F|100/100
|-ability|p1a: Excadrill|Mold Breaker
|move|p2a: Toxapex|Scald|p1a: Excadrill
|-supereffective|p1a: Excadrill
|-damage|p1a: Excadrill|56/100
|-status|p1a: Excadrill|brn
|
|-damage|p1a: Excadrill|50/100 brn|[from] brn
|upkeep
|turn|32
|
|switch|p2a: Mandibuzz|Mandibuzz, F|100/100
|move|p1a: Excadrill|Stealth Rock|p2a: Mandibuzz
|-sidestart|p2: groundt|move: Stealth Rock
|
|-damage|p1a: Excadrill|43/100 brn|[from] brn
|upkeep
|turn|33
|
|switch|p1a: Darmanitan|Darmanitan-Galar, F|50/100
|move|p2a: Mandibuzz|Defog|p1a: Darmanitan
|-unboost|p1a: Darmanitan|evasion|1
|-sideend|p2: groundt|Stealth Rock|[from] move: Defog|[of] p2a: Mandibuzz
|
|upkeep
|turn|34
|
|switch|p2a: Toxapex|Toxapex, M|100/100
|move|p1a: Darmanitan|Icicle Crash|p2a: Toxapex
|-resisted|p2a: Toxapex
|-damage|p2a: Toxapex|79/100
|
|upkeep
|turn|35
|
|switch|p1a: Excadrill|Excadrill, F|43/100 brn
|-ability|p1a: Excadrill|Mold Breaker
|move|p2a: Toxapex|Scald|p1a: Excadrill
|-supereffective|p1a: Excadrill
|-damage|p1a: Excadrill|0 fnt
|faint|p1a: Excadrill
|
|upkeep
|
|switch|p1a: Dragapult|Dragapult, F|76/100
|turn|36
|
|move|p1a: Dragapult|Draco Meteor|p2a: Toxapex|[miss]
|-miss|p1a: Dragapult|p2a: Toxapex
|move|p2a: Toxapex|Recover|p2a: Toxapex
|-heal|p2a: Toxapex|100/100
|
|upkeep
|turn|37
|
|move|p1a: Dragapult|Draco Meteor|p2a: Toxapex
|-damage|p2a: Toxapex|35/100
|-unboost|p1a: Dragapult|spa|2
|move|p2a: Toxapex|Recover|p2a: Toxapex
|-heal|p2a: Toxapex|85/100
|
|upkeep
|turn|38
|
|switch|p1a: Toxapex|Toxapex, M|100/100
|move|p2a: Toxapex|Scald|p1a: Toxapex
|-resisted|p1a: Toxapex
|-damage|p1a: Toxapex|95/100
|
|-heal|p1a: Toxapex|100/100|[from] item: Black Sludge
|upkeep
|turn|39
|
|switch|p2a: Ferrothorn|Ferrothorn, M|58/100 brn
|move|p1a: Toxapex|Scald|p2a: Ferrothorn
|-resisted|p2a: Ferrothorn
|-crit|p2a: Ferrothorn
|-damage|p2a: Ferrothorn|50/100 brn
|
|-heal|p2a: Ferrothorn|56/100 brn|[from] item: Leftovers
|-damage|p2a: Ferrothorn|50/100 brn|[from] brn
|upkeep
|turn|40
|
|switch|p1a: Ditto|Ditto|100/100
|-transform|p1a: Ditto|p2a: Ferrothorn|[from] ability: Imposter
|move|p2a: Ferrothorn|Stealth Rock|p1a: Ditto
|-sidestart|p1: Largo47|move: Stealth Rock
|
|-heal|p2a: Ferrothorn|56/100 brn|[from] item: Leftovers
|-damage|p2a: Ferrothorn|50/100 brn|[from] brn
|upkeep
|turn|41
|
|switch|p2a: Darmanitan|Darmanitan-Galar, F|94/100
|move|p1a: Ditto|Stealth Rock|p2a: Darmanitan
|-sidestart|p2: groundt|move: Stealth Rock
|
|upkeep
|turn|42
|
|switch|p1a: Corviknight|Corviknight, F|86/100
|-damage|p1a: Corviknight|74/100|[from] Stealth Rock
|-ability|p1a: Corviknight|Pressure
|move|p2a: Darmanitan|Earthquake|p1a: Corviknight
|-immune|p1a: Corviknight
|
|-heal|p1a: Corviknight|80/100|[from] item: Leftovers
|upkeep
|turn|43
|
|switch|p1a: Toxapex|Toxapex, M|100/100
|-damage|p1a: Toxapex|88/100|[from] Stealth Rock
|switch|p2a: Toxapex|Toxapex, M|100/100
|-damage|p2a: Toxapex|88/100|[from] Stealth Rock
|
|-heal|p1a: Toxapex|94/100|[from] item: Black Sludge
|upkeep
|turn|44
|
|switch|p2a: Mandibuzz|Mandibuzz, F|100/100
|move|p1a: Toxapex|Scald|p2a: Mandibuzz
|-damage|p2a: Mandibuzz|89/100
|
|-heal|p1a: Toxapex|100/100|[from] item: Black Sludge
|upkeep
|turn|45
|
|move|p2a: Mandibuzz|Defog|p1a: Toxapex
|-unboost|p1a: Toxapex|evasion|1
|-sideend|p1: Largo47|Stealth Rock|[from] move: Defog|[of] p2a: Mandibuzz
|-sideend|p2: groundt|Stealth Rock|[from] move: Defog|[of] p2a: Mandibuzz
|move|p1a: Toxapex|Toxic|p2a: Mandibuzz
|-status|p2a: Mandibuzz|tox
|
|-damage|p2a: Mandibuzz|83/100 tox|[from] psn
|upkeep
|turn|46
|
|move|p2a: Mandibuzz|U-turn|p1a: Toxapex
|-resisted|p1a: Toxapex
|-damage|p1a: Toxapex|97/100
|
|switch|p2a: Ferrothorn|Ferrothorn, M|50/100 brn|[from]move: U-turn
|move|p1a: Toxapex|Scald|p2a: Ferrothorn
|-resisted|p2a: Ferrothorn
|-damage|p2a: Ferrothorn|45/100 brn
|
|-heal|p1a: Toxapex|100/100|[from] item: Black Sludge
|-heal|p2a: Ferrothorn|51/100 brn|[from] item: Leftovers
|-damage|p2a: Ferrothorn|45/100 brn|[from] brn
|upkeep
|turn|47
|
|switch|p1a: Ditto|Ditto|100/100
|-transform|p1a: Ditto|p2a: Ferrothorn|[from] ability: Imposter
|move|p2a: Ferrothorn|Stealth Rock|p1a: Ditto
|-sidestart|p1: Largo47|move: Stealth Rock
|
|-heal|p2a: Ferrothorn|51/100 brn|[from] item: Leftovers
|-damage|p2a: Ferrothorn|45/100 brn|[from] brn
|upkeep
|turn|48
|
|switch|p2a: Toxapex|Toxapex, M|100/100
|move|p1a: Ditto|Stealth Rock|p2a: Toxapex
|-sidestart|p2: groundt|move: Stealth Rock
|
|upkeep
|turn|49
|
|switch|p1a: Toxapex|Toxapex, M|100/100
|-damage|p1a: Toxapex|88/100|[from] Stealth Rock
|move|p2a: Toxapex|Scald|p1a: Toxapex
|-resisted|p1a: Toxapex
|-damage|p1a: Toxapex|82/100
|-status|p1a: Toxapex|brn
|
|-heal|p1a: Toxapex|89/100 brn|[from] item: Black Sludge
|-damage|p1a: Toxapex|82/100 brn|[from] brn
|upkeep
|turn|50
|
|switch|p2a: Mandibuzz|Mandibuzz, F|83/100 tox
|move|p1a: Toxapex|Scald|p2a: Mandibuzz
|-damage|p2a: Mandibuzz|71/100 tox
|
|-heal|p1a: Toxapex|89/100 brn|[from] item: Black Sludge
|-damage|p2a: Mandibuzz|65/100 tox|[from] psn
|-damage|p1a: Toxapex|82/100 brn|[from] brn
|upkeep
|turn|51
|
|move|p2a: Mandibuzz|Foul Play|p1a: Toxapex
|-damage|p1a: Toxapex|67/100 brn
|move|p1a: Toxapex|Scald|p2a: Mandibuzz
|-damage|p2a: Mandibuzz|53/100 tox
|
|-heal|p1a: Toxapex|73/100 brn|[from] item: Black Sludge
|-damage|p2a: Mandibuzz|41/100 tox|[from] psn
|-damage|p1a: Toxapex|67/100 brn|[from] brn
|upkeep
|turn|52
|
|move|p2a: Mandibuzz|Defog|p1a: Toxapex
|-unboost|p1a: Toxapex|evasion|1
|-sideend|p1: Largo47|Stealth Rock|[from] move: Defog|[of] p2a: Mandibuzz
|-sideend|p2: groundt|Stealth Rock|[from] move: Defog|[of] p2a: Mandibuzz
|move|p1a: Toxapex|Scald|p2a: Mandibuzz
|-damage|p2a: Mandibuzz|28/100 tox
|
|-heal|p1a: Toxapex|73/100 brn|[from] item: Black Sludge
|-damage|p2a: Mandibuzz|10/100 tox|[from] psn
|-damage|p1a: Toxapex|67/100 brn|[from] brn
|upkeep
|turn|53
|
|switch|p1a: Dragapult|Dragapult, F|76/100
|move|p2a: Mandibuzz|Roost|p2a: Mandibuzz
|-heal|p2a: Mandibuzz|60/100 tox
|-singleturn|p2a: Mandibuzz|move: Roost
|
|-damage|p2a: Mandibuzz|35/100 tox|[from] psn
|upkeep
|turn|54
|
|switch|p2a: Toxapex|Toxapex, M|100/100
|move|p1a: Dragapult|Fire Blast|p2a: Toxapex|[miss]
|-miss|p1a: Dragapult|p2a: Toxapex
|
|upkeep
|turn|55
|
|switch|p1a: Toxapex|Toxapex, M|99/100 brn
|switch|p2a: Ferrothorn|Ferrothorn, M|45/100 brn
|
|-heal|p1a: Toxapex|100/100 brn|[from] item: Black Sludge
|-heal|p2a: Ferrothorn|51/100 brn|[from] item: Leftovers
|-damage|p1a: Toxapex|94/100 brn|[from] brn
|-damage|p2a: Ferrothorn|45/100 brn|[from] brn
|upkeep
|turn|56
|
|switch|p2a: Darmanitan|Darmanitan-Galar, F|94/100
|switch|p1a: Ditto|Ditto|100/100
|-transform|p1a: Ditto|p2a: Darmanitan|[from] ability: Imposter
|
|upkeep
|turn|57
|
|switch|p2a: Toxapex|Toxapex, M|100/100
|move|p1a: Ditto|Flare Blitz|p2a: Toxapex
|-resisted|p2a: Toxapex
|-damage|p2a: Toxapex|81/100
|-damage|p1a: Ditto|94/100|[from] Recoil
|
|upkeep
|turn|58
|
|switch|p1a: Toxapex|Toxapex, M|100/100 brn
|switch|p2a: Ferrothorn|Ferrothorn, M|45/100 brn
|
|-heal|p2a: Ferrothorn|51/100 brn|[from] item: Leftovers
|-damage|p1a: Toxapex|94/100 brn|[from] brn
|-damage|p2a: Ferrothorn|45/100 brn|[from] brn
|upkeep
|turn|59
|
|switch|p2a: Mandibuzz|Mandibuzz, F|35/100 tox
|switch|p1a: Ditto|Ditto|94/100
|-transform|p1a: Ditto|p2a: Mandibuzz|[from] ability: Imposter
|
|-damage|p2a: Mandibuzz|29/100 tox|[from] psn
|upkeep
|turn|60
|
|move|p1a: Ditto|U-turn|p2a: Mandibuzz
|-damage|p2a: Mandibuzz|21/100 tox
|
|switch|p1a: Toxapex|Toxapex, M|100/100 brn|[from]move: U-turn
|move|p2a: Mandibuzz|Roost|p2a: Mandibuzz
|-heal|p2a: Mandibuzz|71/100 tox
|-singleturn|p2a: Mandibuzz|move: Roost
|
|-damage|p2a: Mandibuzz|59/100 tox|[from] psn
|-damage|p1a: Toxapex|94/100 brn|[from] brn
|upkeep
|turn|61
|
|move|p2a: Mandibuzz|U-turn|p1a: Toxapex
|-resisted|p1a: Toxapex
|-damage|p1a: Toxapex|90/100 brn
|
|switch|p2a: Ferrothorn|Ferrothorn, M|45/100 brn|[from]move: U-turn
|move|p1a: Toxapex|Scald|p2a: Ferrothorn
|-resisted|p2a: Ferrothorn
|-damage|p2a: Ferrothorn|40/100 brn
|
|-heal|p1a: Toxapex|96/100 brn|[from] item: Black Sludge
|-heal|p2a: Ferrothorn|46/100 brn|[from] item: Leftovers
|-damage|p1a: Toxapex|90/100 brn|[from] brn
|-damage|p2a: Ferrothorn|40/100 brn|[from] brn
|upkeep
|turn|62
|
|switch|p2a: Mandibuzz|Mandibuzz, F|59/100 tox
|switch|p1a: Ditto|Ditto|94/100
|-transform|p1a: Ditto|p2a: Mandibuzz|[from] ability: Imposter
|
|-damage|p2a: Mandibuzz|53/100 tox|[from] psn
|upkeep
|turn|63
|
|move|p1a: Ditto|U-turn|p2a: Mandibuzz
|-damage|p2a: Mandibuzz|45/100 tox
|
|switch|p1a: Toxapex|Toxapex, M|100/100 brn|[from]move: U-turn
|move|p2a: Mandibuzz|Roost|p2a: Mandibuzz
|-heal|p2a: Mandibuzz|95/100 tox
|-singleturn|p2a: Mandibuzz|move: Roost
|
|-damage|p2a: Mandibuzz|82/100 tox|[from] psn
|-damage|p1a: Toxapex|94/100 brn|[from] brn
|upkeep
|turn|64
|
|switch|p1a: Corviknight|Corviknight, F|80/100
|-ability|p1a: Corviknight|Pressure
|switch|p2a: Ferrothorn|Ferrothorn, M|40/100 brn
|
|-heal|p1a: Corviknight|86/100|[from] item: Leftovers
|-heal|p2a: Ferrothorn|46/100 brn|[from] item: Leftovers
|-damage|p2a: Ferrothorn|40/100 brn|[from] brn
|upkeep
|turn|65
|
|move|p1a: Corviknight|Brave Bird|p2a: Ferrothorn
|-damage|p2a: Ferrothorn|15/100 brn
|-damage|p1a: Corviknight|74/100|[from] ability: Iron Barbs|[of] p2a: Ferrothorn
|-damage|p1a: Corviknight|66/100|[from] Recoil
|move|p2a: Ferrothorn|Stealth Rock|p1a: Corviknight
|-sidestart|p1: Largo47|move: Stealth Rock
|
|-heal|p1a: Corviknight|73/100|[from] item: Leftovers
|-heal|p2a: Ferrothorn|21/100 brn|[from] item: Leftovers
|-damage|p2a: Ferrothorn|15/100 brn|[from] brn
|upkeep
|turn|66
|
|switch|p1a: Ditto|Ditto|94/100
|-damage|p1a: Ditto|81/100|[from] Stealth Rock
|-transform|p1a: Ditto|p2a: Ferrothorn|[from] ability: Imposter
|move|p2a: Ferrothorn|Leech Seed|p1a: Ditto
|-immune|p1a: Ditto
|
|-heal|p2a: Ferrothorn|21/100 brn|[from] item: Leftovers
|-damage|p2a: Ferrothorn|15/100 brn|[from] brn
|upkeep
|turn|67
|
|switch|p2a: Darmanitan|Darmanitan-Galar, F|94/100
|move|p1a: Ditto|Stealth Rock|p2a: Darmanitan
|-sidestart|p2: groundt|move: Stealth Rock
|
|upkeep
|turn|68
|
|switch|p1a: Toxapex|Toxapex, M|100/100 brn
|-damage|p1a: Toxapex|88/100 brn|[from] Stealth Rock
|move|p2a: Darmanitan|Earthquake|p1a: Toxapex
|-supereffective|p1a: Toxapex
|-damage|p1a: Toxapex|5/100 brn
|
|-heal|p1a: Toxapex|11/100 brn|[from] item: Black Sludge
|-damage|p1a: Toxapex|5/100 brn|[from] brn
|upkeep
|turn|69
|inactive|groundt has 120 seconds left.
|inactive|groundt has 90 seconds left.
|
|switch|p1a: Corviknight|Corviknight, F|73/100
|-damage|p1a: Corviknight|60/100|[from] Stealth Rock
|-ability|p1a: Corviknight|Pressure
|switch|p2a: Ferrothorn|Ferrothorn, M|15/100 brn
|-damage|p2a: Ferrothorn|8/100 brn|[from] Stealth Rock
|
|-heal|p1a: Corviknight|66/100|[from] item: Leftovers
|-heal|p2a: Ferrothorn|15/100 brn|[from] item: Leftovers
|-damage|p2a: Ferrothorn|8/100 brn|[from] brn
|upkeep
|turn|70
|inactive|groundt has 90 seconds left.
|
|move|p1a: Corviknight|Brave Bird|p2a: Ferrothorn
|-damage|p2a: Ferrothorn|0 fnt
|-damage|p1a: Corviknight|54/100|[from] ability: Iron Barbs|[of] p2a: Ferrothorn
|-damage|p1a: Corviknight|52/100|[from] Recoil
|faint|p2a: Ferrothorn
|
|-heal|p1a: Corviknight|58/100|[from] item: Leftovers
|upkeep
|inactive|groundt has 90 seconds left.
|
|switch|p2a: Toxapex|Toxapex, M|100/100
|-damage|p2a: Toxapex|88/100|[from] Stealth Rock
|turn|71
|inactive|groundt has 90 seconds left.
|
|move|p1a: Corviknight|Roost|p1a: Corviknight
|-heal|p1a: Corviknight|100/100
|-singleturn|p1a: Corviknight|move: Roost
|move|p2a: Toxapex|Scald|p1a: Corviknight
|-damage|p1a: Corviknight|83/100
|
|-heal|p1a: Corviknight|89/100|[from] item: Leftovers
|upkeep
|turn|72
|
|move|p1a: Corviknight|Brave Bird|p2a: Toxapex
|-damage|p2a: Toxapex|66/100
|-damage|p1a: Corviknight|84/100|[from] Recoil
|move|p2a: Toxapex|Scald|p1a: Corviknight
|-damage|p1a: Corviknight|67/100
|
|-heal|p1a: Corviknight|74/100|[from] item: Leftovers
|upkeep
|turn|73
|
|switch|p1a: Toxapex|Toxapex, M|38/100 brn
|-damage|p1a: Toxapex|26/100 brn|[from] Stealth Rock
|move|p2a: Toxapex|Scald|p1a: Toxapex
|-resisted|p1a: Toxapex
|-damage|p1a: Toxapex|20/100 brn
|
|-heal|p1a: Toxapex|26/100 brn|[from] item: Black Sludge
|-damage|p1a: Toxapex|20/100 brn|[from] brn
|upkeep
|turn|74
|
|switch|p2a: Darmanitan|Darmanitan-Galar, F|94/100
|-damage|p2a: Darmanitan|69/100|[from] Stealth Rock
|move|p1a: Toxapex|Recover|p1a: Toxapex
|-heal|p1a: Toxapex|70/100 brn
|
|-heal|p1a: Toxapex|76/100 brn|[from] item: Black Sludge
|-damage|p1a: Toxapex|70/100 brn|[from] brn
|upkeep
|turn|75
|
|move|p2a: Darmanitan|U-turn|p1a: Toxapex
|-resisted|p1a: Toxapex
|-crit|p1a: Toxapex
|-damage|p1a: Toxapex|48/100 brn
|
|switch|p2a: Kommo-o|Kommo-o, M|100/100|[from]move: U-turn
|-damage|p2a: Kommo-o|94/100|[from] Stealth Rock
|move|p1a: Toxapex|Recover|p1a: Toxapex
|-heal|p1a: Toxapex|98/100 brn
|
|-heal|p1a: Toxapex|100/100 brn|[from] item: Black Sludge
|-damage|p1a: Toxapex|94/100 brn|[from] brn
|upkeep
|turn|76
|
|move|p2a: Kommo-o|Clangorous Soul|p2a: Kommo-o
|-boost|p2a: Kommo-o|atk|1
|-boost|p2a: Kommo-o|def|1
|-boost|p2a: Kommo-o|spa|1
|-boost|p2a: Kommo-o|spd|1
|-boost|p2a: Kommo-o|spe|1
|-damage|p2a: Kommo-o|61/100
|-enditem|p2a: Kommo-o|Throat Spray
|-boost|p2a: Kommo-o|spa|1
|move|p1a: Toxapex|Haze|p1a: Toxapex
|-clearallboost
|
|-heal|p1a: Toxapex|100/100 brn|[from] item: Black Sludge
|-damage|p1a: Toxapex|94/100 brn|[from] brn
|upkeep
|turn|77
|
|move|p2a: Kommo-o|Clangorous Soul|p2a: Kommo-o
|-boost|p2a: Kommo-o|atk|1
|-boost|p2a: Kommo-o|def|1
|-boost|p2a: Kommo-o|spa|1
|-boost|p2a: Kommo-o|spd|1
|-boost|p2a: Kommo-o|spe|1
|-damage|p2a: Kommo-o|28/100
|move|p1a: Toxapex|Toxic|p2a: Kommo-o
|-status|p2a: Kommo-o|tox
|
|-heal|p1a: Toxapex|100/100 brn|[from] item: Black Sludge
|-damage|p2a: Kommo-o|21/100 tox|[from] psn
|-damage|p1a: Toxapex|94/100 brn|[from] brn
|upkeep
|turn|78
|
|move|p2a: Kommo-o|Clanging Scales|p1a: Toxapex
|-damage|p1a: Toxapex|52/100 brn
|-unboost|p2a: Kommo-o|def|1
|move|p1a: Toxapex|Scald|p2a: Kommo-o
|-resisted|p2a: Kommo-o
|-damage|p2a: Kommo-o|15/100 tox
|
|-heal|p1a: Toxapex|59/100 brn|[from] item: Black Sludge
|-damage|p2a: Kommo-o|3/100 tox|[from] psn
|-damage|p1a: Toxapex|52/100 brn|[from] brn
|upkeep
|turn|79
|
|move|p2a: Kommo-o|Clanging Scales|p1a: Toxapex
|-damage|p1a: Toxapex|5/100 brn
|-unboost|p2a: Kommo-o|def|1
|move|p1a: Toxapex|Recover|p1a: Toxapex
|-heal|p1a: Toxapex|55/100 brn
|
|-heal|p1a: Toxapex|61/100 brn|[from] item: Black Sludge
|-damage|p2a: Kommo-o|0 fnt|[from] psn
|faint|p2a: Kommo-o
|-damage|p1a: Toxapex|55/100 brn|[from] brn
|upkeep
|
|switch|p2a: Mandibuzz|Mandibuzz, F|82/100 tox
|turn|80
|
|move|p2a: Mandibuzz|Defog|p1a: Toxapex
|-unboost|p1a: Toxapex|evasion|1
|-sideend|p1: Largo47|Stealth Rock|[from] move: Defog|[of] p2a: Mandibuzz
|-sideend|p2: groundt|Stealth Rock|[from] move: Defog|[of] p2a: Mandibuzz
|move|p1a: Toxapex|Recover|p1a: Toxapex
|-heal|p1a: Toxapex|100/100 brn
|
|-damage|p2a: Mandibuzz|76/100 tox|[from] psn
|-damage|p1a: Toxapex|94/100 brn|[from] brn
|upkeep
|turn|81
|
|move|p2a: Mandibuzz|U-turn|p1a: Toxapex
|-resisted|p1a: Toxapex
|-crit|p1a: Toxapex
|-damage|p1a: Toxapex|88/100 brn
|
|switch|p2a: Toxapex|Toxapex, M|99/100|[from]move: U-turn
|move|p1a: Toxapex|Scald|p2a: Toxapex
|-resisted|p2a: Toxapex
|-damage|p2a: Toxapex|93/100
|-status|p2a: Toxapex|brn
|
|-heal|p1a: Toxapex|94/100 brn|[from] item: Black Sludge
|-damage|p1a: Toxapex|88/100 brn|[from] brn
|-damage|p2a: Toxapex|87/100 brn|[from] brn
|upkeep
|turn|82
|
|switch|p1a: Dragapult|Dragapult, F|76/100
|move|p2a: Toxapex|Scald|p1a: Dragapult
|-resisted|p1a: Dragapult
|-damage|p1a: Dragapult|65/100
|
|-damage|p2a: Toxapex|81/100 brn|[from] brn
|upkeep
|turn|83
|
|move|p1a: Dragapult|Thunderbolt|p2a: Toxapex
|-supereffective|p2a: Toxapex
|-damage|p2a: Toxapex|21/100 brn
|move|p2a: Toxapex|Haze|p2a: Toxapex
|-clearallboost
|
|-damage|p2a: Toxapex|15/100 brn|[from] brn
|upkeep
|turn|84
|
|move|p1a: Dragapult|Thunderbolt|p2a: Toxapex
|-supereffective|p2a: Toxapex
|-damage|p2a: Toxapex|0 fnt
|faint|p2a: Toxapex
|
|upkeep
|-message|groundt forfeited.
|
|win|Largo47
|l|☆groundt
|c|☆Largo47|Oof
|c|☆Largo47|Gg
|l|☆Largo47
||Ladder (probably) updated, but score could not be retrieved (Response not received).
|error|Unexpected response null from ladder server.
|j|☆Largo47
|player|p1|Largo47|flannery
