|html|<div class="broadcast-blue"><strong>[Gen 8] OU is currently suspecting Melmetal! For information on how to participate check out the <a href="https://www.smogon.com/forums/threads/np-ss-ou-suspect-process-round-12-monster-mash.3709234/">suspect thread</a>.</strong></div>
|j|☆Not Sarcasm
|j|☆IMSOMALD
|t:|1666318851
|gametype|singles
|player|p1|Not Sarcasm|2|1657
|player|p2|IMSOMALD|ethan-masters|1609
|teamsize|p1|6
|teamsize|p2|6
|gen|8
|tier|[Gen 8] OU
|rated|
|rule|Sleep Clause Mod: Limit one foe put to sleep
|rule|Species Clause: Limit one of each Pokémon
|rule|OHKO Clause: OHKO moves are banned
|rule|Evasion Items Clause: Evasion items are banned
|rule|Evasion Moves Clause: Evasion moves are banned
|rule|Endless Battle Clause: Forcing endless battles is banned
|rule|HP Percentage Mod: HP is shown in percentages
|rule|Dynamax Clause: You cannot dynamax
|clearpoke
|poke|p1|Rillaboom, M|
|poke|p1|Tornadus-Therian, M|
|poke|p1|Blaziken, M|
|poke|p1|Melmetal|
|poke|p1|Garchomp, F|
|poke|p1|Slowbro, F|
|poke|p2|Rillaboom, F|
|poke|p2|Tornadus-Therian, M|
|poke|p2|Blaziken, F|
|poke|p2|Melmetal|
|poke|p2|Garchomp, M|
|poke|p2|Slowbro, F|
|teampreview
|inactive|Battle timer is ON: inactive players will automatically lose when time's up. (requested by IMSOMALD)
|
|t:|1666318864
|start
|switch|p1a: Tornadus|Tornadus-Therian, M|100/100
|switch|p2a: Tornadus|Tornadus-Therian, M|100/100
|turn|1
|
|t:|1666318870
|move|p1a: Tornadus|Knock Off|p2a: Tornadus
|-damage|p2a: Tornadus|81/100
|-enditem|p2a: Tornadus|Heavy-Duty Boots|[from] move: Knock Off|[of] p1a: Tornadus
|move|p2a: Tornadus|Knock Off|p1a: Tornadus
|-damage|p1a: Tornadus|78/100
|-enditem|p1a: Tornadus|Heavy-Duty Boots|[from] move: Knock Off|[of] p2a: Tornadus
|
|upkeep
|turn|2
|
|t:|1666318877
|move|p2a: Tornadus|U-turn|p1a: Tornadus
|-resisted|p1a: Tornadus
|-damage|p1a: Tornadus|71/100
|
|t:|1666318891
|switch|p2a: Slowbro|Slowbro, F|100/100|[from]move: U-turn
|move|p1a: Tornadus|Heat Wave|p2a: Slowbro|[miss]
|-miss|p1a: Tornadus|p2a: Slowbro
|
|upkeep
|turn|3
|
|t:|1666318900
|switch|p2a: Garchomp|Garchomp, M|100/100
|move|p1a: Tornadus|Knock Off|p2a: Garchomp
|-crit|p2a: Garchomp
|-damage|p2a: Garchomp|75/100
|-damage|p1a: Tornadus|59/100|[from] ability: Rough Skin|[of] p2a: Garchomp
|-enditem|p2a: Garchomp|Leftovers|[from] move: Knock Off|[of] p1a: Tornadus
|
|upkeep
|turn|4
|
|t:|1666318907
|move|p1a: Tornadus|U-turn|p2a: Garchomp
|-damage|p2a: Garchomp|62/100
|-damage|p1a: Tornadus|46/100|[from] ability: Rough Skin|[of] p2a: Garchomp
|
|t:|1666318911
|switch|p1a: Melmetal|Melmetal|100/100|[from]move: U-turn
|move|p2a: Garchomp|Toxic|p1a: Melmetal
|-immune|p1a: Melmetal
|
|upkeep
|turn|5
|
|t:|1666318919
|switch|p2a: Slowbro|Slowbro, F|100/100
|switch|p1a: Rillaboom|Rillaboom, M|100/100
|-fieldstart|move: Grassy Terrain|[from] ability: Grassy Surge|[of] p1a: Rillaboom
|
|upkeep
|turn|6
|
|t:|1666318927
|switch|p1a: Melmetal|Melmetal|100/100
|switch|p2a: Tornadus|Tornadus-Therian, M|100/100
|
|upkeep
|turn|7
|
|t:|1666318933
|move|p2a: Tornadus|U-turn|p1a: Melmetal
|-resisted|p1a: Melmetal
|-damage|p1a: Melmetal|96/100
|
|t:|1666318934
|switch|p2a: Slowbro|Slowbro, F|100/100|[from]move: U-turn
|move|p1a: Melmetal|Thunder Punch|p2a: Slowbro
|-supereffective|p2a: Slowbro
|-damage|p2a: Slowbro|58/100
|-status|p2a: Slowbro|par
|-damage|p1a: Melmetal|80/100|[from] item: Rocky Helmet|[of] p2a: Slowbro
|
|-heal|p1a: Melmetal|86/100|[from] Grassy Terrain
|-heal|p1a: Melmetal|92/100|[from] item: Leftovers
|-heal|p2a: Slowbro|64/100 par|[from] Grassy Terrain
|upkeep
|turn|8
|
|t:|1666318945
|move|p1a: Melmetal|Double Iron Bash|p2a: Slowbro
|-resisted|p2a: Slowbro
|-damage|p2a: Slowbro|50/100 par
|-damage|p1a: Melmetal|75/100|[from] item: Rocky Helmet|[of] p2a: Slowbro
|-resisted|p2a: Slowbro
|-damage|p2a: Slowbro|36/100 par
|-damage|p1a: Melmetal|59/100|[from] item: Rocky Helmet|[of] p2a: Slowbro
|-hitcount|p2a: Slowbro|2
|cant|p2a: Slowbro|flinch
|
|-heal|p1a: Melmetal|65/100|[from] Grassy Terrain
|-heal|p1a: Melmetal|71/100|[from] item: Leftovers
|-heal|p2a: Slowbro|42/100 par|[from] Grassy Terrain
|upkeep
|turn|9
|
|t:|1666318957
|switch|p2a: Melmetal|Melmetal|100/100
|move|p1a: Melmetal|Double Iron Bash|p2a: Melmetal
|-resisted|p2a: Melmetal
|-damage|p2a: Melmetal|88/100
|-resisted|p2a: Melmetal
|-damage|p2a: Melmetal|75/100
|-hitcount|p2a: Melmetal|2
|
|-heal|p1a: Melmetal|78/100|[from] Grassy Terrain
|-heal|p2a: Melmetal|81/100|[from] Grassy Terrain
|-heal|p1a: Melmetal|84/100|[from] item: Leftovers
|-heal|p2a: Melmetal|88/100|[from] item: Leftovers
|-fieldend|move: Grassy Terrain
|upkeep
|turn|10
|
|t:|1666318968
|switch|p2a: Slowbro|Slowbro, F|76/100 par
|switch|p1a: Slowbro|Slowbro, F|100/100
|
|upkeep
|turn|11
|
|t:|1666318973
|move|p1a: Slowbro|Future Sight|p2a: Slowbro
|-start|p1a: Slowbro|move: Future Sight
|move|p2a: Slowbro|Toxic|p1a: Slowbro
|-status|p1a: Slowbro|tox
|
|-damage|p1a: Slowbro|94/100 tox|[from] psn
|upkeep
|turn|12
|
|t:|1666318979
|switch|p2a: Garchomp|Garchomp, M|62/100
|move|p1a: Slowbro|Teleport|p1a: Slowbro
|
|t:|1666318984
|switch|p1a: Rillaboom|Rillaboom, M|100/100|[from]move: Teleport
|-fieldstart|move: Grassy Terrain|[from] ability: Grassy Surge|[of] p1a: Rillaboom
|
|-heal|p2a: Garchomp|68/100|[from] Grassy Terrain
|upkeep
|turn|13
|
|t:|1666318991
|switch|p2a: Tornadus|Tornadus-Therian, M|100/100
|move|p1a: Rillaboom|Knock Off|p2a: Tornadus
|-damage|p2a: Tornadus|72/100
|
|-end|p2a: Tornadus|move: Future Sight
|-damage|p2a: Tornadus|33/100
|upkeep
|turn|14
|
|t:|1666318998
|move|p1a: Rillaboom|Grassy Glide|p2a: Tornadus
|-resisted|p2a: Tornadus
|-damage|p2a: Tornadus|9/100
|move|p2a: Tornadus|U-turn|p1a: Rillaboom
|-supereffective|p1a: Rillaboom
|-crit|p1a: Rillaboom
|-damage|p1a: Rillaboom|61/100
|
|t:|1666319007
|switch|p2a: Melmetal|Melmetal|88/100|[from]move: U-turn
|
|-heal|p1a: Rillaboom|67/100|[from] Grassy Terrain
|-heal|p1a: Rillaboom|73/100|[from] item: Leftovers
|-heal|p2a: Melmetal|94/100|[from] Grassy Terrain
|-heal|p2a: Melmetal|99/100|[from] item: Leftovers
|upkeep
|turn|15
|
|t:|1666319017
|switch|p1a: Slowbro|Slowbro, F|100/100 tox
|move|p2a: Melmetal|Double Iron Bash|p1a: Slowbro
|-resisted|p1a: Slowbro
|-damage|p1a: Slowbro|88/100 tox
|-damage|p2a: Melmetal|83/100|[from] item: Rocky Helmet|[of] p1a: Slowbro
|-resisted|p1a: Slowbro
|-damage|p1a: Slowbro|77/100 tox
|-damage|p2a: Melmetal|67/100|[from] item: Rocky Helmet|[of] p1a: Slowbro
|-hitcount|p1a: Slowbro|2
|
|-heal|p2a: Melmetal|73/100|[from] Grassy Terrain
|-heal|p2a: Melmetal|79/100|[from] item: Leftovers
|-heal|p1a: Slowbro|83/100 tox|[from] Grassy Terrain
|-damage|p1a: Slowbro|77/100 tox|[from] psn
|upkeep
|turn|16
|
|t:|1666319030
|switch|p2a: Garchomp|Garchomp, M|68/100
|move|p1a: Slowbro|Teleport|p1a: Slowbro
|
|t:|1666319038
|switch|p1a: Melmetal|Melmetal|84/100|[from]move: Teleport
|
|-heal|p2a: Garchomp|74/100|[from] Grassy Terrain
|-heal|p1a: Melmetal|90/100|[from] Grassy Terrain
|-heal|p1a: Melmetal|96/100|[from] item: Leftovers
|-fieldend|move: Grassy Terrain
|upkeep
|turn|17
|
|t:|1666319045
|switch|p2a: Slowbro|Slowbro, F|100/100 par
|move|p1a: Melmetal|Double Iron Bash|p2a: Slowbro
|-resisted|p2a: Slowbro
|-damage|p2a: Slowbro|88/100 par
|-damage|p1a: Melmetal|80/100|[from] item: Rocky Helmet|[of] p2a: Slowbro
|-resisted|p2a: Slowbro
|-damage|p2a: Slowbro|76/100 par
|-damage|p1a: Melmetal|63/100|[from] item: Rocky Helmet|[of] p2a: Slowbro
|-hitcount|p2a: Slowbro|2
|
|-heal|p1a: Melmetal|69/100|[from] item: Leftovers
|upkeep
|turn|18
|
|t:|1666319055
|move|p1a: Melmetal|Thunder Punch|p2a: Slowbro
|-supereffective|p2a: Slowbro
|-damage|p2a: Slowbro|34/100 par
|-damage|p1a: Melmetal|53/100|[from] item: Rocky Helmet|[of] p2a: Slowbro
|move|p2a: Slowbro|Teleport|p2a: Slowbro
|
|t:|1666319068
|switch|p2a: Tornadus|Tornadus-Therian, M|42/100|[from]move: Teleport
|
|-heal|p1a: Melmetal|59/100|[from] item: Leftovers
|upkeep
|turn|19
|
|t:|1666319073
|switch|p2a: Slowbro|Slowbro, F|67/100 par
|move|p1a: Melmetal|Protect||[still]
|-fail|p1a: Melmetal
|
|-heal|p1a: Melmetal|65/100|[from] item: Leftovers
|upkeep
|turn|20
|
|t:|1666319084
|switch|p2a: Melmetal|Melmetal|79/100
|move|p1a: Melmetal|Thunder Punch|p2a: Melmetal
|-damage|p2a: Melmetal|56/100
|
|-heal|p1a: Melmetal|72/100|[from] item: Leftovers
|-heal|p2a: Melmetal|63/100|[from] item: Leftovers
|upkeep
|turn|21
|
|t:|1666319093
|switch|p1a: Slowbro|Slowbro, F|100/100 tox
|switch|p2a: Slowbro|Slowbro, F|99/100 par
|
|-damage|p1a: Slowbro|94/100 tox|[from] psn
|upkeep
|turn|22
|
|t:|1666319100
|switch|p2a: Garchomp|Garchomp, M|74/100
|move|p1a: Slowbro|Future Sight|p2a: Garchomp
|-start|p1a: Slowbro|move: Future Sight
|
|-damage|p1a: Slowbro|82/100 tox|[from] psn
|upkeep
|turn|23
|
|t:|1666319105
|move|p2a: Garchomp|Stealth Rock|p1a: Slowbro
|-sidestart|p1: Not Sarcasm|move: Stealth Rock
|move|p1a: Slowbro|Toxic|p2a: Garchomp
|-status|p2a: Garchomp|tox
|
|-damage|p2a: Garchomp|68/100 tox|[from] psn
|-damage|p1a: Slowbro|64/100 tox|[from] psn
|upkeep
|turn|24
|
|t:|1666319113
|switch|p2a: Slowbro|Slowbro, F|100/100 par
|move|p1a: Slowbro|Teleport|p1a: Slowbro
|
|t:|1666319116
|switch|p1a: Tornadus|Tornadus-Therian, M|80/100|[from]move: Teleport
|-damage|p1a: Tornadus|55/100|[from] Stealth Rock
|
|-end|p2a: Slowbro|move: Future Sight
|-resisted|p2a: Slowbro
|-damage|p2a: Slowbro|78/100 par
|upkeep
|turn|25
|
|t:|1666319129
|switch|p2a: Tornadus|Tornadus-Therian, M|75/100
|move|p1a: Tornadus|Knock Off|p2a: Tornadus
|-damage|p2a: Tornadus|61/100
|
|upkeep
|turn|26
|
|t:|1666319134
|move|p2a: Tornadus|Heat Wave|p1a: Tornadus
|-damage|p1a: Tornadus|31/100
|-status|p1a: Tornadus|brn
|move|p1a: Tornadus|Defog|p2a: Tornadus
|-unboost|p2a: Tornadus|evasion|1
|-sideend|p1: Not Sarcasm|Stealth Rock|[from] move: Defog|[of] p1a: Tornadus
|
|-damage|p1a: Tornadus|25/100 brn|[from] brn
|upkeep
|turn|27
|c|☆Not Sarcasm|come on
|
|t:|1666319142
|move|p2a: Tornadus|Knock Off|p1a: Tornadus
|-damage|p1a: Tornadus|11/100 brn
|move|p1a: Tornadus|U-turn|p2a: Tornadus
|-resisted|p2a: Tornadus
|-damage|p2a: Tornadus|58/100
|
|t:|1666319148
|switch|p1a: Melmetal|Melmetal|72/100|[from]move: U-turn
|
|-heal|p1a: Melmetal|78/100|[from] item: Leftovers
|upkeep
|turn|28
|
|t:|1666319155
|switch|p1a: Rillaboom|Rillaboom, M|73/100
|-fieldstart|move: Grassy Terrain|[from] ability: Grassy Surge|[of] p1a: Rillaboom
|move|p2a: Tornadus|U-turn|p1a: Rillaboom
|-supereffective|p1a: Rillaboom
|-damage|p1a: Rillaboom|47/100
|
|t:|1666319158
|switch|p2a: Melmetal|Melmetal|63/100|[from]move: U-turn
|
|-heal|p1a: Rillaboom|53/100|[from] Grassy Terrain
|-heal|p1a: Rillaboom|59/100|[from] item: Leftovers
|-heal|p2a: Melmetal|69/100|[from] Grassy Terrain
|-heal|p2a: Melmetal|75/100|[from] item: Leftovers
|upkeep
|turn|29
|
|t:|1666319167
|switch|p1a: Garchomp|Garchomp, F|100/100
|move|p2a: Melmetal|Double Iron Bash|p1a: Garchomp
|-damage|p1a: Garchomp|64/100
|-damage|p2a: Melmetal|63/100|[from] ability: Rough Skin|[of] p1a: Garchomp
|-damage|p1a: Garchomp|27/100
|-damage|p2a: Melmetal|50/100|[from] ability: Rough Skin|[of] p1a: Garchomp
|-hitcount|p1a: Garchomp|2
|
|-heal|p1a: Garchomp|33/100|[from] Grassy Terrain
|-heal|p1a: Garchomp|39/100|[from] item: Leftovers
|-heal|p2a: Melmetal|56/100|[from] Grassy Terrain
|-heal|p2a: Melmetal|63/100|[from] item: Leftovers
|upkeep
|turn|30
|
|t:|1666319180
|move|p1a: Garchomp|Protect|p1a: Garchomp
|-singleturn|p1a: Garchomp|Protect
|move|p2a: Melmetal|Double Iron Bash|p1a: Garchomp
|-activate|p1a: Garchomp|move: Protect
|
|-heal|p1a: Garchomp|46/100|[from] Grassy Terrain
|-heal|p1a: Garchomp|52/100|[from] item: Leftovers
|-heal|p2a: Melmetal|69/100|[from] Grassy Terrain
|-heal|p2a: Melmetal|75/100|[from] item: Leftovers
|upkeep
|turn|31
|
|t:|1666319190
|switch|p1a: Slowbro|Slowbro, F|97/100 tox
|move|p2a: Melmetal|Double Iron Bash|p1a: Slowbro
|-resisted|p1a: Slowbro
|-damage|p1a: Slowbro|85/100 tox
|-damage|p2a: Melmetal|58/100|[from] item: Rocky Helmet|[of] p1a: Slowbro
|-resisted|p1a: Slowbro
|-damage|p1a: Slowbro|73/100 tox
|-damage|p2a: Melmetal|42/100|[from] item: Rocky Helmet|[of] p1a: Slowbro
|-hitcount|p1a: Slowbro|2
|
|-heal|p2a: Melmetal|48/100|[from] Grassy Terrain
|-heal|p2a: Melmetal|54/100|[from] item: Leftovers
|-heal|p1a: Slowbro|79/100 tox|[from] Grassy Terrain
|-damage|p1a: Slowbro|73/100 tox|[from] psn
|upkeep
|turn|32
|
|t:|1666319203
|switch|p2a: Garchomp|Garchomp, M|68/100 tox
|move|p1a: Slowbro|Teleport|p1a: Slowbro
|
|t:|1666319210
|switch|p1a: Garchomp|Garchomp, F|52/100|[from]move: Teleport
|
|-heal|p2a: Garchomp|74/100 tox|[from] Grassy Terrain
|-heal|p1a: Garchomp|58/100|[from] Grassy Terrain
|-heal|p1a: Garchomp|64/100|[from] item: Leftovers
|-damage|p2a: Garchomp|68/100 tox|[from] psn
|-fieldend|move: Grassy Terrain
|upkeep
|turn|33
|
|t:|1666319219
|switch|p1a: Slowbro|Slowbro, F|100/100 tox
|move|p2a: Garchomp|Stealth Rock|p1a: Slowbro
|-sidestart|p1: Not Sarcasm|move: Stealth Rock
|
|-damage|p2a: Garchomp|56/100 tox|[from] psn
|-damage|p1a: Slowbro|94/100 tox|[from] psn
|upkeep
|turn|34
|
|t:|1666319230
|switch|p2a: Tornadus|Tornadus-Therian, M|91/100
|move|p1a: Slowbro|Future Sight|p2a: Tornadus
|-start|p1a: Slowbro|move: Future Sight
|
|-damage|p1a: Slowbro|82/100 tox|[from] psn
|upkeep
|turn|35
|
|t:|1666319239
|move|p2a: Tornadus|Knock Off|p1a: Slowbro
|-supereffective|p1a: Slowbro
|-damage|p1a: Slowbro|58/100 tox
|-damage|p2a: Tornadus|74/100|[from] item: Rocky Helmet|[of] p1a: Slowbro
|-enditem|p1a: Slowbro|Rocky Helmet|[from] move: Knock Off|[of] p2a: Tornadus
|move|p1a: Slowbro|Toxic|p2a: Tornadus
|-status|p2a: Tornadus|tox
|
|-damage|p2a: Tornadus|68/100 tox|[from] psn
|-damage|p1a: Slowbro|40/100 tox|[from] psn
|upkeep
|turn|36
|
|t:|1666319247
|move|p2a: Tornadus|U-turn|p1a: Slowbro
|-supereffective|p1a: Slowbro
|-damage|p1a: Slowbro|21/100 tox
|
|t:|1666319252
|switch|p2a: Slowbro|Slowbro, F|100/100 par|[from]move: U-turn
|move|p1a: Slowbro|Teleport|p1a: Slowbro
|
|t:|1666319256
|switch|p1a: Garchomp|Garchomp, F|64/100|[from]move: Teleport
|-damage|p1a: Garchomp|58/100|[from] Stealth Rock
|
|-end|p2a: Slowbro|move: Future Sight
|-resisted|p2a: Slowbro
|-damage|p2a: Slowbro|78/100 par
|-heal|p1a: Garchomp|64/100|[from] item: Leftovers
|upkeep
|turn|37
|
|t:|1666319263
|move|p1a: Garchomp|Stealth Rock|p2a: Slowbro
|-sidestart|p2: IMSOMALD|move: Stealth Rock
|cant|p2a: Slowbro|par
|
|-heal|p1a: Garchomp|71/100|[from] item: Leftovers
|upkeep
|turn|38
|
|t:|1666319270
|move|p1a: Garchomp|Protect|p1a: Garchomp
|-singleturn|p1a: Garchomp|Protect
|cant|p2a: Slowbro|par
|
|-heal|p1a: Garchomp|77/100|[from] item: Leftovers
|upkeep
|turn|39
|
|t:|1666319277
|switch|p1a: Melmetal|Melmetal|78/100
|-damage|p1a: Melmetal|72/100|[from] Stealth Rock
|move|p2a: Slowbro|Toxic|p1a: Melmetal
|-immune|p1a: Melmetal
|
|-heal|p1a: Melmetal|78/100|[from] item: Leftovers
|upkeep
|turn|40
|
|t:|1666319284
|move|p1a: Melmetal|Thunder Punch|p2a: Slowbro
|-supereffective|p2a: Slowbro
|-damage|p2a: Slowbro|38/100 par
|-damage|p1a: Melmetal|61/100|[from] item: Rocky Helmet|[of] p2a: Slowbro
|move|p2a: Slowbro|Scald|p1a: Melmetal
|-damage|p1a: Melmetal|36/100
|-status|p1a: Melmetal|brn
|
|-heal|p1a: Melmetal|42/100 brn|[from] item: Leftovers
|-damage|p1a: Melmetal|36/100 brn|[from] brn
|upkeep
|turn|41
|c|☆Not Sarcasm|yup
|c|☆Not Sarcasm|of course you do
|c|☆Not Sarcasm|2 for 2
|
|t:|1666319304
|switch|p2a: Garchomp|Garchomp, M|56/100 tox
|-damage|p2a: Garchomp|49/100 tox|[from] Stealth Rock
|move|p1a: Melmetal|Superpower|p2a: Garchomp
|-damage|p2a: Garchomp|30/100 tox
|-unboost|p1a: Melmetal|atk|1
|-unboost|p1a: Melmetal|def|1
|-damage|p1a: Melmetal|24/100 brn|[from] ability: Rough Skin|[of] p2a: Garchomp
|
|-heal|p1a: Melmetal|30/100 brn|[from] item: Leftovers
|-damage|p2a: Garchomp|24/100 tox|[from] psn
|-damage|p1a: Melmetal|24/100 brn|[from] brn
|upkeep
|turn|42
|c|☆IMSOMALD|you just got 2 paras what
|inactive|IMSOMALD has 120 seconds left.
|c|☆Not Sarcasm|and those don't matter at all
|c|☆Not Sarcasm|burning my torn
|c|☆IMSOMALD|toxic'd the chomp
|c|☆Not Sarcasm|idc if you toxic chomp
|inactive|IMSOMALD has 90 seconds left.
|c|☆Not Sarcasm|its not how I am beating you
|c|☆IMSOMALD|it chips it down burnt torn means it can't get toxic'd
|
|t:|1666319378
|switch|p2a: Slowbro|Slowbro, F|71/100 par
|-damage|p2a: Slowbro|59/100 par|[from] Stealth Rock
|move|p1a: Melmetal|Protect||[still]
|-fail|p1a: Melmetal
|
|-heal|p1a: Melmetal|30/100 brn|[from] item: Leftovers
|-damage|p1a: Melmetal|24/100 brn|[from] brn
|upkeep
|turn|43
|
|t:|1666319398
|switch|p1a: Slowbro|Slowbro, F|55/100 tox
|-damage|p1a: Slowbro|42/100 tox|[from] Stealth Rock
|move|p2a: Slowbro|Teleport|p2a: Slowbro
|inactive|IMSOMALD has 60 seconds left.
|
|t:|1666319414
|switch|p2a: Melmetal|Melmetal|54/100|[from]move: Teleport
|-damage|p2a: Melmetal|48/100|[from] Stealth Rock
|
|-heal|p2a: Melmetal|54/100|[from] item: Leftovers
|-damage|p1a: Slowbro|36/100 tox|[from] psn
|upkeep
|turn|44
|inactive|IMSOMALD has 60 seconds left.
|
|t:|1666319422
|switch|p1a: Garchomp|Garchomp, F|77/100
|-damage|p1a: Garchomp|71/100|[from] Stealth Rock
|move|p2a: Melmetal|Double Iron Bash|p1a: Garchomp
|-damage|p1a: Garchomp|30/100
|-damage|p2a: Melmetal|42/100|[from] ability: Rough Skin|[of] p1a: Garchomp
|-damage|p1a: Garchomp|0 fnt
|-damage|p2a: Melmetal|29/100|[from] ability: Rough Skin|[of] p1a: Garchomp
|faint|p1a: Garchomp
|-hitcount|p1: Garchomp|2
|
|-heal|p2a: Melmetal|36/100|[from] item: Leftovers
|upkeep
|
|t:|1666319435
|switch|p1a: Slowbro|Slowbro, F|69/100 tox
|-damage|p1a: Slowbro|57/100 tox|[from] Stealth Rock
|turn|45
|
|t:|1666319444
|switch|p2a: Slowbro|Slowbro, F|92/100 par
|-damage|p2a: Slowbro|79/100 par|[from] Stealth Rock
|move|p1a: Slowbro|Teleport|p1a: Slowbro
|
|t:|1666319448
|switch|p1a: Rillaboom|Rillaboom, M|59/100|[from]move: Teleport
|-damage|p1a: Rillaboom|47/100|[from] Stealth Rock
|-fieldstart|move: Grassy Terrain|[from] ability: Grassy Surge|[of] p1a: Rillaboom
|
|-heal|p1a: Rillaboom|53/100|[from] Grassy Terrain
|-heal|p1a: Rillaboom|59/100|[from] item: Leftovers
|-heal|p2a: Slowbro|86/100 par|[from] Grassy Terrain
|upkeep
|turn|46
|
|t:|1666319458
|switch|p2a: Tornadus|Tornadus-Therian, M|100/100 tox
|-damage|p2a: Tornadus|76/100 tox|[from] Stealth Rock
|move|p1a: Rillaboom|Grassy Glide|p2a: Tornadus
|-resisted|p2a: Tornadus
|-damage|p2a: Tornadus|47/100 tox
|
|-heal|p1a: Rillaboom|66/100|[from] Grassy Terrain
|-heal|p1a: Rillaboom|72/100|[from] item: Leftovers
|-damage|p2a: Tornadus|41/100 tox|[from] psn
|upkeep
|turn|47
|
|t:|1666319470
|switch|p1a: Melmetal|Melmetal|24/100 brn
|-damage|p1a: Melmetal|17/100 brn|[from] Stealth Rock
|move|p2a: Tornadus|U-turn|p1a: Melmetal
|-resisted|p1a: Melmetal
|-damage|p1a: Melmetal|13/100 brn
|inactive|IMSOMALD has 90 seconds left.
|
|t:|1666319476
|switch|p2a: Melmetal|Melmetal|36/100|[from]move: U-turn
|-damage|p2a: Melmetal|29/100|[from] Stealth Rock
|
|-heal|p2a: Melmetal|36/100|[from] Grassy Terrain
|-heal|p1a: Melmetal|19/100 brn|[from] Grassy Terrain
|-heal|p2a: Melmetal|42/100|[from] item: Leftovers
|-heal|p1a: Melmetal|25/100 brn|[from] item: Leftovers
|-damage|p1a: Melmetal|19/100 brn|[from] brn
|upkeep
|turn|48
|inactive|IMSOMALD has 90 seconds left.
|
|t:|1666319487
|move|p2a: Melmetal|Protect|p2a: Melmetal
|-singleturn|p2a: Melmetal|Protect
|move|p1a: Melmetal|Superpower|p2a: Melmetal
|-activate|p2a: Melmetal|move: Protect
|
|-heal|p1a: Melmetal|25/100 brn|[from] Grassy Terrain
|-heal|p2a: Melmetal|48/100|[from] Grassy Terrain
|-heal|p2a: Melmetal|54/100|[from] item: Leftovers
|-heal|p1a: Melmetal|32/100 brn|[from] item: Leftovers
|-damage|p1a: Melmetal|25/100 brn|[from] brn
|upkeep
|turn|49
|
|t:|1666319498
|switch|p1a: Slowbro|Slowbro, F|90/100 tox
|-damage|p1a: Slowbro|78/100 tox|[from] Stealth Rock
|move|p2a: Melmetal|Thunder Punch|p1a: Slowbro
|-supereffective|p1a: Slowbro
|-damage|p1a: Slowbro|31/100 tox
|
|-heal|p2a: Melmetal|61/100|[from] Grassy Terrain
|-heal|p2a: Melmetal|67/100|[from] item: Leftovers
|-heal|p1a: Slowbro|37/100 tox|[from] Grassy Terrain
|-damage|p1a: Slowbro|31/100 tox|[from] psn
|-fieldend|move: Grassy Terrain
|upkeep
|turn|50
|
|t:|1666319509
|switch|p1a: Melmetal|Melmetal|25/100 brn
|-damage|p1a: Melmetal|19/100 brn|[from] Stealth Rock
|move|p2a: Melmetal|Double Iron Bash|p1a: Melmetal
|-resisted|p1a: Melmetal
|-damage|p1a: Melmetal|6/100 brn
|-resisted|p1a: Melmetal
|-crit|p1a: Melmetal
|-damage|p1a: Melmetal|0 fnt
|faint|p1a: Melmetal
|-hitcount|p1: Melmetal|2
|
|-heal|p2a: Melmetal|73/100|[from] item: Leftovers
|upkeep
|
|t:|1666319519
|switch|p1a: Blaziken|Blaziken, M|100/100
|-damage|p1a: Blaziken|88/100|[from] Stealth Rock
|turn|51
|
|t:|1666319528
|switch|p2a: Slowbro|Slowbro, F|100/100 par
|-damage|p2a: Slowbro|88/100 par|[from] Stealth Rock
|move|p1a: Blaziken|Close Combat|p2a: Slowbro
|-resisted|p2a: Slowbro
|-damage|p2a: Slowbro|68/100 par
|-unboost|p1a: Blaziken|def|1
|-unboost|p1a: Blaziken|spd|1
|-damage|p1a: Blaziken|71/100|[from] item: Rocky Helmet|[of] p2a: Slowbro
|
|-heal|p1a: Blaziken|78/100|[from] item: Leftovers
|-ability|p1a: Blaziken|Speed Boost|boost
|-boost|p1a: Blaziken|spe|1
|upkeep
|turn|52
|
|t:|1666319539
|move|p1a: Blaziken|Swords Dance|p1a: Blaziken
|-boost|p1a: Blaziken|atk|2
|move|p2a: Slowbro|Toxic|p1a: Blaziken
|-status|p1a: Blaziken|tox
|
|-heal|p1a: Blaziken|84/100 tox|[from] item: Leftovers
|-damage|p1a: Blaziken|78/100 tox|[from] psn
|-ability|p1a: Blaziken|Speed Boost|boost
|-boost|p1a: Blaziken|spe|1
|upkeep
|turn|53
|
|t:|1666319548
|move|p1a: Blaziken|Close Combat|p2a: Slowbro
|-resisted|p2a: Slowbro
|-damage|p2a: Slowbro|27/100 par
|-unboost|p1a: Blaziken|def|1
|-unboost|p1a: Blaziken|spd|1
|-damage|p1a: Blaziken|61/100 tox|[from] item: Rocky Helmet|[of] p2a: Slowbro
|move|p2a: Slowbro|Scald|p1a: Blaziken
|-supereffective|p1a: Blaziken
|-damage|p1a: Blaziken|0 fnt
|faint|p1a: Blaziken
|
|upkeep
|
|t:|1666319558
|switch|p1a: Rillaboom|Rillaboom, M|72/100
|-damage|p1a: Rillaboom|59/100|[from] Stealth Rock
|-fieldstart|move: Grassy Terrain|[from] ability: Grassy Surge|[of] p1a: Rillaboom
|turn|54
|
|t:|1666319567
|switch|p2a: Garchomp|Garchomp, M|24/100 tox
|-damage|p2a: Garchomp|18/100 tox|[from] Stealth Rock
|move|p1a: Rillaboom|Swords Dance|p1a: Rillaboom
|-boost|p1a: Rillaboom|atk|2
|
|-heal|p2a: Garchomp|24/100 tox|[from] Grassy Terrain
|-heal|p1a: Rillaboom|66/100|[from] Grassy Terrain
|-heal|p1a: Rillaboom|72/100|[from] item: Leftovers
|-damage|p2a: Garchomp|18/100 tox|[from] psn
|upkeep
|turn|55
|
|t:|1666319579
|move|p1a: Rillaboom|Grassy Glide|p2a: Garchomp
|-damage|p2a: Garchomp|0 fnt
|-damage|p1a: Rillaboom|59/100|[from] ability: Rough Skin|[of] p2a: Garchomp
|faint|p2a: Garchomp
|
|-heal|p1a: Rillaboom|66/100|[from] Grassy Terrain
|-heal|p1a: Rillaboom|72/100|[from] item: Leftovers
|upkeep
|
|t:|1666319584
|switch|p2a: Blaziken|Blaziken, F|100/100
|-damage|p2a: Blaziken|88/100|[from] Stealth Rock
|turn|56
|
|t:|1666319593
|switch|p1a: Slowbro|Slowbro, F|64/100 tox
|-damage|p1a: Slowbro|52/100 tox|[from] Stealth Rock
|move|p2a: Blaziken|Protect||[still]
|-fail|p2a: Blaziken
|
|-heal|p2a: Blaziken|94/100|[from] Grassy Terrain
|-heal|p2a: Blaziken|100/100|[from] item: Leftovers
|-heal|p1a: Slowbro|58/100 tox|[from] Grassy Terrain
|-damage|p1a: Slowbro|52/100 tox|[from] psn
|-ability|p2a: Blaziken|Speed Boost|boost
|-boost|p2a: Blaziken|spe|1
|upkeep
|turn|57
|
|t:|1666319604
|switch|p2a: Slowbro|Slowbro, F|60/100 par
|-damage|p2a: Slowbro|47/100 par|[from] Stealth Rock
|move|p1a: Slowbro|Future Sight|p2a: Slowbro
|-start|p1a: Slowbro|move: Future Sight
|
|-heal|p1a: Slowbro|58/100 tox|[from] Grassy Terrain
|-heal|p2a: Slowbro|54/100 par|[from] Grassy Terrain
|-damage|p1a: Slowbro|46/100 tox|[from] psn
|upkeep
|turn|58
|
|t:|1666319615
|switch|p1a: Rillaboom|Rillaboom, M|72/100
|-damage|p1a: Rillaboom|59/100|[from] Stealth Rock
|move|p2a: Slowbro|Future Sight|p1a: Rillaboom
|-start|p2a: Slowbro|move: Future Sight
|
|-heal|p1a: Rillaboom|66/100|[from] Grassy Terrain
|-heal|p1a: Rillaboom|72/100|[from] item: Leftovers
|-heal|p2a: Slowbro|60/100 par|[from] Grassy Terrain
|-fieldend|move: Grassy Terrain
|upkeep
|turn|59
|
|t:|1666319623
|switch|p2a: Tornadus|Tornadus-Therian, M|74/100 tox
|-damage|p2a: Tornadus|49/100 tox|[from] Stealth Rock
|move|p1a: Rillaboom|Knock Off|p2a: Tornadus
|-damage|p2a: Tornadus|24/100 tox
|
|-end|p2a: Tornadus|move: Future Sight
|-damage|p2a: Tornadus|0 fnt
|faint|p2a: Tornadus
|-heal|p1a: Rillaboom|78/100|[from] item: Leftovers
|upkeep
|
|t:|1666319643
|switch|p2a: Melmetal|Melmetal|73/100
|-damage|p2a: Melmetal|67/100|[from] Stealth Rock
|turn|60
|
|t:|1666319651
|move|p1a: Rillaboom|Knock Off|p2a: Melmetal
|-damage|p2a: Melmetal|46/100
|-enditem|p2a: Melmetal|Leftovers|[from] move: Knock Off|[of] p1a: Rillaboom
|move|p2a: Melmetal|Double Iron Bash|p1a: Rillaboom
|-damage|p1a: Rillaboom|38/100
|-damage|p1a: Rillaboom|0 fnt
|faint|p1a: Rillaboom
|-hitcount|p1: Rillaboom|2
|
|-hint|Future Sight did not hit because the target is fainted.
|upkeep
|
|t:|1666319659
|switch|p1a: Tornadus|Tornadus-Therian, M|44/100 brn
|-damage|p1a: Tornadus|20/100 brn|[from] Stealth Rock
|turn|61
|
|t:|1666319666
|switch|p2a: Slowbro|Slowbro, F|93/100 par
|-damage|p2a: Slowbro|80/100 par|[from] Stealth Rock
|move|p1a: Tornadus|Heat Wave|p2a: Slowbro
|-resisted|p2a: Slowbro
|-damage|p2a: Slowbro|69/100 par
|
|-damage|p1a: Tornadus|13/100 brn|[from] brn
|upkeep
|turn|62
|
|t:|1666319675
|move|p1a: Tornadus|Defog|p2a: Slowbro
|-unboost|p2a: Slowbro|evasion|1
|-sideend|p2: IMSOMALD|Stealth Rock|[from] move: Defog|[of] p1a: Tornadus
|-sideend|p1: Not Sarcasm|Stealth Rock|[from] move: Defog|[of] p1a: Tornadus
|move|p2a: Slowbro|Teleport|p2a: Slowbro
|
|t:|1666319679
|switch|p2a: Rillaboom|Rillaboom, F|100/100|[from]move: Teleport
|-fieldstart|move: Grassy Terrain|[from] ability: Grassy Surge|[of] p2a: Rillaboom
|
|-damage|p1a: Tornadus|7/100 brn|[from] brn
|upkeep
|turn|63
|c|☆Not Sarcasm|i choked even tho I am superior
|c|☆Not Sarcasm|had it locked
|-message|Not Sarcasm forfeited.
|
|win|IMSOMALD
|raw|Not Sarcasm's rating: 1657 &rarr; <strong>1634</strong><br />(-23 for losing)
|raw|IMSOMALD's rating: 1609 &rarr; <strong>1632</strong><br />(+23 for winning)
|l|☆Not Sarcasm
|c|☆IMSOMALD|the ditto is rlly lame
|c|☆IMSOMALD|played it before not fun
