|j|☆minimax_ai
|j|☆Raph369
|t:|1663532013
|gametype|singles
|player|p1|minimax_ai|lusamine-nihilego|1620
|player|p2|Raph369|rocketgrunt|1626
|teamsize|p1|6
|teamsize|p2|6
|gen|8
|tier|[Gen 8] OU
|rated|
|rule|Sleep Clause Mod: Limit one foe put to sleep
|rule|Species Clause: Limit one of each Pokémon
|rule|OHKO Clause: OHKO moves are banned
|rule|Evasion Items Clause: Evasion items are banned
|rule|Evasion Moves Clause: Evasion moves are banned
|rule|Endless Battle Clause: Forcing endless battles is banned
|rule|HP Percentage Mod: HP is shown in percentages
|rule|Dynamax Clause: You cannot dynamax
|clearpoke
|poke|p1|Rotom-Wash|
|poke|p1|Weavile, F|
|poke|p1|Landorus-Therian, M|
|poke|p1|Heatran, M|
|poke|p1|Tangrowth, F|
|poke|p1|Melmetal|
|poke|p2|Heracross, M|
|poke|p2|Clefable, M|
|poke|p2|Dragapult, F|
|poke|p2|Landorus-Therian, M|
|poke|p2|Rotom-Wash|
|poke|p2|Ferrothorn, M|
|teampreview
|c|☆minimax_ai|hf
|inactive|Battle timer is ON: inactive players will automatically lose when time's up. (requested by minimax_ai)
|c|☆Raph369|hf
|j| born with aids
|
|t:|1663532044
|start
|switch|p1a: Weavile|Weavile, F|100/100
|switch|p2a: Rotom|Rotom-Wash|100/100
|-ability|p1a: Weavile|Pressure
|turn|1
|l| born with aids
|
|t:|1663532048
|switch|p1a: rotomwash|Rotom-Wash|100/100
|switch|p2a: Clefable|Clefable, M|100/100
|
|upkeep
|turn|2
|
|t:|1663532050
|move|p1a: rotomwash|Nasty Plot|p1a: rotomwash
|-boost|p1a: rotomwash|spa|2
|move|p2a: Clefable|Moonblast|p1a: rotomwash
|-damage|p1a: rotomwash|69/100
|-unboost|p1a: rotomwash|spa|1
|
|-heal|p1a: rotomwash|75/100|[from] item: Leftovers
|upkeep
|turn|3
|
|t:|1663532056
|switch|p2a: Ferrothorn|Ferrothorn, M|100/100
|move|p1a: rotomwash|Hydro Pump|p2a: Ferrothorn
|-resisted|p2a: Ferrothorn
|-damage|p2a: Ferrothorn|74/100
|
|-heal|p1a: rotomwash|81/100|[from] item: Leftovers
|-heal|p2a: Ferrothorn|80/100|[from] item: Leftovers
|upkeep
|turn|4
|
|t:|1663532059
|switch|p1a: Heatran|Heatran, M|100/100
|-item|p1a: Heatran|Air Balloon
|move|p2a: Ferrothorn|Leech Seed|p1a: Heatran
|-start|p1a: Heatran|move: Leech Seed
|
|-heal|p2a: Ferrothorn|86/100|[from] item: Leftovers
|-damage|p1a: Heatran|88/100|[from] Leech Seed|[of] p2a: Ferrothorn
|-heal|p2a: Ferrothorn|97/100|[silent]
|upkeep
|turn|5
|
|t:|1663532064
|switch|p2a: Rotom|Rotom-Wash|100/100
|move|p1a: Heatran|Magma Storm|p2a: Rotom
|-resisted|p2a: Rotom
|-damage|p2a: Rotom|79/100
|-activate|p2a: Rotom|move: Magma Storm|[of] p1a: Heatran
|
|-heal|p2a: Rotom|85/100|[from] item: Leftovers
|-damage|p1a: Heatran|76/100|[from] Leech Seed|[of] p2a: Rotom
|-heal|p2a: Rotom|98/100|[silent]
|-damage|p2a: Rotom|86/100|[from] move: Magma Storm|[partiallytrapped]
|upkeep
|turn|6
|
|t:|1663532068
|switch|p1a: rotomwash|Rotom-Wash|81/100
|move|p2a: Rotom|Volt Switch|p1a: rotomwash
|-damage|p1a: rotomwash|54/100
|
|t:|1663532071
|switch|p2a: Heracross|Heracross, M|100/100|[from]move: Volt Switch
|
|-heal|p1a: rotomwash|61/100|[from] item: Leftovers
|-status|p2a: Heracross|brn|[from] item: Flame Orb
|upkeep
|turn|7
|
|t:|1663532077
|move|p1a: rotomwash|Thunderbolt|p2a: Heracross
|-damage|p2a: Heracross|67/100 brn
|move|p2a: Heracross|Swords Dance|p2a: Heracross
|-boost|p2a: Heracross|atk|2
|
|-heal|p1a: rotomwash|67/100|[from] item: Leftovers
|-damage|p2a: Heracross|61/100 brn|[from] brn
|upkeep
|turn|8
|
|t:|1663532080
|move|p1a: rotomwash|Thunderbolt|p2a: Heracross
|-damage|p2a: Heracross|25/100 brn
|move|p2a: Heracross|Knock Off|p1a: rotomwash
|-crit|p1a: rotomwash
|-damage|p1a: rotomwash|0 fnt
|-enditem|p1a: rotomwash|Leftovers|[from] move: Knock Off|[of] p2a: Heracross
|faint|p1a: rotomwash
|
|-damage|p2a: Heracross|19/100 brn|[from] brn
|upkeep
|
|t:|1663532080
|switch|p1a: Weavile|Weavile, F|100/100
|-ability|p1a: Weavile|Pressure
|turn|9
|
|t:|1663532082
|switch|p2a: Clefable|Clefable, M|100/100
|move|p1a: Weavile|Knock Off|p2a: Clefable
|-resisted|p2a: Clefable
|-damage|p2a: Clefable|75/100
|-damage|p1a: Weavile|84/100|[from] item: Rocky Helmet|[of] p2a: Clefable
|-enditem|p2a: Clefable|Rocky Helmet|[from] move: Knock Off|[of] p1a: Weavile
|
|upkeep
|turn|10
|
|t:|1663532091
|switch|p1a: Melmetal|Melmetal|100/100
|move|p2a: Clefable|Soft-Boiled|p2a: Clefable
|-heal|p2a: Clefable|100/100
|
|upkeep
|turn|11
|
|t:|1663532096
|switch|p2a: Rotom|Rotom-Wash|86/100
|move|p1a: Melmetal|Ice Punch|p2a: Rotom
|-resisted|p2a: Rotom
|-damage|p2a: Rotom|68/100
|-status|p2a: Rotom|frz
|
|-heal|p2a: Rotom|74/100 frz|[from] item: Leftovers
|upkeep
|turn|12
|
|t:|1663532103
|-curestatus|p2a: Rotom|frz|[msg]
|move|p2a: Rotom|Volt Switch|p1a: Melmetal
|-damage|p1a: Melmetal|87/100
|
|t:|1663532107
|switch|p2a: Landorus|Landorus-Therian, M|100/100|[from]move: Volt Switch
|-ability|p2a: Landorus|Intimidate|boost
|-unboost|p1a: Melmetal|atk|1
|move|p1a: Melmetal|Ice Punch|p2a: Landorus
|-supereffective|p2a: Landorus
|-damage|p2a: Landorus|10/100
|
|-heal|p2a: Landorus|16/100|[from] item: Leftovers
|upkeep
|turn|13
|
|t:|1663532115
|move|p2a: Landorus|Earthquake|p1a: Melmetal
|-supereffective|p1a: Melmetal
|-crit|p1a: Melmetal
|-damage|p1a: Melmetal|10/100
|move|p1a: Melmetal|Ice Punch|p2a: Landorus
|-supereffective|p2a: Landorus
|-damage|p2a: Landorus|0 fnt
|faint|p2a: Landorus
|
|upkeep
|
|t:|1663532118
|switch|p2a: Heracross|Heracross, M|19/100 brn
|turn|14
|
|t:|1663532125
|switch|p1a: Tangrowth|Tangrowth, F|100/100
|move|p2a: Heracross|Facade|p1a: Tangrowth
|-crit|p1a: Tangrowth
|-damage|p1a: Tangrowth|45/100
|-damage|p2a: Heracross|2/100 brn|[from] item: Rocky Helmet|[of] p1a: Tangrowth
|
|-damage|p2a: Heracross|0 fnt|[from] brn
|faint|p2a: Heracross
|upkeep
|
|t:|1663532134
|switch|p2a: Dragapult|Dragapult, F|100/100
|turn|15
|
|t:|1663532141
|switch|p1a: Melmetal|Melmetal|10/100
|move|p2a: Dragapult|Dragon Dance|p2a: Dragapult
|-boost|p2a: Dragapult|atk|1
|-boost|p2a: Dragapult|spe|1
|
|upkeep
|turn|16
|
|t:|1663532145
|switch|p1a: Tangrowth|Tangrowth, F|78/100
|move|p2a: Dragapult|Dragon Darts|p1a: Tangrowth
|-damage|p1a: Tangrowth|55/100
|-anim|p2a: Dragapult|Dragon Darts|p1a: Tangrowth
|-damage|p1a: Tangrowth|35/100
|
|upkeep
|turn|17
|
|t:|1663532151
|switch|p1a: Melmetal|Melmetal|10/100
|move|p2a: Dragapult|Dragon Dance|p2a: Dragapult
|-boost|p2a: Dragapult|atk|1
|-boost|p2a: Dragapult|spe|1
|
|upkeep
|turn|18
|
|t:|1663532154
|move|p2a: Dragapult|Dragon Darts|p1a: Melmetal
|-resisted|p1a: Melmetal
|-damage|p1a: Melmetal|0 fnt
|faint|p1a: Melmetal
|
|upkeep
|
|t:|1663532154
|switch|p1a: Tangrowth|Tangrowth, F|68/100
|turn|19
|
|t:|1663532166
|move|p2a: Dragapult|Dragon Dance|p2a: Dragapult
|-boost|p2a: Dragapult|atk|1
|-boost|p2a: Dragapult|spe|1
|move|p1a: Tangrowth|Knock Off|p2a: Dragapult
|-supereffective|p2a: Dragapult
|-damage|p2a: Dragapult|42/100
|-enditem|p2a: Dragapult|Heavy-Duty Boots|[from] move: Knock Off|[of] p1a: Tangrowth
|
|upkeep
|turn|20
|
|t:|1663532168
|switch|p1a: Heatran|Heatran, M|76/100
|-item|p1a: Heatran|Air Balloon
|move|p2a: Dragapult|Dragon Darts|p1a: Heatran
|-resisted|p1a: Heatran
|-damage|p1a: Heatran|43/100
|-enditem|p1a: Heatran|Air Balloon
|-anim|p2a: Dragapult|Dragon Darts|p1a: Heatran
|-resisted|p1a: Heatran
|-damage|p1a: Heatran|10/100
|
|upkeep
|turn|21
|
|t:|1663532173
|move|p2a: Dragapult|Dragon Darts|p1a: Heatran
|-resisted|p1a: Heatran
|-damage|p1a: Heatran|0 fnt
|faint|p1a: Heatran
|
|upkeep
|
|t:|1663532173
|switch|p1a: Weavile|Weavile, F|84/100
|-ability|p1a: Weavile|Pressure
|turn|22
|
|t:|1663532178
|switch|p2a: Rotom|Rotom-Wash|74/100
|move|p1a: Weavile|Ice Shard|p2a: Rotom
|-resisted|p2a: Rotom
|-damage|p2a: Rotom|59/100
|
|-heal|p2a: Rotom|65/100|[from] item: Leftovers
|upkeep
|turn|23
|
|t:|1663532183
|switch|p1a: landorustherian|Landorus-Therian, M|100/100
|-ability|p1a: landorustherian|Intimidate|boost
|-unboost|p2a: Rotom|atk|1
|move|p2a: Rotom|Hydro Pump|p1a: landorustherian
|-supereffective|p1a: landorustherian
|-damage|p1a: landorustherian|40/100
|
|-heal|p1a: landorustherian|46/100|[from] item: Leftovers
|-heal|p2a: Rotom|70/100|[from] item: Leftovers
|upkeep
|turn|24
|
|t:|1663532188
|switch|p1a: Weavile|Weavile, F|84/100
|-ability|p1a: Weavile|Pressure
|move|p2a: Rotom|Hydro Pump|p1a: Weavile|[miss]
|-miss|p2a: Rotom|p1a: Weavile
|
|-heal|p2a: Rotom|76/100|[from] item: Leftovers
|upkeep
|turn|25
|
|t:|1663532191
|switch|p2a: Clefable|Clefable, M|100/100
|move|p1a: Weavile|Knock Off|p2a: Clefable
|-resisted|p2a: Clefable
|-damage|p2a: Clefable|81/100
|
|upkeep
|turn|26
|
|t:|1663532195
|switch|p1a: landorustherian|Landorus-Therian, M|46/100
|-ability|p1a: landorustherian|Intimidate|boost
|-unboost|p2a: Clefable|atk|1
|move|p2a: Clefable|Moonblast|p1a: landorustherian
|-damage|p1a: landorustherian|23/100
|-unboost|p1a: landorustherian|spa|1
|
|-heal|p1a: landorustherian|29/100|[from] item: Leftovers
|upkeep
|turn|27
|
|t:|1663532200
|switch|p2a: Rotom|Rotom-Wash|76/100
|move|p1a: landorustherian|Toxic|p2a: Rotom|[miss]
|-miss|p1a: landorustherian|p2a: Rotom
|
|-heal|p1a: landorustherian|35/100|[from] item: Leftovers
|-heal|p2a: Rotom|82/100|[from] item: Leftovers
|upkeep
|turn|28
|
|t:|1663532204
|switch|p1a: Tangrowth|Tangrowth, F|100/100
|move|p2a: Rotom|Hydro Pump|p1a: Tangrowth
|-resisted|p1a: Tangrowth
|-damage|p1a: Tangrowth|70/100
|
|-heal|p2a: Rotom|88/100|[from] item: Leftovers
|upkeep
|turn|29
|
|t:|1663532207
|move|p2a: Rotom|Volt Switch|p1a: Tangrowth
|-resisted|p1a: Tangrowth
|-damage|p1a: Tangrowth|53/100
|
|t:|1663532212
|switch|p2a: Clefable|Clefable, M|81/100|[from]move: Volt Switch
|move|p1a: Tangrowth|Giga Drain|p2a: Clefable
|-damage|p2a: Clefable|53/100
|-heal|p1a: Tangrowth|66/100|[from] drain|[of] p2a: Clefable
|
|upkeep
|turn|30
|
|t:|1663532214
|switch|p1a: landorustherian|Landorus-Therian, M|35/100
|-ability|p1a: landorustherian|Intimidate|boost
|-unboost|p2a: Clefable|atk|1
|move|p2a: Clefable|Moonblast|p1a: landorustherian
|-damage|p1a: landorustherian|11/100
|
|-heal|p1a: landorustherian|17/100|[from] item: Leftovers
|upkeep
|turn|31
|
|t:|1663532217
|move|p1a: landorustherian|Earthquake|p2a: Clefable
|-damage|p2a: Clefable|17/100
|move|p2a: Clefable|Soft-Boiled|p2a: Clefable
|-heal|p2a: Clefable|67/100
|
|-heal|p1a: landorustherian|23/100|[from] item: Leftovers
|upkeep
|turn|32
|
|t:|1663532219
|switch|p2a: Rotom|Rotom-Wash|88/100
|move|p1a: landorustherian|Earthquake|p2a: Rotom
|-immune|p2a: Rotom|[from] ability: Levitate
|
|-heal|p1a: landorustherian|29/100|[from] item: Leftovers
|-heal|p2a: Rotom|94/100|[from] item: Leftovers
|upkeep
|turn|33
|
|t:|1663532221
|switch|p1a: Tangrowth|Tangrowth, F|99/100
|move|p2a: Rotom|Hydro Pump|p1a: Tangrowth
|-resisted|p1a: Tangrowth
|-damage|p1a: Tangrowth|72/100
|
|-heal|p2a: Rotom|99/100|[from] item: Leftovers
|upkeep
|turn|34
|
|t:|1663532224
|move|p2a: Rotom|Volt Switch|p1a: Tangrowth
|-resisted|p1a: Tangrowth
|-damage|p1a: Tangrowth|55/100
|
|t:|1663532229
|switch|p2a: Clefable|Clefable, M|67/100|[from]move: Volt Switch
|move|p1a: Tangrowth|Giga Drain|p2a: Clefable
|-damage|p2a: Clefable|43/100
|-heal|p1a: Tangrowth|67/100|[from] drain|[of] p2a: Clefable
|
|upkeep
|turn|35
|
|t:|1663532233
|move|p2a: Clefable|Moonblast|p1a: Tangrowth
|-damage|p1a: Tangrowth|18/100
|move|p1a: Tangrowth|Sleep Powder|p2a: Clefable|[miss]
|-miss|p1a: Tangrowth|p2a: Clefable
|
|upkeep
|turn|36
|
|t:|1663532237
|switch|p1a: landorustherian|Landorus-Therian, M|29/100
|-ability|p1a: landorustherian|Intimidate|boost
|-unboost|p2a: Clefable|atk|1
|move|p2a: Clefable|Moonblast|p1a: landorustherian
|-damage|p1a: landorustherian|6/100
|
|-heal|p1a: landorustherian|12/100|[from] item: Leftovers
|upkeep
|turn|37
|
|t:|1663532242
|move|p1a: landorustherian|Earthquake|p2a: Clefable
|-crit|p2a: Clefable
|-damage|p2a: Clefable|0 fnt
|faint|p2a: Clefable
|
|-heal|p1a: landorustherian|18/100|[from] item: Leftovers
|upkeep
|
|t:|1663532247
|switch|p2a: Dragapult|Dragapult, F|42/100
|turn|38
|
|t:|1663532249
|move|p2a: Dragapult|Flamethrower|p1a: landorustherian
|-damage|p1a: landorustherian|5/100
|move|p1a: landorustherian|Defog||[still]
|-fail|p2a: Dragapult|unboost|[from] ability: Clear Body|[of] p2a: Dragapult
|-fail|p1a: landorustherian
|
|-heal|p1a: landorustherian|11/100|[from] item: Leftovers
|upkeep
|turn|39
|c|☆Raph369|lol
|
|t:|1663532258
|move|p2a: Dragapult|Flamethrower|p1a: landorustherian
|-damage|p1a: landorustherian|0 fnt
|faint|p1a: landorustherian
|
|upkeep
|
|t:|1663532258
|switch|p1a: Weavile|Weavile, F|84/100
|-ability|p1a: Weavile|Pressure
|turn|40
|
|t:|1663532265
|switch|p2a: Rotom|Rotom-Wash|99/100
|move|p1a: Weavile|Ice Shard|p2a: Rotom
|-resisted|p2a: Rotom
|-damage|p2a: Rotom|85/100
|
|-heal|p2a: Rotom|91/100|[from] item: Leftovers
|upkeep
|turn|41
|
|t:|1663532268
|move|p1a: Weavile|Ice Shard|p2a: Rotom
|-resisted|p2a: Rotom
|-damage|p2a: Rotom|74/100
|move|p2a: Rotom|Volt Switch|p1a: Weavile
|-damage|p1a: Weavile|51/100
|
|t:|1663532271
|switch|p2a: Ferrothorn|Ferrothorn, M|97/100|[from]move: Volt Switch
|
|-heal|p2a: Ferrothorn|100/100|[from] item: Leftovers
|upkeep
|turn|42
|
|t:|1663532276
|switch|p1a: Tangrowth|Tangrowth, F|51/100
|switch|p2a: Rotom|Rotom-Wash|74/100
|
|-heal|p2a: Rotom|80/100|[from] item: Leftovers
|upkeep
|turn|43
|
|t:|1663532278
|move|p2a: Rotom|Hydro Pump|p1a: Tangrowth
|-resisted|p1a: Tangrowth
|-damage|p1a: Tangrowth|24/100
|move|p1a: Tangrowth|Sleep Powder|p2a: Rotom
|-status|p2a: Rotom|slp|[from] move: Sleep Powder
|
|-heal|p2a: Rotom|86/100 slp|[from] item: Leftovers
|upkeep
|turn|44
|
|t:|1663532282
|switch|p2a: Dragapult|Dragapult, F|42/100
|switch|p1a: Weavile|Weavile, F|51/100
|-ability|p1a: Weavile|Pressure
|
|upkeep
|turn|45
|
|t:|1663532286
|switch|p2a: Ferrothorn|Ferrothorn, M|100/100
|move|p1a: Weavile|Ice Shard|p2a: Ferrothorn
|-damage|p2a: Ferrothorn|84/100
|
|-heal|p2a: Ferrothorn|90/100|[from] item: Leftovers
|upkeep
|turn|46
|
|t:|1663532292
|switch|p1a: Tangrowth|Tangrowth, F|57/100
|move|p2a: Ferrothorn|Body Press|p1a: Tangrowth
|-damage|p1a: Tangrowth|42/100
|-damage|p2a: Ferrothorn|73/100|[from] item: Rocky Helmet|[of] p1a: Tangrowth
|
|-heal|p2a: Ferrothorn|79/100|[from] item: Leftovers
|upkeep
|turn|47
|
|t:|1663532298
|move|p1a: Tangrowth|Knock Off|p2a: Ferrothorn
|-damage|p2a: Ferrothorn|65/100
|-damage|p1a: Tangrowth|29/100|[from] ability: Iron Barbs|[of] p2a: Ferrothorn
|-enditem|p2a: Ferrothorn|Leftovers|[from] move: Knock Off|[of] p1a: Tangrowth
|move|p2a: Ferrothorn|Body Press|p1a: Tangrowth
|-damage|p1a: Tangrowth|13/100
|-damage|p2a: Ferrothorn|49/100|[from] item: Rocky Helmet|[of] p1a: Tangrowth
|
|upkeep
|turn|48
|
|t:|1663532307
|move|p1a: Tangrowth|Knock Off|p2a: Ferrothorn
|-damage|p2a: Ferrothorn|41/100
|-damage|p1a: Tangrowth|1/100|[from] ability: Iron Barbs|[of] p2a: Ferrothorn
|move|p2a: Ferrothorn|Body Press|p1a: Tangrowth
|-damage|p1a: Tangrowth|0 fnt
|-damage|p2a: Ferrothorn|24/100|[from] item: Rocky Helmet|[of] p1a: Tangrowth
|faint|p1a: Tangrowth
|
|upkeep
|
|t:|1663532307
|switch|p1a: Weavile|Weavile, F|51/100
|-ability|p1a: Weavile|Pressure
|turn|49
|
|t:|1663532308
|move|p1a: Weavile|Knock Off|p2a: Ferrothorn
|-damage|p2a: Ferrothorn|0 fnt
|-damage|p1a: Weavile|38/100|[from] ability: Iron Barbs|[of] p2a: Ferrothorn
|faint|p2a: Ferrothorn
|
|upkeep
|
|t:|1663532310
|switch|p2a: Dragapult|Dragapult, F|42/100
|turn|50
|
|t:|1663532311
|move|p1a: Weavile|Knock Off|p2a: Dragapult
|-supereffective|p2a: Dragapult
|-crit|p2a: Dragapult
|-damage|p2a: Dragapult|0 fnt
|faint|p2a: Dragapult
|
|upkeep
|
|t:|1663532313
|switch|p2a: Rotom|Rotom-Wash|86/100 slp
|turn|51
|
|t:|1663532315
|move|p1a: Weavile|Knock Off|p2a: Rotom
|-damage|p2a: Rotom|15/100 slp
|-enditem|p2a: Rotom|Leftovers|[from] move: Knock Off|[of] p1a: Weavile
|cant|p2a: Rotom|slp
|
|upkeep
|turn|52
|
|t:|1663532317
|move|p1a: Weavile|Knock Off|p2a: Rotom
|-damage|p2a: Rotom|0 fnt
|faint|p2a: Rotom
|
|win|minimax_ai
|raw|minimax_ai's rating: 1620 &rarr; <strong>1641</strong><br />(+21 for winning)
|raw|Raph369's rating: 1641 &rarr; <strong>1620</strong><br />(-21 for losing)
|c|☆minimax_ai|gg
