|j|☆willcoxw
|j|☆juyenfun
|player|p1|willcoxw|karen|1729
|player|p2|juyenfun|steven|1814
|teamsize|p1|6
|teamsize|p2|6
|gametype|singles
|gen|8
|tier|[Gen 8] OU
|rated|
|clearpoke
|poke|p1|Shuckle, M|
|poke|p1|Dragapult, M|
|poke|p1|Cinderace, M|
|poke|p1|Kyurem|
|poke|p1|Togekiss, M|
|poke|p1|Zeraora|
|poke|p2|Inteleon, M|
|poke|p2|Kyurem|
|poke|p2|Bisharp, M|
|poke|p2|Necrozma|
|poke|p2|Jirachi|
|poke|p2|Turtonator, M|
|rule|Sleep Clause Mod: Limit one foe put to sleep
|rule|Species Clause: Limit one of each Pokémon
|rule|OHKO Clause: OHKO moves are banned
|rule|Evasion Moves Clause: Evasion moves are banned
|rule|Endless Battle Clause: Forcing endless battles is banned
|rule|HP Percentage Mod: HP is shown in percentages
|rule|Dynamax Clause: You cannot dynamax
|teampreview
|inactive|Battle timer is ON: inactive players will automatically lose when time's up. (requested by juyenfun)
|inactive|willcoxw has 120 seconds left.
|l|☆juyenfun
|inactive|juyenfun disconnected and has a minute to reconnect!
|player|p2|
|inactive|willcoxw has 90 seconds left.
|
|start
|switch|p1a: Shuckle|Shuckle, M|100/100
|switch|p2a: Inteleon|Inteleon, M|100/100
|turn|1
|j|☆juyenfun
|inactive|juyenfun reconnected and has 150 seconds left.
|player|p2|juyenfun|steven
|
|move|p2a: Inteleon|Hydro Pump|p1a: Shuckle
|-supereffective|p1a: Shuckle
|-ability|p1a: Shuckle|Sturdy
|-damage|p1a: Shuckle|1/100
|-enditem|p1a: Shuckle|Red Card|[of] p2a: Inteleon
|drag|p2a: Turtonator|Turtonator, M|100/100
|move|p1a: Shuckle|Sticky Web|p2a: Turtonator
|-sidestart|p2: juyenfun|move: Sticky Web
|
|upkeep
|turn|2
|
|switch|p1a: Dragapult|Dragapult, M|100/100
|move|p2a: Turtonator|Rapid Spin|p1a: Dragapult
|-immune|p1a: Dragapult
|
|upkeep
|turn|3
|
|switch|p2a: Jirachi|Jirachi|100/100
|-activate|p2a: Jirachi|move: Sticky Web
|-unboost|p2a: Jirachi|spe|1
|move|p1a: Dragapult|Substitute|p1a: Dragapult
|-start|p1a: Dragapult|Substitute
|-damage|p1a: Dragapult|76/100
|
|-heal|p1a: Dragapult|82/100|[from] item: Leftovers
|upkeep
|turn|4
|
|move|p1a: Dragapult|Will-O-Wisp|p2a: Jirachi
|-status|p2a: Jirachi|brn
|move|p2a: Jirachi|Iron Head|p1a: Dragapult
|-activate|p1a: Dragapult|move: Substitute|[damage]
|
|-heal|p1a: Dragapult|88/100|[from] item: Leftovers
|-damage|p2a: Jirachi|94/100 brn|[from] brn
|upkeep
|turn|5
|
|move|p1a: Dragapult|Hex|p2a: Jirachi
|-supereffective|p2a: Jirachi
|-damage|p2a: Jirachi|11/100 brn
|move|p2a: Jirachi|U-turn|p1a: Dragapult
|-resisted|p1a: Dragapult
|-end|p1a: Dragapult|Substitute
|
|switch|p2a: Bisharp|Bisharp, M|100/100|[from]move: U-turn
|-activate|p2a: Bisharp|move: Sticky Web
|-unboost|p2a: Bisharp|spe|1
|-ability|p2a: Bisharp|Defiant
|-boost|p2a: Bisharp|atk|2
|
|-heal|p1a: Dragapult|94/100|[from] item: Leftovers
|upkeep
|turn|6
|
|switch|p1a: Shuckle|Shuckle, M|1/100
|move|p2a: Bisharp|Knock Off|p1a: Shuckle
|-damage|p1a: Shuckle|0 fnt
|faint|p1a: Shuckle
|
|upkeep
|
|switch|p1a: Cinderace|Cinderace, M|100/100
|turn|7
|
|switch|p2a: Jirachi|Jirachi|11/100 brn
|-activate|p2a: Jirachi|move: Sticky Web
|-unboost|p2a: Jirachi|spe|1
|move|p1a: Cinderace|Sucker Punch||[still]
|-start|p1a: Cinderace|typechange|Dark|[from] ability: Libero
|-fail|p1a: Cinderace
|
|-heal|p2a: Jirachi|17/100 brn|[from] item: Leftovers
|-damage|p2a: Jirachi|11/100 brn|[from] brn
|upkeep
|turn|8
|
|move|p1a: Cinderace|U-turn|p2a: Jirachi
|-start|p1a: Cinderace|typechange|Bug|[from] ability: Libero
|-damage|p2a: Jirachi|0 fnt
|faint|p2a: Jirachi
|
|switch|p1a: Togekiss|Togekiss, M|100/100|[from]move: U-turn
|
|upkeep
|
|switch|p2a: Kyurem|Kyurem|100/100
|-activate|p2a: Kyurem|move: Sticky Web
|-unboost|p2a: Kyurem|spe|1
|-ability|p2a: Kyurem|Pressure
|turn|9
|
|move|p2a: Kyurem|Ice Beam|p1a: Togekiss
|-supereffective|p1a: Togekiss
|-damage|p1a: Togekiss|8/100
|move|p1a: Togekiss|Air Slash|p2a: Kyurem
|-damage|p2a: Kyurem|64/100
|
|-heal|p1a: Togekiss|14/100|[from] item: Leftovers
|upkeep
|turn|10
|
|switch|p1a: Cinderace|Cinderace, M|100/100
|move|p2a: Kyurem|Ice Beam|p1a: Cinderace
|-resisted|p1a: Cinderace
|-damage|p1a: Cinderace|65/100
|
|upkeep
|turn|11
|j| LorageHp
|
|switch|p2a: Turtonator|Turtonator, M|100/100
|move|p1a: Cinderace|U-turn|p2a: Turtonator
|-start|p1a: Cinderace|typechange|Bug|[from] ability: Libero
|-resisted|p2a: Turtonator
|-damage|p2a: Turtonator|90/100
|
|switch|p1a: Togekiss|Togekiss, M|14/100|[from]move: U-turn
|
|-heal|p1a: Togekiss|20/100|[from] item: Leftovers
|upkeep
|turn|12
|
|switch|p1a: Dragapult|Dragapult, M|94/100
|move|p2a: Turtonator|Rapid Spin|p1a: Dragapult
|-immune|p1a: Dragapult
|
|-heal|p1a: Dragapult|99/100|[from] item: Leftovers
|upkeep
|turn|13
|
|switch|p2a: Bisharp|Bisharp, M|100/100
|-activate|p2a: Bisharp|move: Sticky Web
|-unboost|p2a: Bisharp|spe|1
|-ability|p2a: Bisharp|Defiant
|-boost|p2a: Bisharp|atk|2
|move|p1a: Dragapult|Substitute|p1a: Dragapult
|-start|p1a: Dragapult|Substitute
|-damage|p1a: Dragapult|75/100
|
|-heal|p1a: Dragapult|81/100|[from] item: Leftovers
|upkeep
|turn|14
|
|move|p1a: Dragapult|Will-O-Wisp|p2a: Bisharp
|-status|p2a: Bisharp|brn
|move|p2a: Bisharp|Knock Off|p1a: Dragapult
|-supereffective|p1a: Dragapult
|-end|p1a: Dragapult|Substitute
|
|-heal|p1a: Dragapult|87/100|[from] item: Leftovers
|-damage|p2a: Bisharp|95/100 brn|[from] brn
|upkeep
|turn|15
|
|move|p1a: Dragapult|Substitute|p1a: Dragapult
|-start|p1a: Dragapult|Substitute
|-damage|p1a: Dragapult|62/100
|move|p2a: Bisharp|Knock Off|p1a: Dragapult
|-supereffective|p1a: Dragapult
|-end|p1a: Dragapult|Substitute
|
|-heal|p1a: Dragapult|68/100|[from] item: Leftovers
|-damage|p2a: Bisharp|89/100 brn|[from] brn
|upkeep
|turn|16
|
|switch|p1a: Togekiss|Togekiss, M|20/100
|move|p2a: Bisharp|Knock Off|p1a: Togekiss
|-resisted|p1a: Togekiss
|-damage|p1a: Togekiss|0 fnt
|-enditem|p1a: Togekiss|Leftovers|[from] move: Knock Off|[of] p2a: Bisharp
|faint|p1a: Togekiss
|
|-damage|p2a: Bisharp|83/100 brn|[from] brn
|upkeep
|
|switch|p1a: Cinderace|Cinderace, M|65/100
|turn|17
|
|switch|p2a: Turtonator|Turtonator, M|90/100
|move|p1a: Cinderace|Pyro Ball|p2a: Turtonator
|-resisted|p2a: Turtonator
|-damage|p2a: Turtonator|81/100
|
|upkeep
|turn|18
|
|move|p1a: Cinderace|U-turn|p2a: Turtonator
|-start|p1a: Cinderace|typechange|Bug|[from] ability: Libero
|-resisted|p2a: Turtonator
|-damage|p2a: Turtonator|71/100
|
|switch|p1a: Dragapult|Dragapult, M|68/100|[from]move: U-turn
|move|p2a: Turtonator|Toxic|p1a: Dragapult
|-status|p1a: Dragapult|tox
|
|-heal|p1a: Dragapult|74/100 tox|[from] item: Leftovers
|-damage|p1a: Dragapult|68/100 tox|[from] psn
|upkeep
|turn|19
|
|switch|p2a: Bisharp|Bisharp, M|83/100 brn
|-activate|p2a: Bisharp|move: Sticky Web
|-unboost|p2a: Bisharp|spe|1
|-ability|p2a: Bisharp|Defiant
|-boost|p2a: Bisharp|atk|2
|move|p1a: Dragapult|Dragon Pulse|p2a: Bisharp
|-resisted|p2a: Bisharp
|-damage|p2a: Bisharp|47/100 brn
|
|-heal|p1a: Dragapult|74/100 tox|[from] item: Leftovers
|-damage|p1a: Dragapult|62/100 tox|[from] psn
|-damage|p2a: Bisharp|41/100 brn|[from] brn
|upkeep
|turn|20
|
|move|p2a: Bisharp|Sucker Punch|p1a: Dragapult
|-supereffective|p1a: Dragapult
|-crit|p1a: Dragapult
|-damage|p1a: Dragapult|0 fnt
|faint|p1a: Dragapult
|
|-damage|p2a: Bisharp|36/100 brn|[from] brn
|upkeep
|
|switch|p1a: Kyurem|Kyurem|100/100
|-ability|p1a: Kyurem|Pressure
|turn|21
|
|move|p2a: Bisharp|Sucker Punch||[still]
|-fail|p2a: Bisharp
|move|p1a: Kyurem|Substitute|p1a: Kyurem
|-start|p1a: Kyurem|Substitute
|-damage|p1a: Kyurem|75/100
|
|-damage|p2a: Bisharp|30/100 brn|[from] brn
|upkeep
|turn|22
|
|move|p2a: Bisharp|Sucker Punch|p1a: Kyurem
|-end|p1a: Kyurem|Substitute
|move|p1a: Kyurem|Ice Beam|p2a: Bisharp
|-resisted|p2a: Bisharp
|-damage|p2a: Bisharp|0 fnt
|faint|p2a: Bisharp
|
|upkeep
|
|switch|p2a: Necrozma|Necrozma|100/100
|-activate|p2a: Necrozma|move: Sticky Web
|-unboost|p2a: Necrozma|spe|1
|turn|23
|
|move|p1a: Kyurem|Ice Beam|p2a: Necrozma
|-damage|p2a: Necrozma|43/100
|move|p2a: Necrozma|Photon Geyser|p1a: Kyurem
|-damage|p1a: Kyurem|36/100
|
|-heal|p2a: Necrozma|49/100|[from] item: Leftovers
|upkeep
|turn|24
|j| Shimeon91
|
|move|p1a: Kyurem|Roost|p1a: Kyurem
|-heal|p1a: Kyurem|86/100
|-singleturn|p1a: Kyurem|move: Roost
|move|p2a: Necrozma|Photon Geyser|p1a: Kyurem
|-damage|p1a: Kyurem|43/100
|
|-heal|p2a: Necrozma|55/100|[from] item: Leftovers
|upkeep
|turn|25
|l| Shimeon91
|
|move|p1a: Kyurem|Roost|p1a: Kyurem
|-heal|p1a: Kyurem|93/100
|-singleturn|p1a: Kyurem|move: Roost
|move|p2a: Necrozma|Stealth Rock|p1a: Kyurem
|-sidestart|p1: willcoxw|move: Stealth Rock
|
|-heal|p2a: Necrozma|61/100|[from] item: Leftovers
|upkeep
|turn|26
|
|move|p1a: Kyurem|Substitute|p1a: Kyurem
|-start|p1a: Kyurem|Substitute
|-damage|p1a: Kyurem|68/100
|move|p2a: Necrozma|Photon Geyser|p1a: Kyurem
|-end|p1a: Kyurem|Substitute
|
|-heal|p2a: Necrozma|67/100|[from] item: Leftovers
|upkeep
|turn|27
|j| Idiotchamp
|
|move|p1a: Kyurem|Roost|p1a: Kyurem
|-heal|p1a: Kyurem|100/100
|-singleturn|p1a: Kyurem|move: Roost
|move|p2a: Necrozma|Photon Geyser|p1a: Kyurem
|-damage|p1a: Kyurem|58/100
|
|-heal|p2a: Necrozma|73/100|[from] item: Leftovers
|upkeep
|turn|28
|j| DittoTang
|
|move|p1a: Kyurem|Substitute|p1a: Kyurem
|-start|p1a: Kyurem|Substitute
|-damage|p1a: Kyurem|33/100
|move|p2a: Necrozma|Heat Wave|p1a: Kyurem
|-activate|p1a: Kyurem|move: Substitute|[damage]
|
|-heal|p2a: Necrozma|79/100|[from] item: Leftovers
|upkeep
|turn|29
|
|move|p1a: Kyurem|Roost|p1a: Kyurem
|-heal|p1a: Kyurem|83/100
|-singleturn|p1a: Kyurem|move: Roost
|move|p2a: Necrozma|Heat Wave|p1a: Kyurem|[miss]
|-miss|p2a: Necrozma|p1a: Kyurem
|
|-heal|p2a: Necrozma|85/100|[from] item: Leftovers
|upkeep
|turn|30
|
|move|p1a: Kyurem|Ice Beam|p2a: Necrozma
|-damage|p2a: Necrozma|38/100
|move|p2a: Necrozma|Heat Wave|p1a: Kyurem
|-end|p1a: Kyurem|Substitute
|
|-heal|p2a: Necrozma|44/100|[from] item: Leftovers
|upkeep
|turn|31
|
|move|p1a: Kyurem|Substitute|p1a: Kyurem
|-start|p1a: Kyurem|Substitute
|-damage|p1a: Kyurem|58/100
|move|p2a: Necrozma|Heat Wave|p1a: Kyurem
|-activate|p1a: Kyurem|move: Substitute|[damage]
|
|-heal|p2a: Necrozma|50/100|[from] item: Leftovers
|upkeep
|turn|32
|
|move|p1a: Kyurem|Roost|p1a: Kyurem
|-heal|p1a: Kyurem|100/100
|-singleturn|p1a: Kyurem|move: Roost
|move|p2a: Necrozma|Heat Wave|p1a: Kyurem
|-end|p1a: Kyurem|Substitute
|
|-heal|p2a: Necrozma|56/100|[from] item: Leftovers
|upkeep
|turn|33
|
|switch|p2a: Turtonator|Turtonator, M|71/100
|move|p1a: Kyurem|Substitute|p1a: Kyurem
|-start|p1a: Kyurem|Substitute
|-damage|p1a: Kyurem|75/100
|
|upkeep
|turn|34
|
|move|p1a: Kyurem|Ice Beam|p2a: Turtonator
|-damage|p2a: Turtonator|14/100
|move|p2a: Turtonator|Rapid Spin|p1a: Kyurem
|-activate|p1a: Kyurem|move: Substitute|[damage]
|-sideend|p2: juyenfun|Sticky Web|[from] move: Rapid Spin|[of] p2a: Turtonator
|-boost|p2a: Turtonator|spe|1
|
|upkeep
|turn|35
|
|move|p1a: Kyurem|Ice Beam|p2a: Turtonator
|-damage|p2a: Turtonator|0 fnt
|faint|p2a: Turtonator
|
|upkeep
|
|switch|p2a: Inteleon|Inteleon, M|100/100
|turn|36
|
|move|p2a: Inteleon|Dark Pulse|p1a: Kyurem
|-end|p1a: Kyurem|Substitute
|move|p1a: Kyurem|Freeze-Dry|p2a: Inteleon
|-supereffective|p2a: Inteleon
|-damage|p2a: Inteleon|0 fnt
|faint|p2a: Inteleon
|
|upkeep
|j| stikker
|
|switch|p2a: Kyurem|Kyurem|64/100
|-ability|p2a: Kyurem|Pressure
|turn|37
|
|move|p2a: Kyurem|Draco Meteor|p1a: Kyurem
|-supereffective|p1a: Kyurem
|-damage|p1a: Kyurem|0 fnt
|-unboost|p2a: Kyurem|spa|2
|faint|p1a: Kyurem
|
|upkeep
|
|switch|p1a: Cinderace|Cinderace, M|65/100
|turn|38
|
|switch|p2a: Necrozma|Necrozma|56/100
|move|p1a: Cinderace|Court Change|p1a: Cinderace
|-start|p1a: Cinderace|typechange|Normal|[from] ability: Libero
|-sideend|p1: willcoxw|Stealth Rock|[silent]
|-sidestart|p2: juyenfun|Stealth Rock|[silent]
|-activate|p1a: Cinderace|move: Court Change
|
|-heal|p2a: Necrozma|62/100|[from] item: Leftovers
|upkeep
|turn|39
|
|move|p1a: Cinderace|U-turn|p2a: Necrozma
|-start|p1a: Cinderace|typechange|Bug|[from] ability: Libero
|-supereffective|p2a: Necrozma
|-damage|p2a: Necrozma|30/100
|
|switch|p1a: Zeraora|Zeraora|100/100|[from]move: U-turn
|move|p2a: Necrozma|Moonlight|p2a: Necrozma
|-heal|p2a: Necrozma|80/100
|
|-heal|p2a: Necrozma|86/100|[from] item: Leftovers
|upkeep
|turn|40
|
|move|p1a: Zeraora|Knock Off|p2a: Necrozma
|-supereffective|p2a: Necrozma
|-damage|p2a: Necrozma|46/100
|-enditem|p2a: Necrozma|Leftovers|[from] move: Knock Off|[of] p1a: Zeraora
|-damage|p1a: Zeraora|91/100|[from] item: Life Orb
|move|p2a: Necrozma|Heat Wave|p1a: Zeraora
|-damage|p1a: Zeraora|55/100
|
|upkeep
|turn|41
|
|move|p1a: Zeraora|Plasma Fists|p2a: Necrozma
|-damage|p2a: Necrozma|6/100
|-fieldactivate|move: Ion Deluge
|-damage|p1a: Zeraora|45/100|[from] item: Life Orb
|move|p2a: Necrozma|Moonlight|p2a: Necrozma
|-heal|p2a: Necrozma|56/100
|
|upkeep
|turn|42
|
|move|p1a: Zeraora|Plasma Fists|p2a: Necrozma
|-damage|p2a: Necrozma|20/100
|-fieldactivate|move: Ion Deluge
|-damage|p1a: Zeraora|36/100|[from] item: Life Orb
|move|p2a: Necrozma|Moonlight|p2a: Necrozma
|-heal|p2a: Necrozma|70/100
|
|upkeep
|turn|43
|
|move|p1a: Zeraora|Plasma Fists|p2a: Necrozma
|-damage|p2a: Necrozma|29/100
|-fieldactivate|move: Ion Deluge
|-damage|p1a: Zeraora|26/100|[from] item: Life Orb
|move|p2a: Necrozma|Moonlight|p2a: Necrozma
|-heal|p2a: Necrozma|79/100
|
|upkeep
|turn|44
|
|move|p1a: Zeraora|Plasma Fists|p2a: Necrozma
|-damage|p2a: Necrozma|40/100
|-fieldactivate|move: Ion Deluge
|-damage|p1a: Zeraora|16/100|[from] item: Life Orb
|move|p2a: Necrozma|Moonlight|p2a: Necrozma
|-heal|p2a: Necrozma|90/100
|
|upkeep
|turn|45
|
|move|p1a: Zeraora|Plasma Fists|p2a: Necrozma
|-damage|p2a: Necrozma|51/100
|-fieldactivate|move: Ion Deluge
|-damage|p1a: Zeraora|6/100|[from] item: Life Orb
|move|p2a: Necrozma|Moonlight|p2a: Necrozma
|-heal|p2a: Necrozma|100/100
|
|upkeep
|turn|46
|
|move|p1a: Zeraora|Plasma Fists|p2a: Necrozma
|-damage|p2a: Necrozma|63/100
|-fieldactivate|move: Ion Deluge
|-damage|p1a: Zeraora|0 fnt|[from] item: Life Orb
|faint|p1a: Zeraora
|move|p2a: Necrozma|Moonlight|p2a: Necrozma
|-heal|p2a: Necrozma|100/100
|
|upkeep
|
|switch|p1a: Cinderace|Cinderace, M|65/100
|turn|47
|
|move|p1a: Cinderace|Pyro Ball|p2a: Necrozma
|-damage|p2a: Necrozma|66/100
|move|p2a: Necrozma|Heat Wave|p1a: Cinderace
|-resisted|p1a: Cinderace
|-damage|p1a: Cinderace|46/100
|
|upkeep
|turn|48
|
|move|p1a: Cinderace|Pyro Ball|p2a: Necrozma
|-damage|p2a: Necrozma|29/100
|move|p2a: Necrozma|Moonlight|p2a: Necrozma
|-heal|p2a: Necrozma|79/100
|
|upkeep
|turn|49
|
|move|p1a: Cinderace|Pyro Ball|p2a: Necrozma
|-damage|p2a: Necrozma|42/100
|move|p2a: Necrozma|Heat Wave|p1a: Cinderace
|-resisted|p1a: Cinderace
|-damage|p1a: Cinderace|28/100
|
|upkeep
|turn|50
|
|move|p1a: Cinderace|Pyro Ball|p2a: Necrozma
|-damage|p2a: Necrozma|9/100
|-status|p2a: Necrozma|brn
|move|p2a: Necrozma|Heat Wave|p1a: Cinderace|[miss]
|-miss|p2a: Necrozma|p1a: Cinderace
|
|-damage|p2a: Necrozma|3/100 brn|[from] brn
|upkeep
|turn|51
|
|move|p1a: Cinderace|U-turn|p2a: Necrozma
|-start|p1a: Cinderace|typechange|Bug|[from] ability: Libero
|-supereffective|p2a: Necrozma
|-damage|p2a: Necrozma|0 fnt
|faint|p2a: Necrozma
|
|upkeep
|
|switch|p2a: Kyurem|Kyurem|64/100
|-damage|p2a: Kyurem|39/100|[from] Stealth Rock
|-ability|p2a: Kyurem|Pressure
|turn|52
|
|move|p1a: Cinderace|Sucker Punch|p2a: Kyurem
|-start|p1a: Cinderace|typechange|Dark|[from] ability: Libero
|-damage|p2a: Kyurem|7/100
|move|p2a: Kyurem|Earth Power|p1a: Cinderace
|-damage|p1a: Cinderace|0 fnt
|faint|p1a: Cinderace
|
|win|juyenfun
|l| DittoTang
|l|☆willcoxw
|l|☆juyenfun
||Ladder (probably) updated, but score could not be retrieved (Request timeout).
|l| LorageHp
