|j|☆jushu114514
|j|☆Ferrothornail草钢甲
|t:|1668004746
|gametype|singles
|player|p1|jushu114514|170|1774
|player|p2|Ferrothornail草钢甲|lillie|1816
|teamsize|p1|6
|teamsize|p2|6
|gen|8
|tier|[Gen 8] OU
|rated|
|rule|Sleep Clause Mod: Limit one foe put to sleep
|rule|Species Clause: Limit one of each Pokémon
|rule|OHKO Clause: OHKO moves are banned
|rule|Evasion Items Clause: Evasion items are banned
|rule|Evasion Moves Clause: Evasion moves are banned
|rule|Endless Battle Clause: Forcing endless battles is banned
|rule|HP Percentage Mod: HP is shown in percentages
|rule|Dynamax Clause: You cannot dynamax
|clearpoke
|poke|p1|Volcarona, M|
|poke|p1|Bisharp, M|
|poke|p1|Kartana|
|poke|p1|Ninetales-Alola, M|
|poke|p1|Garchomp, M|
|poke|p1|Dragonite, M|
|poke|p2|Hatterene, F|
|poke|p2|Porygon2|
|poke|p2|Cresselia, F|
|poke|p2|Marowak-Alola, F|
|poke|p2|Crawdaunt, F|
|poke|p2|Melmetal|
|teampreview
|c|☆Ferrothornail草钢甲|nm
|j| aReptileDysfunctn
|
|t:|1668004758
|start
|switch|p1a: Frozen Soul|Ninetales-Alola, M, shiny|100/100
|switch|p2a: Hatterene|Hatterene, F|100/100
|-weather|Hail|[from] ability: Snow Warning|[of] p1a: Frozen Soul
|turn|1
|j| bluect
|inactive|Battle timer is ON: inactive players will automatically lose when time's up. (requested by Ferrothornail草钢甲)
|c|☆Ferrothornail草钢甲|我还不敢双开
|j| fuyuzu
|c|☆Ferrothornail草钢甲|这个队挺难打de
|
|t:|1668004822
|move|p1a: Frozen Soul|Aurora Veil|p1a: Frozen Soul
|-sidestart|p1: jushu114514|move: Aurora Veil
|move|p2a: Hatterene|Trick Room|p2a: Hatterene
|-fieldstart|move: Trick Room|[of] p2a: Hatterene
|
|-weather|Hail|[upkeep]
|-damage|p2a: Hatterene|95/100|[from] Hail
|upkeep
|turn|2
|c| fuyuzu|草
|
|t:|1668004828
|switch|p2a: Crawdaunt|Crawdaunt, F|100/100
|move|p1a: Frozen Soul|Encore||[still]
|-fail|p1a: Frozen Soul
|
|-weather|Hail|[upkeep]
|-damage|p2a: Crawdaunt|94/100|[from] Hail
|upkeep
|turn|3
|
|t:|1668004832
|switch|p2a: Marowak|Marowak-Alola, F|100/100
|move|p1a: Frozen Soul|Freeze-Dry|p2a: Marowak
|-resisted|p2a: Marowak
|-damage|p2a: Marowak|83/100
|
|-weather|Hail|[upkeep]
|-damage|p2a: Marowak|76/100|[from] Hail
|upkeep
|turn|4
|c| fuyuzu|橘鼠lol
|
|t:|1668004844
|switch|p1a: Leviathan|Dragonite, M, shiny|100/100
|move|p2a: Marowak|Poltergeist|p1a: Leviathan
|-activate|p1a: Leviathan|move: Poltergeist|Heavy-Duty Boots
|-damage|p1a: Leviathan|74/100
|
|-weather|Hail|[upkeep]
|-damage|p2a: Marowak|70/100|[from] Hail
|-damage|p1a: Leviathan|68/100|[from] Hail
|upkeep
|turn|5
|j| sleepboking
|
|t:|1668004852
|switch|p2a: Hatterene|Hatterene, F|95/100
|move|p1a: Leviathan|Dragon Dance|p1a: Leviathan
|-boost|p1a: Leviathan|atk|1
|-boost|p1a: Leviathan|spe|1
|
|-weather|none
|-fieldend|move: Trick Room
|upkeep
|turn|6
|
|t:|1668004855
|move|p1a: Leviathan|Substitute|p1a: Leviathan
|-start|p1a: Leviathan|Substitute
|-damage|p1a: Leviathan|43/100
|move|p2a: Hatterene|Trick Room|p2a: Hatterene
|-fieldstart|move: Trick Room|[of] p2a: Hatterene
|
|upkeep
|turn|7
|c| fuyuzu|HO如何打赢空间（）
|
|t:|1668004859
|switch|p2a: Melmetal|Melmetal|100/100
|move|p1a: Leviathan|Earthquake|p2a: Melmetal
|-supereffective|p2a: Melmetal
|-damage|p2a: Melmetal|40/100
|
|upkeep
|turn|8
|c| fuyuzu|看看
|c|☆Ferrothornail草钢甲|火蛾烧伤和九尾开墙都挺难搞的
|c| fuyuzu|确实
|
|t:|1668004880
|switch|p1a: Amaterasu|Volcarona, M, shiny|100/100
|move|p2a: Melmetal|Double Iron Bash|p1a: Amaterasu
|-resisted|p1a: Amaterasu
|-damage|p1a: Amaterasu|77/100
|-resisted|p1a: Amaterasu
|-crit|p1a: Amaterasu
|-damage|p1a: Amaterasu|6/100
|-hitcount|p1a: Amaterasu|2
|
|-sideend|p1: jushu114514|move: Aurora Veil
|upkeep
|turn|9
|c|☆jushu114514|6
|c|☆jushu114514|6
|c|☆jushu114514|6
|c|☆jushu114514|6
|c|☆Ferrothornail草钢甲|6
|c|☆jushu114514|6
|c|☆jushu114514|6
|c|☆jushu114514|6
|c|☆jushu114514|6
|c| fuyuzu|哈哈哈哈哈哈
|c| fuyuzu|666666
|c|☆jushu114514|wcnm
|c| fuyuzu|gg
|inactive|jushu114514 has 120 seconds left.
|c| fuyuzu|游戏结束
|
|t:|1668004907
|move|p2a: Melmetal|Double Iron Bash|p1a: Amaterasu
|-resisted|p1a: Amaterasu
|-damage|p1a: Amaterasu|0 fnt
|faint|p1a: Amaterasu
|-hitcount|p1: Amaterasu|1
|
|upkeep
|c|☆jushu114514|6
|c|☆Ferrothornail草钢甲|还没烧
|c| fuyuzu|护具螺母（
|
|t:|1668004924
|switch|p1a: Bishop|Bisharp, M, shiny|100/100
|turn|10
|
|t:|1668004936
|switch|p2a: Crawdaunt|Crawdaunt, F|94/100
|switch|p1a: Leviathan|Dragonite, M, shiny|43/100
|
|-fieldend|move: Trick Room
|upkeep
|turn|11
|c| fuyuzu|你的羁绊 举世无双！
|
|t:|1668004943
|move|p1a: Leviathan|Earthquake|p2a: Crawdaunt
|-damage|p2a: Crawdaunt|54/100
|move|p2a: Crawdaunt|Knock Off|p1a: Leviathan
|-damage|p1a: Leviathan|0 fnt
|-enditem|p1a: Leviathan|Heavy-Duty Boots|[from] move: Knock Off|[of] p2a: Crawdaunt
|faint|p1a: Leviathan
|-damage|p2a: Crawdaunt|44/100|[from] item: Life Orb
|
|upkeep
|
|t:|1668004952
|switch|p1a: Frozen Soul|Ninetales-Alola, M, shiny|100/100
|-weather|Hail|[from] ability: Snow Warning|[of] p1a: Frozen Soul
|turn|12
|
|t:|1668004956
|move|p1a: Frozen Soul|Aurora Veil|p1a: Frozen Soul
|-sidestart|p1: jushu114514|move: Aurora Veil
|move|p2a: Crawdaunt|Crabhammer|p1a: Frozen Soul|[miss]
|-miss|p2a: Crawdaunt|p1a: Frozen Soul
|
|-weather|Hail|[upkeep]
|-damage|p2a: Crawdaunt|38/100|[from] Hail
|upkeep
|turn|13
|c|☆Ferrothornail草钢甲|啧
|c| fuyuzu|还回来了
|
|t:|1668004963
|move|p1a: Frozen Soul|Freeze-Dry|p2a: Crawdaunt
|-supereffective|p2a: Crawdaunt
|-damage|p2a: Crawdaunt|0 fnt
|faint|p2a: Crawdaunt
|
|-weather|Hail|[upkeep]
|upkeep
|
|t:|1668004965
|switch|p2a: Hatterene|Hatterene, F|95/100
|turn|14
|
|t:|1668004969
|move|p1a: Frozen Soul|Freeze-Dry|p2a: Hatterene
|-damage|p2a: Hatterene|64/100
|-status|p2a: Hatterene|frz
|-curestatus|p2a: Hatterene|frz|[msg]
|move|p2a: Hatterene|Trick Room|p2a: Hatterene
|-fieldstart|move: Trick Room|[of] p2a: Hatterene
|
|-weather|Hail|[upkeep]
|-damage|p2a: Hatterene|58/100|[from] Hail
|upkeep
|turn|15
|c| fuyuzu|hhhhh？
|c| fuyuzu|？？？？
|c| fuyuzu|互相仙术
|c| fuyuzu|行
|c|☆jushu114514|6
|
|t:|1668004989
|switch|p2a: Melmetal|Melmetal|40/100
|switch|p1a: Zangetsu|Garchomp, M, shiny|100/100
|
|-weather|Hail|[upkeep]
|-damage|p2a: Melmetal|34/100|[from] Hail
|-damage|p1a: Zangetsu|94/100|[from] Hail
|-heal|p1a: Zangetsu|100/100|[from] item: Leftovers
|upkeep
|turn|16
|c| fuyuzu|学不会学不会
|j| OuoouoouO
|c| fuyuzu|都是Hax
|c| OuoouoouO|喜
|inactive|jushu114514 has 120 seconds left.
|
|t:|1668005023
|move|p2a: Melmetal|Ice Punch|p1a: Zangetsu
|-supereffective|p1a: Zangetsu
|-damage|p1a: Zangetsu|0 fnt
|-damage|p2a: Melmetal|22/100|[from] ability: Rough Skin|[of] p1a: Zangetsu
|faint|p1a: Zangetsu
|
|-weather|none
|upkeep
|inactive|jushu114514 has 120 seconds left.
|
|t:|1668005032
|switch|p1a: Bishop|Bisharp, M, shiny|100/100
|turn|17
|c| fuyuzu|游戏结束了其实
|
|t:|1668005038
|switch|p2a: Hatterene|Hatterene, F|58/100
|move|p1a: Bishop|Swords Dance|p1a: Bishop
|-boost|p1a: Bishop|atk|2
|
|upkeep
|turn|18
|c| fuyuzu|但还没有完全结束
|
|t:|1668005057
|move|p2a: Hatterene|Healing Wish|p2a: Hatterene
|faint|p2a: Hatterene
|move|p1a: Bishop|Swords Dance|p1a: Bishop
|-boost|p1a: Bishop|atk|2
|
|-fieldend|move: Trick Room
|upkeep
|
|t:|1668005061
|switch|p2a: Melmetal|Melmetal|22/100
|-heal|p2a: Melmetal|100/100|[from] move: Healing Wish
|turn|19
|c| fuyuzu|钢兵舞剑的那一刻
|c|☆Ferrothornail草钢甲|你能杀我，你能秒杀我？
|c| fuyuzu|你相信螺母吗？
|inactive|jushu114514 has 120 seconds left.
|c|☆jushu114514|打不死
|
|t:|1668005084
|move|p1a: Bishop|Iron Head|p2a: Melmetal
|-resisted|p2a: Melmetal
|-damage|p2a: Melmetal|54/100
|-damage|p1a: Bishop|91/100|[from] item: Life Orb
|cant|p2a: Melmetal|flinch
|
|-sideend|p1: jushu114514|move: Aurora Veil
|upkeep
|turn|20
|c| fuyuzu|我相信！
|c|☆jushu114514|哈哈
|c| fuyuzu|哈哈哈哈哈哈哈
|c|☆Ferrothornail草钢甲|nm
|c| aReptileDysfunctn|!
|
|t:|1668005093
|move|p1a: Bishop|Sucker Punch|p2a: Melmetal
|-damage|p2a: Melmetal|0 fnt
|faint|p2a: Melmetal
|-damage|p1a: Bishop|81/100|[from] item: Life Orb
|
|upkeep
|c| fuyuzu|相信（
|
|t:|1668005095
|switch|p2a: Porygon2|Porygon2|100/100
|-ability|p2a: Porygon2|Download|boost
|-boost|p2a: Porygon2|spa|1
|turn|21
|c| fuyuzu|gg
|j| mew2629梦幻甲
|
|t:|1668005105
|move|p1a: Bishop|Iron Head|p2a: Porygon2
|-damage|p2a: Porygon2|0 fnt
|faint|p2a: Porygon2
|-damage|p1a: Bishop|71/100|[from] item: Life Orb
|
|upkeep
|c|☆Ferrothornail草钢甲|gg
|c| fuyuzu|Nice play
|l| aReptileDysfunctn
|j| aReptileDysfunctn
|c|☆Ferrothornail草钢甲|橘鼠才是hex狗！（吐血）
|-message|Ferrothornail草钢甲 forfeited.
|
|win|jushu114514
|raw|jushu114514's rating: 1722 &rarr; <strong>1747</strong><br />(+25 for winning)
|raw|Ferrothornail草钢甲's rating: 1816 &rarr; <strong>1791</strong><br />(-25 for losing)
|j| TouchyFeelie
|c| fuyuzu|互相仙术
|l| mew2629梦幻甲
|l| sleepboking
|l| TouchyFeelie
||Ladder isn't responding, score probably updated but might not have (Request timeout).
|l| fuyuzu
|j| fuyuzu
|l| fuyuzu
|l| aReptileDysfunctn
|j| fuyuzu
|l| fuyuzu
