|j|☆depper11
|j|☆Elite4Donovan
|t:|1651293464
|gametype|singles
|player|p1|depper11|alder|1457
|player|p2|Elite4Donovan|lucas|1531
|teamsize|p1|6
|teamsize|p2|6
|gen|8
|tier|[Gen 8] OU
|rated|
|rule|Sleep Clause Mod: Limit one foe put to sleep
|rule|Species Clause: Limit one of each Pokémon
|rule|OHKO Clause: OHKO moves are banned
|rule|Evasion Moves Clause: Evasion moves are banned
|rule|Endless Battle Clause: Forcing endless battles is banned
|rule|HP Percentage Mod: HP is shown in percentages
|rule|Dynamax Clause: You cannot dynamax
|clearpoke
|poke|p1|Hippowdon, F|
|poke|p1|Stoutland, F|
|poke|p1|Ferrothorn, M|
|poke|p1|Excadrill, M|
|poke|p1|Tyranitar, F|
|poke|p1|Dracozolt|
|poke|p2|Regidrago|
|poke|p2|Nidoking, M|
|poke|p2|Urshifu-*, F|
|poke|p2|Tornadus-Therian, M|
|poke|p2|Ferrothorn, F|
|poke|p2|Landorus-Therian, M|
|teampreview
|
|t:|1651293475
|start
|switch|p1a: Hippowdon|Hippowdon, F|100/100
|switch|p2a: Regidrago|Regidrago|100/100
|-weather|Sandstorm|[from] ability: Sand Stream|[of] p1a: Hippowdon
|turn|1
|
|t:|1651293481
|switch|p1a: Ferrothorn|Ferrothorn, M|100/100
|move|p2a: Regidrago|Dragon Energy|p1a: Ferrothorn
|-resisted|p1a: Ferrothorn
|-crit|p1a: Ferrothorn
|-damage|p1a: Ferrothorn|26/100
|
|-weather|Sandstorm|[upkeep]
|-damage|p2a: Regidrago|94/100|[from] Sandstorm
|upkeep
|turn|2
|
|t:|1651293498
|move|p2a: Regidrago|Dragon Energy|p1a: Ferrothorn
|-resisted|p1a: Ferrothorn
|-damage|p1a: Ferrothorn|0 fnt
|faint|p1a: Ferrothorn
|
|-weather|Sandstorm|[upkeep]
|-damage|p2a: Regidrago|88/100|[from] Sandstorm
|upkeep
|
|t:|1651293512
|switch|p1a: Dracozolt|Dracozolt|100/100
|turn|3
|
|t:|1651293517
|switch|p2a: Landorus|Landorus-Therian, M|100/100
|-ability|p2a: Landorus|Intimidate|boost
|-unboost|p1a: Dracozolt|atk|1
|move|p1a: Dracozolt|Bolt Beak|p2a: Landorus
|-immune|p2a: Landorus
|
|-weather|Sandstorm|[upkeep]
|upkeep
|turn|4
|
|t:|1651293522
|switch|p1a: Tyranitar|Tyranitar, F|100/100
|-item|p1a: Tyranitar|Air Balloon
|move|p2a: Landorus|U-turn|p1a: Tyranitar
|-supereffective|p1a: Tyranitar
|-damage|p1a: Tyranitar|58/100
|-enditem|p1a: Tyranitar|Air Balloon
|
|t:|1651293526
|switch|p2a: Regidrago|Regidrago|88/100|[from]move: U-turn
|
|-weather|Sandstorm|[upkeep]
|-damage|p2a: Regidrago|82/100|[from] Sandstorm
|upkeep
|turn|5
|
|t:|1651293539
|move|p2a: Regidrago|Dragon Energy|p1a: Tyranitar
|-damage|p1a: Tyranitar|0 fnt
|faint|p1a: Tyranitar
|
|-weather|none
|upkeep
|
|t:|1651293544
|switch|p1a: Excadrill|Excadrill, M|100/100
|turn|6
|
|t:|1651293546
|switch|p2a: Landorus|Landorus-Therian, M|100/100
|-ability|p2a: Landorus|Intimidate|boost
|-unboost|p1a: Excadrill|atk|1
|move|p1a: Excadrill|Iron Head|p2a: Landorus
|-damage|p2a: Landorus|71/100
|
|-heal|p2a: Landorus|77/100|[from] item: Leftovers
|upkeep
|turn|7
|
|t:|1651293550
|switch|p1a: Hippowdon|Hippowdon, F|100/100
|-weather|Sandstorm|[from] ability: Sand Stream|[of] p1a: Hippowdon
|move|p2a: Landorus|U-turn|p1a: Hippowdon
|-damage|p1a: Hippowdon|88/100
|
|t:|1651293552
|switch|p2a: Regidrago|Regidrago|82/100|[from]move: U-turn
|
|-weather|Sandstorm|[upkeep]
|-damage|p2a: Regidrago|76/100|[from] Sandstorm
|-heal|p1a: Hippowdon|95/100|[from] item: Leftovers
|upkeep
|turn|8
|
|t:|1651293560
|switch|p1a: Excadrill|Excadrill, M|100/100
|move|p2a: Regidrago|Draco Meteor|p1a: Excadrill
|-resisted|p1a: Excadrill
|-damage|p1a: Excadrill|9/100
|-unboost|p2a: Regidrago|spa|2
|
|-weather|Sandstorm|[upkeep]
|-damage|p2a: Regidrago|70/100|[from] Sandstorm
|upkeep
|turn|9
|
|t:|1651293567
|switch|p2a: Ferrothorn|Ferrothorn, F|100/100
|move|p1a: Excadrill|Iron Head|p2a: Ferrothorn
|-resisted|p2a: Ferrothorn
|-damage|p2a: Ferrothorn|85/100
|-damage|p1a: Excadrill|0 fnt|[from] ability: Iron Barbs|[of] p2a: Ferrothorn
|faint|p1a: Excadrill
|
|-weather|Sandstorm|[upkeep]
|-heal|p2a: Ferrothorn|91/100|[from] item: Leftovers
|upkeep
|
|t:|1651293570
|switch|p1a: Dracozolt|Dracozolt|100/100
|turn|10
|
|t:|1651293574
|switch|p2a: Tornadus|Tornadus-Therian, M|100/100
|move|p1a: Dracozolt|Fire Blast|p2a: Tornadus
|-damage|p2a: Tornadus|80/100
|-damage|p1a: Dracozolt|91/100|[from] item: Life Orb
|
|-weather|Sandstorm|[upkeep]
|-damage|p2a: Tornadus|74/100|[from] Sandstorm
|upkeep
|turn|11
|
|t:|1651293580
|switch|p2a: Landorus|Landorus-Therian, M|77/100
|-ability|p2a: Landorus|Intimidate|boost
|-unboost|p1a: Dracozolt|atk|1
|move|p1a: Dracozolt|Draco Meteor|p2a: Landorus
|-damage|p2a: Landorus|38/100
|-unboost|p1a: Dracozolt|spa|2
|-damage|p1a: Dracozolt|81/100|[from] item: Life Orb
|
|-weather|none
|-heal|p2a: Landorus|44/100|[from] item: Leftovers
|upkeep
|turn|12
|
|t:|1651293587
|switch|p1a: Hippowdon|Hippowdon, F|95/100
|-weather|Sandstorm|[from] ability: Sand Stream|[of] p1a: Hippowdon
|move|p2a: Landorus|U-turn|p1a: Hippowdon
|-damage|p1a: Hippowdon|83/100
|
|t:|1651293590
|switch|p2a: Regidrago|Regidrago|70/100|[from]move: U-turn
|
|-weather|Sandstorm|[upkeep]
|-damage|p2a: Regidrago|64/100|[from] Sandstorm
|-heal|p1a: Hippowdon|89/100|[from] item: Leftovers
|upkeep
|turn|13
|
|t:|1651293595
|move|p2a: Regidrago|Draco Meteor|p1a: Hippowdon|[miss]
|-miss|p2a: Regidrago|p1a: Hippowdon
|move|p1a: Hippowdon|Earthquake|p2a: Regidrago
|-damage|p2a: Regidrago|25/100
|
|-weather|Sandstorm|[upkeep]
|-damage|p2a: Regidrago|18/100|[from] Sandstorm
|-heal|p1a: Hippowdon|95/100|[from] item: Leftovers
|upkeep
|turn|14
|
|t:|1651293599
|move|p2a: Regidrago|Draco Meteor|p1a: Hippowdon
|-damage|p1a: Hippowdon|0 fnt
|-unboost|p2a: Regidrago|spa|2
|faint|p1a: Hippowdon
|
|-weather|Sandstorm|[upkeep]
|-damage|p2a: Regidrago|12/100|[from] Sandstorm
|upkeep
|
|t:|1651293605
|switch|p1a: Dracozolt|Dracozolt|81/100
|turn|15
|
|t:|1651293611
|switch|p2a: Tornadus|Tornadus-Therian, M|100/100
|move|p1a: Dracozolt|Fire Blast|p2a: Tornadus
|-damage|p2a: Tornadus|82/100
|-damage|p1a: Dracozolt|71/100|[from] item: Life Orb
|
|-weather|Sandstorm|[upkeep]
|-damage|p2a: Tornadus|76/100|[from] Sandstorm
|upkeep
|turn|16
|
|t:|1651293615
|move|p1a: Dracozolt|Bolt Beak|p2a: Tornadus
|-supereffective|p2a: Tornadus
|-damage|p2a: Tornadus|0 fnt
|faint|p2a: Tornadus
|-damage|p1a: Dracozolt|61/100|[from] item: Life Orb
|
|-weather|none
|upkeep
|
|t:|1651293620
|switch|p2a: Regidrago|Regidrago|12/100
|turn|17
|
|t:|1651293624
|move|p2a: Regidrago|Dragon Pulse|p1a: Dracozolt
|-supereffective|p1a: Dracozolt
|-damage|p1a: Dracozolt|0 fnt
|faint|p1a: Dracozolt
|
|upkeep
|-message|depper11 forfeited.
|
|win|Elite4Donovan
|raw|depper11's rating: 1457 &rarr; <strong>1441</strong><br />(-16 for losing)
|raw|Elite4Donovan's rating: 1531 &rarr; <strong>1547</strong><br />(+16 for winning)
|l|☆depper11
