|j|☆SleepyNeil
|j|☆Sombra Diurna
|t:|1644483835
|gametype|singles
|player|p1|SleepyNeil|lucas|1725
|player|p2|Sombra Diurna|blue|1700
|teamsize|p1|6
|teamsize|p2|6
|gen|8
|tier|[Gen 8] OU
|rated|
|rule|Sleep Clause Mod: Limit one foe put to sleep
|rule|Species Clause: Limit one of each Pokémon
|rule|OHKO Clause: OHKO moves are banned
|rule|Evasion Moves Clause: Evasion moves are banned
|rule|Endless Battle Clause: Forcing endless battles is banned
|rule|HP Percentage Mod: HP is shown in percentages
|rule|Dynamax Clause: You cannot dynamax
|clearpoke
|poke|p1|Corviknight, M|
|poke|p1|Buzzwole|
|poke|p1|Weavile, F|
|poke|p1|Rotom-Wash|
|poke|p1|Garchomp, M|
|poke|p1|Slowking-Galar, M|
|poke|p2|Marowak-Alola, M|
|poke|p2|Slowbro, M|
|poke|p2|Hatterene, F|
|poke|p2|Garchomp, M|
|poke|p2|Ferrothorn, M|
|poke|p2|Drampa, M|
|teampreview
|
|t:|1644483847
|start
|switch|p1a: Weavile|Weavile, F|100/100
|switch|p2a: Thorns|Ferrothorn, M|100/100
|-ability|p1a: Weavile|Pressure
|turn|1
|
|t:|1644483854
|switch|p1a: Corviknight|Corviknight, M|100/100
|-ability|p1a: Corviknight|Pressure
|move|p2a: Thorns|Stealth Rock|p1a: Corviknight
|-sidestart|p1: SleepyNeil|move: Stealth Rock
|
|upkeep
|turn|2
|
|t:|1644483860
|move|p1a: Corviknight|Defog|p2a: Thorns
|-unboost|p2a: Thorns|evasion|1
|-sideend|p1: SleepyNeil|Stealth Rock|[from] move: Defog|[of] p1a: Corviknight
|move|p2a: Thorns|Leech Seed|p1a: Corviknight
|-start|p1a: Corviknight|move: Leech Seed
|
|-damage|p1a: Corviknight|88/100|[from] Leech Seed|[of] p2a: Thorns
|upkeep
|turn|3
|
|t:|1644483872
|switch|p1a: Slowking|Slowking-Galar, M|100/100
|move|p2a: Thorns|Leech Seed|p1a: Slowking
|-start|p1a: Slowking|move: Leech Seed
|
|-damage|p1a: Slowking|88/100|[from] Leech Seed|[of] p2a: Thorns
|upkeep
|turn|4
|inactive|Battle timer is ON: inactive players will automatically lose when time's up. (requested by Sombra Diurna)
|j| Hoo-bah-stank
|
|t:|1644483899
|move|p1a: Slowking|Sludge Bomb|p2a: Thorns
|-immune|p2a: Thorns
|move|p2a: Thorns|Stealth Rock|p1a: Slowking
|-sidestart|p1: SleepyNeil|move: Stealth Rock
|
|-damage|p1a: Slowking|76/100|[from] Leech Seed|[of] p2a: Thorns
|upkeep
|turn|5
|
|t:|1644483908
|switch|p1a: Corviknight|Corviknight, M|88/100
|-damage|p1a: Corviknight|75/100|[from] Stealth Rock
|-ability|p1a: Corviknight|Pressure
|switch|p2a: Billy B.|Marowak-Alola, M, shiny|100/100
|
|-heal|p1a: Corviknight|82/100|[from] item: Leftovers
|upkeep
|turn|6
|
|t:|1644483918
|move|p1a: Corviknight|Defog|p2a: Billy B.
|-unboost|p2a: Billy B.|evasion|1
|-sideend|p1: SleepyNeil|Stealth Rock|[from] move: Defog|[of] p1a: Corviknight
|move|p2a: Billy B.|Poltergeist|p1a: Corviknight
|-activate|p1a: Corviknight|move: Poltergeist|Leftovers
|-damage|p1a: Corviknight|1/100
|
|-heal|p1a: Corviknight|8/100|[from] item: Leftovers
|upkeep
|turn|7
|
|t:|1644483935
|move|p1a: Corviknight|Brave Bird|p2a: Billy B.
|-damage|p2a: Billy B.|64/100
|-damage|p1a: Corviknight|0 fnt|[from] Recoil
|faint|p1a: Corviknight
|move|p2a: Billy B.|Poltergeist|p1: Corviknight|[notarget]
|-fail|p2a: Billy B.
|
|upkeep
|
|t:|1644483939
|switch|p1a: Garchomp|Garchomp, M|100/100
|turn|8
|
|t:|1644483944
|switch|p2a: Sonso|Slowbro, M|100/100
|move|p1a: Garchomp|Stealth Rock|p2a: Sonso
|-sidestart|p2: Sombra Diurna|move: Stealth Rock
|
|upkeep
|turn|9
|
|t:|1644483952
|switch|p1a: Rotom|Rotom-Wash|100/100
|move|p2a: Sonso|Scald|p1a: Rotom
|-resisted|p1a: Rotom
|-damage|p1a: Rotom|87/100
|
|upkeep
|turn|10
|
|t:|1644483962
|switch|p2a: Sharko|Garchomp, M|100/100
|-damage|p2a: Sharko|94/100|[from] Stealth Rock
|move|p1a: Rotom|Trick|p2a: Sharko
|-activate|p1a: Rotom|move: Trick|[of] p2a: Sharko
|-item|p2a: Sharko|Choice Specs|[from] move: Trick
|-item|p1a: Rotom|Leftovers|[from] move: Trick
|
|-heal|p1a: Rotom|93/100|[from] item: Leftovers
|upkeep
|turn|11
|
|t:|1644483971
|move|p2a: Sharko|Scale Shot|p1a: Rotom
|-damage|p1a: Rotom|79/100
|-damage|p1a: Rotom|63/100
|-damage|p1a: Rotom|49/100
|-damage|p1a: Rotom|33/100
|-hitcount|p1a: Rotom|4
|-unboost|p2a: Sharko|def|1
|-boost|p2a: Sharko|spe|1
|move|p1a: Rotom|Hydro Pump|p2a: Sharko
|-damage|p2a: Sharko|42/100
|
|-heal|p1a: Rotom|39/100|[from] item: Leftovers
|upkeep
|turn|12
|
|t:|1644483984
|switch|p1a: Buzzwole|Buzzwole|100/100
|move|p2a: Sharko|Scale Shot|p1a: Buzzwole
|-damage|p1a: Buzzwole|93/100
|-damage|p1a: Buzzwole|83/100
|-damage|p1a: Buzzwole|74/100
|-hitcount|p1a: Buzzwole|3
|-unboost|p2a: Sharko|def|1
|-boost|p2a: Sharko|spe|1
|
|upkeep
|turn|13
|
|t:|1644483994
|switch|p2a: Sonso|Slowbro, M|100/100
|-damage|p2a: Sonso|88/100|[from] Stealth Rock
|move|p1a: Buzzwole|Ice Punch|p2a: Sonso
|-resisted|p2a: Sonso
|-damage|p2a: Sonso|80/100
|
|upkeep
|turn|14
|
|t:|1644484004
|move|p1a: Buzzwole|Taunt|p2a: Sonso
|-start|p2a: Sonso|move: Taunt
|move|p2a: Sonso|Scald|p1a: Buzzwole
|-damage|p1a: Buzzwole|35/100
|
|upkeep
|turn|15
|
|t:|1644484012
|switch|p1a: Rotom|Rotom-Wash|39/100
|move|p2a: Sonso|Scald|p1a: Rotom
|-resisted|p1a: Rotom
|-damage|p1a: Rotom|24/100
|
|-heal|p1a: Rotom|30/100|[from] item: Leftovers
|upkeep
|turn|16
|
|t:|1644484020
|switch|p2a: Thorns|Ferrothorn, M|100/100
|-damage|p2a: Thorns|94/100|[from] Stealth Rock
|move|p1a: Rotom|Volt Switch|p2a: Thorns
|-resisted|p2a: Thorns
|-damage|p2a: Thorns|84/100
|
|t:|1644484024
|switch|p1a: Slowking|Slowking-Galar, M|100/100|[from]move: Volt Switch
|
|upkeep
|turn|17
|
|t:|1644484029
|move|p1a: Slowking|Flamethrower|p2a: Thorns
|-supereffective|p2a: Thorns
|-damage|p2a: Thorns|15/100
|move|p2a: Thorns|Stealth Rock|p1a: Slowking
|-sidestart|p1: SleepyNeil|move: Stealth Rock
|
|upkeep
|turn|18
|
|t:|1644484036
|switch|p2a: Sonso|Slowbro, M|100/100
|-damage|p2a: Sonso|88/100|[from] Stealth Rock
|move|p1a: Slowking|Sludge Bomb|p2a: Sonso
|-damage|p2a: Sonso|48/100
|
|upkeep
|turn|19
|
|t:|1644484046
|move|p1a: Slowking|Future Sight|p2a: Sonso
|-start|p1a: Slowking|move: Future Sight
|move|p2a: Sonso|Trick Room|p2a: Sonso
|-fieldstart|move: Trick Room|[of] p2a: Sonso
|
|upkeep
|turn|20
|
|t:|1644484051
|move|p2a: Sonso|Slack Off|p2a: Sonso
|-heal|p2a: Sonso|98/100
|move|p1a: Slowking|Sludge Bomb|p2a: Sonso
|-damage|p2a: Sonso|59/100
|-status|p2a: Sonso|psn
|
|-damage|p2a: Sonso|46/100 psn|[from] psn
|upkeep
|turn|21
|
|t:|1644484059
|switch|p2a: Thorns|Ferrothorn, M|15/100
|-damage|p2a: Thorns|8/100|[from] Stealth Rock
|move|p1a: Slowking|Sludge Bomb|p2a: Thorns
|-immune|p2a: Thorns
|
|-end|p2a: Thorns|move: Future Sight
|-resisted|p2a: Thorns
|-damage|p2a: Thorns|0 fnt
|faint|p2a: Thorns
|upkeep
|
|t:|1644484068
|switch|p2a: Billy B.|Marowak-Alola, M, shiny|64/100
|-damage|p2a: Billy B.|40/100|[from] Stealth Rock
|turn|22
|
|t:|1644484081
|switch|p1a: Buzzwole|Buzzwole|35/100
|-damage|p1a: Buzzwole|23/100|[from] Stealth Rock
|move|p2a: Billy B.|Poltergeist|p1a: Buzzwole
|-activate|p1a: Buzzwole|move: Poltergeist|Rocky Helmet
|-damage|p1a: Buzzwole|0 fnt
|faint|p1a: Buzzwole
|
|upkeep
|
|t:|1644484091
|switch|p1a: Rotom|Rotom-Wash|30/100
|-damage|p1a: Rotom|18/100|[from] Stealth Rock
|turn|23
|
|t:|1644484095
|move|p2a: Billy B.|Flare Blitz|p1a: Rotom
|-resisted|p1a: Rotom
|-damage|p1a: Rotom|0 fnt
|faint|p1a: Rotom
|
|-fieldend|move: Trick Room
|upkeep
|
|t:|1644484097
|switch|p1a: Garchomp|Garchomp, M|100/100
|-damage|p1a: Garchomp|94/100|[from] Stealth Rock
|turn|24
|
|t:|1644484111
|switch|p2a: Falkor|Drampa, M|100/100
|-damage|p2a: Falkor|88/100|[from] Stealth Rock
|move|p1a: Garchomp|Swords Dance|p1a: Garchomp
|-boost|p1a: Garchomp|atk|2
|
|-heal|p1a: Garchomp|100/100|[from] item: Leftovers
|upkeep
|turn|25
|
|t:|1644484133
|move|p1a: Garchomp|Scale Shot|p2a: Falkor
|-supereffective|p2a: Falkor
|-damage|p2a: Falkor|36/100
|-supereffective|p2a: Falkor
|-damage|p2a: Falkor|0 fnt
|faint|p2a: Falkor
|-hitcount|p2: Falkor|2
|-unboost|p1a: Garchomp|def|1
|-boost|p1a: Garchomp|spe|1
|
|upkeep
|
|t:|1644484141
|switch|p2a: Sonso|Slowbro, M|80/100 psn
|-damage|p2a: Sonso|67/100 psn|[from] Stealth Rock
|turn|26
|
|t:|1644484145
|move|p1a: Garchomp|Earthquake|p2a: Sonso
|-damage|p2a: Sonso|5/100 psn
|move|p2a: Sonso|Trick Room|p2a: Sonso
|-fieldstart|move: Trick Room|[of] p2a: Sonso
|
|-damage|p2a: Sonso|0 fnt|[from] psn
|faint|p2a: Sonso
|upkeep
|
|t:|1644484152
|switch|p2a: Billy B.|Marowak-Alola, M, shiny|40/100
|-damage|p2a: Billy B.|15/100|[from] Stealth Rock
|turn|27
|
|t:|1644484157
|switch|p1a: Weavile|Weavile, F|100/100
|-ability|p1a: Weavile|Pressure
|move|p2a: Billy B.|Poltergeist|p1a: Weavile
|-activate|p1a: Weavile|move: Poltergeist|Heavy-Duty Boots
|-resisted|p1a: Weavile
|-damage|p1a: Weavile|25/100
|
|upkeep
|turn|28
|
|t:|1644484185
|switch|p1a: Garchomp|Garchomp, M|100/100
|-damage|p1a: Garchomp|94/100|[from] Stealth Rock
|move|p2a: Billy B.|Flare Blitz|p1a: Garchomp
|-resisted|p1a: Garchomp
|-damage|p1a: Garchomp|49/100
|-damage|p2a: Billy B.|2/100|[from] ability: Rough Skin|[of] p1a: Garchomp
|
|-heal|p1a: Garchomp|55/100|[from] item: Leftovers
|upkeep
|turn|29
|
|t:|1644484207
|switch|p1a: Slowking|Slowking-Galar, M|100/100
|-damage|p1a: Slowking|88/100|[from] Stealth Rock
|move|p2a: Billy B.|Poltergeist|p1a: Slowking|[miss]
|-miss|p2a: Billy B.|p1a: Slowking
|
|upkeep
|turn|30
|
|t:|1644484220
|switch|p2a: Sharko|Garchomp, M|42/100
|-damage|p2a: Sharko|36/100|[from] Stealth Rock
|move|p1a: Slowking|Flamethrower|p2a: Sharko
|-resisted|p2a: Sharko
|-damage|p2a: Sharko|22/100
|
|-fieldend|move: Trick Room
|upkeep
|turn|31
|
|t:|1644484229
|switch|p1a: Garchomp|Garchomp, M|55/100
|-damage|p1a: Garchomp|49/100|[from] Stealth Rock
|move|p2a: Sharko|Earthquake|p1a: Garchomp
|-damage|p1a: Garchomp|0 fnt
|faint|p1a: Garchomp
|
|upkeep
|
|t:|1644484230
|switch|p1a: Weavile|Weavile, F|25/100
|-ability|p1a: Weavile|Pressure
|turn|32
|
|t:|1644484240
|move|p1a: Weavile|Ice Shard|p2a: Sharko
|-supereffective|p2a: Sharko
|-damage|p2a: Sharko|0 fnt
|faint|p2a: Sharko
|
|upkeep
|
|t:|1644484244
|switch|p2a: Gorra|Hatterene, F, shiny|100/100
|-damage|p2a: Gorra|88/100|[from] Stealth Rock
|turn|33
|
|t:|1644484255
|move|p1a: Weavile|Knock Off|p2a: Gorra
|-crit|p2a: Gorra
|-damage|p2a: Gorra|14/100
|-enditem|p2a: Gorra|Kasib Berry|[from] move: Knock Off|[of] p1a: Weavile
|move|p2a: Gorra|Trick Room|p2a: Gorra
|-fieldstart|move: Trick Room|[of] p2a: Gorra
|
|upkeep
|turn|34
|c|☆Sombra Diurna|come on!!!
|c|☆Sombra Diurna|i fucking won
|
|t:|1644484268
|move|p1a: Weavile|Ice Shard|p2a: Gorra
|-damage|p2a: Gorra|0 fnt
|faint|p2a: Gorra
|
|upkeep
|c|☆SleepyNeil|gg
|c|☆Sombra Diurna|lol
|c|☆SleepyNeil|u choked
|c|☆Sombra Diurna|lollolol
|c|☆SleepyNeil|didn't like poltergeist into chomp
|inactive|Sombra Diurna has 120 seconds left.
|c|☆Sombra Diurna|i got healing wish
|c|☆SleepyNeil|*click
|c|☆SleepyNeil|nah see
|c|☆SleepyNeil|good players
|c|☆Sombra Diurna|hahahahaha
|c|☆Sombra Diurna|fuking noob
|c|☆SleepyNeil|realize where they can play better
|c|☆Sombra Diurna|you won for pure luck
|c|☆SleepyNeil|bad Players complain off of hax
|inactive|Sombra Diurna has 90 seconds left.
|c|☆SleepyNeil|thanks for the elo sir
|c|☆Sombra Diurna|you critme in last play
|c|☆Sombra Diurna|hahahaha
|c|☆SleepyNeil|thanks for the elo sir
|c|☆Sombra Diurna|miss+crit
|c|☆SleepyNeil|and the miss play
|c|☆Sombra Diurna|of curse, any noob can win whit luck
|c|☆SleepyNeil|yo big brain is a misplay
|inactive|Sombra Diurna has 60 seconds left.
|c|☆Sombra Diurna|i no need predict your patetic plays
|c|☆SleepyNeil|nah
|c|☆SleepyNeil|salty baby
|inactive|Sombra Diurna has 30 seconds left.
|c|☆Sombra Diurna|in theory, i won without hax
|-message|Sombra Diurna forfeited.
|
|win|SleepyNeil
|inactive|Sombra Diurna has 30 seconds left this turn.
|raw|SleepyNeil's rating: 1725 &rarr; <strong>1744</strong><br />(+19 for winning)
|raw|Sombra Diurna's rating: 1700 &rarr; <strong>1681</strong><br />(-19 for losing)
|l|☆Sombra Diurna
|c| Hoo-bah-stank|Was ice shard not a ko on maro last time it was in?
|c| Hoo-bah-stank|when you doubled back to chomp
|c|☆SleepyNeil|the man doesnt realize
|c|☆SleepyNeil|I swords dance on healing wish turn
|c|☆SleepyNeil|ice shard into slowking hit
||Ladder isn't responding, score probably updated but might not have (Request timeout).
