|j|☆Darkman64
|j|☆Witchs
|t:|1662785043
|gametype|singles
|player|p1|Darkman64|juan|1568
|player|p2|Witchs|266|1592
|teamsize|p1|6
|teamsize|p2|6
|gen|8
|tier|[Gen 8] OU
|rated|
|rule|Sleep Clause Mod: Limit one foe put to sleep
|rule|Species Clause: Limit one of each Pokémon
|rule|OHKO Clause: OHKO moves are banned
|rule|Evasion Items Clause: Evasion items are banned
|rule|Evasion Moves Clause: Evasion moves are banned
|rule|Endless Battle Clause: Forcing endless battles is banned
|rule|HP Percentage Mod: HP is shown in percentages
|rule|Dynamax Clause: You cannot dynamax
|clearpoke
|poke|p1|Weavile, M|
|poke|p1|Slowbro, M|
|poke|p1|Landorus-Therian, M|
|poke|p1|Urshifu-*, M|
|poke|p1|Ferrothorn, M|
|poke|p1|Clefable, M|
|poke|p2|Azumarill, F|
|poke|p2|Araquanid, F|
|poke|p2|Slowbro-Galar, M|
|poke|p2|Mamoswine, F|
|poke|p2|Goodra, M|
|poke|p2|Bisharp, M|
|teampreview
|inactive|Battle timer is ON: inactive players will automatically lose when time's up. (requested by Witchs)
|inactive|Darkman64 has 120 seconds left.
|
|t:|1662785094
|start
|switch|p1a: Weavile|Weavile, M|100/100
|switch|p2a: Azumarill|Azumarill, F|100/100
|-ability|p1a: Weavile|Pressure
|turn|1
|inactive|Darkman64 has 120 seconds left.
|
|t:|1662785129
|move|p1a: Weavile|Knock Off|p2a: Azumarill
|-resisted|p2a: Azumarill
|-damage|p2a: Azumarill|61/100
|-enditem|p2a: Azumarill|Sitrus Berry|[from] move: Knock Off|[of] p1a: Weavile
|move|p2a: Azumarill|Belly Drum|p2a: Azumarill
|-damage|p2a: Azumarill|11/100
|-setboost|p2a: Azumarill|atk|6|[from] move: Belly Drum
|
|upkeep
|turn|2
|
|t:|1662785134
|switch|p1a: Ferrothorn|Ferrothorn, M|100/100
|move|p2a: Azumarill|Aqua Jet|p1a: Ferrothorn
|-resisted|p1a: Ferrothorn
|-damage|p1a: Ferrothorn|71/100
|-damage|p2a: Azumarill|0 fnt|[from] ability: Iron Barbs|[of] p1a: Ferrothorn
|faint|p2a: Azumarill
|
|-heal|p1a: Ferrothorn|77/100|[from] item: Leftovers
|upkeep
|
|t:|1662785140
|switch|p2a: Slowbro|Slowbro-Galar, M|100/100
|turn|3
|inactive|Darkman64 has 120 seconds left.
|inactive|Darkman64 has 90 seconds left.
|-activate|p2a: Slowbro|item: Quick Claw
|
|t:|1662785214
|switch|p1a: Landorus|Landorus-Therian, M|100/100
|-ability|p1a: Landorus|Intimidate|boost
|-unboost|p2a: Slowbro|atk|1
|move|p2a: Slowbro|Nasty Plot|p2a: Slowbro
|-boost|p2a: Slowbro|spa|2
|
|upkeep
|turn|4
|-activate|p2a: Slowbro|ability: Quick Draw
|
|t:|1662785218
|move|p2a: Slowbro|Ice Beam|p1a: Landorus
|-supereffective|p1a: Landorus
|-damage|p1a: Landorus|0 fnt
|faint|p1a: Landorus
|
|upkeep
|
|t:|1662785222
|switch|p1a: Weavile|Weavile, M|100/100
|-ability|p1a: Weavile|Pressure
|turn|5
|-activate|p2a: Slowbro|ability: Quick Draw
|
|t:|1662785226
|move|p2a: Slowbro|Flamethrower|p1a: Weavile
|-supereffective|p1a: Weavile
|-damage|p1a: Weavile|0 fnt
|faint|p1a: Weavile
|
|upkeep
|
|t:|1662785229
|switch|p1a: Urshifu|Urshifu-Rapid-Strike, M|100/100
|turn|6
|-activate|p2a: Slowbro|ability: Quick Draw
|
|t:|1662785233
|move|p2a: Slowbro|Shell Side Arm|p1a: Urshifu|[anim] Shell Side Arm Special
|-damage|p1a: Urshifu|0 fnt
|-hint|Special Shell Side Arm
|faint|p1a: Urshifu
|
|upkeep
|
|t:|1662785238
|switch|p1a: Slowbro|Slowbro, M|100/100
|turn|7
|-activate|p2a: Slowbro|ability: Quick Draw
|
|t:|1662785241
|move|p2a: Slowbro|Shell Side Arm|p1a: Slowbro|[anim] Shell Side Arm Special
|-damage|p1a: Slowbro|16/100
|-hint|Special Shell Side Arm
|move|p1a: Slowbro|Future Sight|p2a: Slowbro
|-start|p1a: Slowbro|move: Future Sight
|
|upkeep
|turn|8
|c|☆Darkman64|okay
|c|☆Darkman64|thanks luck
|
|t:|1662785250
|switch|p1a: Ferrothorn|Ferrothorn, M|77/100
|move|p2a: Slowbro|Shell Side Arm|p1a: Ferrothorn|[anim] Shell Side Arm Special
|-immune|p1a: Ferrothorn
|
|-heal|p1a: Ferrothorn|83/100|[from] item: Leftovers
|upkeep
|turn|9
|
|t:|1662785255
|switch|p1a: Clefable|Clefable, M|100/100
|move|p2a: Slowbro|Flamethrower|p1a: Clefable
|-damage|p1a: Clefable|72/100
|
|-end|p2a: Slowbro|move: Future Sight
|-damage|p2a: Slowbro|49/100
|-heal|p1a: Clefable|78/100|[from] item: Leftovers
|upkeep
|turn|10
|-activate|p2a: Slowbro|item: Quick Claw
|
|t:|1662785268
|move|p1a: Clefable|Protect|p1a: Clefable
|-singleturn|p1a: Clefable|Protect
|move|p2a: Slowbro|Shell Side Arm|p1a: Clefable|[anim] Shell Side Arm Special
|-activate|p1a: Clefable|move: Protect
|
|-heal|p1a: Clefable|85/100|[from] item: Leftovers
|upkeep
|turn|11
|
|t:|1662785273
|switch|p1a: Ferrothorn|Ferrothorn, M|83/100
|move|p2a: Slowbro|Shell Side Arm|p1a: Ferrothorn|[anim] Shell Side Arm Special
|-immune|p1a: Ferrothorn
|
|-heal|p1a: Ferrothorn|89/100|[from] item: Leftovers
|upkeep
|turn|12
|
|t:|1662785276
|switch|p1a: Clefable|Clefable, M|85/100
|move|p2a: Slowbro|Flamethrower|p1a: Clefable
|-damage|p1a: Clefable|59/100
|
|-heal|p1a: Clefable|65/100|[from] item: Leftovers
|upkeep
|turn|13
|
|t:|1662785280
|move|p1a: Clefable|Protect|p1a: Clefable
|-singleturn|p1a: Clefable|Protect
|move|p2a: Slowbro|Nasty Plot|p2a: Slowbro
|-boost|p2a: Slowbro|spa|2
|
|-heal|p1a: Clefable|71/100|[from] item: Leftovers
|upkeep
|turn|14
|inactive|Darkman64 has 120 seconds left.
|-activate|p2a: Slowbro|item: Quick Claw
|
|t:|1662785314
|move|p2a: Slowbro|Shell Side Arm|p1a: Clefable|[anim] Shell Side Arm Special
|-supereffective|p1a: Clefable
|-damage|p1a: Clefable|0 fnt
|-hint|Special Shell Side Arm
|faint|p1a: Clefable
|
|upkeep
|
|t:|1662785318
|switch|p1a: Slowbro|Slowbro, M|49/100
|turn|15
|
|t:|1662785321
|move|p2a: Slowbro|Shell Side Arm|p1a: Slowbro|[anim] Shell Side Arm Special
|-crit|p1a: Slowbro
|-damage|p1a: Slowbro|0 fnt
|-hint|Special Shell Side Arm
|faint|p1a: Slowbro
|
|upkeep
|inactive|Darkman64 has 120 seconds left.
|c|☆Witchs|Estrategic
|
|t:|1662785355
|switch|p1a: Ferrothorn|Ferrothorn, M|89/100
|turn|16
|c|☆Darkman64|tabien
|
|t:|1662785363
|move|p2a: Slowbro|Flamethrower|p1a: Ferrothorn
|-supereffective|p1a: Ferrothorn
|-damage|p1a: Ferrothorn|0 fnt
|faint|p1a: Ferrothorn
|
|win|Witchs
|raw|Darkman64's rating: 1568 &rarr; <strong>1549</strong><br />(-19 for losing)
|raw|Witchs's rating: 1592 &rarr; <strong>1611</strong><br />(+19 for winning)
|l|☆Darkman64
