|j|☆JooshP
|j|☆quixana
|t:|1662716054
|gametype|singles
|player|p1|JooshP|red|1802
|player|p2|quixana|ethan-pokeathlon|1809
|teamsize|p1|6
|teamsize|p2|6
|gen|8
|tier|[Gen 8] OU
|rated|
|rule|Sleep Clause Mod: Limit one foe put to sleep
|rule|Species Clause: Limit one of each Pokémon
|rule|OHKO Clause: OHKO moves are banned
|rule|Evasion Items Clause: Evasion items are banned
|rule|Evasion Moves Clause: Evasion moves are banned
|rule|Endless Battle Clause: Forcing endless battles is banned
|rule|HP Percentage Mod: HP is shown in percentages
|rule|Dynamax Clause: You cannot dynamax
|clearpoke
|poke|p1|Urshifu-*, M|
|poke|p1|Skarmory, F|
|poke|p1|Blissey, F|
|poke|p1|Landorus-Therian, M|
|poke|p1|Dragonite, F|
|poke|p1|Blacephalon|
|poke|p2|Zeraora|
|poke|p2|Zapdos|
|poke|p2|Rillaboom, F|
|poke|p2|Kartana|
|poke|p2|Landorus-Therian, M|
|poke|p2|Heatran, M|
|teampreview
|c|☆quixana|wassup
|c|☆JooshP|Sup
|
|t:|1662716088
|start
|switch|p1a: Blissey|Blissey, F|100/100
|switch|p2a: Landorus|Landorus-Therian, M|100/100
|-ability|p2a: Landorus|Intimidate|boost
|-unboost|p1a: Blissey|atk|1
|turn|1
|c|☆quixana|is your blaceph scarf this time or still specs?
|
|t:|1662716096
|move|p2a: Landorus|Stealth Rock|p1a: Blissey
|-sidestart|p1: JooshP|move: Stealth Rock
|move|p1a: Blissey|Toxic|p2a: Landorus
|-status|p2a: Landorus|tox
|
|-damage|p2a: Landorus|94/100 tox|[from] psn
|upkeep
|turn|2
|
|t:|1662716103
|switch|p1a: Landorus|Landorus-Therian, M|100/100
|-damage|p1a: Landorus|88/100|[from] Stealth Rock
|-ability|p1a: Landorus|Intimidate|boost
|-unboost|p2a: Landorus|atk|1
|move|p2a: Landorus|U-turn|p1a: Landorus
|-resisted|p1a: Landorus
|-damage|p1a: Landorus|82/100
|c|☆JooshP|Still specs lol
|
|t:|1662716126
|switch|p2a: Zapdos|Zapdos|100/100|[from]move: U-turn
|
|-heal|p1a: Landorus|88/100|[from] item: Leftovers
|upkeep
|turn|3
|j| AnloveBack
|j| Blop_Le_Slime
|
|t:|1662716139
|switch|p1a: Blissey|Blissey, F|100/100
|move|p2a: Zapdos|Hurricane|p1a: Blissey|[miss]
|-miss|p2a: Zapdos|p1a: Blissey
|
|upkeep
|turn|4
|
|t:|1662716151
|move|p2a: Zapdos|Volt Switch|p1a: Blissey
|-damage|p1a: Blissey|88/100
|
|t:|1662716157
|switch|p2a: Kartana|Kartana|100/100|[from]move: Volt Switch
|move|p1a: Blissey|Teleport|p1a: Blissey
|
|t:|1662716164
|switch|p1a: Skarmory|Skarmory, F|100/100|[from]move: Teleport
|-damage|p1a: Skarmory|88/100|[from] Stealth Rock
|
|upkeep
|turn|5
|j| Narwhale37
|
|t:|1662716171
|move|p2a: Kartana|Knock Off|p1a: Skarmory
|-damage|p1a: Skarmory|65/100
|-damage|p2a: Kartana|84/100|[from] item: Rocky Helmet|[of] p1a: Skarmory
|-enditem|p1a: Skarmory|Rocky Helmet|[from] move: Knock Off|[of] p2a: Kartana
|move|p1a: Skarmory|Spikes|p2a: Kartana
|-sidestart|p2: quixana|Spikes
|
|upkeep
|turn|6
|
|t:|1662716193
|switch|p2a: Zapdos|Zapdos|100/100
|move|p1a: Skarmory|Roost|p1a: Skarmory
|-heal|p1a: Skarmory|100/100
|-singleturn|p1a: Skarmory|move: Roost
|
|upkeep
|turn|7
|
|t:|1662716200
|switch|p1a: Landorus|Landorus-Therian, M|88/100
|-damage|p1a: Landorus|76/100|[from] Stealth Rock
|-ability|p1a: Landorus|Intimidate|boost
|-unboost|p2a: Zapdos|atk|1
|move|p2a: Zapdos|Hurricane|p1a: Landorus|[miss]
|-miss|p2a: Zapdos|p1a: Landorus
|
|-heal|p1a: Landorus|82/100|[from] item: Leftovers
|upkeep
|turn|8
|j| Kyurem
|c|☆JooshP|My b
|
|t:|1662716209
|move|p2a: Zapdos|Hurricane|p1a: Landorus
|-damage|p1a: Landorus|29/100
|-start|p1a: Landorus|confusion
|-activate|p1a: Landorus|confusion
|move|p1a: Landorus|Knock Off|p2a: Zapdos
|-damage|p2a: Zapdos|76/100
|-enditem|p2a: Zapdos|Heavy-Duty Boots|[from] move: Knock Off|[of] p1a: Landorus
|
|-heal|p1a: Landorus|35/100|[from] item: Leftovers
|upkeep
|turn|9
|c|☆quixana|part of the game
|
|t:|1662716221
|switch|p1a: Blissey|Blissey, F|88/100
|move|p2a: Zapdos|Hurricane|p1a: Blissey
|-damage|p1a: Blissey|70/100
|
|upkeep
|turn|10
|
|t:|1662716230
|move|p2a: Zapdos|Volt Switch|p1a: Blissey
|-crit|p1a: Blissey
|-damage|p1a: Blissey|51/100
|
|t:|1662716245
|switch|p2a: Rillaboom|Rillaboom, F|100/100|[from]move: Volt Switch
|-damage|p2a: Rillaboom|88/100|[from] Spikes
|-fieldstart|move: Grassy Terrain|[from] ability: Grassy Surge|[of] p2a: Rillaboom
|move|p1a: Blissey|Toxic|p2a: Rillaboom
|-status|p2a: Rillaboom|tox
|
|-heal|p2a: Rillaboom|94/100 tox|[from] Grassy Terrain
|-heal|p1a: Blissey|57/100|[from] Grassy Terrain
|-damage|p2a: Rillaboom|88/100 tox|[from] psn
|upkeep
|turn|11
|
|t:|1662716257
|switch|p1a: Skarmory|Skarmory, F|100/100
|-damage|p1a: Skarmory|88/100|[from] Stealth Rock
|move|p2a: Rillaboom|Superpower|p1a: Skarmory
|-damage|p1a: Skarmory|52/100
|-unboost|p2a: Rillaboom|atk|1
|-unboost|p2a: Rillaboom|def|1
|-damage|p2a: Rillaboom|78/100 tox|[from] item: Life Orb
|
|-heal|p2a: Rillaboom|84/100 tox|[from] Grassy Terrain
|-damage|p2a: Rillaboom|72/100 tox|[from] psn
|upkeep
|turn|12
|
|t:|1662716269
|switch|p2a: Zeraora|Zeraora|100/100
|move|p1a: Skarmory|Roost|p1a: Skarmory
|-heal|p1a: Skarmory|100/100
|-singleturn|p1a: Skarmory|move: Roost
|
|upkeep
|turn|13
|
|t:|1662716275
|switch|p1a: Landorus|Landorus-Therian, M|35/100
|-damage|p1a: Landorus|22/100|[from] Stealth Rock
|-ability|p1a: Landorus|Intimidate|boost
|-unboost|p2a: Zeraora|atk|1
|move|p2a: Zeraora|Bulk Up|p2a: Zeraora
|-boost|p2a: Zeraora|atk|1
|-boost|p2a: Zeraora|def|1
|
|-heal|p1a: Landorus|29/100|[from] item: Leftovers
|upkeep
|turn|14
|
|t:|1662716284
|move|p2a: Zeraora|Knock Off|p1a: Landorus
|-damage|p1a: Landorus|4/100
|-enditem|p1a: Landorus|Leftovers|[from] move: Knock Off|[of] p2a: Zeraora
|move|p1a: Landorus|Knock Off|p2a: Zeraora
|-damage|p2a: Zeraora|71/100
|-enditem|p2a: Zeraora|Heavy-Duty Boots|[from] move: Knock Off|[of] p1a: Landorus
|
|-heal|p2a: Zeraora|77/100|[from] Grassy Terrain
|-fieldend|move: Grassy Terrain
|upkeep
|turn|15
|
|t:|1662716293
|move|p2a: Zeraora|Knock Off|p1a: Landorus
|-damage|p1a: Landorus|0 fnt
|faint|p1a: Landorus
|
|upkeep
|
|t:|1662716296
|switch|p1a: Dragonite|Dragonite, F|100/100
|turn|16
|
|t:|1662716307
|move|p2a: Zeraora|Knock Off|p1a: Dragonite
|-damage|p1a: Dragonite|83/100
|-enditem|p1a: Dragonite|Heavy-Duty Boots|[from] move: Knock Off|[of] p2a: Zeraora
|move|p1a: Dragonite|Dragon Dance|p1a: Dragonite
|-boost|p1a: Dragonite|atk|1
|-boost|p1a: Dragonite|spe|1
|
|upkeep
|turn|17
|
|t:|1662716313
|move|p1a: Dragonite|Roost|p1a: Dragonite
|-heal|p1a: Dragonite|100/100
|-singleturn|p1a: Dragonite|move: Roost
|move|p2a: Zeraora|Plasma Fists|p1a: Dragonite
|-resisted|p1a: Dragonite
|-damage|p1a: Dragonite|88/100
|-fieldactivate|move: Ion Deluge
|-hint|Normal-type moves become Electric-type after using Plasma Fists.
|
|upkeep
|turn|18
|
|t:|1662716344
|move|p1a: Dragonite|Dragon Dance|p1a: Dragonite
|-boost|p1a: Dragonite|atk|1
|-boost|p1a: Dragonite|spe|1
|move|p2a: Zeraora|Plasma Fists|p1a: Dragonite
|-damage|p1a: Dragonite|37/100
|-fieldactivate|move: Ion Deluge
|-hint|Normal-type moves become Electric-type after using Plasma Fists.
|
|upkeep
|turn|19
|
|t:|1662716361
|switch|p2a: Landorus|Landorus-Therian, M|94/100 tox
|-ability|p2a: Landorus|Intimidate|boost
|-unboost|p1a: Dragonite|atk|1
|move|p1a: Dragonite|Roost|p1a: Dragonite
|-heal|p1a: Dragonite|87/100
|-singleturn|p1a: Dragonite|move: Roost
|
|-heal|p2a: Landorus|100/100 tox|[from] item: Leftovers
|-damage|p2a: Landorus|94/100 tox|[from] psn
|upkeep
|turn|20
|
|t:|1662716367
|move|p1a: Dragonite|Ice Punch|p2a: Landorus
|-supereffective|p2a: Landorus
|-damage|p2a: Landorus|0 fnt
|faint|p2a: Landorus
|
|upkeep
|
|t:|1662716371
|switch|p2a: Zapdos|Zapdos|76/100
|turn|21
|
|t:|1662716375
|move|p1a: Dragonite|Ice Punch|p2a: Zapdos
|-supereffective|p2a: Zapdos
|-damage|p2a: Zapdos|7/100
|-status|p1a: Dragonite|par|[from] ability: Static|[of] p2a: Zapdos
|move|p2a: Zapdos|Volt Switch|p1a: Dragonite
|-damage|p1a: Dragonite|54/100 par
|j| usserrnnamme
|
|t:|1662716394
|switch|p2a: Kartana|Kartana|84/100|[from]move: Volt Switch
|-damage|p2a: Kartana|72/100|[from] Spikes
|
|upkeep
|turn|22
|
|t:|1662716400
|move|p2a: Kartana|Smart Strike|p1a: Dragonite
|-damage|p1a: Dragonite|5/100 par
|move|p1a: Dragonite|Earthquake|p2a: Kartana
|-damage|p2a: Kartana|14/100
|
|upkeep
|turn|23
|
|t:|1662716408
|switch|p1a: Skarmory|Skarmory, F|100/100
|-damage|p1a: Skarmory|88/100|[from] Stealth Rock
|move|p2a: Kartana|Smart Strike|p1a: Skarmory
|-resisted|p1a: Skarmory
|-damage|p1a: Skarmory|76/100
|
|upkeep
|turn|24
|
|t:|1662716418
|switch|p2a: Heatran|Heatran, M|100/100
|-damage|p2a: Heatran|88/100|[from] Spikes
|move|p1a: Skarmory|Body Press|p2a: Heatran
|-supereffective|p2a: Heatran
|-damage|p2a: Heatran|52/100
|-status|p1a: Skarmory|brn|[from] ability: Flame Body|[of] p2a: Heatran
|
|-heal|p2a: Heatran|58/100|[from] item: Leftovers
|-damage|p1a: Skarmory|70/100 brn|[from] brn
|upkeep
|turn|25
|
|t:|1662716426
|switch|p1a: Dragonite|Dragonite, F|5/100 par
|-damage|p1a: Dragonite|0 fnt|[from] Stealth Rock
|faint|p1a: Dragonite
|move|p2a: Heatran|Lava Plume|p1: Dragonite|[notarget]
|-fail|p2a: Heatran
|
|-heal|p2a: Heatran|64/100|[from] item: Leftovers
|upkeep
|
|t:|1662716434
|switch|p1a: Blissey|Blissey, F|57/100
|turn|26
|
|t:|1662716437
|move|p2a: Heatran|Body Press|p1a: Blissey
|-supereffective|p1a: Blissey
|-damage|p1a: Blissey|13/100
|move|p1a: Blissey|Seismic Toss|p2a: Heatran
|-damage|p2a: Heatran|38/100
|-status|p1a: Blissey|brn|[from] ability: Flame Body|[of] p2a: Heatran
|
|-heal|p2a: Heatran|45/100|[from] item: Leftovers
|-damage|p1a: Blissey|7/100 brn|[from] brn
|upkeep
|turn|27
|j| supahotnicememe
|l| Blop_Le_Slime
|
|t:|1662716447
|move|p2a: Heatran|Lava Plume|p1a: Blissey
|-damage|p1a: Blissey|0 fnt
|faint|p1a: Blissey
|
|-heal|p2a: Heatran|51/100|[from] item: Leftovers
|upkeep
|
|t:|1662716449
|switch|p1a: Blacephalon|Blacephalon|100/100
|-damage|p1a: Blacephalon|76/100|[from] Stealth Rock
|turn|28
|
|t:|1662716457
|move|p2a: Heatran|Protect|p2a: Heatran
|-singleturn|p2a: Heatran|Protect
|move|p1a: Blacephalon|Shadow Ball|p2a: Heatran
|-activate|p2a: Heatran|move: Protect
|
|-heal|p2a: Heatran|57/100|[from] item: Leftovers
|upkeep
|turn|29
|
|t:|1662716513
|move|p1a: Blacephalon|Shadow Ball|p2a: Heatran
|-damage|p2a: Heatran|1/100
|move|p2a: Heatran|Lava Plume|p1a: Blacephalon
|-resisted|p1a: Blacephalon
|-damage|p1a: Blacephalon|49/100
|
|-heal|p2a: Heatran|7/100|[from] item: Leftovers
|upkeep
|turn|30
|
|t:|1662716569
|move|p1a: Blacephalon|Shadow Ball|p2a: Heatran
|-damage|p2a: Heatran|0 fnt
|faint|p2a: Heatran
|-ability|p1a: Blacephalon|Beast Boost|boost
|-boost|p1a: Blacephalon|spa|1
|
|upkeep
|
|t:|1662716579
|switch|p2a: Zeraora|Zeraora|77/100
|-damage|p2a: Zeraora|65/100|[from] Spikes
|turn|31
|
|t:|1662716582
|move|p2a: Zeraora|Plasma Fists|p1a: Blacephalon
|-damage|p1a: Blacephalon|0 fnt
|-fieldactivate|move: Ion Deluge
|-hint|Normal-type moves become Electric-type after using Plasma Fists.
|faint|p1a: Blacephalon
|
|upkeep
|
|t:|1662716585
|switch|p1a: Urshifu|Urshifu-Rapid-Strike, M|100/100
|-damage|p1a: Urshifu|94/100|[from] Stealth Rock
|turn|32
|j| user1_ou
|l| Narwhale37
|
|t:|1662716642
|switch|p2a: Zapdos|Zapdos|7/100
|move|p1a: Urshifu|Surging Strikes|p2a: Zapdos
|-crit|p2a: Zapdos
|-damage|p2a: Zapdos|0 fnt
|faint|p2a: Zapdos
|-hitcount|p2: Zapdos|1
|
|upkeep
|
|t:|1662716649
|switch|p2a: Kartana|Kartana|14/100
|-damage|p2a: Kartana|1/100|[from] Spikes
|turn|33
|
|t:|1662716661
|switch|p1a: Skarmory|Skarmory, F|70/100 brn
|-damage|p1a: Skarmory|57/100 brn|[from] Stealth Rock
|move|p2a: Kartana|Leaf Blade|p1a: Skarmory
|-resisted|p1a: Skarmory
|-damage|p1a: Skarmory|48/100 brn
|
|-damage|p1a: Skarmory|42/100 brn|[from] brn
|upkeep
|turn|34
|
|t:|1662716668
|move|p2a: Kartana|Leaf Blade|p1a: Skarmory
|-resisted|p1a: Skarmory
|-damage|p1a: Skarmory|33/100 brn
|move|p1a: Skarmory|Roost|p1a: Skarmory
|-heal|p1a: Skarmory|83/100 brn
|-singleturn|p1a: Skarmory|move: Roost
|
|-damage|p1a: Skarmory|77/100 brn|[from] brn
|upkeep
|turn|35
|
|t:|1662716673
|switch|p2a: Zeraora|Zeraora|65/100
|-damage|p2a: Zeraora|53/100|[from] Spikes
|move|p1a: Skarmory|Roost|p1a: Skarmory
|-heal|p1a: Skarmory|100/100 brn
|-singleturn|p1a: Skarmory|move: Roost
|
|-damage|p1a: Skarmory|95/100 brn|[from] brn
|upkeep
|turn|36
|
|t:|1662716683
|switch|p1a: Urshifu|Urshifu-Rapid-Strike, M|94/100
|-damage|p1a: Urshifu|88/100|[from] Stealth Rock
|move|p2a: Zeraora|Plasma Fists|p1a: Urshifu
|-supereffective|p1a: Urshifu
|-damage|p1a: Urshifu|0 fnt
|-fieldactivate|move: Ion Deluge
|-hint|Normal-type moves become Electric-type after using Plasma Fists.
|faint|p1a: Urshifu
|
|upkeep
|c|☆quixana|gg
|c|☆JooshP|Damn
|c|☆JooshP|i thought shifu lived ngl lol
|c|☆JooshP|gg
|
|t:|1662716703
|switch|p1a: Skarmory|Skarmory, F|95/100 brn
|-damage|p1a: Skarmory|82/100 brn|[from] Stealth Rock
|turn|37
|
|t:|1662716707
|move|p2a: Zeraora|Plasma Fists|p1a: Skarmory
|-supereffective|p1a: Skarmory
|-damage|p1a: Skarmory|22/100 brn
|-fieldactivate|move: Ion Deluge
|-hint|Normal-type moves become Electric-type after using Plasma Fists.
|move|p1a: Skarmory|Body Press|p2a: Zeraora
|-damage|p2a: Zeraora|31/100
|
|-damage|p1a: Skarmory|16/100 brn|[from] brn
|upkeep
|turn|38
|
|t:|1662716725
|move|p2a: Zeraora|Plasma Fists|p1a: Skarmory
|-supereffective|p1a: Skarmory
|-damage|p1a: Skarmory|0 fnt
|-fieldactivate|move: Ion Deluge
|-hint|Normal-type moves become Electric-type after using Plasma Fists.
|faint|p1a: Skarmory
|
|win|quixana
|raw|JooshP's rating: 1802 &rarr; <strong>1782</strong><br />(-20 for losing)
|raw|quixana's rating: 1809 &rarr; <strong>1829</strong><br />(+20 for winning)
|c|☆JooshP|It’s a roll at 100
|l| usserrnnamme
|c|☆JooshP|nvm
|c|☆JooshP|ggwo
|c|☆JooshP|wp
|l|☆JooshP
|l| Kyurem
|c|☆quixana|ty
|c|☆quixana|u2
||Ladder isn't responding, score probably updated but might not have (Request timeout).
