|j|☆firepunch917
|j|☆Xpodojo
|t:|1662619636
|gametype|singles
|player|p1|firepunch917|101|1418
|player|p2|Xpodojo|marnie-masters2|1327
|teamsize|p1|6
|teamsize|p2|6
|gen|8
|tier|[Gen 8] OU
|rated|
|rule|Sleep Clause Mod: Limit one foe put to sleep
|rule|Species Clause: Limit one of each Pokémon
|rule|OHKO Clause: OHKO moves are banned
|rule|Evasion Items Clause: Evasion items are banned
|rule|Evasion Moves Clause: Evasion moves are banned
|rule|Endless Battle Clause: Forcing endless battles is banned
|rule|HP Percentage Mod: HP is shown in percentages
|rule|Dynamax Clause: You cannot dynamax
|clearpoke
|poke|p1|Rillaboom, F|
|poke|p1|Tornadus-Therian, M|
|poke|p1|Blaziken, F|
|poke|p1|Melmetal|
|poke|p1|Garchomp, M|
|poke|p1|Slowbro, F|
|poke|p2|Malamar, M|
|poke|p2|Entei|
|poke|p2|Nidoking, M|
|poke|p2|Celesteela|
|poke|p2|Vaporeon, F|
|poke|p2|Lurantis, F|
|teampreview
|
|t:|1662619661
|start
|switch|p1a: Garchomp|Garchomp, M|100/100
|switch|p2a: Nier|Celesteela, shiny|100/100
|turn|1
|
|t:|1662619664
|move|p1a: Garchomp|Stealth Rock|p2a: Nier
|-sidestart|p2: Xpodojo|move: Stealth Rock
|move|p2a: Nier|Autotomize|p2a: Nier
|-boost|p2a: Nier|spe|2
|-start|p2a: Nier|Autotomize
|
|upkeep
|turn|2
|
|t:|1662619677
|move|p1a: Garchomp|Protect|p1a: Garchomp
|-singleturn|p1a: Garchomp|Protect
|move|p2a: Nier|Meteor Beam||[still]
|-prepare|p2a: Nier|Meteor Beam
|-boost|p2a: Nier|spa|1
|-enditem|p2a: Nier|Power Herb
|-anim|p2a: Nier|Meteor Beam|p1a: Garchomp
|-activate|p1a: Garchomp|move: Protect
|
|upkeep
|turn|3
|
|t:|1662619681
|switch|p1a: Melmetal|Melmetal|100/100
|move|p2a: Nier|Air Slash|p1a: Melmetal
|-resisted|p1a: Melmetal
|-damage|p1a: Melmetal|77/100
|
|-heal|p1a: Melmetal|83/100|[from] item: Leftovers
|upkeep
|turn|4
|
|t:|1662619684
|move|p2a: Nier|Fire Blast|p1a: Melmetal
|-supereffective|p1a: Melmetal
|-damage|p1a: Melmetal|0 fnt
|faint|p1a: Melmetal
|-ability|p2a: Nier|Beast Boost|boost
|-boost|p2a: Nier|spa|1
|
|upkeep
|
|t:|1662619690
|switch|p1a: Blaziken|Blaziken, F|100/100
|turn|5
|
|t:|1662619702
|move|p1a: Blaziken|Protect|p1a: Blaziken
|-singleturn|p1a: Blaziken|Protect
|move|p2a: Nier|Autotomize|p2a: Nier
|-boost|p2a: Nier|spe|2
|-start|p2a: Nier|Autotomize
|
|-ability|p1a: Blaziken|Speed Boost|boost
|-boost|p1a: Blaziken|spe|1
|upkeep
|turn|6
|
|t:|1662619706
|move|p2a: Nier|Air Slash|p1a: Blaziken
|-supereffective|p1a: Blaziken
|-damage|p1a: Blaziken|0 fnt
|faint|p1a: Blaziken
|-ability|p2a: Nier|Beast Boost|boost
|-boost|p2a: Nier|spa|1
|
|upkeep
|-message|firepunch917 forfeited.
|
|win|Xpodojo
|raw|firepunch917's rating: 1418 &rarr; <strong>1393</strong><br />(-25 for losing)
|raw|Xpodojo's rating: 1327 &rarr; <strong>1352</strong><br />(+25 for winning)
|l|☆firepunch917
|c|☆Xpodojo|k
