|j|☆wsdfg
|j|☆Prethia
|t:|1605353434
|player|p1|wsdfg|burglar|1846
|player|p2|Prethia|102|1927
|teamsize|p1|6
|teamsize|p2|6
|gametype|singles
|gen|8
|tier|[Gen 8] OU
|rated|
|clearpoke
|poke|p1|Kyurem|
|poke|p1|Moltres|
|poke|p1|Blissey, F|
|poke|p1|Slowbro, F|
|poke|p1|Tyranitar, F|
|poke|p1|Zygarde|
|poke|p2|Rillaboom, M|
|poke|p2|Blaziken, M|
|poke|p2|Magearna|
|poke|p2|Kyurem-Black|
|poke|p2|Grimmsnarl, M|
|poke|p2|Klefki, M|
|rule|Sleep Clause Mod: Limit one foe put to sleep
|rule|Species Clause: Limit one of each Pokémon
|rule|OHKO Clause: OHKO moves are banned
|rule|Evasion Moves Clause: Evasion moves are banned
|rule|Endless Battle Clause: Forcing endless battles is banned
|rule|HP Percentage Mod: HP is shown in percentages
|rule|Dynamax Clause: You cannot dynamax
|teampreview
|
|t:|1605353452
|start
|switch|p1a: Moltres|Moltres|100/100
|switch|p2a: Grimmsnarl|Grimmsnarl, M|100/100
|turn|1
|j| lirqad bro
|
|t:|1605353465
|move|p1a: Moltres|Flamethrower|p2a: Grimmsnarl
|-damage|p2a: Grimmsnarl|57/100
|move|p2a: Grimmsnarl|Spirit Break|p1a: Moltres
|-resisted|p1a: Moltres
|-crit|p1a: Moltres
|-damage|p1a: Moltres|81/100
|-unboost|p1a: Moltres|spa|1
|
|upkeep
|turn|2
|
|t:|1605353475
|move|p2a: Grimmsnarl|Light Screen|p2a: Grimmsnarl
|-sidestart|p2: Prethia|move: Light Screen
|move|p1a: Moltres|Flamethrower|p2a: Grimmsnarl
|-damage|p2a: Grimmsnarl|44/100
|
|upkeep
|turn|3
|
|t:|1605353480
|move|p2a: Grimmsnarl|Reflect|p2a: Grimmsnarl
|-sidestart|p2: Prethia|Reflect
|move|p1a: Moltres|Defog|p2a: Grimmsnarl
|-unboost|p2a: Grimmsnarl|evasion|1
|-sideend|p2: Prethia|Reflect
|-sideend|p2: Prethia|move: Light Screen
|
|upkeep
|turn|4
|
|t:|1605353484
|move|p2a: Grimmsnarl|Light Screen|p2a: Grimmsnarl
|-sidestart|p2: Prethia|move: Light Screen
|move|p1a: Moltres|Scorching Sands|p2a: Grimmsnarl
|-damage|p2a: Grimmsnarl|38/100
|
|upkeep
|turn|5
|
|t:|1605353488
|move|p2a: Grimmsnarl|Taunt|p1a: Moltres
|-start|p1a: Moltres|move: Taunt
|cant|p1a: Moltres|move: Taunt|Defog
|
|upkeep
|turn|6
|j| galactest bro !
|
|t:|1605353504
|move|p2a: Grimmsnarl|Reflect|p2a: Grimmsnarl
|-sidestart|p2: Prethia|Reflect
|move|p1a: Moltres|Scorching Sands|p2a: Grimmsnarl
|-damage|p2a: Grimmsnarl|30/100
|
|upkeep
|turn|7
|l| galactest bro !
|
|t:|1605353509
|switch|p2a: Blaziken|Blaziken, M|100/100
|move|p1a: Moltres|Scorching Sands|p2a: Blaziken
|-supereffective|p2a: Blaziken
|-damage|p2a: Blaziken|82/100
|
|-end|p1a: Moltres|move: Taunt
|upkeep
|turn|8
|
|t:|1605353517
|switch|p1a: Zygarde|Zygarde|100/100
|-ability|p1a: Zygarde|Aura Break
|move|p2a: Blaziken|Swords Dance|p2a: Blaziken
|-boost|p2a: Blaziken|atk|2
|
|-ability|p2a: Blaziken|Speed Boost|boost
|-boost|p2a: Blaziken|spe|1
|upkeep
|turn|9
|
|t:|1605353528
|move|p2a: Blaziken|Close Combat|p1a: Zygarde
|-damage|p1a: Zygarde|0 fnt
|-unboost|p2a: Blaziken|def|1
|-unboost|p2a: Blaziken|spd|1
|faint|p1a: Zygarde
|
|-ability|p2a: Blaziken|Speed Boost|boost
|-boost|p2a: Blaziken|spe|1
|upkeep
|
|t:|1605353536
|switch|p1a: Slowbro|Slowbro, F|100/100
|turn|10
|c| lirqad bro|beautiful offense <3
|
|t:|1605353558
|move|p2a: Blaziken|Swords Dance|p2a: Blaziken
|-boost|p2a: Blaziken|atk|2
|move|p1a: Slowbro|Scald|p2a: Blaziken
|-supereffective|p2a: Blaziken
|-damage|p2a: Blaziken|20/100
|
|-ability|p2a: Blaziken|Speed Boost|boost
|-boost|p2a: Blaziken|spe|1
|upkeep
|turn|11
|j| METARKA
|
|t:|1605353568
|move|p2a: Blaziken|Thunder Punch|p1a: Slowbro
|-supereffective|p1a: Slowbro
|-damage|p1a: Slowbro|3/100
|-damage|p2a: Blaziken|3/100|[from] item: Rocky Helmet|[of] p1a: Slowbro
|move|p1a: Slowbro|Scald|p2a: Blaziken
|-supereffective|p2a: Blaziken
|-damage|p2a: Blaziken|0 fnt
|faint|p2a: Blaziken
|
|-sideend|p2: Prethia|move: Light Screen
|upkeep
|c|☆Prethia|thanks
|c|☆Prethia|but yeah
|c| lirqad bro|why does it live
|c| lirqad bro|wtf
|c|☆Prethia|it is fat meta
|c| METARKA|2 dual screens setters
|c|☆Prethia|cuz fat is op and couincil is helbent on banning everything that threatens their precious fat
|c| lirqad bro|yeah seems we're diverting back to the brainless fat meta
|c| METARKA|so weird
|
|t:|1605353596
|switch|p2a: Kyurem|Kyurem-Black|100/100
|-ability|p2a: Kyurem|Teravolt
|turn|12
|c| lirqad bro|yup, exactly what I been saying for the past years
|
|t:|1605353601
|switch|p1a: Tyranitar|Tyranitar, F|100/100
|-weather|Sandstorm|[from] ability: Sand Stream|[of] p1a: Tyranitar
|move|p2a: Kyurem|Fusion Bolt|p1a: Tyranitar
|-damage|p1a: Tyranitar|69/100
|
|-weather|Sandstorm|[upkeep]
|-damage|p2a: Kyurem|94/100|[from] Sandstorm
|upkeep
|turn|13
|c| lirqad bro|its too easy to stall these days
|
|t:|1605353606
|switch|p2a: Klefki|Klefki, M|100/100
|move|p1a: Tyranitar|Stealth Rock|p2a: Klefki
|-sidestart|p2: Prethia|move: Stealth Rock
|
|-weather|Sandstorm|[upkeep]
|-sideend|p2: Prethia|Reflect
|upkeep
|turn|14
|
|t:|1605353612
|switch|p1a: Moltres|Moltres|81/100
|move|p2a: Klefki|Reflect|p2a: Klefki
|-sidestart|p2: Prethia|Reflect
|
|-weather|Sandstorm|[upkeep]
|-damage|p1a: Moltres|75/100|[from] Sandstorm
|upkeep
|turn|15
|
|t:|1605353616
|move|p2a: Klefki|Light Screen|p2a: Klefki
|-sidestart|p2: Prethia|move: Light Screen
|move|p1a: Moltres|Flamethrower|p2a: Klefki
|-supereffective|p2a: Klefki
|-damage|p2a: Klefki|57/100
|-status|p2a: Klefki|brn
|
|-weather|Sandstorm|[upkeep]
|-damage|p1a: Moltres|68/100|[from] Sandstorm
|-damage|p2a: Klefki|51/100 brn|[from] brn
|upkeep
|turn|16
|
|t:|1605353622
|move|p2a: Klefki|Thunder Wave|p1a: Moltres
|-status|p1a: Moltres|par
|move|p1a: Moltres|Defog|p2a: Klefki
|-unboost|p2a: Klefki|evasion|1
|-sideend|p2: Prethia|Reflect
|-sideend|p2: Prethia|move: Light Screen
|-sideend|p2: Prethia|Stealth Rock|[from] move: Defog|[of] p1a: Moltres
|
|-weather|none
|-damage|p2a: Klefki|45/100 brn|[from] brn
|upkeep
|turn|17
|
|t:|1605353625
|move|p2a: Klefki|Light Screen|p2a: Klefki
|-sidestart|p2: Prethia|move: Light Screen
|move|p1a: Moltres|Flamethrower|p2a: Klefki
|-supereffective|p2a: Klefki
|-damage|p2a: Klefki|0 fnt
|faint|p2a: Klefki
|
|upkeep
|c| METARKA|I agree, council only bans offensive threats but not defensive threats
|
|t:|1605353633
|switch|p2a: Grimmsnarl|Grimmsnarl, M|30/100
|turn|18
|c| lirqad bro|always
|
|t:|1605353639
|switch|p1a: Slowbro|Slowbro, F|36/100
|move|p2a: Grimmsnarl|Taunt|p1a: Slowbro
|-start|p1a: Slowbro|move: Taunt
|
|upkeep
|turn|19
|c| lirqad bro|half of the council uses fat so
|c| lirqad bro|there's a lot of bias
|c| METARKA|Which participate to make the meta slow and fat/stall oriented
|
|t:|1605353648
|move|p2a: Grimmsnarl|Reflect|p2a: Grimmsnarl
|-sidestart|p2: Prethia|Reflect
|move|p1a: Slowbro|Scald|p2a: Grimmsnarl
|-damage|p2a: Grimmsnarl|15/100
|
|upkeep
|turn|20
|
|t:|1605353655
|switch|p1a: Blissey|Blissey, F|100/100
|move|p2a: Grimmsnarl|Spirit Break|p1a: Blissey
|-damage|p1a: Blissey|67/100
|-unboost|p1a: Blissey|spa|1
|
|upkeep
|turn|21
|j| wrfw
|j| Teufell
|c| lirqad bro|yep, and not all of us have hours of time to play this shit
|
|t:|1605353669
|switch|p2a: Magearna|Magearna|100/100
|switch|p1a: Tyranitar|Tyranitar, F|69/100
|-weather|Sandstorm|[from] ability: Sand Stream|[of] p1a: Tyranitar
|
|-weather|Sandstorm|[upkeep]
|upkeep
|turn|22
|
|t:|1605353680
|switch|p1a: Kyurem|Kyurem|100/100
|-ability|p1a: Kyurem|Pressure
|move|p2a: Magearna|Iron Defense|p2a: Magearna
|-boost|p2a: Magearna|def|2
|
|-weather|Sandstorm|[upkeep]
|-damage|p1a: Kyurem|94/100|[from] Sandstorm
|-heal|p1a: Kyurem|100/100|[from] item: Leftovers
|upkeep
|turn|23
|
|t:|1605353686
|move|p1a: Kyurem|Substitute|p1a: Kyurem
|-start|p1a: Kyurem|Substitute
|-damage|p1a: Kyurem|76/100
|move|p2a: Magearna|Calm Mind|p2a: Magearna
|-boost|p2a: Magearna|spa|1
|-boost|p2a: Magearna|spd|1
|
|-weather|Sandstorm|[upkeep]
|-damage|p1a: Kyurem|69/100|[from] Sandstorm
|-heal|p1a: Kyurem|76/100|[from] item: Leftovers
|upkeep
|turn|24
|
|t:|1605353691
|move|p1a: Kyurem|Earth Power|p2a: Magearna
|-supereffective|p2a: Magearna
|-damage|p2a: Magearna|83/100
|move|p2a: Magearna|Calm Mind|p2a: Magearna
|-boost|p2a: Magearna|spa|1
|-boost|p2a: Magearna|spd|1
|
|-weather|Sandstorm|[upkeep]
|-damage|p1a: Kyurem|69/100|[from] Sandstorm
|-heal|p1a: Kyurem|76/100|[from] item: Leftovers
|-heal|p2a: Magearna|90/100|[from] item: Leftovers
|-sideend|p2: Prethia|move: Light Screen
|upkeep
|turn|25
|
|t:|1605353697
|move|p1a: Kyurem|Earth Power|p2a: Magearna
|-supereffective|p2a: Magearna
|-damage|p2a: Magearna|64/100
|move|p2a: Magearna|Draining Kiss|p1a: Kyurem
|-supereffective|p1a: Kyurem
|-end|p1a: Kyurem|Substitute
|-heal|p2a: Magearna|88/100|[from] drain|[of] p1a: Kyurem
|
|-weather|none
|-heal|p1a: Kyurem|82/100|[from] item: Leftovers
|-heal|p2a: Magearna|94/100|[from] item: Leftovers
|upkeep
|turn|26
|
|t:|1605353704
|move|p1a: Kyurem|Substitute|p1a: Kyurem
|-start|p1a: Kyurem|Substitute
|-damage|p1a: Kyurem|57/100
|move|p2a: Magearna|Draining Kiss|p1a: Kyurem
|-supereffective|p1a: Kyurem
|-end|p1a: Kyurem|Substitute
|-heal|p2a: Magearna|100/100|[from] drain|[of] p1a: Kyurem
|
|-heal|p1a: Kyurem|63/100|[from] item: Leftovers
|-sideend|p2: Prethia|Reflect
|upkeep
|turn|27
|
|t:|1605353707
|move|p1a: Kyurem|Substitute|p1a: Kyurem
|-start|p1a: Kyurem|Substitute
|-damage|p1a: Kyurem|38/100
|move|p2a: Magearna|Draining Kiss|p1a: Kyurem
|-supereffective|p1a: Kyurem
|-end|p1a: Kyurem|Substitute
|
|-heal|p1a: Kyurem|44/100|[from] item: Leftovers
|upkeep
|turn|28
|
|t:|1605353710
|move|p1a: Kyurem|Substitute|p1a: Kyurem
|-start|p1a: Kyurem|Substitute
|-damage|p1a: Kyurem|19/100
|move|p2a: Magearna|Stored Power|p1a: Kyurem
|-end|p1a: Kyurem|Substitute
|
|-heal|p1a: Kyurem|26/100|[from] item: Leftovers
|upkeep
|turn|29
|
|t:|1605353717
|move|p1a: Kyurem|Roost|p1a: Kyurem
|-heal|p1a: Kyurem|76/100
|-singleturn|p1a: Kyurem|move: Roost
|move|p2a: Magearna|Draining Kiss|p1a: Kyurem
|-supereffective|p1a: Kyurem
|-damage|p1a: Kyurem|2/100
|
|-heal|p1a: Kyurem|9/100|[from] item: Leftovers
|upkeep
|turn|30
|
|t:|1605353723
|switch|p1a: Blissey|Blissey, F|67/100
|move|p2a: Magearna|Draining Kiss|p1a: Blissey
|-crit|p1a: Blissey
|-damage|p1a: Blissey|42/100
|
|upkeep
|turn|31
|
|t:|1605353726
|move|p2a: Magearna|Stored Power|p1a: Blissey
|-damage|p1a: Blissey|12/100
|move|p1a: Blissey|Soft-Boiled|p1a: Blissey
|-heal|p1a: Blissey|62/100
|
|upkeep
|turn|32
|c| METARKA|imo the council shall ask about their opinions to the top 10-20-30 of the ladder about the current meta state
|
|t:|1605353730
|move|p2a: Magearna|Calm Mind|p2a: Magearna
|-boost|p2a: Magearna|spa|1
|-boost|p2a: Magearna|spd|1
|move|p1a: Blissey|Thunder Wave|p2a: Magearna
|-status|p2a: Magearna|par
|
|upkeep
|turn|33
|
|t:|1605353733
|move|p1a: Blissey|Soft-Boiled|p1a: Blissey
|-heal|p1a: Blissey|100/100
|cant|p2a: Magearna|par
|
|upkeep
|turn|34
|c| lirqad bro|they're asking the top150
|c|☆Prethia|well I was top 3
|c|☆Prethia|but they did it after my decay
|c| lirqad bro|but only offensive threats are being considered
|c| lirqad bro|I wrote them a nice paragraph
|c|☆Prethia|and they didnt even add heatran
|c| METARKA|that's the point
|c|☆Prethia|like
|c| lirqad bro|that fat shouldn't be rewarded
|c|☆Prethia|heatran is not there but blaziken tornadus is there
|c|☆Prethia|wtf
|c| lirqad bro|I added heatran for next suspect too
|c| lirqad bro|yup
|
|t:|1605353763
|move|p1a: Blissey|Seismic Toss|p2a: Magearna
|-damage|p2a: Magearna|73/100 par
|move|p2a: Magearna|Calm Mind|p2a: Magearna
|-boost|p2a: Magearna|spa|1
|-boost|p2a: Magearna|spd|1
|
|-heal|p2a: Magearna|79/100 par|[from] item: Leftovers
|upkeep
|turn|35
|c| lirqad bro|tards
|
|t:|1605353771
|move|p1a: Blissey|Seismic Toss|p2a: Magearna
|-damage|p2a: Magearna|52/100 par
|move|p2a: Magearna|Draining Kiss|p1a: Blissey
|-damage|p1a: Blissey|75/100
|-heal|p2a: Magearna|90/100 par|[from] drain|[of] p1a: Blissey
|
|-heal|p2a: Magearna|96/100 par|[from] item: Leftovers
|upkeep
|turn|36
|
|t:|1605353776
|move|p1a: Blissey|Seismic Toss|p2a: Magearna
|-damage|p2a: Magearna|68/100 par
|cant|p2a: Magearna|par
|
|-heal|p2a: Magearna|74/100 par|[from] item: Leftovers
|upkeep
|turn|37
|
|t:|1605353782
|move|p1a: Blissey|Seismic Toss|p2a: Magearna
|-damage|p2a: Magearna|47/100 par
|move|p2a: Magearna|Draining Kiss|p1a: Blissey
|-damage|p1a: Blissey|51/100
|-heal|p2a: Magearna|82/100 par|[from] drain|[of] p1a: Blissey
|
|-heal|p2a: Magearna|88/100 par|[from] item: Leftovers
|upkeep
|turn|38
|
|t:|1605353789
|move|p1a: Blissey|Soft-Boiled|p1a: Blissey
|-heal|p1a: Blissey|100/100
|move|p2a: Magearna|Calm Mind|p2a: Magearna
|-boost|p2a: Magearna|spa|1
|-boost|p2a: Magearna|spd|1
|
|-heal|p2a: Magearna|94/100 par|[from] item: Leftovers
|upkeep
|turn|39
|c| METARKA|in their mind, HO is the most toxic playstyle which should be obliterated
|
|t:|1605353797
|move|p1a: Blissey|Seismic Toss|p2a: Magearna
|-damage|p2a: Magearna|67/100 par
|move|p2a: Magearna|Stored Power|p1a: Blissey
|-damage|p1a: Blissey|9/100
|
|-heal|p2a: Magearna|73/100 par|[from] item: Leftovers
|upkeep
|turn|40
|c| METARKA|funny
|
|t:|1605353804
|move|p1a: Blissey|Seismic Toss|p2a: Magearna
|-damage|p2a: Magearna|45/100 par
|cant|p2a: Magearna|par
|
|-heal|p2a: Magearna|51/100 par|[from] item: Leftovers
|upkeep
|turn|41
|
|t:|1605353810
|move|p1a: Blissey|Seismic Toss|p2a: Magearna
|-damage|p2a: Magearna|24/100 par
|move|p2a: Magearna|Draining Kiss|p1a: Blissey
|-damage|p1a: Blissey|0 fnt
|-heal|p2a: Magearna|37/100 par|[from] drain|[of] p1a: Blissey
|faint|p1a: Blissey
|-ability|p2a: Magearna|Soul-Heart|boost
|-boost|p2a: Magearna|spa|1
|
|-heal|p2a: Magearna|43/100 par|[from] item: Leftovers
|upkeep
|
|t:|1605353818
|switch|p1a: Moltres|Moltres|68/100 par
|turn|42
|
|t:|1605353823
|cant|p1a: Moltres|par
|cant|p2a: Magearna|par
|
|-heal|p2a: Magearna|49/100 par|[from] item: Leftovers
|upkeep
|turn|43
|
|t:|1605353827
|cant|p1a: Moltres|par
|cant|p2a: Magearna|par
|
|-heal|p2a: Magearna|55/100 par|[from] item: Leftovers
|upkeep
|turn|44
|
|t:|1605353832
|move|p1a: Moltres|Flamethrower|p2a: Magearna
|-supereffective|p2a: Magearna
|-damage|p2a: Magearna|36/100 par
|move|p2a: Magearna|Stored Power|p1a: Moltres
|-damage|p1a: Moltres|0 fnt
|faint|p1a: Moltres
|
|-heal|p2a: Magearna|42/100 par|[from] item: Leftovers
|upkeep
|
|t:|1605353837
|switch|p1a: Kyurem|Kyurem|9/100
|-ability|p1a: Kyurem|Pressure
|turn|45
|
|t:|1605353841
|move|p1a: Kyurem|Earth Power|p2a: Magearna
|-supereffective|p2a: Magearna
|-damage|p2a: Magearna|27/100 par
|cant|p2a: Magearna|par
|
|-heal|p1a: Kyurem|15/100|[from] item: Leftovers
|-heal|p2a: Magearna|33/100 par|[from] item: Leftovers
|upkeep
|turn|46
|c| lirqad bro|HO takes more skill
|c|☆Prethia|look at
|c|☆Prethia|this
|c| lirqad bro|than stall for sure
|c|☆Prethia|lol
|
|t:|1605353851
|move|p1a: Kyurem|Earth Power|p2a: Magearna
|-supereffective|p2a: Magearna
|-damage|p2a: Magearna|18/100 par
|move|p2a: Magearna|Draining Kiss|p1a: Kyurem
|-supereffective|p1a: Kyurem
|-damage|p1a: Kyurem|0 fnt
|-heal|p2a: Magearna|31/100 par|[from] drain|[of] p1a: Kyurem
|faint|p1a: Kyurem
|
|-heal|p2a: Magearna|37/100 par|[from] item: Leftovers
|upkeep
|
|t:|1605353856
|switch|p1a: Slowbro|Slowbro, F|69/100
|turn|47
|c| lirqad bro|you break down fat shit
|c| lirqad bro|slowly slowly
|c| METARKA|stall is clicking buttons
|c| lirqad bro|like a chess game
|
|t:|1605353862
|move|p1a: Slowbro|Scald|p2a: Magearna
|-damage|p2a: Magearna|30/100 par
|cant|p2a: Magearna|par
|
|-heal|p2a: Magearna|36/100 par|[from] item: Leftovers
|upkeep
|turn|48
|c| lirqad bro|exactly
|c| lirqad bro|I just pivot to pex
|c| lirqad bro|recover
|
|t:|1605353869
|move|p1a: Slowbro|Scald|p2a: Magearna
|-damage|p2a: Magearna|30/100 par
|move|p2a: Magearna|Draining Kiss|p1a: Slowbro
|-damage|p1a: Slowbro|0 fnt
|-heal|p2a: Magearna|85/100 par|[from] drain|[of] p1a: Slowbro
|-damage|p2a: Magearna|69/100 par|[from] item: Rocky Helmet|[of] p1a: Slowbro
|faint|p1a: Slowbro
|
|-heal|p2a: Magearna|75/100 par|[from] item: Leftovers
|upkeep
|c| lirqad bro|and im back to full without havin done nothing
|c| METARKA|lmao regecore switching into pp stalling
|c| lirqad bro|not to mention first turn scald burns
|j| itsdilli
|c|☆wsdfg|Look i agree ho is generally higher skill then fat
|c| lirqad bro|ez shit to spam
|c|☆wsdfg|but double dance mag is not a balanced mon lol
|c|☆Prethia|you had
|c| METARKA|it's too strong
|c|☆Prethia|2 different counters
|c|☆Prethia|you sac /let them both get paralyzed
|c|☆Prethia|and blissey t wave beats it if you start from 0 so I guesse 3 counters
|j| dakingrulesz
|
|t:|1605353926
|switch|p1a: Tyranitar|Tyranitar, F|69/100
|-weather|Sandstorm|[from] ability: Sand Stream|[of] p1a: Tyranitar
|turn|49
|
|t:|1605353933
|move|p1a: Tyranitar|Rock Blast|p2a: Magearna
|-resisted|p2a: Magearna
|-damage|p2a: Magearna|73/100 par
|-resisted|p2a: Magearna
|-damage|p2a: Magearna|71/100 par
|-resisted|p2a: Magearna
|-damage|p2a: Magearna|69/100 par
|-hitcount|p2a: Magearna|3
|move|p2a: Magearna|Draining Kiss|p1a: Tyranitar
|-supereffective|p1a: Tyranitar
|-damage|p1a: Tyranitar|3/100
|-heal|p2a: Magearna|100/100 par|[from] drain|[of] p1a: Tyranitar
|
|-weather|Sandstorm|[upkeep]
|upkeep
|turn|50
|c| lirqad bro|is the Rilla LO prethia?
|
|t:|1605353941
|switch|p2a: Rillaboom|Rillaboom, M|100/100
|-fieldstart|move: Grassy Terrain|[from] ability: Grassy Surge|[of] p2a: Rillaboom
|move|p1a: Tyranitar|Rock Blast|p2a: Rillaboom
|-damage|p2a: Rillaboom|91/100
|-damage|p2a: Rillaboom|81/100
|-damage|p2a: Rillaboom|72/100
|-damage|p2a: Rillaboom|60/100
|-hitcount|p2a: Rillaboom|4
|
|-weather|Sandstorm|[upkeep]
|-damage|p2a: Rillaboom|54/100|[from] Sandstorm
|-heal|p2a: Rillaboom|60/100|[from] Grassy Terrain
|-heal|p1a: Tyranitar|9/100|[from] Grassy Terrain
|upkeep
|turn|51
|c|☆Prethia|no
|
|t:|1605353945
|move|p2a: Rillaboom|Grassy Glide|p1a: Tyranitar
|-supereffective|p1a: Tyranitar
|-damage|p1a: Tyranitar|0 fnt
|faint|p1a: Tyranitar
|
|win|Prethia
|raw|wsdfg's rating: 1846 &rarr; <strong>1831</strong><br />(-15 for losing)
|raw|Prethia's rating: 1927 &rarr; <strong>1942</strong><br />(+15 for winning)
|c|☆wsdfg|band?
|c| lirqad bro|ah ok
|c| METARKA|gg
|c|☆Prethia|terrain extender
|l| itsdilli
|c|☆wsdfg|ohhh
|c| lirqad bro|it was a water urshi one once no?
|c|☆wsdfg|spicy
|c| METARKA|lmao what
|c| lirqad bro|:o
|c|☆Prethia|sd terrain extender
|l| wrfw
|c|☆Prethia|one shot everyone
|c| lirqad bro|whats the terrain for tho?
|c|☆Prethia|grassy glide
|c|☆Prethia|priority
|c| lirqad bro|no yes
|c| lirqad bro|but why the extender?
|c|☆wsdfg|Rillaboom setting up for itself lol
|c| METARKA|that team is cursed lol
|c| lirqad bro|wouldn't it be better to make the defence seed
|c| lirqad bro|so that you beat buzz
|c| lirqad bro|?
|j| iijk
|c| lirqad bro|with acro
|l|☆wsdfg
|c| METARKA|you beat buzz with drain punch
|l| dakingrulesz
|c| iijk|how important hazz is
|c| lirqad bro|buzz resists that and tanks it im p sure
|c| METARKA|it's neutral
|c| METARKA|you can sd and then spam drain punch you win the 1v1
|c| lirqad bro|bug resists fighting dude
|c| lirqad bro|its why scizor isn't weak to fighting
|c| METARKA|buzz
|c| METARKA|you mean
|c| METARKA|buzzwole lol
|c| lirqad bro|yes
|c| lirqad bro|who else? :o
|c| METARKA|I thought mandibuzz
|c| lirqad bro|ahhhhh
|c| lirqad bro|nah that thing is tough
|c| lirqad bro|it just foul plays you
|c| METARKA|my sand team has excadrill aerial ace against buzzwole lol
|c| lirqad bro|but he has mag/blaze/kyub that handle mandi
|c| METARKA|that mon is so trong on phys def
|c| lirqad bro|thats p heat ngl
|c| lirqad bro|hits tangrowth too
|c| METARKA|tang isnt played anyway
|c| lirqad bro|not much atm, but just in case
|c| METARKA|anyway gg prethia nice spicy team i like it even tho  icouldnt play it like you aha
|l| METARKA
|c| lirqad bro|he plays it well
|c| lirqad bro|he was well over 2k
|l| Teufell
