|raw|<div class="broadcast-blue"><strong>This battle is required to be public due to a player having a name starting with 'lt92pf'.</div>
|j|☆Coach Jones 6fifth
|j|☆LT92PF Eeveectory
|t:|1660143659
|gametype|singles
|player|p1|Coach Jones 6fifth|lusamine-nihilego|1887
|player|p2|LT92PF Eeveectory|acetrainersnow|1781
|teamsize|p1|6
|teamsize|p2|6
|gen|8
|tier|[Gen 8] OU
|rated|
|rule|Sleep Clause Mod: Limit one foe put to sleep
|rule|Species Clause: Limit one of each Pokémon
|rule|OHKO Clause: OHKO moves are banned
|rule|Evasion Items Clause: Evasion items are banned
|rule|Evasion Moves Clause: Evasion moves are banned
|rule|Endless Battle Clause: Forcing endless battles is banned
|rule|HP Percentage Mod: HP is shown in percentages
|rule|Dynamax Clause: You cannot dynamax
|clearpoke
|poke|p1|Ferrothorn, M|
|poke|p1|Zapdos|
|poke|p1|Tyranitar, F|
|poke|p1|Melmetal|
|poke|p1|Urshifu-*, M|
|poke|p1|Landorus-Therian, M|
|poke|p2|Kingdra, F|
|poke|p2|Barraskewda, M|
|poke|p2|Pelipper, M|
|poke|p2|Ferrothorn, F|
|poke|p2|Landorus-Therian, M|
|poke|p2|Zapdos|
|teampreview
|j| sunteampupil
|
|t:|1660143669
|start
|switch|p1a: Zapdos|Zapdos|100/100
|switch|p2a: Zapdosorio|Zapdos|100/100
|turn|1
|
|t:|1660143673
|move|p2a: Zapdosorio|Volt Switch|p1a: Zapdos
|-damage|p1a: Zapdos|67/100
|j| lt92pf mj
|
|t:|1660143677
|switch|p2a: Landlord|Landorus-Therian, M|100/100|[from]move: Volt Switch
|-ability|p2a: Landlord|Intimidate|boost
|-unboost|p1a: Zapdos|atk|1
|move|p1a: Zapdos|Toxic|p2a: Landlord
|-status|p2a: Landlord|tox
|
|-damage|p2a: Landlord|94/100 tox|[from] psn
|upkeep
|turn|2
|
|t:|1660143679
|move|p1a: Zapdos|Roost|p1a: Zapdos
|-heal|p1a: Zapdos|100/100
|-singleturn|p1a: Zapdos|move: Roost
|move|p2a: Landlord|Stealth Rock|p1a: Zapdos
|-sidestart|p1: Coach Jones 6fifth|move: Stealth Rock
|
|-damage|p2a: Landlord|82/100 tox|[from] psn
|upkeep
|turn|3
|
|t:|1660143682
|move|p1a: Zapdos|Hurricane|p2a: Landlord
|-damage|p2a: Landlord|50/100 tox
|move|p2a: Landlord|U-turn|p1a: Zapdos
|-resisted|p1a: Zapdos
|-damage|p1a: Zapdos|93/100
|
|t:|1660143685
|switch|p2a: Stormfather|Pelipper, M|100/100|[from]move: U-turn
|-weather|RainDance|[from] ability: Drizzle|[of] p2a: Stormfather
|
|-weather|RainDance|[upkeep]
|upkeep
|turn|4
|
|t:|1660143687
|switch|p2a: Landlord|Landorus-Therian, M|50/100 tox
|-ability|p2a: Landlord|Intimidate|boost
|-unboost|p1a: Zapdos|atk|1
|move|p1a: Zapdos|Volt Switch|p2a: Landlord
|-immune|p2a: Landlord
|
|-weather|RainDance|[upkeep]
|-damage|p2a: Landlord|44/100 tox|[from] psn
|upkeep
|turn|5
|
|t:|1660143697
|move|p1a: Zapdos|Hurricane|p2a: Landlord
|-damage|p2a: Landlord|12/100 tox
|-start|p2a: Landlord|confusion
|-activate|p2a: Landlord|confusion
|move|p2a: Landlord|U-turn|p1a: Zapdos
|-resisted|p1a: Zapdos
|-damage|p1a: Zapdos|85/100
|
|t:|1660143700
|switch|p2a: Horsi|Kingdra, F|100/100|[from]move: U-turn
|
|-weather|RainDance|[upkeep]
|upkeep
|turn|6
|j| LT92PF Isza
|
|t:|1660143712
|switch|p1a: Ferrothorn|Ferrothorn, M|100/100
|-damage|p1a: Ferrothorn|94/100|[from] Stealth Rock
|move|p2a: Horsi|Focus Energy|p2a: Horsi
|-start|p2a: Horsi|move: Focus Energy
|
|-weather|RainDance|[upkeep]
|-heal|p1a: Ferrothorn|100/100|[from] item: Leftovers
|upkeep
|turn|7
|
|t:|1660143716
|move|p2a: Horsi|Surf|p1a: Ferrothorn
|-resisted|p1a: Ferrothorn
|-crit|p1a: Ferrothorn
|-damage|p1a: Ferrothorn|42/100
|move|p1a: Ferrothorn|Leech Seed|p2a: Horsi|[miss]
|-miss|p1a: Ferrothorn|p2a: Horsi
|
|-weather|RainDance|[upkeep]
|-heal|p1a: Ferrothorn|49/100|[from] item: Leftovers
|upkeep
|turn|8
|
|t:|1660143720
|switch|p1a: Tyranitar|Tyranitar, F|100/100
|-damage|p1a: Tyranitar|88/100|[from] Stealth Rock
|-weather|Sandstorm|[from] ability: Sand Stream|[of] p1a: Tyranitar
|move|p2a: Horsi|Surf|p1a: Tyranitar
|-supereffective|p1a: Tyranitar
|-crit|p1a: Tyranitar
|-damage|p1a: Tyranitar|0 fnt
|faint|p1a: Tyranitar
|
|-weather|Sandstorm|[upkeep]
|-damage|p2a: Horsi|94/100|[from] Sandstorm
|upkeep
|
|t:|1660143724
|switch|p1a: Urshifu|Urshifu-Rapid-Strike, M|100/100
|-damage|p1a: Urshifu|94/100|[from] Stealth Rock
|turn|9
|
|t:|1660143727
|switch|p2a: Stormfather|Pelipper, M|100/100
|-weather|RainDance|[from] ability: Drizzle|[of] p2a: Stormfather
|move|p1a: Urshifu|U-turn|p2a: Stormfather
|-resisted|p2a: Stormfather
|-damage|p2a: Stormfather|92/100
|j| Tace
|
|t:|1660143730
|switch|p1a: Ferrothorn|Ferrothorn, M|49/100|[from]move: U-turn
|-damage|p1a: Ferrothorn|42/100|[from] Stealth Rock
|
|-weather|RainDance|[upkeep]
|-heal|p1a: Ferrothorn|49/100|[from] item: Leftovers
|upkeep
|turn|10
|l| Tace
|
|t:|1660143737
|move|p2a: Stormfather|U-turn|p1a: Ferrothorn
|-damage|p1a: Ferrothorn|43/100
|-damage|p2a: Stormfather|79/100|[from] ability: Iron Barbs|[of] p1a: Ferrothorn
|
|t:|1660143738
|switch|p2a: Zapdosorio|Zapdos|100/100|[from]move: U-turn
|move|p1a: Ferrothorn|Leech Seed|p2a: Zapdosorio
|-start|p2a: Zapdosorio|move: Leech Seed
|
|-weather|RainDance|[upkeep]
|-heal|p1a: Ferrothorn|49/100|[from] item: Leftovers
|-damage|p2a: Zapdosorio|88/100|[from] Leech Seed|[of] p1a: Ferrothorn
|-heal|p1a: Ferrothorn|60/100|[silent]
|upkeep
|turn|11
|
|t:|1660143742
|switch|p1a: Landorus|Landorus-Therian, M|100/100
|-damage|p1a: Landorus|88/100|[from] Stealth Rock
|-ability|p1a: Landorus|Intimidate|boost
|-unboost|p2a: Zapdosorio|atk|1
|move|p2a: Zapdosorio|Volt Switch|p1a: Landorus
|-immune|p1a: Landorus
|
|-weather|RainDance|[upkeep]
|-heal|p1a: Landorus|94/100|[from] item: Leftovers
|-damage|p2a: Zapdosorio|76/100|[from] Leech Seed|[of] p1a: Landorus
|-heal|p1a: Landorus|100/100|[silent]
|upkeep
|turn|12
|
|t:|1660143748
|switch|p1a: Urshifu|Urshifu-Rapid-Strike, M|94/100
|-damage|p1a: Urshifu|88/100|[from] Stealth Rock
|move|p2a: Zapdosorio|Weather Ball|p1a: Urshifu
|-resisted|p1a: Urshifu
|-damage|p1a: Urshifu|47/100
|
|-weather|RainDance|[upkeep]
|-damage|p2a: Zapdosorio|63/100|[from] Leech Seed|[of] p1a: Urshifu
|-heal|p1a: Urshifu|59/100|[silent]
|upkeep
|turn|13
|
|t:|1660143751
|switch|p2a: Irene Noren|Ferrothorn, F|100/100
|move|p1a: Urshifu|Surging Strikes|p2a: Irene Noren
|-resisted|p2a: Irene Noren
|-crit|p2a: Irene Noren
|-damage|p2a: Irene Noren|89/100
|-damage|p1a: Urshifu|47/100|[from] ability: Iron Barbs|[of] p2a: Irene Noren
|-resisted|p2a: Irene Noren
|-crit|p2a: Irene Noren
|-damage|p2a: Irene Noren|77/100
|-damage|p1a: Urshifu|35/100|[from] ability: Iron Barbs|[of] p2a: Irene Noren
|-resisted|p2a: Irene Noren
|-crit|p2a: Irene Noren
|-damage|p2a: Irene Noren|65/100
|-damage|p1a: Urshifu|22/100|[from] ability: Iron Barbs|[of] p2a: Irene Noren
|-hitcount|p2a: Irene Noren|3
|
|-weather|RainDance|[upkeep]
|-heal|p2a: Irene Noren|71/100|[from] item: Leftovers
|upkeep
|turn|14
|j| LT92P Fripouille
|
|t:|1660143761
|switch|p1a: Ferrothorn|Ferrothorn, M|60/100
|-damage|p1a: Ferrothorn|54/100|[from] Stealth Rock
|move|p2a: Irene Noren|Spikes|p1a: Ferrothorn
|-sidestart|p1: Coach Jones 6fifth|Spikes
|
|-weather|RainDance|[upkeep]
|-heal|p2a: Irene Noren|77/100|[from] item: Leftovers
|-heal|p1a: Ferrothorn|60/100|[from] item: Leftovers
|upkeep
|turn|15
|l| LT92P Fripouille
|
|t:|1660143764
|move|p2a: Irene Noren|Knock Off|p1a: Ferrothorn
|-damage|p1a: Ferrothorn|48/100
|-damage|p2a: Irene Noren|65/100|[from] ability: Iron Barbs|[of] p1a: Ferrothorn
|-enditem|p1a: Ferrothorn|Leftovers|[from] move: Knock Off|[of] p2a: Irene Noren
|move|p1a: Ferrothorn|Knock Off|p2a: Irene Noren
|-damage|p2a: Irene Noren|50/100
|-damage|p1a: Ferrothorn|35/100|[from] ability: Iron Barbs|[of] p2a: Irene Noren
|-enditem|p2a: Irene Noren|Leftovers|[from] move: Knock Off|[of] p1a: Ferrothorn
|
|-weather|RainDance|[upkeep]
|upkeep
|turn|16
|
|t:|1660143769
|switch|p2a: Zapdosorio|Zapdos|63/100
|switch|p1a: Landorus|Landorus-Therian, M|100/100
|-damage|p1a: Landorus|88/100|[from] Stealth Rock
|-ability|p1a: Landorus|Intimidate|boost
|-unboost|p2a: Zapdosorio|atk|1
|
|-weather|none
|-heal|p1a: Landorus|94/100|[from] item: Leftovers
|upkeep
|turn|17
|
|t:|1660143773
|switch|p2a: Stormfather|Pelipper, M|79/100
|-weather|RainDance|[from] ability: Drizzle|[of] p2a: Stormfather
|move|p1a: Landorus|Defog|p2a: Stormfather
|-unboost|p2a: Stormfather|evasion|1
|-sideend|p1: Coach Jones 6fifth|Spikes|[from] move: Defog|[of] p1a: Landorus
|-sideend|p1: Coach Jones 6fifth|Stealth Rock|[from] move: Defog|[of] p1a: Landorus
|
|-weather|RainDance|[upkeep]
|-heal|p1a: Landorus|99/100|[from] item: Leftovers
|upkeep
|turn|18
|
|t:|1660143775
|move|p1a: Landorus|U-turn|p2a: Stormfather
|-resisted|p2a: Stormfather
|-damage|p2a: Stormfather|71/100
|
|t:|1660143780
|switch|p1a: Zapdos|Zapdos|85/100|[from]move: U-turn
|move|p2a: Stormfather|U-turn|p1a: Zapdos
|-resisted|p1a: Zapdos
|-damage|p1a: Zapdos|81/100
|
|t:|1660143783
|switch|p2a: Horsi|Kingdra, F|94/100|[from]move: U-turn
|
|-weather|RainDance|[upkeep]
|upkeep
|turn|19
|
|t:|1660143785
|move|p2a: Horsi|Surf|p1a: Zapdos
|-damage|p1a: Zapdos|16/100
|move|p1a: Zapdos|Toxic|p2a: Horsi
|-status|p2a: Horsi|tox
|
|-weather|RainDance|[upkeep]
|-damage|p2a: Horsi|88/100 tox|[from] psn
|upkeep
|turn|20
|
|t:|1660143789
|switch|p1a: Ferrothorn|Ferrothorn, M|35/100
|move|p2a: Horsi|Surf|p1a: Ferrothorn
|-resisted|p1a: Ferrothorn
|-damage|p1a: Ferrothorn|10/100
|
|-weather|RainDance|[upkeep]
|-damage|p2a: Horsi|76/100 tox|[from] psn
|upkeep
|turn|21
|
|t:|1660143792
|move|p2a: Horsi|Surf|p1a: Ferrothorn
|-resisted|p1a: Ferrothorn
|-damage|p1a: Ferrothorn|0 fnt
|faint|p1a: Ferrothorn
|
|-weather|RainDance|[upkeep]
|-damage|p2a: Horsi|57/100 tox|[from] psn
|upkeep
|
|t:|1660143794
|switch|p1a: Melmetal|Melmetal|100/100
|turn|22
|
|t:|1660143801
|move|p2a: Horsi|Surf|p1a: Melmetal
|-damage|p1a: Melmetal|44/100
|move|p1a: Melmetal|Double Iron Bash|p2a: Horsi
|-resisted|p2a: Horsi
|-crit|p2a: Horsi
|-damage|p2a: Horsi|17/100 tox
|-resisted|p2a: Horsi
|-damage|p2a: Horsi|0 fnt
|faint|p2a: Horsi
|-hitcount|p2: Horsi|2
|
|-weather|RainDance|[upkeep]
|-heal|p1a: Melmetal|50/100|[from] item: Leftovers
|upkeep
|
|t:|1660143804
|switch|p2a: Bad Fish|Barraskewda, M|100/100
|turn|23
|
|t:|1660143806
|move|p1a: Melmetal|Protect|p1a: Melmetal
|-singleturn|p1a: Melmetal|Protect
|move|p2a: Bad Fish|Liquidation|p1a: Melmetal
|-activate|p1a: Melmetal|move: Protect
|
|-weather|RainDance|[upkeep]
|-heal|p1a: Melmetal|56/100|[from] item: Leftovers
|upkeep
|turn|24
|
|t:|1660143808
|switch|p1a: Zapdos|Zapdos|16/100
|move|p2a: Bad Fish|Liquidation|p1a: Zapdos
|-damage|p1a: Zapdos|0 fnt
|-status|p2a: Bad Fish|par|[from] ability: Static|[of] p1a: Zapdos
|faint|p1a: Zapdos
|
|-weather|none
|upkeep
|
|t:|1660143811
|switch|p1a: Urshifu|Urshifu-Rapid-Strike, M|22/100
|turn|25
|j| Cramoraunt
|
|t:|1660143820
|switch|p2a: Stormfather|Pelipper, M|71/100
|-weather|RainDance|[from] ability: Drizzle|[of] p2a: Stormfather
|move|p1a: Urshifu|Close Combat|p2a: Stormfather
|-resisted|p2a: Stormfather
|-damage|p2a: Stormfather|47/100
|-unboost|p1a: Urshifu|def|1
|-unboost|p1a: Urshifu|spd|1
|
|-weather|RainDance|[upkeep]
|upkeep
|turn|26
|
|t:|1660143824
|switch|p1a: Melmetal|Melmetal|56/100
|move|p2a: Stormfather|U-turn|p1a: Melmetal
|-resisted|p1a: Melmetal
|-damage|p1a: Melmetal|53/100
|
|t:|1660143829
|switch|p2a: Bad Fish|Barraskewda, M|100/100 par|[from]move: U-turn
|
|-weather|RainDance|[upkeep]
|-heal|p1a: Melmetal|59/100|[from] item: Leftovers
|upkeep
|turn|27
|
|t:|1660143831
|move|p1a: Melmetal|Protect|p1a: Melmetal
|-singleturn|p1a: Melmetal|Protect
|move|p2a: Bad Fish|Liquidation|p1a: Melmetal
|-activate|p1a: Melmetal|move: Protect
|
|-weather|RainDance|[upkeep]
|-heal|p1a: Melmetal|65/100|[from] item: Leftovers
|upkeep
|turn|28
|
|t:|1660143839
|move|p2a: Bad Fish|Liquidation|p1a: Melmetal
|-damage|p1a: Melmetal|0 fnt
|faint|p1a: Melmetal
|
|-weather|RainDance|[upkeep]
|upkeep
|j| tytyui↻
|
|t:|1660143842
|switch|p1a: Urshifu|Urshifu-Rapid-Strike, M|22/100
|turn|29
|
|t:|1660143845
|switch|p2a: Landlord|Landorus-Therian, M|12/100 tox
|-ability|p2a: Landlord|Intimidate|boost
|-unboost|p1a: Urshifu|atk|1
|move|p1a: Urshifu|Close Combat|p2a: Landlord
|-resisted|p2a: Landlord
|-damage|p2a: Landlord|0 fnt
|-unboost|p1a: Urshifu|def|1
|-unboost|p1a: Urshifu|spd|1
|faint|p2a: Landlord
|
|-weather|RainDance|[upkeep]
|upkeep
|
|t:|1660143848
|switch|p2a: Zapdosorio|Zapdos|63/100
|turn|30
|
|t:|1660143851
|switch|p1a: Landorus|Landorus-Therian, M|99/100
|-ability|p1a: Landorus|Intimidate|boost
|-unboost|p2a: Zapdosorio|atk|1
|move|p2a: Zapdosorio|Weather Ball|p1a: Landorus
|-supereffective|p1a: Landorus
|-damage|p1a: Landorus|22/100
|
|-weather|RainDance|[upkeep]
|-heal|p1a: Landorus|28/100|[from] item: Leftovers
|upkeep
|turn|31
|j| ivehadenoughshit
|
|t:|1660143856
|move|p2a: Zapdosorio|Weather Ball|p1a: Landorus
|-supereffective|p1a: Landorus
|-damage|p1a: Landorus|0 fnt
|faint|p1a: Landorus
|
|-weather|RainDance|[upkeep]
|upkeep
|
|t:|1660143857
|switch|p1a: Urshifu|Urshifu-Rapid-Strike, M|22/100
|turn|32
|
|t:|1660143862
|move|p1a: Urshifu|Close Combat|p2a: Zapdosorio
|-resisted|p2a: Zapdosorio
|-damage|p2a: Zapdosorio|26/100
|-unboost|p1a: Urshifu|def|1
|-unboost|p1a: Urshifu|spd|1
|move|p2a: Zapdosorio|Thunder|p1a: Urshifu
|-supereffective|p1a: Urshifu
|-crit|p1a: Urshifu
|-damage|p1a: Urshifu|0 fnt
|faint|p1a: Urshifu
|
|win|LT92PF Eeveectory
|raw|Coach Jones 6fifth's rating: 1887 &rarr; <strong>1861</strong><br />(-26 for losing)
|raw|LT92PF Eeveectory's rating: 1781 &rarr; <strong>1807</strong><br />(+26 for winning)
|c|☆Coach Jones 6fifth|gg
|c|☆LT92PF Eeveectory|gg
|l|☆Coach Jones 6fifth
|l| lt92pf mj
|l|☆LT92PF Eeveectory
|j| LT92PF Templario
|j| rheysali
|l| rheysali
||Ladder isn't responding, score probably updated but might not have (Request timeout).
|l| ivehadenoughshit
|l| tytyui↻
|l| LT92PF Templario
|j| Mollymiltoast
|j| ArSeN18=
|l| Mollymiltoast
|j| Lost123456789
|l| Lost123456789
|l| LT92PF Isza
|l| ArSeN18=
