|j|☆Syn1o
|j|☆bizarman
|t:|1668163441
|gametype|singles
|player|p1|Syn1o|essentia|
|player|p2|bizarman|scientist-gen4|
|teamsize|p1|6
|teamsize|p2|6
|gen|8
|tier|[Gen 8] OU
|rule|Sleep Clause Mod: Limit one foe put to sleep
|rule|Species Clause: Limit one of each Pokémon
|rule|OHKO Clause: OHKO moves are banned
|rule|Evasion Items Clause: Evasion items are banned
|rule|Evasion Moves Clause: Evasion moves are banned
|rule|Endless Battle Clause: Forcing endless battles is banned
|rule|HP Percentage Mod: HP is shown in percentages
|rule|Dynamax Clause: You cannot dynamax
|clearpoke
|poke|p1|Regidrago|
|poke|p1|Frosmoth, F|
|poke|p1|Zarude|
|poke|p1|Runerigus, F|
|poke|p1|Perrserker, M|
|poke|p1|Regieleki|
|poke|p2|Inteleon, M|
|poke|p2|Obstagoon, M|
|poke|p2|Weezing-Galar, F|
|poke|p2|Copperajah, F|
|poke|p2|Sandaconda, F|
|poke|p2|Thwackey, M|
|teampreview
|c|☆bizarman|hf ^^
|c|☆Syn1o|gl gl
|
|t:|1668163481
|start
|switch|p1a: Frosmoth|Frosmoth, F|100/100
|switch|p2a: Thwackey|Thwackey, M|100/100
|-fieldstart|move: Grassy Terrain|[from] ability: Grassy Surge|[of] p2a: Thwackey
|turn|1
|inactive|Battle timer is ON: inactive players will automatically lose when time's up. (requested by bizarman)
|
|t:|1668163489
|switch|p2a: Copperajah|Copperajah, F|100/100
|move|p1a: Frosmoth|Tailwind|p1a: Frosmoth
|-sidestart|p1: Syn1o|move: Tailwind
|
|upkeep
|turn|2
|
|t:|1668163501
|switch|p1a: Runerigus|Runerigus, F, shiny|100/100
|move|p2a: Copperajah|Iron Head|p1a: Runerigus
|-damage|p1a: Runerigus|62/100
|-activate|p1a: Runerigus|ability: Wandering Spirit|Sheer Force|Wandering Spirit|[of] p2a: Copperajah
|
|-heal|p1a: Runerigus|68/100|[from] Grassy Terrain
|upkeep
|turn|3
|
|t:|1668163509
|move|p1a: Runerigus|Will-O-Wisp|p2a: Copperajah
|-status|p2a: Copperajah|brn
|move|p2a: Copperajah|Power Whip|p1a: Runerigus|[miss]
|-miss|p2a: Copperajah|p1a: Runerigus
|
|-heal|p1a: Runerigus|74/100|[from] Grassy Terrain
|-damage|p2a: Copperajah|94/100 brn|[from] brn
|upkeep
|turn|4
|
|t:|1668163524
|switch|p2a: Inteleon|Inteleon, M|100/100
|move|p1a: Runerigus|Stealth Rock|p2a: Inteleon
|-sidestart|p2: bizarman|move: Stealth Rock
|
|-heal|p1a: Runerigus|80/100|[from] Grassy Terrain
|-sideend|p1: Syn1o|move: Tailwind
|upkeep
|turn|5
|
|t:|1668163538
|switch|p1a: Frosmoth|Frosmoth, F|100/100
|move|p2a: Inteleon|Ice Beam|p1a: Frosmoth
|-resisted|p1a: Frosmoth
|-damage|p1a: Frosmoth|94/100
|
|-heal|p1a: Frosmoth|100/100|[from] Grassy Terrain
|-fieldend|move: Grassy Terrain
|upkeep
|turn|6
|j| Stellar Flares
|
|t:|1668163548
|switch|p2a: Copperajah|Copperajah, F|94/100 brn
|-damage|p2a: Copperajah|88/100 brn|[from] Stealth Rock
|move|p1a: Frosmoth|Tailwind|p1a: Frosmoth
|-sidestart|p1: Syn1o|move: Tailwind
|
|-damage|p2a: Copperajah|82/100 brn|[from] brn
|upkeep
|turn|7
|
|t:|1668163563
|switch|p1a: Perrserker|Perrserker, M, shiny|100/100
|move|p2a: Copperajah|Power Whip|p1a: Perrserker
|-resisted|p1a: Perrserker
|-damage|p1a: Perrserker|88/100
|
|-damage|p2a: Copperajah|76/100 brn|[from] brn
|upkeep
|turn|8
|j| shraider
|
|t:|1668163579
|switch|p2a: Weezing|Weezing-Galar, F|100/100
|-ability|p2a: Weezing|Neutralizing Gas
|-damage|p2a: Weezing|88/100|[from] Stealth Rock
|move|p1a: Perrserker|Close Combat|p2a: Weezing
|-resisted|p2a: Weezing
|-crit|p2a: Weezing
|-damage|p2a: Weezing|74/100
|-unboost|p1a: Perrserker|def|1
|-unboost|p1a: Perrserker|spd|1
|
|-heal|p2a: Weezing|80/100|[from] item: Black Sludge
|upkeep
|turn|9
|
|t:|1668163591
|switch|p1a: Frosmoth|Frosmoth, F|100/100
|move|p2a: Weezing|Will-O-Wisp|p1a: Frosmoth
|-status|p1a: Frosmoth|brn
|
|-heal|p2a: Weezing|86/100|[from] item: Black Sludge
|-damage|p1a: Frosmoth|94/100 brn|[from] brn
|-sideend|p1: Syn1o|move: Tailwind
|upkeep
|turn|10
|
|t:|1668163601
|move|p1a: Frosmoth|Tailwind|p1a: Frosmoth
|-sidestart|p1: Syn1o|move: Tailwind
|move|p2a: Weezing|Defog|p1a: Frosmoth
|-unboost|p1a: Frosmoth|evasion|1
|-sideend|p2: bizarman|Stealth Rock|[from] move: Defog|[of] p2a: Weezing
|
|-heal|p2a: Weezing|92/100|[from] item: Black Sludge
|-damage|p1a: Frosmoth|88/100 brn|[from] brn
|upkeep
|turn|11
|
|t:|1668163622
|switch|p1a: Regieleki|Regieleki|100/100
|-end|p2a: Weezing|ability: Neutralizing Gas
|switch|p2a: Inteleon|Inteleon, M|100/100
|
|upkeep
|turn|12
|
|t:|1668163628
|switch|p2a: Sandaconda|Sandaconda, F|100/100
|move|p1a: Regieleki|Volt Switch|p2a: Sandaconda
|-immune|p2a: Sandaconda
|
|upkeep
|turn|13
|
|t:|1668163641
|move|p1a: Regieleki|Reflect|p1a: Regieleki
|-sidestart|p1: Syn1o|Reflect
|move|p2a: Sandaconda|Stealth Rock|p1a: Regieleki
|-sidestart|p1: Syn1o|move: Stealth Rock
|
|-sideend|p1: Syn1o|move: Tailwind
|upkeep
|turn|14
|
|t:|1668163651
|switch|p1a: Runerigus|Runerigus, F, shiny|80/100
|-damage|p1a: Runerigus|74/100|[from] Stealth Rock
|move|p2a: Sandaconda|Glare|p1a: Runerigus
|-status|p1a: Runerigus|par
|
|upkeep
|turn|15
|
|t:|1668163660
|switch|p2a: Obstagoon|Obstagoon, M|100/100
|cant|p1a: Runerigus|par
|
|-status|p2a: Obstagoon|brn|[from] item: Flame Orb
|upkeep
|turn|16
|
|t:|1668163672
|move|p2a: Obstagoon|Knock Off|p1a: Runerigus
|-supereffective|p1a: Runerigus
|-enditem|p1a: Runerigus|Colbur Berry|[eat]
|-enditem|p1a: Runerigus|Colbur Berry|[weaken]
|-damage|p1a: Runerigus|51/100 par
|-activate|p1a: Runerigus|ability: Wandering Spirit|Guts|Wandering Spirit|[of] p2a: Obstagoon
|move|p1a: Runerigus|Stealth Rock|p2a: Obstagoon
|-sidestart|p2: bizarman|move: Stealth Rock
|
|-damage|p2a: Obstagoon|94/100 brn|[from] brn
|upkeep
|turn|17
|
|t:|1668163693
|switch|p1a: Zarude|Zarude|100/100
|-damage|p1a: Zarude|88/100|[from] Stealth Rock
|move|p2a: Obstagoon|Parting Shot|p1a: Zarude
|-unboost|p1a: Zarude|atk|1
|-unboost|p1a: Zarude|spa|1
|
|t:|1668163703
|switch|p2a: Weezing|Weezing-Galar, F|92/100|[from]move: Parting Shot
|-ability|p2a: Weezing|Neutralizing Gas
|-damage|p2a: Weezing|79/100|[from] Stealth Rock
|
|-heal|p2a: Weezing|85/100|[from] item: Black Sludge
|-sideend|p1: Syn1o|Reflect
|upkeep
|turn|18
|
|t:|1668163713
|switch|p1a: Frosmoth|Frosmoth, F|88/100 brn
|move|p2a: Weezing|Strange Steam|p1a: Frosmoth
|-damage|p1a: Frosmoth|68/100 brn
|-start|p1a: Frosmoth|confusion
|
|-heal|p2a: Weezing|91/100|[from] item: Black Sludge
|-damage|p1a: Frosmoth|62/100 brn|[from] brn
|upkeep
|turn|19
|
|t:|1668163723
|-end|p2a: Weezing|ability: Neutralizing Gas
|switch|p2a: Obstagoon|Obstagoon, M|94/100 brn
|-damage|p2a: Obstagoon|82/100 brn|[from] Stealth Rock
|-activate|p1a: Frosmoth|confusion
|move|p1a: Frosmoth|Defog|p2a: Obstagoon
|-unboost|p2a: Obstagoon|evasion|1
|-sideend|p2: bizarman|Stealth Rock|[from] move: Defog|[of] p1a: Frosmoth
|-sideend|p1: Syn1o|Stealth Rock|[from] move: Defog|[of] p1a: Frosmoth
|
|-damage|p2a: Obstagoon|76/100 brn|[from] brn
|-damage|p1a: Frosmoth|56/100 brn|[from] brn
|upkeep
|turn|20
|
|t:|1668163737
|switch|p1a: Zarude|Zarude|88/100
|move|p2a: Obstagoon|Facade|p1a: Zarude
|-damage|p1a: Zarude|9/100
|
|-damage|p2a: Obstagoon|70/100 brn|[from] brn
|upkeep
|turn|21
|
|t:|1668163745
|switch|p2a: Weezing|Weezing-Galar, F|91/100
|-ability|p2a: Weezing|Neutralizing Gas
|move|p1a: Zarude|Close Combat|p2a: Weezing
|-resisted|p2a: Weezing
|-damage|p2a: Weezing|85/100
|-unboost|p1a: Zarude|def|1
|-unboost|p1a: Zarude|spd|1
|
|-heal|p2a: Weezing|91/100|[from] item: Black Sludge
|upkeep
|turn|22
|
|t:|1668163777
|switch|p1a: Frosmoth|Frosmoth, F|56/100 brn
|move|p2a: Weezing|Strange Steam|p1a: Frosmoth
|-damage|p1a: Frosmoth|36/100 brn
|-start|p1a: Frosmoth|confusion
|
|-heal|p2a: Weezing|97/100|[from] item: Black Sludge
|-damage|p1a: Frosmoth|30/100 brn|[from] brn
|upkeep
|turn|23
|inactive|bizarman has 270 seconds left.
|
|t:|1668163792
|-end|p2a: Weezing|ability: Neutralizing Gas
|switch|p2a: Copperajah|Copperajah, F|76/100 brn
|-activate|p1a: Frosmoth|confusion
|move|p1a: Frosmoth|Tailwind|p1a: Frosmoth
|-sidestart|p1: Syn1o|move: Tailwind
|
|-damage|p1a: Frosmoth|24/100 brn|[from] brn
|-damage|p2a: Copperajah|69/100 brn|[from] brn
|upkeep
|turn|24
|inactive|bizarman has 270 seconds left.
|
|t:|1668163805
|switch|p1a: Perrserker|Perrserker, M, shiny|88/100
|move|p2a: Copperajah|Power Whip|p1a: Perrserker
|-resisted|p1a: Perrserker
|-damage|p1a: Perrserker|76/100
|
|-damage|p2a: Copperajah|63/100 brn|[from] brn
|upkeep
|turn|25
|inactive|bizarman has 270 seconds left.
|
|t:|1668163817
|switch|p2a: Sandaconda|Sandaconda, F|100/100
|move|p1a: Perrserker|Iron Head|p2a: Sandaconda
|-damage|p2a: Sandaconda|39/100
|
|-heal|p2a: Sandaconda|45/100|[from] item: Leftovers
|upkeep
|turn|26
|inactive|bizarman has 270 seconds left.
|
|t:|1668163828
|switch|p2a: Copperajah|Copperajah, F|63/100 brn
|move|p1a: Perrserker|Iron Head|p2a: Copperajah
|-resisted|p2a: Copperajah
|-damage|p2a: Copperajah|19/100 brn
|
|-damage|p2a: Copperajah|13/100 brn|[from] brn
|-sideend|p1: Syn1o|move: Tailwind
|upkeep
|turn|27
|inactive|bizarman has 270 seconds left.
|
|t:|1668163839
|move|p1a: Perrserker|Iron Head|p2a: Copperajah
|-resisted|p2a: Copperajah
|-damage|p2a: Copperajah|0 fnt
|faint|p2a: Copperajah
|
|upkeep
|inactive|bizarman has 270 seconds left.
|
|t:|1668163846
|switch|p2a: Obstagoon|Obstagoon, M|70/100 brn
|turn|28
|
|t:|1668163863
|switch|p1a: Zarude|Zarude|9/100
|move|p2a: Obstagoon|Close Combat|p1a: Zarude
|-supereffective|p1a: Zarude
|-enditem|p1a: Zarude|Chople Berry|[eat]
|-enditem|p1a: Zarude|Chople Berry|[weaken]
|-damage|p1a: Zarude|0 fnt
|-unboost|p2a: Obstagoon|def|1
|-unboost|p2a: Obstagoon|spd|1
|faint|p1a: Zarude
|
|-damage|p2a: Obstagoon|64/100 brn|[from] brn
|upkeep
|
|t:|1668163879
|switch|p1a: Regieleki|Regieleki|100/100
|turn|29
|
|t:|1668163883
|switch|p2a: Sandaconda|Sandaconda, F|45/100
|move|p1a: Regieleki|Reflect|p1a: Regieleki
|-sidestart|p1: Syn1o|Reflect
|
|-heal|p2a: Sandaconda|51/100|[from] item: Leftovers
|upkeep
|turn|30
|
|t:|1668163893
|switch|p1a: Runerigus|Runerigus, F, shiny|51/100 par
|move|p2a: Sandaconda|Stealth Rock|p1a: Runerigus
|-sidestart|p1: Syn1o|move: Stealth Rock
|
|-heal|p2a: Sandaconda|57/100|[from] item: Leftovers
|upkeep
|turn|31
|
|t:|1668163901
|switch|p2a: Obstagoon|Obstagoon, M|64/100 brn
|move|p1a: Runerigus|Poltergeist|p2a: Obstagoon
|-immune|p2a: Obstagoon
|
|-damage|p2a: Obstagoon|58/100 brn|[from] brn
|upkeep
|turn|32
|
|t:|1668163917
|move|p2a: Obstagoon|Knock Off|p1a: Runerigus
|-supereffective|p1a: Runerigus
|-damage|p1a: Runerigus|22/100 par
|-activate|p1a: Runerigus|ability: Wandering Spirit|Guts|Wandering Spirit|[of] p2a: Obstagoon
|move|p1a: Runerigus|Earthquake|p2a: Obstagoon
|-damage|p2a: Obstagoon|7/100 brn
|
|-damage|p2a: Obstagoon|1/100 brn|[from] brn
|upkeep
|turn|33
|
|t:|1668163936
|move|p2a: Obstagoon|Knock Off|p1a: Runerigus
|-supereffective|p1a: Runerigus
|-damage|p1a: Runerigus|12/100 par
|move|p1a: Runerigus|Stealth Rock|p2a: Obstagoon
|-sidestart|p2: bizarman|move: Stealth Rock
|
|-damage|p2a: Obstagoon|0 fnt|[from] brn
|faint|p2a: Obstagoon
|-sideend|p1: Syn1o|Reflect
|upkeep
|
|t:|1668163950
|switch|p2a: Sandaconda|Sandaconda, F|57/100
|-damage|p2a: Sandaconda|51/100|[from] Stealth Rock
|turn|34
|inactive|Syn1o has 270 seconds left.
|
|t:|1668163976
|move|p2a: Sandaconda|Earthquake|p1a: Runerigus
|-damage|p1a: Runerigus|0 fnt
|faint|p1a: Runerigus
|
|-heal|p2a: Sandaconda|57/100|[from] item: Leftovers
|upkeep
|c|☆bizarman|ok donc runerigus, j'avais complètement oubliè qu'il était là lui XD
|
|t:|1668163978
|switch|p1a: Frosmoth|Frosmoth, F|24/100 brn
|turn|35
|c|☆Syn1o|x)))
|
|t:|1668163990
|switch|p2a: Inteleon|Inteleon, M|100/100
|-damage|p2a: Inteleon|88/100|[from] Stealth Rock
|move|p1a: Frosmoth|Tailwind|p1a: Frosmoth
|-sidestart|p1: Syn1o|move: Tailwind
|
|-damage|p1a: Frosmoth|18/100 brn|[from] brn
|upkeep
|turn|36
|
|t:|1668164001
|move|p2a: Inteleon|Snipe Shot|p1a: Frosmoth
|-damage|p1a: Frosmoth|2/100 brn
|move|p1a: Frosmoth|Defog|p2a: Inteleon
|-unboost|p2a: Inteleon|evasion|1
|-sideend|p2: bizarman|Stealth Rock|[from] move: Defog|[of] p1a: Frosmoth
|-sideend|p1: Syn1o|Stealth Rock|[from] move: Defog|[of] p1a: Frosmoth
|
|-damage|p1a: Frosmoth|0 fnt|[from] brn
|faint|p1a: Frosmoth
|upkeep
|
|t:|1668164012
|switch|p1a: Perrserker|Perrserker, M, shiny|76/100
|turn|37
|
|t:|1668164026
|switch|p2a: Thwackey|Thwackey, M|100/100
|-fieldstart|move: Grassy Terrain|[from] ability: Grassy Surge|[of] p2a: Thwackey
|move|p1a: Perrserker|Iron Head|p2a: Thwackey
|-damage|p2a: Thwackey|0 fnt
|faint|p2a: Thwackey
|
|-heal|p1a: Perrserker|82/100|[from] Grassy Terrain
|upkeep
|
|t:|1668164035
|switch|p2a: Inteleon|Inteleon, M|88/100
|turn|38
|c|☆Syn1o|Perrserker best mon
|
|t:|1668164048
|move|p1a: Perrserker|Iron Head|p2a: Inteleon
|-resisted|p2a: Inteleon
|-damage|p2a: Inteleon|19/100
|move|p2a: Inteleon|Snipe Shot|p1a: Perrserker
|-crit|p1a: Perrserker
|-damage|p1a: Perrserker|0 fnt
|faint|p1a: Perrserker
|
|-heal|p2a: Inteleon|25/100|[from] Grassy Terrain
|-sideend|p1: Syn1o|move: Tailwind
|upkeep
|
|t:|1668164054
|switch|p1a: Regieleki|Regieleki|100/100
|turn|39
|
|t:|1668164059
|switch|p2a: Sandaconda|Sandaconda, F|57/100
|move|p1a: Regieleki|Volt Switch|p2a: Sandaconda
|-immune|p2a: Sandaconda
|
|-heal|p2a: Sandaconda|63/100|[from] Grassy Terrain
|-heal|p2a: Sandaconda|69/100|[from] item: Leftovers
|upkeep
|turn|40
|
|t:|1668164068
|move|p1a: Regieleki|Reflect|p1a: Regieleki
|-sidestart|p1: Syn1o|Reflect
|move|p2a: Sandaconda|Glare|p1a: Regieleki
|-immune|p1a: Regieleki
|
|-heal|p2a: Sandaconda|75/100|[from] Grassy Terrain
|-heal|p2a: Sandaconda|82/100|[from] item: Leftovers
|upkeep
|turn|41
|
|t:|1668164080
|switch|p1a: Regidrago|Regidrago|100/100
|move|p2a: Sandaconda|Stealth Rock|p1a: Regidrago
|-sidestart|p1: Syn1o|move: Stealth Rock
|
|-heal|p2a: Sandaconda|88/100|[from] Grassy Terrain
|-heal|p2a: Sandaconda|94/100|[from] item: Leftovers
|-fieldend|move: Grassy Terrain
|upkeep
|turn|42
|
|t:|1668164106
|switch|p2a: Weezing|Weezing-Galar, F|97/100
|-ability|p2a: Weezing|Neutralizing Gas
|move|p1a: Regidrago|Dragon Energy|p2a: Weezing
|-immune|p2a: Weezing
|
|-heal|p2a: Weezing|100/100|[from] item: Black Sludge
|upkeep
|turn|43
|
|t:|1668164115
|switch|p1a: Regieleki|Regieleki|100/100
|-damage|p1a: Regieleki|88/100|[from] Stealth Rock
|move|p2a: Weezing|Strange Steam|p1a: Regieleki
|-damage|p1a: Regieleki|37/100
|
|upkeep
|turn|44
|
|t:|1668164123
|-end|p2a: Weezing|ability: Neutralizing Gas
|switch|p2a: Sandaconda|Sandaconda, F|94/100
|move|p1a: Regieleki|Ancient Power|p2a: Sandaconda
|-resisted|p2a: Sandaconda
|-damage|p2a: Sandaconda|82/100
|-boost|p1a: Regieleki|atk|1
|-boost|p1a: Regieleki|def|1
|-boost|p1a: Regieleki|spa|1
|-boost|p1a: Regieleki|spd|1
|-boost|p1a: Regieleki|spe|1
|-damage|p1a: Regieleki|27/100|[from] item: Life Orb
|
|-heal|p2a: Sandaconda|88/100|[from] item: Leftovers
|-sideend|p1: Syn1o|Reflect
|upkeep
|turn|45
|c|☆bizarman|phew
|c|☆bizarman|lol
|c|☆Syn1o|gg x)
|
|t:|1668164140
|move|p1a: Regieleki|Ancient Power|p2a: Sandaconda
|-resisted|p2a: Sandaconda
|-damage|p2a: Sandaconda|70/100
|-damage|p1a: Regieleki|17/100|[from] item: Life Orb
|move|p2a: Sandaconda|Earthquake|p1a: Regieleki
|-supereffective|p1a: Regieleki
|-damage|p1a: Regieleki|0 fnt
|faint|p1a: Regieleki
|
|-heal|p2a: Sandaconda|76/100|[from] item: Leftovers
|upkeep
|c|☆bizarman|gg
|
|t:|1668164146
|switch|p1a: Regidrago|Regidrago|100/100
|-damage|p1a: Regidrago|88/100|[from] Stealth Rock
|turn|46
|
|t:|1668164152
|switch|p2a: Weezing|Weezing-Galar, F|100/100
|-ability|p2a: Weezing|Neutralizing Gas
|move|p1a: Regidrago|Explosion|p2a: Weezing
|-damage|p2a: Weezing|69/100
|faint|p1a: Regidrago
|
|win|bizarman
|c|☆Syn1o|Weezing trop compliqué a passer
|c|☆bizarman|yep
|c|☆bizarman|c'est pour ça que je l'ai mis ^^
|c|☆Syn1o|x)
|c|☆bizarman|après c'est pas indestructible non plus
|c|☆Syn1o|ouais mais bon
|c|☆bizarman|genre artikodin de galar est autorisé
|c|☆bizarman|weezing il tanke pas ça
|c|☆Syn1o|A la place de regieleki en vrai
|c|☆bizarman|hatterene va être fort aussi
|c|☆Syn1o|Hatterene j'ai des plans pour ce poke :]
|c|☆bizarman|^^
|c|☆Syn1o|bonne journée en tt cas
|c|☆bizarman|de même
|c|☆Syn1o|et merci pour le match
|l|☆Syn1o
|c|☆bizarman|good luck pour le tournoi
|l|☆bizarman
