|j|☆shiawasenostory
|j|☆sikelofheavens
|t:|1665618661
|gametype|singles
|player|p1|shiawasenostory|winona|
|player|p2|sikelofheavens|169|
|teamsize|p1|6
|teamsize|p2|6
|gen|8
|tier|[Gen 8] OU
|rule|Sleep Clause Mod: Limit one foe put to sleep
|rule|Species Clause: Limit one of each Pokémon
|rule|OHKO Clause: OHKO moves are banned
|rule|Evasion Items Clause: Evasion items are banned
|rule|Evasion Moves Clause: Evasion moves are banned
|rule|Endless Battle Clause: Forcing endless battles is banned
|rule|HP Percentage Mod: HP is shown in percentages
|rule|Dynamax Clause: You cannot dynamax
|clearpoke
|poke|p1|Skarmory, F|
|poke|p1|Ditto|
|poke|p1|Toxapex, F|
|poke|p1|Blissey, F|
|poke|p1|Shedinja|
|poke|p1|Quagsire, F|
|poke|p2|Polteageist|
|poke|p2|Zeraora|
|poke|p2|Haxorus, F|
|poke|p2|Clefable, F|
|poke|p2|Zoroark, F|
|poke|p2|Dragapult, F|
|teampreview
|
|t:|1665618679
|start
|switch|p1a: Ditto|Ditto|100/100
|switch|p2a: Dragapult|Dragapult, F|100/100
|-item|p1a: Ditto|Air Balloon
|turn|1
|
|t:|1665618726
|switch|p1a: Toxapex|Toxapex, F|100/100
|move|p2a: Dragapult|Nasty Plot|p2a: Dragapult
|-boost|p2a: Dragapult|spa|2
|
|upkeep
|turn|2
|
|t:|1665618733
|move|p2a: Dragapult|Taunt|p1a: Toxapex
|-start|p1a: Toxapex|move: Taunt
|cant|p1a: Toxapex|move: Taunt|Toxic
|
|upkeep
|turn|3
|
|t:|1665618737
|move|p2a: Dragapult|Dark Pulse|p1a: Toxapex
|-damage|p1a: Toxapex|1/100
|-damage|p2a: Dragapult|91/100|[from] item: Life Orb
|move|p1a: Toxapex|Knock Off|p2a: Dragapult
|-resisted|p2a: Dragapult
|-damage|p2a: Dragapult|74/100
|replace|p2a: Zoroark|Zoroark, F
|-end|p2a: Zoroark|Illusion
|-enditem|p2a: Zoroark|Life Orb|[from] move: Knock Off|[of] p1a: Toxapex
|
|upkeep
|turn|4
|
|t:|1665618769
|switch|p1a: Blissey|Blissey, F|100/100
|move|p2a: Zoroark|Dark Pulse|p1a: Blissey
|-crit|p1a: Blissey
|-damage|p1a: Blissey|55/100
|
|upkeep
|turn|5
|
|t:|1665618784
|move|p2a: Zoroark|Taunt|p1a: Blissey
|-start|p1a: Blissey|move: Taunt
|move|p1a: Blissey|Seismic Toss|p2a: Zoroark
|-damage|p2a: Zoroark|36/100
|
|upkeep
|turn|6
|
|t:|1665618796
|move|p1a: Blissey|Seismic Toss|p2a: Zoroark
|-damage|p2a: Zoroark|0 fnt
|faint|p2a: Zoroark
|
|upkeep
|j| MythicalBlueFlare
|
|t:|1665618825
|switch|p2a: Haxorus|Haxorus, F|100/100
|-ability|p2a: Haxorus|Mold Breaker
|turn|7
|
|t:|1665618831
|switch|p1a: Skarmory|Skarmory, F|100/100
|move|p2a: Haxorus|Substitute|p2a: Haxorus
|-start|p2a: Haxorus|Substitute
|-damage|p2a: Haxorus|75/100
|
|-heal|p2a: Haxorus|82/100|[from] item: Leftovers
|upkeep
|turn|8
|
|t:|1665618836
|move|p2a: Haxorus|Swords Dance|p2a: Haxorus
|-boost|p2a: Haxorus|atk|2
|move|p1a: Skarmory|Whirlwind|p2a: Haxorus
|drag|p2a: Polteageist|Polteageist|100/100
|
|upkeep
|turn|9
|j| e24mcon
|
|t:|1665618847
|move|p2a: Polteageist|Substitute|p2a: Polteageist
|-start|p2a: Polteageist|Substitute
|-damage|p2a: Polteageist|76/100
|move|p1a: Skarmory|Whirlwind|p2a: Polteageist
|drag|p2a: Dragapult|Dragapult, F|100/100
|
|upkeep
|turn|10
|c| e24mcon|do you know how whirlwind works
|c| MythicalBlueFlare|no way you lose a mon to this guy story
|c|☆sikelofheavens|no
|c| e24mcon|unfortunate
|
|t:|1665618879
|switch|p2a: Polteageist|Polteageist|76/100
|switch|p1a: Blissey|Blissey, F|55/100
|
|upkeep
|turn|11
|c| e24mcon|story play with a real team this is just bullying
|
|t:|1665618899
|switch|p1a: Ditto|Ditto|100/100
|-transform|p1a: Ditto|p2a: Polteageist|[from] ability: Imposter
|-item|p1a: Ditto|Air Balloon
|move|p2a: Polteageist|Substitute|p2a: Polteageist
|-start|p2a: Polteageist|Substitute
|-damage|p2a: Polteageist|51/100
|
|upkeep
|turn|12
|j| ILoveDogsHugThem
|c| e24mcon|throwing lfg
|c| ILoveDogsHugThem|POGERS
|
|t:|1665618938
|move|p1a: Ditto|Shadow Ball|p2a: Polteageist
|-supereffective|p2a: Polteageist
|-end|p2a: Polteageist|Substitute
|move|p2a: Polteageist|Shell Smash|p2a: Polteageist
|-unboost|p2a: Polteageist|def|1
|-unboost|p2a: Polteageist|spd|1
|-boost|p2a: Polteageist|atk|2
|-boost|p2a: Polteageist|spa|2
|-boost|p2a: Polteageist|spe|2
|
|upkeep
|turn|13
|
|t:|1665618947
|switch|p1a: Quagsire|Quagsire, F|100/100
|move|p2a: Polteageist|Shadow Ball|p1a: Quagsire
|-damage|p1a: Quagsire|42/100
|
|upkeep
|turn|14
|c| e24mcon|lol
|
|t:|1665618981
|switch|p1a: Blissey|Blissey, F|55/100
|move|p2a: Polteageist|Substitute|p2a: Polteageist
|-start|p2a: Polteageist|Substitute
|-damage|p2a: Polteageist|26/100
|
|upkeep
|turn|15
|
|t:|1665618988
|move|p2a: Polteageist|Shell Smash|p2a: Polteageist
|-unboost|p2a: Polteageist|def|1
|-unboost|p2a: Polteageist|spd|1
|-boost|p2a: Polteageist|atk|2
|-boost|p2a: Polteageist|spa|2
|-boost|p2a: Polteageist|spe|2
|move|p1a: Blissey|Soft-Boiled|p1a: Blissey
|-heal|p1a: Blissey|100/100
|
|upkeep
|turn|16
|j| 79893188236358456E
|
|t:|1665619042
|switch|p1a: Quagsire|Quagsire, F|42/100
|move|p2a: Polteageist|Shell Smash|p2a: Polteageist
|-unboost|p2a: Polteageist|def|1
|-unboost|p2a: Polteageist|spd|1
|-boost|p2a: Polteageist|atk|2
|-boost|p2a: Polteageist|spa|2
|-boost|p2a: Polteageist|spe|2
|
|upkeep
|turn|17
|
|t:|1665619049
|move|p2a: Polteageist|Shadow Ball|p1a: Quagsire
|-damage|p1a: Quagsire|0 fnt
|faint|p1a: Quagsire
|
|upkeep
|
|t:|1665619058
|switch|p1a: Skarmory|Skarmory, F|100/100
|turn|18
|
|t:|1665619061
|move|p2a: Polteageist|Shadow Ball|p1a: Skarmory
|-ability|p1a: Skarmory|Sturdy
|-damage|p1a: Skarmory|1/100
|move|p1a: Skarmory|Whirlwind|p2a: Polteageist
|drag|p2a: Clefable|Clefable, F|100/100
|
|-heal|p1a: Skarmory|7/100|[from] item: Leftovers
|upkeep
|turn|19
|c| e24mcon|lfg
|
|t:|1665619074
|switch|p1a: Toxapex|Toxapex, F|34/100
|switch|p2a: Polteageist|Polteageist|26/100
|
|upkeep
|turn|20
|j| Inferno303
|c| e24mcon|oh wait you cant even go for the reverse with ditto cus its ballon lma
|c| Inferno303|whos winnin im late
|c| MythicalBlueFlare|MAN NAT what does locked mean
|
|t:|1665619131
|switch|p1a: Blissey|Blissey, F|100/100
|move|p2a: Polteageist|Shadow Ball|p1a: Blissey
|-immune|p1a: Blissey
|
|upkeep
|turn|21
|
|t:|1665619138
|switch|p1a: Shedinja|Shedinja|100/100
|move|p2a: Polteageist|Shell Smash|p2a: Polteageist
|-unboost|p2a: Polteageist|def|1
|-unboost|p2a: Polteageist|spd|1
|-boost|p2a: Polteageist|atk|2
|-boost|p2a: Polteageist|spa|2
|-boost|p2a: Polteageist|spe|2
|
|upkeep
|turn|22
|
|t:|1665619143
|move|p1a: Shedinja|Shadow Sneak|p2a: Polteageist
|-supereffective|p2a: Polteageist
|-crit|p2a: Polteageist
|-damage|p2a: Polteageist|0 fnt
|faint|p2a: Polteageist
|
|upkeep
|
|t:|1665619145
|switch|p2a: Haxorus|Haxorus, F|82/100
|-ability|p2a: Haxorus|Mold Breaker
|turn|23
|c| MythicalBlueFlare|sikel?
|c| e24mcon|what was even last move on that tea
|c| e24mcon|stored power?
|c| MythicalBlueFlare|its prob stored power
|c| e24mcon|dont u click it on at +3 on a bliss tho
|j| UnitedDank
|
|t:|1665619227
|switch|p1a: Skarmory|Skarmory, F|7/100
|move|p2a: Haxorus|Substitute|p2a: Haxorus
|-start|p2a: Haxorus|Substitute
|-damage|p2a: Haxorus|57/100
|
|-heal|p1a: Skarmory|13/100|[from] item: Leftovers
|-heal|p2a: Haxorus|63/100|[from] item: Leftovers
|upkeep
|turn|24
|
|t:|1665619241
|move|p1a: Skarmory|Roost|p1a: Skarmory
|-heal|p1a: Skarmory|63/100
|-singleturn|p1a: Skarmory|move: Roost
|move|p2a: Haxorus|Taunt|p1a: Skarmory
|-start|p1a: Skarmory|move: Taunt
|
|-heal|p1a: Skarmory|70/100|[from] item: Leftovers
|-heal|p2a: Haxorus|69/100|[from] item: Leftovers
|upkeep
|turn|25
|
|t:|1665619247
|move|p1a: Skarmory|Body Press|p2a: Haxorus
|-activate|p2a: Haxorus|move: Substitute|[damage]
|move|p2a: Haxorus|Swords Dance|p2a: Haxorus
|-boost|p2a: Haxorus|atk|2
|
|-heal|p1a: Skarmory|76/100|[from] item: Leftovers
|-heal|p2a: Haxorus|75/100|[from] item: Leftovers
|upkeep
|turn|26
|
|t:|1665619251
|move|p1a: Skarmory|Body Press|p2a: Haxorus
|-end|p2a: Haxorus|Substitute
|move|p2a: Haxorus|Outrage|p1a: Skarmory
|-resisted|p1a: Skarmory
|-damage|p1a: Skarmory|33/100
|
|-heal|p1a: Skarmory|40/100|[from] item: Leftovers
|-heal|p2a: Haxorus|81/100|[from] item: Leftovers
|upkeep
|turn|27
|c| e24mcon|sikel u are so sick at clicking sub
|j| ThiccKiwiDotCom
|l| UnitedDank
|c|☆sikelofheavens|thx
|
|t:|1665619267
|move|p1a: Skarmory|Body Press|p2a: Haxorus
|-damage|p2a: Haxorus|61/100
|move|p2a: Haxorus|Outrage|p1a: Skarmory|[from]lockedmove
|-resisted|p1a: Skarmory
|-damage|p1a: Skarmory|0 fnt
|faint|p1a: Skarmory
|-start|p2a: Haxorus|confusion|[fatigue]
|
|-heal|p2a: Haxorus|67/100|[from] item: Leftovers
|upkeep
|c| e24mcon|wait this is mono outrage lol
|c| e24mcon|thats hype
|c| ILoveDogsHugThem|i just realized story is using shed stall
|
|t:|1665619284
|switch|p1a: Ditto|Ditto|100/100
|-transform|p1a: Ditto|p2a: Haxorus|[from] ability: Imposter
|-ability|p1a: Ditto|Mold Breaker
|-item|p1a: Ditto|Air Balloon
|turn|28
|j| UnitedDank
|
|t:|1665619308
|switch|p2a: Clefable|Clefable, F|100/100
|move|p1a: Ditto|Substitute|p1a: Ditto
|-start|p1a: Ditto|Substitute
|-damage|p1a: Ditto|75/100
|
|upkeep
|turn|29
|c| e24mcon|story this was a 6-0 if you brang lele
|
|t:|1665619314
|move|p1a: Ditto|Taunt|p2a: Clefable
|-start|p2a: Clefable|move: Taunt
|cant|p2a: Clefable|move: Taunt|Calm Mind
|
|upkeep
|turn|30
|
|t:|1665619323
|switch|p1a: Toxapex|Toxapex, F|68/100
|move|p2a: Clefable|Knock Off|p1a: Toxapex
|-damage|p1a: Toxapex|58/100
|-enditem|p1a: Toxapex|Heavy-Duty Boots|[from] move: Knock Off|[of] p2a: Clefable
|
|upkeep
|turn|31
|c| MythicalBlueFlare|sikel did you forgot your own set
|
|t:|1665619332
|move|p2a: Clefable|Psychic|p1a: Toxapex
|-supereffective|p1a: Toxapex
|-damage|p1a: Toxapex|24/100
|move|p1a: Toxapex|Knock Off|p2a: Clefable
|-resisted|p2a: Clefable
|-crit|p2a: Clefable
|-damage|p2a: Clefable|92/100
|
|-end|p2a: Clefable|move: Taunt
|-damage|p1a: Toxapex|12/100|[from] item: Sticky Barb
|upkeep
|turn|32
|c| e24mcon|psychic clef lfg
|
|t:|1665619386
|switch|p1a: Blissey|Blissey, F|100/100
|move|p2a: Clefable|Psychic|p1a: Blissey
|-damage|p1a: Blissey|93/100
|
|upkeep
|turn|33
|
|t:|1665619402
|move|p1a: Blissey|Stealth Rock|p2a: Clefable
|-sidestart|p2: sikelofheavens|move: Stealth Rock
|move|p2a: Clefable|Knock Off|p1a: Blissey
|-damage|p1a: Blissey|79/100
|-enditem|p1a: Blissey|Heavy-Duty Boots|[from] move: Knock Off|[of] p2a: Clefable
|
|upkeep
|turn|34
|
|t:|1665619410
|move|p1a: Blissey|Seismic Toss|p2a: Clefable
|-damage|p2a: Clefable|66/100
|move|p2a: Clefable|Calm Mind|p2a: Clefable
|-boost|p2a: Clefable|spa|1
|-boost|p2a: Clefable|spd|1
|
|upkeep
|turn|35
|
|t:|1665619415
|move|p1a: Blissey|Seismic Toss|p2a: Clefable
|-damage|p2a: Clefable|41/100
|move|p2a: Clefable|Soft-Boiled|p2a: Clefable
|-heal|p2a: Clefable|91/100
|
|upkeep
|turn|36
|
|t:|1665619429
|move|p1a: Blissey|Seismic Toss|p2a: Clefable
|-damage|p2a: Clefable|66/100
|move|p2a: Clefable|Psychic|p1a: Blissey
|-damage|p1a: Blissey|68/100
|
|upkeep
|turn|37
|c| e24mcon|mono psychic clef lfg
|
|t:|1665619434
|move|p1a: Blissey|Seismic Toss|p2a: Clefable
|-damage|p2a: Clefable|40/100
|move|p2a: Clefable|Calm Mind|p2a: Clefable
|-boost|p2a: Clefable|spa|1
|-boost|p2a: Clefable|spd|1
|
|upkeep
|turn|38
|c| e24mcon|such an innovative set
|
|t:|1665619440
|switch|p1a: Ditto|Ditto|75/100
|-transform|p1a: Ditto|p2a: Clefable|[from] ability: Imposter
|-item|p1a: Ditto|Air Balloon
|move|p2a: Clefable|Soft-Boiled|p2a: Clefable
|-heal|p2a: Clefable|90/100
|
|upkeep
|turn|39
|
|t:|1665619449
|move|p2a: Clefable|Psychic|p1a: Ditto
|-damage|p1a: Ditto|50/100
|-enditem|p1a: Ditto|Air Balloon
|move|p1a: Ditto|Calm Mind|p1a: Ditto
|-boost|p1a: Ditto|spa|1
|-boost|p1a: Ditto|spd|1
|
|upkeep
|turn|40
|
|t:|1665619453
|move|p2a: Clefable|Calm Mind|p2a: Clefable
|-boost|p2a: Clefable|spa|1
|-boost|p2a: Clefable|spd|1
|move|p1a: Ditto|Soft-Boiled|p1a: Ditto
|-heal|p1a: Ditto|100/100
|
|upkeep
|turn|41
|
|t:|1665619460
|move|p1a: Ditto|Calm Mind|p1a: Ditto
|-boost|p1a: Ditto|spa|1
|-boost|p1a: Ditto|spd|1
|move|p2a: Clefable|Calm Mind|p2a: Clefable
|-boost|p2a: Clefable|spa|1
|-boost|p2a: Clefable|spd|1
|
|upkeep
|turn|42
|
|t:|1665619462
|switch|p1a: Blissey|Blissey, F|68/100
|move|p2a: Clefable|Calm Mind|p2a: Clefable
|-boost|p2a: Clefable|spa|1
|-boost|p2a: Clefable|spd|1
|
|upkeep
|turn|43
|
|t:|1665619465
|move|p1a: Blissey|Soft-Boiled|p1a: Blissey
|-heal|p1a: Blissey|100/100
|move|p2a: Clefable|Calm Mind|p2a: Clefable
|-boost|p2a: Clefable|spa|1
|-boost|p2a: Clefable|spd|1
|
|upkeep
|turn|44
|c| e24mcon|wow i wonder who wins this 1v1 story
|
|t:|1665619469
|switch|p1a: Ditto|Ditto|100/100
|-transform|p1a: Ditto|p2a: Clefable|[from] ability: Imposter
|move|p2a: Clefable|Psychic|p1a: Ditto
|-damage|p1a: Ditto|77/100
|
|upkeep
|turn|45
|
|t:|1665619476
|move|p1a: Ditto|Soft-Boiled|p1a: Ditto
|-heal|p1a: Ditto|100/100
|move|p2a: Clefable|Psychic|p1a: Ditto
|-damage|p1a: Ditto|75/100
|
|upkeep
|turn|46
|
|t:|1665619481
|move|p1a: Ditto|Soft-Boiled|p1a: Ditto
|-heal|p1a: Ditto|100/100
|move|p2a: Clefable|Knock Off|p1a: Ditto
|-resisted|p1a: Ditto
|-damage|p1a: Ditto|95/100
|
|upkeep
|turn|47
|c| ThiccKiwiDotCom|is the clef unaware
|
|t:|1665619487
|switch|p1a: Blissey|Blissey, F|100/100
|move|p2a: Clefable|Soft-Boiled|p2a: Clefable
|-heal|p2a: Clefable|100/100
|
|upkeep
|turn|48
|c| e24mcon|why are you clicking softboiled
|c| e24mcon|you need to crit
|
|t:|1665619493
|switch|p1a: Ditto|Ditto|95/100
|-transform|p1a: Ditto|p2a: Clefable|[from] ability: Imposter
|move|p2a: Clefable|Psychic|p1a: Ditto
|-damage|p1a: Ditto|68/100
|
|upkeep
|turn|49
|
|t:|1665619500
|move|p2a: Clefable|Knock Off|p1a: Ditto
|-resisted|p1a: Ditto
|-damage|p1a: Ditto|62/100
|move|p1a: Ditto|Soft-Boiled|p1a: Ditto
|-heal|p1a: Ditto|100/100
|
|upkeep
|turn|50
|
|t:|1665619504
|move|p2a: Clefable|Psychic|p1a: Ditto
|-damage|p1a: Ditto|74/100
|move|p1a: Ditto|Psychic|p2a: Clefable
|-crit|p2a: Clefable
|-damage|p2a: Clefable|0 fnt
|faint|p2a: Clefable
|
|upkeep
|c| UnitedDank|hella backseating going on
|c| MythicalBlueFlare|LOL
|c| ThiccKiwiDotCom|Lmao
|c| ILoveDogsHugThem|this is the fight of all time
|c| e24mcon|see
|
|t:|1665619520
|switch|p2a: Dragapult|Dragapult, F|100/100
|-damage|p2a: Dragapult|88/100|[from] Stealth Rock
|turn|51
|
|t:|1665619527
|move|p2a: Dragapult|Steel Wing|p1a: Ditto
|-supereffective|p1a: Ditto
|-damage|p1a: Ditto|31/100
|move|p1a: Ditto|Psychic|p2a: Dragapult
|-damage|p2a: Dragapult|0 fnt
|faint|p2a: Dragapult
|
|upkeep
|c| ILoveDogsHugThem|lol
|
|t:|1665619539
|switch|p2a: Zeraora|Zeraora|100/100
|-damage|p2a: Zeraora|88/100|[from] Stealth Rock
|turn|52
|c| MythicalBlueFlare|sikel of trolling
|c| e24mcon|big zera sweep incoming
|
|t:|1665619570
|switch|p1a: Toxapex|Toxapex, F|45/100
|move|p2a: Zeraora|Thunderbolt|p1a: Toxapex
|-supereffective|p1a: Toxapex
|-damage|p1a: Toxapex|0 fnt
|faint|p1a: Toxapex
|-damage|p2a: Zeraora|78/100|[from] item: Life Orb
|
|upkeep
|c| e24mcon|bulk up solos !!
|
|t:|1665619582
|switch|p1a: Ditto|Ditto|31/100
|-transform|p1a: Ditto|p2a: Zeraora|[from] ability: Imposter
|turn|53
|c| e24mcon|speed tie insead of bliss lfg
|
|t:|1665619604
|switch|p1a: Shedinja|Shedinja|100/100
|move|p2a: Zeraora|Close Combat|p1a: Shedinja
|-immune|p1a: Shedinja|[from] ability: Wonder Guard
|
|upkeep
|turn|54
|
|t:|1665619617
|switch|p2a: Haxorus|Haxorus, F|67/100
|-damage|p2a: Haxorus|54/100|[from] Stealth Rock
|-ability|p2a: Haxorus|Mold Breaker
|move|p1a: Shedinja|Shadow Sneak|p2a: Haxorus
|-damage|p2a: Haxorus|40/100
|
|-heal|p2a: Haxorus|46/100|[from] item: Leftovers
|upkeep
|turn|55
|
|t:|1665619624
|move|p1a: Shedinja|Shadow Sneak|p2a: Haxorus
|-damage|p2a: Haxorus|33/100
|move|p2a: Haxorus|Substitute|p2a: Haxorus
|-start|p2a: Haxorus|Substitute
|-damage|p2a: Haxorus|8/100
|
|-heal|p2a: Haxorus|14/100|[from] item: Leftovers
|upkeep
|turn|56
|
|t:|1665619628
|move|p1a: Shedinja|Shadow Sneak|p2a: Haxorus
|-activate|p2a: Haxorus|move: Substitute|[damage]
|move|p2a: Haxorus|Outrage|p1a: Shedinja
|-crit|p1a: Shedinja
|-damage|p1a: Shedinja|0 fnt
|faint|p1a: Shedinja
|
|-heal|p2a: Haxorus|20/100|[from] item: Leftovers
|upkeep
|c| e24mcon|wp
|
|t:|1665619661
|switch|p1a: Ditto|Ditto|31/100
|turn|57
|
|t:|1665619666
|switch|p1a: Blissey|Blissey, F|100/100
|move|p2a: Haxorus|Outrage|p1a: Blissey|[from]lockedmove
|-damage|p1a: Blissey|49/100
|
|-heal|p2a: Haxorus|26/100|[from] item: Leftovers
|upkeep
|turn|58
|
|t:|1665619680
|switch|p1a: Ditto|Ditto|31/100
|move|p2a: Haxorus|Outrage|p1a: Ditto|[from]lockedmove
|-damage|p1a: Ditto|0 fnt
|faint|p1a: Ditto
|-start|p2a: Haxorus|confusion|[fatigue]
|
|-heal|p2a: Haxorus|32/100|[from] item: Leftovers
|upkeep
|
|t:|1665619685
|switch|p1a: Blissey|Blissey, F|49/100
|turn|59
|
|t:|1665619687
|-activate|p2a: Haxorus|confusion
|move|p2a: Haxorus|Outrage|p1a: Blissey
|-damage|p1a: Blissey|0 fnt
|faint|p1a: Blissey
|
|win|sikelofheavens
|c| e24mcon|low roll into confusion self hit
|c|☆sikelofheavens|get fucked
|l| ILoveDogsHugThem
|c| e24mcon|good throw story
|l| Inferno303
|l|☆shiawasenostory
|l| UnitedDank
|l| ThiccKiwiDotCom
|l|☆sikelofheavens
|l| MythicalBlueFlare
