|j|☆Elite4Donovan
|j|☆d18l
|t:|1658800157
|gametype|singles
|player|p1|Elite4Donovan|lucas|1710
|player|p2|d18l|backpacker|1686
|teamsize|p1|6
|teamsize|p2|6
|gen|8
|tier|[Gen 8] OU
|rated|
|rule|Sleep Clause Mod: Limit one foe put to sleep
|rule|Species Clause: Limit one of each Pokémon
|rule|OHKO Clause: OHKO moves are banned
|rule|Evasion Moves Clause: Evasion moves are banned
|rule|Endless Battle Clause: Forcing endless battles is banned
|rule|HP Percentage Mod: HP is shown in percentages
|rule|Dynamax Clause: You cannot dynamax
|clearpoke
|poke|p1|Lilligant, F|
|poke|p1|Magnezone|
|poke|p1|Volcarona, M|
|poke|p1|Clefable, F|
|poke|p1|Landorus-Therian, M|
|poke|p1|Slowbro, F|
|poke|p2|Tapu Koko|
|poke|p2|Victini|
|poke|p2|Landorus-Therian, M|
|poke|p2|Tornadus-Therian, M|
|poke|p2|Rotom-Wash|
|poke|p2|Ferrothorn, F|
|teampreview
|
|t:|1658800170
|start
|switch|p1a: Landorus|Landorus-Therian, M|100/100
|switch|p2a: Rotom|Rotom-Wash|100/100
|-ability|p1a: Landorus|Intimidate|boost
|-unboost|p2a: Rotom|atk|1
|turn|1
|
|t:|1658800177
|move|p1a: Landorus|Toxic|p2a: Rotom
|-status|p2a: Rotom|tox
|move|p2a: Rotom|Hydro Pump|p1a: Landorus
|-supereffective|p1a: Landorus
|-damage|p1a: Landorus|31/100
|
|-heal|p1a: Landorus|37/100|[from] item: Leftovers
|-damage|p2a: Rotom|95/100 tox|[from] psn
|upkeep
|turn|2
|
|t:|1658800183
|move|p1a: Landorus|U-turn|p2a: Rotom
|-damage|p2a: Rotom|72/100 tox
|
|t:|1658800187
|switch|p1a: Clefable|Clefable, F|100/100|[from]move: U-turn
|move|p2a: Rotom|Hydro Pump|p1a: Clefable
|-damage|p1a: Clefable|68/100
|
|-heal|p2a: Rotom|78/100 tox|[from] item: Leftovers
|-heal|p1a: Clefable|74/100|[from] item: Leftovers
|-damage|p2a: Rotom|67/100 tox|[from] psn
|upkeep
|turn|3
|
|t:|1658800191
|move|p2a: Rotom|Volt Switch|p1a: Clefable
|-damage|p1a: Clefable|54/100
|
|t:|1658800193
|switch|p2a: Victini|Victini|100/100|[from]move: Volt Switch
|move|p1a: Clefable|Stealth Rock|p2a: Victini
|-sidestart|p2: d18l|move: Stealth Rock
|
|-heal|p1a: Clefable|60/100|[from] item: Leftovers
|upkeep
|turn|4
|j| Cocoon Evolution
|
|t:|1658800197
|switch|p1a: Slowbro|Slowbro, F|100/100
|move|p2a: Victini|V-create|p1a: Slowbro
|-resisted|p1a: Slowbro
|-damage|p1a: Slowbro|77/100
|-unboost|p2a: Victini|spe|1
|-unboost|p2a: Victini|def|1
|-unboost|p2a: Victini|spd|1
|
|upkeep
|turn|5
|
|t:|1658800203
|move|p2a: Victini|U-turn|p1a: Slowbro
|-supereffective|p1a: Slowbro
|-damage|p1a: Slowbro|52/100
|
|t:|1658800207
|switch|p2a: Rotom|Rotom-Wash|67/100 tox|[from]move: U-turn
|-damage|p2a: Rotom|54/100 tox|[from] Stealth Rock
|move|p1a: Slowbro|Teleport|p1a: Slowbro
|
|t:|1658800210
|switch|p1a: Lilligant|Lilligant, F|100/100|[from]move: Teleport
|
|-heal|p2a: Rotom|60/100 tox|[from] item: Leftovers
|-damage|p2a: Rotom|54/100 tox|[from] psn
|upkeep
|turn|6
|
|t:|1658800216
|switch|p2a: Tornadus|Tornadus-Therian, M|100/100
|-damage|p2a: Tornadus|76/100|[from] Stealth Rock
|move|p1a: Lilligant|Giga Drain|p2a: Tornadus
|-resisted|p2a: Tornadus
|-damage|p2a: Tornadus|62/100
|
|upkeep
|turn|7
|
|t:|1658800227
|switch|p1a: Slowbro|Slowbro, F|85/100
|move|p2a: Tornadus|Knock Off|p1a: Slowbro
|-supereffective|p1a: Slowbro
|-enditem|p1a: Slowbro|Colbur Berry|[eat]
|-enditem|p1a: Slowbro|Colbur Berry|[weaken]
|-damage|p1a: Slowbro|73/100
|
|upkeep
|turn|8
|
|t:|1658800236
|move|p2a: Tornadus|Hurricane|p1a: Slowbro
|-damage|p1a: Slowbro|26/100
|move|p1a: Slowbro|Teleport|p1a: Slowbro
|
|t:|1658800241
|switch|p1a: Clefable|Clefable, F|60/100|[from]move: Teleport
|
|-heal|p1a: Clefable|66/100|[from] item: Leftovers
|upkeep
|turn|9
|
|t:|1658800244
|move|p2a: Tornadus|Knock Off|p1a: Clefable
|-resisted|p1a: Clefable
|-damage|p1a: Clefable|57/100
|-enditem|p1a: Clefable|Leftovers|[from] move: Knock Off|[of] p2a: Tornadus
|move|p1a: Clefable|Soft-Boiled|p1a: Clefable
|-heal|p1a: Clefable|100/100
|
|upkeep
|turn|10
|
|t:|1658800248
|move|p2a: Tornadus|U-turn|p1a: Clefable
|-resisted|p1a: Clefable
|-damage|p1a: Clefable|94/100
|
|t:|1658800250
|switch|p2a: Rotom|Rotom-Wash|54/100 tox|[from]move: U-turn
|-damage|p2a: Rotom|42/100 tox|[from] Stealth Rock
|move|p1a: Clefable|Knock Off|p2a: Rotom
|-damage|p2a: Rotom|26/100 tox
|-enditem|p2a: Rotom|Leftovers|[from] move: Knock Off|[of] p1a: Clefable
|
|-damage|p2a: Rotom|20/100 tox|[from] psn
|upkeep
|turn|11
|
|t:|1658800254
|move|p2a: Rotom|Pain Split|p1a: Clefable
|-sethp|p1a: Clefable|55/100|[from] move: Pain Split|[silent]
|-sethp|p2a: Rotom|71/100 tox|[from] move: Pain Split
|move|p1a: Clefable|Soft-Boiled|p1a: Clefable
|-heal|p1a: Clefable|100/100
|
|-damage|p2a: Rotom|59/100 tox|[from] psn
|upkeep
|turn|12
|
|t:|1658800258
|move|p2a: Rotom|Volt Switch|p1a: Clefable
|-damage|p1a: Clefable|81/100
|j| yaydumb
|
|t:|1658800282
|switch|p2a: Victini|Victini|100/100|[from]move: Volt Switch
|move|p1a: Clefable|Moonblast|p2a: Victini
|-resisted|p2a: Victini
|-damage|p2a: Victini|86/100
|
|upkeep
|turn|13
|
|t:|1658800289
|move|p2a: Victini|Bolt Strike|p1a: Clefable
|-damage|p1a: Clefable|46/100
|move|p1a: Clefable|Knock Off|p2a: Victini
|-supereffective|p2a: Victini
|-damage|p2a: Victini|54/100
|-enditem|p2a: Victini|Heavy-Duty Boots|[from] move: Knock Off|[of] p1a: Clefable
|
|upkeep
|turn|14
|
|t:|1658800293
|switch|p1a: Slowbro|Slowbro, F|59/100
|move|p2a: Victini|V-create|p1a: Slowbro
|-resisted|p1a: Slowbro
|-damage|p1a: Slowbro|36/100
|-unboost|p2a: Victini|spe|1
|-unboost|p2a: Victini|def|1
|-unboost|p2a: Victini|spd|1
|
|upkeep
|turn|15
|
|t:|1658800299
|switch|p1a: Landorus|Landorus-Therian, M|37/100
|-ability|p1a: Landorus|Intimidate|boost
|-unboost|p2a: Victini|atk|1
|move|p2a: Victini|V-create|p1a: Landorus
|-damage|p1a: Landorus|0 fnt
|-unboost|p2a: Victini|spe|1
|-unboost|p2a: Victini|def|1
|-unboost|p2a: Victini|spd|1
|faint|p1a: Landorus
|
|upkeep
|
|t:|1658800307
|switch|p1a: Volcarona|Volcarona, M|100/100
|turn|16
|
|t:|1658800315
|move|p1a: Volcarona|Quiver Dance|p1a: Volcarona
|-boost|p1a: Volcarona|spa|1
|-boost|p1a: Volcarona|spd|1
|-boost|p1a: Volcarona|spe|1
|move|p2a: Victini|V-create|p1a: Volcarona
|-damage|p1a: Volcarona|20/100
|-unboost|p2a: Victini|spe|1
|-unboost|p2a: Victini|def|1
|-unboost|p2a: Victini|spd|1
|
|upkeep
|turn|17
|
|t:|1658800320
|move|p1a: Volcarona|Flamethrower|p2a: Victini
|-resisted|p2a: Victini
|-damage|p2a: Victini|0 fnt
|faint|p2a: Victini
|
|upkeep
|
|t:|1658800327
|switch|p2a: Landorus|Landorus-Therian, M|100/100
|-damage|p2a: Landorus|88/100|[from] Stealth Rock
|-ability|p2a: Landorus|Intimidate|boost
|-unboost|p1a: Volcarona|atk|1
|turn|18
|
|t:|1658800328
|move|p1a: Volcarona|Flamethrower|p2a: Landorus
|-crit|p2a: Landorus
|-damage|p2a: Landorus|0 fnt
|faint|p2a: Landorus
|
|upkeep
|
|t:|1658800334
|switch|p2a: Tornadus|Tornadus-Therian, M|95/100
|-damage|p2a: Tornadus|70/100|[from] Stealth Rock
|turn|19
|j| BabyPigsAreLaughin
|
|t:|1658800337
|move|p1a: Volcarona|Flamethrower|p2a: Tornadus
|-damage|p2a: Tornadus|23/100
|move|p2a: Tornadus|Hurricane|p1a: Volcarona
|-supereffective|p1a: Volcarona
|-damage|p1a: Volcarona|0 fnt
|faint|p1a: Volcarona
|
|upkeep
|
|t:|1658800341
|switch|p1a: Magnezone|Magnezone|100/100
|turn|20
|
|t:|1658800343
|move|p2a: Tornadus|Heat Wave|p1a: Magnezone
|-supereffective|p1a: Magnezone
|-enditem|p1a: Magnezone|Occa Berry|[eat]
|-enditem|p1a: Magnezone|Occa Berry|[weaken]
|-damage|p1a: Magnezone|83/100
|move|p1a: Magnezone|Thunderbolt|p2a: Tornadus
|-supereffective|p2a: Tornadus
|-damage|p2a: Tornadus|0 fnt
|faint|p2a: Tornadus
|
|upkeep
|
|t:|1658800349
|switch|p2a: Rotom|Rotom-Wash|59/100 tox
|-damage|p2a: Rotom|47/100 tox|[from] Stealth Rock
|turn|21
|
|t:|1658800364
|switch|p1a: Clefable|Clefable, F|46/100
|move|p2a: Rotom|Hydro Pump|p1a: Clefable
|-damage|p1a: Clefable|16/100
|
|-damage|p2a: Rotom|41/100 tox|[from] psn
|upkeep
|turn|22
|
|t:|1658800378
|move|p2a: Rotom|Volt Switch|p1a: Clefable
|-damage|p1a: Clefable|0 fnt
|faint|p1a: Clefable
|
|t:|1658800380
|switch|p2a: Tapu Koko|Tapu Koko|100/100|[from]move: Volt Switch
|-damage|p2a: Tapu Koko|88/100|[from] Stealth Rock
|-fieldstart|move: Electric Terrain|[from] ability: Electric Surge|[of] p2a: Tapu Koko
|
|upkeep
|l| yaydumb
|
|t:|1658800399
|switch|p1a: Magnezone|Magnezone|83/100
|turn|23
|j| Lost Temple
|
|t:|1658800440
|switch|p2a: Rotom|Rotom-Wash|41/100 tox
|-damage|p2a: Rotom|29/100 tox|[from] Stealth Rock
|move|p1a: Magnezone|Thunderbolt|p2a: Rotom
|-damage|p2a: Rotom|0 fnt
|faint|p2a: Rotom
|
|upkeep
|
|t:|1658800454
|switch|p2a: Tapu Koko|Tapu Koko|88/100
|-damage|p2a: Tapu Koko|76/100|[from] Stealth Rock
|turn|24
|
|t:|1658800460
|move|p2a: Tapu Koko|Dazzling Gleam|p1a: Magnezone
|-resisted|p1a: Magnezone
|-damage|p1a: Magnezone|63/100
|move|p1a: Magnezone|Thunderbolt|p2a: Tapu Koko
|-resisted|p2a: Tapu Koko
|-damage|p2a: Tapu Koko|40/100
|
|upkeep
|turn|25
|
|t:|1658800468
|switch|p2a: Ferrothorn|Ferrothorn, F|100/100
|-damage|p2a: Ferrothorn|95/100|[from] Stealth Rock
|switch|p1a: Slowbro|Slowbro, F|69/100
|
|upkeep
|turn|26
|-message|d18l forfeited.
|
|win|Elite4Donovan
|raw|Elite4Donovan's rating: 1710 &rarr; <strong>1729</strong><br />(+19 for winning)
|raw|d18l's rating: 1686 &rarr; <strong>1667</strong><br />(-19 for losing)
