|j|☆CoconutCrabs
|j|☆Wraks2
|t:|1646935055
|gametype|singles
|player|p1|CoconutCrabs|chuck|1659
|player|p2|Wraks2|2|1779
|teamsize|p1|6
|teamsize|p2|6
|gen|8
|tier|[Gen 8] OU
|rated|
|rule|Sleep Clause Mod: Limit one foe put to sleep
|rule|Species Clause: Limit one of each Pokémon
|rule|OHKO Clause: OHKO moves are banned
|rule|Evasion Moves Clause: Evasion moves are banned
|rule|Endless Battle Clause: Forcing endless battles is banned
|rule|HP Percentage Mod: HP is shown in percentages
|rule|Dynamax Clause: You cannot dynamax
|clearpoke
|poke|p1|Tyranitar, F|
|poke|p1|Excadrill, M|
|poke|p1|Tornadus-Therian, M|
|poke|p1|Toxapex, M|
|poke|p1|Heatran, M|
|poke|p1|Tangrowth, F|
|poke|p2|Rillaboom, M|
|poke|p2|Kartana|
|poke|p2|Weavile, F|
|poke|p2|Landorus-Therian, M|
|poke|p2|Tapu Fini|
|poke|p2|Dragonite, M|
|teampreview
|inactive|Battle timer is ON: inactive players will automatically lose when time's up. (requested by Wraks2)
|
|t:|1646935066
|start
|switch|p1a: Paloma|Tornadus-Therian, M|100/100
|switch|p2a: Landorus|Landorus-Therian, M|100/100
|-ability|p2a: Landorus|Intimidate|boost
|-unboost|p1a: Paloma|atk|1
|turn|1
|
|t:|1646935070
|move|p1a: Paloma|Icy Wind|p2a: Landorus
|-supereffective|p2a: Landorus
|-enditem|p2a: Landorus|Focus Sash
|-damage|p2a: Landorus|1/100
|-unboost|p2a: Landorus|spe|1
|move|p2a: Landorus|Stealth Rock|p1a: Paloma
|-sidestart|p1: CoconutCrabs|move: Stealth Rock
|
|upkeep
|turn|2
|
|t:|1646935078
|move|p1a: Paloma|Icy Wind|p2a: Landorus
|-supereffective|p2a: Landorus
|-damage|p2a: Landorus|0 fnt
|faint|p2a: Landorus
|
|upkeep
|
|t:|1646935084
|switch|p2a: Weavile|Weavile, F|100/100
|-ability|p2a: Weavile|Pressure
|turn|3
|
|t:|1646935094
|switch|p2a: Rillaboom|Rillaboom, M|100/100
|-fieldstart|move: Grassy Terrain|[from] ability: Grassy Surge|[of] p2a: Rillaboom
|switch|p1a: Baby|Toxapex, M|100/100
|-damage|p1a: Baby|88/100|[from] Stealth Rock
|
|-heal|p1a: Baby|94/100|[from] Grassy Terrain
|upkeep
|turn|4
|
|t:|1646935100
|switch|p1a: Pretty|Tangrowth, F|100/100
|-damage|p1a: Pretty|88/100|[from] Stealth Rock
|move|p2a: Rillaboom|Swords Dance|p2a: Rillaboom
|-boost|p2a: Rillaboom|atk|2
|
|-heal|p1a: Pretty|94/100|[from] Grassy Terrain
|upkeep
|turn|5
|
|t:|1646935102
|move|p2a: Rillaboom|Acrobatics|p1a: Pretty
|-supereffective|p1a: Pretty
|-damage|p1a: Pretty|38/100
|-damage|p2a: Rillaboom|84/100|[from] item: Rocky Helmet|[of] p1a: Pretty
|-damage|p2a: Rillaboom|74/100|[from] item: Life Orb
|move|p1a: Pretty|Knock Off|p2a: Rillaboom
|-damage|p2a: Rillaboom|52/100
|-enditem|p2a: Rillaboom|Life Orb|[from] move: Knock Off|[of] p1a: Pretty
|
|-heal|p2a: Rillaboom|58/100|[from] Grassy Terrain
|-heal|p1a: Pretty|45/100|[from] Grassy Terrain
|upkeep
|turn|6
|
|t:|1646935109
|switch|p1a: Boogers|Tyranitar, F|100/100
|-damage|p1a: Boogers|88/100|[from] Stealth Rock
|-weather|Sandstorm|[from] ability: Sand Stream|[of] p1a: Boogers
|move|p2a: Rillaboom|Swords Dance|p2a: Rillaboom
|-boost|p2a: Rillaboom|atk|2
|
|-weather|Sandstorm|[upkeep]
|-damage|p2a: Rillaboom|52/100|[from] Sandstorm
|-heal|p2a: Rillaboom|58/100|[from] Grassy Terrain
|-heal|p1a: Boogers|94/100|[from] Grassy Terrain
|-heal|p1a: Boogers|100/100|[from] item: Leftovers
|upkeep
|turn|7
|
|t:|1646935115
|switch|p1a: Pretty|Tangrowth, F|78/100
|-damage|p1a: Pretty|65/100|[from] Stealth Rock
|move|p2a: Rillaboom|Grassy Glide|p1a: Pretty
|-resisted|p1a: Pretty
|-damage|p1a: Pretty|26/100
|-damage|p2a: Rillaboom|41/100|[from] item: Rocky Helmet|[of] p1a: Pretty
|
|-weather|Sandstorm|[upkeep]
|-damage|p2a: Rillaboom|35/100|[from] Sandstorm
|-damage|p1a: Pretty|20/100|[from] Sandstorm
|-heal|p2a: Rillaboom|41/100|[from] Grassy Terrain
|-heal|p1a: Pretty|26/100|[from] Grassy Terrain
|-fieldend|move: Grassy Terrain
|upkeep
|turn|8
|
|t:|1646935136
|move|p2a: Rillaboom|Grassy Glide|p1a: Pretty
|-resisted|p1a: Pretty
|-damage|p1a: Pretty|0 fnt
|-damage|p2a: Rillaboom|25/100|[from] item: Rocky Helmet|[of] p1a: Pretty
|faint|p1a: Pretty
|
|-weather|Sandstorm|[upkeep]
|-damage|p2a: Rillaboom|19/100|[from] Sandstorm
|upkeep
|
|t:|1646935142
|switch|p1a: Mole Man|Excadrill, M|100/100
|-damage|p1a: Mole Man|97/100|[from] Stealth Rock
|turn|9
|
|t:|1646935149
|switch|p2a: Tapu Fini|Tapu Fini|100/100
|-fieldstart|move: Misty Terrain|[from] ability: Misty Surge|[of] p2a: Tapu Fini
|move|p1a: Mole Man|Iron Head|p2a: Tapu Fini
|-damage|p2a: Tapu Fini|49/100
|
|-weather|Sandstorm|[upkeep]
|-damage|p2a: Tapu Fini|43/100|[from] Sandstorm
|-heal|p1a: Mole Man|100/100|[from] item: Leftovers
|upkeep
|turn|10
|
|t:|1646935163
|move|p1a: Mole Man|Iron Head|p2a: Tapu Fini
|-damage|p2a: Tapu Fini|0 fnt
|faint|p2a: Tapu Fini
|
|-weather|none
|upkeep
|
|t:|1646935166
|switch|p2a: Kartana|Kartana|100/100
|turn|11
|
|t:|1646935172
|switch|p1a: Baby|Toxapex, M|100/100
|-damage|p1a: Baby|88/100|[from] Stealth Rock
|move|p2a: Kartana|Knock Off|p1a: Baby
|-damage|p1a: Baby|54/100
|-damage|p2a: Kartana|84/100|[from] item: Rocky Helmet|[of] p1a: Baby
|-enditem|p1a: Baby|Rocky Helmet|[from] move: Knock Off|[of] p2a: Kartana
|-damage|p2a: Kartana|74/100|[from] item: Life Orb
|
|upkeep
|turn|12
|
|t:|1646935180
|switch|p1a: Little Man|Heatran, M|100/100
|-damage|p1a: Little Man|88/100|[from] Stealth Rock
|move|p2a: Kartana|Swords Dance|p2a: Kartana
|-boost|p2a: Kartana|atk|2
|
|upkeep
|turn|13
|
|t:|1646935185
|switch|p2a: Dragonite|Dragonite, M|100/100
|move|p1a: Little Man|Flamethrower|p2a: Dragonite
|-resisted|p2a: Dragonite
|-damage|p2a: Dragonite|88/100
|
|-fieldend|Misty Terrain
|upkeep
|turn|14
|
|t:|1646935190
|switch|p1a: Boogers|Tyranitar, F|100/100
|-damage|p1a: Boogers|88/100|[from] Stealth Rock
|-weather|Sandstorm|[from] ability: Sand Stream|[of] p1a: Boogers
|move|p2a: Dragonite|Dragon Dance|p2a: Dragonite
|-boost|p2a: Dragonite|atk|1
|-boost|p2a: Dragonite|spe|1
|
|-weather|Sandstorm|[upkeep]
|-damage|p2a: Dragonite|82/100|[from] Sandstorm
|-heal|p1a: Boogers|94/100|[from] item: Leftovers
|upkeep
|turn|15
|
|t:|1646935198
|move|p2a: Dragonite|Earthquake|p1a: Boogers
|-supereffective|p1a: Boogers
|-crit|p1a: Boogers
|-damage|p1a: Boogers|0 fnt
|faint|p1a: Boogers
|
|-weather|Sandstorm|[upkeep]
|-damage|p2a: Dragonite|76/100|[from] Sandstorm
|upkeep
|
|t:|1646935205
|switch|p1a: Mole Man|Excadrill, M|100/100
|-damage|p1a: Mole Man|97/100|[from] Stealth Rock
|turn|16
|
|t:|1646935209
|move|p1a: Mole Man|Iron Head|p2a: Dragonite
|-damage|p2a: Dragonite|26/100
|move|p2a: Dragonite|Earthquake|p1a: Mole Man
|-supereffective|p1a: Mole Man
|-crit|p1a: Mole Man
|-damage|p1a: Mole Man|0 fnt
|faint|p1a: Mole Man
|
|-weather|Sandstorm|[upkeep]
|-damage|p2a: Dragonite|19/100|[from] Sandstorm
|upkeep
|j| IoSonoNeon
|-message|CoconutCrabs forfeited.
|
|win|Wraks2
|raw|CoconutCrabs's rating: 1659 &rarr; <strong>1646</strong><br />(-13 for losing)
|raw|Wraks2's rating: 1779 &rarr; <strong>1792</strong><br />(+13 for winning)
|l|☆CoconutCrabs
