|j|☆ClemLuck
|j|☆gaenisalbino
|t:|1645960763
|gametype|singles
|player|p1|ClemLuck|benga|1446
|player|p2|gaenisalbino|blue|1435
|teamsize|p1|6
|teamsize|p2|6
|gen|8
|tier|[Gen 8] OU
|rated|
|rule|Sleep Clause Mod: Limit one foe put to sleep
|rule|Species Clause: Limit one of each Pokémon
|rule|OHKO Clause: OHKO moves are banned
|rule|Evasion Moves Clause: Evasion moves are banned
|rule|Endless Battle Clause: Forcing endless battles is banned
|rule|HP Percentage Mod: HP is shown in percentages
|rule|Dynamax Clause: You cannot dynamax
|clearpoke
|poke|p1|Ninetales-Alola, F|
|poke|p1|Heatran, M|
|poke|p1|Dragapult, M|
|poke|p1|Scizor, M|
|poke|p1|Garchomp, M|
|poke|p1|Cloyster, M|
|poke|p2|Nidoking, M|
|poke|p2|Tapu Koko|
|poke|p2|Heatran, M|
|poke|p2|Slowbro, M|
|poke|p2|Tornadus-Therian, M|
|poke|p2|Landorus-Therian, M|
|teampreview
|
|t:|1645960818
|start
|switch|p1a: Ninetales|Ninetales-Alola, F|100/100
|switch|p2a: Nidoking|Nidoking, M|100/100
|-weather|Hail|[from] ability: Snow Warning|[of] p1a: Ninetales
|turn|1
|
|t:|1645960825
|move|p1a: Ninetales|Freeze-Dry|p2a: Nidoking
|-supereffective|p2a: Nidoking
|-damage|p2a: Nidoking|41/100
|move|p2a: Nidoking|Sludge Wave|p1a: Ninetales
|-supereffective|p1a: Ninetales
|-damage|p1a: Ninetales|0 fnt
|faint|p1a: Ninetales
|
|-weather|Hail|[upkeep]
|-damage|p2a: Nidoking|35/100|[from] Hail
|upkeep
|
|t:|1645960836
|switch|p1a: Cloyster|Cloyster, M|100/100
|turn|2
|
|t:|1645960843
|switch|p2a: Slowbro|Slowbro, M|100/100
|move|p1a: Cloyster|Shell Smash|p1a: Cloyster
|-unboost|p1a: Cloyster|def|1
|-unboost|p1a: Cloyster|spd|1
|-boost|p1a: Cloyster|atk|2
|-boost|p1a: Cloyster|spa|2
|-boost|p1a: Cloyster|spe|2
|
|-weather|Hail|[upkeep]
|-damage|p2a: Slowbro|94/100|[from] Hail
|upkeep
|turn|3
|
|t:|1645960850
|switch|p1a: Scizor|Scizor, M|100/100
|move|p2a: Slowbro|Body Press|p1a: Scizor
|-damage|p1a: Scizor|68/100
|
|-weather|Hail|[upkeep]
|-damage|p1a: Scizor|62/100|[from] Hail
|-damage|p2a: Slowbro|88/100|[from] Hail
|upkeep
|turn|4
|
|t:|1645960857
|switch|p2a: Tornadus|Tornadus-Therian, M|100/100
|move|p1a: Scizor|Knock Off|p2a: Tornadus
|-damage|p2a: Tornadus|60/100
|-enditem|p2a: Tornadus|Assault Vest|[from] move: Knock Off|[of] p1a: Scizor
|
|-weather|Hail|[upkeep]
|-damage|p2a: Tornadus|54/100|[from] Hail
|-damage|p1a: Scizor|56/100|[from] Hail
|upkeep
|turn|5
|
|t:|1645960878
|move|p1a: Scizor|Bullet Punch|p2a: Tornadus
|-damage|p2a: Tornadus|17/100
|move|p2a: Tornadus|Knock Off|p1a: Scizor
|-damage|p1a: Scizor|32/100
|-enditem|p1a: Scizor|Muscle Band|[from] move: Knock Off|[of] p2a: Tornadus
|
|-weather|none
|upkeep
|turn|6
|
|t:|1645960885
|switch|p2a: Heatran|Heatran, M|100/100
|move|p1a: Scizor|Roost|p1a: Scizor
|-heal|p1a: Scizor|82/100
|-singleturn|p1a: Scizor|move: Roost
|
|upkeep
|turn|7
|
|t:|1645960889
|switch|p1a: Garchomp|Garchomp, M|100/100
|move|p2a: Heatran|Magma Storm|p1a: Garchomp
|-resisted|p1a: Garchomp
|-damage|p1a: Garchomp|67/100
|-activate|p1a: Garchomp|move: Magma Storm|[of] p2a: Heatran
|
|-damage|p1a: Garchomp|55/100|[from] move: Magma Storm|[partiallytrapped]
|upkeep
|turn|8
|
|t:|1645960894
|switch|p2a: Slowbro|Slowbro, M|100/100
|move|p1a: Garchomp|Earthquake|p2a: Slowbro
|-damage|p2a: Slowbro|70/100
|
|-end|p1a: Garchomp|Magma Storm|[partiallytrapped]|[silent]
|upkeep
|turn|9
|
|t:|1645960902
|switch|p1a: Scizor|Scizor, M|82/100
|move|p2a: Slowbro|Ice Beam|p1a: Scizor
|-resisted|p1a: Scizor
|-damage|p1a: Scizor|68/100
|-status|p1a: Scizor|frz
|
|upkeep
|turn|10
|
|t:|1645960906
|cant|p1a: Scizor|frz
|move|p2a: Slowbro|Teleport|p2a: Slowbro
|
|t:|1645960909
|switch|p2a: Heatran|Heatran, M|100/100|[from]move: Teleport
|
|upkeep
|turn|11
|
|t:|1645960912
|-curestatus|p1a: Scizor|frz|[msg]
|move|p1a: Scizor|Bullet Punch|p2a: Heatran
|-resisted|p2a: Heatran
|-damage|p2a: Heatran|92/100
|move|p2a: Heatran|Magma Storm|p1a: Scizor
|-supereffective|p1a: Scizor
|-damage|p1a: Scizor|0 fnt
|faint|p1a: Scizor
|
|upkeep
|
|t:|1645960917
|switch|p1a: Heatran|Heatran, M|100/100
|-item|p1a: Heatran|Air Balloon
|turn|12
|
|t:|1645960951
|switch|p2a: Tornadus|Tornadus-Therian, M|50/100
|move|p1a: Heatran|Earth Power|p2a: Tornadus
|-immune|p2a: Tornadus
|
|upkeep
|turn|13
|
|t:|1645960965
|move|p2a: Tornadus|Knock Off|p1a: Heatran
|-damage|p1a: Heatran|80/100
|-enditem|p1a: Heatran|Air Balloon
|move|p1a: Heatran|Stealth Rock|p2a: Tornadus
|-sidestart|p2: gaenisalbino|move: Stealth Rock
|
|upkeep
|turn|14
|
|t:|1645960976
|switch|p1a: Garchomp|Garchomp, M|55/100
|move|p2a: Tornadus|Knock Off|p1a: Garchomp
|-damage|p1a: Garchomp|33/100
|-damage|p2a: Tornadus|38/100|[from] ability: Rough Skin|[of] p1a: Garchomp
|-enditem|p1a: Garchomp|Yache Berry|[from] move: Knock Off|[of] p2a: Tornadus
|
|upkeep
|turn|15
|
|t:|1645960982
|move|p2a: Tornadus|Hurricane|p1a: Garchomp
|-damage|p1a: Garchomp|0 fnt
|faint|p1a: Garchomp
|
|upkeep
|
|t:|1645960984
|switch|p1a: Cloyster|Cloyster, M|100/100
|turn|16
|
|t:|1645960989
|move|p1a: Cloyster|Ice Shard|p2a: Tornadus
|-supereffective|p2a: Tornadus
|-crit|p2a: Tornadus
|-damage|p2a: Tornadus|0 fnt
|faint|p2a: Tornadus
|
|upkeep
|
|t:|1645960998
|switch|p2a: Tapu Koko|Tapu Koko|100/100
|-fieldstart|move: Electric Terrain|[from] ability: Electric Surge|[of] p2a: Tapu Koko
|turn|17
|inactive|Battle timer is ON: inactive players will automatically lose when time's up. (requested by gaenisalbino)
|
|t:|1645961037
|move|p2a: Tapu Koko|Thunderbolt|p1a: Cloyster
|-supereffective|p1a: Cloyster
|-enditem|p1a: Cloyster|Focus Sash
|-damage|p1a: Cloyster|1/100
|move|p1a: Cloyster|Icicle Spear|p2a: Tapu Koko
|-damage|p2a: Tapu Koko|83/100
|-damage|p2a: Tapu Koko|68/100
|-crit|p2a: Tapu Koko
|-damage|p2a: Tapu Koko|45/100
|-damage|p2a: Tapu Koko|29/100
|-damage|p2a: Tapu Koko|12/100
|-hitcount|p2a: Tapu Koko|5
|
|upkeep
|turn|18
|
|t:|1645961062
|switch|p2a: Slowbro|Slowbro, M|100/100
|-damage|p2a: Slowbro|88/100|[from] Stealth Rock
|move|p1a: Cloyster|Ice Shard|p2a: Slowbro
|-resisted|p2a: Slowbro
|-damage|p2a: Slowbro|83/100
|
|upkeep
|turn|19
|
|t:|1645961067
|move|p1a: Cloyster|Icicle Spear|p2a: Slowbro
|-resisted|p2a: Slowbro
|-damage|p2a: Slowbro|79/100
|-resisted|p2a: Slowbro
|-damage|p2a: Slowbro|76/100
|-resisted|p2a: Slowbro
|-damage|p2a: Slowbro|72/100
|-resisted|p2a: Slowbro
|-damage|p2a: Slowbro|69/100
|-resisted|p2a: Slowbro
|-damage|p2a: Slowbro|65/100
|-hitcount|p2a: Slowbro|5
|move|p2a: Slowbro|Ice Beam|p1a: Cloyster
|-resisted|p1a: Cloyster
|-damage|p1a: Cloyster|0 fnt
|faint|p1a: Cloyster
|
|upkeep
|inactive|ClemLuck has 120 seconds left.
|inactive|ClemLuck has 90 seconds left.
|
|t:|1645961118
|switch|p1a: Dragapult|Dragapult, M|100/100
|turn|20
|
|t:|1645961121
|move|p1a: Dragapult|Dragon Dance|p1a: Dragapult
|-boost|p1a: Dragapult|atk|1
|-boost|p1a: Dragapult|spe|1
|move|p2a: Slowbro|Ice Beam|p1a: Dragapult
|-supereffective|p1a: Dragapult
|-damage|p1a: Dragapult|45/100
|-enditem|p1a: Dragapult|Weakness Policy
|-boost|p1a: Dragapult|atk|2|[from] item: Weakness Policy
|-boost|p1a: Dragapult|spa|2|[from] item: Weakness Policy
|
|upkeep
|turn|21
|
|t:|1645961133
|switch|p2a: Tapu Koko|Tapu Koko|12/100
|move|p1a: Dragapult|Phantom Force||[still]
|-prepare|p1a: Dragapult|Phantom Force
|
|-fieldend|move: Electric Terrain
|upkeep
|turn|22
|
|t:|1645961151
|switch|p2a: Slowbro|Slowbro, M|98/100
|-damage|p2a: Slowbro|86/100|[from] Stealth Rock
|move|p1a: Dragapult|Phantom Force|p2a: Slowbro|[from]lockedmove
|-supereffective|p2a: Slowbro
|-damage|p2a: Slowbro|0 fnt
|faint|p2a: Slowbro
|
|upkeep
|
|t:|1645961157
|switch|p2a: Landorus|Landorus-Therian, M|100/100
|-damage|p2a: Landorus|88/100|[from] Stealth Rock
|-ability|p2a: Landorus|Intimidate|boost
|-fail|p1a: Dragapult|unboost|[from] ability: Clear Body|[of] p1a: Dragapult
|turn|23
|
|t:|1645961160
|move|p1a: Dragapult|Phantom Force||[still]
|-prepare|p1a: Dragapult|Phantom Force
|move|p2a: Landorus|Earthquake|p1a: Dragapult|[miss]
|-miss|p2a: Landorus|p1a: Dragapult
|
|-heal|p2a: Landorus|94/100|[from] item: Leftovers
|upkeep
|turn|24
|
|t:|1645961163
|move|p1a: Dragapult|Phantom Force|p2a: Landorus|[from]lockedmove
|-damage|p2a: Landorus|0 fnt
|faint|p2a: Landorus
|
|upkeep
|c|☆gaenisalbino|gg
|c|☆gaenisalbino|I should have understood
|c|☆gaenisalbino|And just teleported
|c|☆gaenisalbino|Into Lando
|inactive|gaenisalbino has 120 seconds left.
|-message|gaenisalbino forfeited.
|
|win|ClemLuck
|raw|ClemLuck's rating: 1446 &rarr; <strong>1465</strong><br />(+19 for winning)
|raw|gaenisalbino's rating: 1435 &rarr; <strong>1416</strong><br />(-19 for losing)
|c|☆ClemLuck|gg
