|j|☆NeoNaruto®++
|j|☆Fusien
|t:|1646418091
|gametype|singles
|player|p1|NeoNaruto®++|medium|1711
|player|p2|Fusien|yellow|1908
|teamsize|p1|6
|teamsize|p2|6
|gen|8
|tier|[Gen 8] OU
|rated|
|rule|Sleep Clause Mod: Limit one foe put to sleep
|rule|Species Clause: Limit one of each Pokémon
|rule|OHKO Clause: OHKO moves are banned
|rule|Evasion Moves Clause: Evasion moves are banned
|rule|Endless Battle Clause: Forcing endless battles is banned
|rule|HP Percentage Mod: HP is shown in percentages
|rule|Dynamax Clause: You cannot dynamax
|clearpoke
|poke|p1|Landorus-Therian, M|
|poke|p1|Slowbro, F|
|poke|p1|Tapu Koko|
|poke|p1|Dragonite, M|
|poke|p1|Darmanitan, M|
|poke|p1|Tyranitar, M|
|poke|p2|Zeraora|
|poke|p2|Urshifu-*, F|
|poke|p2|Tapu Lele|
|poke|p2|Slowbro, M|
|poke|p2|Melmetal|
|poke|p2|Landorus-Therian, M|
|teampreview
|inactive|Battle timer is ON: inactive players will automatically lose when time's up. (requested by NeoNaruto®++)
|inactive|Fusien also wants the timer to be on.
|c|☆Fusien|Hf
|
|t:|1646418119
|start
|switch|p1a: Bernie Landers|Landorus-Therian, M|100/100
|switch|p2a: Fey|Tapu Lele|100/100
|-fieldstart|move: Psychic Terrain|[from] ability: Psychic Surge|[of] p2a: Fey
|-ability|p1a: Bernie Landers|Intimidate|boost
|-unboost|p2a: Fey|atk|1
|turn|1
|
|t:|1646418126
|switch|p1a: spvceghvstpvrrp|Slowbro, F, shiny|100/100
|move|p2a: Fey|Psyshock|p1a: spvceghvstpvrrp
|-resisted|p1a: spvceghvstpvrrp
|-damage|p1a: spvceghvstpvrrp|76/100
|-damage|p2a: Fey|91/100|[from] item: Life Orb
|
|upkeep
|turn|2
|
|t:|1646418136
|move|p2a: Fey|Moonblast|p1a: spvceghvstpvrrp
|-damage|p1a: spvceghvstpvrrp|6/100
|-damage|p2a: Fey|81/100|[from] item: Life Orb
|move|p1a: spvceghvstpvrrp|Teleport|p1a: spvceghvstpvrrp
|
|t:|1646418141
|switch|p1a: DA LAST REX(3005)|Tyranitar, M|100/100|[from]move: Teleport
|-weather|Sandstorm|[from] ability: Sand Stream|[of] p1a: DA LAST REX(3005)
|
|-weather|Sandstorm|[upkeep]
|-damage|p2a: Fey|75/100|[from] Sandstorm
|upkeep
|turn|3
|
|t:|1646418144
|move|p2a: Fey|Focus Blast|p1a: DA LAST REX(3005)
|-supereffective|p1a: DA LAST REX(3005)
|-damage|p1a: DA LAST REX(3005)|33/100
|-damage|p2a: Fey|65/100|[from] item: Life Orb
|move|p1a: DA LAST REX(3005)|Heavy Slam|p2a: Fey
|-supereffective|p2a: Fey
|-damage|p2a: Fey|0 fnt
|faint|p2a: Fey
|
|-weather|Sandstorm|[upkeep]
|upkeep
|
|t:|1646418149
|switch|p2a: Lando|Landorus-Therian, M|100/100
|-ability|p2a: Lando|Intimidate|boost
|-unboost|p1a: DA LAST REX(3005)|atk|1
|turn|4
|
|t:|1646418154
|switch|p1a: Bernie Landers|Landorus-Therian, M|100/100
|-ability|p1a: Bernie Landers|Intimidate|boost
|-unboost|p2a: Lando|atk|1
|move|p2a: Lando|Stealth Rock|p1a: Bernie Landers
|-sidestart|p1: NeoNaruto®++|move: Stealth Rock
|
|-weather|Sandstorm|[upkeep]
|upkeep
|turn|5
|
|t:|1646418157
|move|p1a: Bernie Landers|Stealth Rock|p2a: Lando
|-sidestart|p2: Fusien|move: Stealth Rock
|move|p2a: Lando|U-turn|p1a: Bernie Landers
|-resisted|p1a: Bernie Landers
|-damage|p1a: Bernie Landers|96/100
|-damage|p2a: Lando|84/100|[from] item: Rocky Helmet|[of] p1a: Bernie Landers
|
|t:|1646418159
|switch|p2a: Tides|Urshifu-Rapid-Strike, F|100/100|[from]move: U-turn
|-damage|p2a: Tides|94/100|[from] Stealth Rock
|
|-weather|Sandstorm|[upkeep]
|-damage|p2a: Tides|88/100|[from] Sandstorm
|-fieldend|move: Psychic Terrain
|upkeep
|turn|6
|
|t:|1646418168
|switch|p1a: DA LAST REX(3005)|Tyranitar, M|33/100
|-damage|p1a: DA LAST REX(3005)|21/100|[from] Stealth Rock
|move|p2a: Tides|Surging Strikes|p1a: DA LAST REX(3005)
|-supereffective|p1a: DA LAST REX(3005)
|-crit|p1a: DA LAST REX(3005)
|-damage|p1a: DA LAST REX(3005)|0 fnt
|faint|p1a: DA LAST REX(3005)
|-hitcount|p1: DA LAST REX(3005)|1
|
|-weather|none
|upkeep
|j| REAPERx0MEGA
|
|t:|1646418172
|switch|p1a: VODECi|Tapu Koko|100/100
|-damage|p1a: VODECi|88/100|[from] Stealth Rock
|-fieldstart|move: Electric Terrain|[from] ability: Electric Surge|[of] p1a: VODECi
|turn|7
|
|t:|1646418175
|switch|p2a: Lando|Landorus-Therian, M|84/100
|-damage|p2a: Lando|72/100|[from] Stealth Rock
|-ability|p2a: Lando|Intimidate|boost
|-unboost|p1a: VODECi|atk|1
|move|p1a: VODECi|Dazzling Gleam|p2a: Lando
|-damage|p2a: Lando|29/100
|
|-heal|p2a: Lando|35/100|[from] item: Leftovers
|upkeep
|turn|8
|
|t:|1646418181
|switch|p2a: Gumshoe|Melmetal|100/100
|-damage|p2a: Gumshoe|94/100|[from] Stealth Rock
|move|p1a: VODECi|Dazzling Gleam|p2a: Gumshoe
|-resisted|p2a: Gumshoe
|-damage|p2a: Gumshoe|76/100
|
|-heal|p2a: Gumshoe|82/100|[from] item: Leftovers
|upkeep
|turn|9
|
|t:|1646418185
|switch|p1a: spvceghvstpvrrp|Slowbro, F, shiny|39/100
|-damage|p1a: spvceghvstpvrrp|27/100|[from] Stealth Rock
|move|p2a: Gumshoe|Double Iron Bash|p1a: spvceghvstpvrrp
|-resisted|p1a: spvceghvstpvrrp
|-damage|p1a: spvceghvstpvrrp|18/100
|-damage|p2a: Gumshoe|65/100|[from] item: Rocky Helmet|[of] p1a: spvceghvstpvrrp
|-resisted|p1a: spvceghvstpvrrp
|-damage|p1a: spvceghvstpvrrp|8/100
|-damage|p2a: Gumshoe|49/100|[from] item: Rocky Helmet|[of] p1a: spvceghvstpvrrp
|-hitcount|p1a: spvceghvstpvrrp|2
|
|-heal|p2a: Gumshoe|55/100|[from] item: Leftovers
|upkeep
|turn|10
|
|t:|1646418191
|switch|p2a: Tides|Urshifu-Rapid-Strike, F|88/100
|-damage|p2a: Tides|82/100|[from] Stealth Rock
|switch|p1a: PURRP FOR SALE|Darmanitan, M|100/100
|-damage|p1a: PURRP FOR SALE|76/100|[from] Stealth Rock
|
|upkeep
|turn|11
|
|t:|1646418193
|switch|p1a: spvceghvstpvrrp|Slowbro, F, shiny|41/100
|-damage|p1a: spvceghvstpvrrp|28/100|[from] Stealth Rock
|move|p2a: Tides|Surging Strikes|p1a: spvceghvstpvrrp
|-resisted|p1a: spvceghvstpvrrp
|-crit|p1a: spvceghvstpvrrp
|-damage|p1a: spvceghvstpvrrp|20/100
|-damage|p2a: Tides|66/100|[from] item: Rocky Helmet|[of] p1a: spvceghvstpvrrp
|-resisted|p1a: spvceghvstpvrrp
|-crit|p1a: spvceghvstpvrrp
|-damage|p1a: spvceghvstpvrrp|12/100
|-damage|p2a: Tides|49/100|[from] item: Rocky Helmet|[of] p1a: spvceghvstpvrrp
|-resisted|p1a: spvceghvstpvrrp
|-crit|p1a: spvceghvstpvrrp
|-damage|p1a: spvceghvstpvrrp|4/100
|-damage|p2a: Tides|33/100|[from] item: Rocky Helmet|[of] p1a: spvceghvstpvrrp
|-hitcount|p1a: spvceghvstpvrrp|3
|
|-fieldend|move: Electric Terrain
|upkeep
|turn|12
|
|t:|1646418196
|switch|p1a: PURRP FOR SALE|Darmanitan, M|76/100
|-damage|p1a: PURRP FOR SALE|51/100|[from] Stealth Rock
|move|p2a: Tides|Surging Strikes|p1a: PURRP FOR SALE
|-supereffective|p1a: PURRP FOR SALE
|-crit|p1a: PURRP FOR SALE
|-damage|p1a: PURRP FOR SALE|0 fnt
|faint|p1a: PURRP FOR SALE
|-hitcount|p1: PURRP FOR SALE|1
|
|upkeep
|
|t:|1646418202
|switch|p1a: Fat Charizard|Dragonite, M, shiny|100/100
|turn|13
|
|t:|1646418204
|switch|p2a: Joseph|Slowbro, M|100/100
|-damage|p2a: Joseph|88/100|[from] Stealth Rock
|move|p1a: Fat Charizard|Extreme Speed|p2a: Joseph
|-damage|p2a: Joseph|68/100
|-damage|p1a: Fat Charizard|84/100|[from] item: Rocky Helmet|[of] p2a: Joseph
|
|upkeep
|turn|14
|
|t:|1646418208
|switch|p1a: VODECi|Tapu Koko|88/100
|-damage|p1a: VODECi|76/100|[from] Stealth Rock
|-fieldstart|move: Electric Terrain|[from] ability: Electric Surge|[of] p1a: VODECi
|move|p2a: Joseph|Teleport|p2a: Joseph
|
|t:|1646418210
|switch|p2a: Golden|Zeraora|100/100|[from]move: Teleport
|-damage|p2a: Golden|88/100|[from] Stealth Rock
|
|upkeep
|turn|15
|
|t:|1646418214
|move|p2a: Golden|Play Rough|p1a: VODECi
|-damage|p1a: VODECi|17/100
|move|p1a: VODECi|Dazzling Gleam|p2a: Golden
|-damage|p2a: Golden|15/100
|
|upkeep
|turn|16
|
|t:|1646418224
|switch|p2a: Joseph|Slowbro, M|100/100
|-damage|p2a: Joseph|88/100|[from] Stealth Rock
|switch|p1a: Bernie Landers|Landorus-Therian, M|96/100
|-damage|p1a: Bernie Landers|83/100|[from] Stealth Rock
|-ability|p1a: Bernie Landers|Intimidate|boost
|-unboost|p2a: Joseph|atk|1
|
|upkeep
|turn|17
|
|t:|1646418227
|move|p1a: Bernie Landers|Toxic|p2a: Joseph
|-status|p2a: Joseph|tox
|move|p2a: Joseph|Scald|p1a: Bernie Landers
|-supereffective|p1a: Bernie Landers
|-damage|p1a: Bernie Landers|19/100
|
|-damage|p2a: Joseph|82/100 tox|[from] psn
|upkeep
|turn|18
|
|t:|1646418230
|move|p1a: Bernie Landers|Defog|p2a: Joseph
|-unboost|p2a: Joseph|evasion|1
|-sideend|p2: Fusien|Stealth Rock|[from] move: Defog|[of] p1a: Bernie Landers
|-sideend|p1: NeoNaruto®++|Stealth Rock|[from] move: Defog|[of] p1a: Bernie Landers
|-fieldend|move: Electric Terrain
|move|p2a: Joseph|Teleport|p2a: Joseph
|
|t:|1646418233
|switch|p2a: Tides|Urshifu-Rapid-Strike, F|33/100|[from]move: Teleport
|
|upkeep
|turn|19
|
|t:|1646418236
|switch|p1a: spvceghvstpvrrp|Slowbro, F, shiny|37/100
|move|p2a: Tides|Close Combat|p1a: spvceghvstpvrrp
|-resisted|p1a: spvceghvstpvrrp
|-damage|p1a: spvceghvstpvrrp|8/100
|-unboost|p2a: Tides|def|1
|-unboost|p2a: Tides|spd|1
|-damage|p2a: Tides|16/100|[from] item: Rocky Helmet|[of] p1a: spvceghvstpvrrp
|
|upkeep
|turn|20
|
|t:|1646418240
|move|p2a: Tides|Close Combat|p1a: spvceghvstpvrrp
|-resisted|p1a: spvceghvstpvrrp
|-damage|p1a: spvceghvstpvrrp|0 fnt
|-unboost|p2a: Tides|def|1
|-unboost|p2a: Tides|spd|1
|-damage|p2a: Tides|0 fnt|[from] item: Rocky Helmet|[of] p1a: spvceghvstpvrrp
|faint|p1a: spvceghvstpvrrp
|faint|p2a: Tides
|
|upkeep
|
|t:|1646418247
|switch|p2a: Golden|Zeraora|15/100
|switch|p1a: VODECi|Tapu Koko|17/100
|-fieldstart|move: Electric Terrain|[from] ability: Electric Surge|[of] p1a: VODECi
|turn|21
|
|t:|1646418250
|switch|p2a: Lando|Landorus-Therian, M|35/100
|-ability|p2a: Lando|Intimidate|boost
|-unboost|p1a: VODECi|atk|1
|switch|p1a: Bernie Landers|Landorus-Therian, M|19/100
|-ability|p1a: Bernie Landers|Intimidate|boost
|-unboost|p2a: Lando|atk|1
|
|-heal|p2a: Lando|41/100|[from] item: Leftovers
|upkeep
|turn|22
|
|t:|1646418259
|move|p1a: Bernie Landers|Stealth Rock|p2a: Lando
|-sidestart|p2: Fusien|move: Stealth Rock
|move|p2a: Lando|Stealth Rock|p1a: Bernie Landers
|-sidestart|p1: NeoNaruto®++|move: Stealth Rock
|
|-heal|p2a: Lando|47/100|[from] item: Leftovers
|upkeep
|turn|23
|inactive|NeoNaruto®++ has 120 seconds left.
|
|t:|1646418305
|switch|p2a: Joseph|Slowbro, M|100/100 tox
|-damage|p2a: Joseph|88/100 tox|[from] Stealth Rock
|move|p1a: Bernie Landers|Toxic|p2a: Joseph
|-fail|p2a: Joseph|tox
|
|-damage|p2a: Joseph|82/100 tox|[from] psn
|upkeep
|turn|24
|
|t:|1646418311
|move|p1a: Bernie Landers|Defog|p2a: Joseph
|-unboost|p2a: Joseph|evasion|1
|-sideend|p2: Fusien|Stealth Rock|[from] move: Defog|[of] p1a: Bernie Landers
|-sideend|p1: NeoNaruto®++|Stealth Rock|[from] move: Defog|[of] p1a: Bernie Landers
|-fieldend|move: Electric Terrain
|move|p2a: Joseph|Future Sight|p1a: Bernie Landers
|-start|p2a: Joseph|move: Future Sight
|
|-damage|p2a: Joseph|70/100 tox|[from] psn
|upkeep
|turn|25
|inactive|NeoNaruto®++ has 120 seconds left.
|
|t:|1646418321
|move|p1a: Bernie Landers|Stealth Rock|p2a: Joseph
|-sidestart|p2: Fusien|move: Stealth Rock
|move|p2a: Joseph|Teleport|p2a: Joseph
|
|t:|1646418324
|switch|p2a: Lando|Landorus-Therian, M|47/100|[from]move: Teleport
|-damage|p2a: Lando|35/100|[from] Stealth Rock
|-ability|p2a: Lando|Intimidate|boost
|-unboost|p1a: Bernie Landers|atk|1
|
|-heal|p2a: Lando|41/100|[from] item: Leftovers
|upkeep
|turn|26
|
|t:|1646418328
|switch|p1a: VODECi|Tapu Koko|17/100
|-fieldstart|move: Electric Terrain|[from] ability: Electric Surge|[of] p1a: VODECi
|move|p2a: Lando|Defog|p1a: VODECi
|-unboost|p1a: VODECi|evasion|1
|-sideend|p2: Fusien|Stealth Rock|[from] move: Defog|[of] p2a: Lando
|-fieldend|move: Electric Terrain
|
|-end|p1a: VODECi|move: Future Sight
|-damage|p1a: VODECi|0 fnt
|faint|p1a: VODECi
|-heal|p2a: Lando|47/100|[from] item: Leftovers
|upkeep
|
|t:|1646418334
|switch|p1a: Fat Charizard|Dragonite, M, shiny|84/100
|turn|27
|
|t:|1646418336
|switch|p2a: Joseph|Slowbro, M|100/100 tox
|move|p1a: Fat Charizard|Dragon Dance|p1a: Fat Charizard
|-boost|p1a: Fat Charizard|atk|1
|-boost|p1a: Fat Charizard|spe|1
|
|-damage|p2a: Joseph|94/100 tox|[from] psn
|upkeep
|turn|28
|
|t:|1646418339
|move|p1a: Fat Charizard|Dragon Dance|p1a: Fat Charizard
|-boost|p1a: Fat Charizard|atk|1
|-boost|p1a: Fat Charizard|spe|1
|move|p2a: Joseph|Scald|p1a: Fat Charizard
|-resisted|p1a: Fat Charizard
|-damage|p1a: Fat Charizard|71/100
|
|-damage|p2a: Joseph|82/100 tox|[from] psn
|upkeep
|turn|29
|
|t:|1646418341
|move|p1a: Fat Charizard|Dragon Dance|p1a: Fat Charizard
|-boost|p1a: Fat Charizard|atk|1
|-boost|p1a: Fat Charizard|spe|1
|move|p2a: Joseph|Scald|p1a: Fat Charizard
|-resisted|p1a: Fat Charizard
|-damage|p1a: Fat Charizard|56/100
|-status|p1a: Fat Charizard|brn
|
|-damage|p2a: Joseph|64/100 tox|[from] psn
|-damage|p1a: Fat Charizard|50/100 brn|[from] brn
|upkeep
|turn|30
|
|t:|1646418343
|move|p1a: Fat Charizard|Dragon Dance|p1a: Fat Charizard
|-boost|p1a: Fat Charizard|atk|1
|-boost|p1a: Fat Charizard|spe|1
|move|p2a: Joseph|Future Sight|p1a: Fat Charizard
|-start|p2a: Joseph|move: Future Sight
|
|-damage|p2a: Joseph|40/100 tox|[from] psn
|-damage|p1a: Fat Charizard|44/100 brn|[from] brn
|upkeep
|turn|31
|
|t:|1646418347
|move|p1a: Fat Charizard|Dragon Dance|p1a: Fat Charizard
|-boost|p1a: Fat Charizard|atk|1
|-boost|p1a: Fat Charizard|spe|1
|move|p2a: Joseph|Slack Off|p2a: Joseph
|-heal|p2a: Joseph|90/100 tox
|
|-damage|p2a: Joseph|59/100 tox|[from] psn
|-damage|p1a: Fat Charizard|38/100 brn|[from] brn
|upkeep
|turn|32
|
|t:|1646418350
|move|p1a: Fat Charizard|Earthquake|p2a: Joseph
|-damage|p2a: Joseph|21/100 tox
|move|p2a: Joseph|Scald|p1a: Fat Charizard
|-resisted|p1a: Fat Charizard
|-damage|p1a: Fat Charizard|22/100 brn
|
|-end|p1a: Fat Charizard|move: Future Sight
|-damage|p1a: Fat Charizard|0 fnt
|faint|p1a: Fat Charizard
|-damage|p2a: Joseph|0 fnt|[from] psn
|faint|p2a: Joseph
|upkeep
|
|t:|1646418360
|switch|p1a: Bernie Landers|Landorus-Therian, M|19/100
|switch|p2a: Golden|Zeraora|15/100
|-ability|p1a: Bernie Landers|Intimidate|boost
|-unboost|p2a: Golden|atk|1
|turn|33
|-message|NeoNaruto®++ forfeited.
|
|win|Fusien
|raw|NeoNaruto®++'s rating: 1692 &rarr; <strong>1683</strong><br />(-9 for losing)
|raw|Fusien's rating: 1908 &rarr; <strong>1917</strong><br />(+9 for winning)
|l|☆NeoNaruto®++
|c|☆Fusien|Gg
|l| REAPERx0MEGA
||Ladder isn't responding, score probably updated but might not have (Request timeout).
