|raw|<div class="broadcast-blue"><strong>This battle is required to be public due to a player having a name starting with 'lt92pf'.</div>
|j|☆Redemption
|j|☆LT92PF Zokuru
|t:|1660163662
|gametype|singles
|player|p1|Redemption|#redemption|1789
|player|p2|LT92PF Zokuru|gentleman-gen4dp|1852
|teamsize|p1|6
|teamsize|p2|6
|gen|8
|tier|[Gen 8] OU
|rated|
|rule|Sleep Clause Mod: Limit one foe put to sleep
|rule|Species Clause: Limit one of each Pokémon
|rule|OHKO Clause: OHKO moves are banned
|rule|Evasion Items Clause: Evasion items are banned
|rule|Evasion Moves Clause: Evasion moves are banned
|rule|Endless Battle Clause: Forcing endless battles is banned
|rule|HP Percentage Mod: HP is shown in percentages
|rule|Dynamax Clause: You cannot dynamax
|clearpoke
|poke|p1|Nidoking, M|
|poke|p1|Ribombee, F|
|poke|p1|Kartana|
|poke|p1|Garchomp, M|
|poke|p1|Tapu Koko|
|poke|p1|Aegislash, F|
|poke|p2|Tapu Fini|
|poke|p2|Slowking-Galar, M|
|poke|p2|Landorus-Therian, M|
|poke|p2|Ferrothorn, M|
|poke|p2|Hydreigon, M|
|poke|p2|Buzzwole|
|teampreview
|c|☆LT92PF Zokuru|ah
|c|☆LT92PF Zokuru|cc
|j| LegendaryC26
|j| Hyss
|j| Micciu20250
|j|+Staxi
|j|+McMeghan
|j| Beka ❤
|j| Keblar
|l| LegendaryC26
|j|+Perry
|c|☆LT92PF Zokuru|seulement 1790 ? Honteux
|j|+Tuthur
|j| LT92PF mimilimi
|c|☆LT92PF Zokuru|J'peux pas refaire mes pts avec ça
|j| LT92PF Pachito
|
|t:|1660163716
|start
|switch|p1a: Rubonjour|Ribombee, F|100/100
|switch|p2a: Mantra|Slowking-Galar, M, shiny|100/100
|turn|1
|j| ultimateswordnd
|j|@ironwater
|j| LegendaryC26
|l| ultimateswordnd
|j| Antares
|l| Antares
|j| LT92PF Po
|
|t:|1660163740
|move|p1a: Rubonjour|Trick|p2a: Mantra
|-activate|p1a: Rubonjour|move: Trick|[of] p2a: Mantra
|-item|p2a: Mantra|Choice Scarf|[from] move: Trick
|-item|p1a: Rubonjour|Assault Vest|[from] move: Trick
|move|p2a: Mantra|Sludge Bomb|p1a: Rubonjour
|-supereffective|p1a: Rubonjour
|-damage|p1a: Rubonjour|25/100
|
|upkeep
|turn|2
|j| zftfctzdfof
|
|t:|1660163764
|switch|p1a: Nidormeur|Nidoking, M|100/100
|switch|p2a: Enten|Landorus-Therian, M, shiny|100/100
|-ability|p2a: Enten|Intimidate|boost
|-unboost|p1a: Nidormeur|atk|1
|
|upkeep
|turn|3
|l| zftfctzdfof
|
|t:|1660163774
|switch|p1a: Rubonjour|Ribombee, F|25/100
|switch|p2a: Raven|Tapu Fini, shiny|100/100
|-fieldstart|move: Misty Terrain|[from] ability: Misty Surge|[of] p2a: Raven
|
|upkeep
|turn|4
|l| LT92PF mimilimi
|j| oakdeon
|
|t:|1660163782
|move|p2a: Raven|Surf|p1a: Rubonjour
|-damage|p1a: Rubonjour|0 fnt
|faint|p1a: Rubonjour
|
|upkeep
|j| LT92PF mimilimi
|
|t:|1660163817
|switch|p1a: Tokoricard|Tapu Koko|100/100
|-fieldstart|move: Electric Terrain|[from] ability: Electric Surge|[of] p1a: Tokoricard
|turn|5
|
|t:|1660163836
|move|p2a: Raven|Surf|p1a: Tokoricard
|-damage|p1a: Tokoricard|42/100
|move|p1a: Tokoricard|Thunderbolt|p2a: Raven
|-supereffective|p2a: Raven
|-damage|p2a: Raven|10/100
|
|-heal|p1a: Tokoricard|48/100|[from] item: Leftovers
|upkeep
|turn|6
|j| LT92PFM
|l| LT92PFM
|
|t:|1660163916
|switch|p1a: Exagifle|Aegislash, F|100/100
|-item|p1a: Exagifle|Air Balloon
|move|p2a: Raven|Surf|p1a: Exagifle
|-damage|p1a: Exagifle|64/100
|-enditem|p1a: Exagifle|Air Balloon
|
|upkeep
|turn|7
|j| kitten riot
|
|t:|1660163950
|switch|p2a: Enten|Landorus-Therian, M, shiny|100/100
|-ability|p2a: Enten|Intimidate|boost
|-unboost|p1a: Exagifle|atk|1
|-formechange|p1a: Exagifle|Aegislash-Blade||[from] ability: Stance Change
|move|p1a: Exagifle|Shadow Claw|p2a: Enten
|-damage|p2a: Enten|75/100
|
|-heal|p2a: Enten|81/100|[from] item: Leftovers
|upkeep
|turn|8
|j| ehrenwerter Enkel
|l| ehrenwerter Enkel
|
|t:|1660163972
|move|p1a: Exagifle|Shadow Claw|p2a: Enten
|-damage|p2a: Enten|58/100
|move|p2a: Enten|Earthquake|p1a: Exagifle
|-supereffective|p1a: Exagifle
|-damage|p1a: Exagifle|0 fnt
|faint|p1a: Exagifle
|
|-heal|p2a: Enten|64/100|[from] item: Leftovers
|upkeep
|
|t:|1660163979
|switch|p1a: Nidormeur|Nidoking, M|100/100
|turn|9
|
|t:|1660163987
|switch|p2a: Mantra|Slowking-Galar, M, shiny|100/100
|move|p1a: Nidormeur|Ice Beam|p2a: Mantra
|-damage|p2a: Mantra|73/100
|
|-fieldend|move: Electric Terrain
|upkeep
|turn|10
|
|t:|1660163995
|move|p1a: Nidormeur|Earth Power|p2a: Mantra
|-supereffective|p2a: Mantra
|-damage|p2a: Mantra|0 fnt
|faint|p2a: Mantra
|
|upkeep
|j| LT92PF Hikozaru
|
|t:|1660163997
|switch|p2a: Raven|Tapu Fini, shiny|10/100
|-fieldstart|move: Misty Terrain|[from] ability: Misty Surge|[of] p2a: Raven
|turn|11
|
|t:|1660164017
|switch|p1a: Katagada|Kartana|100/100
|move|p2a: Raven|Surf|p1a: Katagada
|-resisted|p1a: Katagada
|-damage|p1a: Katagada|55/100
|
|upkeep
|turn|12
|l| Hyss
|
|t:|1660164033
|switch|p2a: Vilgax|Buzzwole, shiny|100/100
|switch|p1a: Nidormeur|Nidoking, M|100/100
|
|upkeep
|turn|13
|
|t:|1660164059
|switch|p2a: Hybrid|Hydreigon, M, shiny|100/100
|move|p1a: Nidormeur|Flamethrower|p2a: Hybrid
|-resisted|p2a: Hybrid
|-damage|p2a: Hybrid|77/100
|
|-heal|p2a: Hybrid|84/100|[from] item: Leftovers
|upkeep
|turn|14
|
|t:|1660164079
|move|p2a: Hybrid|Dark Pulse|p1a: Nidormeur
|-damage|p1a: Nidormeur|50/100
|move|p1a: Nidormeur|Ice Beam|p2a: Hybrid
|-supereffective|p2a: Hybrid
|-damage|p2a: Hybrid|0 fnt
|faint|p2a: Hybrid
|
|upkeep
|j| resilie
|
|t:|1660164084
|switch|p2a: Raven|Tapu Fini, shiny|10/100
|turn|15
|
|t:|1660164107
|switch|p1a: Katagada|Kartana|55/100
|move|p2a: Raven|Surf|p1a: Katagada
|-resisted|p1a: Katagada
|-damage|p1a: Katagada|7/100
|
|-fieldend|Misty Terrain
|upkeep
|turn|16
|
|t:|1660164120
|switch|p2a: Vilgax|Buzzwole, shiny|100/100
|move|p1a: Katagada|Sacred Sword|p2a: Vilgax
|-resisted|p2a: Vilgax
|-damage|p2a: Vilgax|89/100
|
|upkeep
|turn|17
|l| resilie
|
|t:|1660164128
|move|p1a: Katagada|Knock Off|p2a: Vilgax
|-resisted|p2a: Vilgax
|-damage|p2a: Vilgax|77/100
|-enditem|p2a: Vilgax|Heavy-Duty Boots|[from] move: Knock Off|[of] p1a: Katagada
|move|p2a: Vilgax|Ice Punch|p1a: Katagada
|-damage|p1a: Katagada|0 fnt
|faint|p1a: Katagada
|-ability|p2a: Vilgax|Beast Boost|boost
|-boost|p2a: Vilgax|atk|1
|
|upkeep
|
|t:|1660164133
|switch|p1a: Nidormeur|Nidoking, M|50/100
|turn|18
|
|t:|1660164148
|switch|p2a: Temple|Ferrothorn, M, shiny|100/100
|move|p1a: Nidormeur|Flamethrower|p2a: Temple
|-supereffective|p2a: Temple
|-damage|p2a: Temple|0 fnt
|faint|p2a: Temple
|
|upkeep
|
|t:|1660164151
|switch|p2a: Raven|Tapu Fini, shiny|10/100
|-fieldstart|move: Misty Terrain|[from] ability: Misty Surge|[of] p2a: Raven
|turn|19
|
|t:|1660164174
|switch|p1a: Tokoricard|Tapu Koko|48/100
|-fieldstart|move: Electric Terrain|[from] ability: Electric Surge|[of] p1a: Tokoricard
|move|p2a: Raven|Moonblast|p1a: Tokoricard
|-damage|p1a: Tokoricard|0 fnt
|faint|p1a: Tokoricard
|
|upkeep
|
|t:|1660164180
|switch|p1a: Carchasseur|Garchomp, M|100/100
|turn|20
|l| kitten riot
|
|t:|1660164226
|move|p2a: Raven|Moonblast|p1a: Carchasseur
|-supereffective|p1a: Carchasseur
|-crit|p1a: Carchasseur
|-enditem|p1a: Carchasseur|Roseli Berry|[eat]
|-enditem|p1a: Carchasseur|Roseli Berry|[weaken]
|-damage|p1a: Carchasseur|40/100
|-unboost|p1a: Carchasseur|spa|1
|move|p1a: Carchasseur|Earthquake|p2a: Raven
|-damage|p2a: Raven|0 fnt
|faint|p2a: Raven
|
|upkeep
|
|t:|1660164231
|switch|p2a: Enten|Landorus-Therian, M, shiny|64/100
|-ability|p2a: Enten|Intimidate|boost
|-unboost|p1a: Carchasseur|atk|1
|turn|21
|
|t:|1660164255
|move|p1a: Carchasseur|Scale Shot|p2a: Enten
|-damage|p2a: Enten|55/100
|-damage|p2a: Enten|46/100
|-damage|p2a: Enten|37/100
|-damage|p2a: Enten|28/100
|-hitcount|p2a: Enten|4
|-unboost|p1a: Carchasseur|def|1
|-boost|p1a: Carchasseur|spe|1
|move|p2a: Enten|Earthquake|p1a: Carchasseur
|-crit|p1a: Carchasseur
|-damage|p1a: Carchasseur|0 fnt
|faint|p1a: Carchasseur
|
|-heal|p2a: Enten|34/100|[from] item: Leftovers
|upkeep
|
|t:|1660164265
|switch|p1a: Nidormeur|Nidoking, M|50/100
|turn|22
|
|t:|1660164270
|move|p1a: Nidormeur|Ice Beam|p2a: Enten
|-supereffective|p2a: Enten
|-damage|p2a: Enten|0 fnt
|faint|p2a: Enten
|
|upkeep
|
|t:|1660164272
|switch|p2a: Vilgax|Buzzwole, shiny|77/100
|turn|23
|
|t:|1660164273
|move|p1a: Nidormeur|Flamethrower|p2a: Vilgax
|-supereffective|p2a: Vilgax
|-damage|p2a: Vilgax|0 fnt
|faint|p2a: Vilgax
|
|win|Redemption
|raw|Redemption's rating: 1789 &rarr; <strong>1813</strong><br />(+24 for winning)
|raw|LT92PF Zokuru's rating: 1852 &rarr; <strong>1828</strong><br />(-24 for losing)
|l| LT92PF mimilimi
|c|☆LT92PF Zokuru|gg
|l|☆LT92PF Zokuru
|l| LT92PF Pachito
|l| Micciu20250
|l|+McMeghan
|l| Keblar
||Ladder isn't responding, score probably updated but might not have (Request timeout).
