|j|☆Arcangel666
|j|☆Agent Chaka
|t:|1649884629
|gametype|singles
|player|p1|Arcangel666|piers|1576
|player|p2|Agent Chaka|lucas-gen4pt|1489
|teamsize|p1|6
|teamsize|p2|6
|gen|8
|tier|[Gen 8] OU
|rated|
|rule|Sleep Clause Mod: Limit one foe put to sleep
|rule|Species Clause: Limit one of each Pokémon
|rule|OHKO Clause: OHKO moves are banned
|rule|Evasion Moves Clause: Evasion moves are banned
|rule|Endless Battle Clause: Forcing endless battles is banned
|rule|HP Percentage Mod: HP is shown in percentages
|rule|Dynamax Clause: You cannot dynamax
|clearpoke
|poke|p1|Melmetal|
|poke|p1|Dragapult, M|
|poke|p1|Regieleki|
|poke|p1|Landorus-Therian, M|
|poke|p1|Hydreigon, M|
|poke|p1|Tapu Fini|
|poke|p2|Volcarona, F|
|poke|p2|Dragapult, M|
|poke|p2|Garchomp, F|
|poke|p2|Ferrothorn, M|
|poke|p2|Tapu Fini|
|poke|p2|Zapdos-Galar|
|teampreview
|inactive|Battle timer is ON: inactive players will automatically lose when time's up. (requested by Agent Chaka)
|c|☆Agent Chaka|gl hf
|
|t:|1649884646
|start
|switch|p1a: Landorus|Landorus-Therian, M, shiny|100/100
|switch|p2a: Ferrothorn|Ferrothorn, M|100/100
|-ability|p1a: Landorus|Intimidate|boost
|-unboost|p2a: Ferrothorn|atk|1
|turn|1
|
|t:|1649884652
|move|p1a: Landorus|Stealth Rock|p2a: Ferrothorn
|-sidestart|p2: Agent Chaka|move: Stealth Rock
|move|p2a: Ferrothorn|Knock Off|p1a: Landorus
|-damage|p1a: Landorus|90/100
|-damage|p2a: Ferrothorn|84/100|[from] item: Rocky Helmet|[of] p1a: Landorus
|-enditem|p1a: Landorus|Rocky Helmet|[from] move: Knock Off|[of] p2a: Ferrothorn
|
|-heal|p2a: Ferrothorn|90/100|[from] item: Leftovers
|upkeep
|turn|2
|
|t:|1649884661
|move|p1a: Landorus|U-turn|p2a: Ferrothorn
|-crit|p2a: Ferrothorn
|-damage|p2a: Ferrothorn|67/100
|-damage|p1a: Landorus|77/100|[from] ability: Iron Barbs|[of] p2a: Ferrothorn
|
|t:|1649884666
|switch|p1a: Hydreigon|Hydreigon, M, shiny|100/100|[from]move: U-turn
|move|p2a: Ferrothorn|Spikes|p1a: Hydreigon
|-sidestart|p1: Arcangel666|Spikes
|
|-heal|p2a: Ferrothorn|73/100|[from] item: Leftovers
|upkeep
|turn|3
|
|t:|1649884671
|switch|p2a: Tapu Fini|Tapu Fini|100/100
|-damage|p2a: Tapu Fini|88/100|[from] Stealth Rock
|-fieldstart|move: Misty Terrain|[from] ability: Misty Surge|[of] p2a: Tapu Fini
|move|p1a: Hydreigon|Nasty Plot|p1a: Hydreigon
|-boost|p1a: Hydreigon|spa|2
|
|-heal|p2a: Tapu Fini|94/100|[from] item: Leftovers
|upkeep
|turn|4
|
|t:|1649884679
|switch|p1a: Melmetal|Melmetal, shiny|100/100
|-damage|p1a: Melmetal|88/100|[from] Spikes
|move|p2a: Tapu Fini|Moonblast|p1a: Melmetal
|-resisted|p1a: Melmetal
|-damage|p1a: Melmetal|76/100
|
|-heal|p2a: Tapu Fini|100/100|[from] item: Leftovers
|upkeep
|turn|5
|
|t:|1649884685
|move|p2a: Tapu Fini|Knock Off|p1a: Melmetal
|-damage|p1a: Melmetal|68/100
|-enditem|p1a: Melmetal|Assault Vest|[from] move: Knock Off|[of] p2a: Tapu Fini
|move|p1a: Melmetal|Rock Slide|p2a: Tapu Fini
|-damage|p2a: Tapu Fini|73/100
|
|-heal|p2a: Tapu Fini|79/100|[from] item: Leftovers
|upkeep
|turn|6
|
|t:|1649884689
|switch|p2a: Ferrothorn|Ferrothorn, M|73/100
|-damage|p2a: Ferrothorn|67/100|[from] Stealth Rock
|move|p1a: Melmetal|Rock Slide|p2a: Ferrothorn
|-resisted|p2a: Ferrothorn
|-damage|p2a: Ferrothorn|57/100
|
|-heal|p2a: Ferrothorn|63/100|[from] item: Leftovers
|upkeep
|turn|7
|
|t:|1649884691
|move|p1a: Melmetal|Superpower|p2a: Ferrothorn
|-supereffective|p2a: Ferrothorn
|-damage|p2a: Ferrothorn|0 fnt
|-unboost|p1a: Melmetal|atk|1
|-unboost|p1a: Melmetal|def|1
|-damage|p1a: Melmetal|55/100|[from] ability: Iron Barbs|[of] p2a: Ferrothorn
|faint|p2a: Ferrothorn
|
|-fieldend|Misty Terrain
|upkeep
|
|t:|1649884697
|switch|p2a: Zapdos|Zapdos-Galar|100/100
|-damage|p2a: Zapdos|88/100|[from] Stealth Rock
|turn|8
|
|t:|1649884699
|move|p2a: Zapdos|Brave Bird|p1a: Melmetal
|-resisted|p1a: Melmetal
|-damage|p1a: Melmetal|21/100
|-damage|p2a: Zapdos|71/100|[from] Recoil
|move|p1a: Melmetal|Ice Punch|p2a: Zapdos
|-supereffective|p2a: Zapdos
|-damage|p2a: Zapdos|9/100
|
|upkeep
|turn|9
|
|t:|1649884704
|switch|p2a: Volcarona|Volcarona, F|100/100
|move|p1a: Melmetal|Ice Punch|p2a: Volcarona
|-resisted|p2a: Volcarona
|-damage|p2a: Volcarona|87/100
|
|upkeep
|turn|10
|
|t:|1649884707
|move|p2a: Volcarona|Fiery Dance|p1a: Melmetal
|-supereffective|p1a: Melmetal
|-damage|p1a: Melmetal|0 fnt
|faint|p1a: Melmetal
|
|upkeep
|
|t:|1649884712
|switch|p1a: Landorus|Landorus-Therian, M, shiny|77/100
|-ability|p1a: Landorus|Intimidate|boost
|-unboost|p2a: Volcarona|atk|1
|turn|11
|
|t:|1649884717
|switch|p2a: Tapu Fini|Tapu Fini|79/100
|-damage|p2a: Tapu Fini|67/100|[from] Stealth Rock
|-fieldstart|move: Misty Terrain|[from] ability: Misty Surge|[of] p2a: Tapu Fini
|move|p1a: Landorus|Stone Edge|p2a: Tapu Fini|[miss]
|-miss|p1a: Landorus|p2a: Tapu Fini
|
|-heal|p2a: Tapu Fini|73/100|[from] item: Leftovers
|upkeep
|turn|12
|
|t:|1649884723
|move|p1a: Landorus|U-turn|p2a: Tapu Fini
|-resisted|p2a: Tapu Fini
|-damage|p2a: Tapu Fini|63/100
|
|t:|1649884728
|switch|p1a: Tapu Fini|Tapu Fini, shiny|100/100|[from]move: U-turn
|-damage|p1a: Tapu Fini|88/100|[from] Spikes
|move|p2a: Tapu Fini|Scald|p1a: Tapu Fini
|-resisted|p1a: Tapu Fini
|-damage|p1a: Tapu Fini|80/100
|
|-heal|p2a: Tapu Fini|69/100|[from] item: Leftovers
|-heal|p1a: Tapu Fini|87/100|[from] item: Leftovers
|upkeep
|turn|13
|
|t:|1649884735
|move|p2a: Tapu Fini|Knock Off|p1a: Tapu Fini
|-resisted|p1a: Tapu Fini
|-damage|p1a: Tapu Fini|80/100
|-enditem|p1a: Tapu Fini|Leftovers|[from] move: Knock Off|[of] p2a: Tapu Fini
|move|p1a: Tapu Fini|Calm Mind|p1a: Tapu Fini
|-boost|p1a: Tapu Fini|spa|1
|-boost|p1a: Tapu Fini|spd|1
|
|-heal|p2a: Tapu Fini|75/100|[from] item: Leftovers
|upkeep
|turn|14
|
|t:|1649884739
|move|p2a: Tapu Fini|Defog|p1a: Tapu Fini
|-unboost|p1a: Tapu Fini|evasion|1
|-sideend|p1: Arcangel666|Spikes|[from] move: Defog|[of] p2a: Tapu Fini
|-sideend|p2: Agent Chaka|Stealth Rock|[from] move: Defog|[of] p2a: Tapu Fini
|-fieldend|Misty Terrain
|move|p1a: Tapu Fini|Calm Mind|p1a: Tapu Fini
|-boost|p1a: Tapu Fini|spa|1
|-boost|p1a: Tapu Fini|spd|1
|
|-heal|p2a: Tapu Fini|81/100|[from] item: Leftovers
|upkeep
|turn|15
|
|t:|1649884744
|move|p2a: Tapu Fini|Moonblast|p1a: Tapu Fini
|-damage|p1a: Tapu Fini|69/100
|move|p1a: Tapu Fini|Draining Kiss|p2a: Tapu Fini
|-damage|p2a: Tapu Fini|61/100
|-heal|p1a: Tapu Fini|84/100|[from] drain|[of] p2a: Tapu Fini
|
|-heal|p2a: Tapu Fini|68/100|[from] item: Leftovers
|upkeep
|turn|16
|
|t:|1649884747
|move|p2a: Tapu Fini|Moonblast|p1a: Tapu Fini
|-damage|p1a: Tapu Fini|74/100
|move|p1a: Tapu Fini|Calm Mind|p1a: Tapu Fini
|-boost|p1a: Tapu Fini|spa|1
|-boost|p1a: Tapu Fini|spd|1
|
|-heal|p2a: Tapu Fini|74/100|[from] item: Leftovers
|upkeep
|turn|17
|
|t:|1649884753
|move|p2a: Tapu Fini|Moonblast|p1a: Tapu Fini
|-damage|p1a: Tapu Fini|65/100
|move|p1a: Tapu Fini|Calm Mind|p1a: Tapu Fini
|-boost|p1a: Tapu Fini|spa|1
|-boost|p1a: Tapu Fini|spd|1
|
|-heal|p2a: Tapu Fini|80/100|[from] item: Leftovers
|upkeep
|turn|18
|
|t:|1649884756
|switch|p2a: Zapdos|Zapdos-Galar|9/100
|move|p1a: Tapu Fini|Draining Kiss|p2a: Zapdos
|-supereffective|p2a: Zapdos
|-damage|p2a: Zapdos|0 fnt
|-heal|p1a: Tapu Fini|71/100|[from] drain|[of] p2a: Zapdos
|faint|p2a: Zapdos
|
|upkeep
|
|t:|1649884759
|switch|p2a: Garchomp|Garchomp, F|100/100
|turn|19
|
|t:|1649884761
|move|p2a: Garchomp|Toxic|p1a: Tapu Fini
|-status|p1a: Tapu Fini|tox
|move|p1a: Tapu Fini|Draining Kiss|p2a: Garchomp
|-supereffective|p2a: Garchomp
|-damage|p2a: Garchomp|13/100
|-heal|p1a: Tapu Fini|100/100 tox|[from] drain|[of] p2a: Garchomp
|-damage|p1a: Tapu Fini|88/100 tox|[from] ability: Rough Skin|[of] p2a: Garchomp
|-damage|p1a: Tapu Fini|71/100 tox|[from] item: Rocky Helmet|[of] p2a: Garchomp
|
|-damage|p1a: Tapu Fini|65/100 tox|[from] psn
|upkeep
|turn|20
|
|t:|1649884764
|move|p2a: Garchomp|Earthquake|p1a: Tapu Fini
|-damage|p1a: Tapu Fini|30/100 tox
|move|p1a: Tapu Fini|Draining Kiss|p2a: Garchomp
|-supereffective|p2a: Garchomp
|-damage|p2a: Garchomp|0 fnt
|-heal|p1a: Tapu Fini|41/100 tox|[from] drain|[of] p2a: Garchomp
|-damage|p1a: Tapu Fini|29/100 tox|[from] ability: Rough Skin|[of] p2a: Garchomp
|-damage|p1a: Tapu Fini|12/100 tox|[from] item: Rocky Helmet|[of] p2a: Garchomp
|faint|p2a: Garchomp
|
|-damage|p1a: Tapu Fini|0 fnt|[from] psn
|faint|p1a: Tapu Fini
|upkeep
|
|t:|1649884772
|switch|p2a: Dragapult|Dragapult, M|100/100
|switch|p1a: Regieleki|Regieleki, shiny|100/100
|turn|21
|
|t:|1649884775
|move|p1a: Regieleki|Volt Switch|p2a: Dragapult
|-resisted|p2a: Dragapult
|-damage|p2a: Dragapult|63/100
|
|t:|1649884778
|switch|p1a: Landorus|Landorus-Therian, M, shiny|77/100|[from]move: Volt Switch
|-ability|p1a: Landorus|Intimidate|boost
|-unboost|p2a: Dragapult|atk|1
|move|p2a: Dragapult|Draco Meteor|p1a: Landorus
|-damage|p1a: Landorus|0 fnt
|-unboost|p2a: Dragapult|spa|2
|faint|p1a: Landorus
|
|upkeep
|
|t:|1649884782
|switch|p1a: Regieleki|Regieleki, shiny|100/100
|turn|22
|
|t:|1649884787
|switch|p2a: Volcarona|Volcarona, F|87/100
|move|p1a: Regieleki|Volt Switch|p2a: Volcarona
|-damage|p2a: Volcarona|38/100
|
|t:|1649884792
|switch|p1a: Dragapult|Dragapult, M, shiny|100/100|[from]move: Volt Switch
|
|upkeep
|turn|23
|
|t:|1649884794
|move|p1a: Dragapult|Dragon Dance|p1a: Dragapult
|-boost|p1a: Dragapult|atk|1
|-boost|p1a: Dragapult|spe|1
|move|p2a: Volcarona|Psychic|p1a: Dragapult
|-damage|p1a: Dragapult|65/100
|
|-heal|p1a: Dragapult|71/100|[from] item: Leftovers
|upkeep
|turn|24
|
|t:|1649884797
|move|p1a: Dragapult|Dragon Dance|p1a: Dragapult
|-boost|p1a: Dragapult|atk|1
|-boost|p1a: Dragapult|spe|1
|move|p2a: Volcarona|Psychic|p1a: Dragapult
|-damage|p1a: Dragapult|32/100
|
|-heal|p1a: Dragapult|38/100|[from] item: Leftovers
|upkeep
|turn|25
|
|t:|1649884799
|move|p1a: Dragapult|Dragon Darts|p2a: Volcarona
|-damage|p2a: Volcarona|0 fnt
|faint|p2a: Volcarona
|
|-heal|p1a: Dragapult|44/100|[from] item: Leftovers
|upkeep
|
|t:|1649884800
|switch|p2a: Tapu Fini|Tapu Fini|80/100
|-fieldstart|move: Misty Terrain|[from] ability: Misty Surge|[of] p2a: Tapu Fini
|turn|26
|
|t:|1649884803
|move|p1a: Dragapult|Phantom Force||[still]
|-prepare|p1a: Dragapult|Phantom Force
|move|p2a: Tapu Fini|Moonblast|p1a: Dragapult|[miss]
|-miss|p2a: Tapu Fini|p1a: Dragapult
|
|-heal|p1a: Dragapult|50/100|[from] item: Leftovers
|-heal|p2a: Tapu Fini|86/100|[from] item: Leftovers
|upkeep
|turn|27
|
|t:|1649884805
|move|p1a: Dragapult|Phantom Force|p2a: Tapu Fini|[from]lockedmove
|-damage|p2a: Tapu Fini|0 fnt
|faint|p2a: Tapu Fini
|
|-heal|p1a: Dragapult|56/100|[from] item: Leftovers
|upkeep
|
|t:|1649884807
|switch|p2a: Dragapult|Dragapult, M|63/100
|turn|28
|
|t:|1649884809
|move|p1a: Dragapult|Dragon Darts|p2a: Dragapult
|-supereffective|p2a: Dragapult
|-damage|p2a: Dragapult|0 fnt
|faint|p2a: Dragapult
|
|win|Arcangel666
|raw|Arcangel666's rating: 1576 &rarr; <strong>1591</strong><br />(+15 for winning)
|raw|Agent Chaka's rating: 1489 &rarr; <strong>1474</strong><br />(-15 for losing)
|c|☆Agent Chaka|gg
