|j|☆PB3733732
|j|☆Down$hift
|t:|1656173400
|gametype|singles
|player|p1|PB3733732|scientist|1802
|player|p2|Down$hift|teamrocket|1803
|teamsize|p1|6
|teamsize|p2|6
|gen|8
|tier|[Gen 8] OU
|rated|
|rule|Sleep Clause Mod: Limit one foe put to sleep
|rule|Species Clause: Limit one of each Pokémon
|rule|OHKO Clause: OHKO moves are banned
|rule|Evasion Moves Clause: Evasion moves are banned
|rule|Endless Battle Clause: Forcing endless battles is banned
|rule|HP Percentage Mod: HP is shown in percentages
|rule|Dynamax Clause: You cannot dynamax
|clearpoke
|poke|p1|Bronzong|
|poke|p1|Marowak-Alola, M|
|poke|p1|Crawdaunt, M|
|poke|p1|Porygon2|
|poke|p1|Cresselia, F|
|poke|p1|Melmetal|
|poke|p2|Jolteon, M|
|poke|p2|Torkoal, M|
|poke|p2|Tapu Lele|
|poke|p2|Espeon, F|
|poke|p2|Polteageist-Antique|
|poke|p2|Cloyster, F|
|teampreview
|inactive|Battle timer is ON: inactive players will automatically lose when time's up. (requested by PB3733732)
|c|☆Down$hift|hf
|
|t:|1656173409
|start
|switch|p1a: Bronzong|Bronzong|100/100
|switch|p2a: Canned Calamari|Tapu Lele|100/100
|-fieldstart|move: Psychic Terrain|[from] ability: Psychic Surge|[of] p2a: Canned Calamari
|turn|1
|j| ncowemkvmwe
|c|☆PB3733732|glhf
|
|t:|1656173426
|move|p2a: Canned Calamari|Taunt|p1a: Bronzong
|-start|p1a: Bronzong|move: Taunt
|cant|p1a: Bronzong|move: Taunt|Trick Room
|
|upkeep
|turn|2
|
|t:|1656173433
|switch|p2a: Sakura|Espeon, F|100/100
|switch|p1a: Melmetal|Melmetal|100/100
|
|upkeep
|turn|3
|j| Sino pacific
|
|t:|1656173438
|move|p2a: Sakura|Yawn|p1a: Melmetal
|-start|p1a: Melmetal|move: Yawn|[of] p2a: Sakura
|move|p1a: Melmetal|Double Iron Bash|p2a: Sakura
|-damage|p2a: Sakura|15/100
|-damage|p2a: Sakura|0 fnt
|faint|p2a: Sakura
|-hitcount|p2: Sakura|2
|-damage|p1a: Melmetal|91/100|[from] item: Life Orb
|
|upkeep
|
|t:|1656173449
|switch|p2a: Mega Ghastly|Cloyster, F|100/100
|turn|4
|
|t:|1656173454
|move|p2a: Mega Ghastly|Shell Smash|p2a: Mega Ghastly
|-unboost|p2a: Mega Ghastly|def|1
|-unboost|p2a: Mega Ghastly|spd|1
|-boost|p2a: Mega Ghastly|atk|2
|-boost|p2a: Mega Ghastly|spa|2
|-boost|p2a: Mega Ghastly|spe|2
|move|p1a: Melmetal|Double Iron Bash|p2a: Mega Ghastly
|-damage|p2a: Mega Ghastly|32/100
|-damage|p2a: Mega Ghastly|0 fnt
|faint|p2a: Mega Ghastly
|-hitcount|p2: Mega Ghastly|2
|-damage|p1a: Melmetal|81/100|[from] item: Life Orb
|
|-end|p1a: Melmetal|move: Yawn|[silent]
|-status|p1a: Melmetal|slp
|upkeep
|
|t:|1656173456
|switch|p2a: Bri’ ish Cleanup|Polteageist-Antique|100/100
|turn|5
|j| GoldenStateIdiots
|
|t:|1656173468
|switch|p1a: Bronzong|Bronzong|100/100
|move|p2a: Bri’ ish Cleanup|Shell Smash|p2a: Bri’ ish Cleanup
|-unboost|p2a: Bri’ ish Cleanup|def|1
|-unboost|p2a: Bri’ ish Cleanup|spd|1
|-boost|p2a: Bri’ ish Cleanup|atk|2
|-boost|p2a: Bri’ ish Cleanup|spa|2
|-boost|p2a: Bri’ ish Cleanup|spe|2
|
|upkeep
|turn|6
|
|t:|1656173473
|move|p2a: Bri’ ish Cleanup|Shadow Ball|p1a: Bronzong
|-supereffective|p1a: Bronzong
|-enditem|p1a: Bronzong|Focus Sash
|-damage|p1a: Bronzong|1/100
|-unboost|p1a: Bronzong|spd|1
|move|p1a: Bronzong|Trick Room|p1a: Bronzong
|-fieldstart|move: Trick Room|[of] p1a: Bronzong
|
|upkeep
|turn|7
|
|t:|1656173483
|switch|p2a: Master Oogway|Torkoal, M|100/100
|-weather|SunnyDay|[from] ability: Drought|[of] p2a: Master Oogway
|move|p1a: Bronzong|Earthquake|p2a: Master Oogway
|-supereffective|p2a: Master Oogway
|-damage|p2a: Master Oogway|66/100
|
|-weather|SunnyDay|[upkeep]
|upkeep
|turn|8
|
|t:|1656173491
|move|p2a: Master Oogway|Stealth Rock|p1a: Bronzong
|-sidestart|p1: PB3733732|move: Stealth Rock
|move|p1a: Bronzong|Stealth Rock|p2a: Master Oogway
|-sidestart|p2: Down$hift|move: Stealth Rock
|
|-weather|SunnyDay|[upkeep]
|-fieldend|move: Psychic Terrain
|upkeep
|turn|9
|
|t:|1656173497
|move|p2a: Master Oogway|Rapid Spin|p1a: Bronzong
|-resisted|p1a: Bronzong
|-damage|p1a: Bronzong|0 fnt
|-boost|p2a: Master Oogway|spe|1
|-sideend|p2: Down$hift|Stealth Rock|[from] move: Rapid Spin|[of] p2a: Master Oogway
|faint|p1a: Bronzong
|
|-weather|SunnyDay|[upkeep]
|upkeep
|
|t:|1656173503
|switch|p1a: Crawdaunt|Crawdaunt, M|100/100
|-damage|p1a: Crawdaunt|88/100|[from] Stealth Rock
|turn|10
|inactive|Down$hift has 120 seconds left.
|
|t:|1656173549
|move|p2a: Master Oogway|Lava Plume|p1a: Crawdaunt
|-resisted|p1a: Crawdaunt
|-damage|p1a: Crawdaunt|60/100
|move|p1a: Crawdaunt|Knock Off|p2a: Master Oogway
|-damage|p2a: Master Oogway|19/100
|-enditem|p2a: Master Oogway|Eject Pack|[from] move: Knock Off|[of] p1a: Crawdaunt
|-damage|p1a: Crawdaunt|50/100|[from] item: Life Orb
|
|-weather|SunnyDay|[upkeep]
|-fieldend|move: Trick Room
|upkeep
|turn|11
|j| clflucker
|j| ThisIsntHilarious
|l| GoldenStateIdiots
|
|t:|1656173564
|move|p1a: Crawdaunt|Knock Off|p2a: Master Oogway
|-damage|p2a: Master Oogway|0 fnt
|faint|p2a: Master Oogway
|-damage|p1a: Crawdaunt|40/100|[from] item: Life Orb
|
|-weather|none
|upkeep
|
|t:|1656173567
|switch|p2a: Canned Calamari|Tapu Lele|100/100
|-fieldstart|move: Psychic Terrain|[from] ability: Psychic Surge|[of] p2a: Canned Calamari
|turn|12
|
|t:|1656173573
|move|p2a: Canned Calamari|Moonblast|p1a: Crawdaunt
|-supereffective|p1a: Crawdaunt
|-damage|p1a: Crawdaunt|0 fnt
|faint|p1a: Crawdaunt
|
|upkeep
|
|t:|1656173577
|switch|p1a: Cresselia|Cresselia, F|100/100
|-damage|p1a: Cresselia|88/100|[from] Stealth Rock
|turn|13
|
|t:|1656173579
|move|p2a: Canned Calamari|Taunt|p1a: Cresselia
|-start|p1a: Cresselia|move: Taunt
|-enditem|p1a: Cresselia|Mental Herb
|-end|p1a: Cresselia|move: Taunt
|move|p1a: Cresselia|Trick Room|p1a: Cresselia
|-fieldstart|move: Trick Room|[of] p1a: Cresselia
|
|upkeep
|turn|14
|l| Sino pacific
|
|t:|1656173595
|move|p1a: Cresselia|Lunar Dance|p1a: Cresselia
|faint|p1a: Cresselia
|move|p2a: Canned Calamari|Psyshock|p1: Cresselia|[notarget]
|-fail|p2a: Canned Calamari
|
|upkeep
|j| Roxanne in leggins
|
|t:|1656173600
|switch|p1a: Melmetal|Melmetal|81/100 slp
|-heal|p1a: Melmetal|100/100|[from] move: Lunar Dance
|-damage|p1a: Melmetal|94/100|[from] Stealth Rock
|turn|15
|
|t:|1656173605
|switch|p2a: Bolt|Jolteon, M|100/100
|move|p1a: Melmetal|Double Iron Bash|p2a: Bolt
|-resisted|p2a: Bolt
|-damage|p2a: Bolt|41/100
|-resisted|p2a: Bolt
|-damage|p2a: Bolt|0 fnt
|faint|p2a: Bolt
|-hitcount|p2: Bolt|2
|-damage|p1a: Melmetal|84/100|[from] item: Life Orb
|
|upkeep
|l| Roxanne in leggins
|-message|Down$hift forfeited.
|
|win|PB3733732
|raw|PB3733732's rating: 1802 &rarr; <strong>1822</strong><br />(+20 for winning)
|raw|Down$hift's rating: 1803 &rarr; <strong>1783</strong><br />(-20 for losing)
|l|☆Down$hift
|c|☆PB3733732|gg
|l|☆PB3733732
|l| ThisIsntHilarious
