|raw|<div class="broadcast-blue"><strong>This battle is required to be public due to a player having a name starting with 'lt81yl'.</div>
|j|☆4funaccount
|j|☆LT81YL PDC
|t:|1625341245
|gametype|singles
|player|p1|4funaccount|unknownf|1746
|player|p2|LT81YL PDC|acetrainer-gen4dp|1688
|teamsize|p1|6
|teamsize|p2|6
|gen|8
|tier|[Gen 8] OU
|rated|
|rule|Sleep Clause Mod: Limit one foe put to sleep
|rule|Species Clause: Limit one of each Pokémon
|rule|OHKO Clause: OHKO moves are banned
|rule|Evasion Moves Clause: Evasion moves are banned
|rule|Endless Battle Clause: Forcing endless battles is banned
|rule|HP Percentage Mod: HP is shown in percentages
|rule|Dynamax Clause: You cannot dynamax
|clearpoke
|poke|p1|Heatran, M|
|poke|p1|Slowbro, F|
|poke|p1|Cobalion|
|poke|p1|Blissey, F|
|poke|p1|Rillaboom, F|
|poke|p1|Landorus-Therian, M|
|poke|p2|Zeraora|
|poke|p2|Landorus-Therian, M|
|poke|p2|Scizor, M|
|poke|p2|Volcarona, F|
|poke|p2|Hawlucha, M|
|poke|p2|Tapu Fini|
|teampreview
|j| Syn Dread
|
|t:|1625341276
|start
|switch|p1a: Slowbro|Slowbro, F|100/100
|switch|p2a: Landorus|Landorus-Therian, M|100/100
|-ability|p2a: Landorus|Intimidate|boost
|-unboost|p1a: Slowbro|atk|1
|turn|1
|
|t:|1625341286
|move|p2a: Landorus|Stealth Rock|p1a: Slowbro
|-sidestart|p1: 4funaccount|move: Stealth Rock
|move|p1a: Slowbro|Scald|p2a: Landorus
|-supereffective|p2a: Landorus
|-damage|p2a: Landorus|47/100
|
|upkeep
|turn|2
|
|t:|1625341292
|move|p2a: Landorus|Explosion|p1a: Slowbro
|-enditem|p2a: Landorus|Normal Gem|[from] gem
|-damage|p1a: Slowbro|37/100
|faint|p2a: Landorus
|move|p1a: Slowbro|Scald|p2: Landorus|[notarget]
|-fail|p1a: Slowbro
|
|upkeep
|
|t:|1625341305
|switch|p2a: Zeraora|Zeraora|100/100
|turn|3
|
|t:|1625341311
|switch|p1a: Cobalion|Cobalion|100/100
|-damage|p1a: Cobalion|97/100|[from] Stealth Rock
|move|p2a: Zeraora|Knock Off|p1a: Cobalion
|-resisted|p1a: Cobalion
|-damage|p1a: Cobalion|84/100
|-ability|p1a: Cobalion|Justified|boost
|-boost|p1a: Cobalion|atk|1
|-enditem|p1a: Cobalion|Leftovers|[from] move: Knock Off|[of] p2a: Zeraora
|
|upkeep
|turn|4
|
|t:|1625341322
|switch|p1a: Landorus|Landorus-Therian, M|100/100
|-damage|p1a: Landorus|88/100|[from] Stealth Rock
|-ability|p1a: Landorus|Intimidate|boost
|-unboost|p2a: Zeraora|atk|1
|move|p2a: Zeraora|Bulk Up|p2a: Zeraora
|-boost|p2a: Zeraora|atk|1
|-boost|p2a: Zeraora|def|1
|
|-heal|p1a: Landorus|94/100|[from] item: Leftovers
|upkeep
|turn|5
|
|t:|1625341328
|move|p2a: Zeraora|Knock Off|p1a: Landorus
|-damage|p1a: Landorus|57/100
|-enditem|p1a: Landorus|Leftovers|[from] move: Knock Off|[of] p2a: Zeraora
|move|p1a: Landorus|Defog|p2a: Zeraora
|-unboost|p2a: Zeraora|evasion|1
|-sideend|p1: 4funaccount|Stealth Rock|[from] move: Defog|[of] p1a: Landorus
|
|upkeep
|turn|6
|
|t:|1625341331
|switch|p2a: Tapu Fini|Tapu Fini, shiny|100/100
|-fieldstart|move: Misty Terrain|[from] ability: Misty Surge|[of] p2a: Tapu Fini
|move|p1a: Landorus|Toxic|p2a: Tapu Fini
|-activate|p2a: Tapu Fini|move: Misty Terrain
|
|upkeep
|turn|7
|
|t:|1625341337
|switch|p1a: Slowbro|Slowbro, F|70/100
|move|p2a: Tapu Fini|Scald|p1a: Slowbro
|-resisted|p1a: Slowbro
|-damage|p1a: Slowbro|57/100
|
|upkeep
|turn|8
|
|t:|1625341343
|switch|p1a: Blissey|Blissey, F|100/100
|move|p2a: Tapu Fini|Taunt|p1a: Blissey
|-start|p1a: Blissey|move: Taunt
|
|upkeep
|turn|9
|
|t:|1625341349
|switch|p1a: Rillaboom|Rillaboom, F|100/100
|-fieldstart|move: Grassy Terrain|[from] ability: Grassy Surge|[of] p1a: Rillaboom
|move|p2a: Tapu Fini|Calm Mind|p2a: Tapu Fini
|-boost|p2a: Tapu Fini|spa|1
|-boost|p2a: Tapu Fini|spd|1
|
|upkeep
|turn|10
|
|t:|1625341353
|switch|p2a: Scizor|Scizor, M|100/100
|move|p1a: Rillaboom|Knock Off|p2a: Scizor
|-damage|p2a: Scizor|45/100
|-enditem|p2a: Scizor|Life Orb|[from] move: Knock Off|[of] p1a: Rillaboom
|
|-heal|p2a: Scizor|51/100|[from] Grassy Terrain
|upkeep
|turn|11
|
|t:|1625341358
|switch|p1a: Slowbro|Slowbro, F|90/100
|move|p2a: Scizor|Knock Off|p1a: Slowbro
|-supereffective|p1a: Slowbro
|-damage|p1a: Slowbro|46/100
|-damage|p2a: Scizor|35/100|[from] item: Rocky Helmet|[of] p1a: Slowbro
|-enditem|p1a: Slowbro|Rocky Helmet|[from] move: Knock Off|[of] p2a: Scizor
|
|-heal|p2a: Scizor|41/100|[from] Grassy Terrain
|-heal|p1a: Slowbro|52/100|[from] Grassy Terrain
|upkeep
|turn|12
|
|t:|1625341364
|switch|p1a: Heatran|Heatran, M|100/100
|move|p2a: Scizor|Swords Dance|p2a: Scizor
|-boost|p2a: Scizor|atk|2
|
|-heal|p2a: Scizor|47/100|[from] Grassy Terrain
|upkeep
|turn|13
|
|t:|1625341368
|move|p2a: Scizor|Knock Off|p1a: Heatran
|-damage|p1a: Heatran|35/100
|-enditem|p1a: Heatran|Leftovers|[from] move: Knock Off|[of] p2a: Scizor
|move|p1a: Heatran|Magma Storm|p2a: Scizor
|-supereffective|p2a: Scizor
|-damage|p2a: Scizor|0 fnt
|faint|p2a: Scizor
|
|-heal|p1a: Heatran|41/100|[from] Grassy Terrain
|-fieldend|move: Grassy Terrain
|upkeep
|
|t:|1625341377
|switch|p2a: Zeraora|Zeraora|100/100
|turn|14
|
|t:|1625341381
|switch|p1a: Slowbro|Slowbro, F|85/100
|move|p2a: Zeraora|Close Combat|p1a: Slowbro
|-resisted|p1a: Slowbro
|-damage|p1a: Slowbro|74/100
|-unboost|p2a: Zeraora|def|1
|-unboost|p2a: Zeraora|spd|1
|
|upkeep
|turn|15
|
|t:|1625341385
|switch|p2a: Tapu Fini|Tapu Fini, shiny|100/100
|-fieldstart|move: Misty Terrain|[from] ability: Misty Surge|[of] p2a: Tapu Fini
|switch|p1a: Landorus|Landorus-Therian, M|57/100
|-ability|p1a: Landorus|Intimidate|boost
|-unboost|p2a: Tapu Fini|atk|1
|
|upkeep
|turn|16
|
|t:|1625341388
|switch|p1a: Blissey|Blissey, F|100/100
|move|p2a: Tapu Fini|Scald|p1a: Blissey
|-damage|p1a: Blissey|91/100
|
|upkeep
|turn|17
|
|t:|1625341390
|move|p2a: Tapu Fini|Taunt|p1a: Blissey
|-start|p1a: Blissey|move: Taunt
|move|p1a: Blissey|Seismic Toss|p2a: Tapu Fini
|-damage|p2a: Tapu Fini|71/100
|
|-heal|p2a: Tapu Fini|77/100|[from] item: Leftovers
|upkeep
|turn|18
|j| pooftah
|
|t:|1625341397
|move|p2a: Tapu Fini|Calm Mind|p2a: Tapu Fini
|-boost|p2a: Tapu Fini|spa|1
|-boost|p2a: Tapu Fini|spd|1
|move|p1a: Blissey|Seismic Toss|p2a: Tapu Fini
|-damage|p2a: Tapu Fini|48/100
|
|-heal|p2a: Tapu Fini|54/100|[from] item: Leftovers
|upkeep
|turn|19
|
|t:|1625341400
|move|p2a: Tapu Fini|Draining Kiss|p1a: Blissey
|-damage|p1a: Blissey|81/100
|-heal|p2a: Tapu Fini|70/100|[from] drain|[of] p1a: Blissey
|move|p1a: Blissey|Seismic Toss|p2a: Tapu Fini
|-damage|p2a: Tapu Fini|41/100
|
|-heal|p2a: Tapu Fini|47/100|[from] item: Leftovers
|-end|p1a: Blissey|move: Taunt
|-fieldend|Misty Terrain
|upkeep
|turn|20
|
|t:|1625341405
|move|p2a: Tapu Fini|Draining Kiss|p1a: Blissey
|-damage|p1a: Blissey|72/100
|-heal|p2a: Tapu Fini|62/100|[from] drain|[of] p1a: Blissey
|move|p1a: Blissey|Seismic Toss|p2a: Tapu Fini
|-damage|p2a: Tapu Fini|33/100
|
|-heal|p2a: Tapu Fini|39/100|[from] item: Leftovers
|upkeep
|turn|21
|
|t:|1625341410
|move|p2a: Tapu Fini|Draining Kiss|p1a: Blissey
|-damage|p1a: Blissey|63/100
|-heal|p2a: Tapu Fini|52/100|[from] drain|[of] p1a: Blissey
|move|p1a: Blissey|Seismic Toss|p2a: Tapu Fini
|-damage|p2a: Tapu Fini|23/100
|
|-heal|p2a: Tapu Fini|29/100|[from] item: Leftovers
|upkeep
|turn|22
|
|t:|1625341415
|move|p2a: Tapu Fini|Draining Kiss|p1a: Blissey
|-damage|p1a: Blissey|54/100
|-heal|p2a: Tapu Fini|45/100|[from] drain|[of] p1a: Blissey
|move|p1a: Blissey|Toxic|p2a: Tapu Fini
|-status|p2a: Tapu Fini|tox
|
|-heal|p2a: Tapu Fini|51/100 tox|[from] item: Leftovers
|-damage|p2a: Tapu Fini|45/100 tox|[from] psn
|upkeep
|turn|23
|
|t:|1625341424
|switch|p2a: Volcarona|Volcarona, F|100/100
|switch|p1a: Rillaboom|Rillaboom, F|100/100
|-fieldstart|move: Grassy Terrain|[from] ability: Grassy Surge|[of] p1a: Rillaboom
|
|upkeep
|turn|24
|
|t:|1625341427
|switch|p1a: Heatran|Heatran, M|41/100
|move|p2a: Volcarona|Flamethrower|p1a: Heatran
|-start|p1a: Heatran|ability: Flash Fire
|
|-heal|p1a: Heatran|47/100|[from] Grassy Terrain
|upkeep
|turn|25
|l| pooftah
|
|t:|1625341433
|switch|p2a: Tapu Fini|Tapu Fini, shiny|45/100 tox
|-fieldstart|move: Misty Terrain|[from] ability: Misty Surge|[of] p2a: Tapu Fini
|move|p1a: Heatran|Magma Storm|p2a: Tapu Fini
|-resisted|p2a: Tapu Fini
|-damage|p2a: Tapu Fini|18/100 tox
|-activate|p2a: Tapu Fini|move: Magma Storm|[of] p1a: Heatran
|
|-heal|p2a: Tapu Fini|24/100 tox|[from] item: Leftovers
|-damage|p2a: Tapu Fini|18/100 tox|[from] psn
|-damage|p2a: Tapu Fini|6/100 tox|[from] move: Magma Storm|[partiallytrapped]
|upkeep
|turn|26
|
|t:|1625341438
|-end|p1a: Heatran|ability: Flash Fire|[silent]
|switch|p1a: Blissey|Blissey, F|54/100
|move|p2a: Tapu Fini|Scald|p1a: Blissey
|-damage|p1a: Blissey|44/100
|
|-heal|p2a: Tapu Fini|12/100 tox|[from] item: Leftovers
|-damage|p2a: Tapu Fini|0 fnt|[from] psn
|faint|p2a: Tapu Fini
|upkeep
|
|t:|1625341443
|switch|p2a: Hawlucha|Hawlucha, M|100/100
|-enditem|p2a: Hawlucha|Misty Seed
|-boost|p2a: Hawlucha|spd|1|[from] item: Misty Seed
|turn|27
|
|t:|1625341447
|switch|p1a: Slowbro|Slowbro, F|100/100
|move|p2a: Hawlucha|Swords Dance|p2a: Hawlucha
|-boost|p2a: Hawlucha|atk|2
|
|upkeep
|turn|28
|
|t:|1625341451
|move|p2a: Hawlucha|Acrobatics|p1a: Slowbro
|-damage|p1a: Slowbro|45/100
|move|p1a: Slowbro|Future Sight|p2a: Hawlucha
|-start|p1a: Slowbro|move: Future Sight
|
|upkeep
|turn|29
|
|t:|1625341455
|switch|p1a: Cobalion|Cobalion|84/100
|move|p2a: Hawlucha|Swords Dance|p2a: Hawlucha
|-boost|p2a: Hawlucha|atk|2
|
|-fieldend|Misty Terrain
|upkeep
|turn|30
|
|t:|1625341462
|switch|p1a: Slowbro|Slowbro, F|78/100
|move|p2a: Hawlucha|Acrobatics|p1a: Slowbro
|-damage|p1a: Slowbro|0 fnt
|faint|p1a: Slowbro
|
|-end|p2a: Hawlucha|move: Future Sight
|-supereffective|p2a: Hawlucha
|-damage|p2a: Hawlucha|30/100
|upkeep
|
|t:|1625341465
|switch|p1a: Rillaboom|Rillaboom, F|100/100
|-fieldstart|move: Grassy Terrain|[from] ability: Grassy Surge|[of] p1a: Rillaboom
|turn|31
|
|t:|1625341479
|switch|p2a: Volcarona|Volcarona, F|100/100
|move|p1a: Rillaboom|Grassy Glide|p2a: Volcarona
|-resisted|p2a: Volcarona
|-damage|p2a: Volcarona|83/100
|
|-heal|p2a: Volcarona|89/100|[from] Grassy Terrain
|upkeep
|turn|32
|
|t:|1625341483
|switch|p2a: Hawlucha|Hawlucha, M|30/100
|switch|p1a: Blissey|Blissey, F|44/100
|
|-heal|p1a: Blissey|50/100|[from] Grassy Terrain
|upkeep
|turn|33
|
|t:|1625341492
|switch|p1a: Cobalion|Cobalion|84/100
|move|p2a: Hawlucha|Close Combat|p1a: Cobalion
|-supereffective|p1a: Cobalion
|-damage|p1a: Cobalion|0 fnt
|-unboost|p2a: Hawlucha|def|1
|-unboost|p2a: Hawlucha|spd|1
|faint|p1a: Cobalion
|
|upkeep
|
|t:|1625341494
|switch|p1a: Landorus|Landorus-Therian, M|57/100
|-ability|p1a: Landorus|Intimidate|boost
|-unboost|p2a: Hawlucha|atk|1
|turn|34
|
|t:|1625341499
|move|p1a: Landorus|Toxic|p2a: Hawlucha
|-status|p2a: Hawlucha|tox
|move|p2a: Hawlucha|Acrobatics|p1a: Landorus
|-damage|p1a: Landorus|15/100
|
|-damage|p2a: Hawlucha|24/100 tox|[from] psn
|upkeep
|turn|35
|
|t:|1625341528
|switch|p1a: Blissey|Blissey, F|50/100
|move|p2a: Hawlucha|Acrobatics|p1a: Blissey
|-damage|p1a: Blissey|22/100
|
|-heal|p1a: Blissey|28/100|[from] Grassy Terrain
|-damage|p2a: Hawlucha|12/100 tox|[from] psn
|-fieldend|move: Grassy Terrain
|upkeep
|turn|36
|
|t:|1625341540
|move|p2a: Hawlucha|Acrobatics|p1a: Blissey
|-damage|p1a: Blissey|0 fnt
|faint|p1a: Blissey
|
|-damage|p2a: Hawlucha|0 fnt|[from] psn
|faint|p2a: Hawlucha
|upkeep
|
|t:|1625341549
|switch|p2a: Zeraora|Zeraora|100/100
|switch|p1a: Rillaboom|Rillaboom, F|100/100
|-fieldstart|move: Grassy Terrain|[from] ability: Grassy Surge|[of] p1a: Rillaboom
|turn|37
|
|t:|1625341560
|switch|p2a: Volcarona|Volcarona, F|89/100
|move|p1a: Rillaboom|U-turn|p2a: Volcarona
|-resisted|p2a: Volcarona
|-damage|p2a: Volcarona|69/100
|-status|p1a: Rillaboom|brn|[from] ability: Flame Body|[of] p2a: Volcarona
|
|t:|1625341562
|switch|p1a: Heatran|Heatran, M|47/100|[from]move: U-turn
|
|-heal|p2a: Volcarona|76/100|[from] Grassy Terrain
|-heal|p1a: Heatran|53/100|[from] Grassy Terrain
|upkeep
|turn|38
|
|t:|1625341571
|move|p2a: Volcarona|Quiver Dance|p2a: Volcarona
|-boost|p2a: Volcarona|spa|1
|-boost|p2a: Volcarona|spd|1
|-boost|p2a: Volcarona|spe|1
|move|p1a: Heatran|Toxic|p2a: Volcarona
|-status|p2a: Volcarona|tox
|
|-heal|p2a: Volcarona|82/100 tox|[from] Grassy Terrain
|-heal|p1a: Heatran|60/100|[from] Grassy Terrain
|-damage|p2a: Volcarona|76/100 tox|[from] psn
|upkeep
|turn|39
|
|t:|1625341577
|move|p2a: Volcarona|Quiver Dance|p2a: Volcarona
|-boost|p2a: Volcarona|spa|1
|-boost|p2a: Volcarona|spd|1
|-boost|p2a: Volcarona|spe|1
|move|p1a: Heatran|Magma Storm|p2a: Volcarona
|-damage|p2a: Volcarona|55/100 tox
|-activate|p2a: Volcarona|move: Magma Storm|[of] p1a: Heatran
|
|-heal|p2a: Volcarona|61/100 tox|[from] Grassy Terrain
|-heal|p1a: Heatran|66/100|[from] Grassy Terrain
|-damage|p2a: Volcarona|49/100 tox|[from] psn
|-damage|p2a: Volcarona|36/100 tox|[from] move: Magma Storm|[partiallytrapped]
|upkeep
|turn|40
|
|t:|1625341581
|move|p2a: Volcarona|Safeguard|p2a: Volcarona
|-sidestart|p2: LT81YL PDC|Safeguard
|move|p1a: Heatran|Magma Storm|p2a: Volcarona
|-damage|p2a: Volcarona|17/100 tox
|
|-heal|p2a: Volcarona|23/100 tox|[from] Grassy Terrain
|-heal|p1a: Heatran|72/100|[from] Grassy Terrain
|-damage|p2a: Volcarona|4/100 tox|[from] psn
|-damage|p2a: Volcarona|0 fnt|[from] move: Magma Storm|[partiallytrapped]
|faint|p2a: Volcarona
|upkeep
|
|t:|1625341583
|switch|p2a: Zeraora|Zeraora|100/100
|turn|41
|
|t:|1625341591
|move|p2a: Zeraora|Bulk Up|p2a: Zeraora
|-boost|p2a: Zeraora|atk|1
|-boost|p2a: Zeraora|def|1
|move|p1a: Heatran|Magma Storm|p2a: Zeraora
|-damage|p2a: Zeraora|47/100
|-activate|p2a: Zeraora|move: Magma Storm|[of] p1a: Heatran
|
|-heal|p2a: Zeraora|53/100|[from] Grassy Terrain
|-heal|p2a: Zeraora|59/100|[from] item: Leftovers
|-heal|p1a: Heatran|78/100|[from] Grassy Terrain
|-damage|p2a: Zeraora|47/100|[from] move: Magma Storm|[partiallytrapped]
|-fieldend|move: Grassy Terrain
|upkeep
|turn|42
|
|t:|1625341599
|switch|p1a: Landorus|Landorus-Therian, M|15/100
|-ability|p1a: Landorus|Intimidate|boost
|-unboost|p2a: Zeraora|atk|1
|move|p2a: Zeraora|Close Combat|p1a: Landorus
|-resisted|p1a: Landorus
|-damage|p1a: Landorus|0 fnt
|-unboost|p2a: Zeraora|def|1
|-unboost|p2a: Zeraora|spd|1
|faint|p1a: Landorus
|
|-heal|p2a: Zeraora|53/100|[from] item: Leftovers
|-end|p2a: Zeraora|Magma Storm|[partiallytrapped]|[silent]
|upkeep
|
|t:|1625341602
|switch|p1a: Rillaboom|Rillaboom, F|100/100 brn
|-fieldstart|move: Grassy Terrain|[from] ability: Grassy Surge|[of] p1a: Rillaboom
|turn|43
|
|t:|1625341604
|move|p1a: Rillaboom|Grassy Glide|p2a: Zeraora
|-damage|p2a: Zeraora|3/100
|move|p2a: Zeraora|Bulk Up|p2a: Zeraora
|-boost|p2a: Zeraora|atk|1
|-boost|p2a: Zeraora|def|1
|
|-heal|p2a: Zeraora|9/100|[from] Grassy Terrain
|-heal|p2a: Zeraora|15/100|[from] item: Leftovers
|-damage|p1a: Rillaboom|94/100 brn|[from] brn
|upkeep
|turn|44
|-message|LT81YL PDC forfeited.
|
|win|4funaccount
|raw|4funaccount's rating: 1746 &rarr; <strong>1763</strong><br />(+17 for winning)
|raw|LT81YL PDC's rating: 1688 &rarr; <strong>1671</strong><br />(-17 for losing)
|l|☆LT81YL PDC
