|j|☆Fancy Beast
|j|☆Buhrito
|t:|1645850078
|gametype|singles
|player|p1|Fancy Beast|boarder|
|player|p2|Buhrito|1|
|teamsize|p1|6
|teamsize|p2|6
|gen|8
|tier|[Gen 8] OU
|rule|Sleep Clause Mod: Limit one foe put to sleep
|rule|Species Clause: Limit one of each Pokémon
|rule|OHKO Clause: OHKO moves are banned
|rule|Evasion Moves Clause: Evasion moves are banned
|rule|Endless Battle Clause: Forcing endless battles is banned
|rule|HP Percentage Mod: HP is shown in percentages
|rule|Dynamax Clause: You cannot dynamax
|clearpoke
|poke|p1|Pelipper, F|
|poke|p1|Ferrothorn, F|
|poke|p1|Zapdos|
|poke|p1|Barraskewda, F|
|poke|p1|Seismitoad, M|
|poke|p1|Moltres-Galar|
|poke|p2|Cloyster, M|
|poke|p2|Torkoal, F|
|poke|p2|Corviknight, F|
|poke|p2|Chansey, F|
|poke|p2|Venusaur, M|
|poke|p2|Garchomp, F|
|teampreview
|
|t:|1645850102
|start
|switch|p1a: Pelipper|Pelipper, F|100/100
|switch|p2a: Torkoal|Torkoal, F|100/100
|-weather|RainDance|[from] ability: Drizzle|[of] p1a: Pelipper
|-weather|SunnyDay|[from] ability: Drought|[of] p2a: Torkoal
|turn|1
|
|t:|1645850115
|move|p1a: Pelipper|U-turn|p2a: Torkoal
|-resisted|p2a: Torkoal
|-damage|p2a: Torkoal|98/100
|
|t:|1645850128
|switch|p1a: Seismitoad|Seismitoad, M|100/100|[from]move: U-turn
|move|p2a: Torkoal|Toxic|p1a: Seismitoad
|-status|p1a: Seismitoad|tox
|
|-weather|SunnyDay|[upkeep]
|-damage|p1a: Seismitoad|95/100 tox|[from] psn
|upkeep
|turn|2
|
|t:|1645850146
|switch|p1a: Pelipper|Pelipper, F|100/100
|-weather|RainDance|[from] ability: Drizzle|[of] p1a: Pelipper
|move|p2a: Torkoal|Toxic|p1a: Pelipper|[miss]
|-miss|p2a: Torkoal|p1a: Pelipper
|
|-weather|RainDance|[upkeep]
|upkeep
|turn|3
|
|t:|1645850157
|switch|p2a: Corviknight|Corviknight, F|100/100
|-ability|p2a: Corviknight|Pressure
|move|p1a: Pelipper|U-turn|p2a: Corviknight
|-resisted|p2a: Corviknight
|-damage|p2a: Corviknight|99/100
|-damage|p1a: Pelipper|84/100|[from] item: Rocky Helmet|[of] p2a: Corviknight
|
|t:|1645850164
|switch|p1a: Zapdos|Zapdos|100/100|[from]move: U-turn
|
|-weather|RainDance|[upkeep]
|upkeep
|turn|4
|
|t:|1645850168
|switch|p2a: Chansey|Chansey, F|100/100
|move|p1a: Zapdos|Thunder|p2a: Chansey
|-damage|p2a: Chansey|84/100
|
|-weather|RainDance|[upkeep]
|upkeep
|turn|5
|
|t:|1645850194
|switch|p1a: Ferrothorn|Ferrothorn, F|100/100
|switch|p2a: Torkoal|Torkoal, F|98/100
|-weather|SunnyDay|[from] ability: Drought|[of] p2a: Torkoal
|
|-weather|SunnyDay|[upkeep]
|upkeep
|turn|6
|
|t:|1645850218
|move|p1a: Ferrothorn|Spikes|p2a: Torkoal
|-sidestart|p2: Buhrito|Spikes
|move|p2a: Torkoal|Lava Plume|p1a: Ferrothorn
|-supereffective|p1a: Ferrothorn
|-damage|p1a: Ferrothorn|12/100
|
|-weather|SunnyDay|[upkeep]
|-heal|p1a: Ferrothorn|18/100|[from] item: Leftovers
|upkeep
|turn|7
|
|t:|1645850226
|switch|p1a: Seismitoad|Seismitoad, M|95/100 tox
|move|p2a: Torkoal|Rapid Spin|p1a: Seismitoad
|-damage|p1a: Seismitoad|82/100 tox
|-boost|p2a: Torkoal|spe|1
|-sideend|p2: Buhrito|Spikes|[from] move: Rapid Spin|[of] p2a: Torkoal
|
|-weather|SunnyDay|[upkeep]
|-damage|p1a: Seismitoad|76/100 tox|[from] psn
|upkeep
|turn|8
|
|t:|1645850231
|switch|p2a: Chansey|Chansey, F|84/100
|move|p1a: Seismitoad|Stealth Rock|p2a: Chansey
|-sidestart|p2: Buhrito|move: Stealth Rock
|
|-weather|SunnyDay|[upkeep]
|-damage|p1a: Seismitoad|64/100 tox|[from] psn
|upkeep
|turn|9
|
|t:|1645850234
|move|p1a: Seismitoad|Focus Blast|p2a: Chansey|[miss]
|-miss|p1a: Seismitoad|p2a: Chansey
|move|p2a: Chansey|Stealth Rock|p1a: Seismitoad
|-sidestart|p1: Fancy Beast|move: Stealth Rock
|
|-weather|SunnyDay|[upkeep]
|-damage|p1a: Seismitoad|46/100 tox|[from] psn
|upkeep
|turn|10
|c|☆Fancy Beast|of course
|c|☆Fancy Beast|uses chansey stall 3 games in a row and haxes
|
|t:|1645850256
|switch|p1a: Ferrothorn|Ferrothorn, F|18/100
|-damage|p1a: Ferrothorn|12/100|[from] Stealth Rock
|move|p2a: Chansey|Seismic Toss|p1a: Ferrothorn
|-damage|p1a: Ferrothorn|0 fnt
|-damage|p2a: Chansey|71/100|[from] ability: Iron Barbs|[of] p1a: Ferrothorn
|faint|p1a: Ferrothorn
|
|-weather|SunnyDay|[upkeep]
|upkeep
|
|t:|1645850271
|switch|p1a: Barraskewda|Barraskewda, F|100/100
|-damage|p1a: Barraskewda|88/100|[from] Stealth Rock
|turn|11
|
|t:|1645850281
|switch|p2a: Corviknight|Corviknight, F|99/100
|-damage|p2a: Corviknight|87/100|[from] Stealth Rock
|-ability|p2a: Corviknight|Pressure
|move|p1a: Barraskewda|Close Combat|p2a: Corviknight
|-damage|p2a: Corviknight|50/100
|-unboost|p1a: Barraskewda|def|1
|-unboost|p1a: Barraskewda|spd|1
|-damage|p1a: Barraskewda|72/100|[from] item: Rocky Helmet|[of] p2a: Corviknight
|
|-weather|SunnyDay|[upkeep]
|upkeep
|turn|12
|
|t:|1645850287
|switch|p1a: Moltres|Moltres-Galar|100/100
|move|p2a: Corviknight|Roost|p2a: Corviknight
|-heal|p2a: Corviknight|99/100
|-singleturn|p2a: Corviknight|move: Roost
|
|-weather|none
|upkeep
|turn|13
|
|t:|1645850294
|move|p1a: Moltres|Nasty Plot|p1a: Moltres
|-boost|p1a: Moltres|spa|2
|move|p2a: Corviknight|U-turn|p1a: Moltres
|-damage|p1a: Moltres|83/100
|
|t:|1645850297
|switch|p2a: Chansey|Chansey, F|71/100|[from]move: U-turn
|-damage|p2a: Chansey|59/100|[from] Stealth Rock
|
|upkeep
|turn|14
|
|t:|1645850307
|move|p1a: Moltres|Taunt|p2a: Chansey
|-start|p2a: Chansey|move: Taunt
|cant|p2a: Chansey|move: Taunt|Soft-Boiled
|
|upkeep
|turn|15
|
|t:|1645850310
|move|p1a: Moltres|Fiery Wrath|p2a: Chansey
|-damage|p2a: Chansey|31/100
|move|p2a: Chansey|Seismic Toss|p1a: Moltres
|-damage|p1a: Moltres|52/100
|
|upkeep
|turn|16
|
|t:|1645850316
|move|p1a: Moltres|Hurricane|p2a: Chansey
|-damage|p2a: Chansey|0 fnt
|faint|p2a: Chansey
|
|upkeep
|
|t:|1645850320
|switch|p2a: Garchomp|Garchomp, F|100/100
|-damage|p2a: Garchomp|94/100|[from] Stealth Rock
|turn|17
|
|t:|1645850325
|move|p2a: Garchomp|Scale Shot|p1a: Moltres
|-damage|p1a: Moltres|36/100
|-damage|p1a: Moltres|21/100
|-damage|p1a: Moltres|6/100
|-damage|p1a: Moltres|0 fnt
|faint|p1a: Moltres
|-hitcount|p1: Moltres|4
|-unboost|p2a: Garchomp|def|1
|-boost|p2a: Garchomp|spe|1
|
|-heal|p2a: Garchomp|100/100|[from] item: Leftovers
|upkeep
|
|t:|1645850338
|switch|p1a: Pelipper|Pelipper, F|84/100
|-damage|p1a: Pelipper|59/100|[from] Stealth Rock
|-weather|RainDance|[from] ability: Drizzle|[of] p1a: Pelipper
|turn|18
|
|t:|1645850342
|switch|p2a: Torkoal|Torkoal, F|98/100
|-damage|p2a: Torkoal|73/100|[from] Stealth Rock
|-weather|SunnyDay|[from] ability: Drought|[of] p2a: Torkoal
|move|p1a: Pelipper|U-turn|p2a: Torkoal
|-resisted|p2a: Torkoal
|-damage|p2a: Torkoal|71/100
|
|t:|1645850367
|switch|p1a: Barraskewda|Barraskewda, F|72/100|[from]move: U-turn
|-damage|p1a: Barraskewda|60/100|[from] Stealth Rock
|
|-weather|SunnyDay|[upkeep]
|upkeep
|turn|19
|
|t:|1645850378
|switch|p2a: Corviknight|Corviknight, F|99/100
|-damage|p2a: Corviknight|87/100|[from] Stealth Rock
|-ability|p2a: Corviknight|Pressure
|move|p1a: Barraskewda|Flip Turn|p2a: Corviknight
|-damage|p2a: Corviknight|73/100
|-damage|p1a: Barraskewda|43/100|[from] item: Rocky Helmet|[of] p2a: Corviknight
|
|t:|1645850381
|switch|p1a: Zapdos|Zapdos|100/100|[from]move: Flip Turn
|
|-weather|SunnyDay|[upkeep]
|upkeep
|turn|20
|
|t:|1645850389
|switch|p2a: Garchomp|Garchomp, F|100/100
|-damage|p2a: Garchomp|94/100|[from] Stealth Rock
|move|p1a: Zapdos|Thunder|p2a: Garchomp
|-immune|p2a: Garchomp
|
|-weather|SunnyDay|[upkeep]
|-heal|p2a: Garchomp|100/100|[from] item: Leftovers
|upkeep
|turn|21
|
|t:|1645850394
|move|p2a: Garchomp|Swords Dance|p2a: Garchomp
|-boost|p2a: Garchomp|atk|2
|move|p1a: Zapdos|Hurricane|p2a: Garchomp|[miss]
|-miss|p1a: Zapdos|p2a: Garchomp
|
|-weather|SunnyDay|[upkeep]
|upkeep
|turn|22
|c|☆Fancy Beast|dude
|
|t:|1645850402
|move|p2a: Garchomp|Scale Shot|p1a: Zapdos
|-crit|p1a: Zapdos
|-damage|p1a: Zapdos|55/100
|-crit|p1a: Zapdos
|-damage|p1a: Zapdos|11/100
|-damage|p1a: Zapdos|0 fnt
|faint|p1a: Zapdos
|-hitcount|p1: Zapdos|3
|-unboost|p2a: Garchomp|def|1
|-boost|p2a: Garchomp|spe|1
|
|-weather|SunnyDay|[upkeep]
|upkeep
|-message|Fancy Beast forfeited.
|
|win|Buhrito
|c|☆Buhrito|sorry for luck
|c|☆Buhrito|gg
|c|☆Fancy Beast|no
