|html|<div class="broadcast-blue"><strong>[Gen 8] OU is currently suspecting Melmetal! For information on how to participate check out the <a href="https://www.smogon.com/forums/threads/np-ss-ou-suspect-process-round-12-monster-mash.3709234/">suspect thread</a>.</strong></div>
|j|☆IIIodyne
|j|☆PahadiPokemon
|inactive|Battle timer is ON: inactive players will automatically lose when time's up.
|t:|1666514431
|gametype|singles
|player|p1|IIIodyne|265|
|player|p2|PahadiPokemon|beauty-gen2jp|
|teamsize|p1|6
|teamsize|p2|6
|gen|8
|tier|[Gen 8] OU
|rated|Tournament battle
|rule|Sleep Clause Mod: Limit one foe put to sleep
|rule|Species Clause: Limit one of each Pokémon
|rule|OHKO Clause: OHKO moves are banned
|rule|Evasion Items Clause: Evasion items are banned
|rule|Evasion Moves Clause: Evasion moves are banned
|rule|Endless Battle Clause: Forcing endless battles is banned
|rule|HP Percentage Mod: HP is shown in percentages
|rule|Dynamax Clause: You cannot dynamax
|clearpoke
|poke|p1|Snorlax, F|
|poke|p1|Suicune|
|poke|p1|Melmetal|
|poke|p1|Victini|
|poke|p1|Landorus-Therian, M|
|poke|p1|Zapdos|
|poke|p2|Dragapult, M|
|poke|p2|Urshifu-*, M|
|poke|p2|Landorus-Therian, M|
|poke|p2|Melmetal|
|poke|p2|Zapdos|
|poke|p2|Slowbro, F|
|teampreview
|c|☆IIIodyne|hf
|c|☆PahadiPokemon|u2
|j| Bulymaguir
|
|t:|1666514442
|start
|switch|p1a: Suicune|Suicune|100/100
|switch|p2a: Dragapult|Dragapult, M|100/100
|-ability|p1a: Suicune|Pressure
|turn|1
|
|t:|1666514452
|switch|p1a: Snorlax|Snorlax, F|100/100
|move|p2a: Dragapult|U-turn|p1a: Snorlax
|-damage|p1a: Snorlax|84/100
|
|t:|1666514464
|switch|p2a: Melmetal|Melmetal|100/100|[from]move: U-turn
|
|-heal|p1a: Snorlax|90/100|[from] item: Leftovers
|upkeep
|turn|2
|
|t:|1666514481
|switch|p1a: Suicune|Suicune|100/100
|-ability|p1a: Suicune|Pressure
|move|p2a: Melmetal|Toxic|p1a: Suicune
|-status|p1a: Suicune|tox
|
|-damage|p1a: Suicune|94/100 tox|[from] psn
|upkeep
|turn|3
|j| cypherstest
|
|t:|1666514493
|switch|p2a: Zapdos|Zapdos|100/100
|move|p1a: Suicune|Scald|p2a: Zapdos
|-damage|p2a: Zapdos|75/100
|
|-heal|p1a: Suicune|100/100 tox|[from] item: Leftovers
|-damage|p1a: Suicune|88/100 tox|[from] psn
|upkeep
|turn|4
|
|t:|1666514501
|switch|p1a: Snorlax|Snorlax, F|90/100
|move|p2a: Zapdos|Volt Switch|p1a: Snorlax
|-damage|p1a: Snorlax|75/100
|
|t:|1666514516
|switch|p2a: Urshifu|Urshifu-Rapid-Strike, M|100/100|[from]move: Volt Switch
|
|-heal|p1a: Snorlax|81/100|[from] item: Leftovers
|upkeep
|turn|5
|
|t:|1666514525
|switch|p1a: Suicune|Suicune|88/100 tox
|-ability|p1a: Suicune|Pressure
|move|p2a: Urshifu|Surging Strikes|p1a: Suicune
|-resisted|p1a: Suicune
|-crit|p1a: Suicune
|-damage|p1a: Suicune|80/100 tox
|-resisted|p1a: Suicune
|-crit|p1a: Suicune
|-damage|p1a: Suicune|72/100 tox
|-resisted|p1a: Suicune
|-crit|p1a: Suicune
|-damage|p1a: Suicune|63/100 tox
|-hitcount|p1a: Suicune|3
|
|-heal|p1a: Suicune|70/100 tox|[from] item: Leftovers
|-damage|p1a: Suicune|63/100 tox|[from] psn
|upkeep
|turn|6
|
|t:|1666514534
|switch|p2a: Zapdos|Zapdos|75/100
|switch|p1a: Zapdos|Zapdos|100/100
|
|upkeep
|turn|7
|
|t:|1666514539
|move|p1a: Zapdos|Volt Switch|p2a: Zapdos
|-damage|p2a: Zapdos|34/100
|
|t:|1666514541
|switch|p1a: Landorus|Landorus-Therian, M|100/100|[from]move: Volt Switch
|-ability|p1a: Landorus|Intimidate|boost
|-unboost|p2a: Zapdos|atk|1
|move|p2a: Zapdos|Volt Switch|p1a: Landorus
|-immune|p1a: Landorus
|
|upkeep
|turn|8
|
|t:|1666514550
|switch|p2a: Landorus|Landorus-Therian, M|100/100
|-ability|p2a: Landorus|Intimidate|boost
|-unboost|p1a: Landorus|atk|1
|move|p1a: Landorus|Knock Off|p2a: Landorus
|-damage|p2a: Landorus|76/100
|-enditem|p2a: Landorus|Leftovers|[from] move: Knock Off|[of] p1a: Landorus
|
|upkeep
|turn|9
|
|t:|1666514558
|switch|p1a: Zapdos|Zapdos|100/100
|move|p2a: Landorus|Stealth Rock|p1a: Zapdos
|-sidestart|p1: IIIodyne|move: Stealth Rock
|
|upkeep
|turn|10
|
|t:|1666514581
|move|p1a: Zapdos|Defog|p2a: Landorus
|-unboost|p2a: Landorus|evasion|1
|-sideend|p1: IIIodyne|Stealth Rock|[from] move: Defog|[of] p1a: Zapdos
|move|p2a: Landorus|Knock Off|p1a: Zapdos
|-damage|p1a: Zapdos|64/100
|-status|p2a: Landorus|par|[from] ability: Static|[of] p1a: Zapdos
|-enditem|p1a: Zapdos|Heavy-Duty Boots|[from] move: Knock Off|[of] p2a: Landorus
|
|upkeep
|turn|11
|
|t:|1666514585
|move|p1a: Zapdos|Hurricane|p2a: Landorus
|-damage|p2a: Landorus|29/100 par
|move|p2a: Landorus|Stealth Rock|p1a: Zapdos
|-sidestart|p1: IIIodyne|move: Stealth Rock
|
|upkeep
|turn|12
|
|t:|1666514590
|move|p1a: Zapdos|Defog|p2a: Landorus
|-unboost|p2a: Landorus|evasion|1
|-sideend|p1: IIIodyne|Stealth Rock|[from] move: Defog|[of] p1a: Zapdos
|move|p2a: Landorus|U-turn|p1a: Zapdos
|-resisted|p1a: Zapdos
|-damage|p1a: Zapdos|52/100
|
|t:|1666514594
|switch|p2a: Dragapult|Dragapult, M|100/100|[from]move: U-turn
|
|upkeep
|turn|13
|
|t:|1666514600
|switch|p1a: Snorlax|Snorlax, F|81/100
|move|p2a: Dragapult|U-turn|p1a: Snorlax
|-damage|p1a: Snorlax|65/100
|
|t:|1666514603
|switch|p2a: Urshifu|Urshifu-Rapid-Strike, M|100/100|[from]move: U-turn
|
|-heal|p1a: Snorlax|71/100|[from] item: Leftovers
|upkeep
|turn|14
|j| niozdude
|
|t:|1666514615
|switch|p1a: Landorus|Landorus-Therian, M|100/100
|-ability|p1a: Landorus|Intimidate|boost
|-unboost|p2a: Urshifu|atk|1
|move|p2a: Urshifu|Close Combat|p1a: Landorus
|-resisted|p1a: Landorus
|-damage|p1a: Landorus|64/100
|-unboost|p2a: Urshifu|def|1
|-unboost|p2a: Urshifu|spd|1
|
|upkeep
|turn|15
|
|t:|1666514635
|switch|p2a: Zapdos|Zapdos|34/100
|move|p1a: Landorus|Knock Off|p2a: Zapdos
|-damage|p2a: Zapdos|0 fnt
|-enditem|p2a: Zapdos|Heavy-Duty Boots|[from] move: Knock Off|[of] p1a: Landorus
|faint|p2a: Zapdos
|
|upkeep
|
|t:|1666514648
|switch|p2a: Urshifu|Urshifu-Rapid-Strike, M|100/100
|turn|16
|
|t:|1666514655
|switch|p1a: Suicune|Suicune|63/100 tox
|-ability|p1a: Suicune|Pressure
|move|p2a: Urshifu|U-turn|p1a: Suicune
|-crit|p1a: Suicune
|-damage|p1a: Suicune|30/100 tox
|
|t:|1666514662
|switch|p2a: Dragapult|Dragapult, M|100/100|[from]move: U-turn
|
|-heal|p1a: Suicune|36/100 tox|[from] item: Leftovers
|-damage|p1a: Suicune|30/100 tox|[from] psn
|upkeep
|turn|17
|
|t:|1666514669
|move|p2a: Dragapult|Draco Meteor|p1a: Suicune
|-damage|p1a: Suicune|0 fnt
|-unboost|p2a: Dragapult|spa|2
|faint|p1a: Suicune
|
|upkeep
|
|t:|1666514673
|switch|p1a: Landorus|Landorus-Therian, M|64/100
|-ability|p1a: Landorus|Intimidate|boost
|-unboost|p2a: Dragapult|atk|1
|turn|18
|
|t:|1666514678
|switch|p2a: Landorus|Landorus-Therian, M|29/100 par
|-ability|p2a: Landorus|Intimidate|boost
|-unboost|p1a: Landorus|atk|1
|move|p1a: Landorus|Knock Off|p2a: Landorus
|-damage|p2a: Landorus|14/100 par
|
|upkeep
|turn|19
|
|t:|1666514685
|move|p1a: Landorus|Knock Off|p2a: Landorus
|-damage|p2a: Landorus|0 fnt
|faint|p2a: Landorus
|
|upkeep
|
|t:|1666514690
|switch|p2a: Urshifu|Urshifu-Rapid-Strike, M|100/100
|turn|20
|
|t:|1666514713
|switch|p1a: Zapdos|Zapdos|52/100
|move|p2a: Urshifu|Surging Strikes|p1a: Zapdos
|-crit|p1a: Zapdos
|-damage|p1a: Zapdos|18/100
|-crit|p1a: Zapdos
|-damage|p1a: Zapdos|0 fnt
|faint|p1a: Zapdos
|-hitcount|p1: Zapdos|2
|
|upkeep
|
|t:|1666514720
|switch|p1a: Victini|Victini|100/100
|turn|21
|
|t:|1666514725
|switch|p2a: Slowbro|Slowbro, F|100/100
|move|p1a: Victini|Bolt Strike|p2a: Slowbro
|-supereffective|p2a: Slowbro
|-damage|p2a: Slowbro|30/100
|
|upkeep
|turn|22
|
|t:|1666514732
|switch|p2a: Dragapult|Dragapult, M|100/100
|move|p1a: Victini|Bolt Strike|p2a: Dragapult
|-resisted|p2a: Dragapult
|-damage|p2a: Dragapult|63/100
|
|upkeep
|turn|23
|
|t:|1666514739
|switch|p1a: Snorlax|Snorlax, F|71/100
|move|p2a: Dragapult|U-turn|p1a: Snorlax
|-damage|p1a: Snorlax|56/100
|
|t:|1666514741
|switch|p2a: Urshifu|Urshifu-Rapid-Strike, M|100/100|[from]move: U-turn
|
|-heal|p1a: Snorlax|62/100|[from] item: Leftovers
|upkeep
|turn|24
|
|t:|1666514746
|move|p2a: Urshifu|Surging Strikes|p1a: Snorlax
|-crit|p1a: Snorlax
|-damage|p1a: Snorlax|35/100
|-crit|p1a: Snorlax
|-damage|p1a: Snorlax|7/100
|-crit|p1a: Snorlax
|-damage|p1a: Snorlax|0 fnt
|faint|p1a: Snorlax
|-hitcount|p1: Snorlax|3
|
|upkeep
|
|t:|1666514749
|switch|p1a: Victini|Victini|100/100
|turn|25
|
|t:|1666514765
|switch|p2a: Melmetal|Melmetal|100/100
|move|p1a: Victini|V-create|p2a: Melmetal
|-supereffective|p2a: Melmetal
|-damage|p2a: Melmetal|0 fnt
|-unboost|p1a: Victini|spe|1
|-unboost|p1a: Victini|def|1
|-unboost|p1a: Victini|spd|1
|faint|p2a: Melmetal
|
|upkeep
|
|t:|1666514771
|switch|p2a: Dragapult|Dragapult, M|63/100
|turn|26
|
|t:|1666514781
|switch|p1a: Melmetal|Melmetal|100/100
|move|p2a: Dragapult|Shadow Ball|p1a: Melmetal
|-damage|p1a: Melmetal|60/100
|
|upkeep
|turn|27
|
|t:|1666514788
|switch|p2a: Slowbro|Slowbro, F|63/100
|move|p1a: Melmetal|Double Iron Bash|p2a: Slowbro
|-resisted|p2a: Slowbro
|-damage|p2a: Slowbro|49/100
|-resisted|p2a: Slowbro
|-damage|p2a: Slowbro|38/100
|-hitcount|p2a: Slowbro|2
|
|upkeep
|turn|28
|
|t:|1666514796
|move|p1a: Melmetal|Thunder Punch|p2a: Slowbro
|-supereffective|p2a: Slowbro
|-damage|p2a: Slowbro|0 fnt
|faint|p2a: Slowbro
|
|upkeep
|
|t:|1666514802
|switch|p2a: Urshifu|Urshifu-Rapid-Strike, M|100/100
|turn|29
|
|t:|1666514814
|move|p2a: Urshifu|Surging Strikes|p1a: Melmetal
|-crit|p1a: Melmetal
|-damage|p1a: Melmetal|41/100
|-crit|p1a: Melmetal
|-damage|p1a: Melmetal|22/100
|-crit|p1a: Melmetal
|-damage|p1a: Melmetal|2/100
|-hitcount|p1a: Melmetal|3
|move|p1a: Melmetal|Thunder Punch|p2a: Urshifu
|-supereffective|p2a: Urshifu
|-damage|p2a: Urshifu|25/100
|-status|p2a: Urshifu|par
|
|upkeep
|turn|30
|c|☆PahadiPokemon|lol
|
|t:|1666514826
|move|p2a: Urshifu|Surging Strikes|p1a: Melmetal
|-crit|p1a: Melmetal
|-damage|p1a: Melmetal|0 fnt
|faint|p1a: Melmetal
|-hitcount|p1: Melmetal|1
|
|upkeep
|
|t:|1666514830
|switch|p1a: Victini|Victini|100/100
|turn|31
|
|t:|1666514839
|switch|p2a: Dragapult|Dragapult, M|63/100
|move|p1a: Victini|V-create|p2a: Dragapult
|-resisted|p2a: Dragapult
|-damage|p2a: Dragapult|0 fnt
|-unboost|p1a: Victini|spe|1
|-unboost|p1a: Victini|def|1
|-unboost|p1a: Victini|spd|1
|faint|p2a: Dragapult
|
|upkeep
|
|t:|1666514844
|switch|p2a: Urshifu|Urshifu-Rapid-Strike, M|25/100 par
|turn|32
|c|☆PahadiPokemon|gg
|
|t:|1666514850
|switch|p1a: Landorus|Landorus-Therian, M|64/100
|-ability|p1a: Landorus|Intimidate|boost
|-unboost|p2a: Urshifu|atk|1
|cant|p2a: Urshifu|par
|
|upkeep
|turn|33
|c|☆IIIodyne|gg
|
|t:|1666514856
|move|p2a: Urshifu|Aqua Jet|p1a: Landorus
|-supereffective|p1a: Landorus
|-damage|p1a: Landorus|14/100
|move|p1a: Landorus|Earthquake|p2a: Urshifu
|-damage|p2a: Urshifu|0 fnt
|faint|p2a: Urshifu
|
|win|IIIodyne
|n|☆IIIodyne|iiiodyne
|n|☆PahadiPokemon|pahadipokemon
|n| Bulymaguir|bulymaguir
|n| cypherstest|cypherstest
|n| niozdude|niozdude
|l|☆PahadiPokemon
