|j|☆CZ2I28
|j|☆Groundt
|player|p1|CZ2I28|hilbert|1872
|player|p2|Groundt|winona|1671
|teamsize|p1|6
|teamsize|p2|6
|gametype|singles
|gen|8
|tier|[Gen 8] OU
|rated|
|clearpoke
|poke|p1|Jirachi|
|poke|p1|Togekiss, F|
|poke|p1|Kommo-o, M|
|poke|p1|Corviknight, M|
|poke|p1|Zeraora|
|poke|p1|Dragapult, F|
|poke|p2|Cloyster, F|
|poke|p2|Hatterene, F|
|poke|p2|Conkeldurr, M|
|poke|p2|Torkoal, M|
|poke|p2|Bronzong|
|poke|p2|Gardevoir, F|
|rule|Sleep Clause Mod: Limit one foe put to sleep
|rule|Species Clause: Limit one of each Pokémon
|rule|OHKO Clause: OHKO moves are banned
|rule|Evasion Moves Clause: Evasion moves are banned
|rule|Endless Battle Clause: Forcing endless battles is banned
|rule|HP Percentage Mod: HP is shown in percentages
|rule|Dynamax Clause: You cannot dynamax
|teampreview
|inactive|Battle timer is ON: inactive players will automatically lose when time's up. (requested by Groundt)
|
|start
|switch|p1a: Dragapult|Dragapult, F|100/100
|switch|p2a: Bronzong|Bronzong|100/100
|turn|1
|
|move|p1a: Dragapult|Thunder Wave|p2a: Bronzong
|-status|p2a: Bronzong|par
|move|p2a: Bronzong|Trick Room|p2a: Bronzong
|-fieldstart|move: Trick Room|[of] p2a: Bronzong
|
|upkeep
|turn|2
|
|switch|p1a: Corviknight|Corviknight, M|100/100
|-ability|p1a: Corviknight|Pressure
|move|p2a: Bronzong|Stealth Rock|p1a: Corviknight
|-sidestart|p1: CZ2I28|move: Stealth Rock
|
|upkeep
|turn|3
|
|move|p2a: Bronzong|Steel Beam|p1a: Corviknight
|-resisted|p1a: Corviknight
|-damage|p1a: Corviknight|78/100
|-damage|p2a: Bronzong|50/100 par|[from] mindblown
|move|p1a: Corviknight|Defog|p2a: Bronzong
|-unboost|p2a: Bronzong|evasion|1
|-sideend|p1: CZ2I28|Stealth Rock|[from] move: Defog|[of] p1a: Corviknight
|
|-heal|p1a: Corviknight|84/100|[from] item: Leftovers
|upkeep
|turn|4
|
|move|p2a: Bronzong|Stealth Rock|p1a: Corviknight
|-sidestart|p1: CZ2I28|move: Stealth Rock
|move|p1a: Corviknight|Defog|p2a: Bronzong
|-unboost|p2a: Bronzong|evasion|1
|-sideend|p1: CZ2I28|Stealth Rock|[from] move: Defog|[of] p1a: Corviknight
|
|-heal|p1a: Corviknight|90/100|[from] item: Leftovers
|upkeep
|turn|5
|
|move|p2a: Bronzong|Stealth Rock|p1a: Corviknight
|-sidestart|p1: CZ2I28|move: Stealth Rock
|move|p1a: Corviknight|Defog|p2a: Bronzong
|-unboost|p2a: Bronzong|evasion|1
|-sideend|p1: CZ2I28|Stealth Rock|[from] move: Defog|[of] p1a: Corviknight
|
|-heal|p1a: Corviknight|97/100|[from] item: Leftovers
|-fieldend|move: Trick Room
|upkeep
|turn|6
|
|move|p1a: Corviknight|Brave Bird|p2a: Bronzong
|-resisted|p2a: Bronzong
|-damage|p2a: Bronzong|34/100 par
|-damage|p1a: Corviknight|92/100|[from] Recoil
|move|p2a: Bronzong|Trick Room|p2a: Bronzong
|-fieldstart|move: Trick Room|[of] p2a: Bronzong
|
|-heal|p1a: Corviknight|98/100|[from] item: Leftovers
|upkeep
|turn|7
|
|switch|p2a: Torkoal|Torkoal, M|100/100
|-weather|SunnyDay|[from] ability: Drought|[of] p2a: Torkoal
|move|p1a: Corviknight|Defog|p2a: Torkoal
|-unboost|p2a: Torkoal|evasion|1
|
|-weather|SunnyDay|[upkeep]
|-heal|p1a: Corviknight|100/100|[from] item: Leftovers
|upkeep
|turn|8
|
|switch|p1a: Kommo-o|Kommo-o, M|100/100
|move|p2a: Torkoal|Eruption|p1a: Kommo-o
|-resisted|p1a: Kommo-o
|-damage|p1a: Kommo-o|29/100
|
|-weather|SunnyDay|[upkeep]
|-heal|p1a: Kommo-o|36/100|[from] item: Leftovers
|upkeep
|turn|9
|
|move|p2a: Torkoal|Eruption|p1a: Kommo-o
|-resisted|p1a: Kommo-o
|-damage|p1a: Kommo-o|0 fnt
|faint|p1a: Kommo-o
|
|-weather|SunnyDay|[upkeep]
|upkeep
|
|switch|p1a: Dragapult|Dragapult, F|100/100
|turn|10
|
|switch|p2a: Bronzong|Bronzong|34/100 par
|move|p1a: Dragapult|Draco Meteor|p2a: Bronzong
|-resisted|p2a: Bronzong
|-damage|p2a: Bronzong|10/100 par
|-unboost|p1a: Dragapult|spa|2
|
|-weather|SunnyDay|[upkeep]
|-fieldend|move: Trick Room
|upkeep
|turn|11
|
|move|p1a: Dragapult|Hex|p2a: Bronzong
|-supereffective|p2a: Bronzong
|-damage|p2a: Bronzong|0 fnt
|faint|p2a: Bronzong
|
|-weather|none
|upkeep
|
|switch|p2a: Gardevoir|Gardevoir, F, shiny|100/100
|-ability|p2a: Gardevoir|Infiltrator|[from] ability: Trace|[of] p1a: Dragapult
|turn|12
|
|switch|p1a: Corviknight|Corviknight, M|100/100
|-ability|p1a: Corviknight|Pressure
|move|p2a: Gardevoir|Trick Room|p2a: Gardevoir
|-fieldstart|move: Trick Room|[of] p2a: Gardevoir
|
|upkeep
|turn|13
|
|move|p1a: Corviknight|Brave Bird|p2a: Gardevoir
|-damage|p2a: Gardevoir|56/100
|-damage|p1a: Corviknight|88/100|[from] Recoil
|move|p2a: Gardevoir|Teleport|p2a: Gardevoir
|
|switch|p2a: Torkoal|Torkoal, M|100/100|[from]move: Teleport
|-weather|SunnyDay|[from] ability: Drought|[of] p2a: Torkoal
|
|-weather|SunnyDay|[upkeep]
|-heal|p1a: Corviknight|94/100|[from] item: Leftovers
|upkeep
|turn|14
|
|switch|p1a: Dragapult|Dragapult, F|100/100
|move|p2a: Torkoal|Eruption|p1a: Dragapult
|-resisted|p1a: Dragapult
|-damage|p1a: Dragapult|0 fnt
|faint|p1a: Dragapult
|
|-weather|SunnyDay|[upkeep]
|upkeep
|
|switch|p1a: Zeraora|Zeraora|100/100
|turn|15
|
|move|p2a: Torkoal|Eruption|p1a: Zeraora
|-damage|p1a: Zeraora|0 fnt
|faint|p1a: Zeraora
|
|-weather|SunnyDay|[upkeep]
|upkeep
|
|switch|p1a: Corviknight|Corviknight, M|94/100
|-ability|p1a: Corviknight|Pressure
|turn|16
|
|move|p2a: Torkoal|Eruption|p1a: Corviknight
|-supereffective|p1a: Corviknight
|-damage|p1a: Corviknight|0 fnt
|faint|p1a: Corviknight
|
|-weather|SunnyDay|[upkeep]
|-fieldend|move: Trick Room
|upkeep
|
|switch|p1a: Togekiss|Togekiss, F|100/100
|turn|17
|
|switch|p2a: Hatterene|Hatterene, F|100/100
|move|p1a: Togekiss|Substitute|p1a: Togekiss
|-start|p1a: Togekiss|Substitute
|-damage|p1a: Togekiss|76/100
|
|-weather|none
|-heal|p1a: Togekiss|82/100|[from] item: Leftovers
|upkeep
|turn|18
|
|move|p1a: Togekiss|Air Slash|p2a: Hatterene
|-damage|p2a: Hatterene|69/100
|move|p2a: Hatterene|Trick Room|p2a: Hatterene
|-fieldstart|move: Trick Room|[of] p2a: Hatterene
|
|-heal|p1a: Togekiss|88/100|[from] item: Leftovers
|upkeep
|turn|19
|
|switch|p2a: Cloyster|Cloyster, F|100/100
|move|p1a: Togekiss|Substitute|p1a: Togekiss
|-fail|p1a: Togekiss|move: Substitute
|
|-heal|p1a: Togekiss|94/100|[from] item: Leftovers
|upkeep
|turn|20
|
|move|p2a: Cloyster|Icicle Spear|p1a: Togekiss
|-supereffective|p1a: Togekiss
|-activate|p1a: Togekiss|move: Substitute|[damage]
|-supereffective|p1a: Togekiss
|-end|p1a: Togekiss|Substitute
|-supereffective|p1a: Togekiss
|-damage|p1a: Togekiss|76/100
|-supereffective|p1a: Togekiss
|-damage|p1a: Togekiss|55/100
|-supereffective|p1a: Togekiss
|-damage|p1a: Togekiss|34/100
|-hitcount|p1a: Togekiss|5
|cant|p1a: Togekiss|flinch
|
|-heal|p1a: Togekiss|40/100|[from] item: Leftovers
|upkeep
|turn|21
|-message|CZ2I28 forfeited.
|
|win|Groundt
|l|☆CZ2I28
|raw|CZ2I28's rating: 1872 &rarr; <strong>1842</strong><br />(-30 for losing)
|raw|Groundt's rating: 1671 &rarr; <strong>1701</strong><br />(+30 for winning)
