|j|☆SmashMash
|j|☆Corumba
|t:|1608497348
|player|p1|SmashMash|maid|1534
|player|p2|Corumba|schoolkid-gen4|1566
|teamsize|p1|6
|teamsize|p2|6
|gametype|singles
|gen|8
|tier|[Gen 8] OU
|rated|
|clearpoke
|poke|p1|Pelipper, F|
|poke|p1|Barraskewda, M|
|poke|p1|Ferrothorn, M|
|poke|p1|Swampert, F|
|poke|p1|Tornadus-Therian, M|
|poke|p1|Scizor, F|
|poke|p2|Tangrowth, F|
|poke|p2|Dragapult, F|
|poke|p2|Tyranitar, F|
|poke|p2|Excadrill, M|
|poke|p2|Tornadus-Therian, M|
|poke|p2|Garchomp, F|
|rule|Sleep Clause Mod: Limit one foe put to sleep
|rule|Species Clause: Limit one of each Pokémon
|rule|OHKO Clause: OHKO moves are banned
|rule|Evasion Moves Clause: Evasion moves are banned
|rule|Endless Battle Clause: Forcing endless battles is banned
|rule|HP Percentage Mod: HP is shown in percentages
|rule|Dynamax Clause: You cannot dynamax
|teampreview
|
|t:|1608497368
|start
|switch|p1a: Swampert|Swampert, F|100/100
|switch|p2a: Dragapult|Dragapult, F|100/100
|turn|1
|
|t:|1608497380
|move|p2a: Dragapult|Substitute|p2a: Dragapult
|-start|p2a: Dragapult|Substitute
|-damage|p2a: Dragapult|76/100
|move|p1a: Swampert|Flip Turn|p2a: Dragapult
|-resisted|p2a: Dragapult
|-activate|p2a: Dragapult|move: Substitute|[damage]
|
|t:|1608497386
|switch|p1a: Scizor|Scizor, F|100/100|[from]move: Flip Turn
|
|-heal|p2a: Dragapult|82/100|[from] item: Leftovers
|upkeep
|turn|2
|
|t:|1608497391
|move|p1a: Scizor|Bullet Punch|p2a: Dragapult
|-end|p2a: Dragapult|Substitute
|-damage|p1a: Scizor|91/100|[from] item: Life Orb
|move|p2a: Dragapult|Will-O-Wisp|p1a: Scizor
|-status|p1a: Scizor|brn
|
|-heal|p2a: Dragapult|88/100|[from] item: Leftovers
|-damage|p1a: Scizor|84/100 brn|[from] brn
|upkeep
|turn|3
|
|t:|1608497399
|move|p2a: Dragapult|Substitute|p2a: Dragapult
|-start|p2a: Dragapult|Substitute
|-damage|p2a: Dragapult|63/100
|move|p1a: Scizor|Swords Dance|p1a: Scizor
|-boost|p1a: Scizor|atk|2
|
|-heal|p2a: Dragapult|69/100|[from] item: Leftovers
|-damage|p1a: Scizor|78/100 brn|[from] brn
|upkeep
|turn|4
|
|t:|1608497404
|move|p1a: Scizor|Bullet Punch|p2a: Dragapult
|-end|p2a: Dragapult|Substitute
|-damage|p1a: Scizor|68/100 brn|[from] item: Life Orb
|move|p2a: Dragapult|Hex|p1a: Scizor
|-damage|p1a: Scizor|0 fnt
|faint|p1a: Scizor
|
|-heal|p2a: Dragapult|75/100|[from] item: Leftovers
|upkeep
|
|t:|1608497408
|switch|p1a: Tornadus|Tornadus-Therian, M|100/100
|turn|5
|
|t:|1608497419
|switch|p2a: Tyranitar|Tyranitar, F|100/100
|-weather|Sandstorm|[from] ability: Sand Stream|[of] p2a: Tyranitar
|move|p1a: Tornadus|Hurricane|p2a: Tyranitar|[miss]
|-miss|p1a: Tornadus|p2a: Tyranitar
|
|-weather|Sandstorm|[upkeep]
|-damage|p1a: Tornadus|95/100|[from] Sandstorm
|upkeep
|turn|6
|
|t:|1608497430
|switch|p1a: Ferrothorn|Ferrothorn, M|100/100
|move|p2a: Tyranitar|Toxic|p1a: Ferrothorn
|-immune|p1a: Ferrothorn
|
|-weather|Sandstorm|[upkeep]
|upkeep
|turn|7
|
|t:|1608497438
|switch|p2a: Garchomp|Garchomp, F|100/100
|move|p1a: Ferrothorn|Knock Off|p2a: Garchomp
|-damage|p2a: Garchomp|83/100
|-damage|p1a: Ferrothorn|88/100|[from] ability: Rough Skin|[of] p2a: Garchomp
|-enditem|p2a: Garchomp|Leftovers|[from] move: Knock Off|[of] p1a: Ferrothorn
|
|-weather|Sandstorm|[upkeep]
|-heal|p1a: Ferrothorn|94/100|[from] item: Leftovers
|upkeep
|turn|8
|
|t:|1608497444
|move|p2a: Garchomp|Fire Blast|p1a: Ferrothorn
|-supereffective|p1a: Ferrothorn
|-damage|p1a: Ferrothorn|28/100
|move|p1a: Ferrothorn|Leech Seed|p2a: Garchomp
|-start|p2a: Garchomp|move: Leech Seed
|
|-weather|Sandstorm|[upkeep]
|-heal|p1a: Ferrothorn|35/100|[from] item: Leftovers
|-damage|p2a: Garchomp|70/100|[from] Leech Seed|[of] p1a: Ferrothorn
|-heal|p1a: Ferrothorn|49/100|[silent]
|upkeep
|turn|9
|
|t:|1608497454
|switch|p2a: Tangrowth|Tangrowth, F|100/100
|move|p1a: Ferrothorn|Spikes|p2a: Tangrowth
|-sidestart|p2: Corumba|Spikes
|
|-weather|none
|-heal|p1a: Ferrothorn|56/100|[from] item: Leftovers
|upkeep
|turn|10
|
|t:|1608497462
|switch|p1a: Swampert|Swampert, F|100/100
|move|p2a: Tangrowth|Knock Off|p1a: Swampert
|-damage|p1a: Swampert|78/100
|-enditem|p1a: Swampert|Leftovers|[from] move: Knock Off|[of] p2a: Tangrowth
|
|upkeep
|turn|11
|
|t:|1608497469
|move|p1a: Swampert|Flip Turn|p2a: Tangrowth
|-resisted|p2a: Tangrowth
|-damage|p2a: Tangrowth|95/100
|-damage|p1a: Swampert|62/100|[from] item: Rocky Helmet|[of] p2a: Tangrowth
|
|t:|1608497471
|switch|p1a: Tornadus|Tornadus-Therian, M|100/100|[from]move: Flip Turn
|move|p2a: Tangrowth|Giga Drain|p1a: Tornadus
|-resisted|p1a: Tornadus
|-damage|p1a: Tornadus|84/100
|-heal|p2a: Tangrowth|100/100|[from] drain|[of] p1a: Tornadus
|
|upkeep
|turn|12
|
|t:|1608497482
|switch|p2a: Tyranitar|Tyranitar, F|100/100
|-damage|p2a: Tyranitar|88/100|[from] Spikes
|-weather|Sandstorm|[from] ability: Sand Stream|[of] p2a: Tyranitar
|move|p1a: Tornadus|Nasty Plot|p1a: Tornadus
|-boost|p1a: Tornadus|spa|2
|
|-weather|Sandstorm|[upkeep]
|-damage|p1a: Tornadus|78/100|[from] Sandstorm
|-heal|p2a: Tyranitar|94/100|[from] item: Leftovers
|upkeep
|turn|13
|
|t:|1608497487
|move|p1a: Tornadus|Focus Blast|p2a: Tyranitar
|-supereffective|p2a: Tyranitar
|-damage|p2a: Tyranitar|0 fnt
|faint|p2a: Tyranitar
|
|-weather|Sandstorm|[upkeep]
|-damage|p1a: Tornadus|72/100|[from] Sandstorm
|upkeep
|
|t:|1608497496
|switch|p2a: Excadrill|Excadrill, M|100/100
|-damage|p2a: Excadrill|88/100|[from] Spikes
|turn|14
|
|t:|1608497502
|switch|p1a: Pelipper|Pelipper, F|100/100
|-weather|RainDance|[from] ability: Drizzle|[of] p1a: Pelipper
|move|p2a: Excadrill|Earthquake|p1a: Pelipper
|-immune|p1a: Pelipper
|
|-weather|RainDance|[upkeep]
|upkeep
|turn|15
|
|t:|1608497511
|move|p2a: Excadrill|Earthquake|p1a: Pelipper
|-immune|p1a: Pelipper
|move|p1a: Pelipper|U-turn|p2a: Excadrill
|-resisted|p2a: Excadrill
|-damage|p2a: Excadrill|83/100
|
|t:|1608497516
|switch|p1a: Barraskewda|Barraskewda, M|100/100|[from]move: U-turn
|
|-weather|RainDance|[upkeep]
|upkeep
|turn|16
|
|t:|1608497519
|switch|p2a: Tangrowth|Tangrowth, F|100/100
|-damage|p2a: Tangrowth|88/100|[from] Spikes
|move|p1a: Barraskewda|Flip Turn|p2a: Tangrowth
|-resisted|p2a: Tangrowth
|-damage|p2a: Tangrowth|67/100
|-damage|p1a: Barraskewda|84/100|[from] item: Rocky Helmet|[of] p2a: Tangrowth
|
|t:|1608497521
|switch|p1a: Tornadus|Tornadus-Therian, M|100/100|[from]move: Flip Turn
|
|-weather|RainDance|[upkeep]
|upkeep
|turn|17
|
|t:|1608497527
|switch|p2a: Tornadus|Tornadus-Therian, M|100/100
|move|p1a: Tornadus|Hurricane|p2a: Tornadus
|-damage|p2a: Tornadus|39/100
|
|-weather|RainDance|[upkeep]
|upkeep
|turn|18
|
|t:|1608497532
|move|p1a: Tornadus|Hurricane|p2a: Tornadus
|-damage|p2a: Tornadus|0 fnt
|faint|p2a: Tornadus
|
|-weather|RainDance|[upkeep]
|upkeep
|
|t:|1608497539
|switch|p2a: Garchomp|Garchomp, F|70/100
|-damage|p2a: Garchomp|58/100|[from] Spikes
|turn|19
|
|t:|1608497545
|switch|p1a: Ferrothorn|Ferrothorn, M|56/100
|move|p2a: Garchomp|Toxic|p1a: Ferrothorn
|-immune|p1a: Ferrothorn
|
|-weather|RainDance|[upkeep]
|-heal|p1a: Ferrothorn|62/100|[from] item: Leftovers
|upkeep
|turn|20
|
|t:|1608497555
|move|p2a: Garchomp|Fire Blast|p1a: Ferrothorn
|-supereffective|p1a: Ferrothorn
|-damage|p1a: Ferrothorn|29/100
|-status|p1a: Ferrothorn|brn
|move|p1a: Ferrothorn|Spikes|p2a: Garchomp
|-sidestart|p2: Corumba|Spikes
|
|-weather|RainDance|[upkeep]
|-heal|p1a: Ferrothorn|35/100 brn|[from] item: Leftovers
|-damage|p1a: Ferrothorn|29/100 brn|[from] brn
|upkeep
|turn|21
|
|t:|1608497564
|move|p2a: Garchomp|Earthquake|p1a: Ferrothorn
|-damage|p1a: Ferrothorn|3/100 brn
|move|p1a: Ferrothorn|Leech Seed|p2a: Garchomp
|-start|p2a: Garchomp|move: Leech Seed
|
|-weather|none
|-heal|p1a: Ferrothorn|9/100 brn|[from] item: Leftovers
|-damage|p2a: Garchomp|46/100|[from] Leech Seed|[of] p1a: Ferrothorn
|-heal|p1a: Ferrothorn|24/100 brn|[silent]
|-damage|p1a: Ferrothorn|18/100 brn|[from] brn
|upkeep
|turn|22
|
|t:|1608497572
|move|p2a: Garchomp|Earthquake|p1a: Ferrothorn
|-damage|p1a: Ferrothorn|0 fnt
|faint|p1a: Ferrothorn
|
|upkeep
|
|t:|1608497577
|switch|p1a: Pelipper|Pelipper, F|100/100
|-weather|RainDance|[from] ability: Drizzle|[of] p1a: Pelipper
|turn|23
|
|t:|1608497582
|move|p2a: Garchomp|Toxic|p1a: Pelipper
|-status|p1a: Pelipper|tox
|move|p1a: Pelipper|U-turn|p2a: Garchomp
|-damage|p2a: Garchomp|38/100
|-damage|p1a: Pelipper|88/100 tox|[from] ability: Rough Skin|[of] p2a: Garchomp
|
|t:|1608497584
|switch|p1a: Tornadus|Tornadus-Therian, M|100/100|[from]move: U-turn
|
|-weather|RainDance|[upkeep]
|-damage|p2a: Garchomp|26/100|[from] Leech Seed|[of] p1a: Tornadus
|upkeep
|turn|24
|
|t:|1608497590
|move|p1a: Tornadus|Hurricane|p2a: Garchomp
|-damage|p2a: Garchomp|0 fnt
|faint|p2a: Garchomp
|
|-weather|RainDance|[upkeep]
|upkeep
|
|t:|1608497593
|switch|p2a: Excadrill|Excadrill, M|83/100
|-damage|p2a: Excadrill|66/100|[from] Spikes
|turn|25
|
|t:|1608497597
|move|p2a: Excadrill|Rock Slide|p1a: Tornadus|[miss]
|-miss|p2a: Excadrill|p1a: Tornadus
|move|p1a: Tornadus|Weather Ball|p2a: Excadrill
|-supereffective|p2a: Excadrill
|-damage|p2a: Excadrill|0 fnt
|faint|p2a: Excadrill
|
|-weather|RainDance|[upkeep]
|upkeep
|-message|Corumba forfeited.
|
|win|SmashMash
|l|☆Corumba
|c|☆SmashMash|scarf sand?
|j| Tekken Gooner 93
