|j|☆kingmagikarps
|j|☆Q114
|player|p1|kingmagikarps|fisherman|1674
|player|p2|Q114|2|1640
|teamsize|p1|6
|teamsize|p2|6
|gametype|singles
|gen|8
|tier|[Gen 8] OU
|rated|
|clearpoke
|poke|p1|Clefable, M|
|poke|p1|Corviknight, F|
|poke|p1|Kommo-o, M|
|poke|p1|Dragapult, F|
|poke|p1|Zeraora|
|poke|p1|Bisharp, M|
|poke|p2|Toxapex, M|
|poke|p2|Ferrothorn, M|
|poke|p2|Seismitoad, F|
|poke|p2|Tyranitar, M|
|poke|p2|Clefable, F|
|poke|p2|Corviknight, F|
|rule|Sleep Clause Mod: Limit one foe put to sleep
|rule|Species Clause: Limit one of each Pokémon
|rule|OHKO Clause: OHKO moves are banned
|rule|Evasion Moves Clause: Evasion moves are banned
|rule|Endless Battle Clause: Forcing endless battles is banned
|rule|HP Percentage Mod: HP is shown in percentages
|rule|Dynamax Clause: You cannot dynamax
|teampreview
|inactive|Battle timer is ON: inactive players will automatically lose when time's up. (requested by kingmagikarps)
|
|start
|switch|p1a: Kommo-o|Kommo-o, M|100/100
|switch|p2a: Seismitoad|Seismitoad, F|100/100
|turn|1
|
|move|p1a: Kommo-o|Taunt|p2a: Seismitoad
|-start|p2a: Seismitoad|move: Taunt
|cant|p2a: Seismitoad|move: Taunt|Stealth Rock
|
|upkeep
|turn|2
|
|switch|p2a: Corviknight|Corviknight, F|100/100
|-ability|p2a: Corviknight|Pressure
|move|p1a: Kommo-o|Stealth Rock|p2a: Corviknight
|-sidestart|p2: Q114|move: Stealth Rock
|
|upkeep
|turn|3
|inactive|kingmagikarps has 120 seconds left.
|
|switch|p1a: Zeraora|Zeraora|100/100
|move|p2a: Corviknight|Defog|p1a: Zeraora
|-unboost|p1a: Zeraora|evasion|1
|-sideend|p2: Q114|Stealth Rock|[from] move: Defog|[of] p2a: Corviknight
|
|upkeep
|turn|4
|
|switch|p2a: Ferrothorn|Ferrothorn, M|100/100
|move|p1a: Zeraora|Knock Off|p2a: Ferrothorn
|-damage|p2a: Ferrothorn|69/100
|-damage|p1a: Zeraora|88/100|[from] ability: Iron Barbs|[of] p2a: Ferrothorn
|-enditem|p2a: Ferrothorn|Leftovers|[from] move: Knock Off|[of] p1a: Zeraora
|-damage|p1a: Zeraora|78/100|[from] item: Life Orb
|
|upkeep
|turn|5
|
|switch|p1a: Corviknight|Corviknight, F|100/100
|-ability|p1a: Corviknight|Pressure
|switch|p2a: Toxapex|Toxapex, M|100/100
|
|upkeep
|turn|6
|inactive|kingmagikarps has 120 seconds left.
|
|switch|p1a: Clefable|Clefable, M|100/100
|move|p2a: Toxapex|Toxic Spikes|p1a: Clefable
|-sidestart|p1: kingmagikarps|move: Toxic Spikes
|
|upkeep
|turn|7
|
|switch|p2a: Ferrothorn|Ferrothorn, M|69/100
|move|p1a: Clefable|Teleport|p1a: Clefable
|
|switch|p1a: Corviknight|Corviknight, F|100/100|[from]move: Teleport
|-ability|p1a: Corviknight|Pressure
|
|upkeep
|turn|8
|
|move|p1a: Corviknight|Defog|p2a: Ferrothorn
|-unboost|p2a: Ferrothorn|evasion|1
|-sideend|p1: kingmagikarps|Toxic Spikes|[from] move: Defog|[of] p1a: Corviknight
|move|p2a: Ferrothorn|Leech Seed|p1a: Corviknight
|-start|p1a: Corviknight|move: Leech Seed
|
|-damage|p1a: Corviknight|88/100|[from] Leech Seed|[of] p2a: Ferrothorn
|-heal|p2a: Ferrothorn|83/100|[silent]
|upkeep
|turn|9
|
|switch|p1a: Clefable|Clefable, M|100/100
|move|p2a: Ferrothorn|Knock Off|p1a: Clefable
|-resisted|p1a: Clefable
|-damage|p1a: Clefable|90/100
|-enditem|p1a: Clefable|Leftovers|[from] move: Knock Off|[of] p2a: Ferrothorn
|
|upkeep
|turn|10
|
|move|p2a: Ferrothorn|Spikes|p1a: Clefable
|-sidestart|p1: kingmagikarps|Spikes
|move|p1a: Clefable|Teleport|p1a: Clefable
|
|switch|p1a: Kommo-o|Kommo-o, M|100/100|[from]move: Teleport
|-damage|p1a: Kommo-o|88/100|[from] Spikes
|
|-heal|p1a: Kommo-o|94/100|[from] item: Leftovers
|upkeep
|turn|11
|
|switch|p2a: Corviknight|Corviknight, F|100/100
|-ability|p2a: Corviknight|Pressure
|move|p1a: Kommo-o|Taunt|p2a: Corviknight
|-start|p2a: Corviknight|move: Taunt
|
|-heal|p1a: Kommo-o|100/100|[from] item: Leftovers
|upkeep
|turn|12
|
|switch|p1a: Corviknight|Corviknight, F|88/100
|-ability|p1a: Corviknight|Pressure
|move|p2a: Corviknight|Body Press|p1a: Corviknight
|-damage|p1a: Corviknight|71/100
|
|-heal|p1a: Corviknight|77/100|[from] item: Leftovers
|upkeep
|turn|13
|
|switch|p2a: Toxapex|Toxapex, M|100/100
|switch|p1a: Clefable|Clefable, M|90/100
|
|upkeep
|turn|14
|
|switch|p1a: Corviknight|Corviknight, F|77/100
|-ability|p1a: Corviknight|Pressure
|move|p2a: Toxapex|Toxic Spikes|p1a: Corviknight
|-sidestart|p1: kingmagikarps|move: Toxic Spikes
|
|-heal|p1a: Corviknight|83/100|[from] item: Leftovers
|upkeep
|turn|15
|
|move|p1a: Corviknight|Defog|p2a: Toxapex
|-unboost|p2a: Toxapex|evasion|1
|-sideend|p1: kingmagikarps|Spikes|[from] move: Defog|[of] p1a: Corviknight
|-sideend|p1: kingmagikarps|Toxic Spikes|[from] move: Defog|[of] p1a: Corviknight
|move|p2a: Toxapex|Scald|p1a: Corviknight
|-damage|p1a: Corviknight|67/100
|
|-heal|p1a: Corviknight|74/100|[from] item: Leftovers
|upkeep
|turn|16
|
|switch|p1a: Kommo-o|Kommo-o, M|100/100
|move|p2a: Toxapex|Scald|p1a: Kommo-o
|-resisted|p1a: Kommo-o
|-damage|p1a: Kommo-o|92/100
|-status|p1a: Kommo-o|brn
|
|-heal|p1a: Kommo-o|99/100 brn|[from] item: Leftovers
|-damage|p1a: Kommo-o|92/100 brn|[from] brn
|upkeep
|turn|17
|
|switch|p2a: Corviknight|Corviknight, F|100/100
|-ability|p2a: Corviknight|Pressure
|move|p1a: Kommo-o|Taunt|p2a: Corviknight
|-start|p2a: Corviknight|move: Taunt
|
|-heal|p1a: Kommo-o|99/100 brn|[from] item: Leftovers
|-damage|p1a: Kommo-o|92/100 brn|[from] brn
|upkeep
|turn|18
|
|switch|p1a: Corviknight|Corviknight, F|74/100
|-ability|p1a: Corviknight|Pressure
|switch|p2a: Clefable|Clefable, F|100/100
|
|-heal|p1a: Corviknight|80/100|[from] item: Leftovers
|upkeep
|turn|19
|
|switch|p2a: Toxapex|Toxapex, M|100/100
|move|p1a: Corviknight|Brave Bird|p2a: Toxapex
|-damage|p2a: Toxapex|77/100
|-damage|p1a: Corviknight|74/100|[from] Recoil
|
|-heal|p1a: Corviknight|80/100|[from] item: Leftovers
|-heal|p2a: Toxapex|83/100|[from] item: Black Sludge
|upkeep
|turn|20
|
|switch|p1a: Kommo-o|Kommo-o, M|92/100 brn
|move|p2a: Toxapex|Toxic Spikes|p1a: Kommo-o
|-sidestart|p1: kingmagikarps|move: Toxic Spikes
|
|-heal|p1a: Kommo-o|99/100 brn|[from] item: Leftovers
|-heal|p2a: Toxapex|89/100|[from] item: Black Sludge
|-damage|p1a: Kommo-o|92/100 brn|[from] brn
|upkeep
|turn|21
|
|switch|p1a: Corviknight|Corviknight, F|80/100
|-ability|p1a: Corviknight|Pressure
|move|p2a: Toxapex|Scald|p1a: Corviknight
|-damage|p1a: Corviknight|63/100
|
|-heal|p1a: Corviknight|70/100|[from] item: Leftovers
|-heal|p2a: Toxapex|95/100|[from] item: Black Sludge
|upkeep
|turn|22
|
|switch|p1a: Clefable|Clefable, M|90/100
|-status|p1a: Clefable|psn
|move|p2a: Toxapex|Scald|p1a: Clefable
|-damage|p1a: Clefable|79/100 psn
|
|-heal|p2a: Toxapex|100/100|[from] item: Black Sludge
|upkeep
|turn|23
|
|switch|p2a: Ferrothorn|Ferrothorn, M|83/100
|move|p1a: Clefable|Teleport|p1a: Clefable
|
|switch|p1a: Corviknight|Corviknight, F|70/100|[from]move: Teleport
|-ability|p1a: Corviknight|Pressure
|
|-heal|p1a: Corviknight|76/100|[from] item: Leftovers
|upkeep
|turn|24
|
|switch|p1a: Clefable|Clefable, M|79/100 psn
|move|p2a: Ferrothorn|Leech Seed|p1a: Clefable
|-start|p1a: Clefable|move: Leech Seed
|
|upkeep
|turn|25
|
|switch|p1a: Corviknight|Corviknight, F|76/100
|-ability|p1a: Corviknight|Pressure
|move|p2a: Ferrothorn|Spikes|p1a: Corviknight
|-sidestart|p1: kingmagikarps|Spikes
|
|-heal|p1a: Corviknight|82/100|[from] item: Leftovers
|upkeep
|turn|26
|
|move|p1a: Corviknight|Defog|p2a: Ferrothorn
|-unboost|p2a: Ferrothorn|evasion|1
|-sideend|p1: kingmagikarps|Spikes|[from] move: Defog|[of] p1a: Corviknight
|-sideend|p1: kingmagikarps|Toxic Spikes|[from] move: Defog|[of] p1a: Corviknight
|move|p2a: Ferrothorn|Leech Seed|p1a: Corviknight
|-start|p1a: Corviknight|move: Leech Seed
|
|-heal|p1a: Corviknight|88/100|[from] item: Leftovers
|-damage|p1a: Corviknight|76/100|[from] Leech Seed|[of] p2a: Ferrothorn
|-heal|p2a: Ferrothorn|98/100|[silent]
|upkeep
|turn|27
|
|switch|p1a: Clefable|Clefable, M|79/100 psn
|move|p2a: Ferrothorn|Spikes|p1a: Clefable
|-sidestart|p1: kingmagikarps|Spikes
|
|upkeep
|turn|28
|
|switch|p1a: Corviknight|Corviknight, F|76/100
|-ability|p1a: Corviknight|Pressure
|move|p2a: Ferrothorn|Spikes|p1a: Corviknight
|-sidestart|p1: kingmagikarps|Spikes
|
|-heal|p1a: Corviknight|82/100|[from] item: Leftovers
|upkeep
|turn|29
|
|move|p1a: Corviknight|Defog|p2a: Ferrothorn
|-unboost|p2a: Ferrothorn|evasion|1
|-sideend|p1: kingmagikarps|Spikes|[from] move: Defog|[of] p1a: Corviknight
|move|p2a: Ferrothorn|Knock Off|p1a: Corviknight
|-damage|p1a: Corviknight|69/100
|-enditem|p1a: Corviknight|Leftovers|[from] move: Knock Off|[of] p2a: Ferrothorn
|
|upkeep
|turn|30
|
|switch|p1a: Clefable|Clefable, M|79/100 psn
|switch|p2a: Toxapex|Toxapex, M|100/100
|
|upkeep
|turn|31
|
|switch|p1a: Corviknight|Corviknight, F|69/100
|-ability|p1a: Corviknight|Pressure
|move|p2a: Toxapex|Toxic Spikes|p1a: Corviknight
|-sidestart|p1: kingmagikarps|move: Toxic Spikes
|
|upkeep
|turn|32
|
|switch|p1a: Clefable|Clefable, M|79/100 psn
|move|p2a: Toxapex|Scald|p1a: Clefable
|-damage|p1a: Clefable|66/100 psn
|
|upkeep
|turn|33
|
|move|p1a: Clefable|Wish|p1a: Clefable
|move|p2a: Toxapex|Scald|p1a: Clefable
|-crit|p1a: Clefable
|-damage|p1a: Clefable|49/100 psn
|
|upkeep
|turn|34
|
|switch|p2a: Ferrothorn|Ferrothorn, M|98/100
|move|p1a: Clefable|Moonblast|p2a: Ferrothorn
|-resisted|p2a: Ferrothorn
|-damage|p2a: Ferrothorn|89/100
|-unboost|p2a: Ferrothorn|spa|1
|
|-heal|p1a: Clefable|99/100 psn|[from] move: Wish|[wisher] Clefable
|upkeep
|turn|35
|
|switch|p1a: Corviknight|Corviknight, F|69/100
|-ability|p1a: Corviknight|Pressure
|move|p2a: Ferrothorn|Spikes|p1a: Corviknight
|-sidestart|p1: kingmagikarps|Spikes
|
|upkeep
|turn|36
|
|move|p1a: Corviknight|Defog|p2a: Ferrothorn
|-unboost|p2a: Ferrothorn|evasion|1
|-sideend|p1: kingmagikarps|Spikes|[from] move: Defog|[of] p1a: Corviknight
|-sideend|p1: kingmagikarps|Toxic Spikes|[from] move: Defog|[of] p1a: Corviknight
|move|p2a: Ferrothorn|Leech Seed|p1a: Corviknight
|-start|p1a: Corviknight|move: Leech Seed
|
|-damage|p1a: Corviknight|57/100|[from] Leech Seed|[of] p2a: Ferrothorn
|-heal|p2a: Ferrothorn|100/100|[silent]
|upkeep
|turn|37
|
|move|p1a: Corviknight|Roost|p1a: Corviknight
|-heal|p1a: Corviknight|100/100
|-singleturn|p1a: Corviknight|move: Roost
|move|p2a: Ferrothorn|Spikes|p1a: Corviknight
|-sidestart|p1: kingmagikarps|Spikes
|
|-damage|p1a: Corviknight|88/100|[from] Leech Seed|[of] p2a: Ferrothorn
|upkeep
|turn|38
|
|switch|p1a: Clefable|Clefable, M|99/100 psn
|switch|p2a: Toxapex|Toxapex, M|100/100
|
|upkeep
|turn|39
|
|switch|p1a: Corviknight|Corviknight, F|88/100
|-ability|p1a: Corviknight|Pressure
|move|p2a: Toxapex|Toxic Spikes|p1a: Corviknight
|-sidestart|p1: kingmagikarps|move: Toxic Spikes
|
|upkeep
|turn|40
|
|move|p1a: Corviknight|Defog|p2a: Toxapex
|-unboost|p2a: Toxapex|evasion|1
|-sideend|p1: kingmagikarps|Spikes|[from] move: Defog|[of] p1a: Corviknight
|-sideend|p1: kingmagikarps|Toxic Spikes|[from] move: Defog|[of] p1a: Corviknight
|move|p2a: Toxapex|Scald|p1a: Corviknight
|-damage|p1a: Corviknight|73/100
|
|upkeep
|turn|41
|
|switch|p1a: Zeraora|Zeraora|78/100
|move|p2a: Toxapex|Toxic Spikes|p1a: Zeraora
|-sidestart|p1: kingmagikarps|move: Toxic Spikes
|
|upkeep
|turn|42
|
|switch|p1a: Clefable|Clefable, M|99/100 psn
|move|p2a: Toxapex|Scald|p1a: Clefable
|-damage|p1a: Clefable|88/100 psn
|
|upkeep
|turn|43
|
|switch|p1a: Corviknight|Corviknight, F|73/100
|-ability|p1a: Corviknight|Pressure
|switch|p2a: Ferrothorn|Ferrothorn, M|100/100
|
|upkeep
|turn|44
|
|switch|p1a: Clefable|Clefable, M|88/100 psn
|move|p2a: Ferrothorn|Spikes|p1a: Clefable
|-sidestart|p1: kingmagikarps|Spikes
|
|upkeep
|turn|45
|
|switch|p1a: Corviknight|Corviknight, F|73/100
|-ability|p1a: Corviknight|Pressure
|switch|p2a: Toxapex|Toxapex, M|100/100
|
|upkeep
|turn|46
|
|switch|p1a: Clefable|Clefable, M|88/100 psn
|move|p2a: Toxapex|Scald|p1a: Clefable
|-damage|p1a: Clefable|77/100 psn
|
|upkeep
|turn|47
|
|move|p2a: Toxapex|Scald|p1a: Clefable
|-damage|p1a: Clefable|66/100 psn
|move|p1a: Clefable|Teleport|p1a: Clefable
|
|switch|p1a: Corviknight|Corviknight, F|73/100|[from]move: Teleport
|-ability|p1a: Corviknight|Pressure
|
|upkeep
|turn|48
|
|switch|p1a: Clefable|Clefable, M|66/100 psn
|move|p2a: Toxapex|Scald|p1a: Clefable
|-damage|p1a: Clefable|55/100 psn
|
|upkeep
|turn|49
|
|switch|p2a: Seismitoad|Seismitoad, F|100/100
|move|p1a: Clefable|Wish|p1a: Clefable
|
|upkeep
|turn|50
|
|move|p1a: Clefable|Protect|p1a: Clefable
|-singleturn|p1a: Clefable|Protect
|move|p2a: Seismitoad|Stealth Rock|p1a: Clefable
|-sidestart|p1: kingmagikarps|move: Stealth Rock
|
|-heal|p1a: Clefable|100/100 psn|[from] move: Wish|[wisher] Clefable
|upkeep
|turn|51
|
|move|p2a: Seismitoad|Scald|p1a: Clefable
|-damage|p1a: Clefable|85/100 psn
|move|p1a: Clefable|Teleport|p1a: Clefable
|
|switch|p1a: Corviknight|Corviknight, F|73/100|[from]move: Teleport
|-damage|p1a: Corviknight|60/100|[from] Stealth Rock
|-ability|p1a: Corviknight|Pressure
|
|upkeep
|turn|52
|
|move|p2a: Seismitoad|Scald|p1a: Corviknight
|-damage|p1a: Corviknight|39/100
|move|p1a: Corviknight|Defog|p2a: Seismitoad
|-unboost|p2a: Seismitoad|evasion|1
|-sideend|p1: kingmagikarps|Spikes|[from] move: Defog|[of] p1a: Corviknight
|-sideend|p1: kingmagikarps|Toxic Spikes|[from] move: Defog|[of] p1a: Corviknight
|-sideend|p1: kingmagikarps|Stealth Rock|[from] move: Defog|[of] p1a: Corviknight
|
|upkeep
|turn|53
|
|switch|p1a: Clefable|Clefable, M|85/100 psn
|move|p2a: Seismitoad|Stealth Rock|p1a: Clefable
|-sidestart|p1: kingmagikarps|move: Stealth Rock
|
|upkeep
|turn|54
|
|move|p2a: Seismitoad|Scald|p1a: Clefable
|-damage|p1a: Clefable|70/100 psn
|move|p1a: Clefable|Teleport|p1a: Clefable
|
|switch|p1a: Dragapult|Dragapult, F|100/100|[from]move: Teleport
|-damage|p1a: Dragapult|88/100|[from] Stealth Rock
|
|upkeep
|turn|55
|
|switch|p2a: Toxapex|Toxapex, M|100/100
|move|p1a: Dragapult|U-turn|p2a: Toxapex
|-resisted|p2a: Toxapex
|-damage|p2a: Toxapex|96/100
|
|switch|p1a: Corviknight|Corviknight, F|39/100|[from]move: U-turn
|-damage|p1a: Corviknight|27/100|[from] Stealth Rock
|-ability|p1a: Corviknight|Pressure
|
|-heal|p2a: Toxapex|100/100|[from] item: Black Sludge
|upkeep
|turn|56
|
|move|p1a: Corviknight|Roost|p1a: Corviknight
|-heal|p1a: Corviknight|77/100
|-singleturn|p1a: Corviknight|move: Roost
|move|p2a: Toxapex|Scald|p1a: Corviknight
|-damage|p1a: Corviknight|61/100
|
|upkeep
|turn|57
|
|switch|p1a: Clefable|Clefable, M|70/100 psn
|move|p2a: Toxapex|Scald|p1a: Clefable
|-damage|p1a: Clefable|59/100 psn
|
|upkeep
|turn|58
|
|move|p2a: Toxapex|Toxic Spikes|p1a: Clefable
|-sidestart|p1: kingmagikarps|move: Toxic Spikes
|move|p1a: Clefable|Teleport|p1a: Clefable
|
|switch|p1a: Corviknight|Corviknight, F|61/100|[from]move: Teleport
|-damage|p1a: Corviknight|48/100|[from] Stealth Rock
|-ability|p1a: Corviknight|Pressure
|
|upkeep
|turn|59
|
|move|p1a: Corviknight|Defog|p2a: Toxapex
|-unboost|p2a: Toxapex|evasion|1
|-sideend|p1: kingmagikarps|Toxic Spikes|[from] move: Defog|[of] p1a: Corviknight
|-sideend|p1: kingmagikarps|Stealth Rock|[from] move: Defog|[of] p1a: Corviknight
|move|p2a: Toxapex|Scald|p1a: Corviknight
|-damage|p1a: Corviknight|33/100
|-status|p1a: Corviknight|brn
|
|-damage|p1a: Corviknight|26/100 brn|[from] brn
|upkeep
|turn|60
|
|move|p1a: Corviknight|Roost|p1a: Corviknight
|-heal|p1a: Corviknight|76/100 brn
|-singleturn|p1a: Corviknight|move: Roost
|move|p2a: Toxapex|Toxic Spikes|p1a: Corviknight
|-sidestart|p1: kingmagikarps|move: Toxic Spikes
|
|-damage|p1a: Corviknight|70/100 brn|[from] brn
|upkeep
|turn|61
|
|move|p1a: Corviknight|Defog|p2a: Toxapex
|-unboost|p2a: Toxapex|evasion|1
|-sideend|p1: kingmagikarps|Toxic Spikes|[from] move: Defog|[of] p1a: Corviknight
|move|p2a: Toxapex|Scald|p1a: Corviknight
|-damage|p1a: Corviknight|54/100 brn
|
|-damage|p1a: Corviknight|48/100 brn|[from] brn
|upkeep
|turn|62
|
|move|p1a: Corviknight|Roost|p1a: Corviknight
|-heal|p1a: Corviknight|98/100 brn
|-singleturn|p1a: Corviknight|move: Roost
|move|p2a: Toxapex|Toxic Spikes|p1a: Corviknight
|-sidestart|p1: kingmagikarps|move: Toxic Spikes
|
|-damage|p1a: Corviknight|92/100 brn|[from] brn
|upkeep
|turn|63
|
|switch|p2a: Corviknight|Corviknight, F|100/100
|-ability|p2a: Corviknight|Pressure
|move|p1a: Corviknight|Defog|p2a: Corviknight
|-unboost|p2a: Corviknight|evasion|1
|-sideend|p1: kingmagikarps|Toxic Spikes|[from] move: Defog|[of] p1a: Corviknight
|
|-damage|p1a: Corviknight|86/100 brn|[from] brn
|upkeep
|turn|64
|
|switch|p2a: Toxapex|Toxapex, M|100/100
|switch|p1a: Clefable|Clefable, M|59/100 psn
|
|upkeep
|turn|65
|
|switch|p1a: Corviknight|Corviknight, F|86/100 brn
|-ability|p1a: Corviknight|Pressure
|move|p2a: Toxapex|Toxic Spikes|p1a: Corviknight
|-sidestart|p1: kingmagikarps|move: Toxic Spikes
|
|-damage|p1a: Corviknight|79/100 brn|[from] brn
|upkeep
|turn|66
|
|move|p1a: Corviknight|Defog|p2a: Toxapex
|-unboost|p2a: Toxapex|evasion|1
|-sideend|p1: kingmagikarps|Toxic Spikes|[from] move: Defog|[of] p1a: Corviknight
|move|p2a: Toxapex|Scald|p1a: Corviknight
|-damage|p1a: Corviknight|63/100 brn
|
|-damage|p1a: Corviknight|57/100 brn|[from] brn
|upkeep
|turn|67
|
|move|p1a: Corviknight|Roost|p1a: Corviknight
|-heal|p1a: Corviknight|100/100 brn
|-singleturn|p1a: Corviknight|move: Roost
|move|p2a: Toxapex|Toxic Spikes|p1a: Corviknight
|-sidestart|p1: kingmagikarps|move: Toxic Spikes
|
|-damage|p1a: Corviknight|94/100 brn|[from] brn
|upkeep
|turn|68
|
|switch|p2a: Corviknight|Corviknight, F|100/100
|-ability|p2a: Corviknight|Pressure
|move|p1a: Corviknight|Defog|p2a: Corviknight
|-unboost|p2a: Corviknight|evasion|1
|-sideend|p1: kingmagikarps|Toxic Spikes|[from] move: Defog|[of] p1a: Corviknight
|
|-damage|p1a: Corviknight|88/100 brn|[from] brn
|upkeep
|turn|69
|
|switch|p2a: Toxapex|Toxapex, M|100/100
|switch|p1a: Clefable|Clefable, M|59/100 psn
|
|upkeep
|turn|70
|
|switch|p1a: Corviknight|Corviknight, F|88/100 brn
|-ability|p1a: Corviknight|Pressure
|move|p2a: Toxapex|Toxic Spikes|p1a: Corviknight
|-sidestart|p1: kingmagikarps|move: Toxic Spikes
|
|-damage|p1a: Corviknight|82/100 brn|[from] brn
|upkeep
|turn|71
|
|switch|p2a: Corviknight|Corviknight, F|100/100
|-ability|p2a: Corviknight|Pressure
|move|p1a: Corviknight|Defog|p2a: Corviknight
|-unboost|p2a: Corviknight|evasion|1
|-sideend|p1: kingmagikarps|Toxic Spikes|[from] move: Defog|[of] p1a: Corviknight
|
|-damage|p1a: Corviknight|75/100 brn|[from] brn
|upkeep
|turn|72
|
|switch|p2a: Toxapex|Toxapex, M|100/100
|switch|p1a: Zeraora|Zeraora|78/100
|
|upkeep
|turn|73
|inactive|kingmagikarps has 120 seconds left.
|
|switch|p2a: Ferrothorn|Ferrothorn, M|100/100
|move|p1a: Zeraora|Knock Off|p2a: Ferrothorn
|-damage|p2a: Ferrothorn|79/100
|-damage|p1a: Zeraora|66/100|[from] ability: Iron Barbs|[of] p2a: Ferrothorn
|-damage|p1a: Zeraora|56/100|[from] item: Life Orb
|
|upkeep
|turn|74
|
|switch|p1a: Clefable|Clefable, M|59/100 psn
|move|p2a: Ferrothorn|Leech Seed|p1a: Clefable
|-start|p1a: Clefable|move: Leech Seed
|
|upkeep
|turn|75
|
|move|p1a: Clefable|Wish|p1a: Clefable
|move|p2a: Ferrothorn|Spikes|p1a: Clefable
|-sidestart|p1: kingmagikarps|Spikes
|
|upkeep
|turn|76
|
|switch|p2a: Toxapex|Toxapex, M|100/100
|move|p1a: Clefable|Teleport|p1a: Clefable
|
|switch|p1a: Zeraora|Zeraora|56/100|[from]move: Teleport
|-damage|p1a: Zeraora|44/100|[from] Spikes
|
|-heal|p1a: Zeraora|100/100|[from] move: Wish|[wisher] Clefable
|upkeep
|turn|77
|
|switch|p2a: Ferrothorn|Ferrothorn, M|79/100
|move|p1a: Zeraora|Bulk Up|p1a: Zeraora
|-boost|p1a: Zeraora|atk|1
|-boost|p1a: Zeraora|def|1
|
|upkeep
|turn|78
|
|switch|p2a: Clefable|Clefable, F|100/100
|move|p1a: Zeraora|Close Combat|p2a: Clefable
|-resisted|p2a: Clefable
|-damage|p2a: Clefable|83/100
|-unboost|p1a: Zeraora|def|1
|-unboost|p1a: Zeraora|spd|1
|-damage|p1a: Zeraora|91/100|[from] item: Life Orb
|
|-heal|p2a: Clefable|89/100|[from] item: Leftovers
|upkeep
|turn|79
|
|switch|p1a: Clefable|Clefable, M|59/100 psn
|move|p2a: Clefable|Moonblast|p1a: Clefable
|-damage|p1a: Clefable|38/100 psn
|-unboost|p1a: Clefable|spa|1
|
|-heal|p2a: Clefable|95/100|[from] item: Leftovers
|upkeep
|turn|80
|
|switch|p2a: Toxapex|Toxapex, M|100/100
|move|p1a: Clefable|Wish|p1a: Clefable
|
|upkeep
|turn|81
|
|move|p1a: Clefable|Protect|p1a: Clefable
|-singleturn|p1a: Clefable|Protect
|move|p2a: Toxapex|Toxic Spikes|p1a: Clefable
|-sidestart|p1: kingmagikarps|move: Toxic Spikes
|
|-heal|p1a: Clefable|88/100 psn|[from] move: Wish|[wisher] Clefable
|upkeep
|turn|82
|
|switch|p2a: Ferrothorn|Ferrothorn, M|79/100
|move|p1a: Clefable|Teleport|p1a: Clefable
|
|switch|p1a: Corviknight|Corviknight, F|75/100 brn|[from]move: Teleport
|-ability|p1a: Corviknight|Pressure
|
|-damage|p1a: Corviknight|69/100 brn|[from] brn
|upkeep
|turn|83
|
|switch|p1a: Clefable|Clefable, M|88/100 psn
|move|p2a: Ferrothorn|Protect||[still]
|-fail|p2a: Ferrothorn
|
|upkeep
|turn|84
|
|move|p2a: Ferrothorn|Leech Seed|p1a: Clefable
|-start|p1a: Clefable|move: Leech Seed
|move|p1a: Clefable|Teleport|p1a: Clefable
|
|switch|p1a: Corviknight|Corviknight, F|69/100 brn|[from]move: Teleport
|-ability|p1a: Corviknight|Pressure
|
|-damage|p1a: Corviknight|63/100 brn|[from] brn
|upkeep
|turn|85
|
|switch|p1a: Clefable|Clefable, M|88/100 psn
|move|p2a: Ferrothorn|Protect||[still]
|-fail|p2a: Ferrothorn
|
|upkeep
|turn|86
|
|move|p2a: Ferrothorn|Spikes|p1a: Clefable
|-sidestart|p1: kingmagikarps|Spikes
|move|p1a: Clefable|Teleport|p1a: Clefable
|
|switch|p1a: Corviknight|Corviknight, F|63/100 brn|[from]move: Teleport
|-ability|p1a: Corviknight|Pressure
|
|-damage|p1a: Corviknight|57/100 brn|[from] brn
|upkeep
|turn|87
|
|move|p2a: Ferrothorn|Protect|p2a: Ferrothorn
|-singleturn|p2a: Ferrothorn|Protect
|move|p1a: Corviknight|Defog|p2a: Ferrothorn
|-activate|p2a: Ferrothorn|move: Protect
|
|-damage|p1a: Corviknight|50/100 brn|[from] brn
|upkeep
|turn|88
|
|switch|p2a: Corviknight|Corviknight, F|100/100
|-ability|p2a: Corviknight|Pressure
|move|p1a: Corviknight|Roost|p1a: Corviknight
|-heal|p1a: Corviknight|100/100 brn
|-singleturn|p1a: Corviknight|move: Roost
|
|-damage|p1a: Corviknight|94/100 brn|[from] brn
|upkeep
|turn|89
|
|switch|p1a: Clefable|Clefable, M|88/100 psn
|move|p2a: Corviknight|Bulk Up|p2a: Corviknight
|-boost|p2a: Corviknight|atk|1
|-boost|p2a: Corviknight|def|1
|
|upkeep
|turn|90
|
|move|p2a: Corviknight|Bulk Up|p2a: Corviknight
|-boost|p2a: Corviknight|atk|1
|-boost|p2a: Corviknight|def|1
|move|p1a: Clefable|Teleport|p1a: Clefable
|
|switch|p1a: Corviknight|Corviknight, F|94/100 brn|[from]move: Teleport
|-ability|p1a: Corviknight|Pressure
|
|-damage|p1a: Corviknight|88/100 brn|[from] brn
|upkeep
|turn|91
|
|move|p2a: Corviknight|Bulk Up|p2a: Corviknight
|-boost|p2a: Corviknight|atk|1
|-boost|p2a: Corviknight|def|1
|move|p1a: Corviknight|Defog|p2a: Corviknight
|-unboost|p2a: Corviknight|evasion|1
|-sideend|p1: kingmagikarps|Spikes|[from] move: Defog|[of] p1a: Corviknight
|-sideend|p1: kingmagikarps|Toxic Spikes|[from] move: Defog|[of] p1a: Corviknight
|
|-damage|p1a: Corviknight|82/100 brn|[from] brn
|upkeep
|turn|92
|
|switch|p1a: Zeraora|Zeraora|91/100
|move|p2a: Corviknight|Body Press|p1a: Zeraora
|-damage|p1a: Zeraora|7/100
|
|upkeep
|turn|93
|
|move|p1a: Zeraora|Plasma Fists|p2a: Corviknight
|-supereffective|p2a: Corviknight
|-damage|p2a: Corviknight|71/100
|-fieldactivate|move: Ion Deluge
|-damage|p1a: Zeraora|0 fnt|[from] item: Rocky Helmet|[of] p2a: Corviknight
|faint|p1a: Zeraora
|move|p2a: Corviknight|Body Press|p1: Zeraora|[notarget]
|-fail|p2a: Corviknight
|
|upkeep
|
|switch|p1a: Dragapult|Dragapult, F|88/100
|turn|94
|
|switch|p2a: Toxapex|Toxapex, M|100/100
|move|p1a: Dragapult|Thunderbolt|p2a: Toxapex
|-supereffective|p2a: Toxapex
|-crit|p2a: Toxapex
|-damage|p2a: Toxapex|0 fnt
|faint|p2a: Toxapex
|
|upkeep
|
|switch|p2a: Ferrothorn|Ferrothorn, M|79/100
|turn|95
|inactive|kingmagikarps has 120 seconds left.
|inactive|kingmagikarps has 90 seconds left.
|
|switch|p1a: Clefable|Clefable, M|88/100 psn
|switch|p2a: Seismitoad|Seismitoad, F|100/100
|
|upkeep
|turn|96
|inactive|kingmagikarps has 90 seconds left.
|
|move|p2a: Seismitoad|Stealth Rock|p1a: Clefable
|-sidestart|p1: kingmagikarps|move: Stealth Rock
|move|p1a: Clefable|Moonblast|p2a: Seismitoad
|-damage|p2a: Seismitoad|67/100
|-unboost|p2a: Seismitoad|spa|1
|
|-heal|p2a: Seismitoad|73/100|[from] item: Leftovers
|upkeep
|turn|97
|
|switch|p2a: Clefable|Clefable, F|95/100
|move|p1a: Clefable|Teleport|p1a: Clefable
|
|switch|p1a: Corviknight|Corviknight, F|82/100 brn|[from]move: Teleport
|-damage|p1a: Corviknight|69/100 brn|[from] Stealth Rock
|-ability|p1a: Corviknight|Pressure
|
|-heal|p2a: Clefable|100/100|[from] item: Leftovers
|-damage|p1a: Corviknight|63/100 brn|[from] brn
|upkeep
|turn|98
|
|switch|p2a: Corviknight|Corviknight, F|71/100
|-ability|p2a: Corviknight|Pressure
|move|p1a: Corviknight|Defog|p2a: Corviknight
|-unboost|p2a: Corviknight|evasion|1
|-sideend|p1: kingmagikarps|Stealth Rock|[from] move: Defog|[of] p1a: Corviknight
|
|-damage|p1a: Corviknight|57/100 brn|[from] brn
|upkeep
|turn|99
|
|switch|p1a: Dragapult|Dragapult, F|88/100
|move|p2a: Corviknight|Roost|p2a: Corviknight
|-heal|p2a: Corviknight|100/100
|-singleturn|p2a: Corviknight|move: Roost
|
|upkeep
|turn|100
|
|switch|p2a: Tyranitar|Tyranitar, M|100/100
|-weather|Sandstorm|[from] ability: Sand Stream|[of] p2a: Tyranitar
|move|p1a: Dragapult|Shadow Ball|p2a: Tyranitar
|-resisted|p2a: Tyranitar
|-damage|p2a: Tyranitar|94/100
|
|-weather|Sandstorm|[upkeep]
|-damage|p1a: Dragapult|82/100|[from] Sandstorm
|upkeep
|turn|101
|
|switch|p1a: Kommo-o|Kommo-o, M|92/100 brn
|switch|p2a: Seismitoad|Seismitoad, F|73/100
|
|-weather|Sandstorm|[upkeep]
|-damage|p1a: Kommo-o|86/100 brn|[from] Sandstorm
|-heal|p1a: Kommo-o|92/100 brn|[from] item: Leftovers
|-heal|p2a: Seismitoad|79/100|[from] item: Leftovers
|-damage|p1a: Kommo-o|86/100 brn|[from] brn
|upkeep
|turn|102
|
|move|p1a: Kommo-o|Taunt|p2a: Seismitoad
|-start|p2a: Seismitoad|move: Taunt
|move|p2a: Seismitoad|Knock Off|p1a: Kommo-o
|-resisted|p1a: Kommo-o
|-damage|p1a: Kommo-o|80/100 brn
|-enditem|p1a: Kommo-o|Leftovers|[from] move: Knock Off|[of] p2a: Seismitoad
|
|-weather|Sandstorm|[upkeep]
|-damage|p1a: Kommo-o|74/100 brn|[from] Sandstorm
|-heal|p2a: Seismitoad|85/100|[from] item: Leftovers
|-damage|p1a: Kommo-o|67/100 brn|[from] brn
|upkeep
|turn|103
|
|move|p1a: Kommo-o|Stealth Rock|p2a: Seismitoad
|-sidestart|p2: Q114|move: Stealth Rock
|move|p2a: Seismitoad|Scald|p1a: Kommo-o
|-resisted|p1a: Kommo-o
|-damage|p1a: Kommo-o|58/100 brn
|
|-weather|Sandstorm|[upkeep]
|-damage|p1a: Kommo-o|52/100 brn|[from] Sandstorm
|-heal|p2a: Seismitoad|91/100|[from] item: Leftovers
|-damage|p1a: Kommo-o|45/100 brn|[from] brn
|upkeep
|turn|104
|
|switch|p1a: Clefable|Clefable, M|88/100 psn
|move|p2a: Seismitoad|Scald|p1a: Clefable
|-damage|p1a: Clefable|74/100 psn
|
|-weather|none
|-heal|p2a: Seismitoad|97/100|[from] item: Leftovers
|-end|p2a: Seismitoad|move: Taunt
|upkeep
|turn|105
|
|move|p2a: Seismitoad|Stealth Rock|p1a: Clefable
|-sidestart|p1: kingmagikarps|move: Stealth Rock
|move|p1a: Clefable|Moonblast|p2a: Seismitoad
|-damage|p2a: Seismitoad|66/100
|
|-heal|p2a: Seismitoad|72/100|[from] item: Leftovers
|upkeep
|turn|106
|
|switch|p2a: Ferrothorn|Ferrothorn, M|79/100
|-damage|p2a: Ferrothorn|73/100|[from] Stealth Rock
|move|p1a: Clefable|Moonblast|p2a: Ferrothorn
|-resisted|p2a: Ferrothorn
|-damage|p2a: Ferrothorn|63/100
|-unboost|p2a: Ferrothorn|spa|1
|
|upkeep
|turn|107
|inactive|kingmagikarps has 120 seconds left.
|
|move|p2a: Ferrothorn|Spikes|p1a: Clefable
|-sidestart|p1: kingmagikarps|Spikes
|move|p1a: Clefable|Teleport|p1a: Clefable
|
|switch|p1a: Corviknight|Corviknight, F|57/100 brn|[from]move: Teleport
|-damage|p1a: Corviknight|44/100 brn|[from] Stealth Rock
|-ability|p1a: Corviknight|Pressure
|
|-damage|p1a: Corviknight|38/100 brn|[from] brn
|upkeep
|turn|108
|
|move|p1a: Corviknight|Defog|p2a: Ferrothorn
|-unboost|p2a: Ferrothorn|evasion|1
|-sideend|p2: Q114|Stealth Rock|[from] move: Defog|[of] p1a: Corviknight
|-sideend|p1: kingmagikarps|Spikes|[from] move: Defog|[of] p1a: Corviknight
|-sideend|p1: kingmagikarps|Stealth Rock|[from] move: Defog|[of] p1a: Corviknight
|move|p2a: Ferrothorn|Leech Seed|p1a: Corviknight
|-start|p1a: Corviknight|move: Leech Seed
|
|-damage|p1a: Corviknight|25/100 brn|[from] Leech Seed|[of] p2a: Ferrothorn
|-heal|p2a: Ferrothorn|77/100|[silent]
|-damage|p1a: Corviknight|19/100 brn|[from] brn
|upkeep
|turn|109
|
|move|p1a: Corviknight|Roost|p1a: Corviknight
|-heal|p1a: Corviknight|69/100 brn
|-singleturn|p1a: Corviknight|move: Roost
|move|p2a: Ferrothorn|Spikes|p1a: Corviknight
|-sidestart|p1: kingmagikarps|Spikes
|
|-damage|p1a: Corviknight|57/100 brn|[from] Leech Seed|[of] p2a: Ferrothorn
|-heal|p2a: Ferrothorn|91/100|[silent]
|-damage|p1a: Corviknight|50/100 brn|[from] brn
|upkeep
|turn|110
|
|switch|p1a: Kommo-o|Kommo-o, M|45/100 brn
|-damage|p1a: Kommo-o|33/100 brn|[from] Spikes
|switch|p2a: Corviknight|Corviknight, F|100/100
|-ability|p2a: Corviknight|Pressure
|
|-damage|p1a: Kommo-o|27/100 brn|[from] brn
|upkeep
|turn|111
|
|move|p1a: Kommo-o|Taunt|p2a: Corviknight
|-start|p2a: Corviknight|move: Taunt
|move|p2a: Corviknight|Body Press|p1a: Kommo-o
|-damage|p1a: Kommo-o|10/100 brn
|
|-damage|p1a: Kommo-o|4/100 brn|[from] brn
|upkeep
|turn|112
|
|switch|p1a: Dragapult|Dragapult, F|82/100
|-damage|p1a: Dragapult|70/100|[from] Spikes
|switch|p2a: Clefable|Clefable, F|100/100
|
|upkeep
|turn|113
|
|switch|p1a: Kommo-o|Kommo-o, M|4/100 brn
|-damage|p1a: Kommo-o|0 fnt|[from] Spikes
|faint|p1a: Kommo-o
|move|p2a: Clefable|Protect||[still]
|-fail|p2a: Clefable
|
|upkeep
|
|switch|p1a: Bisharp|Bisharp, M|100/100
|-damage|p1a: Bisharp|88/100|[from] Spikes
|turn|114
|
|move|p1a: Bisharp|Swords Dance|p1a: Bisharp
|-boost|p1a: Bisharp|atk|2
|move|p2a: Clefable|Moonblast|p1a: Bisharp
|-damage|p1a: Bisharp|38/100
|-unboost|p1a: Bisharp|spa|1
|-ability|p1a: Bisharp|Defiant
|-boost|p1a: Bisharp|atk|2
|
|upkeep
|turn|115
|
|move|p1a: Bisharp|Iron Head|p2a: Clefable
|-supereffective|p2a: Clefable
|-crit|p2a: Clefable
|-damage|p2a: Clefable|0 fnt
|-damage|p1a: Bisharp|28/100|[from] item: Life Orb
|faint|p2a: Clefable
|
|upkeep
|
|switch|p2a: Corviknight|Corviknight, F|100/100
|-ability|p2a: Corviknight|Pressure
|turn|116
|
|move|p1a: Bisharp|Knock Off|p2a: Corviknight
|-damage|p2a: Corviknight|0 fnt
|-damage|p1a: Bisharp|12/100|[from] item: Rocky Helmet|[of] p2a: Corviknight
|-enditem|p2a: Corviknight|Rocky Helmet|[from] move: Knock Off|[of] p1a: Bisharp
|-damage|p1a: Bisharp|2/100|[from] item: Life Orb
|faint|p2a: Corviknight
|
|upkeep
|inactive|Q114 has 120 seconds left.
|
|switch|p2a: Seismitoad|Seismitoad, F|72/100
|turn|117
|
|switch|p2a: Ferrothorn|Ferrothorn, M|91/100
|move|p1a: Bisharp|Knock Off|p2a: Ferrothorn
|-damage|p2a: Ferrothorn|0 fnt
|-damage|p1a: Bisharp|0 fnt|[from] ability: Iron Barbs|[of] p2a: Ferrothorn
|faint|p2a: Ferrothorn
|faint|p1a: Bisharp
|
|upkeep
|
|switch|p1a: Corviknight|Corviknight, F|50/100 brn
|switch|p2a: Tyranitar|Tyranitar, M|94/100
|-ability|p1a: Corviknight|Pressure
|-weather|Sandstorm|[from] ability: Sand Stream|[of] p2a: Tyranitar
|turn|118
|
|switch|p2a: Seismitoad|Seismitoad, F|72/100
|move|p1a: Corviknight|Body Press|p2a: Seismitoad
|-damage|p2a: Seismitoad|62/100
|
|-weather|Sandstorm|[upkeep]
|-heal|p2a: Seismitoad|68/100|[from] item: Leftovers
|-damage|p1a: Corviknight|44/100 brn|[from] brn
|upkeep
|turn|119
|
|move|p2a: Seismitoad|Stealth Rock|p1a: Corviknight
|-sidestart|p1: kingmagikarps|move: Stealth Rock
|move|p1a: Corviknight|Defog|p2a: Seismitoad
|-unboost|p2a: Seismitoad|evasion|1
|-sideend|p1: kingmagikarps|Spikes|[from] move: Defog|[of] p1a: Corviknight
|-sideend|p1: kingmagikarps|Stealth Rock|[from] move: Defog|[of] p1a: Corviknight
|
|-weather|Sandstorm|[upkeep]
|-heal|p2a: Seismitoad|74/100|[from] item: Leftovers
|-damage|p1a: Corviknight|38/100 brn|[from] brn
|upkeep
|turn|120
|
|move|p2a: Seismitoad|Scald|p1a: Corviknight
|-crit|p1a: Corviknight
|-damage|p1a: Corviknight|8/100 brn
|move|p1a: Corviknight|Roost|p1a: Corviknight
|-heal|p1a: Corviknight|58/100 brn
|-singleturn|p1a: Corviknight|move: Roost
|
|-weather|Sandstorm|[upkeep]
|-heal|p2a: Seismitoad|80/100|[from] item: Leftovers
|-damage|p1a: Corviknight|52/100 brn|[from] brn
|upkeep
|turn|121
|
|move|p2a: Seismitoad|Stealth Rock|p1a: Corviknight
|-sidestart|p1: kingmagikarps|move: Stealth Rock
|move|p1a: Corviknight|Roost|p1a: Corviknight
|-heal|p1a: Corviknight|100/100 brn
|-singleturn|p1a: Corviknight|move: Roost
|
|-weather|Sandstorm|[upkeep]
|-heal|p2a: Seismitoad|86/100|[from] item: Leftovers
|-damage|p1a: Corviknight|94/100 brn|[from] brn
|upkeep
|turn|122
|
|switch|p1a: Clefable|Clefable, M|74/100 psn
|move|p2a: Seismitoad|Stealth Rock||[still]
|-fail|p2a: Seismitoad
|
|-weather|none
|-heal|p2a: Seismitoad|93/100|[from] item: Leftovers
|upkeep
|turn|123
|
|move|p2a: Seismitoad|Scald|p1a: Clefable
|-damage|p1a: Clefable|58/100 psn
|move|p1a: Clefable|Wish|p1a: Clefable
|
|-heal|p2a: Seismitoad|99/100|[from] item: Leftovers
|upkeep
|turn|124
|
|move|p2a: Seismitoad|Scald|p1a: Clefable
|-damage|p1a: Clefable|43/100 psn
|move|p1a: Clefable|Moonblast|p2a: Seismitoad
|-damage|p2a: Seismitoad|63/100
|
|-heal|p1a: Clefable|93/100 psn|[from] move: Wish|[wisher] Clefable
|-heal|p2a: Seismitoad|69/100|[from] item: Leftovers
|upkeep
|turn|125
|
|switch|p2a: Tyranitar|Tyranitar, M|94/100
|-weather|Sandstorm|[from] ability: Sand Stream|[of] p2a: Tyranitar
|move|p1a: Clefable|Moonblast|p2a: Tyranitar
|-supereffective|p2a: Tyranitar
|-damage|p2a: Tyranitar|77/100
|-unboost|p2a: Tyranitar|spa|1
|
|-weather|Sandstorm|[upkeep]
|upkeep
|turn|126
|
|move|p1a: Clefable|Moonblast|p2a: Tyranitar
|-supereffective|p2a: Tyranitar
|-damage|p2a: Tyranitar|60/100
|move|p2a: Tyranitar|Stone Edge|p1a: Clefable
|-damage|p1a: Clefable|44/100 psn
|
|-weather|Sandstorm|[upkeep]
|upkeep
|turn|127
|
|move|p1a: Clefable|Protect|p1a: Clefable
|-singleturn|p1a: Clefable|Protect
|move|p2a: Tyranitar|Stone Edge|p1a: Clefable
|-activate|p1a: Clefable|move: Protect
|
|-weather|Sandstorm|[upkeep]
|upkeep
|turn|128
|
|switch|p1a: Corviknight|Corviknight, F|94/100 brn
|-damage|p1a: Corviknight|82/100 brn|[from] Stealth Rock
|-ability|p1a: Corviknight|Pressure
|move|p2a: Tyranitar|Stone Edge|p1a: Corviknight
|-damage|p1a: Corviknight|56/100 brn
|
|-weather|Sandstorm|[upkeep]
|-damage|p1a: Corviknight|49/100 brn|[from] brn
|upkeep
|turn|129
|
|switch|p2a: Seismitoad|Seismitoad, F|69/100
|move|p1a: Corviknight|Body Press|p2a: Seismitoad
|-damage|p2a: Seismitoad|60/100
|
|-weather|none
|-heal|p2a: Seismitoad|66/100|[from] item: Leftovers
|-damage|p1a: Corviknight|43/100 brn|[from] brn
|upkeep
|turn|130
|
|move|p2a: Seismitoad|Scald|p1a: Corviknight
|-damage|p1a: Corviknight|21/100 brn
|move|p1a: Corviknight|Roost|p1a: Corviknight
|-heal|p1a: Corviknight|71/100 brn
|-singleturn|p1a: Corviknight|move: Roost
|
|-heal|p2a: Seismitoad|72/100|[from] item: Leftovers
|-damage|p1a: Corviknight|65/100 brn|[from] brn
|upkeep
|turn|131
|
|switch|p1a: Clefable|Clefable, M|44/100 psn
|move|p2a: Seismitoad|Scald|p1a: Clefable
|-damage|p1a: Clefable|30/100 psn
|
|-heal|p2a: Seismitoad|78/100|[from] item: Leftovers
|upkeep
|turn|132
|
|switch|p2a: Tyranitar|Tyranitar, M|60/100
|-weather|Sandstorm|[from] ability: Sand Stream|[of] p2a: Tyranitar
|move|p1a: Clefable|Wish|p1a: Clefable
|
|-weather|Sandstorm|[upkeep]
|upkeep
|turn|133
|
|move|p1a: Clefable|Protect|p1a: Clefable
|-singleturn|p1a: Clefable|Protect
|move|p2a: Tyranitar|Seismic Toss|p1a: Clefable
|-activate|p1a: Clefable|move: Protect
|
|-weather|Sandstorm|[upkeep]
|-heal|p1a: Clefable|80/100 psn|[from] move: Wish|[wisher] Clefable
|upkeep
|turn|134
|
|switch|p1a: Corviknight|Corviknight, F|65/100 brn
|-damage|p1a: Corviknight|52/100 brn|[from] Stealth Rock
|-ability|p1a: Corviknight|Pressure
|move|p2a: Tyranitar|Stone Edge|p1a: Corviknight
|-damage|p1a: Corviknight|24/100 brn
|
|-weather|Sandstorm|[upkeep]
|-damage|p1a: Corviknight|18/100 brn|[from] brn
|upkeep
|turn|135
|inactive|Q114 has 120 seconds left.
|
|move|p1a: Corviknight|Roost|p1a: Corviknight
|-heal|p1a: Corviknight|68/100 brn
|-singleturn|p1a: Corviknight|move: Roost
|move|p2a: Tyranitar|Superpower|p1a: Corviknight
|-supereffective|p1a: Corviknight
|-damage|p1a: Corviknight|24/100 brn
|-unboost|p2a: Tyranitar|atk|1
|-unboost|p2a: Tyranitar|def|1
|
|-weather|Sandstorm|[upkeep]
|-damage|p1a: Corviknight|18/100 brn|[from] brn
|upkeep
|turn|136
|inactive|Q114 has 120 seconds left.
|inactive|Q114 has 90 seconds left.
|inactive|Q114 has 60 seconds left.
|inactive|Q114 has 30 seconds left.
|inactive|Q114 has 20 seconds left.
|inactive|Q114 has 15 seconds left.
|inactive|Q114 has 10 seconds left.
|inactive|Q114 has 5 seconds left.
|-message|Q114 lost due to inactivity.
|
|win|kingmagikarps
|raw|kingmagikarps's rating: 1674 &rarr; <strong>1692</strong><br />(+18 for winning)
|raw|Q114's rating: 1640 &rarr; <strong>1622</strong><br />(-18 for losing)
