|j|☆reionatro
|j|☆BugCatcherWeevil
|t:|1667659393
|gametype|singles
|player|p1|reionatro|265|1836
|player|p2|BugCatcherWeevil|265|1844
|teamsize|p1|6
|teamsize|p2|6
|gen|8
|tier|[Gen 8] OU
|rated|
|rule|Sleep Clause Mod: Limit one foe put to sleep
|rule|Species Clause: Limit one of each Pokémon
|rule|OHKO Clause: OHKO moves are banned
|rule|Evasion Items Clause: Evasion items are banned
|rule|Evasion Moves Clause: Evasion moves are banned
|rule|Endless Battle Clause: Forcing endless battles is banned
|rule|HP Percentage Mod: HP is shown in percentages
|rule|Dynamax Clause: You cannot dynamax
|clearpoke
|poke|p1|Landorus-Therian, M|
|poke|p1|Melmetal|
|poke|p1|Rillaboom, M|
|poke|p1|Tapu Koko|
|poke|p1|Urshifu-*, F|
|poke|p1|Zapdos|
|poke|p2|Arctozolt|
|poke|p2|Tornadus-Therian, M|
|poke|p2|Heatran, M|
|poke|p2|Landorus-Therian, M|
|poke|p2|Hatterene, F|
|poke|p2|Vanilluxe, M|
|teampreview
|j| King Of Peak
|c|☆reionatro|hf
|j| Tokyo EZ
|inactive|Battle timer is ON: inactive players will automatically lose when time's up. (requested by BugCatcherWeevil)
|
|t:|1667659445
|start
|switch|p1a: Tapu Koko|Tapu Koko|100/100
|switch|p2a: Vanilluxe|Vanilluxe, M|100/100
|-fieldstart|move: Electric Terrain|[from] ability: Electric Surge|[of] p1a: Tapu Koko
|-weather|Hail|[from] ability: Snow Warning|[of] p2a: Vanilluxe
|turn|1
|
|t:|1667659459
|move|p1a: Tapu Koko|Volt Switch|p2a: Vanilluxe
|-damage|p2a: Vanilluxe|37/100
|
|t:|1667659461
|switch|p1a: Melmetal|Melmetal, shiny|100/100|[from]move: Volt Switch
|move|p2a: Vanilluxe|Blizzard|p1a: Melmetal
|-resisted|p1a: Melmetal
|-damage|p1a: Melmetal|72/100
|
|-weather|Hail|[upkeep]
|-damage|p1a: Melmetal|66/100|[from] Hail
|-heal|p1a: Melmetal|72/100|[from] item: Leftovers
|upkeep
|turn|2
|
|t:|1667659472
|switch|p2a: Landorus|Landorus-Therian, M|100/100
|-ability|p2a: Landorus|Intimidate|boost
|-unboost|p1a: Melmetal|atk|1
|move|p1a: Melmetal|Double Iron Bash|p2a: Landorus
|-damage|p2a: Landorus|74/100
|-damage|p2a: Landorus|45/100
|-hitcount|p2a: Landorus|2
|
|-weather|Hail|[upkeep]
|-damage|p2a: Landorus|39/100|[from] Hail
|-damage|p1a: Melmetal|66/100|[from] Hail
|-heal|p2a: Landorus|45/100|[from] item: Leftovers
|-heal|p1a: Melmetal|72/100|[from] item: Leftovers
|upkeep
|turn|3
|j| huizoudexie
|
|t:|1667659494
|switch|p1a: Landorus|Landorus-Therian, M|100/100
|-ability|p1a: Landorus|Intimidate|boost
|-unboost|p2a: Landorus|atk|1
|move|p2a: Landorus|U-turn|p1a: Landorus
|-resisted|p1a: Landorus
|-damage|p1a: Landorus|93/100
|
|t:|1667659501
|switch|p2a: Arctozolt|Arctozolt|100/100|[from]move: U-turn
|
|-weather|Hail|[upkeep]
|-damage|p1a: Landorus|87/100|[from] Hail
|-heal|p1a: Landorus|93/100|[from] item: Leftovers
|upkeep
|turn|4
|inactive|reionatro has 120 seconds left.
|
|t:|1667659536
|switch|p1a: Melmetal|Melmetal, shiny|72/100
|move|p2a: Arctozolt|Blizzard|p1a: Melmetal
|-resisted|p1a: Melmetal
|-damage|p1a: Melmetal|57/100
|
|-weather|Hail|[upkeep]
|-damage|p1a: Melmetal|51/100|[from] Hail
|-heal|p1a: Melmetal|57/100|[from] item: Leftovers
|upkeep
|turn|5
|
|t:|1667659542
|move|p2a: Arctozolt|Bolt Beak|p1a: Melmetal
|-damage|p1a: Melmetal|1/100
|move|p1a: Melmetal|Double Iron Bash|p2a: Arctozolt
|-damage|p2a: Arctozolt|46/100
|-damage|p2a: Arctozolt|0 fnt
|faint|p2a: Arctozolt
|-hitcount|p2: Arctozolt|2
|
|-weather|none
|-heal|p1a: Melmetal|7/100|[from] item: Leftovers
|-fieldend|move: Electric Terrain
|upkeep
|
|t:|1667659548
|switch|p2a: Vanilluxe|Vanilluxe, M|37/100
|-weather|Hail|[from] ability: Snow Warning|[of] p2a: Vanilluxe
|turn|6
|j| 0SiegeWarfare
|inactive|reionatro has 120 seconds left.
|
|t:|1667659570
|move|p2a: Vanilluxe|Blizzard|p1a: Melmetal
|-resisted|p1a: Melmetal
|-crit|p1a: Melmetal
|-damage|p1a: Melmetal|0 fnt
|faint|p1a: Melmetal
|
|-weather|Hail|[upkeep]
|upkeep
|inactive|reionatro has 120 seconds left.
|j| keeponem
|l| keeponem
|inactive|reionatro has 90 seconds left.
|
|t:|1667659607
|switch|p1a: Urshifu|Urshifu-Rapid-Strike, F|100/100
|turn|7
|
|t:|1667659614
|switch|p2a: Tornadus|Tornadus-Therian, M|100/100
|move|p1a: Urshifu|Surging Strikes|p2a: Tornadus
|-crit|p2a: Tornadus
|-damage|p2a: Tornadus|80/100
|-crit|p2a: Tornadus
|-damage|p2a: Tornadus|60/100
|-crit|p2a: Tornadus
|-damage|p2a: Tornadus|38/100
|-hitcount|p2a: Tornadus|3
|
|-weather|Hail|[upkeep]
|-damage|p2a: Tornadus|32/100|[from] Hail
|-damage|p1a: Urshifu|94/100|[from] Hail
|upkeep
|turn|8
|inactive|reionatro has 90 seconds left.
|
|t:|1667659650
|switch|p2a: Vanilluxe|Vanilluxe, M|37/100
|switch|p1a: Zapdos|Zapdos, shiny|100/100
|
|-weather|Hail|[upkeep]
|-damage|p1a: Zapdos|94/100|[from] Hail
|upkeep
|turn|9
|inactive|reionatro has 60 seconds left.
|
|t:|1667659672
|move|p1a: Zapdos|Volt Switch|p2a: Vanilluxe
|-damage|p2a: Vanilluxe|5/100
|inactive|reionatro has 60 seconds left.
|
|t:|1667659693
|switch|p1a: Landorus|Landorus-Therian, M|93/100|[from]move: Volt Switch
|-ability|p1a: Landorus|Intimidate|boost
|-unboost|p2a: Vanilluxe|atk|1
|move|p2a: Vanilluxe|Blizzard|p1a: Landorus
|-supereffective|p1a: Landorus
|-damage|p1a: Landorus|0 fnt
|faint|p1a: Landorus
|
|-weather|Hail|[upkeep]
|upkeep
|
|t:|1667659695
|switch|p1a: Urshifu|Urshifu-Rapid-Strike, F|94/100
|turn|10
|
|t:|1667659702
|switch|p2a: Hatterene|Hatterene, F|100/100
|move|p1a: Urshifu|Surging Strikes|p2a: Hatterene
|-crit|p2a: Hatterene
|-damage|p2a: Hatterene|84/100
|-crit|p2a: Hatterene
|-damage|p2a: Hatterene|70/100
|-crit|p2a: Hatterene
|-damage|p2a: Hatterene|54/100
|-hitcount|p2a: Hatterene|3
|
|-weather|none
|-heal|p2a: Hatterene|60/100|[from] item: Leftovers
|upkeep
|turn|11
|inactive|reionatro has 60 seconds left.
|j| theodort
|inactive|reionatro has 30 seconds left.
|inactive|reionatro has 20 seconds left.
|
|t:|1667659750
|switch|p1a: Rillaboom|Rillaboom, M|100/100
|-fieldstart|move: Grassy Terrain|[from] ability: Grassy Surge|[of] p1a: Rillaboom
|move|p2a: Hatterene|Draining Kiss|p1a: Rillaboom
|-damage|p1a: Rillaboom|73/100
|-heal|p2a: Hatterene|85/100|[from] drain|[of] p1a: Rillaboom
|
|-heal|p1a: Rillaboom|80/100|[from] Grassy Terrain
|-heal|p1a: Rillaboom|86/100|[from] item: Leftovers
|-heal|p2a: Hatterene|91/100|[from] Grassy Terrain
|-heal|p2a: Hatterene|97/100|[from] item: Leftovers
|upkeep
|turn|12
|inactive|reionatro has 30 seconds left this turn.
|
|t:|1667659766
|switch|p2a: Heatran|Heatran, M|100/100
|move|p1a: Rillaboom|Swords Dance|p1a: Rillaboom
|-boost|p1a: Rillaboom|atk|2
|
|-heal|p1a: Rillaboom|92/100|[from] Grassy Terrain
|-heal|p1a: Rillaboom|98/100|[from] item: Leftovers
|upkeep
|turn|13
|inactive|reionatro has 30 seconds left.
|
|t:|1667659780
|switch|p1a: Urshifu|Urshifu-Rapid-Strike, F|94/100
|move|p2a: Heatran|Lava Plume|p1a: Urshifu
|-resisted|p1a: Urshifu
|-damage|p1a: Urshifu|66/100
|
|-heal|p1a: Urshifu|73/100|[from] Grassy Terrain
|upkeep
|turn|14
|inactive|reionatro has 30 seconds left.
|
|t:|1667659785
|switch|p2a: Hatterene|Hatterene, F|97/100
|move|p1a: Urshifu|Surging Strikes|p2a: Hatterene
|-crit|p2a: Hatterene
|-damage|p2a: Hatterene|80/100
|-crit|p2a: Hatterene
|-damage|p2a: Hatterene|65/100
|-crit|p2a: Hatterene
|-damage|p2a: Hatterene|49/100
|-hitcount|p2a: Hatterene|3
|
|-heal|p1a: Urshifu|79/100|[from] Grassy Terrain
|-heal|p2a: Hatterene|55/100|[from] Grassy Terrain
|-heal|p2a: Hatterene|61/100|[from] item: Leftovers
|upkeep
|turn|15
|
|t:|1667659799
|switch|p1a: Rillaboom|Rillaboom, M|98/100
|move|p2a: Hatterene|Draining Kiss|p1a: Rillaboom
|-crit|p1a: Rillaboom
|-damage|p1a: Rillaboom|58/100
|-heal|p2a: Hatterene|99/100|[from] drain|[of] p1a: Rillaboom
|
|-heal|p1a: Rillaboom|64/100|[from] Grassy Terrain
|-heal|p1a: Rillaboom|70/100|[from] item: Leftovers
|-heal|p2a: Hatterene|100/100|[from] Grassy Terrain
|-fieldend|move: Grassy Terrain
|upkeep
|turn|16
|
|t:|1667659803
|move|p1a: Rillaboom|Swords Dance|p1a: Rillaboom
|-boost|p1a: Rillaboom|atk|2
|move|p2a: Hatterene|Mystical Fire|p1a: Rillaboom
|-supereffective|p1a: Rillaboom
|-damage|p1a: Rillaboom|23/100
|-unboost|p1a: Rillaboom|spa|1
|
|-heal|p1a: Rillaboom|29/100|[from] item: Leftovers
|upkeep
|turn|17
|
|t:|1667659814
|switch|p2a: Heatran|Heatran, M|100/100
|move|p1a: Rillaboom|Grassy Glide|p2a: Heatran
|-resisted|p2a: Heatran
|-damage|p2a: Heatran|87/100
|-status|p1a: Rillaboom|brn|[from] ability: Flame Body|[of] p2a: Heatran
|
|-heal|p1a: Rillaboom|35/100 brn|[from] item: Leftovers
|-heal|p2a: Heatran|93/100|[from] item: Leftovers
|-damage|p1a: Rillaboom|29/100 brn|[from] brn
|upkeep
|turn|18
|
|t:|1667659819
|move|p1a: Rillaboom|Drain Punch|p2a: Heatran
|-supereffective|p2a: Heatran
|-damage|p2a: Heatran|50/100
|-heal|p1a: Rillaboom|50/100 brn|[from] drain|[of] p2a: Heatran
|move|p2a: Heatran|Stealth Rock|p1a: Rillaboom
|-sidestart|p1: reionatro|move: Stealth Rock
|
|-heal|p1a: Rillaboom|57/100 brn|[from] item: Leftovers
|-heal|p2a: Heatran|56/100|[from] item: Leftovers
|-damage|p1a: Rillaboom|50/100 brn|[from] brn
|upkeep
|turn|19
|
|t:|1667659823
|move|p1a: Rillaboom|Drain Punch|p2a: Heatran
|-supereffective|p2a: Heatran
|-damage|p2a: Heatran|12/100
|-heal|p1a: Rillaboom|71/100 brn|[from] drain|[of] p2a: Heatran
|move|p2a: Heatran|Lava Plume|p1a: Rillaboom
|-supereffective|p1a: Rillaboom
|-damage|p1a: Rillaboom|0 fnt
|faint|p1a: Rillaboom
|
|-heal|p2a: Heatran|18/100|[from] item: Leftovers
|upkeep
|inactive|reionatro has 60 seconds left.
|j| keeponem
|
|t:|1667659845
|switch|p1a: Urshifu|Urshifu-Rapid-Strike, F|79/100
|-damage|p1a: Urshifu|73/100|[from] Stealth Rock
|turn|20
|
|t:|1667659849
|switch|p1a: Tapu Koko|Tapu Koko|100/100
|-damage|p1a: Tapu Koko|88/100|[from] Stealth Rock
|-fieldstart|move: Electric Terrain|[from] ability: Electric Surge|[of] p1a: Tapu Koko
|move|p2a: Heatran|Lava Plume|p1a: Tapu Koko
|-damage|p1a: Tapu Koko|33/100
|-status|p1a: Tapu Koko|brn
|
|-heal|p2a: Heatran|24/100|[from] item: Leftovers
|-damage|p1a: Tapu Koko|26/100 brn|[from] brn
|upkeep
|turn|21
|l| keeponem
|inactive|reionatro has 60 seconds left.
|
|t:|1667659875
|move|p2a: Heatran|Protect|p2a: Heatran
|-singleturn|p2a: Heatran|Protect
|move|p1a: Tapu Koko|Dazzling Gleam|p2a: Heatran
|-activate|p2a: Heatran|move: Protect
|
|-heal|p2a: Heatran|30/100|[from] item: Leftovers
|-damage|p1a: Tapu Koko|20/100 brn|[from] brn
|upkeep
|turn|22
|inactive|BugCatcherWeevil has 120 seconds left.
|l| Tokyo EZ
|inactive|BugCatcherWeevil has 90 seconds left.
|
|t:|1667659936
|switch|p2a: Landorus|Landorus-Therian, M|45/100
|-ability|p2a: Landorus|Intimidate|boost
|-unboost|p1a: Tapu Koko|atk|1
|move|p1a: Tapu Koko|Dazzling Gleam|p2a: Landorus
|-damage|p2a: Landorus|6/100
|
|-heal|p2a: Landorus|12/100|[from] item: Leftovers
|-damage|p1a: Tapu Koko|14/100 brn|[from] brn
|upkeep
|turn|23
|
|t:|1667659945
|switch|p2a: Heatran|Heatran, M|30/100
|move|p1a: Tapu Koko|Dazzling Gleam|p2a: Heatran
|-resisted|p2a: Heatran
|-damage|p2a: Heatran|22/100
|
|-heal|p2a: Heatran|28/100|[from] item: Leftovers
|-damage|p1a: Tapu Koko|8/100 brn|[from] brn
|upkeep
|turn|24
|inactive|BugCatcherWeevil has 90 seconds left.
|
|t:|1667659983
|switch|p1a: Zapdos|Zapdos, shiny|94/100
|switch|p2a: Landorus|Landorus-Therian, M|12/100
|-ability|p2a: Landorus|Intimidate|boost
|-unboost|p1a: Zapdos|atk|1
|
|-heal|p2a: Landorus|18/100|[from] item: Leftovers
|-fieldend|move: Electric Terrain
|upkeep
|turn|25
|
|t:|1667659988
|switch|p2a: Tornadus|Tornadus-Therian, M|65/100
|move|p1a: Zapdos|Defog|p2a: Tornadus
|-unboost|p2a: Tornadus|evasion|1
|-sideend|p1: reionatro|Stealth Rock|[from] move: Defog|[of] p1a: Zapdos
|
|upkeep
|turn|26
|
|t:|1667659995
|switch|p2a: Landorus|Landorus-Therian, M|18/100
|-ability|p2a: Landorus|Intimidate|boost
|-unboost|p1a: Zapdos|atk|1
|move|p1a: Zapdos|Volt Switch|p2a: Landorus
|-immune|p2a: Landorus
|
|-heal|p2a: Landorus|24/100|[from] item: Leftovers
|upkeep
|turn|27
|inactive|BugCatcherWeevil has 90 seconds left.
|
|t:|1667660004
|switch|p2a: Heatran|Heatran, M|28/100
|move|p1a: Zapdos|Hurricane|p2a: Heatran
|-resisted|p2a: Heatran
|-damage|p2a: Heatran|13/100
|-start|p2a: Heatran|confusion
|
|-heal|p2a: Heatran|19/100|[from] item: Leftovers
|upkeep
|turn|28
|
|t:|1667660012
|-activate|p2a: Heatran|confusion
|-damage|p2a: Heatran|14/100|[from] confusion
|move|p1a: Zapdos|Hurricane|p2a: Heatran|[miss]
|-miss|p1a: Zapdos|p2a: Heatran
|
|-heal|p2a: Heatran|20/100|[from] item: Leftovers
|upkeep
|turn|29
|
|t:|1667660025
|move|p1a: Zapdos|Hurricane|p2a: Heatran|[miss]
|-miss|p1a: Zapdos|p2a: Heatran
|-end|p2a: Heatran|confusion
|move|p2a: Heatran|Stealth Rock|p1a: Zapdos
|-sidestart|p1: reionatro|move: Stealth Rock
|
|-heal|p2a: Heatran|27/100|[from] item: Leftovers
|upkeep
|turn|30
|
|t:|1667660027
|move|p1a: Zapdos|Defog|p2a: Heatran
|-unboost|p2a: Heatran|evasion|1
|-sideend|p1: reionatro|Stealth Rock|[from] move: Defog|[of] p1a: Zapdos
|move|p2a: Heatran|Lava Plume|p1a: Zapdos
|-damage|p1a: Zapdos|61/100
|
|-heal|p2a: Heatran|33/100|[from] item: Leftovers
|upkeep
|turn|31
|j| Fjb2402
|
|t:|1667660036
|move|p1a: Zapdos|Hurricane|p2a: Heatran|[miss]
|-miss|p1a: Zapdos|p2a: Heatran
|move|p2a: Heatran|Lava Plume|p1a: Zapdos
|-damage|p1a: Zapdos|29/100
|-status|p1a: Zapdos|brn
|
|-heal|p2a: Heatran|39/100|[from] item: Leftovers
|-damage|p1a: Zapdos|23/100 brn|[from] brn
|upkeep
|turn|32
|
|t:|1667660040
|move|p1a: Zapdos|Hurricane|p2a: Heatran
|-resisted|p2a: Heatran
|-damage|p2a: Heatran|22/100
|move|p2a: Heatran|Lava Plume|p1a: Zapdos
|-damage|p1a: Zapdos|0 fnt
|faint|p1a: Zapdos
|
|-heal|p2a: Heatran|29/100|[from] item: Leftovers
|upkeep
|
|t:|1667660043
|switch|p1a: Urshifu|Urshifu-Rapid-Strike, F|73/100
|turn|33
|inactive|BugCatcherWeevil has 120 seconds left.
|
|t:|1667660062
|switch|p1a: Tapu Koko|Tapu Koko|8/100 brn
|-fieldstart|move: Electric Terrain|[from] ability: Electric Surge|[of] p1a: Tapu Koko
|move|p2a: Heatran|Lava Plume|p1a: Tapu Koko
|-damage|p1a: Tapu Koko|0 fnt
|faint|p1a: Tapu Koko
|
|-heal|p2a: Heatran|35/100|[from] item: Leftovers
|upkeep
|
|t:|1667660070
|switch|p1a: Urshifu|Urshifu-Rapid-Strike, F|73/100
|turn|34
|
|t:|1667660072
|move|p1a: Urshifu|Surging Strikes|p2a: Heatran
|-supereffective|p2a: Heatran
|-crit|p2a: Heatran
|-damage|p2a: Heatran|2/100
|-supereffective|p2a: Heatran
|-crit|p2a: Heatran
|-damage|p2a: Heatran|0 fnt
|faint|p2a: Heatran
|-hitcount|p2: Heatran|2
|
|upkeep
|
|t:|1667660077
|switch|p2a: Landorus|Landorus-Therian, M|24/100
|-ability|p2a: Landorus|Intimidate|boost
|-unboost|p1a: Urshifu|atk|1
|turn|35
|
|t:|1667660080
|move|p1a: Urshifu|Surging Strikes|p2a: Landorus
|-supereffective|p2a: Landorus
|-crit|p2a: Landorus
|-damage|p2a: Landorus|0 fnt
|faint|p2a: Landorus
|-hitcount|p2: Landorus|1
|
|upkeep
|
|t:|1667660085
|switch|p2a: Tornadus|Tornadus-Therian, M|98/100
|turn|36
|
|t:|1667660107
|move|p2a: Tornadus|Hurricane|p1a: Urshifu
|-supereffective|p1a: Urshifu
|-damage|p1a: Urshifu|0 fnt
|faint|p1a: Urshifu
|
|win|BugCatcherWeevil
|raw|reionatro's rating: 1836 &rarr; <strong>1815</strong><br />(-21 for losing)
|raw|BugCatcherWeevil's rating: 1821 &rarr; <strong>1842</strong><br />(+21 for winning)
|c|☆reionatro|gg
|l|☆reionatro
|l| theodort
|l| Fjb2402
|l| King Of Peak
|l| 0SiegeWarfare
||Ladder isn't responding, score probably updated but might not have (Request timeout).
