|j|☆Steelix Fusion
|j|☆kayjulers
|t:|1654298057
|gametype|singles
|player|p1|Steelix Fusion|marshal|1647
|player|p2|kayjulers|skyla|1604
|teamsize|p1|6
|teamsize|p2|6
|gen|8
|tier|[Gen 8] OU
|rated|
|rule|Sleep Clause Mod: Limit one foe put to sleep
|rule|Species Clause: Limit one of each Pokémon
|rule|OHKO Clause: OHKO moves are banned
|rule|Evasion Moves Clause: Evasion moves are banned
|rule|Endless Battle Clause: Forcing endless battles is banned
|rule|HP Percentage Mod: HP is shown in percentages
|rule|Dynamax Clause: You cannot dynamax
|clearpoke
|poke|p1|Ninetales-Alola, F|
|poke|p1|Klefki, M|
|poke|p1|Volcarona, F|
|poke|p1|Rillaboom, F|
|poke|p1|Weavile, F|
|poke|p1|Scolipede, F|
|poke|p2|Urshifu-*, M|
|poke|p2|Tangrowth, M|
|poke|p2|Mandibuzz, F|
|poke|p2|Terrakion|
|poke|p2|Tapu Koko|
|poke|p2|Zeraora|
|teampreview
|inactive|Battle timer is ON: inactive players will automatically lose when time's up. (requested by Steelix Fusion)
|
|t:|1654298070
|start
|switch|p1a: Klefki|Klefki, M|100/100
|switch|p2a: Zeraora|Zeraora|100/100
|turn|1
|
|t:|1654298076
|move|p1a: Klefki|Reflect|p1a: Klefki
|-sidestart|p1: Steelix Fusion|Reflect
|move|p2a: Zeraora|Plasma Fists|p1a: Klefki
|-damage|p1a: Klefki|72/100
|-fieldactivate|move: Ion Deluge
|-hint|Normal-type moves become Electric-type after using Plasma Fists.
|-damage|p2a: Zeraora|91/100|[from] item: Life Orb
|
|upkeep
|turn|2
|
|t:|1654298084
|move|p1a: Klefki|Light Screen|p1a: Klefki
|-sidestart|p1: Steelix Fusion|move: Light Screen
|move|p2a: Zeraora|Volt Switch|p1a: Klefki
|-damage|p1a: Klefki|54/100
|-damage|p2a: Zeraora|81/100|[from] item: Life Orb
|
|t:|1654298092
|switch|p2a: Tapu Koko|Tapu Koko|100/100|[from]move: Volt Switch
|-fieldstart|move: Electric Terrain|[from] ability: Electric Surge|[of] p2a: Tapu Koko
|
|upkeep
|turn|3
|
|t:|1654298097
|switch|p1a: Rillaboom|Rillaboom, F|100/100
|-fieldstart|move: Grassy Terrain|[from] ability: Grassy Surge|[of] p1a: Rillaboom
|move|p2a: Tapu Koko|Thunderbolt|p1a: Rillaboom
|-resisted|p1a: Rillaboom
|-damage|p1a: Rillaboom|87/100
|
|-heal|p1a: Rillaboom|93/100|[from] Grassy Terrain
|upkeep
|turn|4
|
|t:|1654298104
|switch|p2a: Mandibuzz|Mandibuzz, F|100/100
|move|p1a: Rillaboom|Swords Dance|p1a: Rillaboom
|-boost|p1a: Rillaboom|atk|2
|
|-heal|p1a: Rillaboom|99/100|[from] Grassy Terrain
|upkeep
|turn|5
|
|t:|1654298114
|move|p1a: Rillaboom|Superpower|p2a: Mandibuzz
|-damage|p2a: Mandibuzz|28/100
|-unboost|p1a: Rillaboom|atk|1
|-unboost|p1a: Rillaboom|def|1
|-damage|p1a: Rillaboom|89/100|[from] item: Life Orb
|move|p2a: Mandibuzz|Foul Play|p1a: Rillaboom
|-crit|p1a: Rillaboom
|-damage|p1a: Rillaboom|0 fnt
|faint|p1a: Rillaboom
|
|upkeep
|c|☆Steelix Fusion|crit?
|
|t:|1654298130
|switch|p1a: Volcarona|Volcarona, F|100/100
|turn|6
|
|t:|1654298156
|move|p1a: Volcarona|Quiver Dance|p1a: Volcarona
|-boost|p1a: Volcarona|spa|1
|-boost|p1a: Volcarona|spd|1
|-boost|p1a: Volcarona|spe|1
|move|p2a: Mandibuzz|Toxic|p1a: Volcarona
|-status|p1a: Volcarona|tox
|
|-damage|p1a: Volcarona|94/100 tox|[from] psn
|upkeep
|turn|7
|
|t:|1654298163
|move|p1a: Volcarona|Fiery Dance|p2a: Mandibuzz
|-damage|p2a: Mandibuzz|0 fnt
|faint|p2a: Mandibuzz
|
|-heal|p1a: Volcarona|100/100 tox|[from] Grassy Terrain
|-damage|p1a: Volcarona|88/100 tox|[from] psn
|-fieldend|move: Grassy Terrain
|upkeep
|
|t:|1654298173
|switch|p2a: Terrakion|Terrakion|100/100
|turn|8
|
|t:|1654298175
|move|p1a: Volcarona|Psychic|p2a: Terrakion
|-supereffective|p2a: Terrakion
|-enditem|p2a: Terrakion|Focus Sash
|-damage|p2a: Terrakion|1/100
|move|p2a: Terrakion|Stone Edge|p1a: Volcarona|[miss]
|-miss|p2a: Terrakion|p1a: Volcarona
|
|-damage|p1a: Volcarona|70/100 tox|[from] psn
|-sideend|p1: Steelix Fusion|Reflect
|upkeep
|turn|9
|
|t:|1654298184
|move|p1a: Volcarona|Fiery Dance|p2a: Terrakion
|-resisted|p2a: Terrakion
|-damage|p2a: Terrakion|0 fnt
|-boost|p1a: Volcarona|spa|1
|faint|p2a: Terrakion
|
|-damage|p1a: Volcarona|46/100 tox|[from] psn
|-sideend|p1: Steelix Fusion|move: Light Screen
|upkeep
|
|t:|1654298193
|switch|p2a: Urshifu|Urshifu-Rapid-Strike, M|100/100
|turn|10
|
|t:|1654298202
|switch|p2a: Tangrowth|Tangrowth, M|100/100
|move|p1a: Volcarona|Giga Drain|p2a: Tangrowth
|-resisted|p2a: Tangrowth
|-damage|p2a: Tangrowth|60/100
|-heal|p1a: Volcarona|72/100 tox|[from] drain|[of] p2a: Tangrowth
|
|-damage|p1a: Volcarona|41/100 tox|[from] psn
|upkeep
|turn|11
|
|t:|1654298213
|switch|p2a: Urshifu|Urshifu-Rapid-Strike, M|100/100
|move|p1a: Volcarona|Fiery Dance|p2a: Urshifu
|-resisted|p2a: Urshifu
|-crit|p2a: Urshifu
|-damage|p2a: Urshifu|0 fnt
|-boost|p1a: Volcarona|spa|1
|faint|p2a: Urshifu
|
|-damage|p1a: Volcarona|4/100 tox|[from] psn
|upkeep
|c|☆Steelix Fusion|sweet
|
|t:|1654298223
|switch|p2a: Tangrowth|Tangrowth, M|94/100
|turn|12
|c|☆Steelix Fusion|got cha back
|
|t:|1654298226
|move|p1a: Volcarona|Fiery Dance|p2a: Tangrowth
|-supereffective|p2a: Tangrowth
|-damage|p2a: Tangrowth|0 fnt
|-boost|p1a: Volcarona|spa|1
|faint|p2a: Tangrowth
|
|-damage|p1a: Volcarona|0 fnt|[from] psn
|faint|p1a: Volcarona
|upkeep
|
|t:|1654298234
|switch|p1a: Ninetales|Ninetales-Alola, F|100/100
|switch|p2a: Tapu Koko|Tapu Koko|100/100
|-fieldstart|move: Electric Terrain|[from] ability: Electric Surge|[of] p2a: Tapu Koko
|-weather|Hail|[from] ability: Snow Warning|[of] p1a: Ninetales
|turn|13
|
|t:|1654298241
|move|p2a: Tapu Koko|Thunderbolt|p1a: Ninetales
|-damage|p1a: Ninetales|45/100
|move|p1a: Ninetales|Aurora Veil|p1a: Ninetales
|-sidestart|p1: Steelix Fusion|move: Aurora Veil
|
|-weather|Hail|[upkeep]
|-damage|p2a: Tapu Koko|94/100|[from] Hail
|-heal|p2a: Tapu Koko|100/100|[from] item: Leftovers
|upkeep
|turn|14
|
|t:|1654298248
|move|p2a: Tapu Koko|Thunderbolt|p1a: Ninetales
|-damage|p1a: Ninetales|15/100
|move|p1a: Ninetales|Freeze-Dry|p2a: Tapu Koko
|-damage|p2a: Tapu Koko|68/100
|
|-weather|Hail|[upkeep]
|-damage|p2a: Tapu Koko|62/100|[from] Hail
|-heal|p2a: Tapu Koko|68/100|[from] item: Leftovers
|upkeep
|turn|15
|
|t:|1654298256
|move|p2a: Tapu Koko|Thunderbolt|p1a: Ninetales
|-damage|p1a: Ninetales|0 fnt
|faint|p1a: Ninetales
|
|-weather|Hail|[upkeep]
|-damage|p2a: Tapu Koko|62/100|[from] Hail
|-heal|p2a: Tapu Koko|68/100|[from] item: Leftovers
|upkeep
|
|t:|1654298263
|switch|p1a: Scolipede|Scolipede, F|100/100
|turn|16
|
|t:|1654298266
|move|p2a: Tapu Koko|Thunderbolt|p1a: Scolipede
|-damage|p1a: Scolipede|54/100
|-status|p1a: Scolipede|par
|move|p1a: Scolipede|Swords Dance|p1a: Scolipede
|-boost|p1a: Scolipede|atk|2
|
|-weather|Hail|[upkeep]
|-damage|p2a: Tapu Koko|62/100|[from] Hail
|-damage|p1a: Scolipede|48/100 par|[from] Hail
|-heal|p2a: Tapu Koko|68/100|[from] item: Leftovers
|-ability|p1a: Scolipede|Speed Boost|boost
|-boost|p1a: Scolipede|spe|1
|upkeep
|turn|17
|c|☆Steelix Fusion|WOW
|
|t:|1654298277
|move|p2a: Tapu Koko|Thunderbolt|p1a: Scolipede
|-damage|p1a: Scolipede|8/100 par
|move|p1a: Scolipede|Earthquake|p2a: Tapu Koko
|-supereffective|p2a: Tapu Koko
|-damage|p2a: Tapu Koko|0 fnt
|faint|p2a: Tapu Koko
|-damage|p1a: Scolipede|0 fnt|[from] item: Life Orb
|faint|p1a: Scolipede
|
|-weather|none
|-fieldend|move: Electric Terrain
|upkeep
|
|t:|1654298286
|switch|p2a: Zeraora|Zeraora|81/100
|switch|p1a: Weavile|Weavile, F|100/100
|-ability|p1a: Weavile|Pressure
|turn|18
|
|t:|1654298291
|move|p2a: Zeraora|Close Combat|p1a: Weavile
|-supereffective|p1a: Weavile
|-damage|p1a: Weavile|0 fnt
|-unboost|p2a: Zeraora|def|1
|-unboost|p2a: Zeraora|spd|1
|faint|p1a: Weavile
|-damage|p2a: Zeraora|71/100|[from] item: Life Orb
|
|upkeep
|c|☆Steelix Fusion|DUDE
|c|☆Steelix Fusion|THAT PARA
|c|☆Steelix Fusion|10% chance
|c|☆Steelix Fusion|ur gonna have to wait
|c|☆Steelix Fusion|2 min
|c|☆Steelix Fusion|for this bs win
|c|☆Steelix Fusion|bye'
|c|☆kayjulers|I also missed stone edge, but you don't see me complaining
|inactive|Steelix Fusion has 120 seconds left.
|c|☆Steelix Fusion|joke
|inactive|Steelix Fusion has 90 seconds left.
|inactive|Steelix Fusion has 60 seconds left.
|inactive|Steelix Fusion has 30 seconds left.
|inactive|Steelix Fusion has 20 seconds left.
|inactive|Steelix Fusion has 15 seconds left.
|inactive|Steelix Fusion has 10 seconds left.
|inactive|Steelix Fusion has 5 seconds left.
|-message|Steelix Fusion lost due to inactivity.
|
|win|kayjulers
|raw|Steelix Fusion's rating: 1647 &rarr; <strong>1625</strong><br />(-22 for losing)
|raw|kayjulers's rating: 1604 &rarr; <strong>1626</strong><br />(+22 for winning)
|c|☆Steelix Fusion|pathetic
