|raw|<div class="broadcast-blue"><strong>This battle is required to be public due to a player having a name starting with 'lt91bb'.</div>
|j|☆LT91BB Kebab
|j|☆return nirvana
|t:|1659358353
|gametype|singles
|player|p1|LT91BB Kebab|volkner|1888
|player|p2|return nirvana|gambler-gen1|1964
|teamsize|p1|6
|teamsize|p2|6
|gen|8
|tier|[Gen 8] OU
|rated|
|rule|Sleep Clause Mod: Limit one foe put to sleep
|rule|Species Clause: Limit one of each Pokémon
|rule|OHKO Clause: OHKO moves are banned
|rule|Evasion Moves Clause: Evasion moves are banned
|rule|Endless Battle Clause: Forcing endless battles is banned
|rule|HP Percentage Mod: HP is shown in percentages
|rule|Dynamax Clause: You cannot dynamax
|clearpoke
|poke|p1|Tapu Fini|
|poke|p1|Tornadus-Therian, M|
|poke|p1|Landorus-Therian, M|
|poke|p1|Heatran, F|
|poke|p1|Tapu Koko|
|poke|p1|Melmetal|
|poke|p2|Celesteela|
|poke|p2|Nihilego|
|poke|p2|Magnezone|
|poke|p2|Garchomp, F|
|poke|p2|Weavile, M|
|poke|p2|Toxapex, F|
|teampreview
|inactive|Battle timer is ON: inactive players will automatically lose when time's up. (requested by return nirvana)
|
|t:|1659358367
|start
|switch|p1a: MARIANO|Tapu Koko|100/100
|switch|p2a: Nihilego|Nihilego|100/100
|-fieldstart|move: Electric Terrain|[from] ability: Electric Surge|[of] p1a: MARIANO
|turn|1
|
|t:|1659358373
|move|p1a: MARIANO|Volt Switch|p2a: Nihilego
|-damage|p2a: Nihilego|59/100
|
|t:|1659358376
|switch|p1a: PEPPONE|Melmetal|100/100|[from]move: Volt Switch
|move|p2a: Nihilego|Stealth Rock|p1a: PEPPONE
|-sidestart|p1: LT91BB Kebab|move: Stealth Rock
|
|upkeep
|turn|2
|j| Cocomelon Esports
|
|t:|1659358382
|switch|p2a: Magnezone|Magnezone|100/100
|-item|p2a: Magnezone|Air Balloon
|move|p1a: PEPPONE|Thunder Punch|p2a: Magnezone
|-resisted|p2a: Magnezone
|-damage|p2a: Magnezone|82/100
|-enditem|p2a: Magnezone|Air Balloon
|
|upkeep
|turn|3
|l| Cocomelon Esports
|j| cute pink team
|
|t:|1659358387
|move|p2a: Magnezone|Iron Defense|p2a: Magnezone
|-boost|p2a: Magnezone|def|2
|move|p1a: PEPPONE|Superpower|p2a: Magnezone
|-supereffective|p2a: Magnezone
|-damage|p2a: Magnezone|45/100
|-unboost|p1a: PEPPONE|atk|1
|-unboost|p1a: PEPPONE|def|1
|
|upkeep
|turn|4
|
|t:|1659358391
|move|p2a: Magnezone|Body Press|p1a: PEPPONE
|-supereffective|p1a: PEPPONE
|-damage|p1a: PEPPONE|0 fnt
|faint|p1a: PEPPONE
|
|upkeep
|j| LT91BB PDC
|
|t:|1659358398
|switch|p1a: ENZO|Heatran, F|100/100
|-damage|p1a: ENZO|88/100|[from] Stealth Rock
|turn|5
|j| TuereselXokas
|
|t:|1659358402
|move|p1a: ENZO|Earth Power|p2a: Magnezone
|-supereffective|p2a: Magnezone
|-damage|p2a: Magnezone|0 fnt
|faint|p2a: Magnezone
|
|-heal|p1a: ENZO|94/100|[from] item: Leftovers
|-fieldend|move: Electric Terrain
|upkeep
|
|t:|1659358406
|switch|p2a: Garchomp|Garchomp, F|100/100
|turn|6
|j| yeshahr
|
|t:|1659358412
|move|p2a: Garchomp|Swords Dance|p2a: Garchomp
|-boost|p2a: Garchomp|atk|2
|move|p1a: ENZO|Toxic|p2a: Garchomp
|-status|p2a: Garchomp|tox
|
|-heal|p1a: ENZO|100/100|[from] item: Leftovers
|-damage|p2a: Garchomp|94/100 tox|[from] psn
|upkeep
|turn|7
|
|t:|1659358423
|switch|p1a: LELLO|Landorus-Therian, M|100/100
|-damage|p1a: LELLO|88/100|[from] Stealth Rock
|-ability|p1a: LELLO|Intimidate|boost
|-unboost|p2a: Garchomp|atk|1
|move|p2a: Garchomp|Scale Shot|p1a: LELLO
|-damage|p1a: LELLO|58/100
|-damage|p1a: LELLO|30/100
|-damage|p1a: LELLO|0 fnt
|faint|p1a: LELLO
|-hitcount|p1: LELLO|3
|-unboost|p2a: Garchomp|def|1
|-boost|p2a: Garchomp|spe|1
|-damage|p2a: Garchomp|85/100 tox|[from] item: Life Orb
|
|-damage|p2a: Garchomp|72/100 tox|[from] psn
|upkeep
|j| LT91BB Storm
|j| Sanskriti
|
|t:|1659358430
|switch|p1a: CARMELA|Tapu Fini|100/100
|-damage|p1a: CARMELA|88/100|[from] Stealth Rock
|-fieldstart|move: Misty Terrain|[from] ability: Misty Surge|[of] p1a: CARMELA
|turn|8
|
|t:|1659358433
|move|p2a: Garchomp|Earthquake|p1a: CARMELA
|-damage|p1a: CARMELA|22/100
|-damage|p2a: Garchomp|62/100 tox|[from] item: Life Orb
|move|p1a: CARMELA|Draining Kiss|p2a: Garchomp
|-supereffective|p2a: Garchomp
|-damage|p2a: Garchomp|28/100 tox
|-heal|p1a: CARMELA|49/100|[from] drain|[of] p2a: Garchomp
|-damage|p1a: CARMELA|36/100|[from] ability: Rough Skin|[of] p2a: Garchomp
|
|-heal|p1a: CARMELA|42/100|[from] item: Leftovers
|-damage|p2a: Garchomp|10/100 tox|[from] psn
|upkeep
|turn|9
|
|t:|1659358440
|move|p2a: Garchomp|Fire Fang|p1a: CARMELA
|-resisted|p1a: CARMELA
|-damage|p1a: CARMELA|28/100
|-damage|p2a: Garchomp|0 fnt|[from] item: Life Orb
|faint|p2a: Garchomp
|move|p1a: CARMELA|Calm Mind|p1a: CARMELA
|-boost|p1a: CARMELA|spa|1
|-boost|p1a: CARMELA|spd|1
|
|-heal|p1a: CARMELA|35/100|[from] item: Leftovers
|upkeep
|
|t:|1659358442
|switch|p2a: Nihilego|Nihilego|59/100
|turn|10
|
|t:|1659358452
|move|p2a: Nihilego|Meteor Beam||[still]
|-prepare|p2a: Nihilego|Meteor Beam
|-boost|p2a: Nihilego|spa|1
|-enditem|p2a: Nihilego|Power Herb
|-anim|p2a: Nihilego|Meteor Beam|p1a: CARMELA
|-damage|p1a: CARMELA|0 fnt
|faint|p1a: CARMELA
|-ability|p2a: Nihilego|Beast Boost|boost
|-boost|p2a: Nihilego|spe|1
|
|upkeep
|j| ripreckful
|
|t:|1659358461
|switch|p1a: ENZO|Heatran, F|100/100
|-damage|p1a: ENZO|88/100|[from] Stealth Rock
|turn|11
|
|t:|1659358463
|switch|p2a: Toxapex|Toxapex, F|100/100
|move|p1a: ENZO|Earth Power|p2a: Toxapex
|-supereffective|p2a: Toxapex
|-damage|p2a: Toxapex|57/100
|-enditem|p2a: Toxapex|Eject Button
|
|t:|1659358464
|switch|p2a: Weavile|Weavile, M|100/100
|-ability|p2a: Weavile|Pressure
|
|-heal|p1a: ENZO|94/100|[from] item: Leftovers
|upkeep
|turn|12
|
|t:|1659358467
|move|p2a: Weavile|Knock Off|p1a: ENZO
|-damage|p1a: ENZO|35/100
|-enditem|p1a: ENZO|Leftovers|[from] move: Knock Off|[of] p2a: Weavile
|-damage|p2a: Weavile|91/100|[from] item: Life Orb
|move|p1a: ENZO|Magma Storm|p2a: Weavile|[miss]
|-miss|p1a: ENZO|p2a: Weavile
|
|-fieldend|Misty Terrain
|upkeep
|turn|13
|j| bobertsmalls
|j| Mikoshi Fans
|
|t:|1659358476
|move|p2a: Weavile|Knock Off|p1a: ENZO
|-damage|p1a: ENZO|0 fnt
|faint|p1a: ENZO
|-damage|p2a: Weavile|81/100|[from] item: Life Orb
|
|upkeep
|j| LT91BB yama
|
|t:|1659358479
|switch|p1a: MARIANO|Tapu Koko|100/100
|-damage|p1a: MARIANO|88/100|[from] Stealth Rock
|-fieldstart|move: Electric Terrain|[from] ability: Electric Surge|[of] p1a: MARIANO
|turn|14
|
|t:|1659358481
|move|p2a: Weavile|Ice Shard|p1a: MARIANO
|-damage|p1a: MARIANO|45/100
|-damage|p2a: Weavile|71/100|[from] item: Life Orb
|move|p1a: MARIANO|Thunderbolt|p2a: Weavile
|-damage|p2a: Weavile|0 fnt
|faint|p2a: Weavile
|
|upkeep
|l| Mikoshi Fans
|
|t:|1659358482
|switch|p2a: Nihilego|Nihilego|59/100
|turn|15
|j| Chose Truc
|j| tsnsj
|inactive|LT91BB Kebab has 120 seconds left.
|j| SkipTheDripBayless
|
|t:|1659358536
|move|p1a: MARIANO|Thunderbolt|p2a: Nihilego
|-damage|p2a: Nihilego|9/100
|move|p2a: Nihilego|Power Gem|p1a: MARIANO
|-damage|p1a: MARIANO|0 fnt
|faint|p1a: MARIANO
|-ability|p2a: Nihilego|Beast Boost|boost
|-boost|p2a: Nihilego|spe|1
|
|upkeep
|
|t:|1659358540
|switch|p1a: GIGGINO|Tornadus-Therian, M|100/100
|turn|16
|-message|LT91BB Kebab forfeited.
|
|win|return nirvana
|raw|LT91BB Kebab's rating: 1888 &rarr; <strong>1872</strong><br />(-16 for losing)
|raw|return nirvana's rating: 1964 &rarr; <strong>1980</strong><br />(+16 for winning)
|l|☆LT91BB Kebab
