|j|☆broked on bricks
|j|☆cump6
|t:|1663608481
|gametype|singles
|player|p1|broked on bricks|lance-masters|1614
|player|p2|cump6|schoolkid-gen4|1731
|teamsize|p1|6
|teamsize|p2|6
|gen|8
|tier|[Gen 8] OU
|rated|
|rule|Sleep Clause Mod: Limit one foe put to sleep
|rule|Species Clause: Limit one of each Pokémon
|rule|OHKO Clause: OHKO moves are banned
|rule|Evasion Items Clause: Evasion items are banned
|rule|Evasion Moves Clause: Evasion moves are banned
|rule|Endless Battle Clause: Forcing endless battles is banned
|rule|HP Percentage Mod: HP is shown in percentages
|rule|Dynamax Clause: You cannot dynamax
|clearpoke
|poke|p1|Pelipper, F|
|poke|p1|Keldeo-Resolute|
|poke|p1|Dragapult, M|
|poke|p1|Tapu Lele|
|poke|p1|Melmetal|
|poke|p1|Landorus-Therian, M|
|poke|p2|Garchomp, F|
|poke|p2|Tornadus-Therian, M|
|poke|p2|Umbreon, F|
|poke|p2|Slowking, M|
|poke|p2|Kartana|
|poke|p2|Tapu Lele|
|teampreview
|c|☆broked on bricks|glhf again
|c|☆cump6|hf
|
|t:|1663608491
|start
|switch|p1a: SWAG LIKE OHIO|Landorus-Therian, M|100/100
|switch|p2a: Kartana|Kartana, shiny|100/100
|-ability|p1a: SWAG LIKE OHIO|Intimidate|boost
|-unboost|p2a: Kartana|atk|1
|turn|1
|
|t:|1663608496
|switch|p1a: These Bolts|Melmetal|100/100
|move|p2a: Kartana|Leaf Blade|p1a: These Bolts
|-resisted|p1a: These Bolts
|-damage|p1a: These Bolts|81/100
|
|-heal|p1a: These Bolts|87/100|[from] item: Leftovers
|upkeep
|turn|2
|
|t:|1663608500
|switch|p2a: Slowking|Slowking, M, shiny|100/100
|move|p1a: These Bolts|Toxic|p2a: Slowking
|-status|p2a: Slowking|tox
|
|-heal|p1a: These Bolts|93/100|[from] item: Leftovers
|-damage|p2a: Slowking|94/100 tox|[from] psn
|upkeep
|turn|3
|
|t:|1663608507
|switch|p1a: Lele Wulong|Tapu Lele|100/100
|-fieldstart|move: Psychic Terrain|[from] ability: Psychic Surge|[of] p1a: Lele Wulong
|switch|p2a: Umbreon|Umbreon, F, shiny|100/100
|
|upkeep
|turn|4
|
|t:|1663608511
|move|p2a: Umbreon|Protect|p2a: Umbreon
|-singleturn|p2a: Umbreon|Protect
|move|p1a: Lele Wulong|Moonblast|p2a: Umbreon
|-activate|p2a: Umbreon|move: Protect
|
|upkeep
|turn|5
|
|t:|1663608515
|switch|p2a: Slowking|Slowking, M, shiny|100/100 tox
|move|p1a: Lele Wulong|Moonblast|p2a: Slowking
|-damage|p2a: Slowking|68/100 tox
|
|-damage|p2a: Slowking|62/100 tox|[from] psn
|upkeep
|turn|6
|
|t:|1663608518
|move|p1a: Lele Wulong|Moonblast|p2a: Slowking
|-damage|p2a: Slowking|29/100 tox
|move|p2a: Slowking|Teleport|p2a: Slowking
|
|t:|1663608523
|switch|p2a: Tornadus|Tornadus-Therian, M, shiny|100/100|[from]move: Teleport
|
|upkeep
|turn|7
|
|t:|1663608528
|switch|p1a: SWAG LIKE OHIO|Landorus-Therian, M|100/100
|-ability|p1a: SWAG LIKE OHIO|Intimidate|boost
|-unboost|p2a: Tornadus|atk|1
|move|p2a: Tornadus|Knock Off|p1a: SWAG LIKE OHIO
|-damage|p1a: SWAG LIKE OHIO|86/100
|-enditem|p1a: SWAG LIKE OHIO|Eject Button|[from] move: Knock Off|[of] p2a: Tornadus
|
|-fieldend|move: Psychic Terrain
|upkeep
|turn|8
|
|t:|1663608532
|move|p2a: Tornadus|Taunt|p1a: SWAG LIKE OHIO
|-start|p1a: SWAG LIKE OHIO|move: Taunt
|move|p1a: SWAG LIKE OHIO|Knock Off|p2a: Tornadus
|-damage|p2a: Tornadus|68/100
|-enditem|p2a: Tornadus|Heavy-Duty Boots|[from] move: Knock Off|[of] p1a: SWAG LIKE OHIO
|
|upkeep
|turn|9
|
|t:|1663608534
|move|p2a: Tornadus|Hurricane|p1a: SWAG LIKE OHIO|[miss]
|-miss|p2a: Tornadus|p1a: SWAG LIKE OHIO
|move|p1a: SWAG LIKE OHIO|U-turn|p2a: Tornadus
|-resisted|p2a: Tornadus
|-damage|p2a: Tornadus|57/100
|
|t:|1663608549
|switch|p1a: Lele Wulong|Tapu Lele|100/100|[from]move: U-turn
|-fieldstart|move: Psychic Terrain|[from] ability: Psychic Surge|[of] p1a: Lele Wulong
|
|upkeep
|turn|10
|
|t:|1663608555
|switch|p2a: Garchomp|Garchomp, F, shiny|100/100
|move|p1a: Lele Wulong|Moonblast|p2a: Garchomp
|-supereffective|p2a: Garchomp
|-damage|p2a: Garchomp|30/100
|
|-heal|p2a: Garchomp|36/100|[from] item: Leftovers
|upkeep
|turn|11
|
|t:|1663608557
|move|p2a: Garchomp|Protect|p2a: Garchomp
|-singleturn|p2a: Garchomp|Protect
|move|p1a: Lele Wulong|Moonblast|p2a: Garchomp
|-activate|p2a: Garchomp|move: Protect
|
|-heal|p2a: Garchomp|42/100|[from] item: Leftovers
|upkeep
|turn|12
|
|t:|1663608560
|switch|p2a: Kartana|Kartana, shiny|100/100
|move|p1a: Lele Wulong|Moonblast|p2a: Kartana
|-resisted|p2a: Kartana
|-damage|p2a: Kartana|17/100
|-unboost|p2a: Kartana|spa|1
|
|upkeep
|turn|13
|c|☆cump6|gg
|-message|cump6 forfeited.
|
|win|broked on bricks
|raw|broked on bricks's rating: 1614 &rarr; <strong>1640</strong><br />(+26 for winning)
|raw|cump6's rating: 1731 &rarr; <strong>1705</strong><br />(-26 for losing)
|l|☆cump6
|c|☆broked on bricks|gg
