|j|☆minimax_ai
|j|☆fzplay_pokemon
|t:|1667995092
|gametype|singles
|player|p1|minimax_ai|169|1543
|player|p2|fzplay_pokemon|2|1530
|teamsize|p1|6
|teamsize|p2|6
|gen|8
|tier|[Gen 8] OU
|rated|
|rule|Sleep Clause Mod: Limit one foe put to sleep
|rule|Species Clause: Limit one of each Pokémon
|rule|OHKO Clause: OHKO moves are banned
|rule|Evasion Items Clause: Evasion items are banned
|rule|Evasion Moves Clause: Evasion moves are banned
|rule|Endless Battle Clause: Forcing endless battles is banned
|rule|HP Percentage Mod: HP is shown in percentages
|rule|Dynamax Clause: You cannot dynamax
|clearpoke
|poke|p1|Rotom-Wash|
|poke|p1|Weavile, M|
|poke|p1|Landorus-Therian, M|
|poke|p1|Heatran, M|
|poke|p1|Tangrowth, M|
|poke|p1|Melmetal|
|poke|p2|Rillaboom, F|
|poke|p2|Tornadus-Therian, M|
|poke|p2|Blaziken, F|
|poke|p2|Melmetal|
|poke|p2|Garchomp, F|
|poke|p2|Slowbro, F|
|teampreview
|c|☆minimax_ai|hf
|inactive|Battle timer is ON: inactive players will automatically lose when time's up. (requested by minimax_ai)
|
|t:|1667995108
|start
|switch|p1a: landorustherian|Landorus-Therian, M|100/100
|switch|p2a: Garchomp|Garchomp, F|100/100
|-ability|p1a: landorustherian|Intimidate|boost
|-unboost|p2a: Garchomp|atk|1
|turn|1
|
|t:|1667995112
|move|p2a: Garchomp|Toxic|p1a: landorustherian
|-status|p1a: landorustherian|tox
|move|p1a: landorustherian|Earthquake|p2a: Garchomp
|-damage|p2a: Garchomp|59/100
|
|-heal|p2a: Garchomp|66/100|[from] item: Leftovers
|-damage|p1a: landorustherian|94/100 tox|[from] psn
|upkeep
|turn|2
|
|t:|1667995120
|move|p2a: Garchomp|Protect|p2a: Garchomp
|-singleturn|p2a: Garchomp|Protect
|move|p1a: landorustherian|Earthquake|p2a: Garchomp
|-activate|p2a: Garchomp|move: Protect
|
|-heal|p2a: Garchomp|72/100|[from] item: Leftovers
|-heal|p1a: landorustherian|100/100 tox|[from] item: Leftovers
|-damage|p1a: landorustherian|88/100 tox|[from] psn
|upkeep
|turn|3
|
|t:|1667995123
|move|p2a: Garchomp|Stealth Rock|p1a: landorustherian
|-sidestart|p1: minimax_ai|move: Stealth Rock
|move|p1a: landorustherian|Earthquake|p2a: Garchomp
|-damage|p2a: Garchomp|30/100
|
|-heal|p2a: Garchomp|36/100|[from] item: Leftovers
|-heal|p1a: landorustherian|94/100 tox|[from] item: Leftovers
|-damage|p1a: landorustherian|76/100 tox|[from] psn
|upkeep
|turn|4
|
|t:|1667995126
|move|p2a: Garchomp|Protect|p2a: Garchomp
|-singleturn|p2a: Garchomp|Protect
|move|p1a: landorustherian|Earthquake|p2a: Garchomp
|-activate|p2a: Garchomp|move: Protect
|
|-heal|p2a: Garchomp|43/100|[from] item: Leftovers
|-heal|p1a: landorustherian|82/100 tox|[from] item: Leftovers
|-damage|p1a: landorustherian|58/100 tox|[from] psn
|upkeep
|turn|5
|
|t:|1667995133
|switch|p2a: Tornadus|Tornadus-Therian, M|100/100
|switch|p1a: rotomwash|Rotom-Wash|100/100
|-damage|p1a: rotomwash|88/100|[from] Stealth Rock
|
|-heal|p1a: rotomwash|94/100|[from] item: Leftovers
|upkeep
|turn|6
|
|t:|1667995138
|move|p2a: Tornadus|Knock Off|p1a: rotomwash
|-damage|p1a: rotomwash|74/100
|-enditem|p1a: rotomwash|Leftovers|[from] move: Knock Off|[of] p2a: Tornadus
|move|p1a: rotomwash|Thunderbolt|p2a: Tornadus
|-supereffective|p2a: Tornadus
|-damage|p2a: Tornadus|28/100
|
|upkeep
|turn|7
|
|t:|1667995142
|move|p2a: Tornadus|U-turn|p1a: rotomwash
|-damage|p1a: rotomwash|59/100
|
|t:|1667995148
|switch|p2a: Garchomp|Garchomp, F|43/100|[from]move: U-turn
|move|p1a: rotomwash|Thunderbolt|p2a: Garchomp
|-immune|p2a: Garchomp
|
|-heal|p2a: Garchomp|49/100|[from] item: Leftovers
|upkeep
|turn|8
|
|t:|1667995156
|move|p1a: rotomwash|Hydro Pump|p2a: Garchomp
|-damage|p2a: Garchomp|22/100
|move|p2a: Garchomp|Toxic|p1a: rotomwash
|-status|p1a: rotomwash|tox
|
|-heal|p2a: Garchomp|28/100|[from] item: Leftovers
|-damage|p1a: rotomwash|53/100 tox|[from] psn
|upkeep
|turn|9
|
|t:|1667995164
|move|p2a: Garchomp|Protect|p2a: Garchomp
|-singleturn|p2a: Garchomp|Protect
|move|p1a: rotomwash|Hydro Pump|p2a: Garchomp
|-activate|p2a: Garchomp|move: Protect
|
|-heal|p2a: Garchomp|34/100|[from] item: Leftovers
|-damage|p1a: rotomwash|40/100 tox|[from] psn
|upkeep
|turn|10
|
|t:|1667995181
|switch|p2a: Tornadus|Tornadus-Therian, M|61/100
|move|p1a: rotomwash|Hydro Pump|p2a: Tornadus
|-damage|p2a: Tornadus|22/100
|
|-damage|p1a: rotomwash|22/100 tox|[from] psn
|upkeep
|turn|11
|
|t:|1667995185
|move|p2a: Tornadus|U-turn|p1a: rotomwash
|-damage|p1a: rotomwash|6/100 tox
|
|t:|1667995189
|switch|p2a: Garchomp|Garchomp, F|34/100|[from]move: U-turn
|move|p1a: rotomwash|Hydro Pump|p2a: Garchomp|[miss]
|-miss|p1a: rotomwash|p2a: Garchomp
|
|-heal|p2a: Garchomp|40/100|[from] item: Leftovers
|-damage|p1a: rotomwash|0 fnt|[from] psn
|faint|p1a: rotomwash
|upkeep
|
|t:|1667995189
|switch|p1a: landorustherian|Landorus-Therian, M|58/100 tox
|-damage|p1a: landorustherian|46/100 tox|[from] Stealth Rock
|-ability|p1a: landorustherian|Intimidate|boost
|-unboost|p2a: Garchomp|atk|1
|turn|12
|
|t:|1667995194
|move|p2a: Garchomp|Protect|p2a: Garchomp
|-singleturn|p2a: Garchomp|Protect
|move|p1a: landorustherian|Earthquake|p2a: Garchomp
|-activate|p2a: Garchomp|move: Protect
|
|-heal|p2a: Garchomp|47/100|[from] item: Leftovers
|-heal|p1a: landorustherian|52/100 tox|[from] item: Leftovers
|-damage|p1a: landorustherian|46/100 tox|[from] psn
|upkeep
|turn|13
|
|t:|1667995199
|switch|p2a: Tornadus|Tornadus-Therian, M|55/100
|move|p1a: landorustherian|Earthquake|p2a: Tornadus
|-immune|p2a: Tornadus
|
|-heal|p1a: landorustherian|52/100 tox|[from] item: Leftovers
|-damage|p1a: landorustherian|40/100 tox|[from] psn
|upkeep
|turn|14
|
|t:|1667995206
|move|p2a: Tornadus|Knock Off|p1a: landorustherian
|-damage|p1a: landorustherian|20/100 tox
|-enditem|p1a: landorustherian|Leftovers|[from] move: Knock Off|[of] p2a: Tornadus
|move|p1a: landorustherian|Toxic|p2a: Tornadus
|-status|p2a: Tornadus|tox
|
|-damage|p2a: Tornadus|49/100 tox|[from] psn
|-damage|p1a: landorustherian|2/100 tox|[from] psn
|upkeep
|turn|15
|
|t:|1667995210
|move|p2a: Tornadus|U-turn|p1a: landorustherian
|-resisted|p1a: landorustherian
|-damage|p1a: landorustherian|0 fnt
|faint|p1a: landorustherian
|
|t:|1667995217
|switch|p2a: Blaziken|Blaziken, F|100/100|[from]move: U-turn
|
|upkeep
|
|t:|1667995217
|switch|p1a: Heatran|Heatran, M|100/100
|-damage|p1a: Heatran|88/100|[from] Stealth Rock
|-item|p1a: Heatran|Air Balloon
|turn|16
|
|t:|1667995225
|move|p2a: Blaziken|Protect|p2a: Blaziken
|-singleturn|p2a: Blaziken|Protect
|move|p1a: Heatran|Stealth Rock|p2a: Blaziken
|-sidestart|p2: fzplay_pokemon|move: Stealth Rock
|
|-ability|p2a: Blaziken|Speed Boost|boost
|-boost|p2a: Blaziken|spe|1
|upkeep
|turn|17
|
|t:|1667995228
|switch|p1a: Tangrowth|Tangrowth, M|100/100
|-damage|p1a: Tangrowth|88/100|[from] Stealth Rock
|move|p2a: Blaziken|Close Combat|p1a: Tangrowth
|-damage|p1a: Tangrowth|55/100
|-unboost|p2a: Blaziken|def|1
|-unboost|p2a: Blaziken|spd|1
|-damage|p2a: Blaziken|84/100|[from] item: Rocky Helmet|[of] p1a: Tangrowth
|
|-heal|p2a: Blaziken|90/100|[from] item: Leftovers
|-ability|p2a: Blaziken|Speed Boost|boost
|-boost|p2a: Blaziken|spe|1
|upkeep
|turn|18
|
|t:|1667995232
|move|p2a: Blaziken|Flare Blitz|p1a: Tangrowth
|-supereffective|p1a: Tangrowth
|-crit|p1a: Tangrowth
|-damage|p1a: Tangrowth|0 fnt
|-damage|p2a: Blaziken|73/100|[from] item: Rocky Helmet|[of] p1a: Tangrowth
|faint|p1a: Tangrowth
|-damage|p2a: Blaziken|52/100|[from] Recoil
|
|-heal|p2a: Blaziken|58/100|[from] item: Leftovers
|-ability|p2a: Blaziken|Speed Boost|boost
|-boost|p2a: Blaziken|spe|1
|upkeep
|
|t:|1667995232
|switch|p1a: Melmetal|Melmetal|100/100
|-damage|p1a: Melmetal|94/100|[from] Stealth Rock
|turn|19
|
|t:|1667995236
|switch|p2a: Slowbro|Slowbro, F|100/100
|-damage|p2a: Slowbro|88/100|[from] Stealth Rock
|move|p1a: Melmetal|Earthquake|p2a: Slowbro
|-damage|p2a: Slowbro|65/100
|
|upkeep
|turn|20
|
|t:|1667995242
|move|p1a: Melmetal|Thunder Punch|p2a: Slowbro
|-supereffective|p2a: Slowbro
|-damage|p2a: Slowbro|23/100
|-damage|p1a: Melmetal|78/100|[from] item: Rocky Helmet|[of] p2a: Slowbro
|move|p2a: Slowbro|Teleport|p2a: Slowbro
|
|t:|1667995248
|switch|p2a: Melmetal|Melmetal|100/100|[from]move: Teleport
|-damage|p2a: Melmetal|94/100|[from] Stealth Rock
|
|-heal|p2a: Melmetal|100/100|[from] item: Leftovers
|upkeep
|turn|21
|
|t:|1667995251
|move|p2a: Melmetal|Superpower|p1a: Melmetal
|-supereffective|p1a: Melmetal
|-damage|p1a: Melmetal|20/100
|-unboost|p2a: Melmetal|atk|1
|-unboost|p2a: Melmetal|def|1
|move|p1a: Melmetal|Double Iron Bash|p2a: Melmetal
|-resisted|p2a: Melmetal
|-damage|p2a: Melmetal|83/100
|-resisted|p2a: Melmetal
|-damage|p2a: Melmetal|66/100
|-hitcount|p2a: Melmetal|2
|
|-heal|p2a: Melmetal|72/100|[from] item: Leftovers
|upkeep
|turn|22
|
|t:|1667995257
|move|p2a: Melmetal|Double Iron Bash|p1a: Melmetal
|-resisted|p1a: Melmetal
|-damage|p1a: Melmetal|12/100
|-resisted|p1a: Melmetal
|-damage|p1a: Melmetal|4/100
|-hitcount|p1a: Melmetal|2
|cant|p1a: Melmetal|flinch
|
|-heal|p2a: Melmetal|78/100|[from] item: Leftovers
|upkeep
|turn|23
|
|t:|1667995263
|move|p2a: Melmetal|Double Iron Bash|p1a: Melmetal
|-resisted|p1a: Melmetal
|-damage|p1a: Melmetal|0 fnt
|faint|p1a: Melmetal
|-hitcount|p1: Melmetal|1
|
|-heal|p2a: Melmetal|85/100|[from] item: Leftovers
|upkeep
|
|t:|1667995263
|switch|p1a: Heatran|Heatran, M|88/100
|-damage|p1a: Heatran|76/100|[from] Stealth Rock
|-item|p1a: Heatran|Air Balloon
|turn|24
|
|t:|1667995271
|move|p1a: Heatran|Earth Power|p2a: Melmetal
|-supereffective|p2a: Melmetal
|-damage|p2a: Melmetal|32/100
|move|p2a: Melmetal|Superpower|p1a: Heatran
|-supereffective|p1a: Heatran
|-damage|p1a: Heatran|13/100
|-unboost|p2a: Melmetal|atk|1
|-unboost|p2a: Melmetal|def|1
|-enditem|p1a: Heatran|Air Balloon
|
|-heal|p2a: Melmetal|38/100|[from] item: Leftovers
|upkeep
|turn|25
|
|t:|1667995275
|move|p1a: Heatran|Earth Power|p2a: Melmetal
|-supereffective|p2a: Melmetal
|-damage|p2a: Melmetal|0 fnt
|faint|p2a: Melmetal
|
|upkeep
|
|t:|1667995290
|switch|p2a: Tornadus|Tornadus-Therian, M|82/100 tox
|turn|26
|c|☆fzplay_pokemon|2
|
|t:|1667995304
|move|p2a: Tornadus|Knock Off|p1a: Heatran
|-damage|p1a: Heatran|1/100
|move|p1a: Heatran|Earth Power|p2a: Tornadus
|-immune|p2a: Tornadus
|
|-damage|p2a: Tornadus|76/100 tox|[from] psn
|upkeep
|turn|27
|
|t:|1667995314
|move|p2a: Tornadus|U-turn|p1a: Heatran
|-resisted|p1a: Heatran
|-damage|p1a: Heatran|0 fnt
|faint|p1a: Heatran
|
|t:|1667995318
|switch|p2a: Blaziken|Blaziken, F|58/100|[from]move: U-turn
|-damage|p2a: Blaziken|46/100|[from] Stealth Rock
|
|-heal|p2a: Blaziken|52/100|[from] item: Leftovers
|upkeep
|
|t:|1667995318
|switch|p1a: Weavile|Weavile, M|100/100
|-damage|p1a: Weavile|76/100|[from] Stealth Rock
|-ability|p1a: Weavile|Pressure
|turn|28
|
|t:|1667995329
|move|p1a: Weavile|Triple Axel|p2a: Blaziken
|-resisted|p2a: Blaziken
|-crit|p2a: Blaziken
|-damage|p2a: Blaziken|36/100
|-resisted|p2a: Blaziken
|-damage|p2a: Blaziken|16/100
|-resisted|p2a: Blaziken
|-damage|p2a: Blaziken|0 fnt
|faint|p2a: Blaziken
|-hitcount|p2: Blaziken|3
|
|upkeep
|
|t:|1667995334
|switch|p2a: Rillaboom|Rillaboom, F|100/100
|-damage|p2a: Rillaboom|88/100|[from] Stealth Rock
|-fieldstart|move: Grassy Terrain|[from] ability: Grassy Surge|[of] p2a: Rillaboom
|turn|29
|
|t:|1667995337
|move|p2a: Rillaboom|Grassy Glide|p1a: Weavile
|-damage|p1a: Weavile|0 fnt
|faint|p1a: Weavile
|
|win|fzplay_pokemon
|raw|minimax_ai's rating: 1543 &rarr; <strong>1522</strong><br />(-21 for losing)
|raw|fzplay_pokemon's rating: 1530 &rarr; <strong>1551</strong><br />(+21 for winning)
|c|☆minimax_ai|gg
