|j|☆Mogus Mogul
|j|☆Sp0oNl0rD
|t:|1644204135
|gametype|singles
|player|p1|Mogus Mogul|2|
|player|p2|Sp0oNl0rD|cyrus|
|teamsize|p1|6
|teamsize|p2|6
|gen|8
|tier|[Gen 8] OU
|rule|Sleep Clause Mod: Limit one foe put to sleep
|rule|Species Clause: Limit one of each Pokémon
|rule|OHKO Clause: OHKO moves are banned
|rule|Evasion Moves Clause: Evasion moves are banned
|rule|Endless Battle Clause: Forcing endless battles is banned
|rule|HP Percentage Mod: HP is shown in percentages
|rule|Dynamax Clause: You cannot dynamax
|clearpoke
|poke|p1|Landorus-Therian, M|
|poke|p1|Toxtricity, M|
|poke|p1|Melmetal|
|poke|p1|Zapdos|
|poke|p1|Rotom-Wash|
|poke|p1|Victini|
|poke|p2|Slowbro, F|
|poke|p2|Crawdaunt, M|
|poke|p2|Garchomp, M|
|poke|p2|Tornadus-Therian, M|
|poke|p2|Heatran, M|
|poke|p2|Melmetal|
|teampreview
|inactive|Battle timer is ON: inactive players will automatically lose when time's up. (requested by Sp0oNl0rD)
|
|t:|1644204161
|start
|switch|p1a: Rotom|Rotom-Wash|100/100
|switch|p2a: Garchomp|Garchomp, M|100/100
|turn|1
|
|t:|1644204171
|move|p2a: Garchomp|Toxic|p1a: Rotom|[miss]
|-miss|p2a: Garchomp|p1a: Rotom
|move|p1a: Rotom|Will-O-Wisp|p2a: Garchomp|[miss]
|-miss|p1a: Rotom|p2a: Garchomp
|
|upkeep
|turn|2
|
|t:|1644204184
|move|p2a: Garchomp|Toxic|p1a: Rotom
|-status|p1a: Rotom|tox
|move|p1a: Rotom|Will-O-Wisp|p2a: Garchomp|[miss]
|-miss|p1a: Rotom|p2a: Garchomp
|
|-damage|p1a: Rotom|94/100 tox|[from] psn
|upkeep
|turn|3
|
|t:|1644204193
|move|p2a: Garchomp|Protect|p2a: Garchomp
|-singleturn|p2a: Garchomp|Protect
|move|p1a: Rotom|Hydro Pump|p2a: Garchomp
|-activate|p2a: Garchomp|move: Protect
|
|-heal|p1a: Rotom|100/100 tox|[from] item: Leftovers
|-damage|p1a: Rotom|88/100 tox|[from] psn
|upkeep
|turn|4
|
|t:|1644204199
|switch|p2a: Heatran|Heatran, M|100/100
|switch|p1a: Landorus|Landorus-Therian, M|100/100
|-ability|p1a: Landorus|Intimidate|boost
|-unboost|p2a: Heatran|atk|1
|
|upkeep
|turn|5
|
|t:|1644204201
|switch|p2a: Tornadus|Tornadus-Therian, M|100/100
|move|p1a: Landorus|Stealth Rock|p2a: Tornadus
|-sidestart|p2: Sp0oNl0rD|move: Stealth Rock
|
|upkeep
|turn|6
|
|t:|1644204210
|move|p2a: Tornadus|Defog|p1a: Landorus
|-unboost|p1a: Landorus|evasion|1
|-sideend|p2: Sp0oNl0rD|Stealth Rock|[from] move: Defog|[of] p2a: Tornadus
|move|p1a: Landorus|U-turn|p2a: Tornadus
|-resisted|p2a: Tornadus
|-damage|p2a: Tornadus|88/100
|
|t:|1644204222
|switch|p1a: Melmetal|Melmetal|100/100|[from]move: U-turn
|
|upkeep
|turn|7
|
|t:|1644204235
|move|p2a: Tornadus|U-turn|p1a: Melmetal
|-resisted|p1a: Melmetal
|-damage|p1a: Melmetal|97/100
|
|t:|1644204237
|switch|p2a: Slowbro|Slowbro, F|100/100|[from]move: U-turn
|move|p1a: Melmetal|Double Iron Bash|p2a: Slowbro
|-resisted|p2a: Slowbro
|-damage|p2a: Slowbro|90/100
|-resisted|p2a: Slowbro
|-damage|p2a: Slowbro|78/100
|-hitcount|p2a: Slowbro|2
|
|upkeep
|turn|8
|
|t:|1644204245
|switch|p1a: Toxtricity|Toxtricity, M|100/100
|move|p2a: Slowbro|Trick Room|p2a: Slowbro
|-fieldstart|move: Trick Room|[of] p2a: Slowbro
|
|upkeep
|turn|9
|
|t:|1644204253
|switch|p2a: Melmetal|Melmetal|100/100
|move|p1a: Toxtricity|Boomburst|p2a: Melmetal
|-resisted|p2a: Melmetal
|-damage|p2a: Melmetal|69/100
|
|upkeep
|turn|10
|
|t:|1644204269
|switch|p2a: Crawdaunt|Crawdaunt, M|100/100
|switch|p1a: Melmetal|Melmetal|97/100
|
|upkeep
|turn|11
|
|t:|1644204279
|move|p2a: Crawdaunt|Crabhammer|p1a: Melmetal|[miss]
|-miss|p2a: Crawdaunt|p1a: Melmetal
|move|p1a: Melmetal|Thunder Punch|p2a: Crawdaunt
|-supereffective|p2a: Crawdaunt
|-damage|p2a: Crawdaunt|24/100
|
|upkeep
|turn|12
|
|t:|1644204289
|move|p2a: Crawdaunt|Crabhammer|p1a: Melmetal
|-crit|p1a: Melmetal
|-damage|p1a: Melmetal|6/100
|move|p1a: Melmetal|Earthquake|p2a: Crawdaunt
|-damage|p2a: Crawdaunt|0 fnt
|faint|p2a: Crawdaunt
|
|-fieldend|move: Trick Room
|upkeep
|
|t:|1644204292
|switch|p2a: Garchomp|Garchomp, M|100/100
|turn|13
|c|☆Mogus Mogul|What
|c|☆Mogus Mogul|Crit didn't even ko?
|c|☆Sp0oNl0rD|its a melmetal
|c|☆Mogus Mogul|THis thing is broken
|c|☆Sp0oNl0rD|the thing is immortal
|inactive|Mogus Mogul has 270 seconds left.
|
|t:|1644204326
|move|p2a: Garchomp|Earthquake|p1a: Melmetal
|-supereffective|p1a: Melmetal
|-damage|p1a: Melmetal|0 fnt
|faint|p1a: Melmetal
|
|upkeep
|inactive|Mogus Mogul has 270 seconds left.
|
|t:|1644204333
|switch|p1a: Victini|Victini|100/100
|turn|14
|
|t:|1644204342
|move|p2a: Garchomp|Protect|p2a: Garchomp
|-singleturn|p2a: Garchomp|Protect
|move|p1a: Victini|Trick|p2a: Garchomp
|-activate|p2a: Garchomp|move: Protect
|
|upkeep
|turn|15
|
|t:|1644204352
|switch|p1a: Rotom|Rotom-Wash|88/100 tox
|move|p2a: Garchomp|Earthquake|p1a: Rotom
|-immune|p1a: Rotom|[from] ability: Levitate
|
|-heal|p1a: Rotom|94/100 tox|[from] item: Leftovers
|-damage|p1a: Rotom|88/100 tox|[from] psn
|upkeep
|turn|16
|
|t:|1644204365
|move|p2a: Garchomp|Stealth Rock|p1a: Rotom
|-sidestart|p1: Mogus Mogul|move: Stealth Rock
|move|p1a: Rotom|Will-O-Wisp|p2a: Garchomp
|-status|p2a: Garchomp|brn
|
|-heal|p1a: Rotom|94/100 tox|[from] item: Leftovers
|-damage|p1a: Rotom|82/100 tox|[from] psn
|-damage|p2a: Garchomp|94/100 brn|[from] brn
|upkeep
|turn|17
|j| Levi41_
|c|☆Mogus Mogul|The wisp coming in let's g
|
|t:|1644204375
|move|p2a: Garchomp|Protect|p2a: Garchomp
|-singleturn|p2a: Garchomp|Protect
|move|p1a: Rotom|Hydro Pump|p2a: Garchomp
|-activate|p2a: Garchomp|move: Protect
|
|-heal|p1a: Rotom|88/100 tox|[from] item: Leftovers
|-damage|p1a: Rotom|69/100 tox|[from] psn
|-damage|p2a: Garchomp|88/100 brn|[from] brn
|upkeep
|turn|18
|c|☆Mogus Mogul|go
|
|t:|1644204394
|switch|p1a: Toxtricity|Toxtricity, M|100/100
|-damage|p1a: Toxtricity|88/100|[from] Stealth Rock
|move|p2a: Garchomp|Toxic|p1a: Toxtricity
|-immune|p1a: Toxtricity
|
|-damage|p2a: Garchomp|82/100 brn|[from] brn
|upkeep
|turn|19
|
|t:|1644204413
|switch|p2a: Heatran|Heatran, M|100/100
|switch|p1a: Landorus|Landorus-Therian, M|100/100
|-damage|p1a: Landorus|88/100|[from] Stealth Rock
|-ability|p1a: Landorus|Intimidate|boost
|-unboost|p2a: Heatran|atk|1
|
|-heal|p1a: Landorus|94/100|[from] item: Leftovers
|upkeep
|turn|20
|
|t:|1644204420
|switch|p2a: Slowbro|Slowbro, F|100/100
|move|p1a: Landorus|Knock Off|p2a: Slowbro
|-supereffective|p2a: Slowbro
|-enditem|p2a: Slowbro|Colbur Berry|[eat]
|-enditem|p2a: Slowbro|Colbur Berry|[weaken]
|-damage|p2a: Slowbro|82/100
|
|-heal|p1a: Landorus|99/100|[from] item: Leftovers
|upkeep
|turn|21
|
|t:|1644204425
|move|p1a: Landorus|U-turn|p2a: Slowbro
|-supereffective|p2a: Slowbro
|-damage|p2a: Slowbro|56/100
|
|t:|1644204427
|switch|p1a: Toxtricity|Toxtricity, M|88/100|[from]move: U-turn
|-damage|p1a: Toxtricity|76/100|[from] Stealth Rock
|move|p2a: Slowbro|Teleport|p2a: Slowbro
|inactive|Sp0oNl0rD has 270 seconds left.
|
|t:|1644204486
|switch|p2a: Garchomp|Garchomp, M|82/100 brn|[from]move: Teleport
|
|-damage|p2a: Garchomp|76/100 brn|[from] brn
|upkeep
|turn|22
|c|☆Mogus Mogul|I still can't believe crit crabhammer didn't ko
|c|☆Mogus Mogul|Normal sure but it crit
|inactive|Sp0oNl0rD has 240 seconds left.
|c|☆Sp0oNl0rD|ye
|inactive|Mogus Mogul has 270 seconds left.
|
|t:|1644204546
|switch|p2a: Heatran|Heatran, M|100/100
|move|p1a: Toxtricity|Boomburst|p2a: Heatran
|-resisted|p2a: Heatran
|-damage|p2a: Heatran|69/100
|
|-heal|p2a: Heatran|75/100|[from] item: Leftovers
|upkeep
|turn|23
|
|t:|1644204561
|switch|p1a: Landorus|Landorus-Therian, M|99/100
|-damage|p1a: Landorus|88/100|[from] Stealth Rock
|-ability|p1a: Landorus|Intimidate|boost
|-unboost|p2a: Heatran|atk|1
|move|p2a: Heatran|Magma Storm|p1a: Landorus|[miss]
|-miss|p2a: Heatran|p1a: Landorus
|
|-heal|p1a: Landorus|94/100|[from] item: Leftovers
|-heal|p2a: Heatran|82/100|[from] item: Leftovers
|upkeep
|turn|24
|
|t:|1644204569
|move|p1a: Landorus|U-turn|p2a: Heatran
|-resisted|p2a: Heatran
|-damage|p2a: Heatran|77/100
|
|t:|1644204573
|switch|p1a: Rotom|Rotom-Wash|69/100 tox|[from]move: U-turn
|-damage|p1a: Rotom|57/100 tox|[from] Stealth Rock
|move|p2a: Heatran|Toxic|p1a: Rotom
|-fail|p1a: Rotom|tox
|
|-heal|p1a: Rotom|63/100 tox|[from] item: Leftovers
|-heal|p2a: Heatran|83/100|[from] item: Leftovers
|-damage|p1a: Rotom|57/100 tox|[from] psn
|upkeep
|turn|25
|
|t:|1644204582
|switch|p2a: Garchomp|Garchomp, M|76/100 brn
|move|p1a: Rotom|Volt Switch|p2a: Garchomp
|-immune|p2a: Garchomp
|
|-heal|p1a: Rotom|63/100 tox|[from] item: Leftovers
|-damage|p1a: Rotom|50/100 tox|[from] psn
|-damage|p2a: Garchomp|70/100 brn|[from] brn
|upkeep
|turn|26
|inactive|Sp0oNl0rD has 270 seconds left.
|
|t:|1644204619
|switch|p1a: Landorus|Landorus-Therian, M|94/100
|-damage|p1a: Landorus|82/100|[from] Stealth Rock
|-ability|p1a: Landorus|Intimidate|boost
|-unboost|p2a: Garchomp|atk|1
|move|p2a: Garchomp|Protect||[still]
|-fail|p2a: Garchomp
|
|-heal|p1a: Landorus|88/100|[from] item: Leftovers
|-damage|p2a: Garchomp|63/100 brn|[from] brn
|upkeep
|turn|27
|inactive|Mogus Mogul has 270 seconds left.
|
|t:|1644204629
|switch|p2a: Tornadus|Tornadus-Therian, M|100/100
|move|p1a: Landorus|Earthquake|p2a: Tornadus
|-immune|p2a: Tornadus
|
|-heal|p1a: Landorus|94/100|[from] item: Leftovers
|upkeep
|turn|28
|
|t:|1644204633
|move|p2a: Tornadus|Knock Off|p1a: Landorus
|-damage|p1a: Landorus|79/100
|-enditem|p1a: Landorus|Leftovers|[from] move: Knock Off|[of] p2a: Tornadus
|move|p1a: Landorus|Knock Off|p2a: Tornadus
|-damage|p2a: Tornadus|63/100
|-enditem|p2a: Tornadus|Heavy-Duty Boots|[from] move: Knock Off|[of] p1a: Landorus
|
|upkeep
|turn|29
|
|t:|1644204637
|move|p2a: Tornadus|U-turn|p1a: Landorus
|-resisted|p1a: Landorus
|-damage|p1a: Landorus|74/100
|
|t:|1644204638
|switch|p2a: Slowbro|Slowbro, F|89/100|[from]move: U-turn
|move|p1a: Landorus|Stealth Rock|p2a: Slowbro
|-sidestart|p2: Sp0oNl0rD|move: Stealth Rock
|
|upkeep
|turn|30
|
|t:|1644204645
|move|p1a: Landorus|U-turn|p2a: Slowbro
|-supereffective|p2a: Slowbro
|-damage|p2a: Slowbro|64/100
|
|t:|1644204650
|switch|p1a: Toxtricity|Toxtricity, M|76/100|[from]move: U-turn
|-damage|p1a: Toxtricity|63/100|[from] Stealth Rock
|move|p2a: Slowbro|Trick Room|p2a: Slowbro
|-fieldstart|move: Trick Room|[of] p2a: Slowbro
|
|upkeep
|turn|31
|
|t:|1644204660
|switch|p2a: Melmetal|Melmetal|69/100
|-damage|p2a: Melmetal|63/100|[from] Stealth Rock
|move|p1a: Toxtricity|Boomburst|p2a: Melmetal
|-resisted|p2a: Melmetal
|-damage|p2a: Melmetal|32/100
|
|upkeep
|turn|32
|inactive|Mogus Mogul has 270 seconds left.
|inactive|Mogus Mogul has 240 seconds left.
|
|t:|1644204731
|switch|p1a: Victini|Victini|100/100
|-damage|p1a: Victini|76/100|[from] Stealth Rock
|move|p2a: Melmetal|Ice Punch|p1a: Victini
|-resisted|p1a: Victini
|-damage|p1a: Victini|58/100
|
|upkeep
|turn|33
|
|t:|1644204744
|move|p2a: Melmetal|Double Iron Bash|p1a: Victini
|-resisted|p1a: Victini
|-damage|p1a: Victini|34/100
|-resisted|p1a: Victini
|-crit|p1a: Victini
|-damage|p1a: Victini|3/100
|-hitcount|p1a: Victini|2
|move|p1a: Victini|Bolt Strike|p2a: Melmetal
|-damage|p2a: Melmetal|0 fnt
|faint|p2a: Melmetal
|
|upkeep
|c|☆Sp0oNl0rD|btw I had no eq
|
|t:|1644204752
|switch|p2a: Slowbro|Slowbro, F|97/100
|-damage|p2a: Slowbro|85/100|[from] Stealth Rock
|turn|34
|c|☆Mogus Mogul|Oh
|c|☆Sp0oNl0rD|so imma die
|inactive|Mogus Mogul has 240 seconds left.
|
|t:|1644204758
|move|p2a: Slowbro|Ice Beam|p1a: Victini
|-resisted|p1a: Victini
|-damage|p1a: Victini|0 fnt
|faint|p1a: Victini
|
|-fieldend|move: Trick Room
|upkeep
|inactive|Mogus Mogul has 240 seconds left.
|
|t:|1644204766
|switch|p1a: Toxtricity|Toxtricity, M|63/100
|-damage|p1a: Toxtricity|51/100|[from] Stealth Rock
|turn|35
|inactive|Mogus Mogul has 240 seconds left.
|
|t:|1644204786
|switch|p2a: Heatran|Heatran, M|83/100
|-damage|p2a: Heatran|71/100|[from] Stealth Rock
|move|p1a: Toxtricity|Overdrive|p2a: Heatran
|-damage|p2a: Heatran|23/100
|
|-heal|p2a: Heatran|29/100|[from] item: Leftovers
|upkeep
|turn|36
|
|t:|1644204794
|move|p1a: Toxtricity|Overdrive|p2a: Heatran
|-damage|p2a: Heatran|0 fnt
|faint|p2a: Heatran
|
|upkeep
|
|t:|1644204796
|switch|p2a: Garchomp|Garchomp, M|63/100 brn
|-damage|p2a: Garchomp|57/100 brn|[from] Stealth Rock
|turn|37
|
|t:|1644204802
|switch|p2a: Slowbro|Slowbro, F|100/100
|-damage|p2a: Slowbro|88/100|[from] Stealth Rock
|switch|p1a: Rotom|Rotom-Wash|50/100 tox
|-damage|p1a: Rotom|38/100 tox|[from] Stealth Rock
|
|-heal|p1a: Rotom|44/100 tox|[from] item: Leftovers
|-damage|p1a: Rotom|38/100 tox|[from] psn
|upkeep
|turn|38
|
|t:|1644204805
|move|p1a: Rotom|Volt Switch|p2a: Slowbro
|-supereffective|p2a: Slowbro
|-damage|p2a: Slowbro|33/100
|
|t:|1644204813
|switch|p1a: Zapdos|Zapdos|100/100|[from]move: Volt Switch
|move|p2a: Slowbro|Trick Room|p2a: Slowbro
|-fieldstart|move: Trick Room|[of] p2a: Slowbro
|
|upkeep
|turn|39
|
|t:|1644204819
|move|p2a: Slowbro|Ice Beam|p1a: Zapdos
|-supereffective|p1a: Zapdos
|-damage|p1a: Zapdos|61/100
|move|p1a: Zapdos|Discharge|p2a: Slowbro
|-supereffective|p2a: Slowbro
|-damage|p2a: Slowbro|0 fnt
|faint|p2a: Slowbro
|
|upkeep
|
|t:|1644204823
|switch|p2a: Tornadus|Tornadus-Therian, M|96/100
|-damage|p2a: Tornadus|71/100|[from] Stealth Rock
|turn|40
|inactive|Mogus Mogul has 270 seconds left.
|
|t:|1644204829
|move|p1a: Zapdos|Discharge|p2a: Tornadus
|-supereffective|p2a: Tornadus
|-damage|p2a: Tornadus|0 fnt
|faint|p2a: Tornadus
|
|upkeep
|
|t:|1644204831
|switch|p2a: Garchomp|Garchomp, M|57/100 brn
|-damage|p2a: Garchomp|51/100 brn|[from] Stealth Rock
|turn|41
|c|☆Sp0oNl0rD|gg
|
|t:|1644204834
|move|p1a: Zapdos|Heat Wave|p2a: Garchomp|[miss]
|-miss|p1a: Zapdos|p2a: Garchomp
|move|p2a: Garchomp|Toxic|p1a: Zapdos
|-status|p1a: Zapdos|tox
|
|-damage|p1a: Zapdos|55/100 tox|[from] psn
|-damage|p2a: Garchomp|45/100 brn|[from] brn
|upkeep
|turn|42
|c|☆Mogus Mogul|gg
|
|t:|1644204839
|move|p2a: Garchomp|Protect|p2a: Garchomp
|-singleturn|p2a: Garchomp|Protect
|move|p1a: Zapdos|Heat Wave|p2a: Garchomp
|-activate|p2a: Garchomp|move: Protect
|
|-damage|p1a: Zapdos|43/100 tox|[from] psn
|-damage|p2a: Garchomp|39/100 brn|[from] brn
|-fieldend|move: Trick Room
|upkeep
|turn|43
|
|t:|1644204843
|move|p2a: Garchomp|Protect||[still]
|-fail|p2a: Garchomp
|move|p1a: Zapdos|Roost|p1a: Zapdos
|-heal|p1a: Zapdos|93/100 tox
|-singleturn|p1a: Zapdos|move: Roost
|
|-damage|p1a: Zapdos|75/100 tox|[from] psn
|-damage|p2a: Garchomp|32/100 brn|[from] brn
|upkeep
|turn|44
|-message|Sp0oNl0rD forfeited.
|
|win|Mogus Mogul
|l|☆Sp0oNl0rD
