|j|☆gotsnsd
|j|☆svenno
|inactive|Battle timer is ON: inactive players will automatically lose when time's up.
|t:|1664392326
|gametype|singles
|player|p1|gotsnsd|beauty-gen2jp|
|player|p2|svenno|lucas|
|teamsize|p1|6
|teamsize|p2|6
|gen|8
|tier|[Gen 8] OU
|rated|Tournament battle
|rule|Sleep Clause Mod: Limit one foe put to sleep
|rule|Species Clause: Limit one of each Pokémon
|rule|OHKO Clause: OHKO moves are banned
|rule|Evasion Items Clause: Evasion items are banned
|rule|Evasion Moves Clause: Evasion moves are banned
|rule|Endless Battle Clause: Forcing endless battles is banned
|rule|HP Percentage Mod: HP is shown in percentages
|rule|Dynamax Clause: You cannot dynamax
|clearpoke
|poke|p1|Rillaboom, M|
|poke|p1|Nidoking, M|
|poke|p1|Slowking, F|
|poke|p1|Clefable, M|
|poke|p1|Rotom-Heat|
|poke|p1|Corviknight, F|
|poke|p2|Tapu Lele|
|poke|p2|Corviknight, M|
|poke|p2|Heatran, M|
|poke|p2|Gastrodon-East, F|
|poke|p2|Weavile, M|
|poke|p2|Clefable, M|
|teampreview
|
|t:|1664392351
|start
|switch|p1a: Clefable|Clefable, M|100/100
|switch|p2a: Weavile|Weavile, M|100/100
|-ability|p2a: Weavile|Pressure
|turn|1
|
|t:|1664392357
|switch|p2a: Heatran|Heatran, M|100/100
|move|p1a: Clefable|Knock Off|p2a: Heatran
|-damage|p2a: Heatran|89/100
|-enditem|p2a: Heatran|Leftovers|[from] move: Knock Off|[of] p1a: Clefable
|
|upkeep
|turn|2
|
|t:|1664392375
|switch|p1a: Slowking|Slowking, F|100/100
|move|p2a: Heatran|Stealth Rock|p1a: Slowking
|-sidestart|p1: gotsnsd|move: Stealth Rock
|
|upkeep
|turn|3
|
|t:|1664392386
|switch|p2a: Gastrodon|Gastrodon-East, F|100/100
|move|p1a: Slowking|Future Sight|p2a: Gastrodon
|-start|p1a: Slowking|move: Future Sight
|
|upkeep
|turn|4
|
|t:|1664392390
|switch|p1a: Clefable|Clefable, M|100/100
|move|p2a: Gastrodon|Toxic|p1a: Clefable
|-status|p1a: Clefable|tox
|
|upkeep
|turn|5
|
|t:|1664392395
|switch|p2a: Heatran|Heatran, M|89/100
|move|p1a: Clefable|Stealth Rock|p2a: Heatran
|-sidestart|p2: svenno|move: Stealth Rock
|
|-end|p2a: Heatran|move: Future Sight
|-resisted|p2a: Heatran
|-crit|p2a: Heatran
|-damage|p2a: Heatran|70/100
|upkeep
|turn|6
|
|t:|1664392404
|switch|p1a: Slowking|Slowking, F|100/100
|-damage|p1a: Slowking|88/100|[from] Stealth Rock
|move|p2a: Heatran|Magma Storm|p1a: Slowking
|-resisted|p1a: Slowking
|-damage|p1a: Slowking|74/100
|-activate|p1a: Slowking|move: Magma Storm|[of] p2a: Heatran
|
|-damage|p1a: Slowking|61/100|[from] move: Magma Storm|[partiallytrapped]
|upkeep
|turn|7
|
|t:|1664392411
|move|p2a: Heatran|Toxic|p1a: Slowking|[miss]
|-miss|p2a: Heatran|p1a: Slowking
|move|p1a: Slowking|Future Sight|p2a: Heatran
|-start|p1a: Slowking|move: Future Sight
|
|-damage|p1a: Slowking|49/100|[from] move: Magma Storm|[partiallytrapped]
|upkeep
|turn|8
|
|t:|1664392419
|switch|p1a: Nidoking|Nidoking, M|100/100
|-damage|p1a: Nidoking|95/100|[from] Stealth Rock
|move|p2a: Heatran|Toxic|p1a: Nidoking
|-immune|p1a: Nidoking
|
|upkeep
|turn|9
|
|t:|1664392427
|switch|p2a: Gastrodon|Gastrodon-East, F|100/100
|-damage|p2a: Gastrodon|94/100|[from] Stealth Rock
|move|p1a: Nidoking|Earth Power|p2a: Gastrodon
|-damage|p2a: Gastrodon|51/100
|
|-end|p2a: Gastrodon|move: Future Sight
|-damage|p2a: Gastrodon|27/100
|-heal|p2a: Gastrodon|33/100|[from] item: Leftovers
|upkeep
|turn|10
|
|t:|1664392440
|switch|p2a: Clefable|Clefable, M|100/100
|-damage|p2a: Clefable|88/100|[from] Stealth Rock
|move|p1a: Nidoking|Earth Power|p2a: Clefable
|-crit|p2a: Clefable
|-damage|p2a: Clefable|0 fnt
|faint|p2a: Clefable
|
|upkeep
|
|t:|1664392446
|switch|p2a: Tapu Lele|Tapu Lele|100/100
|-damage|p2a: Tapu Lele|88/100|[from] Stealth Rock
|-fieldstart|move: Psychic Terrain|[from] ability: Psychic Surge|[of] p2a: Tapu Lele
|turn|11
|
|t:|1664392454
|switch|p1a: Slowking|Slowking, F|82/100
|-damage|p1a: Slowking|70/100|[from] Stealth Rock
|move|p2a: Tapu Lele|Thunderbolt|p1a: Slowking
|-supereffective|p1a: Slowking
|-damage|p1a: Slowking|1/100
|
|upkeep
|turn|12
|
|t:|1664392469
|switch|p2a: Weavile|Weavile, M|100/100
|-damage|p2a: Weavile|76/100|[from] Stealth Rock
|-ability|p2a: Weavile|Pressure
|switch|p1a: Nidoking|Nidoking, M|95/100
|-damage|p1a: Nidoking|89/100|[from] Stealth Rock
|
|upkeep
|turn|13
|
|t:|1664392489
|move|p2a: Weavile|Knock Off|p1a: Nidoking
|-damage|p1a: Nidoking|0 fnt
|-enditem|p1a: Nidoking|Life Orb|[from] move: Knock Off|[of] p2a: Weavile
|faint|p1a: Nidoking
|
|upkeep
|
|t:|1664392518
|switch|p1a: Rotom|Rotom-Heat|100/100
|turn|14
|
|t:|1664392524
|switch|p2a: Gastrodon|Gastrodon-East, F|33/100
|-damage|p2a: Gastrodon|27/100|[from] Stealth Rock
|move|p1a: Rotom|Discharge|p2a: Gastrodon
|-immune|p2a: Gastrodon
|
|-heal|p2a: Gastrodon|33/100|[from] item: Leftovers
|upkeep
|turn|15
|
|t:|1664392536
|move|p1a: Rotom|Overheat|p2a: Gastrodon
|-resisted|p2a: Gastrodon
|-damage|p2a: Gastrodon|16/100
|-unboost|p1a: Rotom|spa|2
|move|p2a: Gastrodon|Recover|p2a: Gastrodon
|-heal|p2a: Gastrodon|66/100
|
|-heal|p2a: Gastrodon|72/100|[from] item: Leftovers
|-fieldend|move: Psychic Terrain
|upkeep
|turn|16
|
|t:|1664392543
|switch|p1a: Rillaboom|Rillaboom, M|100/100
|-damage|p1a: Rillaboom|88/100|[from] Stealth Rock
|-fieldstart|move: Grassy Terrain|[from] ability: Grassy Surge|[of] p1a: Rillaboom
|move|p2a: Gastrodon|Toxic|p1a: Rillaboom
|-status|p1a: Rillaboom|tox
|
|-heal|p1a: Rillaboom|94/100 tox|[from] Grassy Terrain
|-heal|p2a: Gastrodon|78/100|[from] Grassy Terrain
|-heal|p2a: Gastrodon|84/100|[from] item: Leftovers
|-damage|p1a: Rillaboom|88/100 tox|[from] psn
|upkeep
|turn|17
|
|t:|1664392547
|switch|p2a: Corviknight|Corviknight, M|100/100
|-damage|p2a: Corviknight|88/100|[from] Stealth Rock
|-ability|p2a: Corviknight|Pressure
|move|p1a: Rillaboom|Swords Dance|p1a: Rillaboom
|-boost|p1a: Rillaboom|atk|2
|
|-heal|p1a: Rillaboom|94/100 tox|[from] Grassy Terrain
|-heal|p2a: Corviknight|94/100|[from] item: Leftovers
|-damage|p1a: Rillaboom|82/100 tox|[from] psn
|upkeep
|turn|18
|
|t:|1664392551
|move|p1a: Rillaboom|Superpower|p2a: Corviknight
|-damage|p2a: Corviknight|29/100
|-unboost|p1a: Rillaboom|atk|1
|-unboost|p1a: Rillaboom|def|1
|-damage|p1a: Rillaboom|72/100 tox|[from] item: Life Orb
|move|p2a: Corviknight|U-turn|p1a: Rillaboom
|-supereffective|p1a: Rillaboom
|-damage|p1a: Rillaboom|23/100 tox
|
|t:|1664392554
|switch|p2a: Tapu Lele|Tapu Lele|88/100|[from]move: U-turn
|-damage|p2a: Tapu Lele|76/100|[from] Stealth Rock
|-fieldstart|move: Psychic Terrain|[from] ability: Psychic Surge|[of] p2a: Tapu Lele
|
|-damage|p1a: Rillaboom|4/100 tox|[from] psn
|upkeep
|turn|19
|
|t:|1664392575
|switch|p1a: Slowking|Slowking, F|34/100
|-damage|p1a: Slowking|22/100|[from] Stealth Rock
|move|p2a: Tapu Lele|Psyshock|p1a: Slowking
|-resisted|p1a: Slowking
|-damage|p1a: Slowking|0 fnt
|faint|p1a: Slowking
|
|upkeep
|
|t:|1664392580
|switch|p1a: Corviknight|Corviknight, F|100/100
|-damage|p1a: Corviknight|88/100|[from] Stealth Rock
|-ability|p1a: Corviknight|Pressure
|turn|20
|
|t:|1664392584
|switch|p2a: Corviknight|Corviknight, M|29/100
|-damage|p2a: Corviknight|16/100|[from] Stealth Rock
|-ability|p2a: Corviknight|Pressure
|move|p1a: Corviknight|Substitute|p1a: Corviknight
|-start|p1a: Corviknight|Substitute
|-damage|p1a: Corviknight|63/100
|
|-heal|p1a: Corviknight|69/100|[from] item: Leftovers
|-heal|p2a: Corviknight|23/100|[from] item: Leftovers
|upkeep
|turn|21
|
|t:|1664392589
|move|p1a: Corviknight|Bulk Up|p1a: Corviknight
|-boost|p1a: Corviknight|atk|1
|-boost|p1a: Corviknight|def|1
|move|p2a: Corviknight|Roost|p2a: Corviknight
|-heal|p2a: Corviknight|73/100
|-singleturn|p2a: Corviknight|move: Roost
|
|-heal|p1a: Corviknight|75/100|[from] item: Leftovers
|-heal|p2a: Corviknight|79/100|[from] item: Leftovers
|upkeep
|turn|22
|
|t:|1664392592
|move|p1a: Corviknight|Bulk Up|p1a: Corviknight
|-boost|p1a: Corviknight|atk|1
|-boost|p1a: Corviknight|def|1
|move|p2a: Corviknight|U-turn|p1a: Corviknight
|-resisted|p1a: Corviknight
|-activate|p1a: Corviknight|move: Substitute|[damage]
|
|t:|1664392595
|switch|p2a: Heatran|Heatran, M|70/100|[from]move: U-turn
|-damage|p2a: Heatran|58/100|[from] Stealth Rock
|
|-heal|p1a: Corviknight|82/100|[from] item: Leftovers
|-fieldend|move: Psychic Terrain
|upkeep
|turn|23
|
|t:|1664392600
|move|p2a: Heatran|Magma Storm|p1a: Corviknight
|-supereffective|p1a: Corviknight
|-end|p1a: Corviknight|Substitute
|move|p1a: Corviknight|Substitute|p1a: Corviknight
|-start|p1a: Corviknight|Substitute
|-damage|p1a: Corviknight|57/100
|
|-heal|p1a: Corviknight|63/100|[from] item: Leftovers
|upkeep
|turn|24
|
|t:|1664392617
|switch|p2a: Tapu Lele|Tapu Lele|76/100
|-damage|p2a: Tapu Lele|63/100|[from] Stealth Rock
|-fieldstart|move: Psychic Terrain|[from] ability: Psychic Surge|[of] p2a: Tapu Lele
|move|p1a: Corviknight|Substitute|p1a: Corviknight
|-fail|p1a: Corviknight|move: Substitute
|
|-heal|p1a: Corviknight|69/100|[from] item: Leftovers
|upkeep
|turn|25
|
|t:|1664392641
|move|p2a: Tapu Lele|Thunderbolt|p1a: Corviknight
|-supereffective|p1a: Corviknight
|-end|p1a: Corviknight|Substitute
|move|p1a: Corviknight|Brave Bird|p2a: Tapu Lele
|-damage|p2a: Tapu Lele|0 fnt
|faint|p2a: Tapu Lele
|-damage|p1a: Corviknight|55/100|[from] Recoil
|
|-heal|p1a: Corviknight|61/100|[from] item: Leftovers
|upkeep
|inactive|svenno has 120 seconds left.
|
|t:|1664392651
|switch|p2a: Gastrodon|Gastrodon-East, F|84/100
|-damage|p2a: Gastrodon|78/100|[from] Stealth Rock
|turn|26
|
|t:|1664392655
|move|p1a: Corviknight|Substitute|p1a: Corviknight
|-start|p1a: Corviknight|Substitute
|-damage|p1a: Corviknight|36/100
|move|p2a: Gastrodon|Scald|p1a: Corviknight
|-activate|p1a: Corviknight|move: Substitute|[damage]
|
|-heal|p1a: Corviknight|42/100|[from] item: Leftovers
|-heal|p2a: Gastrodon|84/100|[from] item: Leftovers
|upkeep
|turn|27
|
|t:|1664392657
|move|p1a: Corviknight|Roost|p1a: Corviknight
|-heal|p1a: Corviknight|92/100
|-singleturn|p1a: Corviknight|move: Roost
|move|p2a: Gastrodon|Scald|p1a: Corviknight
|-end|p1a: Corviknight|Substitute
|
|-heal|p1a: Corviknight|98/100|[from] item: Leftovers
|-heal|p2a: Gastrodon|90/100|[from] item: Leftovers
|upkeep
|turn|28
|
|t:|1664392660
|move|p1a: Corviknight|Substitute|p1a: Corviknight
|-start|p1a: Corviknight|Substitute
|-damage|p1a: Corviknight|73/100
|move|p2a: Gastrodon|Scald|p1a: Corviknight
|-activate|p1a: Corviknight|move: Substitute|[damage]
|
|-heal|p1a: Corviknight|80/100|[from] item: Leftovers
|-heal|p2a: Gastrodon|97/100|[from] item: Leftovers
|-fieldend|move: Psychic Terrain
|upkeep
|turn|29
|
|t:|1664392664
|move|p1a: Corviknight|Bulk Up|p1a: Corviknight
|-boost|p1a: Corviknight|atk|1
|-boost|p1a: Corviknight|def|1
|move|p2a: Gastrodon|Scald|p1a: Corviknight
|-end|p1a: Corviknight|Substitute
|
|-heal|p1a: Corviknight|86/100|[from] item: Leftovers
|-heal|p2a: Gastrodon|100/100|[from] item: Leftovers
|upkeep
|turn|30
|
|t:|1664392666
|move|p1a: Corviknight|Substitute|p1a: Corviknight
|-start|p1a: Corviknight|Substitute
|-damage|p1a: Corviknight|61/100
|move|p2a: Gastrodon|Scald|p1a: Corviknight
|-activate|p1a: Corviknight|move: Substitute|[damage]
|
|-heal|p1a: Corviknight|67/100|[from] item: Leftovers
|upkeep
|turn|31
|
|t:|1664392669
|move|p1a: Corviknight|Bulk Up|p1a: Corviknight
|-boost|p1a: Corviknight|atk|1
|-boost|p1a: Corviknight|def|1
|move|p2a: Gastrodon|Scald|p1a: Corviknight
|-end|p1a: Corviknight|Substitute
|
|-heal|p1a: Corviknight|73/100|[from] item: Leftovers
|upkeep
|turn|32
|
|t:|1664392671
|move|p1a: Corviknight|Substitute|p1a: Corviknight
|-start|p1a: Corviknight|Substitute
|-damage|p1a: Corviknight|48/100
|move|p2a: Gastrodon|Scald|p1a: Corviknight
|-activate|p1a: Corviknight|move: Substitute|[damage]
|
|-heal|p1a: Corviknight|55/100|[from] item: Leftovers
|upkeep
|turn|33
|
|t:|1664392673
|move|p1a: Corviknight|Roost|p1a: Corviknight
|-heal|p1a: Corviknight|100/100
|-singleturn|p1a: Corviknight|move: Roost
|move|p2a: Gastrodon|Scald|p1a: Corviknight
|-end|p1a: Corviknight|Substitute
|
|upkeep
|turn|34
|
|t:|1664392676
|move|p1a: Corviknight|Substitute|p1a: Corviknight
|-start|p1a: Corviknight|Substitute
|-damage|p1a: Corviknight|75/100
|move|p2a: Gastrodon|Scald|p1a: Corviknight
|-activate|p1a: Corviknight|move: Substitute|[damage]
|
|-heal|p1a: Corviknight|82/100|[from] item: Leftovers
|upkeep
|turn|35
|
|t:|1664392678
|move|p1a: Corviknight|Bulk Up|p1a: Corviknight
|-boost|p1a: Corviknight|atk|1
|-boost|p1a: Corviknight|def|1
|move|p2a: Gastrodon|Scald|p1a: Corviknight
|-end|p1a: Corviknight|Substitute
|
|-heal|p1a: Corviknight|88/100|[from] item: Leftovers
|upkeep
|turn|36
|
|t:|1664392682
|move|p1a: Corviknight|Substitute|p1a: Corviknight
|-start|p1a: Corviknight|Substitute
|-damage|p1a: Corviknight|63/100
|move|p2a: Gastrodon|Scald|p1a: Corviknight
|-activate|p1a: Corviknight|move: Substitute|[damage]
|
|-heal|p1a: Corviknight|69/100|[from] item: Leftovers
|upkeep
|turn|37
|
|t:|1664392685
|move|p1a: Corviknight|Bulk Up|p1a: Corviknight
|-boost|p1a: Corviknight|atk|1
|-boost|p1a: Corviknight|def|1
|move|p2a: Gastrodon|Earthquake|p1a: Corviknight
|-immune|p1a: Corviknight
|
|-heal|p1a: Corviknight|75/100|[from] item: Leftovers
|upkeep
|turn|38
|
|t:|1664392687
|move|p1a: Corviknight|Substitute|p1a: Corviknight
|-fail|p1a: Corviknight|move: Substitute
|move|p2a: Gastrodon|Earthquake|p1a: Corviknight
|-immune|p1a: Corviknight
|
|-heal|p1a: Corviknight|82/100|[from] item: Leftovers
|upkeep
|turn|39
|
|t:|1664392694
|move|p1a: Corviknight|Brave Bird|p2a: Gastrodon
|-crit|p2a: Gastrodon
|-damage|p2a: Gastrodon|0 fnt
|faint|p2a: Gastrodon
|-damage|p1a: Corviknight|46/100|[from] Recoil
|
|-heal|p1a: Corviknight|53/100|[from] item: Leftovers
|upkeep
|
|t:|1664392701
|switch|p2a: Corviknight|Corviknight, M|79/100
|-damage|p2a: Corviknight|66/100|[from] Stealth Rock
|-ability|p2a: Corviknight|Pressure
|turn|40
|
|t:|1664392706
|move|p1a: Corviknight|Brave Bird|p2a: Corviknight
|-resisted|p2a: Corviknight
|-damage|p2a: Corviknight|22/100
|-damage|p1a: Corviknight|38/100|[from] Recoil
|move|p2a: Corviknight|Roost|p2a: Corviknight
|-heal|p2a: Corviknight|72/100
|-singleturn|p2a: Corviknight|move: Roost
|
|-heal|p1a: Corviknight|44/100|[from] item: Leftovers
|-heal|p2a: Corviknight|79/100|[from] item: Leftovers
|upkeep
|turn|41
|
|t:|1664392710
|move|p1a: Corviknight|Roost|p1a: Corviknight
|-heal|p1a: Corviknight|94/100
|-singleturn|p1a: Corviknight|move: Roost
|move|p2a: Corviknight|Body Press|p1a: Corviknight
|-supereffective|p1a: Corviknight
|-end|p1a: Corviknight|Substitute
|
|-heal|p2a: Corviknight|85/100|[from] item: Leftovers
|-heal|p1a: Corviknight|100/100|[from] item: Leftovers
|upkeep
|turn|42
|
|t:|1664392718
|move|p1a: Corviknight|Substitute|p1a: Corviknight
|-start|p1a: Corviknight|Substitute
|-damage|p1a: Corviknight|75/100
|move|p2a: Corviknight|Body Press|p1a: Corviknight
|-activate|p1a: Corviknight|move: Substitute|[damage]
|
|-heal|p1a: Corviknight|82/100|[from] item: Leftovers
|-heal|p2a: Corviknight|91/100|[from] item: Leftovers
|upkeep
|turn|43
|
|t:|1664392721
|move|p1a: Corviknight|Brave Bird|p2a: Corviknight
|-resisted|p2a: Corviknight
|-damage|p2a: Corviknight|50/100
|-damage|p1a: Corviknight|68/100|[from] Recoil
|move|p2a: Corviknight|Body Press|p1a: Corviknight
|-activate|p1a: Corviknight|move: Substitute|[damage]
|
|-heal|p2a: Corviknight|56/100|[from] item: Leftovers
|-heal|p1a: Corviknight|74/100|[from] item: Leftovers
|upkeep
|turn|44
|
|t:|1664392727
|move|p1a: Corviknight|Brave Bird|p2a: Corviknight
|-resisted|p2a: Corviknight
|-damage|p2a: Corviknight|16/100
|-damage|p1a: Corviknight|61/100|[from] Recoil
|move|p2a: Corviknight|Roost|p2a: Corviknight
|-heal|p2a: Corviknight|66/100
|-singleturn|p2a: Corviknight|move: Roost
|
|-heal|p2a: Corviknight|73/100|[from] item: Leftovers
|-heal|p1a: Corviknight|68/100|[from] item: Leftovers
|upkeep
|turn|45
|j| wolfdarklight30
|
|t:|1664392739
|move|p2a: Corviknight|Roost|p2a: Corviknight
|-heal|p2a: Corviknight|100/100
|-singleturn|p2a: Corviknight|move: Roost
|move|p1a: Corviknight|Brave Bird|p2a: Corviknight
|-resisted|p2a: Corviknight
|-damage|p2a: Corviknight|54/100
|-damage|p1a: Corviknight|52/100|[from] Recoil
|
|-heal|p1a: Corviknight|59/100|[from] item: Leftovers
|-heal|p2a: Corviknight|60/100|[from] item: Leftovers
|upkeep
|turn|46
|
|t:|1664392744
|switch|p1a: Rotom|Rotom-Heat|100/100
|move|p2a: Corviknight|Body Press|p1a: Rotom
|-damage|p1a: Rotom|70/100
|
|-heal|p2a: Corviknight|66/100|[from] item: Leftovers
|upkeep
|turn|47
|
|t:|1664392749
|move|p1a: Rotom|Defog|p2a: Corviknight
|-unboost|p2a: Corviknight|evasion|1
|-sideend|p2: svenno|Stealth Rock|[from] move: Defog|[of] p1a: Rotom
|-sideend|p1: gotsnsd|Stealth Rock|[from] move: Defog|[of] p1a: Rotom
|move|p2a: Corviknight|U-turn|p1a: Rotom
|-resisted|p1a: Rotom
|-damage|p1a: Rotom|63/100
|
|t:|1664392752
|switch|p2a: Weavile|Weavile, M|76/100|[from]move: U-turn
|-ability|p2a: Weavile|Pressure
|
|upkeep
|turn|48
|
|t:|1664392761
|move|p2a: Weavile|Knock Off|p1a: Rotom
|-damage|p1a: Rotom|0 fnt
|-enditem|p1a: Rotom|Heavy-Duty Boots|[from] move: Knock Off|[of] p2a: Weavile
|faint|p1a: Rotom
|
|upkeep
|
|t:|1664392780
|switch|p1a: Clefable|Clefable, M|100/100 tox
|turn|49
|
|t:|1664392788
|switch|p2a: Heatran|Heatran, M|58/100
|move|p1a: Clefable|Stealth Rock|p2a: Heatran
|-sidestart|p2: svenno|move: Stealth Rock
|
|upkeep
|turn|50
|
|t:|1664392793
|move|p2a: Heatran|Stealth Rock|p1a: Clefable
|-sidestart|p1: gotsnsd|move: Stealth Rock
|move|p1a: Clefable|Moonblast|p2a: Heatran
|-resisted|p2a: Heatran
|-damage|p2a: Heatran|53/100
|-unboost|p2a: Heatran|spa|1
|
|upkeep
|turn|51
|
|t:|1664392797
|move|p2a: Heatran|Magma Storm|p1a: Clefable
|-damage|p1a: Clefable|79/100 tox
|-activate|p1a: Clefable|move: Magma Storm|[of] p2a: Heatran
|move|p1a: Clefable|Moonblast|p2a: Heatran
|-resisted|p2a: Heatran
|-damage|p2a: Heatran|48/100
|
|-heal|p1a: Clefable|85/100 tox|[from] item: Leftovers
|upkeep
|turn|52
|
|t:|1664392800
|move|p2a: Heatran|Earth Power|p1a: Clefable
|-damage|p1a: Clefable|71/100 tox
|move|p1a: Clefable|Moonblast|p2a: Heatran
|-resisted|p2a: Heatran
|-damage|p2a: Heatran|43/100
|
|-heal|p1a: Clefable|77/100 tox|[from] item: Leftovers
|upkeep
|turn|53
|
|t:|1664392804
|move|p2a: Heatran|Earth Power|p1a: Clefable
|-damage|p1a: Clefable|64/100 tox
|move|p1a: Clefable|Moonblast|p2a: Heatran
|-resisted|p2a: Heatran
|-damage|p2a: Heatran|38/100
|
|-heal|p1a: Clefable|71/100 tox|[from] item: Leftovers
|upkeep
|turn|54
|
|t:|1664392807
|move|p2a: Heatran|Magma Storm|p1a: Clefable
|-damage|p1a: Clefable|48/100 tox
|move|p1a: Clefable|Moonblast|p2a: Heatran
|-resisted|p2a: Heatran
|-damage|p2a: Heatran|34/100
|-unboost|p2a: Heatran|spa|1
|
|-heal|p1a: Clefable|54/100 tox|[from] item: Leftovers
|upkeep
|turn|55
|
|t:|1664392810
|move|p2a: Heatran|Magma Storm|p1a: Clefable|[miss]
|-miss|p2a: Heatran|p1a: Clefable
|move|p1a: Clefable|Soft-Boiled|p1a: Clefable
|-heal|p1a: Clefable|100/100 tox
|
|-end|p1a: Clefable|Magma Storm|[partiallytrapped]
|upkeep
|turn|56
|
|t:|1664392813
|move|p2a: Heatran|Magma Storm|p1a: Clefable
|-damage|p1a: Clefable|83/100 tox
|-activate|p1a: Clefable|move: Magma Storm|[of] p2a: Heatran
|move|p1a: Clefable|Moonblast|p2a: Heatran
|-resisted|p2a: Heatran
|-damage|p2a: Heatran|30/100
|
|-heal|p1a: Clefable|89/100 tox|[from] item: Leftovers
|upkeep
|turn|57
|j| tpf10
|inactive|svenno has 120 seconds left.
|
|t:|1664392864
|switch|p2a: Corviknight|Corviknight, M|66/100
|-damage|p2a: Corviknight|54/100|[from] Stealth Rock
|-ability|p2a: Corviknight|Pressure
|move|p1a: Clefable|Moonblast|p2a: Corviknight
|-resisted|p2a: Corviknight
|-damage|p2a: Corviknight|37/100
|-unboost|p2a: Corviknight|spa|1
|
|-heal|p2a: Corviknight|44/100|[from] item: Leftovers
|-heal|p1a: Clefable|95/100 tox|[from] item: Leftovers
|-end|p1a: Clefable|Magma Storm|[partiallytrapped]|[silent]
|upkeep
|turn|58
|
|t:|1664392867
|move|p2a: Corviknight|U-turn|p1a: Clefable
|-resisted|p1a: Clefable
|-damage|p1a: Clefable|89/100 tox
|
|t:|1664392873
|switch|p2a: Heatran|Heatran, M|30/100|[from]move: U-turn
|-damage|p2a: Heatran|18/100|[from] Stealth Rock
|move|p1a: Clefable|Knock Off|p2a: Heatran
|-damage|p2a: Heatran|9/100
|
|-heal|p1a: Clefable|95/100 tox|[from] item: Leftovers
|upkeep
|turn|59
|
|t:|1664392882
|move|p2a: Heatran|Earth Power|p1a: Clefable
|-damage|p1a: Clefable|74/100 tox
|move|p1a: Clefable|Knock Off|p2a: Heatran
|-damage|p2a: Heatran|0 fnt
|faint|p2a: Heatran
|
|-heal|p1a: Clefable|80/100 tox|[from] item: Leftovers
|upkeep
|
|t:|1664392884
|switch|p2a: Weavile|Weavile, M|76/100
|-damage|p2a: Weavile|51/100|[from] Stealth Rock
|-ability|p2a: Weavile|Pressure
|turn|60
|l| wolfdarklight30
|
|t:|1664392896
|switch|p1a: Rillaboom|Rillaboom, M|4/100 tox
|-damage|p1a: Rillaboom|0 fnt|[from] Stealth Rock
|faint|p1a: Rillaboom
|move|p2a: Weavile|Icicle Crash|p1: Rillaboom|[notarget]
|-fail|p2a: Weavile
|
|upkeep
|
|t:|1664392904
|switch|p1a: Clefable|Clefable, M|80/100 tox
|turn|61
|
|t:|1664392910
|switch|p2a: Corviknight|Corviknight, M|44/100
|-damage|p2a: Corviknight|31/100|[from] Stealth Rock
|-ability|p2a: Corviknight|Pressure
|move|p1a: Clefable|Moonblast|p2a: Corviknight
|-resisted|p2a: Corviknight
|-damage|p2a: Corviknight|15/100
|
|-heal|p2a: Corviknight|21/100|[from] item: Leftovers
|-heal|p1a: Clefable|86/100 tox|[from] item: Leftovers
|upkeep
|turn|62
|
|t:|1664392913
|move|p2a: Corviknight|Roost|p2a: Corviknight
|-heal|p2a: Corviknight|71/100
|-singleturn|p2a: Corviknight|move: Roost
|move|p1a: Clefable|Knock Off|p2a: Corviknight
|-damage|p2a: Corviknight|62/100
|-enditem|p2a: Corviknight|Leftovers|[from] move: Knock Off|[of] p1a: Clefable
|
|-heal|p1a: Clefable|92/100 tox|[from] item: Leftovers
|upkeep
|turn|63
|
|t:|1664392918
|switch|p1a: Corviknight|Corviknight, F|59/100
|-damage|p1a: Corviknight|46/100|[from] Stealth Rock
|-ability|p1a: Corviknight|Pressure
|move|p2a: Corviknight|Body Press|p1a: Corviknight
|-damage|p1a: Corviknight|25/100
|
|-heal|p1a: Corviknight|31/100|[from] item: Leftovers
|upkeep
|turn|64
|
|t:|1664392937
|move|p1a: Corviknight|Roost|p1a: Corviknight
|-heal|p1a: Corviknight|81/100
|-singleturn|p1a: Corviknight|move: Roost
|move|p2a: Corviknight|Defog|p1a: Corviknight
|-unboost|p1a: Corviknight|evasion|1
|-sideend|p1: gotsnsd|Stealth Rock|[from] move: Defog|[of] p2a: Corviknight
|-sideend|p2: svenno|Stealth Rock|[from] move: Defog|[of] p2a: Corviknight
|
|-heal|p1a: Corviknight|87/100|[from] item: Leftovers
|upkeep
|turn|65
|
|t:|1664392941
|switch|p1a: Clefable|Clefable, M|92/100 tox
|move|p2a: Corviknight|Body Press|p1a: Clefable
|-resisted|p1a: Clefable
|-damage|p1a: Clefable|81/100 tox
|
|-heal|p1a: Clefable|87/100 tox|[from] item: Leftovers
|upkeep
|turn|66
|
|t:|1664392948
|move|p2a: Corviknight|Defog|p1a: Clefable
|-unboost|p1a: Clefable|evasion|1
|move|p1a: Clefable|Stealth Rock|p2a: Corviknight
|-sidestart|p2: svenno|move: Stealth Rock
|
|-heal|p1a: Clefable|93/100 tox|[from] item: Leftovers
|upkeep
|turn|67
|
|t:|1664392952
|switch|p1a: Corviknight|Corviknight, F|87/100
|-ability|p1a: Corviknight|Pressure
|move|p2a: Corviknight|Defog|p1a: Corviknight
|-unboost|p1a: Corviknight|evasion|1
|-sideend|p2: svenno|Stealth Rock|[from] move: Defog|[of] p2a: Corviknight
|
|-heal|p1a: Corviknight|94/100|[from] item: Leftovers
|upkeep
|turn|68
|
|t:|1664392955
|switch|p1a: Clefable|Clefable, M|93/100 tox
|move|p2a: Corviknight|U-turn|p1a: Clefable
|-resisted|p1a: Clefable
|-damage|p1a: Clefable|86/100 tox
|
|t:|1664392957
|switch|p2a: Weavile|Weavile, M|51/100|[from]move: U-turn
|-ability|p2a: Weavile|Pressure
|
|-heal|p1a: Clefable|92/100 tox|[from] item: Leftovers
|upkeep
|turn|69
|
|t:|1664392960
|move|p2a: Weavile|Icicle Crash|p1a: Clefable
|-damage|p1a: Clefable|39/100 tox
|cant|p1a: Clefable|flinch
|
|-heal|p1a: Clefable|45/100 tox|[from] item: Leftovers
|upkeep
|turn|70
|inactive|gotsnsd has 120 seconds left.
|
|t:|1664392997
|move|p2a: Weavile|Icicle Crash|p1a: Clefable
|-damage|p1a: Clefable|0 fnt
|faint|p1a: Clefable
|
|upkeep
|
|t:|1664392999
|switch|p1a: Corviknight|Corviknight, F|94/100
|-ability|p1a: Corviknight|Pressure
|turn|71
|
|t:|1664393028
|move|p2a: Weavile|Icicle Crash|p1a: Corviknight
|-damage|p1a: Corviknight|41/100
|move|p1a: Corviknight|Brave Bird|p2a: Weavile
|-damage|p2a: Weavile|0 fnt
|faint|p2a: Weavile
|-damage|p1a: Corviknight|29/100|[from] Recoil
|
|-heal|p1a: Corviknight|36/100|[from] item: Leftovers
|upkeep
|c|☆svenno|nahhh
|
|t:|1664393036
|switch|p2a: Corviknight|Corviknight, M|62/100
|-ability|p2a: Corviknight|Pressure
|turn|72
|
|t:|1664393053
|move|p2a: Corviknight|Body Press|p1a: Corviknight
|-damage|p1a: Corviknight|13/100
|move|p1a: Corviknight|Bulk Up|p1a: Corviknight
|-boost|p1a: Corviknight|atk|1
|-boost|p1a: Corviknight|def|1
|
|-heal|p1a: Corviknight|19/100|[from] item: Leftovers
|upkeep
|turn|73
|
|t:|1664393056
|move|p1a: Corviknight|Roost|p1a: Corviknight
|-heal|p1a: Corviknight|69/100
|-singleturn|p1a: Corviknight|move: Roost
|move|p2a: Corviknight|Body Press|p1a: Corviknight
|-supereffective|p1a: Corviknight
|-damage|p1a: Corviknight|39/100
|
|-heal|p1a: Corviknight|46/100|[from] item: Leftovers
|upkeep
|turn|74
|
|t:|1664393060
|move|p2a: Corviknight|Body Press|p1a: Corviknight
|-damage|p1a: Corviknight|30/100
|move|p1a: Corviknight|Bulk Up|p1a: Corviknight
|-boost|p1a: Corviknight|atk|1
|-boost|p1a: Corviknight|def|1
|
|-heal|p1a: Corviknight|37/100|[from] item: Leftovers
|upkeep
|turn|75
|
|t:|1664393064
|move|p2a: Corviknight|U-turn|p1a: Corviknight
|-resisted|p1a: Corviknight
|-damage|p1a: Corviknight|35/100
|move|p1a: Corviknight|Roost|p1a: Corviknight
|-heal|p1a: Corviknight|85/100
|-singleturn|p1a: Corviknight|move: Roost
|
|-heal|p1a: Corviknight|91/100|[from] item: Leftovers
|upkeep
|turn|76
|
|t:|1664393070
|move|p1a: Corviknight|Bulk Up|p1a: Corviknight
|-boost|p1a: Corviknight|atk|1
|-boost|p1a: Corviknight|def|1
|move|p2a: Corviknight|U-turn|p1a: Corviknight
|-resisted|p1a: Corviknight
|-damage|p1a: Corviknight|90/100
|
|-heal|p1a: Corviknight|96/100|[from] item: Leftovers
|upkeep
|turn|77
|
|t:|1664393072
|move|p1a: Corviknight|Bulk Up|p1a: Corviknight
|-boost|p1a: Corviknight|atk|1
|-boost|p1a: Corviknight|def|1
|move|p2a: Corviknight|U-turn|p1a: Corviknight
|-resisted|p1a: Corviknight
|-damage|p1a: Corviknight|95/100
|
|-heal|p1a: Corviknight|100/100|[from] item: Leftovers
|upkeep
|turn|78
|
|t:|1664393074
|move|p1a: Corviknight|Bulk Up|p1a: Corviknight
|-boost|p1a: Corviknight|atk|1
|-boost|p1a: Corviknight|def|1
|move|p2a: Corviknight|U-turn|p1a: Corviknight
|-resisted|p1a: Corviknight
|-damage|p1a: Corviknight|99/100
|
|-heal|p1a: Corviknight|100/100|[from] item: Leftovers
|upkeep
|turn|79
|
|t:|1664393076
|move|p1a: Corviknight|Bulk Up|p1a: Corviknight
|-boost|p1a: Corviknight|atk|1
|-boost|p1a: Corviknight|def|1
|move|p2a: Corviknight|U-turn|p1a: Corviknight
|-resisted|p1a: Corviknight
|-damage|p1a: Corviknight|99/100
|
|-heal|p1a: Corviknight|100/100|[from] item: Leftovers
|upkeep
|turn|80
|
|t:|1664393078
|move|p1a: Corviknight|Substitute|p1a: Corviknight
|-start|p1a: Corviknight|Substitute
|-damage|p1a: Corviknight|75/100
|move|p2a: Corviknight|U-turn|p1a: Corviknight
|-resisted|p1a: Corviknight
|-crit|p1a: Corviknight
|-activate|p1a: Corviknight|move: Substitute|[damage]
|
|-heal|p1a: Corviknight|82/100|[from] item: Leftovers
|upkeep
|turn|81
|
|t:|1664393082
|move|p1a: Corviknight|Bulk Up|p1a: Corviknight
|-boost|p1a: Corviknight|atk|0
|-boost|p1a: Corviknight|def|0
|move|p2a: Corviknight|U-turn|p1a: Corviknight
|-resisted|p1a: Corviknight
|-activate|p1a: Corviknight|move: Substitute|[damage]
|
|-heal|p1a: Corviknight|88/100|[from] item: Leftovers
|upkeep
|turn|82
|
|t:|1664393086
|move|p1a: Corviknight|Bulk Up|p1a: Corviknight
|-boost|p1a: Corviknight|atk|0
|-boost|p1a: Corviknight|def|0
|move|p2a: Corviknight|U-turn|p1a: Corviknight
|-resisted|p1a: Corviknight
|-activate|p1a: Corviknight|move: Substitute|[damage]
|
|-heal|p1a: Corviknight|94/100|[from] item: Leftovers
|upkeep
|turn|83
|
|t:|1664393088
|move|p2a: Corviknight|U-turn|p1a: Corviknight
|-resisted|p1a: Corviknight
|-activate|p1a: Corviknight|move: Substitute|[damage]
|move|p1a: Corviknight|Brave Bird|p2a: Corviknight
|-resisted|p2a: Corviknight
|-crit|p2a: Corviknight
|-damage|p2a: Corviknight|0 fnt
|faint|p2a: Corviknight
|-damage|p1a: Corviknight|74/100|[from] Recoil
|
|win|gotsnsd
|n|☆gotsnsd|gotsnsd
|n|☆svenno|svenno
|n| tpf10|tpf10
