|j|☆max-dyna
|j|☆testotesto321
|player|p1|max-dyna|maxie-gen3|1511
|player|p2|testotesto321|bellelba|1568
|teamsize|p1|6
|teamsize|p2|6
|gametype|singles
|gen|8
|tier|[Gen 8] OU
|rated|
|html|<div class="broadcast-blue"><strong>OU is currently suspecting Dracovish! For information on how to participate check out the <a href="https://www.smogon.com/forums/threads/3664521/">suspect thread</a>.</strong></div>
|clearpoke
|poke|p1|Aegislash, M|
|poke|p1|Hydreigon, M|
|poke|p1|Toxtricity, F|
|poke|p1|Seismitoad, F|
|poke|p1|Corviknight, M|
|poke|p1|Clefable, M|
|poke|p2|Gengar, M|
|poke|p2|Zeraora|
|poke|p2|Clefable, F|
|poke|p2|Hippowdon, F|
|poke|p2|Corviknight, F|
|poke|p2|Toxapex, F|
|rule|Sleep Clause Mod: Limit one foe put to sleep
|rule|Species Clause: Limit one of each Pokémon
|rule|OHKO Clause: OHKO moves are banned
|rule|Evasion Moves Clause: Evasion moves are banned
|rule|Endless Battle Clause: Forcing endless battles is banned
|rule|HP Percentage Mod: HP is shown in percentages
|rule|Dynamax Clause: You cannot dynamax
|teampreview
|
|start
|switch|p1a: Teen Gohan SSJ2|Toxtricity, F|100/100
|switch|p2a: Zeraora|Zeraora|100/100
|turn|1
|
|move|p2a: Zeraora|Plasma Fists|p1a: Teen Gohan SSJ2
|-resisted|p1a: Teen Gohan SSJ2
|-damage|p1a: Teen Gohan SSJ2|65/100
|-fieldactivate|move: Ion Deluge
|move|p1a: Teen Gohan SSJ2|Sludge Wave|p2a: Zeraora
|-damage|p2a: Zeraora|2/100
|
|upkeep
|turn|2
|inactive|Battle timer is ON: inactive players will automatically lose when time's up. (requested by max-dyna)
|
|switch|p2a: Corviknight|Corviknight, F, shiny|100/100
|-ability|p2a: Corviknight|Pressure
|switch|p1a: Old Af Weapon|Aegislash, M|100/100
|
|upkeep
|turn|3
|
|switch|p1a: RaveN|Corviknight, M|100/100
|-ability|p1a: RaveN|Pressure
|move|p2a: Corviknight|U-turn|p1a: RaveN
|-resisted|p1a: RaveN
|-damage|p1a: RaveN|98/100
|
|switch|p2a: Gengar|Gengar, M|100/100|[from]move: U-turn
|
|-heal|p1a: RaveN|100/100|[from] item: Leftovers
|upkeep
|turn|4
|
|switch|p1a: MigoS|Hydreigon, M|100/100
|move|p2a: Gengar|Shadow Ball|p1a: MigoS
|-resisted|p1a: MigoS
|-damage|p1a: MigoS|64/100
|
|upkeep
|turn|5
|
|switch|p2a: Corviknight|Corviknight, F, shiny|100/100
|-ability|p2a: Corviknight|Pressure
|move|p1a: MigoS|U-turn|p2a: Corviknight
|-resisted|p2a: Corviknight
|-damage|p2a: Corviknight|97/100
|
|switch|p1a: RaveN|Corviknight, M|100/100|[from]move: U-turn
|-ability|p1a: RaveN|Pressure
|
|-heal|p2a: Corviknight|100/100|[from] item: Leftovers
|upkeep
|turn|6
|
|move|p1a: RaveN|U-turn|p2a: Corviknight
|-resisted|p2a: Corviknight
|-damage|p2a: Corviknight|98/100
|
|switch|p1a: Old Af Weapon|Aegislash, M|100/100|[from]move: U-turn
|move|p2a: Corviknight|U-turn|p1a: Old Af Weapon
|-resisted|p1a: Old Af Weapon
|-damage|p1a: Old Af Weapon|97/100
|c|☆max-dyna|lol
|
|switch|p2a: Hippowdon|Hippowdon, F|100/100|[from]move: U-turn
|-weather|Sandstorm|[from] ability: Sand Stream|[of] p2a: Hippowdon
|
|-weather|Sandstorm|[upkeep]
|upkeep
|turn|7
|c|☆max-dyna|that corviknight hella slow
|
|switch|p1a: Dom Froggo|Seismitoad, F|100/100
|move|p2a: Hippowdon|Toxic|p1a: Dom Froggo|[miss]
|-miss|p2a: Hippowdon|p1a: Dom Froggo
|
|-weather|Sandstorm|[upkeep]
|upkeep
|turn|8
|
|switch|p2a: Corviknight|Corviknight, F, shiny|98/100
|-ability|p2a: Corviknight|Pressure
|move|p1a: Dom Froggo|Toxic|p2a: Corviknight
|-immune|p2a: Corviknight
|
|-weather|Sandstorm|[upkeep]
|-heal|p2a: Corviknight|100/100|[from] item: Leftovers
|upkeep
|turn|9
|
|move|p1a: Dom Froggo|Stealth Rock|p2a: Corviknight
|-sidestart|p2: testotesto321|move: Stealth Rock
|move|p2a: Corviknight|U-turn|p1a: Dom Froggo
|-damage|p1a: Dom Froggo|90/100
|
|switch|p2a: Clefable|Clefable, F, shiny|100/100|[from]move: U-turn
|
|-weather|Sandstorm|[upkeep]
|-heal|p1a: Dom Froggo|96/100|[from] item: Leftovers
|upkeep
|turn|10
|
|switch|p1a: RaveN|Corviknight, M|100/100
|-ability|p1a: RaveN|Pressure
|move|p2a: Clefable|Moonblast|p1a: RaveN
|-resisted|p1a: RaveN
|-damage|p1a: RaveN|78/100
|-unboost|p1a: RaveN|spa|1
|
|-weather|none
|-heal|p1a: RaveN|84/100|[from] item: Leftovers
|upkeep
|turn|11
|
|move|p2a: Clefable|Thunder Wave|p1a: RaveN
|-status|p1a: RaveN|par
|move|p1a: RaveN|U-turn|p2a: Clefable
|-resisted|p2a: Clefable
|-damage|p2a: Clefable|92/100
|
|switch|p1a: Old Af Weapon|Aegislash, M|97/100|[from]move: U-turn
|
|upkeep
|turn|12
|
|switch|p2a: Toxapex|Toxapex, F, shiny|100/100
|-damage|p2a: Toxapex|88/100|[from] Stealth Rock
|-formechange|p1a: Old Af Weapon|Aegislash-Blade||[from] ability: Stance Change
|move|p1a: Old Af Weapon|Head Smash|p2a: Toxapex|[miss]
|-miss|p1a: Old Af Weapon|p2a: Toxapex
|
|-heal|p2a: Toxapex|94/100|[from] item: Black Sludge
|upkeep
|turn|13
|
|switch|p1a: Symbol of OU|Clefable, M|100/100
|switch|p2a: Gengar|Gengar, M|100/100
|-damage|p2a: Gengar|88/100|[from] Stealth Rock
|
|upkeep
|turn|14
|
|move|p1a: Symbol of OU|Protect|p1a: Symbol of OU
|-singleturn|p1a: Symbol of OU|Protect
|move|p2a: Gengar|Shadow Ball|p1a: Symbol of OU
|-activate|p1a: Symbol of OU|move: Protect
|
|upkeep
|turn|15
|
|move|p2a: Gengar|Shadow Ball|p1a: Symbol of OU
|-damage|p1a: Symbol of OU|57/100
|move|p1a: Symbol of OU|Wish|p1a: Symbol of OU
|
|-heal|p1a: Symbol of OU|63/100|[from] item: Leftovers
|upkeep
|turn|16
|
|move|p2a: Gengar|Shadow Ball|p1a: Symbol of OU
|-damage|p1a: Symbol of OU|21/100
|move|p1a: Symbol of OU|Teleport|p1a: Symbol of OU
|
|switch|p1a: MigoS|Hydreigon, M|64/100|[from]move: Teleport
|
|-heal|p1a: MigoS|100/100|[from] move: Wish|[wisher] Symbol of OU
|upkeep
|turn|17
|
|switch|p2a: Corviknight|Corviknight, F, shiny|100/100
|-damage|p2a: Corviknight|88/100|[from] Stealth Rock
|-ability|p2a: Corviknight|Pressure
|move|p1a: MigoS|U-turn|p2a: Corviknight
|-resisted|p2a: Corviknight
|-damage|p2a: Corviknight|85/100
|
|switch|p1a: Teen Gohan SSJ2|Toxtricity, F|65/100|[from]move: U-turn
|
|-heal|p2a: Corviknight|91/100|[from] item: Leftovers
|upkeep
|turn|18
|
|switch|p2a: Zeraora|Zeraora|2/100
|-damage|p2a: Zeraora|0 fnt|[from] Stealth Rock
|faint|p2a: Zeraora
|move|p1a: Teen Gohan SSJ2|Boomburst|p2: Zeraora|[notarget]
|-fail|p1a: Teen Gohan SSJ2
|
|upkeep
|
|switch|p2a: Gengar|Gengar, M|88/100
|-damage|p2a: Gengar|76/100|[from] Stealth Rock
|turn|19
|
|switch|p1a: RaveN|Corviknight, M|84/100 par
|-ability|p1a: RaveN|Pressure
|move|p2a: Gengar|Sludge Wave|p1a: RaveN
|-immune|p1a: RaveN
|
|-heal|p1a: RaveN|90/100 par|[from] item: Leftovers
|upkeep
|turn|20
|
|move|p2a: Gengar|Sludge Wave|p1a: RaveN
|-immune|p1a: RaveN
|cant|p1a: RaveN|par
|
|-heal|p1a: RaveN|96/100 par|[from] item: Leftovers
|upkeep
|turn|21
|
|switch|p2a: Clefable|Clefable, F, shiny|92/100
|cant|p1a: RaveN|par
|
|-heal|p1a: RaveN|100/100 par|[from] item: Leftovers
|upkeep
|turn|22
|
|move|p2a: Clefable|Flamethrower|p1a: RaveN
|-supereffective|p1a: RaveN
|-damage|p1a: RaveN|43/100 par
|move|p1a: RaveN|U-turn|p2a: Clefable
|-resisted|p2a: Clefable
|-damage|p2a: Clefable|83/100
|
|switch|p1a: Teen Gohan SSJ2|Toxtricity, F|65/100|[from]move: U-turn
|
|upkeep
|turn|23
|
|switch|p2a: Corviknight|Corviknight, F, shiny|91/100
|-damage|p2a: Corviknight|79/100|[from] Stealth Rock
|-ability|p2a: Corviknight|Pressure
|move|p1a: Teen Gohan SSJ2|Volt Switch|p2a: Corviknight
|-supereffective|p2a: Corviknight
|-damage|p2a: Corviknight|0 fnt
|faint|p2a: Corviknight
|
|switch|p1a: Symbol of OU|Clefable, M|21/100|[from]move: Volt Switch
|
|-heal|p1a: Symbol of OU|27/100|[from] item: Leftovers
|upkeep
|
|switch|p2a: Gengar|Gengar, M|76/100
|-damage|p2a: Gengar|64/100|[from] Stealth Rock
|turn|24
|
|move|p1a: Symbol of OU|Protect|p1a: Symbol of OU
|-singleturn|p1a: Symbol of OU|Protect
|move|p2a: Gengar|Shadow Ball|p1a: Symbol of OU
|-activate|p1a: Symbol of OU|move: Protect
|
|-heal|p1a: Symbol of OU|33/100|[from] item: Leftovers
|upkeep
|turn|25
|
|switch|p1a: MigoS|Hydreigon, M|100/100
|move|p2a: Gengar|Shadow Ball|p1a: MigoS
|-resisted|p1a: MigoS
|-damage|p1a: MigoS|62/100
|-unboost|p1a: MigoS|spd|1
|
|upkeep
|turn|26
|
|switch|p2a: Hippowdon|Hippowdon, F|100/100
|-damage|p2a: Hippowdon|94/100|[from] Stealth Rock
|-weather|Sandstorm|[from] ability: Sand Stream|[of] p2a: Hippowdon
|move|p1a: MigoS|Dark Pulse|p2a: Hippowdon
|-damage|p2a: Hippowdon|48/100
|
|-weather|Sandstorm|[upkeep]
|-damage|p1a: MigoS|56/100|[from] Sandstorm
|upkeep
|turn|27
|
|switch|p1a: RaveN|Corviknight, M|43/100 par
|-ability|p1a: RaveN|Pressure
|move|p2a: Hippowdon|Slack Off|p2a: Hippowdon
|-heal|p2a: Hippowdon|98/100
|
|-weather|Sandstorm|[upkeep]
|-heal|p1a: RaveN|49/100 par|[from] item: Leftovers
|upkeep
|turn|28
|
|move|p2a: Hippowdon|Stealth Rock|p1a: RaveN
|-sidestart|p1: max-dyna|move: Stealth Rock
|move|p1a: RaveN|Roost|p1a: RaveN
|-heal|p1a: RaveN|99/100 par
|-singleturn|p1a: RaveN|move: Roost
|
|-weather|Sandstorm|[upkeep]
|-heal|p1a: RaveN|100/100 par|[from] item: Leftovers
|upkeep
|turn|29
|
|move|p2a: Hippowdon|Toxic||[still]
|-fail|p2a: Hippowdon
|move|p1a: RaveN|U-turn|p2a: Hippowdon
|-crit|p2a: Hippowdon
|-damage|p2a: Hippowdon|87/100
|-damage|p1a: RaveN|84/100 par|[from] item: Rocky Helmet|[of] p2a: Hippowdon
|
|switch|p1a: Dom Froggo|Seismitoad, F|96/100|[from]move: U-turn
|-damage|p1a: Dom Froggo|90/100|[from] Stealth Rock
|
|-weather|Sandstorm|[upkeep]
|-heal|p1a: Dom Froggo|96/100|[from] item: Leftovers
|upkeep
|turn|30
|
|move|p1a: Dom Froggo|Scald|p2a: Hippowdon
|-supereffective|p2a: Hippowdon
|-damage|p2a: Hippowdon|38/100
|move|p2a: Hippowdon|Toxic|p1a: Dom Froggo
|-status|p1a: Dom Froggo|tox
|
|-weather|none
|-heal|p1a: Dom Froggo|100/100 tox|[from] item: Leftovers
|-damage|p1a: Dom Froggo|94/100 tox|[from] psn
|upkeep
|turn|31
|
|switch|p1a: Symbol of OU|Clefable, M|33/100
|switch|p2a: Clefable|Clefable, F, shiny|83/100
|
|-heal|p1a: Symbol of OU|40/100|[from] item: Leftovers
|upkeep
|turn|32
|
|move|p1a: Symbol of OU|Protect|p1a: Symbol of OU
|-singleturn|p1a: Symbol of OU|Protect
|move|p2a: Clefable|Moonblast|p1a: Symbol of OU
|-activate|p1a: Symbol of OU|move: Protect
|
|-heal|p1a: Symbol of OU|46/100|[from] item: Leftovers
|upkeep
|turn|33
|
|switch|p1a: Teen Gohan SSJ2|Toxtricity, F|65/100
|-damage|p1a: Teen Gohan SSJ2|53/100|[from] Stealth Rock
|move|p2a: Clefable|Thunder Wave|p1a: Teen Gohan SSJ2
|-immune|p1a: Teen Gohan SSJ2
|
|upkeep
|turn|34
|
|switch|p2a: Hippowdon|Hippowdon, F|38/100
|-damage|p2a: Hippowdon|32/100|[from] Stealth Rock
|-weather|Sandstorm|[from] ability: Sand Stream|[of] p2a: Hippowdon
|move|p1a: Teen Gohan SSJ2|Sludge Wave|p2a: Hippowdon
|-resisted|p2a: Hippowdon
|-damage|p2a: Hippowdon|0 fnt
|faint|p2a: Hippowdon
|
|-weather|Sandstorm|[upkeep]
|-damage|p1a: Teen Gohan SSJ2|47/100|[from] Sandstorm
|upkeep
|
|switch|p2a: Gengar|Gengar, M|64/100
|-damage|p2a: Gengar|51/100|[from] Stealth Rock
|turn|35
|
|switch|p1a: Dom Froggo|Seismitoad, F|94/100 tox
|-damage|p1a: Dom Froggo|88/100 tox|[from] Stealth Rock
|move|p2a: Gengar|Shadow Ball|p1a: Dom Froggo
|-damage|p1a: Dom Froggo|28/100 tox
|-unboost|p1a: Dom Froggo|spd|1
|
|-weather|Sandstorm|[upkeep]
|-damage|p2a: Gengar|45/100|[from] Sandstorm
|-heal|p1a: Dom Froggo|34/100 tox|[from] item: Leftovers
|-damage|p1a: Dom Froggo|28/100 tox|[from] psn
|upkeep
|turn|36
|
|move|p2a: Gengar|Shadow Ball|p1a: Dom Froggo
|-damage|p1a: Dom Froggo|0 fnt
|faint|p1a: Dom Froggo
|
|-weather|Sandstorm|[upkeep]
|-damage|p2a: Gengar|39/100|[from] Sandstorm
|upkeep
|
|switch|p1a: MigoS|Hydreigon, M|56/100
|-damage|p1a: MigoS|43/100|[from] Stealth Rock
|turn|37
|
|switch|p2a: Clefable|Clefable, F, shiny|83/100
|move|p1a: MigoS|Dark Pulse|p2a: Clefable
|-resisted|p2a: Clefable
|-damage|p2a: Clefable|61/100
|
|-weather|Sandstorm|[upkeep]
|-damage|p1a: MigoS|37/100|[from] Sandstorm
|upkeep
|turn|38
|
|switch|p1a: Old Af Weapon|Aegislash, M|97/100
|-damage|p1a: Old Af Weapon|91/100|[from] Stealth Rock
|move|p2a: Clefable|Flamethrower|p1a: Old Af Weapon
|-supereffective|p1a: Old Af Weapon
|-damage|p1a: Old Af Weapon|23/100
|
|-weather|none
|upkeep
|turn|39
|
|switch|p2a: Toxapex|Toxapex, F, shiny|100/100
|-damage|p2a: Toxapex|88/100|[from] Stealth Rock
|-formechange|p1a: Old Af Weapon|Aegislash-Blade||[from] ability: Stance Change
|move|p1a: Old Af Weapon|Head Smash|p2a: Toxapex
|-crit|p2a: Toxapex
|-damage|p2a: Toxapex|3/100
|-damage|p1a: Old Af Weapon|0 fnt|[from] Recoil
|faint|p1a: Old Af Weapon
|
|-heal|p2a: Toxapex|10/100|[from] item: Black Sludge
|upkeep
|
|switch|p1a: Teen Gohan SSJ2|Toxtricity, F|47/100
|-damage|p1a: Teen Gohan SSJ2|35/100|[from] Stealth Rock
|turn|40
|
|move|p1a: Teen Gohan SSJ2|Volt Switch|p2a: Toxapex
|-supereffective|p2a: Toxapex
|-damage|p2a: Toxapex|0 fnt
|faint|p2a: Toxapex
|
|switch|p1a: Symbol of OU|Clefable, M|46/100|[from]move: Volt Switch
|
|-heal|p1a: Symbol of OU|52/100|[from] item: Leftovers
|upkeep
|
|switch|p2a: Gengar|Gengar, M|39/100
|-damage|p2a: Gengar|27/100|[from] Stealth Rock
|turn|41
|
|move|p1a: Symbol of OU|Protect|p1a: Symbol of OU
|-singleturn|p1a: Symbol of OU|Protect
|move|p2a: Gengar|Shadow Ball|p1a: Symbol of OU
|-activate|p1a: Symbol of OU|move: Protect
|
|-heal|p1a: Symbol of OU|58/100|[from] item: Leftovers
|upkeep
|turn|42
|
|move|p2a: Gengar|Shadow Ball|p1a: Symbol of OU
|-damage|p1a: Symbol of OU|14/100
|-unboost|p1a: Symbol of OU|spd|1
|move|p1a: Symbol of OU|Moonblast|p2a: Gengar
|-resisted|p2a: Gengar
|-damage|p2a: Gengar|3/100
|-unboost|p2a: Gengar|spa|1
|-start|p1a: Symbol of OU|Disable|Moonblast|[from] ability: Cursed Body|[of] p2a: Gengar
|
|-heal|p1a: Symbol of OU|20/100|[from] item: Leftovers
|upkeep
|turn|43
|
|move|p1a: Symbol of OU|Protect|p1a: Symbol of OU
|-singleturn|p1a: Symbol of OU|Protect
|move|p2a: Gengar|Shadow Ball|p1a: Symbol of OU
|-activate|p1a: Symbol of OU|move: Protect
|
|-heal|p1a: Symbol of OU|26/100|[from] item: Leftovers
|upkeep
|turn|44
|
|move|p2a: Gengar|Shadow Ball|p1a: Symbol of OU
|-damage|p1a: Symbol of OU|0 fnt
|faint|p1a: Symbol of OU
|
|upkeep
|
|switch|p1a: MigoS|Hydreigon, M|37/100
|-damage|p1a: MigoS|25/100|[from] Stealth Rock
|turn|45
|
|move|p1a: MigoS|U-turn|p2a: Gengar
|-resisted|p2a: Gengar
|-damage|p2a: Gengar|0 fnt
|faint|p2a: Gengar
|-message|testotesto321 forfeited.
|
|win|max-dyna
|l|☆testotesto321
|l|☆max-dyna
||Ladder (probably) updated, but score could not be retrieved (Response not received).
|j|☆max-dyna
|player|p1|max-dyna|maxie-gen3
