|j|☆early_human
|j|☆fatpikapower
|t:|1603452908
|player|p1|early_human|lucas|1771
|player|p2|fatpikapower|fisherman-gen4|1722
|teamsize|p1|6
|teamsize|p2|6
|gametype|singles
|gen|8
|tier|[Gen 8] OU
|rated|
|clearpoke
|poke|p1|Mandibuzz, F|
|poke|p1|Buzzwole|
|poke|p1|Heatran, F|
|poke|p1|Toxapex, M|
|poke|p1|Latios, M|
|poke|p1|Zygarde|
|poke|p2|Genesect-*|
|poke|p2|Pheromosa|
|poke|p2|Kyurem-Black|
|poke|p2|Melmetal|
|poke|p2|Landorus, M|
|poke|p2|Spectrier|
|rule|Sleep Clause Mod: Limit one foe put to sleep
|rule|Species Clause: Limit one of each Pokémon
|rule|OHKO Clause: OHKO moves are banned
|rule|Evasion Moves Clause: Evasion moves are banned
|rule|Endless Battle Clause: Forcing endless battles is banned
|rule|HP Percentage Mod: HP is shown in percentages
|rule|Dynamax Clause: You cannot dynamax
|teampreview
|j| Zombini62
|j| Rtyuuu
|j| reje
|j| Havsha
|j| We Are ANAAAAK?!
|j| SpookYeezy
|j| Firelord0zaii
|j| vojo trCOLA PICOLA
|
|t:|1603452932
|start
|switch|p1a: Latios|Latios, M|100/100
|switch|p2a: Pheromosa|Pheromosa|100/100
|turn|1
|
|t:|1603452938
|switch|p1a: Toxapex|Toxapex, M|100/100
|move|p2a: Pheromosa|U-turn|p1a: Toxapex
|-resisted|p1a: Toxapex
|-damage|p1a: Toxapex|86/100
|-damage|p2a: Pheromosa|84/100|[from] item: Rocky Helmet|[of] p1a: Toxapex
|-damage|p2a: Pheromosa|74/100|[from] item: Life Orb
|
|t:|1603452963
|switch|p2a: Kyurem|Kyurem-Black|100/100|[from]move: U-turn
|-ability|p2a: Kyurem|Teravolt
|
|upkeep
|turn|2
|
|t:|1603452970
|switch|p1a: Buzzwole|Buzzwole|100/100
|move|p2a: Kyurem|Substitute|p2a: Kyurem
|-start|p2a: Kyurem|Substitute
|-damage|p2a: Kyurem|76/100
|
|upkeep
|turn|3
|
|t:|1603452989
|move|p2a: Kyurem|Icicle Spear|p1a: Buzzwole
|-damage|p1a: Buzzwole|87/100
|-damage|p1a: Buzzwole|76/100
|-damage|p1a: Buzzwole|64/100
|-damage|p1a: Buzzwole|51/100
|-damage|p1a: Buzzwole|38/100
|-hitcount|p1a: Buzzwole|5
|-damage|p2a: Kyurem|66/100|[from] item: Life Orb
|move|p1a: Buzzwole|Drain Punch|p2a: Kyurem
|-supereffective|p2a: Kyurem
|-end|p2a: Kyurem|Substitute
|-heal|p1a: Buzzwole|50/100|[from] drain|[of] p2a: Kyurem
|
|-heal|p1a: Buzzwole|56/100|[from] item: Leftovers
|upkeep
|turn|4
|j| Priyankaa
|
|t:|1603453011
|switch|p2a: Spectrier|Spectrier|100/100
|move|p1a: Buzzwole|Roost|p1a: Buzzwole
|-heal|p1a: Buzzwole|100/100
|-singleturn|p1a: Buzzwole|move: Roost
|
|upkeep
|turn|5
|
|t:|1603453016
|switch|p1a: Mandibuzz|Mandibuzz, F, shiny|100/100
|move|p2a: Spectrier|Shadow Ball|p1a: Mandibuzz
|-resisted|p1a: Mandibuzz
|-damage|p1a: Mandibuzz|76/100
|
|upkeep
|turn|6
|j| Pissog
|
|t:|1603453024
|switch|p2a: Melmetal|Melmetal|100/100
|move|p1a: Mandibuzz|Foul Play|p2a: Melmetal
|-damage|p2a: Melmetal|68/100
|
|upkeep
|turn|7
|j| darkfuk990
|
|t:|1603453037
|switch|p1a: Toxapex|Toxapex, M|100/100
|move|p2a: Melmetal|Double Iron Bash|p1a: Toxapex
|-resisted|p1a: Toxapex
|-damage|p1a: Toxapex|80/100
|-damage|p2a: Melmetal|51/100|[from] item: Rocky Helmet|[of] p1a: Toxapex
|-resisted|p1a: Toxapex
|-damage|p1a: Toxapex|61/100
|-damage|p2a: Melmetal|35/100|[from] item: Rocky Helmet|[of] p1a: Toxapex
|-hitcount|p1a: Toxapex|2
|
|upkeep
|turn|8
|
|t:|1603453051
|move|p2a: Melmetal|Double Iron Bash|p1a: Toxapex
|-resisted|p1a: Toxapex
|-damage|p1a: Toxapex|42/100
|-damage|p2a: Melmetal|18/100|[from] item: Rocky Helmet|[of] p1a: Toxapex
|-resisted|p1a: Toxapex
|-damage|p1a: Toxapex|21/100
|-damage|p2a: Melmetal|2/100|[from] item: Rocky Helmet|[of] p1a: Toxapex
|-hitcount|p1a: Toxapex|2
|cant|p1a: Toxapex|flinch
|
|upkeep
|turn|9
|j| Catsui
|
|t:|1603453060
|switch|p2a: Landorus|Landorus, M|100/100
|switch|p1a: Heatran|Heatran, F|100/100
|
|upkeep
|turn|10
|
|t:|1603453073
|switch|p1a: Latios|Latios, M|100/100
|move|p2a: Landorus|Sludge Wave|p1a: Latios
|-damage|p1a: Latios|40/100
|
|upkeep
|turn|11
|
|t:|1603453079
|switch|p2a: Melmetal|Melmetal|2/100
|move|p1a: Latios|Psychic|p2a: Melmetal
|-resisted|p2a: Melmetal
|-damage|p2a: Melmetal|0 fnt
|faint|p2a: Melmetal
|
|upkeep
|
|t:|1603453089
|switch|p2a: Pheromosa|Pheromosa|74/100
|turn|12
|
|t:|1603453097
|switch|p1a: Toxapex|Toxapex, M|54/100
|move|p2a: Pheromosa|U-turn|p1a: Toxapex
|-resisted|p1a: Toxapex
|-damage|p1a: Toxapex|39/100
|-damage|p2a: Pheromosa|57/100|[from] item: Rocky Helmet|[of] p1a: Toxapex
|-damage|p2a: Pheromosa|47/100|[from] item: Life Orb
|j| yiyue
|
|t:|1603453122
|switch|p2a: Landorus|Landorus, M|100/100|[from]move: U-turn
|
|upkeep
|turn|13
|
|t:|1603453130
|switch|p1a: Zygarde|Zygarde|100/100
|-ability|p1a: Zygarde|Aura Break
|move|p2a: Landorus|Rock Polish|p2a: Landorus
|-boost|p2a: Landorus|spe|2
|
|upkeep
|turn|14
|
|t:|1603453138
|move|p2a: Landorus|Earth Power|p1a: Zygarde
|-damage|p1a: Zygarde|22/100
|move|p1a: Zygarde|Outrage|p2a: Landorus
|-damage|p2a: Landorus|0 fnt
|faint|p2a: Landorus
|
|upkeep
|j| Kilima
|
|t:|1603453155
|switch|p2a: Spectrier|Spectrier|100/100
|turn|15
|l| Priyankaa
|j| OzSaeba
|
|t:|1603453174
|move|p2a: Spectrier|Shadow Ball|p1a: Zygarde
|-damage|p1a: Zygarde|0 fnt
|faint|p1a: Zygarde
|-ability|p2a: Spectrier|Grim Neigh|boost
|-boost|p2a: Spectrier|spa|1
|
|upkeep
|
|t:|1603453176
|switch|p1a: Mandibuzz|Mandibuzz, F, shiny|76/100
|turn|16
|
|t:|1603453179
|move|p2a: Spectrier|Shadow Ball|p1a: Mandibuzz
|-resisted|p1a: Mandibuzz
|-damage|p1a: Mandibuzz|42/100
|move|p1a: Mandibuzz|Roost|p1a: Mandibuzz
|-heal|p1a: Mandibuzz|92/100
|-singleturn|p1a: Mandibuzz|move: Roost
|
|upkeep
|turn|17
|
|t:|1603453183
|move|p2a: Spectrier|Shadow Ball|p1a: Mandibuzz
|-resisted|p1a: Mandibuzz
|-damage|p1a: Mandibuzz|57/100
|-unboost|p1a: Mandibuzz|spd|1
|move|p1a: Mandibuzz|Foul Play|p2a: Spectrier
|-supereffective|p2a: Spectrier
|-damage|p2a: Spectrier|49/100
|
|upkeep
|turn|18
|
|t:|1603453189
|move|p2a: Spectrier|Shadow Ball|p1a: Mandibuzz
|-resisted|p1a: Mandibuzz
|-damage|p1a: Mandibuzz|2/100
|move|p1a: Mandibuzz|Foul Play|p2a: Spectrier
|-supereffective|p2a: Spectrier
|-damage|p2a: Spectrier|3/100
|
|upkeep
|turn|19
|j| TKODATRUTH
|
|t:|1603453198
|move|p2a: Spectrier|Shadow Ball|p1a: Mandibuzz
|-resisted|p1a: Mandibuzz
|-damage|p1a: Mandibuzz|0 fnt
|faint|p1a: Mandibuzz
|-ability|p2a: Spectrier|Grim Neigh|boost
|-boost|p2a: Spectrier|spa|1
|
|upkeep
|
|t:|1603453199
|switch|p1a: Heatran|Heatran, F|100/100
|turn|20
|
|t:|1603453201
|move|p2a: Spectrier|Shadow Ball|p1a: Heatran
|-crit|p1a: Heatran
|-damage|p1a: Heatran|0 fnt
|faint|p1a: Heatran
|-ability|p2a: Spectrier|Grim Neigh|boost
|-boost|p2a: Spectrier|spa|1
|
|upkeep
|l| OzSaeba
|c|☆early_human|._.
|c| Catsui|gg
|-message|early_human forfeited.
|
|win|fatpikapower
|j| Gengar_Mask
|raw|early_human's rating: 1745 &rarr; <strong>1724</strong><br />(-21 for losing)
|raw|fatpikapower's rating: 1722 &rarr; <strong>1744</strong><br />(+22 for winning)
|l| Rtyuuu
|l| Havsha
|l| SpookYeezy
|l| Gengar_Mask
|l| Firelord0zaii
|l| Zombini62
|l|☆early_human
|j| ShinyLucarioXD
|l| Catsui
|l| vojo trCOLA PICOLA
|l| ShinyLucarioXD
