|j|☆cump2
|j|☆PrettyHugeDolphin
|t:|1632164512
|gametype|singles
|player|p1|cump2|169|1267
|player|p2|PrettyHugeDolphin|veteran|1269
|teamsize|p1|6
|teamsize|p2|6
|gen|8
|tier|[Gen 8] OU
|rated|
|rule|Sleep Clause Mod: Limit one foe put to sleep
|rule|Species Clause: Limit one of each Pokémon
|rule|OHKO Clause: OHKO moves are banned
|rule|Evasion Moves Clause: Evasion moves are banned
|rule|Endless Battle Clause: Forcing endless battles is banned
|rule|HP Percentage Mod: HP is shown in percentages
|rule|Dynamax Clause: You cannot dynamax
|clearpoke
|poke|p1|Mew|
|poke|p1|Zapdos-Galar|
|poke|p1|Garchomp, M|
|poke|p1|Necrozma|
|poke|p1|Volcarona, F|
|poke|p1|Zeraora|
|poke|p2|Tsareena, F|
|poke|p2|Grimmsnarl, M|
|poke|p2|Polteageist-Antique|
|poke|p2|Drampa, M|
|poke|p2|Shedinja|
|poke|p2|Cloyster, F|
|teampreview
|inactive|Battle timer is ON: inactive players will automatically lose when time's up. (requested by PrettyHugeDolphin)
|
|t:|1632164518
|start
|switch|p1a: Mew|Mew, shiny|100/100
|switch|p2a: Grimmsnarl|Grimmsnarl, M|100/100
|turn|1
|
|t:|1632164521
|move|p2a: Grimmsnarl|Taunt|p1a: Mew
|-start|p1a: Mew|move: Taunt
|cant|p1a: Mew|move: Taunt|Taunt
|
|upkeep
|turn|2
|
|t:|1632164528
|switch|p1a: Zapdos|Zapdos-Galar|100/100
|move|p2a: Grimmsnarl|Spirit Break|p1a: Zapdos
|-supereffective|p1a: Zapdos
|-damage|p1a: Zapdos|33/100
|-unboost|p1a: Zapdos|spa|1
|-ability|p1a: Zapdos|Defiant
|-boost|p1a: Zapdos|atk|2
|
|upkeep
|turn|3
|
|t:|1632164532
|move|p2a: Grimmsnarl|Reflect|p2a: Grimmsnarl
|-sidestart|p2: PrettyHugeDolphin|Reflect
|move|p1a: Zapdos|Brave Bird|p2a: Grimmsnarl
|-damage|p2a: Grimmsnarl|0 fnt
|faint|p2a: Grimmsnarl
|-damage|p1a: Zapdos|0 fnt|[from] Recoil
|faint|p1a: Zapdos
|
|upkeep
|
|t:|1632164544
|switch|p1a: Mew|Mew, shiny|100/100
|switch|p2a: Polteageist|Polteageist-Antique|100/100
|turn|4
|
|t:|1632164547
|move|p1a: Mew|Taunt|p2a: Polteageist
|-start|p2a: Polteageist|move: Taunt
|cant|p2a: Polteageist|move: Taunt|Shell Smash
|
|upkeep
|turn|5
|
|t:|1632164550
|move|p1a: Mew|Stealth Rock|p2a: Polteageist
|-sidestart|p2: PrettyHugeDolphin|move: Stealth Rock
|move|p2a: Polteageist|Shadow Ball|p1a: Mew
|-supereffective|p1a: Mew
|-damage|p1a: Mew|32/100
|-enditem|p1a: Mew|Red Card|[of] p2a: Polteageist
|drag|p2a: Cloyster|Cloyster, F|100/100
|-damage|p2a: Cloyster|76/100|[from] Stealth Rock
|
|upkeep
|turn|6
|
|t:|1632164559
|move|p1a: Mew|Taunt|p2a: Cloyster
|-start|p2a: Cloyster|move: Taunt
|cant|p2a: Cloyster|move: Taunt|Shell Smash
|
|upkeep
|turn|7
|
|t:|1632164562
|move|p1a: Mew|Spikes|p2a: Cloyster
|-sidestart|p2: PrettyHugeDolphin|Spikes
|move|p2a: Cloyster|Icicle Spear|p1a: Mew
|-damage|p1a: Mew|23/100
|-damage|p1a: Mew|14/100
|-damage|p1a: Mew|4/100
|-damage|p1a: Mew|0 fnt
|faint|p1a: Mew
|-hitcount|p1: Mew|4
|
|upkeep
|
|t:|1632164569
|switch|p1a: Volcarona|Volcarona, F, shiny|100/100
|turn|8
|
|t:|1632164571
|move|p1a: Volcarona|Giga Drain|p2a: Cloyster
|-supereffective|p2a: Cloyster
|-damage|p2a: Cloyster|0 fnt
|faint|p2a: Cloyster
|
|upkeep
|
|t:|1632164578
|switch|p2a: Tsareena|Tsareena, F|100/100
|-damage|p2a: Tsareena|88/100|[from] Stealth Rock
|-damage|p2a: Tsareena|76/100|[from] Spikes
|turn|9
|
|t:|1632164580
|move|p1a: Volcarona|Flamethrower|p2a: Tsareena
|-supereffective|p2a: Tsareena
|-damage|p2a: Tsareena|0 fnt
|faint|p2a: Tsareena
|
|upkeep
|
|t:|1632164587
|switch|p2a: Drampa|Drampa, M|100/100
|-damage|p2a: Drampa|88/100|[from] Spikes
|-damage|p2a: Drampa|75/100|[from] Stealth Rock
|turn|10
|
|t:|1632164595
|switch|p1a: Garchomp|Garchomp, M|100/100
|move|p2a: Drampa|Calm Mind|p2a: Drampa
|-boost|p2a: Drampa|spa|1
|-boost|p2a: Drampa|spd|1
|
|-heal|p2a: Drampa|82/100|[from] item: Leftovers
|-sideend|p2: PrettyHugeDolphin|Reflect
|upkeep
|turn|11
|
|t:|1632164598
|move|p1a: Garchomp|Scale Shot|p2a: Drampa
|-supereffective|p2a: Drampa
|-damage|p2a: Drampa|63/100
|-supereffective|p2a: Drampa
|-damage|p2a: Drampa|43/100
|-hitcount|p2a: Drampa|2
|-ability|p2a: Drampa|Berserk|boost
|-boost|p2a: Drampa|spa|1
|-unboost|p1a: Garchomp|def|1
|-boost|p1a: Garchomp|spe|1
|move|p2a: Drampa|Roost|p2a: Drampa
|-heal|p2a: Drampa|93/100
|-singleturn|p2a: Drampa|move: Roost
|
|-heal|p2a: Drampa|99/100|[from] item: Leftovers
|upkeep
|turn|12
|
|t:|1632164607
|move|p1a: Garchomp|Swords Dance|p1a: Garchomp
|-boost|p1a: Garchomp|atk|2
|move|p2a: Drampa|Dragon Pulse|p1a: Garchomp
|-supereffective|p1a: Garchomp
|-damage|p1a: Garchomp|0 fnt
|faint|p1a: Garchomp
|
|-heal|p2a: Drampa|100/100|[from] item: Leftovers
|upkeep
|
|t:|1632164614
|switch|p1a: Zeraora|Zeraora, shiny|100/100
|turn|13
|
|t:|1632164620
|move|p1a: Zeraora|Close Combat|p2a: Drampa
|-supereffective|p2a: Drampa
|-damage|p2a: Drampa|41/100
|-unboost|p1a: Zeraora|def|1
|-unboost|p1a: Zeraora|spd|1
|-ability|p2a: Drampa|Berserk|boost
|-boost|p2a: Drampa|spa|1
|move|p2a: Drampa|Dragon Pulse|p1a: Zeraora
|-damage|p1a: Zeraora|0 fnt
|faint|p1a: Zeraora
|
|-heal|p2a: Drampa|47/100|[from] item: Leftovers
|upkeep
|
|t:|1632164629
|switch|p1a: Necrozma|Necrozma|100/100
|turn|14
|
|t:|1632164632
|move|p1a: Necrozma|Dragon Dance|p1a: Necrozma
|-boost|p1a: Necrozma|atk|1
|-boost|p1a: Necrozma|spe|1
|move|p2a: Drampa|Roost|p2a: Drampa
|-heal|p2a: Drampa|97/100
|-singleturn|p2a: Drampa|move: Roost
|
|-heal|p2a: Drampa|100/100|[from] item: Leftovers
|upkeep
|turn|15
|
|t:|1632164638
|move|p1a: Necrozma|Dragon Dance|p1a: Necrozma
|-boost|p1a: Necrozma|atk|1
|-boost|p1a: Necrozma|spe|1
|move|p2a: Drampa|Dragon Pulse|p1a: Necrozma
|-damage|p1a: Necrozma|6/100
|
|upkeep
|turn|16
|
|t:|1632164641
|move|p1a: Necrozma|Photon Geyser|p2a: Drampa
|-damage|p2a: Drampa|46/100
|-ability|p2a: Drampa|Berserk|boost
|-boost|p2a: Drampa|spa|1
|move|p2a: Drampa|Dragon Pulse|p1a: Necrozma
|-damage|p1a: Necrozma|0 fnt
|faint|p1a: Necrozma
|
|-heal|p2a: Drampa|52/100|[from] item: Leftovers
|upkeep
|-message|cump2 forfeited.
|
|win|PrettyHugeDolphin
|raw|cump2's rating: 1267 &rarr; <strong>1242</strong><br />(-25 for losing)
|raw|PrettyHugeDolphin's rating: 1269 &rarr; <strong>1294</strong><br />(+25 for winning)
|l|☆cump2
||Ladder isn't responding, score probably updated but might not have (Request timeout).
