|raw|<div class="broadcast-blue"><strong>This battle is required to be public due to a player having a name starting with 'lt91bb'.</div>
|j|☆Lenape
|j|☆LT91BB AYT
|t:|1659045917
|gametype|singles
|player|p1|Lenape|265|1803
|player|p2|LT91BB AYT|steven|1782
|teamsize|p1|6
|teamsize|p2|6
|gen|8
|tier|[Gen 8] OU
|rated|
|rule|Sleep Clause Mod: Limit one foe put to sleep
|rule|Species Clause: Limit one of each Pokémon
|rule|OHKO Clause: OHKO moves are banned
|rule|Evasion Moves Clause: Evasion moves are banned
|rule|Endless Battle Clause: Forcing endless battles is banned
|rule|HP Percentage Mod: HP is shown in percentages
|rule|Dynamax Clause: You cannot dynamax
|clearpoke
|poke|p1|Rhyperior, F|
|poke|p1|Toxapex, M|
|poke|p1|Corviknight, F|
|poke|p1|Umbreon, M|
|poke|p1|Sylveon, M|
|poke|p1|Rotom-Heat|
|poke|p2|Rotom-Wash|
|poke|p2|Melmetal|
|poke|p2|Clefable, M|
|poke|p2|Tornadus-Therian, M|
|poke|p2|Victini|
|poke|p2|Gastrodon, F|
|teampreview
|inactive|Battle timer is ON: inactive players will automatically lose when time's up. (requested by Lenape)
|j| hump
|j| joey milktank
|
|t:|1659045932
|start
|switch|p1a: Rotom|Rotom-Heat|100/100
|switch|p2a: Clefable|Clefable, M|100/100
|turn|1
|j| Lunarr
|j| LT91BB Poeh
|j| LT91BB Raizen
|
|t:|1659045940
|switch|p2a: Tornadus|Tornadus-Therian, M|100/100
|move|p1a: Rotom|Trick|p2a: Tornadus
|-activate|p1a: Rotom|move: Trick|[of] p2a: Tornadus
|-item|p2a: Tornadus|Choice Scarf|[from] move: Trick
|-item|p1a: Rotom|Heavy-Duty Boots|[from] move: Trick
|
|upkeep
|turn|2
|j| rheysali
|l| LT91BB Raizen
|j|@ironwater
|
|t:|1659045954
|switch|p2a: Clefable|Clefable, M|100/100
|switch|p1a: Toxapex|Toxapex, M|100/100
|
|upkeep
|turn|3
|
|t:|1659045957
|move|p2a: Clefable|Knock Off|p1a: Toxapex
|-damage|p1a: Toxapex|92/100
|-enditem|p1a: Toxapex|Black Sludge|[from] move: Knock Off|[of] p2a: Clefable
|move|p1a: Toxapex|Toxic|p2a: Clefable
|-status|p2a: Clefable|tox
|
|upkeep
|turn|4
|j| aesnop
|
|t:|1659045962
|switch|p1a: Sylveon|Sylveon, M|100/100
|move|p2a: Clefable|Stealth Rock|p1a: Sylveon
|-sidestart|p1: Lenape|move: Stealth Rock
|
|upkeep
|turn|5
|
|t:|1659045975
|switch|p2a: Victini|Victini|100/100
|move|p1a: Sylveon|Calm Mind|p1a: Sylveon
|-boost|p1a: Sylveon|spa|1
|-boost|p1a: Sylveon|spd|1
|
|upkeep
|turn|6
|
|t:|1659045979
|move|p1a: Sylveon|Protect|p1a: Sylveon
|-singleturn|p1a: Sylveon|Protect
|move|p2a: Victini|Bolt Strike|p1a: Sylveon
|-activate|p1a: Sylveon|move: Protect
|
|upkeep
|turn|7
|
|t:|1659045981
|switch|p1a: Rhyperior|Rhyperior, F|100/100
|-damage|p1a: Rhyperior|94/100|[from] Stealth Rock
|move|p2a: Victini|V-create|p1a: Rhyperior
|-resisted|p1a: Rhyperior
|-damage|p1a: Rhyperior|68/100
|-unboost|p2a: Victini|spe|1
|-unboost|p2a: Victini|def|1
|-unboost|p2a: Victini|spd|1
|
|-heal|p1a: Rhyperior|74/100|[from] item: Leftovers
|upkeep
|turn|8
|
|t:|1659045994
|switch|p2a: Rotom|Rotom-Wash|100/100
|move|p1a: Rhyperior|Stealth Rock|p2a: Rotom
|-sidestart|p2: LT91BB AYT|move: Stealth Rock
|
|-heal|p1a: Rhyperior|80/100|[from] item: Leftovers
|upkeep
|turn|9
|
|t:|1659046006
|switch|p1a: Sylveon|Sylveon, M|100/100
|-damage|p1a: Sylveon|88/100|[from] Stealth Rock
|move|p2a: Rotom|Hydro Pump|p1a: Sylveon
|-damage|p1a: Sylveon|63/100
|
|-heal|p1a: Sylveon|69/100|[from] item: Leftovers
|upkeep
|turn|10
|
|t:|1659046009
|move|p1a: Sylveon|Protect|p1a: Sylveon
|-singleturn|p1a: Sylveon|Protect
|move|p2a: Rotom|Volt Switch|p1a: Sylveon
|-activate|p1a: Sylveon|move: Protect
|
|-heal|p1a: Sylveon|75/100|[from] item: Leftovers
|upkeep
|turn|11
|
|t:|1659046016
|move|p2a: Rotom|Will-O-Wisp|p1a: Sylveon|[miss]
|-miss|p2a: Rotom|p1a: Sylveon
|move|p1a: Sylveon|Wish|p1a: Sylveon
|
|-heal|p1a: Sylveon|81/100|[from] item: Leftovers
|upkeep
|turn|12
|
|t:|1659046021
|move|p2a: Rotom|Volt Switch|p1a: Sylveon
|-damage|p1a: Sylveon|62/100
|
|t:|1659046030
|switch|p2a: Victini|Victini|100/100|[from]move: Volt Switch
|move|p1a: Sylveon|Calm Mind|p1a: Sylveon
|-boost|p1a: Sylveon|spa|1
|-boost|p1a: Sylveon|spd|1
|
|-heal|p1a: Sylveon|100/100|[from] move: Wish|[wisher] Sylveon
|upkeep
|turn|13
|
|t:|1659046033
|switch|p2a: Melmetal|Melmetal|100/100
|-damage|p2a: Melmetal|94/100|[from] Stealth Rock
|move|p1a: Sylveon|Protect||[still]
|-fail|p1a: Sylveon
|
|-heal|p2a: Melmetal|100/100|[from] item: Leftovers
|upkeep
|turn|14
|
|t:|1659046036
|move|p1a: Sylveon|Protect|p1a: Sylveon
|-singleturn|p1a: Sylveon|Protect
|move|p2a: Melmetal|Double Iron Bash|p1a: Sylveon
|-activate|p1a: Sylveon|move: Protect
|
|upkeep
|turn|15
|
|t:|1659046039
|switch|p1a: Toxapex|Toxapex, M|100/100
|-damage|p1a: Toxapex|88/100|[from] Stealth Rock
|move|p2a: Melmetal|Double Iron Bash|p1a: Toxapex
|-resisted|p1a: Toxapex
|-damage|p1a: Toxapex|75/100
|-resisted|p1a: Toxapex
|-damage|p1a: Toxapex|61/100
|-hitcount|p1a: Toxapex|2
|
|upkeep
|turn|16
|
|t:|1659046042
|move|p1a: Toxapex|Baneful Bunker|p1a: Toxapex
|-singleturn|p1a: Toxapex|move: Protect
|move|p2a: Melmetal|Earthquake|p1a: Toxapex
|-activate|p1a: Toxapex|move: Protect
|
|upkeep
|turn|17
|
|t:|1659046044
|switch|p1a: Rotom|Rotom-Heat|100/100
|move|p2a: Melmetal|Earthquake|p1a: Rotom
|-immune|p1a: Rotom|[from] ability: Levitate
|
|upkeep
|turn|18
|
|t:|1659046053
|switch|p2a: Gastrodon|Gastrodon, F|100/100
|-damage|p2a: Gastrodon|94/100|[from] Stealth Rock
|move|p1a: Rotom|Discharge|p2a: Gastrodon
|-immune|p2a: Gastrodon
|
|-heal|p2a: Gastrodon|100/100|[from] item: Leftovers
|upkeep
|turn|19
|
|t:|1659046064
|switch|p1a: Toxapex|Toxapex, M|94/100
|-damage|p1a: Toxapex|81/100|[from] Stealth Rock
|move|p2a: Gastrodon|Scald|p1a: Toxapex
|-resisted|p1a: Toxapex
|-damage|p1a: Toxapex|70/100
|
|upkeep
|turn|20
|
|t:|1659046067
|move|p2a: Gastrodon|Earth Power|p1a: Toxapex
|-supereffective|p1a: Toxapex
|-damage|p1a: Toxapex|22/100
|move|p1a: Toxapex|Toxic|p2a: Gastrodon
|-status|p2a: Gastrodon|tox
|
|-damage|p2a: Gastrodon|94/100 tox|[from] psn
|upkeep
|turn|21
|
|t:|1659046071
|switch|p1a: Sylveon|Sylveon, M|100/100
|-damage|p1a: Sylveon|88/100|[from] Stealth Rock
|move|p2a: Gastrodon|Scald|p1a: Sylveon
|-damage|p1a: Sylveon|69/100
|
|-heal|p1a: Sylveon|75/100|[from] item: Leftovers
|-heal|p2a: Gastrodon|100/100 tox|[from] item: Leftovers
|-damage|p2a: Gastrodon|88/100 tox|[from] psn
|upkeep
|turn|22
|
|t:|1659046076
|switch|p2a: Victini|Victini|100/100
|move|p1a: Sylveon|Wish|p1a: Sylveon
|
|-heal|p1a: Sylveon|81/100|[from] item: Leftovers
|upkeep
|turn|23
|
|t:|1659046088
|switch|p1a: Rhyperior|Rhyperior, F|80/100
|-damage|p1a: Rhyperior|74/100|[from] Stealth Rock
|move|p2a: Victini|U-turn|p1a: Rhyperior
|-crit|p1a: Rhyperior
|-damage|p1a: Rhyperior|53/100
|
|t:|1659046091
|switch|p2a: Rotom|Rotom-Wash|100/100|[from]move: U-turn
|-damage|p2a: Rotom|88/100|[from] Stealth Rock
|
|-heal|p1a: Rhyperior|98/100|[from] move: Wish|[wisher] Sylveon
|-heal|p2a: Rotom|94/100|[from] item: Leftovers
|-heal|p1a: Rhyperior|100/100|[from] item: Leftovers
|upkeep
|turn|24
|j| Venositile
|
|t:|1659046100
|switch|p1a: Sylveon|Sylveon, M|81/100
|-damage|p1a: Sylveon|69/100|[from] Stealth Rock
|move|p2a: Rotom|Volt Switch|p1a: Sylveon
|-damage|p1a: Sylveon|51/100
|
|t:|1659046102
|switch|p2a: Victini|Victini|100/100|[from]move: Volt Switch
|
|-heal|p1a: Sylveon|57/100|[from] item: Leftovers
|upkeep
|turn|25
|
|t:|1659046121
|move|p1a: Sylveon|Protect|p1a: Sylveon
|-singleturn|p1a: Sylveon|Protect
|move|p2a: Victini|U-turn|p1a: Sylveon
|-activate|p1a: Sylveon|move: Protect
|
|-heal|p1a: Sylveon|63/100|[from] item: Leftovers
|upkeep
|turn|26
|
|t:|1659046125
|switch|p1a: Toxapex|Toxapex, M|55/100
|-damage|p1a: Toxapex|43/100|[from] Stealth Rock
|move|p2a: Victini|V-create|p1a: Toxapex
|-resisted|p1a: Toxapex
|-damage|p1a: Toxapex|18/100
|-unboost|p2a: Victini|spe|1
|-unboost|p2a: Victini|def|1
|-unboost|p2a: Victini|spd|1
|
|upkeep
|turn|27
|
|t:|1659046131
|move|p1a: Toxapex|Baneful Bunker|p1a: Toxapex
|-singleturn|p1a: Toxapex|move: Protect
|move|p2a: Victini|Energy Ball|p1a: Toxapex
|-activate|p1a: Toxapex|move: Protect
|
|upkeep
|turn|28
|
|t:|1659046139
|switch|p1a: Rotom|Rotom-Heat|100/100
|move|p2a: Victini|V-create|p1a: Rotom
|-resisted|p1a: Rotom
|-damage|p1a: Rotom|51/100
|-unboost|p2a: Victini|spe|1
|-unboost|p2a: Victini|def|1
|-unboost|p2a: Victini|spd|1
|
|upkeep
|turn|29
|
|t:|1659046154
|switch|p2a: Rotom|Rotom-Wash|94/100
|-damage|p2a: Rotom|82/100|[from] Stealth Rock
|move|p1a: Rotom|Discharge|p2a: Rotom
|-damage|p2a: Rotom|53/100
|
|-heal|p2a: Rotom|59/100|[from] item: Leftovers
|upkeep
|turn|30
|
|t:|1659046158
|switch|p1a: Umbreon|Umbreon, M|100/100
|-damage|p1a: Umbreon|88/100|[from] Stealth Rock
|move|p2a: Rotom|Volt Switch|p1a: Umbreon
|-damage|p1a: Umbreon|71/100
|
|t:|1659046164
|switch|p2a: Melmetal|Melmetal|100/100|[from]move: Volt Switch
|-damage|p2a: Melmetal|94/100|[from] Stealth Rock
|
|-heal|p1a: Umbreon|77/100|[from] item: Leftovers
|-heal|p2a: Melmetal|100/100|[from] item: Leftovers
|upkeep
|turn|31
|
|t:|1659046176
|move|p1a: Umbreon|Protect|p1a: Umbreon
|-singleturn|p1a: Umbreon|Protect
|move|p2a: Melmetal|Earthquake|p1a: Umbreon
|-activate|p1a: Umbreon|move: Protect
|
|-heal|p1a: Umbreon|83/100|[from] item: Leftovers
|upkeep
|turn|32
|
|t:|1659046179
|switch|p2a: Rotom|Rotom-Wash|59/100
|-damage|p2a: Rotom|47/100|[from] Stealth Rock
|move|p1a: Umbreon|Wish|p1a: Umbreon
|
|-heal|p2a: Rotom|53/100|[from] item: Leftovers
|-heal|p1a: Umbreon|90/100|[from] item: Leftovers
|upkeep
|turn|33
|
|t:|1659046183
|switch|p1a: Sylveon|Sylveon, M|63/100
|-damage|p1a: Sylveon|51/100|[from] Stealth Rock
|move|p2a: Rotom|Pain Split|p1a: Sylveon
|-sethp|p1a: Sylveon|46/100|[from] move: Pain Split|[silent]
|-sethp|p2a: Rotom|59/100|[from] move: Pain Split
|
|-heal|p1a: Sylveon|96/100|[from] move: Wish|[wisher] Umbreon
|-heal|p2a: Rotom|66/100|[from] item: Leftovers
|-heal|p1a: Sylveon|100/100|[from] item: Leftovers
|upkeep
|turn|34
|
|t:|1659046195
|switch|p2a: Victini|Victini|100/100
|move|p1a: Sylveon|Calm Mind|p1a: Sylveon
|-boost|p1a: Sylveon|spa|1
|-boost|p1a: Sylveon|spd|1
|
|upkeep
|turn|35
|
|t:|1659046199
|move|p1a: Sylveon|Protect|p1a: Sylveon
|-singleturn|p1a: Sylveon|Protect
|move|p2a: Victini|Energy Ball|p1a: Sylveon
|-activate|p1a: Sylveon|move: Protect
|
|upkeep
|turn|36
|
|t:|1659046203
|move|p2a: Victini|Bolt Strike|p1a: Sylveon
|-damage|p1a: Sylveon|46/100
|move|p1a: Sylveon|Wish|p1a: Sylveon
|
|-heal|p1a: Sylveon|53/100|[from] item: Leftovers
|upkeep
|turn|37
|
|t:|1659046207
|move|p1a: Sylveon|Protect|p1a: Sylveon
|-singleturn|p1a: Sylveon|Protect
|move|p2a: Victini|Energy Ball|p1a: Sylveon
|-activate|p1a: Sylveon|move: Protect
|
|-heal|p1a: Sylveon|100/100|[from] move: Wish|[wisher] Sylveon
|upkeep
|turn|38
|j| LuckyBombVoyage
|
|t:|1659046253
|switch|p1a: Rhyperior|Rhyperior, F|100/100
|-damage|p1a: Rhyperior|94/100|[from] Stealth Rock
|move|p2a: Victini|V-create|p1a: Rhyperior
|-resisted|p1a: Rhyperior
|-damage|p1a: Rhyperior|65/100
|-unboost|p2a: Victini|spe|1
|-unboost|p2a: Victini|def|1
|-unboost|p2a: Victini|spd|1
|
|-heal|p1a: Rhyperior|72/100|[from] item: Leftovers
|upkeep
|turn|39
|l| LuckyBombVoyage
|
|t:|1659046256
|move|p2a: Victini|U-turn|p1a: Rhyperior
|-damage|p1a: Rhyperior|57/100
|
|t:|1659046262
|switch|p2a: Melmetal|Melmetal|100/100|[from]move: U-turn
|-damage|p2a: Melmetal|94/100|[from] Stealth Rock
|move|p1a: Rhyperior|Earthquake|p2a: Melmetal
|-supereffective|p2a: Melmetal
|-damage|p2a: Melmetal|39/100
|
|-heal|p2a: Melmetal|45/100|[from] item: Leftovers
|-heal|p1a: Rhyperior|63/100|[from] item: Leftovers
|upkeep
|turn|40
|j|+Dragonillis
|
|t:|1659046281
|move|p2a: Melmetal|Protect|p2a: Melmetal
|-singleturn|p2a: Melmetal|Protect
|move|p1a: Rhyperior|Earthquake|p2a: Melmetal
|-activate|p2a: Melmetal|move: Protect
|
|-heal|p2a: Melmetal|51/100|[from] item: Leftovers
|-heal|p1a: Rhyperior|69/100|[from] item: Leftovers
|upkeep
|turn|41
|
|t:|1659046284
|switch|p2a: Rotom|Rotom-Wash|66/100
|-damage|p2a: Rotom|53/100|[from] Stealth Rock
|move|p1a: Rhyperior|Earthquake|p2a: Rotom
|-immune|p2a: Rotom|[from] ability: Levitate
|
|-heal|p2a: Rotom|59/100|[from] item: Leftovers
|-heal|p1a: Rhyperior|76/100|[from] item: Leftovers
|upkeep
|turn|42
|
|t:|1659046289
|switch|p1a: Sylveon|Sylveon, M|100/100
|-damage|p1a: Sylveon|88/100|[from] Stealth Rock
|move|p2a: Rotom|Will-O-Wisp|p1a: Sylveon
|-status|p1a: Sylveon|brn
|
|-heal|p2a: Rotom|66/100|[from] item: Leftovers
|-heal|p1a: Sylveon|94/100 brn|[from] item: Leftovers
|-damage|p1a: Sylveon|88/100 brn|[from] brn
|upkeep
|turn|43
|
|t:|1659046292
|move|p2a: Rotom|Volt Switch|p1a: Sylveon
|-damage|p1a: Sylveon|69/100 brn
|
|t:|1659046308
|switch|p2a: Victini|Victini|100/100|[from]move: Volt Switch
|move|p1a: Sylveon|Wish|p1a: Sylveon
|
|-heal|p1a: Sylveon|75/100 brn|[from] item: Leftovers
|-damage|p1a: Sylveon|69/100 brn|[from] brn
|upkeep
|turn|44
|
|t:|1659046312
|switch|p1a: Rhyperior|Rhyperior, F|76/100
|-damage|p1a: Rhyperior|69/100|[from] Stealth Rock
|move|p2a: Victini|U-turn|p1a: Rhyperior
|-damage|p1a: Rhyperior|56/100
|
|t:|1659046315
|switch|p2a: Rotom|Rotom-Wash|66/100|[from]move: U-turn
|-damage|p2a: Rotom|53/100|[from] Stealth Rock
|
|-heal|p1a: Rhyperior|100/100|[from] move: Wish|[wisher] Sylveon
|-heal|p2a: Rotom|59/100|[from] item: Leftovers
|upkeep
|turn|45
|
|t:|1659046319
|switch|p1a: Umbreon|Umbreon, M|90/100
|-damage|p1a: Umbreon|77/100|[from] Stealth Rock
|move|p2a: Rotom|Pain Split|p1a: Umbreon
|-sethp|p1a: Umbreon|61/100|[from] move: Pain Split|[silent]
|-sethp|p2a: Rotom|79/100|[from] move: Pain Split
|
|-heal|p2a: Rotom|86/100|[from] item: Leftovers
|-heal|p1a: Umbreon|68/100|[from] item: Leftovers
|upkeep
|turn|46
|
|t:|1659046329
|move|p2a: Rotom|Volt Switch|p1a: Umbreon
|-damage|p1a: Umbreon|50/100
|
|t:|1659046355
|switch|p2a: Melmetal|Melmetal|51/100|[from]move: Volt Switch
|-damage|p2a: Melmetal|45/100|[from] Stealth Rock
|move|p1a: Umbreon|Wish|p1a: Umbreon
|
|-heal|p1a: Umbreon|56/100|[from] item: Leftovers
|-heal|p2a: Melmetal|51/100|[from] item: Leftovers
|upkeep
|turn|47
|
|t:|1659046361
|move|p1a: Umbreon|Foul Play|p2a: Melmetal
|-damage|p2a: Melmetal|19/100
|move|p2a: Melmetal|Toxic|p1a: Umbreon
|-status|p1a: Umbreon|tox
|
|-heal|p1a: Umbreon|100/100 tox|[from] move: Wish|[wisher] Umbreon
|-heal|p2a: Melmetal|25/100|[from] item: Leftovers
|-damage|p1a: Umbreon|94/100 tox|[from] psn
|upkeep
|turn|48
|
|t:|1659046366
|move|p2a: Melmetal|Protect|p2a: Melmetal
|-singleturn|p2a: Melmetal|Protect
|move|p1a: Umbreon|Heal Bell|p1a: Umbreon
|-activate|p1a: Umbreon|move: Heal Bell
|-curestatus|p1a: Umbreon|tox|[msg]
|-curestatus|p1: Sylveon|brn|[msg]
|
|-heal|p1a: Umbreon|100/100|[from] item: Leftovers
|-heal|p2a: Melmetal|31/100|[from] item: Leftovers
|upkeep
|turn|49
|
|t:|1659046370
|switch|p2a: Clefable|Clefable, M|100/100 tox
|move|p1a: Umbreon|Foul Play|p2a: Clefable
|-resisted|p2a: Clefable
|-damage|p2a: Clefable|91/100 tox
|-damage|p1a: Umbreon|84/100|[from] item: Rocky Helmet|[of] p2a: Clefable
|
|-heal|p1a: Umbreon|90/100|[from] item: Leftovers
|upkeep
|turn|50
|
|t:|1659046374
|switch|p1a: Toxapex|Toxapex, M|51/100
|-damage|p1a: Toxapex|38/100|[from] Stealth Rock
|switch|p2a: Tornadus|Tornadus-Therian, M|100/100
|-damage|p2a: Tornadus|76/100|[from] Stealth Rock
|
|upkeep
|turn|51
|
|t:|1659046377
|move|p1a: Toxapex|Baneful Bunker|p1a: Toxapex
|-singleturn|p1a: Toxapex|move: Protect
|move|p2a: Tornadus|Knock Off|p1a: Toxapex
|-activate|p1a: Toxapex|move: Protect
|-status|p2a: Tornadus|psn
|
|-damage|p2a: Tornadus|63/100 psn|[from] psn
|upkeep
|turn|52
|
|t:|1659046383
|move|p2a: Tornadus|Knock Off|p1a: Toxapex
|-crit|p1a: Toxapex
|-damage|p1a: Toxapex|27/100
|move|p1a: Toxapex|Recover|p1a: Toxapex
|-heal|p1a: Toxapex|77/100
|
|-damage|p2a: Tornadus|51/100 psn|[from] psn
|upkeep
|turn|53
|
|t:|1659046387
|switch|p2a: Rotom|Rotom-Wash|86/100
|-damage|p2a: Rotom|73/100|[from] Stealth Rock
|move|p1a: Toxapex|Toxic|p2a: Rotom
|-status|p2a: Rotom|tox
|
|-heal|p2a: Rotom|79/100 tox|[from] item: Leftovers
|-damage|p2a: Rotom|73/100 tox|[from] psn
|upkeep
|turn|54
|
|t:|1659046390
|switch|p2a: Clefable|Clefable, M|91/100 tox
|move|p1a: Toxapex|Baneful Bunker||[still]
|-fail|p1a: Toxapex
|
|upkeep
|turn|55
|
|t:|1659046394
|switch|p1a: Corviknight|Corviknight, F|100/100
|-damage|p1a: Corviknight|88/100|[from] Stealth Rock
|-ability|p1a: Corviknight|Pressure
|move|p2a: Clefable|Moonblast|p1a: Corviknight
|-resisted|p1a: Corviknight
|-damage|p1a: Corviknight|73/100
|-unboost|p1a: Corviknight|spa|1
|
|-heal|p1a: Corviknight|79/100|[from] item: Leftovers
|upkeep
|turn|56
|
|t:|1659046396
|move|p1a: Corviknight|Substitute|p1a: Corviknight
|-start|p1a: Corviknight|Substitute
|-damage|p1a: Corviknight|54/100
|move|p2a: Clefable|Knock Off|p1a: Corviknight
|-activate|p1a: Corviknight|move: Substitute|[damage]
|
|-heal|p1a: Corviknight|60/100|[from] item: Leftovers
|upkeep
|turn|57
|
|t:|1659046399
|switch|p2a: Rotom|Rotom-Wash|73/100 tox
|-damage|p2a: Rotom|61/100 tox|[from] Stealth Rock
|move|p1a: Corviknight|Roost|p1a: Corviknight
|-heal|p1a: Corviknight|100/100
|-singleturn|p1a: Corviknight|move: Roost
|
|-heal|p2a: Rotom|67/100 tox|[from] item: Leftovers
|-damage|p2a: Rotom|61/100 tox|[from] psn
|upkeep
|turn|58
|
|t:|1659046402
|move|p2a: Rotom|Volt Switch|p1a: Corviknight
|-supereffective|p1a: Corviknight
|-end|p1a: Corviknight|Substitute
|
|t:|1659046403
|switch|p2a: Victini|Victini|100/100|[from]move: Volt Switch
|move|p1a: Corviknight|Substitute|p1a: Corviknight
|-start|p1a: Corviknight|Substitute
|-damage|p1a: Corviknight|75/100
|
|-heal|p1a: Corviknight|82/100|[from] item: Leftovers
|upkeep
|turn|59
|-message|LT91BB AYT forfeited.
|
|win|Lenape
|raw|Lenape's rating: 1803 &rarr; <strong>1821</strong><br />(+18 for winning)
|raw|LT91BB AYT's rating: 1761 &rarr; <strong>1743</strong><br />(-18 for losing)
|l|☆LT91BB AYT
|l|☆Lenape
|l| joey milktank
|j| Prism Armor
||Ladder isn't responding, score probably updated but might not have (Request timeout).
