|j|☆Zoroark The Master
|j|☆xyz anxiety
|inactive|Battle timer is ON: inactive players will automatically lose when time's up.
|t:|1655308821
|gametype|singles
|player|p1|Zoroark The Master|lucas|
|player|p2|xyz anxiety|gambler-gen1|
|teamsize|p1|6
|teamsize|p2|6
|gen|8
|tier|[Gen 8] OU
|rated|Tournament battle
|rule|Sleep Clause Mod: Limit one foe put to sleep
|rule|Species Clause: Limit one of each Pokémon
|rule|OHKO Clause: OHKO moves are banned
|rule|Evasion Moves Clause: Evasion moves are banned
|rule|Endless Battle Clause: Forcing endless battles is banned
|rule|HP Percentage Mod: HP is shown in percentages
|rule|Dynamax Clause: You cannot dynamax
|clearpoke
|poke|p1|Hippowdon, M|
|poke|p1|Victini|
|poke|p1|Tapu Koko|
|poke|p1|Toxapex, F|
|poke|p1|Tornadus-Therian, M|
|poke|p1|Ferrothorn, F|
|poke|p2|Zeraora|
|poke|p2|Ursaluna, F|
|poke|p2|Jirachi|
|poke|p2|Toxapex, M|
|poke|p2|Landorus-Therian, M|
|poke|p2|Tornadus-Therian, M|
|teampreview
|inactive|Zoroark The Master also wants the timer to be on.
|j| Pinecoishot
|j|%htcl (>◡<)
|j| L'chonk2
|l| L'chonk2
|j| L'chonk2
|j| TwoFace01
|c| L'chonk2|ursaluna stall O_O
|c|☆xyz anxiety|balance*
|inactive|xyz anxiety has 120 seconds left.
|j| jrdog
|c| L'chonk2|was about to correct myself
|j| LukeBurrwos
|
|t:|1655308867
|start
|switch|p1a: Victini|Victini|100/100
|switch|p2a: Tornadus|Tornadus-Therian, M|100/100
|turn|1
|c| L'chonk2|I just saw the lando-t and torn
|n| LukeBurrows|lukeburrwos
|c| LukeBurrows|yo ursaluna is fucking ugly
|
|t:|1655308887
|move|p2a: Tornadus|Knock Off|p1a: Victini
|-supereffective|p1a: Victini
|-damage|p1a: Victini|55/100
|-enditem|p1a: Victini|Choice Band|[from] move: Knock Off|[of] p2a: Tornadus
|move|p1a: Victini|V-create|p2a: Tornadus
|-damage|p2a: Tornadus|22/100
|-unboost|p1a: Victini|spe|1
|-unboost|p1a: Victini|def|1
|-unboost|p1a: Victini|spd|1
|
|upkeep
|turn|2
|c| L'chonk2|Man really doing it like that
|
|t:|1655308895
|switch|p2a: Toxapex|Toxapex, M|100/100
|move|p1a: Victini|V-create|p2a: Toxapex
|-resisted|p2a: Toxapex
|-damage|p2a: Toxapex|74/100
|-unboost|p1a: Victini|spe|1
|-unboost|p1a: Victini|def|1
|-unboost|p1a: Victini|spd|1
|
|upkeep
|turn|3
|j|%ian_yo
|
|t:|1655308922
|move|p1a: Victini|Zen Headbutt|p2a: Toxapex
|-supereffective|p2a: Toxapex
|-damage|p2a: Toxapex|27/100
|move|p2a: Toxapex|Scald|p1a: Victini
|-supereffective|p1a: Victini
|-damage|p1a: Victini|0 fnt
|faint|p1a: Victini
|
|upkeep
|j|+storm zone
|
|t:|1655308930
|switch|p1a: Tapu Koko|Tapu Koko|100/100
|-fieldstart|move: Electric Terrain|[from] ability: Electric Surge|[of] p1a: Tapu Koko
|turn|4
|
|t:|1655308933
|switch|p2a: Landorus|Landorus-Therian, M|100/100
|-ability|p2a: Landorus|Intimidate|boost
|-unboost|p1a: Tapu Koko|atk|1
|move|p1a: Tapu Koko|Dazzling Gleam|p2a: Landorus
|-damage|p2a: Landorus|62/100
|
|-heal|p2a: Landorus|68/100|[from] item: Leftovers
|upkeep
|turn|5
|
|t:|1655308938
|switch|p1a: Tornadus|Tornadus-Therian, M, shiny|100/100
|switch|p2a: Jirachi|Jirachi|100/100
|
|upkeep
|turn|6
|c| LukeBurrows|send out ursaluna, im bored
|
|t:|1655308965
|switch|p2a: Toxapex|Toxapex, M|60/100
|move|p1a: Tornadus|Knock Off|p2a: Toxapex
|-damage|p2a: Toxapex|44/100
|-enditem|p2a: Toxapex|Shed Shell|[from] move: Knock Off|[of] p1a: Tornadus
|
|upkeep
|turn|7
|
|t:|1655308969
|switch|p1a: Tapu Koko|Tapu Koko|100/100
|move|p2a: Toxapex|Recover|p2a: Toxapex
|-heal|p2a: Toxapex|94/100
|
|upkeep
|turn|8
|j| osswert
|
|t:|1655308978
|switch|p2a: Landorus|Landorus-Therian, M|68/100
|-ability|p2a: Landorus|Intimidate|boost
|-unboost|p1a: Tapu Koko|atk|1
|move|p1a: Tapu Koko|Thunderbolt|p2a: Landorus
|-immune|p2a: Landorus
|
|-heal|p2a: Landorus|74/100|[from] item: Leftovers
|-fieldend|move: Electric Terrain
|upkeep
|turn|9
|
|t:|1655308983
|switch|p1a: Ferrothorn|Ferrothorn, F|100/100
|move|p2a: Landorus|U-turn|p1a: Ferrothorn
|-damage|p1a: Ferrothorn|88/100
|-damage|p2a: Landorus|62/100|[from] ability: Iron Barbs|[of] p1a: Ferrothorn
|
|t:|1655308986
|switch|p2a: Ursaluna|Ursaluna, F|100/100|[from]move: U-turn
|
|-heal|p1a: Ferrothorn|94/100|[from] item: Leftovers
|-status|p2a: Ursaluna|brn|[from] item: Flame Orb
|upkeep
|turn|10
|l| Pinecoishot
|c| LukeBurrows|yes
|j| Pinecoishot
|c| LukeBurrows|pick
|
|t:|1655309000
|switch|p1a: Tornadus|Tornadus-Therian, M, shiny|100/100
|move|p2a: Ursaluna|Swords Dance|p2a: Ursaluna
|-boost|p2a: Ursaluna|atk|2
|
|-damage|p2a: Ursaluna|94/100 brn|[from] brn
|upkeep
|turn|11
|c| LukeBurrows|oml
|l| osswert
|
|t:|1655309007
|move|p1a: Tornadus|Heat Wave|p2a: Ursaluna
|-damage|p2a: Ursaluna|74/100 brn
|move|p2a: Ursaluna|Facade|p1a: Tornadus
|-damage|p1a: Tornadus|0 fnt
|faint|p1a: Tornadus
|
|-damage|p2a: Ursaluna|68/100 brn|[from] brn
|upkeep
|c| jrdog|oh no
|c| LukeBurrows|damage
|c| L'chonk2|death
|c|☆xyz anxiety|ok naw bro yall trippin
|c|☆xyz anxiety|this shit is fat af LOL
|c| LukeBurrows|base 130 hp is ridiculous
|c|☆Zoroark The Master|Oi forgot that thsi nirmal ground looool
|c| L'chonk2|and you have wishpass
|inactive|Zoroark The Master has 120 seconds left.
|c| LukeBurrows|ursaluna is fatter than vaporeon
|c| L'chonk2|broken asf
|c|☆Zoroark The Master|I thought steel ground lol
|c|+storm zone|its like a slow urshifu on steroids
|c|+storm zone|lol
|
|t:|1655309048
|switch|p1a: Tapu Koko|Tapu Koko|100/100
|-fieldstart|move: Electric Terrain|[from] ability: Electric Surge|[of] p1a: Tapu Koko
|turn|12
|
|t:|1655309051
|switch|p2a: Jirachi|Jirachi|100/100
|move|p1a: Tapu Koko|Grass Knot|p2a: Jirachi
|-resisted|p2a: Jirachi
|-crit|p2a: Jirachi
|-damage|p2a: Jirachi|96/100
|
|-heal|p2a: Jirachi|100/100|[from] item: Leftovers
|upkeep
|turn|13
|j| osswert
|
|t:|1655309059
|switch|p1a: Ferrothorn|Ferrothorn, F|94/100
|move|p2a: Jirachi|U-turn|p1a: Ferrothorn
|-damage|p1a: Ferrothorn|85/100
|-damage|p2a: Jirachi|88/100|[from] ability: Iron Barbs|[of] p1a: Ferrothorn
|c| LukeBurrows|its like
|
|t:|1655309062
|switch|p2a: Ursaluna|Ursaluna, F|68/100 brn|[from]move: U-turn
|
|-heal|p1a: Ferrothorn|91/100|[from] item: Leftovers
|-damage|p2a: Ursaluna|62/100 brn|[from] brn
|upkeep
|turn|14
|c| jrdog|what a crit
|c| LukeBurrows|what if conk was vaporeon
|c| L'chonk2|oh no
|
|t:|1655309068
|move|p2a: Ursaluna|Close Combat|p1a: Ferrothorn
|-supereffective|p1a: Ferrothorn
|-damage|p1a: Ferrothorn|3/100
|-unboost|p2a: Ursaluna|def|1
|-unboost|p2a: Ursaluna|spd|1
|-damage|p2a: Ursaluna|49/100 brn|[from] ability: Iron Barbs|[of] p1a: Ferrothorn
|move|p1a: Ferrothorn|Power Whip|p2a: Ursaluna
|-supereffective|p2a: Ursaluna
|-damage|p2a: Ursaluna|0 fnt
|faint|p2a: Ursaluna
|
|-heal|p1a: Ferrothorn|9/100|[from] item: Leftovers
|upkeep
|c|%htcl (>◡<)|ate
|c| LukeBurrows|oh...
|
|t:|1655309078
|switch|p2a: Landorus|Landorus-Therian, M|62/100
|-ability|p2a: Landorus|Intimidate|boost
|-unboost|p1a: Ferrothorn|atk|1
|turn|15
|c|+storm zone|its not even stab
|c|+storm zone|and it did that much
|c| jrdog|fr
|c|☆xyz anxiety|ye i'ma run fire punch next game
|
|t:|1655309095
|switch|p1a: Hippowdon|Hippowdon, M|100/100
|-weather|Sandstorm|[from] ability: Sand Stream|[of] p1a: Hippowdon
|move|p2a: Landorus|Earthquake|p1a: Hippowdon
|-damage|p1a: Hippowdon|66/100
|
|-weather|Sandstorm|[upkeep]
|-heal|p2a: Landorus|68/100|[from] item: Leftovers
|-heal|p1a: Hippowdon|72/100|[from] item: Leftovers
|upkeep
|turn|16
|c|☆xyz anxiety|idt cc hits much
|c| L'chonk2|might aswell give it fire punch for the guarantee
|
|t:|1655309103
|move|p2a: Landorus|Toxic|p1a: Hippowdon
|-status|p1a: Hippowdon|tox
|move|p1a: Hippowdon|Toxic|p2a: Landorus
|-status|p2a: Landorus|tox
|
|-weather|Sandstorm|[upkeep]
|-heal|p2a: Landorus|74/100 tox|[from] item: Leftovers
|-heal|p1a: Hippowdon|79/100 tox|[from] item: Leftovers
|-damage|p2a: Landorus|68/100 tox|[from] psn
|-damage|p1a: Hippowdon|72/100 tox|[from] psn
|-fieldend|move: Electric Terrain
|upkeep
|turn|17
|c| LukeBurrows|wow the disrespect
|c| jrdog|fr
|c| LukeBurrows|assuming you won already on turn 15
|
|t:|1655309111
|move|p2a: Landorus|Earthquake|p1a: Hippowdon
|-damage|p1a: Hippowdon|38/100 tox
|move|p1a: Hippowdon|Stealth Rock|p2a: Landorus
|-sidestart|p2: xyz anxiety|move: Stealth Rock
|
|-weather|Sandstorm|[upkeep]
|-heal|p2a: Landorus|74/100 tox|[from] item: Leftovers
|-heal|p1a: Hippowdon|44/100 tox|[from] item: Leftovers
|-damage|p2a: Landorus|62/100 tox|[from] psn
|-damage|p1a: Hippowdon|32/100 tox|[from] psn
|upkeep
|turn|18
|
|t:|1655309115
|switch|p1a: Ferrothorn|Ferrothorn, F|9/100
|move|p2a: Landorus|Earthquake|p1a: Ferrothorn
|-damage|p1a: Ferrothorn|0 fnt
|faint|p1a: Ferrothorn
|
|-weather|Sandstorm|[upkeep]
|-heal|p2a: Landorus|68/100 tox|[from] item: Leftovers
|-damage|p2a: Landorus|50/100 tox|[from] psn
|upkeep
|c| jrdog|ngl if xyz loses
|c| jrdog|that would be funny
|
|t:|1655309124
|switch|p1a: Tapu Koko|Tapu Koko|100/100
|-fieldstart|move: Electric Terrain|[from] ability: Electric Surge|[of] p1a: Tapu Koko
|turn|19
|c|%htcl (>◡<)|i dont think its possible
|c| jrdog|same
|c| jrdog|it wuld be funny tho
|c| L'chonk2|that tbh
|c| LukeBurrows|adrenaline orb koko
|l| TwoFace01
|j| bobdonn235
|c|☆Zoroark The Master|I was in other ou battle too xD
|c|☆Zoroark The Master|I lost that one of tiner ._.
|inactive|Zoroark The Master has 120 seconds left.
|c| LukeBurrows|move faster then
|
|t:|1655309164
|switch|p2a: Jirachi|Jirachi|88/100
|-damage|p2a: Jirachi|82/100|[from] Stealth Rock
|move|p1a: Tapu Koko|U-turn|p2a: Jirachi
|-damage|p2a: Jirachi|67/100
|c| LukeBurrows|<_<
|c| L'chonk2|someone has weavile to counter ursaluna with
|
|t:|1655309168
|switch|p1a: Hippowdon|Hippowdon, M|32/100 tox|[from]move: U-turn
|
|-weather|none
|-heal|p2a: Jirachi|74/100|[from] item: Leftovers
|-heal|p1a: Hippowdon|38/100 tox|[from] item: Leftovers
|-damage|p1a: Hippowdon|32/100 tox|[from] psn
|upkeep
|turn|20
|
|t:|1655309172
|move|p2a: Jirachi|Iron Head|p1a: Hippowdon
|-damage|p1a: Hippowdon|14/100 tox
|cant|p1a: Hippowdon|flinch
|
|-heal|p2a: Jirachi|80/100|[from] item: Leftovers
|-heal|p1a: Hippowdon|20/100 tox|[from] item: Leftovers
|-damage|p1a: Hippowdon|7/100 tox|[from] psn
|upkeep
|turn|21
|
|t:|1655309176
|move|p2a: Jirachi|Iron Head|p1a: Hippowdon
|-damage|p1a: Hippowdon|0 fnt
|faint|p1a: Hippowdon
|
|-heal|p2a: Jirachi|86/100|[from] item: Leftovers
|upkeep
|
|t:|1655309180
|switch|p1a: Tapu Koko|Tapu Koko|100/100
|turn|22
|
|t:|1655309183
|switch|p2a: Zeraora|Zeraora|100/100
|move|p1a: Tapu Koko|Dazzling Gleam|p2a: Zeraora
|-damage|p2a: Zeraora|34/100
|
|upkeep
|turn|23
|
|t:|1655309192
|switch|p2a: Toxapex|Toxapex, M|100/100
|-damage|p2a: Toxapex|88/100|[from] Stealth Rock
|move|p1a: Tapu Koko|Dazzling Gleam|p2a: Toxapex
|-resisted|p2a: Toxapex
|-damage|p2a: Toxapex|70/100
|
|-fieldend|move: Electric Terrain
|upkeep
|turn|24
|c| jrdog|ursaluna has bad spdef
|
|t:|1655309195
|switch|p1a: Toxapex|Toxapex, F|100/100
|move|p2a: Toxapex|Scald|p1a: Toxapex
|-resisted|p1a: Toxapex
|-damage|p1a: Toxapex|94/100
|
|upkeep
|turn|25
|
|t:|1655309198
|switch|p1a: Tapu Koko|Tapu Koko|100/100
|-fieldstart|move: Electric Terrain|[from] ability: Electric Surge|[of] p1a: Tapu Koko
|move|p2a: Toxapex|Scald|p1a: Tapu Koko
|-damage|p1a: Tapu Koko|72/100
|-status|p1a: Tapu Koko|brn
|
|-damage|p1a: Tapu Koko|66/100 brn|[from] brn
|upkeep
|turn|26
|
|t:|1655309214
|switch|p2a: Tornadus|Tornadus-Therian, M|56/100
|move|p1a: Tapu Koko|Thunderbolt|p2a: Tornadus
|-supereffective|p2a: Tornadus
|-damage|p2a: Tornadus|0 fnt
|faint|p2a: Tornadus
|
|-damage|p1a: Tapu Koko|60/100 brn|[from] brn
|upkeep
|
|t:|1655309218
|switch|p2a: Landorus|Landorus-Therian, M|50/100 tox
|-damage|p2a: Landorus|37/100 tox|[from] Stealth Rock
|-ability|p2a: Landorus|Intimidate|boost
|-unboost|p1a: Tapu Koko|atk|1
|turn|27
|
|t:|1655309222
|switch|p1a: Toxapex|Toxapex, F|100/100
|move|p2a: Landorus|Earthquake|p1a: Toxapex
|-supereffective|p1a: Toxapex
|-damage|p1a: Toxapex|47/100
|
|-heal|p2a: Landorus|43/100 tox|[from] item: Leftovers
|-damage|p2a: Landorus|37/100 tox|[from] psn
|upkeep
|turn|28
|
|t:|1655309226
|move|p2a: Landorus|Earthquake|p1a: Toxapex
|-supereffective|p1a: Toxapex
|-damage|p1a: Toxapex|0 fnt
|faint|p1a: Toxapex
|
|-heal|p2a: Landorus|43/100 tox|[from] item: Leftovers
|-damage|p2a: Landorus|31/100 tox|[from] psn
|upkeep
|
|t:|1655309228
|switch|p1a: Tapu Koko|Tapu Koko|60/100 brn
|turn|29
|
|t:|1655309232
|move|p1a: Tapu Koko|Thunderbolt|p2a: Landorus
|-immune|p2a: Landorus
|move|p2a: Landorus|Earthquake|p1a: Tapu Koko
|-supereffective|p1a: Tapu Koko
|-crit|p1a: Tapu Koko
|-damage|p1a: Tapu Koko|0 fnt
|faint|p1a: Tapu Koko
|
|win|xyz anxiety
|n|☆Zoroark The Master|zoroarkthemaster
|n|☆xyz anxiety|xyzanxiety
|n| htcl (>◡<)|htcl
|n| L'chonk2|lchonk2
|n| jrdog|jrdog
|n| LukeBurrows|lukeburrows
|n| ian_yo|ianyo
|n| storm zone|stormzone
|n| Pinecoishot|pinecoishot
|n| osswert|osswert
|n| bobdonn235|bobdonn235
|c| jrdog|is koko specs?
|c|☆xyz anxiety|gg
|c|☆Zoroark The Master|Ye
