|j|☆me bean 2
|j|☆Oryen
|inactive|Battle timer is ON: inactive players will automatically lose when time's up.
|t:|1653586772
|gametype|singles
|player|p1|me bean 2|ethan|
|player|p2|Oryen|bruno-gen1|
|teamsize|p1|6
|teamsize|p2|6
|gen|8
|tier|[Gen 8] OU
|rated|Tournament battle
|rule|Sleep Clause Mod: Limit one foe put to sleep
|rule|Species Clause: Limit one of each Pokémon
|rule|OHKO Clause: OHKO moves are banned
|rule|Evasion Moves Clause: Evasion moves are banned
|rule|Endless Battle Clause: Forcing endless battles is banned
|rule|HP Percentage Mod: HP is shown in percentages
|rule|Dynamax Clause: You cannot dynamax
|clearpoke
|poke|p1|Jellicent, F|
|poke|p1|Wailord, M|
|poke|p1|Dragonite, M|
|poke|p1|Mandibuzz, F|
|poke|p1|Gigalith, M|
|poke|p1|Togekiss, M|
|poke|p2|Slurpuff, F|
|poke|p2|Mr. Mime, M|
|poke|p2|Volcarona, M|
|poke|p2|Hydreigon, F|
|poke|p2|Gardevoir, M|
|poke|p2|Mamoswine, M|
|teampreview
|j|*Lady Monita ✿
|c|☆Oryen|hf
|j| DragonMasterPL
|c|☆me bean 2|glhf
|j| Toppertje
|j| Memelover69420
|j| zea1.sk
|
|t:|1653586782
|start
|switch|p1a: Gigalith|Gigalith, M|100/100
|switch|p2a: Mr. Mime|Mr. Mime, M|100/100
|turn|1
|j| Dragonair2fair
|
|t:|1653586787
|move|p2a: Mr. Mime|Reflect|p2a: Mr. Mime
|-sidestart|p2: Oryen|Reflect
|move|p1a: Gigalith|Stealth Rock|p2a: Mr. Mime
|-sidestart|p2: Oryen|move: Stealth Rock
|
|upkeep
|turn|2
|l| Dragonair2fair
|
|t:|1653586795
|move|p2a: Mr. Mime|Encore|p1a: Gigalith
|-start|p1a: Gigalith|Encore
|move|p1a: Gigalith|Stealth Rock||[still]
|-fail|p1a: Gigalith
|
|upkeep
|turn|3
|
|t:|1653586801
|switch|p1a: Togekiss|Togekiss, M|100/100
|move|p2a: Mr. Mime|Light Screen|p2a: Mr. Mime
|-sidestart|p2: Oryen|move: Light Screen
|
|upkeep
|turn|4
|j| Darkside2906
|
|t:|1653586806
|move|p2a: Mr. Mime|Healing Wish|p2a: Mr. Mime
|faint|p2a: Mr. Mime
|move|p1a: Togekiss|Thunder Wave|p2: Mr. Mime|[notarget]
|-fail|p1a: Togekiss
|
|upkeep
|j| Your mom op
|j| MukMukMuk
|
|t:|1653586823
|switch|p2a: Mamoswine|Mamoswine, M|100/100
|-damage|p2a: Mamoswine|88/100|[from] Stealth Rock
|turn|5
|j| BBom
|
|t:|1653586837
|switch|p1a: Jellicent|Jellicent, F|100/100
|move|p2a: Mamoswine|Icicle Crash|p1a: Jellicent
|-resisted|p1a: Jellicent
|-damage|p1a: Jellicent|75/100
|
|-heal|p1a: Jellicent|81/100|[from] item: Leftovers
|upkeep
|turn|6
|l| Memelover69420
|
|t:|1653586846
|switch|p2a: Hydreigon|Hydreigon, F|100/100
|-damage|p2a: Hydreigon|88/100|[from] Stealth Rock
|move|p1a: Jellicent|Will-O-Wisp|p2a: Hydreigon
|-status|p2a: Hydreigon|brn
|
|-heal|p2a: Hydreigon|94/100 brn|[from] item: Leftovers
|-heal|p1a: Jellicent|88/100|[from] item: Leftovers
|-damage|p2a: Hydreigon|88/100 brn|[from] brn
|upkeep
|turn|7
|l| Darkside2906
|
|t:|1653586861
|switch|p1a: Mandibuzz|Mandibuzz, F|100/100
|move|p2a: Hydreigon|Nasty Plot|p2a: Hydreigon
|-boost|p2a: Hydreigon|spa|2
|
|-heal|p2a: Hydreigon|94/100 brn|[from] item: Leftovers
|-damage|p2a: Hydreigon|88/100 brn|[from] brn
|upkeep
|turn|8
|j| Darkside2906
|
|t:|1653586877
|move|p2a: Hydreigon|Substitute|p2a: Hydreigon
|-start|p2a: Hydreigon|Substitute
|-damage|p2a: Hydreigon|63/100 brn
|move|p1a: Mandibuzz|U-turn|p2a: Hydreigon
|-supereffective|p2a: Hydreigon
|-activate|p2a: Hydreigon|move: Substitute|[damage]
|l| BBom
|j| Memelover69420
|
|t:|1653586890
|switch|p1a: Wailord|Wailord, M|100/100|[from]move: U-turn
|
|-heal|p2a: Hydreigon|69/100 brn|[from] item: Leftovers
|-damage|p2a: Hydreigon|63/100 brn|[from] brn
|-sideend|p2: Oryen|Reflect
|upkeep
|turn|9
|
|t:|1653586892
|move|p2a: Hydreigon|Dark Pulse|p1a: Wailord
|-damage|p1a: Wailord|13/100
|cant|p1a: Wailord|flinch
|
|-heal|p2a: Hydreigon|69/100 brn|[from] item: Leftovers
|-heal|p1a: Wailord|19/100|[from] item: Leftovers
|-damage|p2a: Hydreigon|63/100 brn|[from] brn
|upkeep
|turn|10
|c|☆me bean 2|damn
|
|t:|1653586902
|move|p2a: Hydreigon|Dark Pulse|p1a: Wailord
|-damage|p1a: Wailord|0 fnt
|faint|p1a: Wailord
|
|-heal|p2a: Hydreigon|69/100 brn|[from] item: Leftovers
|-damage|p2a: Hydreigon|63/100 brn|[from] brn
|-sideend|p2: Oryen|move: Light Screen
|upkeep
|j| finalduet
|
|t:|1653586906
|switch|p1a: Mandibuzz|Mandibuzz, F|100/100
|turn|11
|
|t:|1653586916
|move|p2a: Hydreigon|Nasty Plot|p2a: Hydreigon
|-boost|p2a: Hydreigon|spa|2
|move|p1a: Mandibuzz|U-turn|p2a: Hydreigon
|-supereffective|p2a: Hydreigon
|-end|p2a: Hydreigon|Substitute
|
|t:|1653586921
|switch|p1a: Gigalith|Gigalith, M|100/100|[from]move: U-turn
|
|-heal|p2a: Hydreigon|69/100 brn|[from] item: Leftovers
|-damage|p2a: Hydreigon|63/100 brn|[from] brn
|upkeep
|turn|12
|
|t:|1653586927
|move|p2a: Hydreigon|Dark Pulse|p1a: Gigalith
|-damage|p1a: Gigalith|7/100
|move|p1a: Gigalith|Explosion|p2a: Hydreigon
|-damage|p2a: Hydreigon|0 fnt
|faint|p1a: Gigalith
|faint|p2a: Hydreigon
|
|upkeep
|j| qzu
|
|t:|1653586942
|switch|p2a: Gardevoir|Gardevoir, M|100/100
|switch|p1a: Togekiss|Togekiss, M|100/100
|-damage|p2a: Gardevoir|88/100|[from] Stealth Rock
|turn|13
|l| qzu
|
|t:|1653586950
|move|p2a: Gardevoir|Moonblast|p1a: Togekiss
|-damage|p1a: Togekiss|55/100
|move|p1a: Togekiss|Thunder Wave|p2a: Gardevoir
|-status|p2a: Gardevoir|par
|-activate|p2a: Gardevoir|ability: Synchronize
|-status|p1a: Togekiss|par
|
|upkeep
|turn|14
|
|t:|1653586960
|cant|p2a: Gardevoir|par
|move|p1a: Togekiss|Ancient Power|p2a: Gardevoir
|-damage|p2a: Gardevoir|65/100 par
|
|upkeep
|turn|15
|
|t:|1653586966
|move|p2a: Gardevoir|Moonblast|p1a: Togekiss
|-damage|p1a: Togekiss|10/100 par
|move|p1a: Togekiss|Ancient Power|p2a: Gardevoir
|-damage|p2a: Gardevoir|43/100 par
|
|upkeep
|turn|16
|j| Ventii69420
|
|t:|1653586972
|move|p2a: Gardevoir|Moonblast|p1a: Togekiss
|-damage|p1a: Togekiss|0 fnt
|faint|p1a: Togekiss
|
|upkeep
|j| the PDB
|c| Ventii69420|cAE
|c| Ventii69420|cae
|c| Ventii69420|= catch and evolve
|
|t:|1653586986
|switch|p1a: Dragonite|Dragonite, M|100/100
|turn|17
|c|☆me bean 2|?
|c|☆me bean 2|ok
|
|t:|1653586997
|move|p1a: Dragonite|Dragon Dance|p1a: Dragonite
|-boost|p1a: Dragonite|atk|1
|-boost|p1a: Dragonite|spe|1
|cant|p2a: Gardevoir|par
|
|upkeep
|turn|18
|
|t:|1653587005
|move|p1a: Dragonite|Dragon Dance|p1a: Dragonite
|-boost|p1a: Dragonite|atk|1
|-boost|p1a: Dragonite|spe|1
|move|p2a: Gardevoir|Moonblast|p1a: Dragonite
|-supereffective|p1a: Dragonite
|-damage|p1a: Dragonite|46/100
|-enditem|p1a: Dragonite|Weakness Policy
|-boost|p1a: Dragonite|atk|2|[from] item: Weakness Policy
|-boost|p1a: Dragonite|spa|2|[from] item: Weakness Policy
|
|upkeep
|turn|19
|
|t:|1653587014
|move|p1a: Dragonite|Earthquake|p2a: Gardevoir
|-damage|p2a: Gardevoir|0 fnt
|faint|p2a: Gardevoir
|
|upkeep
|
|t:|1653587017
|switch|p2a: Mamoswine|Mamoswine, M|88/100
|-heal|p2a: Mamoswine|100/100|[from] move: Healing Wish
|-damage|p2a: Mamoswine|88/100|[from] Stealth Rock
|turn|20
|
|t:|1653587031
|move|p1a: Dragonite|Extreme Speed|p2a: Mamoswine
|-damage|p2a: Mamoswine|0 fnt
|faint|p2a: Mamoswine
|
|upkeep
|c|☆Oryen|damn
|c| zea1.sk|dragonites a menace
|
|t:|1653587049
|switch|p2a: Volcarona|Volcarona, M|100/100
|turn|21
|c| Ventii69420|i agree
|c|☆me bean 2|facts
|c| finalduet|fr
|c| Ventii69420|i agree
|
|t:|1653587054
|move|p1a: Dragonite|Dual Wingbeat|p2a: Volcarona
|-supereffective|p2a: Volcarona
|-damage|p2a: Volcarona|0 fnt
|faint|p2a: Volcarona
|-hitcount|p2: Volcarona|1
|
|upkeep
|c|☆me bean 2|gg
|c|☆Oryen|gg
|l| Memelover69420
|c| Ventii69420|dragonite is a menace with good seteup
|c| Ventii69420|setup
|
|t:|1653587077
|switch|p2a: Slurpuff|Slurpuff, F|100/100
|-damage|p2a: Slurpuff|88/100|[from] Stealth Rock
|turn|22
|j| Sundays.n_sundaes
|inactive|me bean 2 has 120 seconds left.
|j| banksy704
|
|t:|1653587119
|move|p1a: Dragonite|Earthquake|p2a: Slurpuff
|-damage|p2a: Slurpuff|0 fnt
|faint|p2a: Slurpuff
|
|win|me bean 2
|n|☆me bean 2|mebean2
|n|☆Oryen|oryen
|n|*Lady Monita ✿|ladymonita
|n| DragonMasterPL|dragonmasterpl
|n| Toppertje|toppertje
|n| zea1.sk|zea1sk
|n| Your mom op|yourmomop
|n| MukMukMuk|mukmukmuk
|n| Darkside2906|darkside2906
|n| finalduet|finalduet
|n| Ventii69420|ventii69420
|n| the PDB|thepdb
|n| Sundays.n_sundaes|sundaysnsundaes
|n| banksy704|banksy704
