|j|☆Stunfisk2140
|j|☆Starlight Burst
|t:|1643521583
|gametype|singles
|player|p1|Stunfisk2140|giovanni|
|player|p2|Starlight Burst|gardenia|
|teamsize|p1|6
|teamsize|p2|6
|gen|8
|tier|[Gen 8] OU
|rule|Sleep Clause Mod: Limit one foe put to sleep
|rule|Species Clause: Limit one of each Pokémon
|rule|OHKO Clause: OHKO moves are banned
|rule|Evasion Moves Clause: Evasion moves are banned
|rule|Endless Battle Clause: Forcing endless battles is banned
|rule|HP Percentage Mod: HP is shown in percentages
|rule|Dynamax Clause: You cannot dynamax
|clearpoke
|poke|p1|Excadrill, F|
|poke|p1|Magnezone|
|poke|p1|Buzzwole|
|poke|p1|Slowking, F|
|poke|p1|Dragonite, F|
|poke|p1|Weavile, M|
|poke|p2|Jirachi|
|poke|p2|Landorus-Therian, M|
|poke|p2|Zeraora|
|poke|p2|Tapu Fini|
|poke|p2|Slowking-Galar, M|
|poke|p2|Tornadus-Therian, M|
|teampreview
|inactive|Battle timer is ON: inactive players will automatically lose when time's up. (requested by Stunfisk2140)
|c|☆Stunfisk2140|Glhf
|
|t:|1643521606
|start
|switch|p1a: Frostbite|Weavile, M|100/100
|switch|p2a: Slowking|Slowking-Galar, M|100/100
|-ability|p1a: Frostbite|Pressure
|turn|1
|
|t:|1643521634
|switch|p2a: Tapu Fini|Tapu Fini|100/100
|-fieldstart|move: Misty Terrain|[from] ability: Misty Surge|[of] p2a: Tapu Fini
|move|p1a: Frostbite|Knock Off|p2a: Tapu Fini
|-resisted|p2a: Tapu Fini
|-damage|p2a: Tapu Fini|77/100
|-enditem|p2a: Tapu Fini|Leftovers|[from] move: Knock Off|[of] p1a: Frostbite
|-damage|p1a: Frostbite|91/100|[from] item: Life Orb
|
|upkeep
|turn|2
|l|☆Starlight Burst
|inactive|Starlight Burst disconnected and has 300 seconds to reconnect!
|player|p2|
|j|☆Starlight Burst
|inactive|Starlight Burst reconnected and has 295 seconds left.
|player|p2|Starlight Burst|gardenia
|c|☆Starlight Burst|Sorry we have met problems today.
|
|t:|1643521659
|switch|p1a: Ampere|Magnezone|100/100
|switch|p2a: Landorus|Landorus-Therian, M|100/100
|-ability|p2a: Landorus|Intimidate|boost
|-unboost|p1a: Ampere|atk|1
|
|upkeep
|turn|3
|
|t:|1643521669
|switch|p1a: NachoThighJuice|Buzzwole, shiny|100/100
|move|p2a: Landorus|Earthquake|p1a: NachoThighJuice
|-resisted|p1a: NachoThighJuice
|-damage|p1a: NachoThighJuice|86/100
|
|upkeep
|turn|4
|
|t:|1643521678
|switch|p2a: Jirachi|Jirachi|100/100
|move|p1a: NachoThighJuice|Ice Punch|p2a: Jirachi
|-resisted|p2a: Jirachi
|-damage|p2a: Jirachi|86/100
|
|upkeep
|turn|5
|
|t:|1643521686
|switch|p1a: Holey Moley|Excadrill, F, shiny|100/100
|move|p2a: Jirachi|Psychic|p1a: Holey Moley
|-resisted|p1a: Holey Moley
|-damage|p1a: Holey Moley|76/100
|
|-heal|p1a: Holey Moley|82/100|[from] item: Leftovers
|-fieldend|Misty Terrain
|upkeep
|turn|6
|
|t:|1643521696
|move|p2a: Jirachi|Icy Wind|p1a: Holey Moley
|-damage|p1a: Holey Moley|61/100
|-unboost|p1a: Holey Moley|spe|1
|move|p1a: Holey Moley|Stealth Rock|p2a: Jirachi
|-sidestart|p2: Starlight Burst|move: Stealth Rock
|
|-heal|p1a: Holey Moley|67/100|[from] item: Leftovers
|upkeep
|turn|7
|
|t:|1643521706
|switch|p2a: Landorus|Landorus-Therian, M|100/100
|-damage|p2a: Landorus|88/100|[from] Stealth Rock
|-ability|p2a: Landorus|Intimidate|boost
|-unboost|p1a: Holey Moley|atk|1
|move|p1a: Holey Moley|Earthquake|p2a: Landorus
|-immune|p2a: Landorus
|
|-heal|p1a: Holey Moley|73/100|[from] item: Leftovers
|-heal|p2a: Landorus|94/100|[from] item: Leftovers
|upkeep
|turn|8
|
|t:|1643521718
|switch|p1a: Big Brain Boov|Slowking, F, shiny|100/100
|move|p2a: Landorus|Knock Off|p1a: Big Brain Boov
|-supereffective|p1a: Big Brain Boov
|-damage|p1a: Big Brain Boov|55/100
|-enditem|p1a: Big Brain Boov|Heavy-Duty Boots|[from] move: Knock Off|[of] p2a: Landorus
|
|-heal|p2a: Landorus|99/100|[from] item: Leftovers
|upkeep
|turn|9
|c|☆Starlight Burst|This rachi is damn good i can saythis much to you
|
|t:|1643521729
|move|p2a: Landorus|Stealth Rock|p1a: Big Brain Boov
|-sidestart|p1: Stunfisk2140|move: Stealth Rock
|move|p1a: Big Brain Boov|Teleport|p1a: Big Brain Boov
|c|☆Starlight Burst|And it's annoying too
|
|t:|1643521736
|switch|p1a: Frostbite|Weavile, M|91/100|[from]move: Teleport
|-damage|p1a: Frostbite|66/100|[from] Stealth Rock
|-ability|p1a: Frostbite|Pressure
|
|-heal|p2a: Landorus|100/100|[from] item: Leftovers
|upkeep
|turn|10
|
|t:|1643521745
|switch|p2a: Tapu Fini|Tapu Fini|77/100
|-damage|p2a: Tapu Fini|64/100|[from] Stealth Rock
|-fieldstart|move: Misty Terrain|[from] ability: Misty Surge|[of] p2a: Tapu Fini
|move|p1a: Frostbite|Triple Axel|p2a: Tapu Fini
|-resisted|p2a: Tapu Fini
|-damage|p2a: Tapu Fini|60/100
|-resisted|p2a: Tapu Fini
|-damage|p2a: Tapu Fini|50/100
|-resisted|p2a: Tapu Fini
|-damage|p2a: Tapu Fini|36/100
|-hitcount|p2a: Tapu Fini|3
|-damage|p1a: Frostbite|56/100|[from] item: Life Orb
|
|upkeep
|turn|11
|
|t:|1643521767
|switch|p1a: Ampere|Magnezone|100/100
|-damage|p1a: Ampere|94/100|[from] Stealth Rock
|move|p2a: Tapu Fini|Moonblast|p1a: Ampere
|-resisted|p1a: Ampere
|-damage|p1a: Ampere|75/100
|
|upkeep
|turn|12
|
|t:|1643521781
|switch|p2a: Zeraora|Zeraora|100/100
|move|p1a: Ampere|Thunderbolt|p2a: Zeraora
|-immune|p2a: Zeraora|[from] ability: Volt Absorb
|
|upkeep
|turn|13
|c|☆Starlight Burst|I don't like your team
|
|t:|1643521789
|switch|p1a: NachoThighJuice|Buzzwole, shiny|86/100
|-damage|p1a: NachoThighJuice|74/100|[from] Stealth Rock
|move|p2a: Zeraora|Knock Off|p1a: NachoThighJuice
|-resisted|p1a: NachoThighJuice
|-damage|p1a: NachoThighJuice|65/100
|-damage|p2a: Zeraora|84/100|[from] item: Rocky Helmet|[of] p1a: NachoThighJuice
|-enditem|p1a: NachoThighJuice|Rocky Helmet|[from] move: Knock Off|[of] p2a: Zeraora
|
|upkeep
|turn|14
|
|t:|1643521799
|move|p2a: Zeraora|Volt Switch|p1a: NachoThighJuice
|-damage|p1a: NachoThighJuice|34/100
|c|☆Stunfisk2140|Why
|c|☆Starlight Burst|It has a ground weak to zera
|
|t:|1643521811
|switch|p2a: Tornadus|Tornadus-Therian, M|100/100|[from]move: Volt Switch
|move|p1a: NachoThighJuice|Roost|p1a: NachoThighJuice
|-heal|p1a: NachoThighJuice|84/100
|-singleturn|p1a: NachoThighJuice|move: Roost
|
|-fieldend|Misty Terrain
|upkeep
|turn|15
|c|☆Stunfisk2140|I have buzzwole for that
|
|t:|1643521820
|switch|p1a: Big Brain Boov|Slowking, F, shiny|89/100
|-damage|p1a: Big Brain Boov|76/100|[from] Stealth Rock
|move|p2a: Tornadus|Hurricane|p1a: Big Brain Boov|[miss]
|-miss|p2a: Tornadus|p1a: Big Brain Boov
|
|upkeep
|turn|16
|c|☆Starlight Burst|Tapu koko frikcs you
|
|t:|1643521829
|move|p2a: Tornadus|U-turn|p1a: Big Brain Boov
|-supereffective|p1a: Big Brain Boov
|-damage|p1a: Big Brain Boov|55/100
|c|☆Stunfisk2140|I have drill for that
|inactive|Starlight Burst has 270 seconds left.
|c|☆Starlight Burst|Grass knots exists
|
|t:|1643521877
|switch|p2a: Zeraora|Zeraora|84/100|[from]move: U-turn
|move|p1a: Big Brain Boov|Teleport|p1a: Big Brain Boov
|
|t:|1643521886
|switch|p1a: Barnie|Dragonite, F|100/100|[from]move: Teleport
|
|upkeep
|turn|17
|
|t:|1643521894
|move|p2a: Zeraora|Volt Switch|p1a: Barnie
|-damage|p1a: Barnie|94/100
|
|t:|1643521898
|switch|p2a: Jirachi|Jirachi|86/100|[from]move: Volt Switch
|-damage|p2a: Jirachi|80/100|[from] Stealth Rock
|move|p1a: Barnie|Earthquake|p2a: Jirachi
|-supereffective|p2a: Jirachi
|-damage|p2a: Jirachi|17/100
|
|upkeep
|turn|18
|c|☆Stunfisk2140|Lol grass knot does like
|
|t:|1643521908
|switch|p1a: Big Brain Boov|Slowking, F, shiny|89/100
|-damage|p1a: Big Brain Boov|76/100|[from] Stealth Rock
|move|p2a: Jirachi|Icy Wind|p1a: Big Brain Boov
|-resisted|p1a: Big Brain Boov
|-damage|p1a: Big Brain Boov|71/100
|-unboost|p1a: Big Brain Boov|spe|1
|
|upkeep
|turn|19
|c|☆Stunfisk2140|21
|c|☆Starlight Burst|!dt excadrill
|raw|<div class="message"><ul class="utilichart"><li class="result"><span class="col numcol">UU</span> <span class="col iconcol"><psicon pokemon="excadrill"/></span> <span class="col pokemonnamecol" style="white-space:nowrap"><a href="https://dex.pokemonshowdown.com/pokemon/excadrill" target="_blank">Excadrill</a></span> <span class="col typecol"><img src="https://play.pokemonshowdown.com/sprites/types/Ground.png" alt="Ground" height="14" width="32"><img src="https://play.pokemonshowdown.com/sprites/types/Steel.png" alt="Steel" height="14" width="32"></span> <span style="float:left;min-height:26px"><span class="col twoabilitycol">Sand Rush<br />Sand Force</span><span class="col abilitycol"><em>Mold Breaker</em></span></span><span style="float:left;min-height:26px"><span class="col statcol"><em>HP</em><br />110</span> <span class="col statcol"><em>Atk</em><br />135</span> <span class="col statcol"><em>Def</em><br />60</span> <span class="col statcol"><em>SpA</em><br />50</span> <span class="col statcol"><em>SpD</em><br />65</span> <span class="col statcol"><em>Spe</em><br />88</span> <span class="col bstcol"><em>BST<br />508</em></span> </span></li><li style="clear:both"></li></ul></div>
|raw|<font size="1"><font color="#686868">Dex#:</font> 530&nbsp;|&ThickSpace;<font color="#686868">Gen:</font> 5&nbsp;|&ThickSpace;<font color="#686868">Height:</font> 0.7 m&nbsp;|&ThickSpace;<font color="#686868">Weight:</font> 40.4 kg <em>(60 BP)</em>&nbsp;|&ThickSpace;<font color="#686868">Dex Colour:</font> Gray&nbsp;|&ThickSpace;<font color="#686868">Egg Group(s):</font> Field&nbsp;|&ThickSpace;<font color="#686868">Does Not Evolve</font></font>

|
|t:|1643521924
|move|p2a: Jirachi|Wish|p2a: Jirachi
|move|p1a: Big Brain Boov|Teleport|p1a: Big Brain Boov
|
|t:|1643521927
|switch|p1a: Holey Moley|Excadrill, F, shiny|73/100|[from]move: Teleport
|-damage|p1a: Holey Moley|70/100|[from] Stealth Rock
|
|-heal|p1a: Holey Moley|76/100|[from] item: Leftovers
|upkeep
|turn|20
|
|t:|1643521939
|move|p2a: Jirachi|Iron Head|p1a: Holey Moley
|-resisted|p1a: Holey Moley
|-damage|p1a: Holey Moley|58/100
|cant|p1a: Holey Moley|flinch
|
|-heal|p2a: Jirachi|67/100|[from] move: Wish|[wisher] Jirachi
|-heal|p1a: Holey Moley|64/100|[from] item: Leftovers
|upkeep
|turn|21
|
|t:|1643521949
|move|p2a: Jirachi|Iron Head|p1a: Holey Moley
|-resisted|p1a: Holey Moley
|-damage|p1a: Holey Moley|45/100
|move|p1a: Holey Moley|Rapid Spin|p2a: Jirachi
|-resisted|p2a: Jirachi
|-damage|p2a: Jirachi|58/100
|-boost|p1a: Holey Moley|spe|1
|-sideend|p1: Stunfisk2140|Stealth Rock|[from] move: Rapid Spin|[of] p1a: Holey Moley
|
|-heal|p1a: Holey Moley|51/100|[from] item: Leftovers
|upkeep
|turn|22
|
|t:|1643521960
|switch|p1a: Frostbite|Weavile, M|56/100
|-ability|p1a: Frostbite|Pressure
|switch|p2a: Landorus|Landorus-Therian, M|100/100
|-damage|p2a: Landorus|88/100|[from] Stealth Rock
|-ability|p2a: Landorus|Intimidate|boost
|-unboost|p1a: Frostbite|atk|1
|
|-heal|p2a: Landorus|94/100|[from] item: Leftovers
|upkeep
|turn|23
|
|t:|1643521980
|move|p1a: Frostbite|Triple Axel|p2a: Landorus
|-supereffective|p2a: Landorus
|-damage|p2a: Landorus|58/100
|-supereffective|p2a: Landorus
|-damage|p2a: Landorus|0 fnt
|faint|p2a: Landorus
|-hitcount|p2: Landorus|2
|-damage|p1a: Frostbite|46/100|[from] item: Life Orb
|
|upkeep
|
|t:|1643521983
|switch|p2a: Zeraora|Zeraora|84/100
|turn|24
|c|☆Stunfisk2140|Excadrill has alot of hp
|
|t:|1643521991
|switch|p1a: NachoThighJuice|Buzzwole, shiny|84/100
|move|p2a: Zeraora|Volt Switch|p1a: NachoThighJuice
|-damage|p1a: NachoThighJuice|55/100
|
|t:|1643521998
|switch|p2a: Tornadus|Tornadus-Therian, M|100/100|[from]move: Volt Switch
|
|upkeep
|turn|25
|
|t:|1643522006
|switch|p1a: Big Brain Boov|Slowking, F, shiny|100/100
|move|p2a: Tornadus|Hurricane|p1a: Big Brain Boov|[miss]
|-miss|p2a: Tornadus|p1a: Big Brain Boov
|
|upkeep
|turn|26
|c|☆Starlight Burst|Ok Stun i hate you
|
|t:|1643522017
|move|p2a: Tornadus|Hurricane|p1a: Big Brain Boov
|-damage|p1a: Big Brain Boov|64/100
|move|p1a: Big Brain Boov|Future Sight|p2a: Tornadus
|-start|p1a: Big Brain Boov|move: Future Sight
|
|upkeep
|turn|27
|
|t:|1643522024
|move|p2a: Tornadus|Hurricane|p1a: Big Brain Boov
|-damage|p1a: Big Brain Boov|28/100
|move|p1a: Big Brain Boov|Teleport|p1a: Big Brain Boov
|
|t:|1643522031
|switch|p1a: Frostbite|Weavile, M|46/100|[from]move: Teleport
|-ability|p1a: Frostbite|Pressure
|
|upkeep
|turn|28
|
|t:|1643522038
|move|p2a: Tornadus|U-turn|p1a: Frostbite
|-supereffective|p1a: Frostbite
|-crit|p1a: Frostbite
|-damage|p1a: Frostbite|0 fnt
|faint|p1a: Frostbite
|
|t:|1643522044
|switch|p2a: Zeraora|Zeraora|84/100|[from]move: U-turn
|
|-end|p2a: Zeraora|move: Future Sight
|-damage|p2a: Zeraora|33/100
|upkeep
|c|☆Stunfisk2140|:|
|c|☆Starlight Burst|Got you..
|
|t:|1643522054
|switch|p1a: NachoThighJuice|Buzzwole, shiny|55/100
|turn|29
|c|☆Starlight Burst|I knew it was Ada
|c|☆Starlight Burst|I checked the calcs
|
|t:|1643522060
|move|p2a: Zeraora|Volt Switch|p1a: NachoThighJuice
|-damage|p1a: NachoThighJuice|25/100
|
|t:|1643522065
|switch|p2a: Tornadus|Tornadus-Therian, M|100/100|[from]move: Volt Switch
|move|p1a: NachoThighJuice|Roost|p1a: NachoThighJuice
|-heal|p1a: NachoThighJuice|75/100
|-singleturn|p1a: NachoThighJuice|move: Roost
|
|upkeep
|turn|30
|c|☆Stunfisk2140|Lol
|
|t:|1643522073
|switch|p1a: Ampere|Magnezone|75/100
|move|p2a: Tornadus|Hurricane|p1a: Ampere
|-resisted|p1a: Ampere
|-damage|p1a: Ampere|58/100
|-start|p1a: Ampere|confusion
|
|upkeep
|turn|31
|
|t:|1643522082
|switch|p1a: Big Brain Boov|Slowking, F, shiny|61/100
|move|p2a: Tornadus|Focus Blast|p1a: Big Brain Boov
|-resisted|p1a: Big Brain Boov
|-damage|p1a: Big Brain Boov|47/100
|
|upkeep
|turn|32
|
|t:|1643522090
|switch|p1a: Barnie|Dragonite, F|94/100
|move|p2a: Tornadus|Hurricane|p1a: Barnie
|-damage|p1a: Barnie|62/100
|-start|p1a: Barnie|confusion
|
|upkeep
|turn|33
|
|t:|1643522099
|switch|p1a: Big Brain Boov|Slowking, F, shiny|80/100
|move|p2a: Tornadus|Psychic|p1a: Big Brain Boov
|-resisted|p1a: Big Brain Boov
|-damage|p1a: Big Brain Boov|70/100
|
|upkeep
|turn|34
|
|t:|1643522107
|move|p2a: Tornadus|U-turn|p1a: Big Brain Boov
|-supereffective|p1a: Big Brain Boov
|-damage|p1a: Big Brain Boov|49/100
|
|t:|1643522110
|switch|p2a: Jirachi|Jirachi|58/100|[from]move: U-turn
|-damage|p2a: Jirachi|51/100|[from] Stealth Rock
|move|p1a: Big Brain Boov|Teleport|p1a: Big Brain Boov
|
|t:|1643522117
|switch|p1a: Holey Moley|Excadrill, F, shiny|51/100|[from]move: Teleport
|
|-heal|p1a: Holey Moley|57/100|[from] item: Leftovers
|upkeep
|turn|35
|c|☆Starlight Burst|Now you can't really deal with rachi...
|
|t:|1643522125
|switch|p2a: Tornadus|Tornadus-Therian, M|100/100
|move|p1a: Holey Moley|Rapid Spin|p2a: Tornadus
|-damage|p2a: Tornadus|78/100
|-boost|p1a: Holey Moley|spe|1
|
|-heal|p1a: Holey Moley|63/100|[from] item: Leftovers
|upkeep
|turn|36
|
|t:|1643522135
|move|p1a: Holey Moley|Iron Head|p2a: Tornadus
|-damage|p2a: Tornadus|22/100
|move|p2a: Tornadus|U-turn|p1a: Holey Moley
|-resisted|p1a: Holey Moley
|-damage|p1a: Holey Moley|53/100
|
|t:|1643522140
|switch|p2a: Zeraora|Zeraora|33/100|[from]move: U-turn
|
|-heal|p1a: Holey Moley|59/100|[from] item: Leftovers
|upkeep
|turn|37
|c|☆Starlight Burst|Oh Fri k...
|c|☆Stunfisk2140|How is my drill nickname :D
|c|☆Stunfisk2140|Holey
|c|☆Stunfisk2140|Moley
|
|t:|1643522174
|switch|p2a: Tornadus|Tornadus-Therian, M|55/100
|move|p1a: Holey Moley|Earthquake|p2a: Tornadus
|-immune|p2a: Tornadus
|
|-heal|p1a: Holey Moley|65/100|[from] item: Leftovers
|upkeep
|turn|38
|
|t:|1643522183
|move|p1a: Holey Moley|Iron Head|p2a: Tornadus
|-damage|p2a: Tornadus|0 fnt
|faint|p2a: Tornadus
|
|-heal|p1a: Holey Moley|71/100|[from] item: Leftovers
|upkeep
|
|t:|1643522189
|switch|p2a: Tapu Fini|Tapu Fini|36/100
|-damage|p2a: Tapu Fini|23/100|[from] Stealth Rock
|-fieldstart|move: Misty Terrain|[from] ability: Misty Surge|[of] p2a: Tapu Fini
|turn|39
|
|t:|1643522195
|move|p1a: Holey Moley|Earthquake|p2a: Tapu Fini
|-damage|p2a: Tapu Fini|0 fnt
|faint|p2a: Tapu Fini
|
|-heal|p1a: Holey Moley|77/100|[from] item: Leftovers
|upkeep
|
|t:|1643522213
|switch|p2a: Slowking|Slowking-Galar, M|100/100
|-damage|p2a: Slowking|88/100|[from] Stealth Rock
|turn|40
|
|t:|1643522217
|move|p1a: Holey Moley|Earthquake|p2a: Slowking
|-supereffective|p2a: Slowking
|-damage|p2a: Slowking|0 fnt
|faint|p2a: Slowking
|
|-heal|p1a: Holey Moley|83/100|[from] item: Leftovers
|upkeep
|
|t:|1643522225
|switch|p2a: Zeraora|Zeraora|33/100
|turn|41
|
|t:|1643522229
|move|p1a: Holey Moley|Earthquake|p2a: Zeraora
|-supereffective|p2a: Zeraora
|-damage|p2a: Zeraora|0 fnt
|faint|p2a: Zeraora
|
|-heal|p1a: Holey Moley|89/100|[from] item: Leftovers
|upkeep
|c|☆Stunfisk2140|Gg
|
|t:|1643522235
|switch|p2a: Jirachi|Jirachi|51/100
|-damage|p2a: Jirachi|45/100|[from] Stealth Rock
|turn|42
|
|t:|1643522241
|move|p1a: Holey Moley|Earthquake|p2a: Jirachi
|-supereffective|p2a: Jirachi
|-damage|p2a: Jirachi|0 fnt
|faint|p2a: Jirachi
|
|win|Stunfisk2140
|l|☆Starlight Burst
|c|☆Stunfisk2140|Excadrill is still good
