|j|☆tanishq1
|j|☆minimax_ai
|t:|1665166364
|gametype|singles
|player|p1|tanishq1|266|1712
|player|p2|minimax_ai|lusamine-nihilego|1654
|teamsize|p1|6
|teamsize|p2|6
|gen|8
|tier|[Gen 8] OU
|rated|
|rule|Sleep Clause Mod: Limit one foe put to sleep
|rule|Species Clause: Limit one of each Pokémon
|rule|OHKO Clause: OHKO moves are banned
|rule|Evasion Items Clause: Evasion items are banned
|rule|Evasion Moves Clause: Evasion moves are banned
|rule|Endless Battle Clause: Forcing endless battles is banned
|rule|HP Percentage Mod: HP is shown in percentages
|rule|Dynamax Clause: You cannot dynamax
|clearpoke
|poke|p1|Landorus-Therian, M|
|poke|p1|Ferrothorn, M|
|poke|p1|Urshifu-*, F|
|poke|p1|Tornadus-Therian, M|
|poke|p1|Dragapult, M|
|poke|p1|Tapu Lele|
|poke|p2|Rotom-Wash|
|poke|p2|Weavile, M|
|poke|p2|Landorus-Therian, M|
|poke|p2|Heatran, M|
|poke|p2|Tangrowth, M|
|poke|p2|Melmetal|
|teampreview
|inactive|Battle timer is ON: inactive players will automatically lose when time's up. (requested by tanishq1)
|c|☆minimax_ai|hf
|inactive|minimax_ai also wants the timer to be on.
|j| diplodocusmamouk
|inactive|tanishq1 has 120 seconds left.
|
|t:|1665166403
|start
|switch|p1a: Dragapult|Dragapult, M|100/100
|switch|p2a: landorustherian|Landorus-Therian, M|100/100
|-ability|p2a: landorustherian|Intimidate|boost
|-unboost|p1a: Dragapult|atk|1
|turn|1
|
|t:|1665166410
|move|p1a: Dragapult|U-turn|p2a: landorustherian
|-resisted|p2a: landorustherian
|-damage|p2a: landorustherian|95/100
|j| tyguy98
|j| fork gaming
|
|t:|1665166422
|switch|p1a: Ferrothorn|Ferrothorn, M|100/100|[from]move: U-turn
|move|p2a: landorustherian|Earthquake|p1a: Ferrothorn
|-damage|p1a: Ferrothorn|72/100
|
|-heal|p2a: landorustherian|100/100|[from] item: Leftovers
|upkeep
|turn|2
|
|t:|1665166423
|move|p2a: landorustherian|U-turn|p1a: Ferrothorn
|-damage|p1a: Ferrothorn|58/100
|-damage|p2a: landorustherian|88/100|[from] ability: Iron Barbs|[of] p1a: Ferrothorn
|-damage|p2a: landorustherian|72/100|[from] item: Rocky Helmet|[of] p1a: Ferrothorn
|
|t:|1665166424
|switch|p2a: Heatran|Heatran, M|100/100|[from]move: U-turn
|-item|p2a: Heatran|Air Balloon
|move|p1a: Ferrothorn|Stealth Rock|p2a: Heatran
|-sidestart|p2: minimax_ai|move: Stealth Rock
|
|upkeep
|turn|3
|
|t:|1665166427
|switch|p1a: Tornadus|Tornadus-Therian, M|100/100
|move|p2a: Heatran|Eruption|p1a: Tornadus
|-damage|p1a: Tornadus|50/100
|
|upkeep
|turn|4
|
|t:|1665166431
|move|p1a: Tornadus|Knock Off|p2a: Heatran
|-damage|p2a: Heatran|79/100
|-enditem|p2a: Heatran|Air Balloon
|move|p2a: Heatran|Eruption|p1a: Tornadus
|-damage|p1a: Tornadus|8/100
|
|upkeep
|turn|5
|
|t:|1665166434
|move|p1a: Tornadus|U-turn|p2a: Heatran
|-resisted|p2a: Heatran
|-damage|p2a: Heatran|75/100
|
|t:|1665166436
|switch|p1a: Dragapult|Dragapult, M|100/100|[from]move: U-turn
|move|p2a: Heatran|Stealth Rock|p1a: Dragapult
|-sidestart|p1: tanishq1|move: Stealth Rock
|
|upkeep
|turn|6
|
|t:|1665166440
|move|p1a: Dragapult|U-turn|p2a: Heatran
|-resisted|p2a: Heatran
|-damage|p2a: Heatran|71/100
|
|t:|1665166443
|switch|p1a: Landorus|Landorus-Therian, M|100/100|[from]move: U-turn
|-damage|p1a: Landorus|88/100|[from] Stealth Rock
|-ability|p1a: Landorus|Intimidate|boost
|-unboost|p2a: Heatran|atk|1
|move|p2a: Heatran|Magma Storm|p1a: Landorus
|-damage|p1a: Landorus|48/100
|-activate|p1a: Landorus|move: Magma Storm|[of] p2a: Heatran
|
|-heal|p1a: Landorus|54/100|[from] item: Leftovers
|-damage|p1a: Landorus|42/100|[from] move: Magma Storm|[partiallytrapped]
|upkeep
|turn|7
|
|t:|1665166445
|switch|p2a: Tangrowth|Tangrowth, M|100/100
|-damage|p2a: Tangrowth|88/100|[from] Stealth Rock
|move|p1a: Landorus|Earthquake|p2a: Tangrowth
|-resisted|p2a: Tangrowth
|-damage|p2a: Tangrowth|76/100
|
|-heal|p1a: Landorus|48/100|[from] item: Leftovers
|-end|p1a: Landorus|Magma Storm|[partiallytrapped]|[silent]
|upkeep
|turn|8
|
|t:|1665166447
|move|p1a: Landorus|Toxic|p2a: Tangrowth
|-status|p2a: Tangrowth|tox
|move|p2a: Tangrowth|Giga Drain|p1a: Landorus
|-damage|p1a: Landorus|27/100
|-heal|p2a: Tangrowth|86/100 tox|[from] drain|[of] p1a: Landorus
|
|-heal|p1a: Landorus|33/100|[from] item: Leftovers
|-damage|p2a: Tangrowth|80/100 tox|[from] psn
|upkeep
|turn|9
|
|t:|1665166449
|move|p1a: Landorus|U-turn|p2a: Tangrowth
|-supereffective|p2a: Tangrowth
|-damage|p2a: Tangrowth|57/100 tox
|-damage|p1a: Landorus|16/100|[from] item: Rocky Helmet|[of] p2a: Tangrowth
|
|t:|1665166451
|switch|p1a: Ferrothorn|Ferrothorn, M|58/100|[from]move: U-turn
|-damage|p1a: Ferrothorn|52/100|[from] Stealth Rock
|move|p2a: Tangrowth|Giga Drain|p1a: Ferrothorn
|-resisted|p1a: Ferrothorn
|-damage|p1a: Ferrothorn|47/100
|-heal|p2a: Tangrowth|60/100 tox|[from] drain|[of] p1a: Ferrothorn
|
|-damage|p2a: Tangrowth|47/100 tox|[from] psn
|upkeep
|turn|10
|
|t:|1665166452
|switch|p2a: landorustherian|Landorus-Therian, M|72/100
|-damage|p2a: landorustherian|59/100|[from] Stealth Rock
|-ability|p2a: landorustherian|Intimidate|boost
|-unboost|p1a: Ferrothorn|atk|1
|move|p1a: Ferrothorn|Knock Off|p2a: landorustherian
|-damage|p2a: landorustherian|46/100
|-enditem|p2a: landorustherian|Leftovers|[from] move: Knock Off|[of] p1a: Ferrothorn
|
|upkeep
|turn|11
|
|t:|1665166454
|switch|p2a: Tangrowth|Tangrowth, M|80/100 tox
|-damage|p2a: Tangrowth|68/100 tox|[from] Stealth Rock
|move|p1a: Ferrothorn|Leech Seed|p2a: Tangrowth
|-immune|p2a: Tangrowth
|
|-damage|p2a: Tangrowth|62/100 tox|[from] psn
|upkeep
|turn|12
|
|t:|1665166456
|move|p2a: Tangrowth|Giga Drain|p1a: Ferrothorn
|-resisted|p1a: Ferrothorn
|-damage|p1a: Ferrothorn|41/100
|-heal|p2a: Tangrowth|64/100 tox|[from] drain|[of] p1a: Ferrothorn
|move|p1a: Ferrothorn|Knock Off|p2a: Tangrowth
|-damage|p2a: Tangrowth|57/100 tox
|-damage|p1a: Ferrothorn|25/100|[from] item: Rocky Helmet|[of] p2a: Tangrowth
|-enditem|p2a: Tangrowth|Rocky Helmet|[from] move: Knock Off|[of] p1a: Ferrothorn
|
|-damage|p2a: Tangrowth|45/100 tox|[from] psn
|upkeep
|turn|13
|
|t:|1665166458
|switch|p2a: rotomwash|Rotom-Wash|100/100
|-damage|p2a: rotomwash|88/100|[from] Stealth Rock
|move|p1a: Ferrothorn|Leech Seed|p2a: rotomwash|[miss]
|-miss|p1a: Ferrothorn|p2a: rotomwash
|
|-heal|p2a: rotomwash|94/100|[from] item: Leftovers
|upkeep
|turn|14
|
|t:|1665166460
|move|p2a: rotomwash|Nasty Plot|p2a: rotomwash
|-boost|p2a: rotomwash|spa|2
|move|p1a: Ferrothorn|Leech Seed|p2a: rotomwash
|-start|p2a: rotomwash|move: Leech Seed
|
|-heal|p2a: rotomwash|100/100|[from] item: Leftovers
|-damage|p2a: rotomwash|88/100|[from] Leech Seed|[of] p1a: Ferrothorn
|-heal|p1a: Ferrothorn|36/100|[silent]
|upkeep
|turn|15
|
|t:|1665166463
|move|p2a: rotomwash|Thunderbolt|p1a: Ferrothorn
|-resisted|p1a: Ferrothorn
|-damage|p1a: Ferrothorn|5/100
|move|p1a: Ferrothorn|Knock Off|p2a: rotomwash
|-damage|p2a: rotomwash|74/100
|-enditem|p2a: rotomwash|Leftovers|[from] move: Knock Off|[of] p1a: Ferrothorn
|
|-damage|p2a: rotomwash|61/100|[from] Leech Seed|[of] p1a: Ferrothorn
|-heal|p1a: Ferrothorn|16/100|[silent]
|upkeep
|turn|16
|
|t:|1665166468
|switch|p1a: Landorus|Landorus-Therian, M|16/100
|-damage|p1a: Landorus|4/100|[from] Stealth Rock
|-ability|p1a: Landorus|Intimidate|boost
|-unboost|p2a: rotomwash|atk|1
|move|p2a: rotomwash|Thunderbolt|p1a: Landorus
|-immune|p1a: Landorus
|
|-heal|p1a: Landorus|10/100|[from] item: Leftovers
|-damage|p2a: rotomwash|49/100|[from] Leech Seed|[of] p1a: Landorus
|-heal|p1a: Landorus|20/100|[silent]
|upkeep
|turn|17
|
|t:|1665166471
|move|p2a: rotomwash|Hydro Pump|p1a: Landorus
|-supereffective|p1a: Landorus
|-damage|p1a: Landorus|0 fnt
|faint|p1a: Landorus
|
|upkeep
|
|t:|1665166473
|switch|p1a: Dragapult|Dragapult, M|100/100
|-damage|p1a: Dragapult|88/100|[from] Stealth Rock
|turn|18
|
|t:|1665166474
|switch|p2a: Melmetal|Melmetal|100/100
|-damage|p2a: Melmetal|94/100|[from] Stealth Rock
|move|p1a: Dragapult|Shadow Ball|p2a: Melmetal
|-damage|p2a: Melmetal|66/100
|
|upkeep
|turn|19
|
|t:|1665166477
|switch|p1a: Ferrothorn|Ferrothorn, M|16/100
|-damage|p1a: Ferrothorn|10/100|[from] Stealth Rock
|move|p2a: Melmetal|Thunder Punch|p1a: Ferrothorn
|-resisted|p1a: Ferrothorn
|-damage|p1a: Ferrothorn|0 fnt
|-damage|p2a: Melmetal|53/100|[from] ability: Iron Barbs|[of] p1a: Ferrothorn
|-damage|p2a: Melmetal|37/100|[from] item: Rocky Helmet|[of] p1a: Ferrothorn
|faint|p1a: Ferrothorn
|
|upkeep
|
|t:|1665166485
|switch|p1a: Dragapult|Dragapult, M|88/100
|-damage|p1a: Dragapult|76/100|[from] Stealth Rock
|turn|20
|
|t:|1665166488
|switch|p2a: landorustherian|Landorus-Therian, M|46/100
|-damage|p2a: landorustherian|34/100|[from] Stealth Rock
|-ability|p2a: landorustherian|Intimidate|boost
|-unboost|p1a: Dragapult|atk|1
|move|p1a: Dragapult|Flamethrower|p2a: landorustherian
|-damage|p2a: landorustherian|7/100
|
|upkeep
|turn|21
|
|t:|1665166491
|move|p1a: Dragapult|Flamethrower|p2a: landorustherian
|-damage|p2a: landorustherian|0 fnt
|faint|p2a: landorustherian
|
|upkeep
|
|t:|1665166491
|switch|p2a: Heatran|Heatran, M|71/100
|-damage|p2a: Heatran|59/100|[from] Stealth Rock
|turn|22
|
|t:|1665166494
|switch|p1a: Tornadus|Tornadus-Therian, M|42/100
|-damage|p1a: Tornadus|17/100|[from] Stealth Rock
|move|p2a: Heatran|Earth Power|p1a: Tornadus
|-immune|p1a: Tornadus
|
|upkeep
|turn|23
|
|t:|1665166498
|move|p1a: Tornadus|Knock Off|p2a: Heatran
|-damage|p2a: Heatran|44/100
|move|p2a: Heatran|Earth Power|p1a: Tornadus
|-immune|p1a: Tornadus
|
|upkeep
|turn|24
|
|t:|1665166501
|move|p1a: Tornadus|Knock Off|p2a: Heatran
|-damage|p2a: Heatran|31/100
|move|p2a: Heatran|Magma Storm|p1a: Tornadus|[miss]
|-miss|p2a: Heatran|p1a: Tornadus
|
|upkeep
|turn|25
|
|t:|1665166504
|move|p1a: Tornadus|Knock Off|p2a: Heatran
|-damage|p2a: Heatran|18/100
|move|p2a: Heatran|Magma Storm|p1a: Tornadus
|-damage|p1a: Tornadus|0 fnt
|faint|p1a: Tornadus
|
|upkeep
|
|t:|1665166512
|switch|p1a: Urshifu|Urshifu-Rapid-Strike, F|100/100
|-damage|p1a: Urshifu|94/100|[from] Stealth Rock
|turn|26
|
|t:|1665166513
|move|p1a: Urshifu|Close Combat|p2a: Heatran
|-supereffective|p2a: Heatran
|-damage|p2a: Heatran|0 fnt
|-unboost|p1a: Urshifu|def|1
|-unboost|p1a: Urshifu|spd|1
|faint|p2a: Heatran
|
|upkeep
|
|t:|1665166513
|switch|p2a: Tangrowth|Tangrowth, M|78/100 tox
|-damage|p2a: Tangrowth|66/100 tox|[from] Stealth Rock
|turn|27
|
|t:|1665166515
|move|p1a: Urshifu|U-turn|p2a: Tangrowth
|-supereffective|p2a: Tangrowth
|-damage|p2a: Tangrowth|40/100 tox
|
|t:|1665166517
|switch|p1a: Dragapult|Dragapult, M|76/100|[from]move: U-turn
|-damage|p1a: Dragapult|64/100|[from] Stealth Rock
|move|p2a: Tangrowth|Sleep Powder|p1a: Dragapult
|-status|p1a: Dragapult|slp|[from] move: Sleep Powder
|
|-damage|p2a: Tangrowth|34/100 tox|[from] psn
|upkeep
|turn|28
|
|t:|1665166520
|switch|p2a: Melmetal|Melmetal|37/100
|-damage|p2a: Melmetal|30/100|[from] Stealth Rock
|cant|p1a: Dragapult|slp
|
|upkeep
|turn|29
|
|t:|1665166521
|cant|p1a: Dragapult|slp
|move|p2a: Melmetal|Double Iron Bash|p1a: Dragapult
|-damage|p1a: Dragapult|12/100 slp
|-damage|p1a: Dragapult|0 fnt
|faint|p1a: Dragapult
|-hitcount|p1: Dragapult|2
|
|upkeep
|
|t:|1665166523
|switch|p1a: Urshifu|Urshifu-Rapid-Strike, F|94/100
|-damage|p1a: Urshifu|88/100|[from] Stealth Rock
|turn|30
|
|t:|1665166525
|switch|p2a: Tangrowth|Tangrowth, M|67/100 tox
|-damage|p2a: Tangrowth|55/100 tox|[from] Stealth Rock
|move|p1a: Urshifu|Surging Strikes|p2a: Tangrowth
|-resisted|p2a: Tangrowth
|-crit|p2a: Tangrowth
|-damage|p2a: Tangrowth|50/100 tox
|-resisted|p2a: Tangrowth
|-crit|p2a: Tangrowth
|-damage|p2a: Tangrowth|45/100 tox
|-resisted|p2a: Tangrowth
|-crit|p2a: Tangrowth
|-damage|p2a: Tangrowth|40/100 tox
|-hitcount|p2a: Tangrowth|3
|
|-damage|p2a: Tangrowth|34/100 tox|[from] psn
|upkeep
|turn|31
|
|t:|1665166530
|move|p1a: Urshifu|Close Combat|p2a: Tangrowth
|-damage|p2a: Tangrowth|1/100 tox
|-unboost|p1a: Urshifu|def|1
|-unboost|p1a: Urshifu|spd|1
|move|p2a: Tangrowth|Giga Drain|p1a: Urshifu
|-supereffective|p1a: Urshifu
|-damage|p1a: Urshifu|0 fnt
|-heal|p2a: Tangrowth|38/100 tox|[from] drain|[of] p1a: Urshifu
|faint|p1a: Urshifu
|
|-damage|p2a: Tangrowth|26/100 tox|[from] psn
|upkeep
|
|t:|1665166533
|switch|p1a: Tapu Lele|Tapu Lele|100/100
|-damage|p1a: Tapu Lele|88/100|[from] Stealth Rock
|-fieldstart|move: Psychic Terrain|[from] ability: Psychic Surge|[of] p1a: Tapu Lele
|turn|32
|
|t:|1665166536
|move|p1a: Tapu Lele|Moonblast|p2a: Tangrowth
|-damage|p2a: Tangrowth|0 fnt
|faint|p2a: Tangrowth
|
|upkeep
|
|t:|1665166536
|switch|p2a: Melmetal|Melmetal|30/100
|-damage|p2a: Melmetal|24/100|[from] Stealth Rock
|turn|33
|
|t:|1665166538
|move|p1a: Tapu Lele|Moonblast|p2a: Melmetal
|-resisted|p2a: Melmetal
|-damage|p2a: Melmetal|10/100
|-unboost|p2a: Melmetal|spa|1
|move|p2a: Melmetal|Double Iron Bash|p1a: Tapu Lele
|-supereffective|p1a: Tapu Lele
|-damage|p1a: Tapu Lele|0 fnt
|faint|p1a: Tapu Lele
|-hitcount|p1: Tapu Lele|1
|
|win|minimax_ai
|raw|tanishq1's rating: 1690 &rarr; <strong>1668</strong><br />(-22 for losing)
|raw|minimax_ai's rating: 1654 &rarr; <strong>1676</strong><br />(+22 for winning)
|c|☆minimax_ai|gg
