|j|☆Forwards
|j|☆a jellyfish
|inactive|Battle timer is ON: inactive players will automatically lose when time's up.
|t:|1661716129
|gametype|singles
|player|p1|Forwards|psychicf-gen4|
|player|p2|a jellyfish|fisherman-gen4|
|teamsize|p1|6
|teamsize|p2|6
|gen|8
|tier|[Gen 8] OU
|rated|Tournament battle
|rule|Sleep Clause Mod: Limit one foe put to sleep
|rule|Species Clause: Limit one of each Pokémon
|rule|OHKO Clause: OHKO moves are banned
|rule|Evasion Items Clause: Evasion items are banned
|rule|Evasion Moves Clause: Evasion moves are banned
|rule|Endless Battle Clause: Forcing endless battles is banned
|rule|HP Percentage Mod: HP is shown in percentages
|rule|Dynamax Clause: You cannot dynamax
|clearpoke
|poke|p1|Tapu Koko|
|poke|p1|Hawlucha, F|
|poke|p1|Registeel|
|poke|p1|Moltres-Galar|
|poke|p1|Landorus-Therian, M|
|poke|p1|Xerneas-*|
|poke|p2|Landorus-Therian, M|
|poke|p2|Torkoal, M|
|poke|p2|Victini|
|poke|p2|Reshiram|
|poke|p2|Blacephalon|
|poke|p2|Toxapex, F|
|teampreview
|inactive|a jellyfish also wants the timer to be on.
|j| sgvh
|j|%ian_yo
|c|☆a jellyfish|gl hf
|c|☆Forwards|gl
|
|t:|1661716144
|start
|switch|p1a: Landorus|Landorus-Therian, M|100/100
|switch|p2a: Torkoal|Torkoal, M, shiny|100/100
|-ability|p1a: Landorus|Intimidate|boost
|-unboost|p2a: Torkoal|atk|1
|-weather|SunnyDay|[from] ability: Drought|[of] p2a: Torkoal
|turn|1
|
|t:|1661716147
|switch|p2a: Landorus|Landorus-Therian, M|100/100
|-ability|p2a: Landorus|Intimidate|boost
|-unboost|p1a: Landorus|atk|1
|move|p1a: Landorus|Earthquake|p2a: Landorus
|-immune|p2a: Landorus
|
|-weather|SunnyDay|[upkeep]
|upkeep
|turn|2
|j| P1rch
|
|t:|1661716150
|switch|p2a: Victini|Victini|100/100
|move|p1a: Landorus|Stealth Rock|p2a: Victini
|-sidestart|p2: a jellyfish|move: Stealth Rock
|
|-weather|SunnyDay|[upkeep]
|upkeep
|turn|3
|
|t:|1661716152
|move|p2a: Victini|V-create|p1a: Landorus
|-enditem|p1a: Landorus|Focus Sash
|-damage|p1a: Landorus|1/100
|-unboost|p2a: Victini|spe|1
|-unboost|p2a: Victini|def|1
|-unboost|p2a: Victini|spd|1
|move|p1a: Landorus|Earthquake|p2a: Victini
|-supereffective|p2a: Victini
|-damage|p2a: Victini|0 fnt
|faint|p2a: Victini
|
|-weather|SunnyDay|[upkeep]
|upkeep
|c|☆a jellyfish|oh
|j| packrat386
|
|t:|1661716171
|switch|p2a: Blacephalon|Blacephalon|100/100
|-damage|p2a: Blacephalon|76/100|[from] Stealth Rock
|turn|4
|
|t:|1661716174
|move|p2a: Blacephalon|Flamethrower|p1a: Landorus
|-damage|p1a: Landorus|0 fnt
|faint|p1a: Landorus
|-ability|p2a: Blacephalon|Beast Boost|boost
|-boost|p2a: Blacephalon|spa|1
|
|-weather|SunnyDay|[upkeep]
|upkeep
|
|t:|1661716177
|switch|p1a: Tapu Koko|Tapu Koko|100/100
|-fieldstart|move: Electric Terrain|[from] ability: Electric Surge|[of] p1a: Tapu Koko
|turn|5
|
|t:|1661716179
|move|p2a: Blacephalon|Flamethrower|p1a: Tapu Koko
|-damage|p1a: Tapu Koko|0 fnt
|faint|p1a: Tapu Koko
|-ability|p2a: Blacephalon|Beast Boost|boost
|-boost|p2a: Blacephalon|spa|1
|
|-weather|SunnyDay|[upkeep]
|upkeep
|
|t:|1661716181
|switch|p1a: Hawlucha|Hawlucha, F, shiny|100/100
|-enditem|p1a: Hawlucha|Electric Seed
|-boost|p1a: Hawlucha|def|1|[from] item: Electric Seed
|turn|6
|
|t:|1661716191
|switch|p2a: Landorus|Landorus-Therian, M|100/100
|-damage|p2a: Landorus|88/100|[from] Stealth Rock
|-ability|p2a: Landorus|Intimidate|boost
|-unboost|p1a: Hawlucha|atk|1
|move|p1a: Hawlucha|Acrobatics|p2a: Landorus
|-damage|p2a: Landorus|60/100
|
|-weather|SunnyDay|[upkeep]
|-heal|p2a: Landorus|66/100|[from] item: Leftovers
|upkeep
|turn|7
|
|t:|1661716194
|move|p1a: Hawlucha|Taunt|p2a: Landorus
|-start|p2a: Landorus|move: Taunt
|move|p2a: Landorus|U-turn|p1a: Hawlucha
|-resisted|p1a: Hawlucha
|-damage|p1a: Hawlucha|95/100
|
|t:|1661716197
|switch|p2a: Toxapex|Toxapex, F, shiny|100/100|[from]move: U-turn
|-damage|p2a: Toxapex|88/100|[from] Stealth Rock
|
|-weather|SunnyDay|[upkeep]
|upkeep
|turn|8
|
|t:|1661716202
|move|p1a: Hawlucha|Taunt|p2a: Toxapex
|-start|p2a: Toxapex|move: Taunt
|move|p2a: Toxapex|Scald|p1a: Hawlucha
|-damage|p1a: Hawlucha|83/100
|
|-weather|none
|upkeep
|turn|9
|
|t:|1661716205
|move|p1a: Hawlucha|Swords Dance|p1a: Hawlucha
|-boost|p1a: Hawlucha|atk|2
|move|p2a: Toxapex|Scald|p1a: Hawlucha
|-damage|p1a: Hawlucha|60/100
|
|-fieldend|move: Electric Terrain
|upkeep
|turn|10
|
|t:|1661716207
|move|p1a: Hawlucha|Acrobatics|p2a: Toxapex
|-damage|p2a: Toxapex|35/100
|-enditem|p2a: Toxapex|Eject Button
|
|t:|1661716210
|switch|p2a: Landorus|Landorus-Therian, M|66/100
|-damage|p2a: Landorus|53/100|[from] Stealth Rock
|-ability|p2a: Landorus|Intimidate|boost
|-unboost|p1a: Hawlucha|atk|1
|
|-heal|p2a: Landorus|59/100|[from] item: Leftovers
|upkeep
|turn|11
|
|t:|1661716217
|move|p1a: Hawlucha|Swords Dance|p1a: Hawlucha
|-boost|p1a: Hawlucha|atk|2
|move|p2a: Landorus|Toxic|p1a: Hawlucha
|-status|p1a: Hawlucha|tox
|
|-heal|p2a: Landorus|65/100|[from] item: Leftovers
|-damage|p1a: Hawlucha|54/100 tox|[from] psn
|upkeep
|turn|12
|
|t:|1661716221
|move|p1a: Hawlucha|Acrobatics|p2a: Landorus
|-damage|p2a: Landorus|0 fnt
|faint|p2a: Landorus
|
|-damage|p1a: Hawlucha|42/100 tox|[from] psn
|upkeep
|
|t:|1661716223
|switch|p2a: Toxapex|Toxapex, F, shiny|69/100
|-damage|p2a: Toxapex|56/100|[from] Stealth Rock
|turn|13
|
|t:|1661716225
|move|p2a: Toxapex|Baneful Bunker|p2a: Toxapex
|-singleturn|p2a: Toxapex|move: Protect
|move|p1a: Hawlucha|Acrobatics|p2a: Toxapex
|-activate|p2a: Toxapex|move: Protect
|
|-damage|p1a: Hawlucha|23/100 tox|[from] psn
|upkeep
|turn|14
|
|t:|1661716247
|switch|p2a: Torkoal|Torkoal, M, shiny|100/100
|-damage|p2a: Torkoal|76/100|[from] Stealth Rock
|-weather|SunnyDay|[from] ability: Drought|[of] p2a: Torkoal
|move|p1a: Hawlucha|Taunt|p2a: Torkoal
|-start|p2a: Torkoal|move: Taunt
|
|-weather|SunnyDay|[upkeep]
|-damage|p1a: Hawlucha|0 fnt|[from] psn
|faint|p1a: Hawlucha
|upkeep
|
|t:|1661716249
|switch|p1a: Xerneas|Xerneas|100/100
|-ability|p1a: Xerneas|Fairy Aura
|turn|15
|j|%htcl (>◡<)
|
|t:|1661716254
|switch|p2a: Reshiram|Reshiram, shiny|100/100
|-damage|p2a: Reshiram|76/100|[from] Stealth Rock
|-ability|p2a: Reshiram|Turboblaze
|move|p1a: Xerneas|Geomancy||[still]
|-prepare|p1a: Xerneas|Geomancy
|-enditem|p1a: Xerneas|Power Herb
|-anim|p1a: Xerneas|Geomancy|p1a: Xerneas
|-boost|p1a: Xerneas|spa|2
|-boost|p1a: Xerneas|spd|2
|-boost|p1a: Xerneas|spe|2
|
|-weather|SunnyDay|[upkeep]
|upkeep
|turn|16
|
|t:|1661716256
|move|p1a: Xerneas|Moonblast|p2a: Reshiram
|-damage|p2a: Reshiram|0 fnt
|faint|p2a: Reshiram
|
|-weather|SunnyDay|[upkeep]
|upkeep
|
|t:|1661716260
|switch|p2a: Blacephalon|Blacephalon|76/100
|-damage|p2a: Blacephalon|51/100|[from] Stealth Rock
|turn|17
|j| BandedAI
|
|t:|1661716262
|move|p1a: Xerneas|Moonblast|p2a: Blacephalon
|-resisted|p2a: Blacephalon
|-damage|p2a: Blacephalon|0 fnt
|faint|p2a: Blacephalon
|
|-weather|SunnyDay|[upkeep]
|upkeep
|
|t:|1661716263
|switch|p2a: Toxapex|Toxapex, F, shiny|89/100
|-damage|p2a: Toxapex|77/100|[from] Stealth Rock
|turn|18
|
|t:|1661716265
|move|p1a: Xerneas|Thunderbolt|p2a: Toxapex
|-supereffective|p2a: Toxapex
|-damage|p2a: Toxapex|0 fnt
|faint|p2a: Toxapex
|
|-weather|SunnyDay|[upkeep]
|upkeep
|
|t:|1661716266
|switch|p2a: Torkoal|Torkoal, M, shiny|76/100
|-damage|p2a: Torkoal|51/100|[from] Stealth Rock
|turn|19
|c|☆a jellyfish|gg
|
|t:|1661716268
|move|p1a: Xerneas|Moonblast|p2a: Torkoal
|-resisted|p2a: Torkoal
|-damage|p2a: Torkoal|0 fnt
|faint|p2a: Torkoal
|
|win|Forwards
|n|☆Forwards|forwards
|n|☆a jellyfish|ajellyfish
|n| sgvh|sgvh
|n| ian_yo|ianyo
|n| P1rch|p1rch
|n| packrat386|packrat386
|n| htcl (>◡<)|htcl
|n| BandedAI|bandedai
