|j|☆Maitredouard2
|j|☆yogo896
|t:|1646989431
|gametype|singles
|player|p1|Maitredouard2|lance|1622
|player|p2|yogo896|scientist|1662
|teamsize|p1|6
|teamsize|p2|6
|gen|8
|tier|[Gen 8] OU
|rated|
|rule|Sleep Clause Mod: Limit one foe put to sleep
|rule|Species Clause: Limit one of each Pokémon
|rule|OHKO Clause: OHKO moves are banned
|rule|Evasion Moves Clause: Evasion moves are banned
|rule|Endless Battle Clause: Forcing endless battles is banned
|rule|HP Percentage Mod: HP is shown in percentages
|rule|Dynamax Clause: You cannot dynamax
|clearpoke
|poke|p1|Mandibuzz, F|
|poke|p1|Landorus-Therian, M|
|poke|p1|Blissey, F|
|poke|p1|Heatran, F|
|poke|p1|Toxapex, M|
|poke|p1|Tapu Lele|
|poke|p2|Weavile, F|
|poke|p2|Melmetal|
|poke|p2|Landorus-Therian, M|
|poke|p2|Bisharp, F|
|poke|p2|Kartana|
|poke|p2|Dragonite, F|
|teampreview
|inactive|Battle timer is ON: inactive players will automatically lose when time's up. (requested by yogo896)
|j| ArchTNergigante
|
|t:|1646989447
|start
|switch|p1a: Heatran|Heatran, F|100/100
|switch|p2a: Bisharp|Bisharp, F|100/100
|-item|p1a: Heatran|Air Balloon
|turn|1
|
|t:|1646989454
|move|p2a: Bisharp|Beat Up|p1a: Heatran
|-damage|p1a: Heatran|88/100
|-enditem|p1a: Heatran|Air Balloon
|-damage|p1a: Heatran|75/100
|-damage|p1a: Heatran|60/100
|-damage|p1a: Heatran|49/100
|-damage|p1a: Heatran|33/100
|-damage|p1a: Heatran|19/100
|-hitcount|p1a: Heatran|6
|move|p1a: Heatran|Magma Storm|p2a: Bisharp|[miss]
|-miss|p1a: Heatran|p2a: Bisharp
|
|upkeep
|turn|2
|j| Unstopch1k
|j| LT_Alt1
|
|t:|1646989468
|switch|p1a: Mandibuzz|Mandibuzz, F|100/100
|move|p2a: Bisharp|Beat Up|p1a: Mandibuzz
|-resisted|p1a: Mandibuzz
|-damage|p1a: Mandibuzz|96/100
|-resisted|p1a: Mandibuzz
|-damage|p1a: Mandibuzz|90/100
|-resisted|p1a: Mandibuzz
|-damage|p1a: Mandibuzz|85/100
|-resisted|p1a: Mandibuzz
|-damage|p1a: Mandibuzz|80/100
|-resisted|p1a: Mandibuzz
|-damage|p1a: Mandibuzz|75/100
|-resisted|p1a: Mandibuzz
|-damage|p1a: Mandibuzz|70/100
|-hitcount|p1a: Mandibuzz|6
|
|upkeep
|turn|3
|
|t:|1646989483
|switch|p2a: Melmetal|Melmetal|100/100
|move|p1a: Mandibuzz|Foul Play|p2a: Melmetal
|-damage|p2a: Melmetal|65/100
|
|upkeep
|turn|4
|l| Unstopch1k
|
|t:|1646989489
|switch|p1a: Toxapex|Toxapex, M|100/100
|move|p2a: Melmetal|Double Iron Bash|p1a: Toxapex
|-resisted|p1a: Toxapex
|-damage|p1a: Toxapex|87/100
|-resisted|p1a: Toxapex
|-damage|p1a: Toxapex|74/100
|-hitcount|p1a: Toxapex|2
|
|upkeep
|turn|5
|
|t:|1646989497
|move|p2a: Melmetal|Thunder Wave|p1a: Toxapex
|-status|p1a: Toxapex|par
|move|p1a: Toxapex|Scald|p2a: Melmetal
|-damage|p2a: Melmetal|49/100
|
|upkeep
|turn|6
|
|t:|1646989506
|switch|p1a: Landorus|Landorus-Therian, M|100/100
|-ability|p1a: Landorus|Intimidate|boost
|-unboost|p2a: Melmetal|atk|1
|move|p2a: Melmetal|Double Iron Bash|p1a: Landorus
|-damage|p1a: Landorus|65/100
|-damage|p1a: Landorus|34/100
|-hitcount|p1a: Landorus|2
|
|upkeep
|turn|7
|
|t:|1646989515
|move|p1a: Landorus|Earthquake|p2a: Melmetal
|-supereffective|p2a: Melmetal
|-damage|p2a: Melmetal|0 fnt
|faint|p2a: Melmetal
|
|upkeep
|
|t:|1646989518
|switch|p2a: Landorus|Landorus-Therian, M|100/100
|-ability|p2a: Landorus|Intimidate|boost
|-unboost|p1a: Landorus|atk|1
|turn|8
|
|t:|1646989524
|switch|p1a: Mandibuzz|Mandibuzz, F|70/100
|move|p2a: Landorus|Stealth Rock|p1a: Mandibuzz
|-sidestart|p1: Maitredouard2|move: Stealth Rock
|
|upkeep
|turn|9
|
|t:|1646989530
|move|p2a: Landorus|U-turn|p1a: Mandibuzz
|-damage|p1a: Mandibuzz|55/100
|
|t:|1646989534
|switch|p2a: Weavile|Weavile, F|100/100|[from]move: U-turn
|-ability|p2a: Weavile|Pressure
|move|p1a: Mandibuzz|Toxic|p2a: Weavile
|-status|p2a: Weavile|tox
|
|-damage|p2a: Weavile|94/100 tox|[from] psn
|upkeep
|turn|10
|
|t:|1646989544
|switch|p1a: Toxapex|Toxapex, M|100/100 par
|-damage|p1a: Toxapex|88/100 par|[from] Stealth Rock
|move|p2a: Weavile|Knock Off|p1a: Toxapex
|-damage|p1a: Toxapex|43/100 par
|-damage|p2a: Weavile|78/100 tox|[from] item: Rocky Helmet|[of] p1a: Toxapex
|-enditem|p1a: Toxapex|Rocky Helmet|[from] move: Knock Off|[of] p2a: Weavile
|
|-damage|p2a: Weavile|66/100 tox|[from] psn
|upkeep
|turn|11
|
|t:|1646989555
|switch|p2a: Landorus|Landorus-Therian, M|100/100
|-ability|p2a: Landorus|Intimidate|boost
|-unboost|p1a: Toxapex|atk|1
|cant|p1a: Toxapex|par
|
|upkeep
|turn|12
|
|t:|1646989562
|move|p2a: Landorus|Earthquake|p1a: Toxapex
|-supereffective|p1a: Toxapex
|-damage|p1a: Toxapex|0 fnt
|faint|p1a: Toxapex
|
|upkeep
|
|t:|1646989567
|switch|p1a: Tapu Lele|Tapu Lele|100/100
|-damage|p1a: Tapu Lele|88/100|[from] Stealth Rock
|-fieldstart|move: Psychic Terrain|[from] ability: Psychic Surge|[of] p1a: Tapu Lele
|turn|13
|
|t:|1646989572
|move|p1a: Tapu Lele|Moonblast|p2a: Landorus
|-damage|p2a: Landorus|44/100
|move|p2a: Landorus|U-turn|p1a: Tapu Lele
|-damage|p1a: Tapu Lele|54/100
|
|t:|1646989581
|switch|p2a: Weavile|Weavile, F|66/100 tox|[from]move: U-turn
|-ability|p2a: Weavile|Pressure
|
|-damage|p2a: Weavile|60/100 tox|[from] psn
|upkeep
|turn|14
|inactive|yogo896 has 120 seconds left.
|
|t:|1646989636
|switch|p1a: Blissey|Blissey, F|100/100
|move|p2a: Weavile|Knock Off|p1a: Blissey
|-crit|p1a: Blissey
|-damage|p1a: Blissey|0 fnt
|-enditem|p1a: Blissey|Heavy-Duty Boots|[from] move: Knock Off|[of] p2a: Weavile
|faint|p1a: Blissey
|
|-damage|p2a: Weavile|48/100 tox|[from] psn
|upkeep
|
|t:|1646989647
|switch|p1a: Mandibuzz|Mandibuzz, F|55/100
|turn|15
|
|t:|1646989653
|switch|p2a: Bisharp|Bisharp, F|100/100
|move|p1a: Mandibuzz|Roost|p1a: Mandibuzz
|-heal|p1a: Mandibuzz|100/100
|-singleturn|p1a: Mandibuzz|move: Roost
|
|upkeep
|turn|16
|
|t:|1646989661
|move|p2a: Bisharp|Iron Head|p1a: Mandibuzz
|-damage|p1a: Mandibuzz|54/100
|move|p1a: Mandibuzz|Foul Play|p2a: Bisharp
|-resisted|p2a: Bisharp
|-damage|p2a: Bisharp|65/100
|
|upkeep
|turn|17
|
|t:|1646989669
|switch|p1a: Heatran|Heatran, F|19/100
|-damage|p1a: Heatran|6/100|[from] Stealth Rock
|move|p2a: Bisharp|Iron Head|p1a: Heatran
|-resisted|p1a: Heatran
|-damage|p1a: Heatran|0 fnt
|faint|p1a: Heatran
|
|-fieldend|move: Psychic Terrain
|upkeep
|
|t:|1646989679
|switch|p1a: Tapu Lele|Tapu Lele|54/100
|-damage|p1a: Tapu Lele|42/100|[from] Stealth Rock
|-fieldstart|move: Psychic Terrain|[from] ability: Psychic Surge|[of] p1a: Tapu Lele
|turn|18
|
|t:|1646989687
|switch|p2a: Landorus|Landorus-Therian, M|44/100
|-ability|p2a: Landorus|Intimidate|boost
|-unboost|p1a: Tapu Lele|atk|1
|move|p1a: Tapu Lele|Moonblast|p2a: Landorus
|-damage|p2a: Landorus|0 fnt
|faint|p2a: Landorus
|
|upkeep
|inactive|yogo896 has 120 seconds left.
|
|t:|1646989697
|switch|p2a: Kartana|Kartana|100/100
|turn|19
|
|t:|1646989700
|move|p2a: Kartana|Leaf Blade|p1a: Tapu Lele
|-damage|p1a: Tapu Lele|0 fnt
|faint|p1a: Tapu Lele
|-ability|p2a: Kartana|Beast Boost|boost
|-boost|p2a: Kartana|atk|1
|
|upkeep
|
|t:|1646989706
|switch|p1a: Mandibuzz|Mandibuzz, F|54/100
|turn|20
|
|t:|1646989709
|move|p2a: Kartana|Leaf Blade|p1a: Mandibuzz
|-resisted|p1a: Mandibuzz
|-damage|p1a: Mandibuzz|26/100
|move|p1a: Mandibuzz|Roost|p1a: Mandibuzz
|-heal|p1a: Mandibuzz|76/100
|-singleturn|p1a: Mandibuzz|move: Roost
|
|upkeep
|turn|21
|
|t:|1646989718
|switch|p2a: Weavile|Weavile, F|48/100 tox
|-ability|p2a: Weavile|Pressure
|move|p1a: Mandibuzz|Roost|p1a: Mandibuzz
|-heal|p1a: Mandibuzz|100/100
|-singleturn|p1a: Mandibuzz|move: Roost
|
|-damage|p2a: Weavile|42/100 tox|[from] psn
|upkeep
|turn|22
|
|t:|1646989729
|switch|p1a: Landorus|Landorus-Therian, M|34/100
|-damage|p1a: Landorus|21/100|[from] Stealth Rock
|-ability|p1a: Landorus|Intimidate|boost
|-unboost|p2a: Weavile|atk|1
|move|p2a: Weavile|Triple Axel|p1a: Landorus
|-supereffective|p1a: Landorus
|-damage|p1a: Landorus|0 fnt
|faint|p1a: Landorus
|-hitcount|p1: Landorus|1
|
|-damage|p2a: Weavile|30/100 tox|[from] psn
|-fieldend|move: Psychic Terrain
|upkeep
|
|t:|1646989742
|switch|p1a: Mandibuzz|Mandibuzz, F|100/100
|turn|23
|
|t:|1646989748
|switch|p2a: Bisharp|Bisharp, F|65/100
|move|p1a: Mandibuzz|Foul Play|p2a: Bisharp
|-resisted|p2a: Bisharp
|-damage|p2a: Bisharp|32/100
|
|upkeep
|turn|24
|
|t:|1646989754
|move|p2a: Bisharp|Iron Head|p1a: Mandibuzz
|-damage|p1a: Mandibuzz|61/100
|move|p1a: Mandibuzz|Foul Play|p2a: Bisharp
|-resisted|p2a: Bisharp
|-damage|p2a: Bisharp|0 fnt
|faint|p2a: Bisharp
|
|upkeep
|c|☆yogo896|gg
|
|t:|1646989761
|switch|p2a: Weavile|Weavile, F|30/100 tox
|-ability|p2a: Weavile|Pressure
|turn|25
|
|t:|1646989765
|move|p2a: Weavile|Triple Axel|p1a: Mandibuzz
|-supereffective|p1a: Mandibuzz
|-damage|p1a: Mandibuzz|38/100
|-supereffective|p1a: Mandibuzz
|-damage|p1a: Mandibuzz|0 fnt
|faint|p1a: Mandibuzz
|-hitcount|p1: Mandibuzz|2
|
|win|yogo896
|raw|Maitredouard2's rating: 1622 &rarr; <strong>1604</strong><br />(-18 for losing)
|raw|yogo896's rating: 1662 &rarr; <strong>1680</strong><br />(+18 for winning)
|l|☆Maitredouard2
|l| ArchTNergigante
