|raw|<div class="broadcast-blue"><strong>This battle is required to be public due to a player having a name starting with 'lt93oq'.</div>
|j|☆LT93OQ Vegeto
|j|‽kinetic chain
|t:|1660588922
|gametype|singles
|player|p1|LT93OQ Vegeto|ethan|1875
|player|p2|kinetic chain|silver-gen2|1952
|teamsize|p1|6
|teamsize|p2|6
|gen|8
|tier|[Gen 8] OU
|rated|
|rule|Sleep Clause Mod: Limit one foe put to sleep
|rule|Species Clause: Limit one of each Pokémon
|rule|OHKO Clause: OHKO moves are banned
|rule|Evasion Items Clause: Evasion items are banned
|rule|Evasion Moves Clause: Evasion moves are banned
|rule|Endless Battle Clause: Forcing endless battles is banned
|rule|HP Percentage Mod: HP is shown in percentages
|rule|Dynamax Clause: You cannot dynamax
|clearpoke
|poke|p1|Garchomp, F|
|poke|p1|Zapdos|
|poke|p1|Clefable, F|
|poke|p1|Ferrothorn, F|
|poke|p1|Weavile, M|
|poke|p1|Tapu Lele|
|poke|p2|Dragapult, M|
|poke|p2|Toxapex, M|
|poke|p2|Zapdos|
|poke|p2|Heatran, F|
|poke|p2|Landorus-Therian, M|
|poke|p2|Dragonite, M|
|teampreview
|inactive|Battle timer is ON: inactive players will automatically lose when time's up. (requested by LT93OQ Vegeto)
|j| Nas>jayZ
|j| Curryisnotgood
|j| LT93OQ Empo
|inactive|LT93OQ Vegeto has 120 seconds left.
|inactive|kinetic chain has 120 seconds left.
|j| LT93OQ COCO JOJO
|j| filon
|
|t:|1660588963
|start
|switch|p1a: Clefable|Clefable, F|100/100
|switch|p2a: Heatran|Heatran, F|100/100
|turn|1
|j| Santiago Bernabeu
|
|t:|1660588973
|move|p2a: Heatran|Magma Storm|p1a: Clefable
|-damage|p1a: Clefable|58/100
|-activate|p1a: Clefable|move: Magma Storm|[of] p2a: Heatran
|move|p1a: Clefable|Thunder Wave|p2a: Heatran
|-status|p2a: Heatran|par
|
|-heal|p1a: Clefable|64/100|[from] item: Leftovers
|upkeep
|turn|2
|j| Pepega Trainer
|
|t:|1660588982
|move|p1a: Clefable|Soft-Boiled|p1a: Clefable
|-heal|p1a: Clefable|100/100
|move|p2a: Heatran|Taunt|p1a: Clefable
|-start|p1a: Clefable|move: Taunt
|
|upkeep
|turn|3
|
|t:|1660588986
|move|p1a: Clefable|Moonblast|p2a: Heatran
|-resisted|p2a: Heatran
|-damage|p2a: Heatran|96/100 par
|cant|p2a: Heatran|par
|
|-heal|p2a: Heatran|100/100 par|[from] item: Leftovers
|upkeep
|turn|4
|j| Madcapo
|
|t:|1660588991
|move|p1a: Clefable|Moonblast|p2a: Heatran
|-resisted|p2a: Heatran
|-crit|p2a: Heatran
|-damage|p2a: Heatran|93/100 par
|-unboost|p2a: Heatran|spa|1
|move|p2a: Heatran|Heavy Slam|p1a: Clefable
|-supereffective|p1a: Clefable
|-damage|p1a: Clefable|46/100
|
|-heal|p1a: Clefable|52/100|[from] item: Leftovers
|-heal|p2a: Heatran|99/100 par|[from] item: Leftovers
|upkeep
|turn|5
|j| EL NANA SHOW
|j| lt93oq fenomeno
|
|t:|1660588998
|move|p1a: Clefable|Moonblast|p2a: Heatran
|-resisted|p2a: Heatran
|-damage|p2a: Heatran|95/100 par
|move|p2a: Heatran|Heavy Slam|p1a: Clefable
|-supereffective|p1a: Clefable
|-damage|p1a: Clefable|0 fnt
|faint|p1a: Clefable
|
|-heal|p2a: Heatran|100/100 par|[from] item: Leftovers
|upkeep
|j| misterioussaint
|j| lt93oq EclipseY
|j| LT93OQ Friso
|l| lt93oq EclipseY
|
|t:|1660589006
|switch|p1a: Garchomp|Garchomp, F|100/100
|turn|6
|l| lt93oq fenomeno
|l| EL NANA SHOW
|
|t:|1660589011
|switch|p2a: Landorus|Landorus-Therian, M|100/100
|-ability|p2a: Landorus|Intimidate|boost
|-unboost|p1a: Garchomp|atk|1
|move|p1a: Garchomp|Earthquake|p2a: Landorus
|-immune|p2a: Landorus
|
|upkeep
|turn|7
|j| Bushido Black
|j| gare23limit
|
|t:|1660589018
|move|p1a: Garchomp|Swords Dance|p1a: Garchomp
|-boost|p1a: Garchomp|atk|2
|move|p2a: Landorus|Stealth Rock|p1a: Garchomp
|-sidestart|p1: LT93OQ Vegeto|move: Stealth Rock
|
|upkeep
|turn|8
|j| Qwert1randomUs3r
|
|t:|1660589027
|switch|p1a: Ferrothorn|Ferrothorn, F|100/100
|-damage|p1a: Ferrothorn|94/100|[from] Stealth Rock
|move|p2a: Landorus|Toxic|p1a: Ferrothorn
|-immune|p1a: Ferrothorn
|
|-heal|p1a: Ferrothorn|100/100|[from] item: Leftovers
|upkeep
|turn|9
|l| Qwert1randomUs3r
|
|t:|1660589036
|switch|p2a: Heatran|Heatran, F|100/100 par
|move|p1a: Ferrothorn|Spikes|p2a: Heatran
|-sidestart|p2: kinetic chain|Spikes
|
|upkeep
|turn|10
|
|t:|1660589040
|switch|p1a: Garchomp|Garchomp, F|100/100
|-damage|p1a: Garchomp|94/100|[from] Stealth Rock
|move|p2a: Heatran|Magma Storm|p1a: Garchomp
|-resisted|p1a: Garchomp
|-damage|p1a: Garchomp|71/100
|-activate|p1a: Garchomp|move: Magma Storm|[of] p2a: Heatran
|
|-heal|p1a: Garchomp|77/100|[from] item: Leftovers
|-damage|p1a: Garchomp|65/100|[from] move: Magma Storm|[partiallytrapped]
|upkeep
|turn|11
|j| LT93OQ R
|j| Dzhugashvili
|
|t:|1660589051
|switch|p2a: Landorus|Landorus-Therian, M|100/100
|-ability|p2a: Landorus|Intimidate|boost
|-unboost|p1a: Garchomp|atk|1
|move|p1a: Garchomp|Earthquake|p2a: Landorus
|-immune|p2a: Landorus
|
|-heal|p1a: Garchomp|71/100|[from] item: Leftovers
|-end|p1a: Garchomp|Magma Storm|[partiallytrapped]|[silent]
|upkeep
|turn|12
|
|t:|1660589055
|move|p1a: Garchomp|Scale Shot|p2a: Landorus|[miss]
|-miss|p1a: Garchomp|p2a: Landorus
|move|p2a: Landorus|U-turn|p1a: Garchomp
|-damage|p1a: Garchomp|50/100
|-damage|p2a: Landorus|88/100|[from] ability: Rough Skin|[of] p1a: Garchomp
|
|t:|1660589058
|switch|p2a: Dragapult|Dragapult, M|100/100|[from]move: U-turn
|-damage|p2a: Dragapult|88/100|[from] Spikes
|
|-heal|p1a: Garchomp|56/100|[from] item: Leftovers
|upkeep
|turn|13
|
|t:|1660589065
|move|p2a: Dragapult|Flamethrower|p1a: Garchomp
|-resisted|p1a: Garchomp
|-damage|p1a: Garchomp|35/100
|move|p1a: Garchomp|Scale Shot|p2a: Dragapult
|-supereffective|p2a: Dragapult
|-damage|p2a: Dragapult|63/100
|-supereffective|p2a: Dragapult
|-damage|p2a: Dragapult|40/100
|-supereffective|p2a: Dragapult
|-damage|p2a: Dragapult|19/100
|-hitcount|p2a: Dragapult|3
|-unboost|p1a: Garchomp|def|1
|-boost|p1a: Garchomp|spe|1
|
|-heal|p1a: Garchomp|41/100|[from] item: Leftovers
|upkeep
|turn|14
|j| dfsger
|l| Madcapo
|j| PeaTSD
|
|t:|1660589075
|switch|p2a: Landorus|Landorus-Therian, M|88/100
|-ability|p2a: Landorus|Intimidate|boost
|-unboost|p1a: Garchomp|atk|1
|move|p1a: Garchomp|Earthquake|p2a: Landorus
|-immune|p2a: Landorus
|
|-heal|p1a: Garchomp|47/100|[from] item: Leftovers
|-heal|p2a: Landorus|94/100|[from] item: Leftovers
|upkeep
|turn|15
|
|t:|1660589080
|switch|p1a: Zapdos|Zapdos|100/100
|move|p2a: Landorus|U-turn|p1a: Zapdos
|-resisted|p1a: Zapdos
|-damage|p1a: Zapdos|88/100
|-status|p2a: Landorus|par|[from] ability: Static|[of] p1a: Zapdos
|
|t:|1660589094
|switch|p2a: Zapdos|Zapdos|100/100|[from]move: U-turn
|
|upkeep
|turn|16
|j| Itll be alright
|
|t:|1660589102
|move|p2a: Zapdos|Toxic|p1a: Zapdos
|-status|p1a: Zapdos|tox
|move|p1a: Zapdos|Volt Switch|p2a: Zapdos
|-damage|p2a: Zapdos|54/100
|j| Super Mario
|l| Nas>jayZ
|l| Itll be alright
|j| Rondoudou
|
|t:|1660589122
|switch|p1a: Tapu Lele|Tapu Lele|100/100|[from]move: Volt Switch
|-damage|p1a: Tapu Lele|88/100|[from] Stealth Rock
|-fieldstart|move: Psychic Terrain|[from] ability: Psychic Surge|[of] p1a: Tapu Lele
|
|upkeep
|turn|17
|
|t:|1660589128
|switch|p2a: Heatran|Heatran, F|100/100 par
|-damage|p2a: Heatran|88/100 par|[from] Spikes
|move|p1a: Tapu Lele|Psychic|p2a: Heatran
|-resisted|p2a: Heatran
|-damage|p2a: Heatran|59/100 par
|
|-heal|p2a: Heatran|65/100 par|[from] item: Leftovers
|upkeep
|turn|18
|j| Skyrio
|
|t:|1660589137
|switch|p1a: Garchomp|Garchomp, F|47/100
|-damage|p1a: Garchomp|41/100|[from] Stealth Rock
|move|p2a: Heatran|Heavy Slam|p1a: Garchomp
|-damage|p1a: Garchomp|14/100
|-damage|p2a: Heatran|53/100 par|[from] ability: Rough Skin|[of] p1a: Garchomp
|
|-heal|p1a: Garchomp|20/100|[from] item: Leftovers
|-heal|p2a: Heatran|59/100 par|[from] item: Leftovers
|upkeep
|turn|19
|
|t:|1660589144
|switch|p2a: Landorus|Landorus-Therian, M|94/100 par
|-ability|p2a: Landorus|Intimidate|boost
|-unboost|p1a: Garchomp|atk|1
|move|p1a: Garchomp|Swords Dance|p1a: Garchomp
|-boost|p1a: Garchomp|atk|2
|
|-heal|p1a: Garchomp|27/100|[from] item: Leftovers
|-heal|p2a: Landorus|99/100 par|[from] item: Leftovers
|upkeep
|turn|20
|
|t:|1660589148
|move|p1a: Garchomp|Scale Shot|p2a: Landorus
|-damage|p2a: Landorus|81/100 par
|-damage|p2a: Landorus|62/100 par
|-damage|p2a: Landorus|44/100 par
|-hitcount|p2a: Landorus|3
|-unboost|p1a: Garchomp|def|1
|-boost|p1a: Garchomp|spe|1
|move|p2a: Landorus|Earthquake|p1a: Garchomp
|-damage|p1a: Garchomp|0 fnt
|faint|p1a: Garchomp
|
|-heal|p2a: Landorus|50/100 par|[from] item: Leftovers
|-fieldend|move: Psychic Terrain
|upkeep
|
|t:|1660589162
|switch|p1a: Tapu Lele|Tapu Lele|88/100
|-damage|p1a: Tapu Lele|76/100|[from] Stealth Rock
|-fieldstart|move: Psychic Terrain|[from] ability: Psychic Surge|[of] p1a: Tapu Lele
|turn|21
|
|t:|1660589169
|move|p1a: Tapu Lele|Psyshock|p2a: Landorus
|-damage|p2a: Landorus|0 fnt
|faint|p2a: Landorus
|
|upkeep
|
|t:|1660589176
|switch|p2a: Heatran|Heatran, F|59/100 par
|-damage|p2a: Heatran|46/100 par|[from] Spikes
|turn|22
|
|t:|1660589184
|move|p1a: Tapu Lele|Psyshock|p2a: Heatran
|-resisted|p2a: Heatran
|-damage|p2a: Heatran|12/100 par
|cant|p2a: Heatran|par
|
|-heal|p2a: Heatran|18/100 par|[from] item: Leftovers
|upkeep
|turn|23
|j| LT93OQ cordo
|j| WildWave
|j| Qwert1randomUs3r
|
|t:|1660589190
|move|p1a: Tapu Lele|Psyshock|p2a: Heatran
|-resisted|p2a: Heatran
|-damage|p2a: Heatran|0 fnt
|faint|p2a: Heatran
|
|upkeep
|l| LT93OQ cordo
|
|t:|1660589193
|switch|p2a: Dragonite|Dragonite, M|100/100
|turn|24
|j| LT93OQ TBK
|l| Qwert1randomUs3r
|j| Rubiaa
|
|t:|1660589198
|switch|p1a: Ferrothorn|Ferrothorn, F|100/100
|-damage|p1a: Ferrothorn|94/100|[from] Stealth Rock
|move|p2a: Dragonite|Earthquake|p1a: Ferrothorn
|-damage|p1a: Ferrothorn|71/100
|
|-heal|p1a: Ferrothorn|77/100|[from] item: Leftovers
|upkeep
|turn|25
|
|t:|1660589203
|switch|p2a: Toxapex|Toxapex, M|100/100
|-damage|p2a: Toxapex|88/100|[from] Spikes
|move|p1a: Ferrothorn|Leech Seed|p2a: Toxapex|[miss]
|-miss|p1a: Ferrothorn|p2a: Toxapex
|
|-heal|p1a: Ferrothorn|83/100|[from] item: Leftovers
|-fieldend|move: Psychic Terrain
|upkeep
|turn|26
|
|t:|1660589206
|move|p2a: Toxapex|Knock Off|p1a: Ferrothorn
|-damage|p1a: Ferrothorn|73/100
|-damage|p2a: Toxapex|76/100|[from] ability: Iron Barbs|[of] p1a: Ferrothorn
|-enditem|p1a: Ferrothorn|Leftovers|[from] move: Knock Off|[of] p2a: Toxapex
|move|p1a: Ferrothorn|Leech Seed|p2a: Toxapex
|-start|p2a: Toxapex|move: Leech Seed
|
|-damage|p2a: Toxapex|64/100|[from] Leech Seed|[of] p1a: Ferrothorn
|-heal|p1a: Ferrothorn|83/100|[silent]
|upkeep
|turn|27
|
|t:|1660589210
|switch|p2a: Zapdos|Zapdos|54/100
|move|p1a: Ferrothorn|Leech Seed|p2a: Zapdos
|-start|p2a: Zapdos|move: Leech Seed
|
|-damage|p2a: Zapdos|41/100|[from] Leech Seed|[of] p1a: Ferrothorn
|-heal|p1a: Ferrothorn|95/100|[silent]
|upkeep
|turn|28
|l| filon
|j| keldeo!
|
|t:|1660589220
|switch|p1a: Zapdos|Zapdos|88/100 tox
|move|p2a: Zapdos|Volt Switch|p1a: Zapdos
|-damage|p1a: Zapdos|49/100 tox
|
|t:|1660589226
|switch|p2a: Dragapult|Dragapult, M|19/100|[from]move: Volt Switch
|-damage|p2a: Dragapult|6/100|[from] Spikes
|
|-damage|p1a: Zapdos|43/100 tox|[from] psn
|upkeep
|turn|29
|
|t:|1660589231
|move|p2a: Dragapult|Shadow Ball|p1a: Zapdos
|-damage|p1a: Zapdos|0 fnt
|faint|p1a: Zapdos
|
|upkeep
|
|t:|1660589236
|switch|p1a: Weavile|Weavile, M|100/100
|-ability|p1a: Weavile|Pressure
|turn|30
|
|t:|1660589241
|switch|p2a: Toxapex|Toxapex, M|97/100
|-damage|p2a: Toxapex|85/100|[from] Spikes
|move|p1a: Weavile|Swords Dance|p1a: Weavile
|-boost|p1a: Weavile|atk|2
|
|upkeep
|turn|31
|
|t:|1660589245
|move|p1a: Weavile|Swords Dance|p1a: Weavile
|-boost|p1a: Weavile|atk|2
|move|p2a: Toxapex|Recover|p2a: Toxapex
|-heal|p2a: Toxapex|100/100
|
|upkeep
|turn|32
|j| Chiharu haru
|
|t:|1660589250
|move|p1a: Weavile|Knock Off|p2a: Toxapex
|-damage|p2a: Toxapex|4/100
|-damage|p1a: Weavile|84/100|[from] item: Rocky Helmet|[of] p2a: Toxapex
|-enditem|p2a: Toxapex|Rocky Helmet|[from] move: Knock Off|[of] p1a: Weavile
|move|p2a: Toxapex|Recover|p2a: Toxapex
|-heal|p2a: Toxapex|55/100
|
|upkeep
|turn|33
|
|t:|1660589254
|move|p1a: Weavile|Knock Off|p2a: Toxapex
|-damage|p2a: Toxapex|0 fnt
|faint|p2a: Toxapex
|
|upkeep
|j| LT93OQ T
|-message|kinetic chain forfeited.
|
|win|LT93OQ Vegeto
|raw|LT93OQ Vegeto's rating: 1875 &rarr; <strong>1899</strong><br />(+24 for winning)
|raw|kinetic chain's rating: 1952 &rarr; <strong>1928</strong><br />(-24 for losing)
|l|‽kinetic chain
|l| LT93OQ T
|c|☆LT93OQ Vegeto|Gg le kinpin
|l| Chiharu haru
|l| LT93OQ Friso
|j| cozaron
|l| LT93OQ TBK
|l| Dzhugashvili
|c|☆LT93OQ Vegeto|tocard
|c|☆LT93OQ Vegeto|T nuuul
|c|☆LT93OQ Vegeto|Guez91 prend des notes
|j|‽kinetic chain
|player|p2|kinetic chain|silver-gen2
|l| Santiago Bernabeu
|l| keldeo!
|l| Rubiaa
|j| Menacce17
|c|☆LT93OQ Vegeto|Voila cz qu il en coute d insulter herv vegeto
|l| cozaron
|l|‽kinetic chain
|player|p2|
|j|‽kinetic chain
|player|p2|kinetic chain|silver-gen2
|c|☆LT93OQ Vegeto|On en paie les consequences
|l|‽kinetic chain
|player|p2|
||Ladder isn't responding, score probably updated but might not have (Request timeout).
|j| EL NANA SHOW
|l|☆LT93OQ Vegeto
|j| Beka ❤
|l| gare23limit
|l| Curryisnotgood
|l| Beka ❤
|l| Rondoudou
|l| LT93OQ COCO JOJO
|l| dfsger
|j|@ironwater
|j| arnavgupta
|l| Menacce17
|l| PeaTSD
|j| Nultiprise
|l| arnavgupta
|l| EL NANA SHOW
|j| Curryisnotgood
|j| Highv0ltag3
|l| Curryisnotgood
|l| LT93OQ Empo
|j| Qintara
|l| Skyrio
|l| Qintara
|l| Nultiprise
|j| PeaTSD
|j| Cono de la Correze
|l| Cono de la Correze
|l| PeaTSD
|l| Highv0ltag3
|l|@ironwater
|l| misterioussaint
|j| Luthier
|l| Luthier
|l| LT93OQ R
|j| iitzhatzツ
|l| iitzhatzツ
|l| Pepega Trainer
|j| Nas>jayZ
|l| Nas>jayZ
|l| Bushido Black
|l| Super Mario
|l| WildWave
|j| LT93OQ baki
