|html|<div class="broadcast-blue"><strong>[Gen 8] OU is currently suspecting Melmetal! For information on how to participate check out the <a href="https://www.smogon.com/forums/threads/np-ss-ou-suspect-process-round-12-monster-mash.3709234/">suspect thread</a>.</strong></div>
|j|☆bramitoboy
|j|‽hypervortexreturns
|t:|1666346041
|gametype|singles
|player|p1|bramitoboy|169|1831
|player|p2|hypervortexreturns|1|1853
|teamsize|p1|6
|teamsize|p2|6
|gen|8
|tier|[Gen 8] OU
|rated|
|rule|Sleep Clause Mod: Limit one foe put to sleep
|rule|Species Clause: Limit one of each Pokémon
|rule|OHKO Clause: OHKO moves are banned
|rule|Evasion Items Clause: Evasion items are banned
|rule|Evasion Moves Clause: Evasion moves are banned
|rule|Endless Battle Clause: Forcing endless battles is banned
|rule|HP Percentage Mod: HP is shown in percentages
|rule|Dynamax Clause: You cannot dynamax
|clearpoke
|poke|p1|Zarude-Dada|
|poke|p1|Keldeo-Resolute|
|poke|p1|Tapu Lele|
|poke|p1|Tapu Koko|
|poke|p1|Heatran, F|
|poke|p1|Landorus-Therian, M|
|poke|p2|Hydreigon, F|
|poke|p2|Zapdos|
|poke|p2|Tangrowth, F|
|poke|p2|Corviknight, M|
|poke|p2|Excadrill, M|
|poke|p2|Azumarill, M|
|teampreview
|inactive|Battle timer is ON: inactive players will automatically lose when time's up. (requested by bramitoboy)
|
|t:|1666346060
|start
|switch|p1a: Tapu Lele|Tapu Lele|100/100
|switch|p2a: Excadrill|Excadrill, M|100/100
|-ability|p2a: Excadrill|Mold Breaker
|-fieldstart|move: Psychic Terrain|[from] ability: Psychic Surge|[of] p1a: Tapu Lele
|turn|1
|
|t:|1666346072
|switch|p1a: Landorus|Landorus-Therian, M|100/100
|-ability|p1a: Landorus|Intimidate|boost
|-unboost|p2a: Excadrill|atk|1
|move|p2a: Excadrill|Iron Head|p1a: Landorus
|-damage|p1a: Landorus|79/100
|-damage|p2a: Excadrill|84/100|[from] item: Rocky Helmet|[of] p1a: Landorus
|
|-heal|p2a: Excadrill|90/100|[from] item: Leftovers
|upkeep
|turn|2
|
|t:|1666346086
|switch|p2a: Tangrowth|Tangrowth, F|100/100
|move|p1a: Landorus|Earthquake|p2a: Tangrowth
|-resisted|p2a: Tangrowth
|-damage|p2a: Tangrowth|87/100
|
|upkeep
|turn|3
|
|t:|1666346102
|switch|p2a: Corviknight|Corviknight, M|100/100
|-ability|p2a: Corviknight|Pressure
|move|p1a: Landorus|Toxic|p2a: Corviknight
|-immune|p2a: Corviknight
|
|upkeep
|turn|4
|
|t:|1666346115
|switch|p1a: Keldeo|Keldeo-Resolute|100/100
|move|p2a: Corviknight|Brave Bird|p1a: Keldeo
|-supereffective|p1a: Keldeo
|-damage|p1a: Keldeo|13/100
|-damage|p2a: Corviknight|77/100|[from] Recoil
|
|-heal|p1a: Keldeo|19/100|[from] item: Leftovers
|-heal|p2a: Corviknight|83/100|[from] item: Leftovers
|upkeep
|turn|5
|
|t:|1666346127
|switch|p1a: Tapu Koko|Tapu Koko|100/100
|-fieldstart|move: Electric Terrain|[from] ability: Electric Surge|[of] p1a: Tapu Koko
|move|p2a: Corviknight|Brave Bird|p1a: Tapu Koko
|-resisted|p1a: Tapu Koko
|-damage|p1a: Tapu Koko|75/100
|-damage|p2a: Corviknight|77/100|[from] Recoil
|
|-heal|p2a: Corviknight|84/100|[from] item: Leftovers
|upkeep
|turn|6
|
|t:|1666346142
|switch|p1a: Zarude|Zarude-Dada|100/100
|move|p2a: Corviknight|Brave Bird|p1a: Zarude
|-supereffective|p1a: Zarude
|-damage|p1a: Zarude|27/100
|-damage|p2a: Corviknight|62/100|[from] Recoil
|
|-heal|p2a: Corviknight|68/100|[from] item: Leftovers
|upkeep
|turn|7
|
|t:|1666346154
|switch|p1a: Tapu Koko|Tapu Koko|75/100
|move|p2a: Corviknight|Brave Bird|p1a: Tapu Koko
|-resisted|p1a: Tapu Koko
|-damage|p1a: Tapu Koko|50/100
|-damage|p2a: Corviknight|62/100|[from] Recoil
|
|-heal|p2a: Corviknight|69/100|[from] item: Leftovers
|upkeep
|turn|8
|
|t:|1666346176
|switch|p1a: Zarude|Zarude-Dada|27/100
|move|p2a: Corviknight|Roost|p2a: Corviknight
|-heal|p2a: Corviknight|100/100
|-singleturn|p2a: Corviknight|move: Roost
|
|upkeep
|turn|9
|
|t:|1666346184
|switch|p1a: Landorus|Landorus-Therian, M|79/100
|-ability|p1a: Landorus|Intimidate|boost
|-unboost|p2a: Corviknight|atk|1
|move|p2a: Corviknight|Brave Bird|p1a: Landorus
|-damage|p1a: Landorus|59/100
|-damage|p2a: Corviknight|84/100|[from] item: Rocky Helmet|[of] p1a: Landorus
|-damage|p2a: Corviknight|78/100|[from] Recoil
|
|-heal|p2a: Corviknight|84/100|[from] item: Leftovers
|-fieldend|move: Electric Terrain
|upkeep
|turn|10
|
|t:|1666346197
|move|p1a: Landorus|Knock Off|p2a: Corviknight
|-damage|p2a: Corviknight|57/100
|-enditem|p2a: Corviknight|Leftovers|[from] move: Knock Off|[of] p1a: Landorus
|move|p2a: Corviknight|Brave Bird|p1a: Landorus
|-damage|p1a: Landorus|40/100
|-damage|p2a: Corviknight|40/100|[from] item: Rocky Helmet|[of] p1a: Landorus
|-damage|p2a: Corviknight|34/100|[from] Recoil
|
|upkeep
|turn|11
|
|t:|1666346208
|switch|p1a: Zarude|Zarude-Dada|27/100
|move|p2a: Corviknight|Roost|p2a: Corviknight
|-heal|p2a: Corviknight|84/100
|-singleturn|p2a: Corviknight|move: Roost
|
|upkeep
|turn|12
|
|t:|1666346226
|move|p1a: Zarude|Synthesis|p1a: Zarude
|-heal|p1a: Zarude|77/100
|move|p2a: Corviknight|Bulk Up|p2a: Corviknight
|-boost|p2a: Corviknight|atk|1
|-boost|p2a: Corviknight|def|1
|
|upkeep
|turn|13
|
|t:|1666346240
|move|p1a: Zarude|Bulk Up|p1a: Zarude
|-boost|p1a: Zarude|atk|1
|-boost|p1a: Zarude|def|1
|move|p2a: Corviknight|Brave Bird|p1a: Zarude
|-supereffective|p1a: Zarude
|-damage|p1a: Zarude|31/100
|-damage|p2a: Corviknight|71/100|[from] Recoil
|
|upkeep
|turn|14
|
|t:|1666346251
|switch|p2a: Tangrowth|Tangrowth, F|100/100
|move|p1a: Zarude|Synthesis|p1a: Zarude
|-heal|p1a: Zarude|81/100
|
|upkeep
|turn|15
|
|t:|1666346260
|move|p1a: Zarude|Bulk Up|p1a: Zarude
|-boost|p1a: Zarude|atk|1
|-boost|p1a: Zarude|def|1
|move|p2a: Tangrowth|Focus Blast|p1a: Zarude|[miss]
|-miss|p2a: Tangrowth|p1a: Zarude
|
|upkeep
|turn|16
|
|t:|1666346268
|move|p1a: Zarude|Bulk Up|p1a: Zarude
|-boost|p1a: Zarude|atk|1
|-boost|p1a: Zarude|def|1
|move|p2a: Tangrowth|Knock Off|p1a: Zarude
|-resisted|p1a: Zarude
|-damage|p1a: Zarude|76/100
|-enditem|p1a: Zarude|Life Orb|[from] move: Knock Off|[of] p2a: Tangrowth
|
|upkeep
|turn|17
|
|t:|1666346277
|move|p1a: Zarude|Bulk Up|p1a: Zarude
|-boost|p1a: Zarude|atk|1
|-boost|p1a: Zarude|def|1
|move|p2a: Tangrowth|Focus Blast|p1a: Zarude
|-supereffective|p1a: Zarude
|-damage|p1a: Zarude|20/100
|
|upkeep
|turn|18
|
|t:|1666346285
|move|p1a: Zarude|Synthesis|p1a: Zarude
|-heal|p1a: Zarude|70/100
|move|p2a: Tangrowth|Focus Blast|p1a: Zarude
|-supereffective|p1a: Zarude
|-damage|p1a: Zarude|11/100
|
|upkeep
|turn|19
|
|t:|1666346299
|move|p1a: Zarude|Synthesis|p1a: Zarude
|-heal|p1a: Zarude|61/100
|move|p2a: Tangrowth|Focus Blast|p1a: Zarude|[miss]
|-miss|p2a: Tangrowth|p1a: Zarude
|
|upkeep
|turn|20
|j| First loves
|
|t:|1666346308
|move|p1a: Zarude|Synthesis|p1a: Zarude
|-heal|p1a: Zarude|100/100
|move|p2a: Tangrowth|Focus Blast|p1a: Zarude|[miss]
|-miss|p2a: Tangrowth|p1a: Zarude
|
|upkeep
|turn|21
|
|t:|1666346315
|move|p1a: Zarude|Bulk Up|p1a: Zarude
|-boost|p1a: Zarude|atk|1
|-boost|p1a: Zarude|def|1
|move|p2a: Tangrowth|Focus Blast|p1a: Zarude
|-supereffective|p1a: Zarude
|-damage|p1a: Zarude|37/100
|
|upkeep
|turn|22
|inactive|hypervortexreturns has 120 seconds left.
|-message|hypervortexreturns forfeited.
|
|win|bramitoboy
|raw|bramitoboy's rating: 1831 &rarr; <strong>1852</strong><br />(+21 for winning)
|raw|hypervortexreturns's rating: 1853 &rarr; <strong>1832</strong><br />(-21 for losing)
|l|‽hypervortexreturns
|l| First loves
