|j|☆jeandonis02
|j|☆64j3t3hrt3h
|t:|1664245714
|gametype|singles
|player|p1|jeandonis02|lucas|1650
|player|p2|64j3t3hrt3h|265|1712
|teamsize|p1|6
|teamsize|p2|6
|gen|8
|tier|[Gen 8] OU
|rated|
|rule|Sleep Clause Mod: Limit one foe put to sleep
|rule|Species Clause: Limit one of each Pokémon
|rule|OHKO Clause: OHKO moves are banned
|rule|Evasion Items Clause: Evasion items are banned
|rule|Evasion Moves Clause: Evasion moves are banned
|rule|Endless Battle Clause: Forcing endless battles is banned
|rule|HP Percentage Mod: HP is shown in percentages
|rule|Dynamax Clause: You cannot dynamax
|clearpoke
|poke|p1|Zeraora|
|poke|p1|Toxapex, F|
|poke|p1|Garchomp, M|
|poke|p1|Rotom-Wash|
|poke|p1|Ferrothorn, M|
|poke|p1|Charizard, M|
|poke|p2|Buzzwole|
|poke|p2|Landorus-Therian, M|
|poke|p2|Magnezone|
|poke|p2|Tyranitar, F|
|poke|p2|Tapu Lele|
|poke|p2|Toxapex, M|
|teampreview
|inactive|Battle timer is ON: inactive players will automatically lose when time's up. (requested by jeandonis02)
|inactive|jeandonis02 has 120 seconds left.
|inactive|jeandonis02 has 90 seconds left.
|
|t:|1664245800
|start
|switch|p1a: Garchomp|Garchomp, M|100/100
|switch|p2a: Tapu Lele|Tapu Lele, shiny|100/100
|-fieldstart|move: Psychic Terrain|[from] ability: Psychic Surge|[of] p2a: Tapu Lele
|turn|1
|
|t:|1664245807
|move|p1a: Garchomp|Iron Head|p2a: Tapu Lele
|-supereffective|p2a: Tapu Lele
|-damage|p2a: Tapu Lele|0 fnt
|faint|p2a: Tapu Lele
|
|upkeep
|
|t:|1664245812
|switch|p2a: Buzzwole|Buzzwole|100/100
|turn|2
|
|t:|1664245822
|switch|p1a: Toxapex|Toxapex, F|100/100
|move|p2a: Buzzwole|Ice Punch|p1a: Toxapex
|-resisted|p1a: Toxapex
|-damage|p1a: Toxapex|90/100
|
|-heal|p1a: Toxapex|97/100|[from] item: Black Sludge
|upkeep
|turn|3
|
|t:|1664245840
|switch|p2a: Toxapex|Toxapex, M|100/100
|move|p1a: Toxapex|Scald|p2a: Toxapex
|-resisted|p2a: Toxapex
|-damage|p2a: Toxapex|94/100
|-status|p2a: Toxapex|brn
|
|-heal|p1a: Toxapex|100/100|[from] item: Black Sludge
|-damage|p2a: Toxapex|88/100 brn|[from] brn
|upkeep
|turn|4
|
|t:|1664245846
|switch|p1a: Garchomp|Garchomp, M|100/100
|move|p2a: Toxapex|Knock Off|p1a: Garchomp
|-damage|p1a: Garchomp|92/100
|-damage|p2a: Toxapex|75/100 brn|[from] ability: Rough Skin|[of] p1a: Garchomp
|-enditem|p1a: Garchomp|Choice Band|[from] move: Knock Off|[of] p2a: Toxapex
|
|-damage|p2a: Toxapex|69/100 brn|[from] brn
|upkeep
|turn|5
|
|t:|1664245850
|switch|p2a: Buzzwole|Buzzwole|100/100
|move|p1a: Garchomp|Outrage|p2a: Buzzwole
|-damage|p2a: Buzzwole|56/100
|
|-fieldend|move: Psychic Terrain
|upkeep
|turn|6
|
|t:|1664245854
|move|p2a: Buzzwole|Ice Punch|p1a: Garchomp
|-supereffective|p1a: Garchomp
|-damage|p1a: Garchomp|0 fnt
|-damage|p2a: Buzzwole|44/100|[from] ability: Rough Skin|[of] p1a: Garchomp
|faint|p1a: Garchomp
|-ability|p2a: Buzzwole|Beast Boost|boost
|-boost|p2a: Buzzwole|atk|1
|
|upkeep
|
|t:|1664245858
|switch|p1a: Charizard|Charizard, M|100/100
|turn|7
|
|t:|1664245866
|switch|p2a: Tyranitar|Tyranitar, F|100/100
|-weather|Sandstorm|[from] ability: Sand Stream|[of] p2a: Tyranitar
|move|p1a: Charizard|Belly Drum|p1a: Charizard
|-damage|p1a: Charizard|50/100
|-setboost|p1a: Charizard|atk|6|[from] move: Belly Drum
|-enditem|p1a: Charizard|Sitrus Berry|[eat]
|-heal|p1a: Charizard|75/100|[from] item: Sitrus Berry
|
|-weather|Sandstorm|[upkeep]
|-damage|p1a: Charizard|69/100|[from] Sandstorm
|upkeep
|turn|8
|
|t:|1664245884
|switch|p2a: Landorus|Landorus-Therian, M|100/100
|-ability|p2a: Landorus|Intimidate|boost
|-unboost|p1a: Charizard|atk|1
|move|p1a: Charizard|Acrobatics|p2a: Landorus
|-damage|p2a: Landorus|0 fnt
|faint|p2a: Landorus
|
|-weather|Sandstorm|[upkeep]
|-damage|p1a: Charizard|63/100|[from] Sandstorm
|upkeep
|
|t:|1664245889
|switch|p2a: Buzzwole|Buzzwole|44/100
|turn|9
|
|t:|1664245893
|move|p2a: Buzzwole|Ice Punch|p1a: Charizard
|-damage|p1a: Charizard|30/100
|move|p1a: Charizard|Flame Charge|p2a: Buzzwole
|-supereffective|p2a: Buzzwole
|-damage|p2a: Buzzwole|0 fnt
|-boost|p1a: Charizard|spe|1
|faint|p2a: Buzzwole
|
|-weather|Sandstorm|[upkeep]
|-damage|p1a: Charizard|24/100|[from] Sandstorm
|upkeep
|-message|64j3t3hrt3h forfeited.
|
|win|jeandonis02
|raw|jeandonis02's rating: 1650 &rarr; <strong>1674</strong><br />(+24 for winning)
|raw|64j3t3hrt3h's rating: 1712 &rarr; <strong>1688</strong><br />(-24 for losing)
|l|☆64j3t3hrt3h
||Ladder isn't responding, score probably updated but might not have (Request timeout).
|l|☆jeandonis02
|j|☆jeandonis02
|player|p1|jeandonis02|lucas
