|j|☆im tofa
|j|☆Gurtrant
|t:|1632423328
|gametype|singles
|player|p1|im tofa|ethan-gen2c|1645
|player|p2|Gurtrant|238|1741
|teamsize|p1|6
|teamsize|p2|6
|gen|8
|tier|[Gen 8] OU
|rated|
|rule|Sleep Clause Mod: Limit one foe put to sleep
|rule|Species Clause: Limit one of each Pokémon
|rule|OHKO Clause: OHKO moves are banned
|rule|Evasion Moves Clause: Evasion moves are banned
|rule|Endless Battle Clause: Forcing endless battles is banned
|rule|HP Percentage Mod: HP is shown in percentages
|rule|Dynamax Clause: You cannot dynamax
|clearpoke
|poke|p1|Kingdra, F|
|poke|p1|Pelipper, M|
|poke|p1|Scizor, M|
|poke|p1|Barraskewda, F|
|poke|p1|Thundurus-Therian, M|
|poke|p1|Excadrill, M|
|poke|p2|Pelipper, F|
|poke|p2|Heliolisk, F|
|poke|p2|Seismitoad, M|
|poke|p2|Barraskewda, F|
|poke|p2|Ferrothorn, F|
|poke|p2|Zapdos|
|teampreview
|inactive|Battle timer is ON: inactive players will automatically lose when time's up. (requested by Gurtrant)
|inactive|im tofa also wants the timer to be on.
|inactive|im tofa has 120 seconds left.
|
|t:|1632423363
|start
|switch|p1a: Thundurus|Thundurus-Therian, M|100/100
|switch|p2a: Pelipper|Pelipper, F|100/100
|-weather|RainDance|[from] ability: Drizzle|[of] p2a: Pelipper
|turn|1
|
|t:|1632423372
|switch|p2a: Ferrothorn|Ferrothorn, F|100/100
|move|p1a: Thundurus|Thunder|p2a: Ferrothorn
|-resisted|p2a: Ferrothorn
|-damage|p2a: Ferrothorn|81/100
|
|-weather|RainDance|[upkeep]
|-heal|p2a: Ferrothorn|87/100|[from] item: Leftovers
|upkeep
|turn|2
|
|t:|1632423383
|move|p1a: Thundurus|Nasty Plot|p1a: Thundurus
|-boost|p1a: Thundurus|spa|2
|move|p2a: Ferrothorn|Leech Seed|p1a: Thundurus
|-start|p1a: Thundurus|move: Leech Seed
|
|-weather|RainDance|[upkeep]
|-heal|p2a: Ferrothorn|93/100|[from] item: Leftovers
|-damage|p1a: Thundurus|88/100|[from] Leech Seed|[of] p2a: Ferrothorn
|-heal|p2a: Ferrothorn|100/100|[silent]
|upkeep
|turn|3
|
|t:|1632423385
|move|p1a: Thundurus|Focus Blast|p2a: Ferrothorn
|-supereffective|p2a: Ferrothorn
|-damage|p2a: Ferrothorn|0 fnt
|faint|p2a: Ferrothorn
|
|-weather|RainDance|[upkeep]
|upkeep
|
|t:|1632423392
|switch|p2a: Barraskewda|Barraskewda, F|100/100
|turn|4
|
|t:|1632423409
|switch|p1a: Pelipper|Pelipper, M|100/100
|move|p2a: Barraskewda|Flip Turn|p1a: Pelipper
|-resisted|p1a: Pelipper
|-damage|p1a: Pelipper|48/100
|
|t:|1632423423
|switch|p2a: Seismitoad|Seismitoad, M|100/100|[from]move: Flip Turn
|
|-weather|RainDance|[upkeep]
|upkeep
|turn|5
|
|t:|1632423429
|move|p2a: Seismitoad|Weather Ball|p1a: Pelipper
|-resisted|p1a: Pelipper
|-damage|p1a: Pelipper|0 fnt
|faint|p1a: Pelipper
|-damage|p2a: Seismitoad|91/100|[from] item: Life Orb
|
|-weather|RainDance|[upkeep]
|upkeep
|
|t:|1632423459
|switch|p1a: Barraskewda|Barraskewda, F|100/100
|turn|6
|
|t:|1632423472
|switch|p1a: Kingdra|Kingdra, F|100/100
|switch|p2a: Zapdos|Zapdos|100/100
|
|-weather|RainDance|[upkeep]
|upkeep
|turn|7
|
|t:|1632423481
|move|p1a: Kingdra|Focus Energy|p1a: Kingdra
|-start|p1a: Kingdra|move: Focus Energy
|move|p2a: Zapdos|Roost||[still]
|-fail|p2a: Zapdos|heal
|
|-weather|RainDance|[upkeep]
|upkeep
|turn|8
|
|t:|1632423488
|move|p1a: Kingdra|Surf|p2a: Zapdos
|-crit|p2a: Zapdos
|-damage|p2a: Zapdos|14/100
|move|p2a: Zapdos|Thunder|p1a: Kingdra
|-damage|p1a: Kingdra|46/100
|
|-weather|none
|upkeep
|turn|9
|
|t:|1632423503
|switch|p1a: Thundurus|Thundurus-Therian, M|88/100
|move|p2a: Zapdos|U-turn|p1a: Thundurus
|-resisted|p1a: Thundurus
|-damage|p1a: Thundurus|78/100
|
|t:|1632423507
|switch|p2a: Barraskewda|Barraskewda, F|100/100|[from]move: U-turn
|
|upkeep
|turn|10
|
|t:|1632423511
|switch|p1a: Barraskewda|Barraskewda, F|100/100
|move|p2a: Barraskewda|Liquidation|p1a: Barraskewda
|-resisted|p1a: Barraskewda
|-damage|p1a: Barraskewda|38/100
|-unboost|p1a: Barraskewda|def|1
|
|upkeep
|turn|11
|
|t:|1632423519
|move|p1a: Barraskewda|Flip Turn|p2a: Barraskewda
|-resisted|p2a: Barraskewda
|-damage|p2a: Barraskewda|51/100
|
|t:|1632423527
|switch|p1a: Kingdra|Kingdra, F|46/100|[from]move: Flip Turn
|move|p2a: Barraskewda|Liquidation|p1a: Kingdra
|-resisted|p1a: Kingdra
|-damage|p1a: Kingdra|24/100
|
|upkeep
|turn|12
|
|t:|1632423544
|switch|p2a: Zapdos|Zapdos|14/100
|move|p1a: Kingdra|Draco Meteor|p2a: Zapdos
|-damage|p2a: Zapdos|0 fnt
|-unboost|p1a: Kingdra|spa|2
|faint|p2a: Zapdos
|
|upkeep
|
|t:|1632423549
|switch|p2a: Heliolisk|Heliolisk, F, shiny|100/100
|turn|13
|inactive|im tofa has 120 seconds left.
|
|t:|1632423580
|move|p2a: Heliolisk|Surf|p1a: Kingdra
|-resisted|p1a: Kingdra
|-damage|p1a: Kingdra|14/100
|-damage|p2a: Heliolisk|91/100|[from] item: Life Orb
|move|p1a: Kingdra|Draco Meteor|p2a: Heliolisk|[miss]
|-miss|p1a: Kingdra|p2a: Heliolisk
|
|upkeep
|turn|14
|inactive|im tofa has 120 seconds left.
|
|t:|1632423593
|move|p2a: Heliolisk|Volt Switch|p1a: Kingdra
|-damage|p1a: Kingdra|0 fnt
|faint|p1a: Kingdra
|-damage|p2a: Heliolisk|81/100|[from] item: Life Orb
|
|t:|1632423598
|switch|p2a: Pelipper|Pelipper, F|100/100|[from]move: Volt Switch
|-weather|RainDance|[from] ability: Drizzle|[of] p2a: Pelipper
|
|-weather|RainDance|[upkeep]
|upkeep
|inactive|im tofa has 120 seconds left.
|
|t:|1632423613
|switch|p1a: Thundurus|Thundurus-Therian, M|78/100
|turn|15
|inactive|im tofa has 120 seconds left.
|
|t:|1632423623
|switch|p2a: Seismitoad|Seismitoad, M|91/100
|move|p1a: Thundurus|Thunder|p2a: Seismitoad
|-immune|p2a: Seismitoad
|
|-weather|RainDance|[upkeep]
|upkeep
|turn|16
|inactive|im tofa has 120 seconds left.
|
|t:|1632423637
|switch|p1a: Excadrill|Excadrill, M|100/100
|-ability|p1a: Excadrill|Mold Breaker
|move|p2a: Seismitoad|Weather Ball|p1a: Excadrill
|-supereffective|p1a: Excadrill
|-damage|p1a: Excadrill|0 fnt
|faint|p1a: Excadrill
|-damage|p2a: Seismitoad|81/100|[from] item: Life Orb
|
|-weather|RainDance|[upkeep]
|upkeep
|
|t:|1632423640
|switch|p1a: Barraskewda|Barraskewda, F|38/100
|turn|17
|
|t:|1632423652
|switch|p2a: Pelipper|Pelipper, F|100/100
|move|p1a: Barraskewda|Close Combat|p2a: Pelipper
|-resisted|p2a: Pelipper
|-damage|p2a: Pelipper|75/100
|-unboost|p1a: Barraskewda|def|1
|-unboost|p1a: Barraskewda|spd|1
|
|-weather|RainDance|[upkeep]
|upkeep
|turn|18
|
|t:|1632423667
|switch|p1a: Thundurus|Thundurus-Therian, M|78/100
|move|p2a: Pelipper|U-turn|p1a: Thundurus
|-resisted|p1a: Thundurus
|-damage|p1a: Thundurus|72/100
|
|t:|1632423670
|switch|p2a: Barraskewda|Barraskewda, F|51/100|[from]move: U-turn
|
|-weather|RainDance|[upkeep]
|upkeep
|turn|19
|
|t:|1632423676
|move|p2a: Barraskewda|Flip Turn|p1a: Thundurus
|-damage|p1a: Thundurus|0 fnt
|faint|p1a: Thundurus
|
|t:|1632423683
|switch|p2a: Heliolisk|Heliolisk, F, shiny|81/100|[from]move: Flip Turn
|
|-weather|RainDance|[upkeep]
|-heal|p2a: Heliolisk|93/100|[from] ability: Dry Skin
|upkeep
|
|t:|1632423687
|switch|p1a: Barraskewda|Barraskewda, F|38/100
|turn|20
|
|t:|1632423698
|switch|p2a: Pelipper|Pelipper, F|75/100
|move|p1a: Barraskewda|Flip Turn|p2a: Pelipper
|-resisted|p2a: Pelipper
|-damage|p2a: Pelipper|49/100
|
|t:|1632423701
|switch|p1a: Scizor|Scizor, M|100/100|[from]move: Flip Turn
|
|-weather|RainDance|[upkeep]
|upkeep
|turn|21
|
|t:|1632423709
|move|p1a: Scizor|Knock Off|p2a: Pelipper
|-damage|p2a: Pelipper|8/100
|-enditem|p2a: Pelipper|Damp Rock|[from] move: Knock Off|[of] p1a: Scizor
|move|p2a: Pelipper|U-turn|p1a: Scizor
|-resisted|p1a: Scizor
|-damage|p1a: Scizor|96/100
|
|t:|1632423714
|switch|p2a: Heliolisk|Heliolisk, F, shiny|93/100|[from]move: U-turn
|
|-weather|none
|upkeep
|turn|22
|
|t:|1632423718
|move|p2a: Heliolisk|Volt Switch|p1a: Scizor
|-damage|p1a: Scizor|36/100
|-damage|p2a: Heliolisk|84/100|[from] item: Life Orb
|
|t:|1632423721
|switch|p2a: Pelipper|Pelipper, F|8/100|[from]move: Volt Switch
|-weather|RainDance|[from] ability: Drizzle|[of] p2a: Pelipper
|move|p1a: Scizor|Knock Off|p2a: Pelipper
|-damage|p2a: Pelipper|0 fnt
|faint|p2a: Pelipper
|
|-weather|RainDance|[upkeep]
|upkeep
|
|t:|1632423729
|switch|p2a: Seismitoad|Seismitoad, M|81/100
|turn|23
|
|t:|1632423733
|move|p2a: Seismitoad|Weather Ball|p1a: Scizor
|-damage|p1a: Scizor|0 fnt
|faint|p1a: Scizor
|-damage|p2a: Seismitoad|71/100|[from] item: Life Orb
|
|-weather|RainDance|[upkeep]
|upkeep
|
|t:|1632423736
|switch|p1a: Barraskewda|Barraskewda, F|38/100
|turn|24
|
|t:|1632423740
|move|p1a: Barraskewda|Close Combat|p2a: Seismitoad
|-damage|p2a: Seismitoad|0 fnt
|-unboost|p1a: Barraskewda|def|1
|-unboost|p1a: Barraskewda|spd|1
|faint|p2a: Seismitoad
|
|-weather|RainDance|[upkeep]
|upkeep
|
|t:|1632423744
|switch|p2a: Heliolisk|Heliolisk, F, shiny|84/100
|turn|25
|
|t:|1632423747
|move|p1a: Barraskewda|Close Combat|p2a: Heliolisk
|-supereffective|p2a: Heliolisk
|-damage|p2a: Heliolisk|0 fnt
|-unboost|p1a: Barraskewda|def|1
|-unboost|p1a: Barraskewda|spd|1
|faint|p2a: Heliolisk
|
|-weather|RainDance|[upkeep]
|upkeep
|
|t:|1632423749
|switch|p2a: Barraskewda|Barraskewda, F|51/100
|turn|26
|
|t:|1632423752
|move|p2a: Barraskewda|Aqua Jet|p1a: Barraskewda
|-resisted|p1a: Barraskewda
|-damage|p1a: Barraskewda|0 fnt
|faint|p1a: Barraskewda
|
|win|Gurtrant
|raw|im tofa's rating: 1645 &rarr; <strong>1630</strong><br />(-15 for losing)
|raw|Gurtrant's rating: 1741 &rarr; <strong>1756</strong><br />(+15 for winning)
|l|☆Gurtrant
|c|☆im tofa|gg
