|j|☆pas agent
|j|☆Highv0ltag3
|t:|1658579862
|gametype|singles
|player|p1|pas agent|fisherman|1576
|player|p2|Highv0ltag3|volo|1767
|teamsize|p1|6
|teamsize|p2|6
|gen|8
|tier|[Gen 8] OU
|rated|
|rule|Sleep Clause Mod: Limit one foe put to sleep
|rule|Species Clause: Limit one of each Pokémon
|rule|OHKO Clause: OHKO moves are banned
|rule|Evasion Moves Clause: Evasion moves are banned
|rule|Endless Battle Clause: Forcing endless battles is banned
|rule|HP Percentage Mod: HP is shown in percentages
|rule|Dynamax Clause: You cannot dynamax
|clearpoke
|poke|p1|Blacephalon|
|poke|p1|Ferrothorn, F|
|poke|p1|Weavile, F|
|poke|p1|Slowking, M|
|poke|p1|Landorus-Therian, M|
|poke|p1|Zapdos|
|poke|p2|Urshifu-*, M|
|poke|p2|Tapu Koko|
|poke|p2|Ninetales-Alola, F|
|poke|p2|Arctozolt|
|poke|p2|Diggersby, F|
|poke|p2|Heatran, M|
|teampreview
|
|t:|1658579909
|start
|switch|p1a: Zapdos|Zapdos|100/100
|switch|p2a: Urshifu|Urshifu-Rapid-Strike, M|100/100
|turn|1
|
|t:|1658579915
|switch|p2a: Tapu Koko|Tapu Koko|100/100
|-fieldstart|move: Electric Terrain|[from] ability: Electric Surge|[of] p2a: Tapu Koko
|move|p1a: Zapdos|Volt Switch|p2a: Tapu Koko
|-resisted|p2a: Tapu Koko
|-crit|p2a: Tapu Koko
|-damage|p2a: Tapu Koko|65/100
|inactive|Battle timer is ON: inactive players will automatically lose when time's up. (requested by Highv0ltag3)
|
|t:|1658579927
|switch|p1a: Landorus|Landorus-Therian, M|100/100|[from]move: Volt Switch
|-ability|p1a: Landorus|Intimidate|boost
|-unboost|p2a: Tapu Koko|atk|1
|
|upkeep
|turn|2
|
|t:|1658579937
|switch|p2a: Ninetales|Ninetales-Alola, F|100/100
|-weather|Hail|[from] ability: Snow Warning|[of] p2a: Ninetales
|move|p1a: Landorus|Stealth Rock|p2a: Ninetales
|-sidestart|p2: Highv0ltag3|move: Stealth Rock
|
|-weather|Hail|[upkeep]
|-damage|p1a: Landorus|94/100|[from] Hail
|-heal|p1a: Landorus|100/100|[from] item: Leftovers
|upkeep
|turn|3
|j| AlIoutdragadarts
|
|t:|1658579942
|switch|p2a: Heatran|Heatran, M|100/100
|-damage|p2a: Heatran|88/100|[from] Stealth Rock
|-item|p2a: Heatran|Air Balloon
|move|p1a: Landorus|Toxic|p2a: Heatran
|-immune|p2a: Heatran
|
|-weather|Hail|[upkeep]
|-damage|p2a: Heatran|82/100|[from] Hail
|-damage|p1a: Landorus|94/100|[from] Hail
|-heal|p1a: Landorus|100/100|[from] item: Leftovers
|upkeep
|turn|4
|
|t:|1658579948
|move|p2a: Heatran|Stealth Rock|p1a: Landorus
|-sidestart|p1: pas agent|move: Stealth Rock
|move|p1a: Landorus|U-turn|p2a: Heatran
|-resisted|p2a: Heatran
|-damage|p2a: Heatran|77/100
|-enditem|p2a: Heatran|Air Balloon
|
|t:|1658579956
|switch|p1a: Blacephalon|Blacephalon|100/100|[from]move: U-turn
|-damage|p1a: Blacephalon|76/100|[from] Stealth Rock
|
|-weather|Hail|[upkeep]
|-damage|p1a: Blacephalon|70/100|[from] Hail
|-damage|p2a: Heatran|71/100|[from] Hail
|upkeep
|turn|5
|
|t:|1658579963
|move|p1a: Blacephalon|Overheat|p2a: Heatran
|-start|p2a: Heatran|ability: Flash Fire
|move|p2a: Heatran|Earth Power|p1a: Blacephalon
|-supereffective|p1a: Blacephalon
|-damage|p1a: Blacephalon|0 fnt
|faint|p1a: Blacephalon
|
|-weather|Hail|[upkeep]
|-damage|p2a: Heatran|65/100|[from] Hail
|-fieldend|move: Electric Terrain
|upkeep
|
|t:|1658579968
|switch|p1a: Slowking|Slowking, M|100/100
|turn|6
|
|t:|1658579975
|-end|p2a: Heatran|ability: Flash Fire|[silent]
|switch|p2a: Arctozolt|Arctozolt|100/100
|-damage|p2a: Arctozolt|76/100|[from] Stealth Rock
|move|p1a: Slowking|Teleport|p1a: Slowking
|
|t:|1658579981
|switch|p1a: Ferrothorn|Ferrothorn, F|100/100|[from]move: Teleport
|-damage|p1a: Ferrothorn|94/100|[from] Stealth Rock
|
|-weather|none
|-heal|p1a: Ferrothorn|100/100|[from] item: Leftovers
|upkeep
|turn|7
|
|t:|1658579985
|move|p2a: Arctozolt|Low Kick|p1a: Ferrothorn
|-supereffective|p1a: Ferrothorn
|-damage|p1a: Ferrothorn|64/100
|-damage|p2a: Arctozolt|63/100|[from] ability: Iron Barbs|[of] p1a: Ferrothorn
|-damage|p2a: Arctozolt|53/100|[from] item: Life Orb
|move|p1a: Ferrothorn|Knock Off|p2a: Arctozolt
|-damage|p2a: Arctozolt|29/100
|-enditem|p2a: Arctozolt|Life Orb|[from] move: Knock Off|[of] p1a: Ferrothorn
|
|-heal|p1a: Ferrothorn|71/100|[from] item: Leftovers
|upkeep
|turn|8
|
|t:|1658579994
|move|p2a: Arctozolt|Blizzard|p1a: Ferrothorn|[miss]
|-miss|p2a: Arctozolt|p1a: Ferrothorn
|move|p1a: Ferrothorn|Body Press|p2a: Arctozolt
|-supereffective|p2a: Arctozolt
|-damage|p2a: Arctozolt|0 fnt
|faint|p2a: Arctozolt
|
|-heal|p1a: Ferrothorn|77/100|[from] item: Leftovers
|upkeep
|
|t:|1658580002
|switch|p2a: Urshifu|Urshifu-Rapid-Strike, M|100/100
|-damage|p2a: Urshifu|94/100|[from] Stealth Rock
|turn|9
|
|t:|1658580005
|switch|p1a: Zapdos|Zapdos|100/100
|move|p2a: Urshifu|Bulk Up|p2a: Urshifu
|-boost|p2a: Urshifu|atk|1
|-boost|p2a: Urshifu|def|1
|
|upkeep
|turn|10
|
|t:|1658580012
|switch|p2a: Diggersby|Diggersby, F|100/100
|-damage|p2a: Diggersby|94/100|[from] Stealth Rock
|move|p1a: Zapdos|Volt Switch|p2a: Diggersby
|-immune|p2a: Diggersby
|
|upkeep
|turn|11
|
|t:|1658580021
|switch|p1a: Landorus|Landorus-Therian, M|100/100
|-damage|p1a: Landorus|88/100|[from] Stealth Rock
|-ability|p1a: Landorus|Intimidate|boost
|-unboost|p2a: Diggersby|atk|1
|move|p2a: Diggersby|Body Slam|p1a: Landorus
|-damage|p1a: Landorus|59/100
|-damage|p2a: Diggersby|84/100|[from] item: Life Orb
|
|-heal|p1a: Landorus|65/100|[from] item: Leftovers
|upkeep
|turn|12
|j| zhuzi
|
|t:|1658580030
|move|p2a: Diggersby|Body Slam|p1a: Landorus
|-damage|p1a: Landorus|34/100
|-damage|p2a: Diggersby|75/100|[from] item: Life Orb
|move|p1a: Landorus|U-turn|p2a: Diggersby
|-damage|p2a: Diggersby|46/100
|
|t:|1658580043
|switch|p1a: Weavile|Weavile, F|100/100|[from]move: U-turn
|-ability|p1a: Weavile|Pressure
|
|upkeep
|turn|13
|
|t:|1658580047
|switch|p2a: Urshifu|Urshifu-Rapid-Strike, M|94/100
|-damage|p2a: Urshifu|88/100|[from] Stealth Rock
|move|p1a: Weavile|Knock Off|p2a: Urshifu
|-resisted|p2a: Urshifu
|-damage|p2a: Urshifu|65/100
|-enditem|p2a: Urshifu|Life Orb|[from] move: Knock Off|[of] p1a: Weavile
|
|upkeep
|turn|14
|j| mxxll
|j| AjiroShinpei
|
|t:|1658580058
|switch|p1a: Zapdos|Zapdos|100/100
|move|p2a: Urshifu|Bulk Up|p2a: Urshifu
|-boost|p2a: Urshifu|atk|1
|-boost|p2a: Urshifu|def|1
|
|upkeep
|turn|15
|
|t:|1658580069
|move|p2a: Urshifu|Surging Strikes|p1a: Zapdos
|-crit|p1a: Zapdos
|-damage|p1a: Zapdos|78/100
|-crit|p1a: Zapdos
|-damage|p1a: Zapdos|57/100
|-status|p2a: Urshifu|par|[from] ability: Static|[of] p1a: Zapdos
|-crit|p1a: Zapdos
|-damage|p1a: Zapdos|36/100
|-hitcount|p1a: Zapdos|3
|move|p1a: Zapdos|Volt Switch|p2a: Urshifu
|-supereffective|p2a: Urshifu
|-damage|p2a: Urshifu|0 fnt
|faint|p2a: Urshifu
|j| Lily Jin Morrow
|
|t:|1658580076
|switch|p1a: Weavile|Weavile, F|100/100|[from]move: Volt Switch
|-ability|p1a: Weavile|Pressure
|
|upkeep
|l| Lily Jin Morrow
|
|t:|1658580079
|switch|p2a: Tapu Koko|Tapu Koko|65/100
|-damage|p2a: Tapu Koko|53/100|[from] Stealth Rock
|-fieldstart|move: Electric Terrain|[from] ability: Electric Surge|[of] p2a: Tapu Koko
|turn|16
|
|t:|1658580091
|switch|p2a: Diggersby|Diggersby, F|46/100
|-damage|p2a: Diggersby|40/100|[from] Stealth Rock
|switch|p1a: Ferrothorn|Ferrothorn, F|77/100
|-damage|p1a: Ferrothorn|71/100|[from] Stealth Rock
|
|-heal|p1a: Ferrothorn|77/100|[from] item: Leftovers
|upkeep
|turn|17
|
|t:|1658580096
|switch|p1a: Landorus|Landorus-Therian, M|34/100
|-damage|p1a: Landorus|21/100|[from] Stealth Rock
|-ability|p1a: Landorus|Intimidate|boost
|-unboost|p2a: Diggersby|atk|1
|move|p2a: Diggersby|Fire Punch|p1a: Landorus
|-damage|p1a: Landorus|2/100
|-damage|p2a: Diggersby|30/100|[from] item: Life Orb
|
|-heal|p1a: Landorus|8/100|[from] item: Leftovers
|upkeep
|turn|18
|
|t:|1658580103
|move|p2a: Diggersby|Fire Punch|p1a: Landorus
|-damage|p1a: Landorus|0 fnt
|faint|p1a: Landorus
|-damage|p2a: Diggersby|20/100|[from] item: Life Orb
|
|upkeep
|
|t:|1658580107
|switch|p1a: Weavile|Weavile, F|100/100
|-ability|p1a: Weavile|Pressure
|turn|19
|
|t:|1658580113
|switch|p2a: Heatran|Heatran, M|65/100
|-damage|p2a: Heatran|53/100|[from] Stealth Rock
|move|p1a: Weavile|Knock Off|p2a: Heatran
|-damage|p2a: Heatran|20/100
|
|upkeep
|turn|20
|
|t:|1658580119
|move|p1a: Weavile|Knock Off|p2a: Heatran
|-damage|p2a: Heatran|0 fnt
|faint|p2a: Heatran
|
|-fieldend|move: Electric Terrain
|upkeep
|
|t:|1658580122
|switch|p2a: Tapu Koko|Tapu Koko|53/100
|-damage|p2a: Tapu Koko|41/100|[from] Stealth Rock
|-fieldstart|move: Electric Terrain|[from] ability: Electric Surge|[of] p2a: Tapu Koko
|turn|21
|c| AjiroShinpei|这什么分段
|c| AjiroShinpei|小丑对着火钢上
|inactive|pas agent has 120 seconds left.
|
|t:|1658580174
|move|p2a: Tapu Koko|Thunderbolt|p1a: Weavile
|-damage|p1a: Weavile|0 fnt
|faint|p1a: Weavile
|
|upkeep
|
|t:|1658580177
|switch|p1a: Ferrothorn|Ferrothorn, F|77/100
|-damage|p1a: Ferrothorn|71/100|[from] Stealth Rock
|turn|22
|
|t:|1658580183
|switch|p2a: Ninetales|Ninetales-Alola, F|100/100
|-damage|p2a: Ninetales|75/100|[from] Stealth Rock
|-weather|Hail|[from] ability: Snow Warning|[of] p2a: Ninetales
|move|p1a: Ferrothorn|Leech Seed|p2a: Ninetales
|-start|p2a: Ninetales|move: Leech Seed
|
|-weather|Hail|[upkeep]
|-damage|p1a: Ferrothorn|64/100|[from] Hail
|-heal|p1a: Ferrothorn|71/100|[from] item: Leftovers
|-damage|p2a: Ninetales|63/100|[from] Leech Seed|[of] p1a: Ferrothorn
|-heal|p1a: Ferrothorn|81/100|[silent]
|upkeep
|turn|23
|inactive|pas agent has 120 seconds left.
|j| Blocx01
|
|t:|1658580198
|move|p2a: Ninetales|Blizzard|p1a: Ferrothorn
|-damage|p1a: Ferrothorn|47/100
|move|p1a: Ferrothorn|Spikes|p2a: Ninetales
|-sidestart|p2: Highv0ltag3|Spikes
|
|-weather|Hail|[upkeep]
|-damage|p1a: Ferrothorn|40/100|[from] Hail
|-heal|p1a: Ferrothorn|47/100|[from] item: Leftovers
|-damage|p2a: Ninetales|50/100|[from] Leech Seed|[of] p1a: Ferrothorn
|-heal|p1a: Ferrothorn|57/100|[silent]
|upkeep
|turn|24
|inactive|pas agent has 120 seconds left.
|l| Blocx01
|
|t:|1658580220
|move|p2a: Ninetales|Blizzard|p1a: Ferrothorn
|-damage|p1a: Ferrothorn|19/100
|move|p1a: Ferrothorn|Spikes|p2a: Ninetales
|-sidestart|p2: Highv0ltag3|Spikes
|
|-weather|Hail|[upkeep]
|-damage|p1a: Ferrothorn|13/100|[from] Hail
|-heal|p1a: Ferrothorn|19/100|[from] item: Leftovers
|-damage|p2a: Ninetales|38/100|[from] Leech Seed|[of] p1a: Ferrothorn
|-heal|p1a: Ferrothorn|29/100|[silent]
|upkeep
|turn|25
|
|t:|1658580228
|switch|p1a: Slowking|Slowking, M|100/100
|move|p2a: Ninetales|Blizzard|p1a: Slowking
|-resisted|p1a: Slowking
|-damage|p1a: Slowking|89/100
|-status|p1a: Slowking|frz
|
|-weather|Hail|[upkeep]
|-damage|p1a: Slowking|83/100 frz|[from] Hail
|-damage|p2a: Ninetales|25/100|[from] Leech Seed|[of] p1a: Slowking
|-heal|p1a: Slowking|92/100 frz|[silent]
|-fieldend|move: Electric Terrain
|upkeep
|turn|26
|
|t:|1658580237
|switch|p2a: Diggersby|Diggersby, F|20/100
|-damage|p2a: Diggersby|14/100|[from] Stealth Rock
|-damage|p2a: Diggersby|0 fnt|[from] Spikes
|faint|p2a: Diggersby
|cant|p1a: Slowking|frz
|
|-weather|none
|upkeep
|
|t:|1658580240
|switch|p2a: Tapu Koko|Tapu Koko|41/100
|-damage|p2a: Tapu Koko|28/100|[from] Stealth Rock
|-damage|p2a: Tapu Koko|11/100|[from] Spikes
|-fieldstart|move: Electric Terrain|[from] ability: Electric Surge|[of] p2a: Tapu Koko
|turn|27
|
|t:|1658580249
|switch|p1a: Zapdos|Zapdos|36/100
|move|p2a: Tapu Koko|Thunderbolt|p1a: Zapdos
|-damage|p1a: Zapdos|0 fnt
|faint|p1a: Zapdos
|
|upkeep
|
|t:|1658580254
|switch|p1a: Ferrothorn|Ferrothorn, F|29/100
|-damage|p1a: Ferrothorn|23/100|[from] Stealth Rock
|turn|28
|
|t:|1658580258
|move|p2a: Tapu Koko|Thunderbolt|p1a: Ferrothorn
|-resisted|p1a: Ferrothorn
|-damage|p1a: Ferrothorn|0 fnt
|faint|p1a: Ferrothorn
|
|upkeep
|c|☆pas agent|gg
|
|t:|1658580265
|switch|p1a: Slowking|Slowking, M|100/100 frz
|turn|29
|c|☆Highv0ltag3|U win
|c|☆Highv0ltag3|U doesn't slowking live
|
|t:|1658580277
|move|p2a: Tapu Koko|Thunderbolt|p1a: Slowking
|-supereffective|p1a: Slowking
|-damage|p1a: Slowking|13/100 frz
|-curestatus|p1a: Slowking|frz|[from] move: Scald
|move|p1a: Slowking|Scald|p2a: Tapu Koko
|-damage|p2a: Tapu Koko|0 fnt
|faint|p2a: Tapu Koko
|
|upkeep
|c|☆Highv0ltag3|Yeah exactly
|
|t:|1658580285
|switch|p2a: Ninetales|Ninetales-Alola, F|25/100
|-damage|p2a: Ninetales|0 fnt|[from] Stealth Rock
|faint|p2a: Ninetales
|
|win|pas agent
|raw|pas agent's rating: 1576 &rarr; <strong>1606</strong><br />(+30 for winning)
|raw|Highv0ltag3's rating: 1767 &rarr; <strong>1737</strong><br />(-30 for losing)
|c|☆pas agent|lel
|c|☆Highv0ltag3|Gg
|l| zhuzi
|l|☆Highv0ltag3
|l| mxxll
|l| AlIoutdragadarts
