|j|☆Yrrol
|j|☆Wheezer
|t:|1661433903
|gametype|singles
|player|p1|Yrrol|266|1569
|player|p2|Wheezer|petrel|1562
|teamsize|p1|6
|teamsize|p2|6
|gen|8
|tier|[Gen 8] OU
|rated|
|rule|Sleep Clause Mod: Limit one foe put to sleep
|rule|Species Clause: Limit one of each Pokémon
|rule|OHKO Clause: OHKO moves are banned
|rule|Evasion Items Clause: Evasion items are banned
|rule|Evasion Moves Clause: Evasion moves are banned
|rule|Endless Battle Clause: Forcing endless battles is banned
|rule|HP Percentage Mod: HP is shown in percentages
|rule|Dynamax Clause: You cannot dynamax
|clearpoke
|poke|p1|Ditto|
|poke|p1|Vileplume, M|
|poke|p1|Tapu Fini|
|poke|p1|Moltres|
|poke|p1|Zygarde-10%|
|poke|p1|Shedinja|
|poke|p2|Garchomp, M|
|poke|p2|Persian-Alola, M|
|poke|p2|Slowking, M|
|poke|p2|Suicune|
|poke|p2|Weezing-Galar, F|
|poke|p2|Jirachi|
|teampreview
|j| qq3039
|c|☆Wheezer|yo sick team
|
|t:|1661433932
|start
|switch|p1a: Ditto|Ditto|100/100
|switch|p2a: Slowking|Slowking, M|100/100
|-transform|p1a: Ditto|p2a: Slowking|[from] ability: Imposter
|turn|1
|
|t:|1661433946
|move|p1a: Ditto|Teleport|p1a: Ditto
|
|t:|1661433952
|switch|p1a: Tapu Fini|Tapu Fini|100/100|[from]move: Teleport
|-fieldstart|move: Misty Terrain|[from] ability: Misty Surge|[of] p1a: Tapu Fini
|move|p2a: Slowking|Teleport|p2a: Slowking
|
|t:|1661433961
|switch|p2a: Jirachi|Jirachi|100/100|[from]move: Teleport
|
|upkeep
|turn|2
|
|t:|1661433972
|switch|p1a: Ditto|Ditto|100/100
|-transform|p1a: Ditto|p2a: Jirachi|[from] ability: Imposter
|move|p2a: Jirachi|Trick|p1a: Ditto
|-activate|p2a: Jirachi|move: Trick|[of] p1a: Ditto
|-item|p1a: Ditto|Choice Scarf|[from] move: Trick
|-item|p2a: Jirachi|Choice Scarf|[from] move: Trick
|
|upkeep
|turn|3
|
|t:|1661433982
|switch|p2a: Garchomp|Garchomp, M|100/100
|move|p1a: Ditto|U-turn|p2a: Garchomp
|-damage|p2a: Garchomp|82/100
|-damage|p1a: Ditto|88/100|[from] ability: Rough Skin|[of] p2a: Garchomp
|-damage|p1a: Ditto|71/100|[from] item: Rocky Helmet|[of] p2a: Garchomp
|
|t:|1661433989
|switch|p1a: Tapu Fini|Tapu Fini|100/100|[from]move: U-turn
|
|upkeep
|turn|4
|
|t:|1661433997
|switch|p2a: Jirachi|Jirachi|100/100
|move|p1a: Tapu Fini|Calm Mind|p1a: Tapu Fini
|-boost|p1a: Tapu Fini|spa|1
|-boost|p1a: Tapu Fini|spd|1
|
|upkeep
|turn|5
|
|t:|1661434018
|switch|p1a: Ditto|Ditto|71/100
|-transform|p1a: Ditto|p2a: Jirachi|[from] ability: Imposter
|move|p2a: Jirachi|Iron Head|p1a: Ditto
|-resisted|p1a: Ditto
|-damage|p1a: Ditto|51/100
|
|-fieldend|Misty Terrain
|upkeep
|turn|6
|
|t:|1661434028
|move|p1a: Ditto|U-turn|p2a: Jirachi
|-damage|p2a: Jirachi|80/100
|
|t:|1661434030
|switch|p1a: Vileplume|Vileplume, M|100/100|[from]move: U-turn
|move|p2a: Jirachi|Iron Head|p1a: Vileplume
|-damage|p1a: Vileplume|75/100
|-damage|p2a: Jirachi|64/100|[from] item: Rocky Helmet|[of] p1a: Vileplume
|
|upkeep
|turn|7
|
|t:|1661434040
|switch|p2a: Slowking|Slowking, M|100/100
|move|p1a: Vileplume|Leech Seed|p2a: Slowking
|-start|p2a: Slowking|move: Leech Seed
|
|-damage|p2a: Slowking|88/100|[from] Leech Seed|[of] p1a: Vileplume
|-heal|p1a: Vileplume|89/100|[silent]
|upkeep
|turn|8
|
|t:|1661434046
|move|p1a: Vileplume|Giga Drain|p2a: Slowking
|-supereffective|p2a: Slowking
|-damage|p2a: Slowking|57/100
|-heal|p1a: Vileplume|100/100|[from] drain|[of] p2a: Slowking
|move|p2a: Slowking|Teleport|p2a: Slowking
|
|t:|1661434050
|switch|p2a: Weezing|Weezing-Galar, F|100/100|[from]move: Teleport
|
|upkeep
|turn|9
|
|t:|1661434068
|switch|p1a: Tapu Fini|Tapu Fini|100/100
|-fieldstart|move: Misty Terrain|[from] ability: Misty Surge|[of] p1a: Tapu Fini
|move|p2a: Weezing|Toxic Spikes|p1a: Tapu Fini
|-sidestart|p1: Yrrol|move: Toxic Spikes
|
|upkeep
|turn|10
|
|t:|1661434093
|switch|p2a: Jirachi|Jirachi|64/100
|move|p1a: Tapu Fini|Calm Mind|p1a: Tapu Fini
|-boost|p1a: Tapu Fini|spa|1
|-boost|p1a: Tapu Fini|spd|1
|
|upkeep
|turn|11
|
|t:|1661434109
|move|p2a: Jirachi|Trick|p1a: Tapu Fini
|-activate|p2a: Jirachi|move: Trick|[of] p1a: Tapu Fini
|-item|p1a: Tapu Fini|Choice Scarf|[from] move: Trick
|-item|p2a: Jirachi|Leftovers|[from] move: Trick
|move|p1a: Tapu Fini|Hydro Pump|p2a: Jirachi
|-damage|p2a: Jirachi|7/100
|
|-heal|p2a: Jirachi|13/100|[from] item: Leftovers
|upkeep
|turn|12
|
|t:|1661434117
|switch|p2a: Slowking|Slowking, M|90/100
|move|p1a: Tapu Fini|Hydro Pump|p2a: Slowking
|-resisted|p2a: Slowking
|-damage|p2a: Slowking|73/100
|
|upkeep
|turn|13
|
|t:|1661434123
|move|p1a: Tapu Fini|Hydro Pump|p2a: Slowking
|-resisted|p2a: Slowking
|-damage|p2a: Slowking|55/100
|move|p2a: Slowking|Teleport|p2a: Slowking
|
|t:|1661434128
|switch|p2a: Suicune|Suicune|100/100|[from]move: Teleport
|-ability|p2a: Suicune|Pressure
|
|-fieldend|Misty Terrain
|upkeep
|turn|14
|
|t:|1661434160
|switch|p1a: Vileplume|Vileplume, M|100/100
|-sideend|p1: Yrrol|move: Toxic Spikes|[of] p1a: Vileplume
|switch|p2a: Slowking|Slowking, M|89/100
|
|upkeep
|turn|15
|
|t:|1661434164
|move|p2a: Slowking|Trick|p1a: Vileplume
|-activate|p2a: Slowking|move: Trick|[of] p1a: Vileplume
|-item|p1a: Vileplume|Choice Scarf|[from] move: Trick
|-item|p2a: Slowking|Rocky Helmet|[from] move: Trick
|move|p1a: Vileplume|Giga Drain|p2a: Slowking
|-supereffective|p2a: Slowking
|-damage|p2a: Slowking|53/100
|
|upkeep
|turn|16
|
|t:|1661434193
|move|p1a: Vileplume|Giga Drain|p2a: Slowking
|-supereffective|p2a: Slowking
|-crit|p2a: Slowking
|-damage|p2a: Slowking|0 fnt
|faint|p2a: Slowking
|
|upkeep
|c|☆Wheezer|lame
|
|t:|1661434229
|switch|p2a: Weezing|Weezing-Galar, F|100/100
|turn|17
|
|t:|1661434236
|switch|p1a: Tapu Fini|Tapu Fini|100/100
|-fieldstart|move: Misty Terrain|[from] ability: Misty Surge|[of] p1a: Tapu Fini
|move|p2a: Weezing|Toxic Spikes|p1a: Tapu Fini
|-sidestart|p1: Yrrol|move: Toxic Spikes
|
|upkeep
|turn|18
|
|t:|1661434249
|switch|p2a: Suicune|Suicune|100/100
|-ability|p2a: Suicune|Pressure
|move|p1a: Tapu Fini|Hydro Pump|p2a: Suicune
|-resisted|p2a: Suicune
|-damage|p2a: Suicune|86/100
|
|-heal|p2a: Suicune|92/100|[from] item: Leftovers
|upkeep
|turn|19
|
|t:|1661434265
|switch|p1a: Ditto|Ditto|51/100
|-transform|p1a: Ditto|p2a: Suicune|[from] ability: Imposter
|-ability|p1a: Ditto|Pressure
|switch|p2a: Jirachi|Jirachi|13/100
|
|-heal|p2a: Jirachi|20/100|[from] item: Leftovers
|upkeep
|turn|20
|
|t:|1661434275
|switch|p2a: Suicune|Suicune|92/100
|-ability|p2a: Suicune|Pressure
|move|p1a: Ditto|Scald|p2a: Suicune
|-resisted|p2a: Suicune
|-damage|p2a: Suicune|82/100
|
|-heal|p2a: Suicune|88/100|[from] item: Leftovers
|upkeep
|turn|21
|
|t:|1661434281
|switch|p1a: I might die|Shedinja|100/100
|move|p2a: Suicune|Calm Mind|p2a: Suicune
|-boost|p2a: Suicune|spa|1
|-boost|p2a: Suicune|spd|1
|
|-heal|p2a: Suicune|95/100|[from] item: Leftovers
|-fieldend|Misty Terrain
|upkeep
|turn|22
|
|t:|1661434298
|move|p2a: Suicune|Protect|p2a: Suicune
|-singleturn|p2a: Suicune|Protect
|move|p1a: I might die|Will-O-Wisp|p2a: Suicune
|-activate|p2a: Suicune|move: Protect
|
|-heal|p2a: Suicune|100/100|[from] item: Leftovers
|upkeep
|turn|23
|
|t:|1661434306
|switch|p2a: Weezing|Weezing-Galar, F|100/100
|move|p1a: I might die|Will-O-Wisp|p2a: Weezing
|-status|p2a: Weezing|brn
|
|-damage|p2a: Weezing|95/100 brn|[from] brn
|upkeep
|turn|24
|
|t:|1661434330
|switch|p1a: Moltres|Moltres|100/100
|move|p2a: Weezing|Will-O-Wisp|p1a: Moltres
|-immune|p1a: Moltres
|
|-heal|p2a: Weezing|100/100 brn|[from] item: Black Sludge
|-damage|p2a: Weezing|95/100 brn|[from] brn
|upkeep
|turn|25
|
|t:|1661434360
|switch|p2a: Garchomp|Garchomp, M|82/100
|move|p1a: Moltres|Hurricane|p2a: Garchomp
|-damage|p2a: Garchomp|30/100
|
|upkeep
|turn|26
|
|t:|1661434378
|switch|p2a: Suicune|Suicune|100/100
|-ability|p2a: Suicune|Pressure
|switch|p1a: Vileplume|Vileplume, M|100/100
|-sideend|p1: Yrrol|move: Toxic Spikes|[of] p1a: Vileplume
|
|upkeep
|turn|27
|
|t:|1661434383
|move|p2a: Suicune|Protect|p2a: Suicune
|-singleturn|p2a: Suicune|Protect
|move|p1a: Vileplume|Leech Seed|p2a: Suicune
|-activate|p2a: Suicune|move: Protect
|
|upkeep
|turn|28
|
|t:|1661434388
|switch|p2a: Persian|Persian-Alola, M|100/100
|move|p1a: Vileplume|Leech Seed|p2a: Persian
|-start|p2a: Persian|move: Leech Seed
|
|-damage|p2a: Persian|88/100|[from] Leech Seed|[of] p1a: Vileplume
|upkeep
|turn|29
|
|t:|1661434396
|switch|p1a: Tapu Fini|Tapu Fini|100/100
|-fieldstart|move: Misty Terrain|[from] ability: Misty Surge|[of] p1a: Tapu Fini
|move|p2a: Persian|Parting Shot|p1a: Tapu Fini
|-unboost|p1a: Tapu Fini|atk|1
|-unboost|p1a: Tapu Fini|spa|1
|
|t:|1661434400
|switch|p2a: Jirachi|Jirachi|20/100|[from]move: Parting Shot
|
|-heal|p2a: Jirachi|26/100|[from] item: Leftovers
|upkeep
|turn|30
|
|t:|1661434420
|switch|p2a: Suicune|Suicune|100/100
|-ability|p2a: Suicune|Pressure
|switch|p1a: I might die|Shedinja|100/100
|
|upkeep
|turn|31
|
|t:|1661434449
|move|p2a: Suicune|Substitute|p2a: Suicune
|-start|p2a: Suicune|Substitute
|-damage|p2a: Suicune|75/100
|move|p1a: I might die|Will-O-Wisp|p2a: Suicune|[miss]
|-miss|p1a: I might die|p2a: Suicune
|
|-heal|p2a: Suicune|82/100|[from] item: Leftovers
|upkeep
|turn|32
|
|t:|1661434465
|move|p2a: Suicune|Calm Mind|p2a: Suicune
|-boost|p2a: Suicune|spa|1
|-boost|p2a: Suicune|spd|1
|move|p1a: I might die|Poltergeist|p2a: Suicune
|-activate|p2a: Suicune|move: Poltergeist|Leftovers
|-end|p2a: Suicune|Substitute
|
|-heal|p2a: Suicune|88/100|[from] item: Leftovers
|upkeep
|turn|33
|
|t:|1661434469
|switch|p1a: Ditto|Ditto|51/100
|-transform|p1a: Ditto|p2a: Suicune|[from] ability: Imposter
|-ability|p1a: Ditto|Pressure
|move|p2a: Suicune|Substitute|p2a: Suicune
|-start|p2a: Suicune|Substitute
|-damage|p2a: Suicune|63/100
|
|-heal|p2a: Suicune|69/100|[from] item: Leftovers
|-fieldend|Misty Terrain
|upkeep
|turn|34
|
|t:|1661434478
|move|p1a: Ditto|Scald|p2a: Suicune
|-resisted|p2a: Suicune
|-activate|p2a: Suicune|move: Substitute|[damage]
|move|p2a: Suicune|Scald|p1a: Ditto
|-resisted|p1a: Ditto
|-damage|p1a: Ditto|39/100
|-status|p1a: Ditto|brn
|
|-heal|p2a: Suicune|75/100|[from] item: Leftovers
|-damage|p1a: Ditto|33/100 brn|[from] brn
|upkeep
|turn|35
|
|t:|1661434488
|move|p1a: Ditto|Scald|p2a: Suicune
|-resisted|p2a: Suicune
|-activate|p2a: Suicune|move: Substitute|[damage]
|move|p2a: Suicune|Scald|p1a: Ditto
|-resisted|p1a: Ditto
|-damage|p1a: Ditto|20/100 brn
|
|-heal|p2a: Suicune|81/100|[from] item: Leftovers
|-damage|p1a: Ditto|15/100 brn|[from] brn
|upkeep
|turn|36
|
|t:|1661434495
|switch|p1a: Vileplume|Vileplume, M|100/100
|move|p2a: Suicune|Scald|p1a: Vileplume
|-resisted|p1a: Vileplume
|-damage|p1a: Vileplume|80/100
|
|-heal|p2a: Suicune|88/100|[from] item: Leftovers
|upkeep
|turn|37
|
|t:|1661434501
|move|p2a: Suicune|Calm Mind|p2a: Suicune
|-boost|p2a: Suicune|spa|1
|-boost|p2a: Suicune|spd|1
|move|p1a: Vileplume|Giga Drain|p2a: Suicune
|-supereffective|p2a: Suicune
|-end|p2a: Suicune|Substitute
|-heal|p1a: Vileplume|84/100|[from] drain|[of] p2a: Suicune
|
|-heal|p2a: Suicune|94/100|[from] item: Leftovers
|upkeep
|turn|38
|
|t:|1661434511
|move|p2a: Suicune|Substitute|p2a: Suicune
|-start|p2a: Suicune|Substitute
|-damage|p2a: Suicune|69/100
|move|p1a: Vileplume|Giga Drain|p2a: Suicune
|-supereffective|p2a: Suicune
|-activate|p2a: Suicune|move: Substitute|[damage]
|-heal|p1a: Vileplume|97/100|[from] drain|[of] p2a: Suicune
|
|-heal|p2a: Suicune|75/100|[from] item: Leftovers
|upkeep
|turn|39
|
|t:|1661434514
|move|p2a: Suicune|Calm Mind|p2a: Suicune
|-boost|p2a: Suicune|spa|1
|-boost|p2a: Suicune|spd|1
|move|p1a: Vileplume|Giga Drain|p2a: Suicune
|-supereffective|p2a: Suicune
|-end|p2a: Suicune|Substitute
|-heal|p1a: Vileplume|98/100|[from] drain|[of] p2a: Suicune
|
|-heal|p2a: Suicune|81/100|[from] item: Leftovers
|upkeep
|turn|40
|
|t:|1661434558
|switch|p1a: Ditto|Ditto|15/100 brn
|-transform|p1a: Ditto|p2a: Suicune|[from] ability: Imposter
|-ability|p1a: Ditto|Pressure
|move|p2a: Suicune|Calm Mind|p2a: Suicune
|-boost|p2a: Suicune|spa|1
|-boost|p2a: Suicune|spd|1
|
|-heal|p2a: Suicune|87/100|[from] item: Leftovers
|-damage|p1a: Ditto|8/100 brn|[from] brn
|upkeep
|turn|41
|
|t:|1661434585
|switch|p1a: I might die|Shedinja|100/100
|move|p2a: Suicune|Protect||[still]
|-fail|p2a: Suicune
|
|-heal|p2a: Suicune|94/100|[from] item: Leftovers
|upkeep
|turn|42
|
|t:|1661434598
|move|p2a: Suicune|Substitute|p2a: Suicune
|-start|p2a: Suicune|Substitute
|-damage|p2a: Suicune|69/100
|move|p1a: I might die|X-Scissor|p2a: Suicune
|-activate|p2a: Suicune|move: Substitute|[damage]
|
|-heal|p2a: Suicune|75/100|[from] item: Leftovers
|upkeep
|turn|43
|
|t:|1661434630
|switch|p1a: Tapu Fini|Tapu Fini|100/100
|-fieldstart|move: Misty Terrain|[from] ability: Misty Surge|[of] p1a: Tapu Fini
|move|p2a: Suicune|Protect||[still]
|-fail|p2a: Suicune
|
|-heal|p2a: Suicune|81/100|[from] item: Leftovers
|upkeep
|turn|44
|
|t:|1661434643
|switch|p1a: Vileplume|Vileplume, M|98/100
|move|p2a: Suicune|Calm Mind|p2a: Suicune
|-boost|p2a: Suicune|spa|1
|-boost|p2a: Suicune|spd|1
|
|-heal|p2a: Suicune|87/100|[from] item: Leftovers
|upkeep
|turn|45
|
|t:|1661434653
|move|p2a: Suicune|Calm Mind|p2a: Suicune
|-boost|p2a: Suicune|spa|1
|-boost|p2a: Suicune|spd|1
|move|p1a: Vileplume|Giga Drain|p2a: Suicune
|-supereffective|p2a: Suicune
|-end|p2a: Suicune|Substitute
|-heal|p1a: Vileplume|98/100|[from] drain|[of] p2a: Suicune
|
|-heal|p2a: Suicune|93/100|[from] item: Leftovers
|upkeep
|turn|46
|
|t:|1661434662
|move|p2a: Suicune|Substitute|p2a: Suicune
|-start|p2a: Suicune|Substitute
|-damage|p2a: Suicune|68/100
|move|p1a: Vileplume|Giga Drain|p2a: Suicune
|-supereffective|p2a: Suicune
|-activate|p2a: Suicune|move: Substitute|[damage]
|-heal|p1a: Vileplume|100/100|[from] drain|[of] p2a: Suicune
|
|-heal|p2a: Suicune|75/100|[from] item: Leftovers
|upkeep
|turn|47
|
|t:|1661434664
|move|p2a: Suicune|Scald|p1a: Vileplume
|-resisted|p1a: Vileplume
|-damage|p1a: Vileplume|46/100
|move|p1a: Vileplume|Giga Drain|p2a: Suicune
|-supereffective|p2a: Suicune
|-activate|p2a: Suicune|move: Substitute|[damage]
|-heal|p1a: Vileplume|53/100|[from] drain|[of] p2a: Suicune
|
|-heal|p2a: Suicune|81/100|[from] item: Leftovers
|-fieldend|Misty Terrain
|upkeep
|turn|48
|
|t:|1661434680
|switch|p1a: I might die|Shedinja|100/100
|move|p2a: Suicune|Calm Mind|p2a: Suicune
|-boost|p2a: Suicune|spa|0
|-boost|p2a: Suicune|spd|0
|
|-heal|p2a: Suicune|87/100|[from] item: Leftovers
|upkeep
|turn|49
|
|t:|1661434694
|switch|p1a: Tapu Fini|Tapu Fini|100/100
|-fieldstart|move: Misty Terrain|[from] ability: Misty Surge|[of] p1a: Tapu Fini
|move|p2a: Suicune|Protect||[still]
|-fail|p2a: Suicune
|
|-heal|p2a: Suicune|93/100|[from] item: Leftovers
|upkeep
|turn|50
|
|t:|1661434696
|switch|p1a: I might die|Shedinja|100/100
|move|p2a: Suicune|Scald|p1a: I might die
|-immune|p1a: I might die|[from] ability: Wonder Guard
|
|-heal|p2a: Suicune|99/100|[from] item: Leftovers
|upkeep
|turn|51
|
|t:|1661434699
|switch|p1a: Tapu Fini|Tapu Fini|100/100
|move|p2a: Suicune|Calm Mind|p2a: Suicune
|-boost|p2a: Suicune|spa|0
|-boost|p2a: Suicune|spd|0
|
|-heal|p2a: Suicune|100/100|[from] item: Leftovers
|upkeep
|turn|52
|
|t:|1661434701
|switch|p1a: I might die|Shedinja|100/100
|move|p2a: Suicune|Calm Mind|p2a: Suicune
|-boost|p2a: Suicune|spa|0
|-boost|p2a: Suicune|spd|0
|
|upkeep
|turn|53
|
|t:|1661434713
|switch|p1a: Tapu Fini|Tapu Fini|100/100
|move|p2a: Suicune|Calm Mind|p2a: Suicune
|-boost|p2a: Suicune|spa|0
|-boost|p2a: Suicune|spd|0
|
|-fieldend|Misty Terrain
|upkeep
|turn|54
|
|t:|1661434717
|switch|p1a: I might die|Shedinja|100/100
|move|p2a: Suicune|Calm Mind|p2a: Suicune
|-boost|p2a: Suicune|spa|0
|-boost|p2a: Suicune|spd|0
|
|upkeep
|turn|55
|
|t:|1661434720
|switch|p1a: Tapu Fini|Tapu Fini|100/100
|-fieldstart|move: Misty Terrain|[from] ability: Misty Surge|[of] p1a: Tapu Fini
|move|p2a: Suicune|Scald|p1a: Tapu Fini
|-resisted|p1a: Tapu Fini
|-crit|p1a: Tapu Fini
|-damage|p1a: Tapu Fini|49/100
|
|upkeep
|turn|56
|
|t:|1661434725
|switch|p1a: I might die|Shedinja|100/100
|move|p2a: Suicune|Calm Mind|p2a: Suicune
|-boost|p2a: Suicune|spa|0
|-boost|p2a: Suicune|spd|0
|
|upkeep
|turn|57
|
|t:|1661434731
|move|p2a: Suicune|Protect|p2a: Suicune
|-singleturn|p2a: Suicune|Protect
|move|p1a: I might die|X-Scissor|p2a: Suicune
|-activate|p2a: Suicune|move: Protect
|
|upkeep
|turn|58
|
|t:|1661434736
|move|p2a: Suicune|Scald|p1a: I might die
|-immune|p1a: I might die|[from] ability: Wonder Guard
|move|p1a: I might die|Will-O-Wisp||[still]
|-fail|p1a: I might die
|
|upkeep
|turn|59
|
|t:|1661434740
|move|p1a: I might die|Shadow Sneak|p2a: Suicune
|-end|p2a: Suicune|Substitute
|move|p2a: Suicune|Calm Mind|p2a: Suicune
|-boost|p2a: Suicune|spa|0
|-boost|p2a: Suicune|spd|0
|
|-fieldend|Misty Terrain
|upkeep
|turn|60
|
|t:|1661434745
|switch|p1a: Tapu Fini|Tapu Fini|49/100
|-fieldstart|move: Misty Terrain|[from] ability: Misty Surge|[of] p1a: Tapu Fini
|move|p2a: Suicune|Substitute|p2a: Suicune
|-start|p2a: Suicune|Substitute
|-damage|p2a: Suicune|75/100
|
|-heal|p2a: Suicune|82/100|[from] item: Leftovers
|upkeep
|turn|61
|
|t:|1661434750
|switch|p1a: I might die|Shedinja|100/100
|move|p2a: Suicune|Scald|p1a: I might die
|-immune|p1a: I might die|[from] ability: Wonder Guard
|
|-heal|p2a: Suicune|88/100|[from] item: Leftovers
|upkeep
|turn|62
|
|t:|1661434762
|move|p2a: Suicune|Scald|p1a: I might die
|-immune|p1a: I might die|[from] ability: Wonder Guard
|move|p1a: I might die|Will-O-Wisp||[still]
|-fail|p1a: I might die
|
|-heal|p2a: Suicune|94/100|[from] item: Leftovers
|upkeep
|turn|63
|
|t:|1661434765
|move|p2a: Suicune|Scald|p1a: I might die
|-immune|p1a: I might die|[from] ability: Wonder Guard
|move|p1a: I might die|Will-O-Wisp||[still]
|-fail|p1a: I might die
|
|-heal|p2a: Suicune|99/100|[from] item: Leftovers
|upkeep
|turn|64
|
|t:|1661434770
|move|p2a: Suicune|Calm Mind|p2a: Suicune
|-boost|p2a: Suicune|spa|0
|-boost|p2a: Suicune|spd|0
|move|p1a: I might die|Will-O-Wisp||[still]
|-fail|p1a: I might die
|
|-heal|p2a: Suicune|100/100|[from] item: Leftovers
|-fieldend|Misty Terrain
|upkeep
|turn|65
|
|t:|1661434772
|switch|p1a: Tapu Fini|Tapu Fini|49/100
|-fieldstart|move: Misty Terrain|[from] ability: Misty Surge|[of] p1a: Tapu Fini
|move|p2a: Suicune|Calm Mind|p2a: Suicune
|-boost|p2a: Suicune|spa|0
|-boost|p2a: Suicune|spd|0
|
|upkeep
|turn|66
|
|t:|1661434779
|switch|p1a: I might die|Shedinja|100/100
|move|p2a: Suicune|Calm Mind|p2a: Suicune
|-boost|p2a: Suicune|spa|0
|-boost|p2a: Suicune|spd|0
|
|upkeep
|turn|67
|
|t:|1661434783
|move|p2a: Suicune|Calm Mind|p2a: Suicune
|-boost|p2a: Suicune|spa|0
|-boost|p2a: Suicune|spd|0
|move|p1a: I might die|Will-O-Wisp||[still]
|-fail|p1a: I might die
|
|upkeep
|turn|68
|
|t:|1661434785
|move|p2a: Suicune|Calm Mind|p2a: Suicune
|-boost|p2a: Suicune|spa|0
|-boost|p2a: Suicune|spd|0
|move|p1a: I might die|Will-O-Wisp||[still]
|-fail|p1a: I might die
|
|upkeep
|turn|69
|
|t:|1661434793
|switch|p1a: Tapu Fini|Tapu Fini|49/100
|move|p2a: Suicune|Scald|p1a: Tapu Fini
|-resisted|p1a: Tapu Fini
|-damage|p1a: Tapu Fini|10/100
|
|-fieldend|Misty Terrain
|upkeep
|turn|70
|
|t:|1661434797
|move|p1a: Tapu Fini|Draining Kiss|p2a: Suicune
|-activate|p2a: Suicune|move: Substitute|[damage]
|-heal|p1a: Tapu Fini|13/100|[from] drain|[of] p2a: Suicune
|move|p2a: Suicune|Calm Mind|p2a: Suicune
|-boost|p2a: Suicune|spa|0
|-boost|p2a: Suicune|spd|0
|
|upkeep
|turn|71
|
|t:|1661434802
|switch|p1a: I might die|Shedinja|100/100
|move|p2a: Suicune|Calm Mind|p2a: Suicune
|-boost|p2a: Suicune|spa|0
|-boost|p2a: Suicune|spd|0
|
|upkeep
|turn|72
|
|t:|1661434812
|move|p2a: Suicune|Protect|p2a: Suicune
|-singleturn|p2a: Suicune|Protect
|move|p1a: I might die|X-Scissor|p2a: Suicune
|-activate|p2a: Suicune|move: Protect
|
|upkeep
|turn|73
|
|t:|1661434816
|move|p2a: Suicune|Calm Mind|p2a: Suicune
|-boost|p2a: Suicune|spa|0
|-boost|p2a: Suicune|spd|0
|move|p1a: I might die|Will-O-Wisp|p2a: Suicune|[miss]
|-miss|p1a: I might die|p2a: Suicune
|
|upkeep
|turn|74
|
|t:|1661434821
|move|p2a: Suicune|Calm Mind|p2a: Suicune
|-boost|p2a: Suicune|spa|0
|-boost|p2a: Suicune|spd|0
|move|p1a: I might die|X-Scissor|p2a: Suicune
|-end|p2a: Suicune|Substitute
|
|upkeep
|turn|75
|
|t:|1661434834
|switch|p1a: Tapu Fini|Tapu Fini|13/100
|-fieldstart|move: Misty Terrain|[from] ability: Misty Surge|[of] p1a: Tapu Fini
|move|p2a: Suicune|Substitute|p2a: Suicune
|-start|p2a: Suicune|Substitute
|-damage|p2a: Suicune|75/100
|
|-heal|p2a: Suicune|82/100|[from] item: Leftovers
|upkeep
|turn|76
|
|t:|1661434839
|switch|p1a: I might die|Shedinja|100/100
|move|p2a: Suicune|Scald|p1a: I might die
|-immune|p1a: I might die|[from] ability: Wonder Guard
|
|-heal|p2a: Suicune|88/100|[from] item: Leftovers
|upkeep
|turn|77
|
|t:|1661434846
|switch|p1a: Tapu Fini|Tapu Fini|13/100
|move|p2a: Suicune|Protect||[still]
|-fail|p2a: Suicune
|
|-heal|p2a: Suicune|94/100|[from] item: Leftovers
|upkeep
|turn|78
|
|t:|1661434852
|switch|p1a: I might die|Shedinja|100/100
|move|p2a: Suicune|Scald|p1a: I might die
|-immune|p1a: I might die|[from] ability: Wonder Guard
|
|-heal|p2a: Suicune|99/100|[from] item: Leftovers
|upkeep
|turn|79
|
|t:|1661434860
|move|p2a: Suicune|Protect|p2a: Suicune
|-singleturn|p2a: Suicune|Protect
|move|p1a: I might die|X-Scissor|p2a: Suicune
|-activate|p2a: Suicune|move: Protect
|
|-heal|p2a: Suicune|100/100|[from] item: Leftovers
|-fieldend|Misty Terrain
|upkeep
|turn|80
|
|t:|1661434866
|switch|p1a: Tapu Fini|Tapu Fini|13/100
|-fieldstart|move: Misty Terrain|[from] ability: Misty Surge|[of] p1a: Tapu Fini
|move|p2a: Suicune|Scald|p1a: Tapu Fini
|-resisted|p1a: Tapu Fini
|-damage|p1a: Tapu Fini|0 fnt
|faint|p1a: Tapu Fini
|
|upkeep
|
|t:|1661434869
|switch|p1a: I might die|Shedinja|100/100
|turn|81
|
|t:|1661434878
|move|p2a: Suicune|Calm Mind|p2a: Suicune
|-boost|p2a: Suicune|spa|0
|-boost|p2a: Suicune|spd|0
|move|p1a: I might die|X-Scissor|p2a: Suicune
|-end|p2a: Suicune|Substitute
|
|upkeep
|turn|82
|
|t:|1661434888
|move|p2a: Suicune|Scald|p1a: I might die
|-immune|p1a: I might die|[from] ability: Wonder Guard
|move|p1a: I might die|X-Scissor|p2a: Suicune
|-damage|p2a: Suicune|76/100
|
|-heal|p2a: Suicune|82/100|[from] item: Leftovers
|upkeep
|turn|83
|
|t:|1661434901
|move|p2a: Suicune|Protect|p2a: Suicune
|-singleturn|p2a: Suicune|Protect
|move|p1a: I might die|X-Scissor|p2a: Suicune
|-activate|p2a: Suicune|move: Protect
|
|-heal|p2a: Suicune|88/100|[from] item: Leftovers
|upkeep
|turn|84
|
|t:|1661434906
|switch|p1a: Vileplume|Vileplume, M|53/100
|move|p2a: Suicune|Substitute|p2a: Suicune
|-start|p2a: Suicune|Substitute
|-damage|p2a: Suicune|63/100
|
|-heal|p2a: Suicune|69/100|[from] item: Leftovers
|-fieldend|Misty Terrain
|upkeep
|turn|85
|
|t:|1661434914
|switch|p1a: I might die|Shedinja|100/100
|move|p2a: Suicune|Protect||[still]
|-fail|p2a: Suicune
|
|-heal|p2a: Suicune|75/100|[from] item: Leftovers
|upkeep
|turn|86
|
|t:|1661434925
|move|p1a: I might die|Shadow Sneak|p2a: Suicune
|-activate|p2a: Suicune|move: Substitute|[damage]
|move|p2a: Suicune|Calm Mind|p2a: Suicune
|-boost|p2a: Suicune|spa|0
|-boost|p2a: Suicune|spd|0
|
|-heal|p2a: Suicune|82/100|[from] item: Leftovers
|upkeep
|turn|87
|
|t:|1661434933
|move|p1a: I might die|Shadow Sneak|p2a: Suicune
|-end|p2a: Suicune|Substitute
|move|p2a: Suicune|Scald|p1a: I might die
|-immune|p1a: I might die|[from] ability: Wonder Guard
|
|-heal|p2a: Suicune|88/100|[from] item: Leftovers
|upkeep
|turn|88
|
|t:|1661434939
|switch|p2a: Garchomp|Garchomp, M|30/100
|switch|p1a: Vileplume|Vileplume, M|53/100
|
|upkeep
|turn|89
|
|t:|1661434946
|switch|p2a: Weezing|Weezing-Galar, F|95/100 brn
|move|p1a: Vileplume|Giga Drain|p2a: Weezing
|-resisted|p2a: Weezing
|-damage|p2a: Weezing|76/100 brn
|-heal|p1a: Vileplume|62/100|[from] drain|[of] p2a: Weezing
|
|-heal|p2a: Weezing|82/100 brn|[from] item: Black Sludge
|-damage|p2a: Weezing|76/100 brn|[from] brn
|upkeep
|turn|90
|
|t:|1661434953
|switch|p1a: Moltres|Moltres|100/100
|switch|p2a: Persian|Persian-Alola, M|88/100
|
|upkeep
|turn|91
|
|t:|1661434964
|switch|p1a: Ditto|Ditto|8/100 brn
|-transform|p1a: Ditto|p2a: Persian|[from] ability: Imposter
|move|p2a: Persian|Switcheroo|p1a: Ditto
|-activate|p2a: Persian|move: Trick|[of] p1a: Ditto
|-item|p1a: Ditto|Choice Scarf|[from] move: Switcheroo
|-item|p2a: Persian|Choice Scarf|[from] move: Switcheroo
|
|-damage|p1a: Ditto|2/100 brn|[from] brn
|upkeep
|turn|92
|
|t:|1661434986
|switch|p2a: Weezing|Weezing-Galar, F|76/100 brn
|move|p1a: Ditto|Parting Shot|p2a: Weezing
|-unboost|p2a: Weezing|atk|1
|-unboost|p2a: Weezing|spa|1
|
|t:|1661434992
|switch|p1a: Zygarde|Zygarde-10%|100/100|[from]move: Parting Shot
|-ability|p1a: Zygarde|Aura Break
|
|-heal|p2a: Weezing|82/100 brn|[from] item: Black Sludge
|-damage|p2a: Weezing|76/100 brn|[from] brn
|upkeep
|turn|93
|
|t:|1661434996
|switch|p2a: Persian|Persian-Alola, M|88/100
|move|p1a: Zygarde|Thousand Arrows|p2a: Persian
|-damage|p2a: Persian|60/100
|
|upkeep
|turn|94
|
|t:|1661435010
|switch|p1a: Ditto|Ditto|2/100 brn
|-transform|p1a: Ditto|p2a: Persian|[from] ability: Imposter
|move|p2a: Persian|Foul Play|p1a: Ditto
|-resisted|p1a: Ditto
|-damage|p1a: Ditto|0 fnt
|faint|p1a: Ditto
|
|upkeep
|
|t:|1661435020
|switch|p1a: Vileplume|Vileplume, M|62/100
|turn|95
|
|t:|1661435025
|switch|p2a: Weezing|Weezing-Galar, F|76/100 brn
|move|p1a: Vileplume|Sludge Wave|p2a: Weezing
|-damage|p2a: Weezing|29/100 brn
|
|-heal|p2a: Weezing|35/100 brn|[from] item: Black Sludge
|-damage|p2a: Weezing|29/100 brn|[from] brn
|upkeep
|turn|96
|
|t:|1661435029
|switch|p2a: Jirachi|Jirachi|26/100
|move|p1a: Vileplume|Sludge Wave|p2a: Jirachi
|-immune|p2a: Jirachi
|
|-heal|p2a: Jirachi|32/100|[from] item: Leftovers
|upkeep
|turn|97
|
|t:|1661435038
|switch|p1a: Zygarde|Zygarde-10%|100/100
|-ability|p1a: Zygarde|Aura Break
|move|p2a: Jirachi|U-turn|p1a: Zygarde
|-damage|p1a: Zygarde|62/100
|
|t:|1661435042
|switch|p2a: Persian|Persian-Alola, M|60/100|[from]move: U-turn
|
|upkeep
|turn|98
|
|t:|1661435056
|switch|p1a: Vileplume|Vileplume, M|62/100
|move|p2a: Persian|Parting Shot|p1a: Vileplume
|-unboost|p1a: Vileplume|atk|1
|-unboost|p1a: Vileplume|spa|1
|
|t:|1661435059
|switch|p2a: Jirachi|Jirachi|32/100|[from]move: Parting Shot
|
|-heal|p2a: Jirachi|38/100|[from] item: Leftovers
|upkeep
|turn|99
|
|t:|1661435065
|move|p2a: Jirachi|U-turn|p1a: Vileplume
|-crit|p1a: Vileplume
|-damage|p1a: Vileplume|38/100
|
|t:|1661435070
|switch|p2a: Weezing|Weezing-Galar, F|29/100 brn|[from]move: U-turn
|move|p1a: Vileplume|Leech Seed|p2a: Weezing
|-start|p2a: Weezing|move: Leech Seed
|
|-heal|p2a: Weezing|35/100 brn|[from] item: Black Sludge
|-damage|p2a: Weezing|22/100 brn|[from] Leech Seed|[of] p1a: Vileplume
|-heal|p1a: Vileplume|49/100|[silent]
|-damage|p2a: Weezing|16/100 brn|[from] brn
|upkeep
|turn|100
|
|t:|1661435077
|move|p1a: Vileplume|Leech Seed||[still]
|-fail|p1a: Vileplume
|move|p2a: Weezing|Pain Split|p1a: Vileplume
|-sethp|p1a: Vileplume|32/100|[from] move: Pain Split|[silent]
|-sethp|p2a: Weezing|34/100 brn|[from] move: Pain Split
|
|-heal|p2a: Weezing|40/100 brn|[from] item: Black Sludge
|-damage|p2a: Weezing|28/100 brn|[from] Leech Seed|[of] p1a: Vileplume
|-heal|p1a: Vileplume|44/100|[silent]
|-damage|p2a: Weezing|22/100 brn|[from] brn
|upkeep
|turn|101
|
|t:|1661435088
|switch|p1a: Moltres|Moltres|100/100
|move|p2a: Weezing|Will-O-Wisp|p1a: Moltres
|-immune|p1a: Moltres
|
|-heal|p2a: Weezing|28/100 brn|[from] item: Black Sludge
|-damage|p2a: Weezing|16/100 brn|[from] Leech Seed|[of] p1a: Moltres
|-damage|p2a: Weezing|10/100 brn|[from] brn
|upkeep
|turn|102
|
|t:|1661435099
|switch|p2a: Suicune|Suicune|88/100
|-ability|p2a: Suicune|Pressure
|move|p1a: Moltres|Hurricane|p2a: Suicune
|-damage|p2a: Suicune|46/100
|
|-heal|p2a: Suicune|52/100|[from] item: Leftovers
|upkeep
|turn|103
|
|t:|1661435107
|move|p2a: Suicune|Protect|p2a: Suicune
|-singleturn|p2a: Suicune|Protect
|move|p1a: Moltres|Hurricane|p2a: Suicune
|-activate|p2a: Suicune|move: Protect
|
|-heal|p2a: Suicune|58/100|[from] item: Leftovers
|upkeep
|turn|104
|
|t:|1661435114
|move|p2a: Suicune|Calm Mind|p2a: Suicune
|-boost|p2a: Suicune|spa|1
|-boost|p2a: Suicune|spd|1
|move|p1a: Moltres|Hurricane|p2a: Suicune
|-damage|p2a: Suicune|28/100
|
|-heal|p2a: Suicune|34/100|[from] item: Leftovers
|upkeep
|turn|105
|
|t:|1661435122
|move|p2a: Suicune|Scald|p1a: Moltres
|-supereffective|p1a: Moltres
|-damage|p1a: Moltres|28/100
|move|p1a: Moltres|Burn Up|p2a: Suicune
|-resisted|p2a: Suicune
|-damage|p2a: Suicune|16/100
|-start|p1a: Moltres|typechange|???/Flying|[from] move: Burn Up
|
|-heal|p2a: Suicune|22/100|[from] item: Leftovers
|upkeep
|turn|106
|
|t:|1661435140
|switch|p1a: I might die|Shedinja|100/100
|move|p2a: Suicune|Scald|p1a: I might die
|-immune|p1a: I might die|[from] ability: Wonder Guard
|
|-heal|p2a: Suicune|28/100|[from] item: Leftovers
|upkeep
|turn|107
|
|t:|1661435147
|move|p2a: Suicune|Protect|p2a: Suicune
|-singleturn|p2a: Suicune|Protect
|move|p1a: I might die|Will-O-Wisp|p2a: Suicune
|-activate|p2a: Suicune|move: Protect
|
|-heal|p2a: Suicune|35/100|[from] item: Leftovers
|upkeep
|turn|108
|
|t:|1661435160
|switch|p2a: Garchomp|Garchomp, M|30/100
|move|p1a: I might die|Shadow Sneak|p2a: Garchomp
|-damage|p2a: Garchomp|16/100
|-damage|p1a: I might die|0 fnt|[from] ability: Rough Skin|[of] p2a: Garchomp
|faint|p1a: I might die
|
|upkeep
|
|t:|1661435162
|switch|p1a: Zygarde|Zygarde-10%|62/100
|-ability|p1a: Zygarde|Aura Break
|turn|109
|
|t:|1661435171
|switch|p2a: Weezing|Weezing-Galar, F|10/100 brn
|move|p1a: Zygarde|Thousand Arrows|p2a: Weezing
|-supereffective|p2a: Weezing
|-damage|p2a: Weezing|0 fnt
|faint|p2a: Weezing
|
|upkeep
|
|t:|1661435172
|switch|p2a: Persian|Persian-Alola, M|60/100
|turn|110
|
|t:|1661435176
|switch|p1a: Vileplume|Vileplume, M|44/100
|move|p2a: Persian|Foul Play|p1a: Vileplume
|-damage|p1a: Vileplume|26/100
|-status|p2a: Persian|par|[from] ability: Effect Spore|[of] p1a: Vileplume
|
|upkeep
|turn|111
|
|t:|1661435182
|switch|p2a: Jirachi|Jirachi|38/100
|move|p1a: Vileplume|Leech Seed|p2a: Jirachi
|-start|p2a: Jirachi|move: Leech Seed
|
|-heal|p2a: Jirachi|44/100|[from] item: Leftovers
|-damage|p2a: Jirachi|32/100|[from] Leech Seed|[of] p1a: Vileplume
|-heal|p1a: Vileplume|38/100|[silent]
|upkeep
|turn|112
|
|t:|1661435196
|switch|p1a: Moltres|Moltres|28/100
|move|p2a: Jirachi|Healing Wish|p2a: Jirachi
|faint|p2a: Jirachi
|
|upkeep
|
|t:|1661435217
|switch|p2a: Persian|Persian-Alola, M|60/100 par
|-heal|p2a: Persian|100/100|[from] move: Healing Wish
|turn|113
|
|t:|1661435222
|move|p2a: Persian|Parting Shot|p1a: Moltres
|-unboost|p1a: Moltres|atk|1
|-unboost|p1a: Moltres|spa|1
|
|t:|1661435228
|switch|p2a: Suicune|Suicune|35/100|[from]move: Parting Shot
|-ability|p2a: Suicune|Pressure
|move|p1a: Moltres|Burn Up|p2a: Suicune
|-resisted|p2a: Suicune
|-crit|p2a: Suicune
|-damage|p2a: Suicune|0 fnt
|-start|p1a: Moltres|typechange|???/Flying|[from] move: Burn Up
|faint|p2a: Suicune
|
|upkeep
|c|☆Wheezer|bruh
|
|t:|1661435235
|switch|p2a: Garchomp|Garchomp, M|16/100
|turn|114
|
|t:|1661435238
|move|p2a: Garchomp|Whirlpool|p1a: Moltres
|-damage|p1a: Moltres|21/100
|-activate|p1a: Moltres|move: Whirlpool|[of] p2a: Garchomp
|move|p1a: Moltres|Scorching Sands|p2a: Garchomp
|-damage|p2a: Garchomp|0 fnt
|faint|p2a: Garchomp
|
|-end|p1a: Moltres|Whirlpool|[partiallytrapped]|[silent]
|upkeep
|
|t:|1661435241
|switch|p2a: Persian|Persian-Alola, M|100/100
|turn|115
|
|t:|1661435245
|move|p2a: Persian|Foul Play|p1a: Moltres
|-damage|p1a: Moltres|5/100
|-status|p2a: Persian|brn|[from] ability: Flame Body|[of] p1a: Moltres
|move|p1a: Moltres|Roost|p1a: Moltres
|-heal|p1a: Moltres|55/100
|-singleturn|p1a: Moltres|move: Roost
|
|-damage|p2a: Persian|95/100 brn|[from] brn
|upkeep
|turn|116
|-message|Wheezer forfeited.
|
|win|Yrrol
|raw|Yrrol's rating: 1569 &rarr; <strong>1589</strong><br />(+20 for winning)
|raw|Wheezer's rating: 1562 &rarr; <strong>1542</strong><br />(-20 for losing)
|l|☆Wheezer
|l| qq3039
||Ladder isn't responding, score probably updated but might not have (Request timeout).
