|j|☆IMSOMALD
|j|☆uguybuh
|t:|1637881663
|gametype|singles
|player|p1|IMSOMALD|n|1594
|player|p2|uguybuh|pokemonrangerf|1679
|teamsize|p1|6
|teamsize|p2|6
|gen|8
|tier|[Gen 8] OU
|rated|
|rule|Sleep Clause Mod: Limit one foe put to sleep
|rule|Species Clause: Limit one of each Pokémon
|rule|OHKO Clause: OHKO moves are banned
|rule|Evasion Moves Clause: Evasion moves are banned
|rule|Endless Battle Clause: Forcing endless battles is banned
|rule|HP Percentage Mod: HP is shown in percentages
|rule|Dynamax Clause: You cannot dynamax
|clearpoke
|poke|p1|Zapdos-Galar|
|poke|p1|Dragapult, M|
|poke|p1|Volcarona, M|
|poke|p1|Garchomp, M|
|poke|p1|Ferrothorn, F|
|poke|p1|Tapu Fini|
|poke|p2|Pelipper, M|
|poke|p2|Barraskewda, M|
|poke|p2|Regieleki|
|poke|p2|Tapu Lele|
|poke|p2|Landorus-Therian, M|
|poke|p2|Ferrothorn, M|
|teampreview
|inactive|Battle timer is ON: inactive players will automatically lose when time's up. (requested by uguybuh)
|
|t:|1637881690
|start
|switch|p1a: Dragapult|Dragapult, M|100/100
|switch|p2a: Tapu Lele|Tapu Lele|100/100
|-fieldstart|move: Psychic Terrain|[from] ability: Psychic Surge|[of] p2a: Tapu Lele
|turn|1
|
|t:|1637881703
|switch|p1a: Ferrothorn|Ferrothorn, F|100/100
|move|p2a: Tapu Lele|Moonblast|p1a: Ferrothorn
|-resisted|p1a: Ferrothorn
|-damage|p1a: Ferrothorn|82/100
|
|-heal|p1a: Ferrothorn|88/100|[from] item: Leftovers
|upkeep
|turn|2
|
|t:|1637881717
|switch|p2a: Landorus|Landorus-Therian, M|100/100
|-ability|p2a: Landorus|Intimidate|boost
|-unboost|p1a: Ferrothorn|atk|1
|move|p1a: Ferrothorn|Knock Off|p2a: Landorus
|-damage|p2a: Landorus|89/100
|-enditem|p2a: Landorus|Leftovers|[from] move: Knock Off|[of] p1a: Ferrothorn
|
|-heal|p1a: Ferrothorn|95/100|[from] item: Leftovers
|upkeep
|turn|3
|
|t:|1637881741
|switch|p1a: Zapdos|Zapdos-Galar|100/100
|move|p2a: Landorus|Stealth Rock|p1a: Zapdos
|-sidestart|p1: IMSOMALD|move: Stealth Rock
|
|upkeep
|turn|4
|
|t:|1637881755
|move|p1a: Zapdos|Brave Bird|p2a: Landorus
|-damage|p2a: Landorus|11/100
|-damage|p1a: Zapdos|70/100|[from] Recoil
|move|p2a: Landorus|U-turn|p1a: Zapdos
|-resisted|p1a: Zapdos
|-damage|p1a: Zapdos|63/100
|j| Stop Smiles
|inactive|uguybuh has 120 seconds left.
|
|t:|1637881796
|switch|p2a: Barraskewda|Barraskewda, M|100/100|[from]move: U-turn
|
|upkeep
|turn|5
|
|t:|1637881814
|switch|p1a: Tapu Fini|Tapu Fini|100/100
|-damage|p1a: Tapu Fini|88/100|[from] Stealth Rock
|-fieldstart|move: Misty Terrain|[from] ability: Misty Surge|[of] p1a: Tapu Fini
|move|p2a: Barraskewda|Flip Turn|p1a: Tapu Fini
|-resisted|p1a: Tapu Fini
|-damage|p1a: Tapu Fini|65/100
|j| deju veus
|
|t:|1637881819
|switch|p2a: Pelipper|Pelipper, M|100/100|[from]move: Flip Turn
|-weather|RainDance|[from] ability: Drizzle|[of] p2a: Pelipper
|
|-weather|RainDance|[upkeep]
|-heal|p1a: Tapu Fini|71/100|[from] item: Leftovers
|upkeep
|turn|6
|
|t:|1637881838
|move|p1a: Tapu Fini|Defog|p2a: Pelipper
|-unboost|p2a: Pelipper|evasion|1
|-sideend|p1: IMSOMALD|Stealth Rock|[from] move: Defog|[of] p1a: Tapu Fini
|-fieldend|Misty Terrain
|move|p2a: Pelipper|Hurricane|p1a: Tapu Fini
|-damage|p1a: Tapu Fini|18/100
|
|-weather|RainDance|[upkeep]
|-heal|p1a: Tapu Fini|24/100|[from] item: Leftovers
|upkeep
|turn|7
|
|t:|1637881855
|move|p1a: Tapu Fini|Knock Off|p2a: Pelipper
|-damage|p2a: Pelipper|80/100
|-enditem|p2a: Pelipper|Choice Specs|[from] move: Knock Off|[of] p1a: Tapu Fini
|move|p2a: Pelipper|Hurricane|p1a: Tapu Fini
|-damage|p1a: Tapu Fini|0 fnt
|faint|p1a: Tapu Fini
|
|-weather|RainDance|[upkeep]
|upkeep
|
|t:|1637881861
|switch|p1a: Dragapult|Dragapult, M|100/100
|turn|8
|
|t:|1637881870
|switch|p2a: Ferrothorn|Ferrothorn, M|100/100
|move|p1a: Dragapult|Shadow Ball|p2a: Ferrothorn
|-damage|p2a: Ferrothorn|69/100
|
|-weather|RainDance|[upkeep]
|-heal|p2a: Ferrothorn|75/100|[from] item: Leftovers
|upkeep
|turn|9
|inactive|IMSOMALD has 120 seconds left.
|
|t:|1637881923
|switch|p1a: Garchomp|Garchomp, M|100/100
|move|p2a: Ferrothorn|Knock Off|p1a: Garchomp
|-damage|p1a: Garchomp|88/100
|-damage|p2a: Ferrothorn|62/100|[from] ability: Rough Skin|[of] p1a: Garchomp
|-damage|p2a: Ferrothorn|46/100|[from] item: Rocky Helmet|[of] p1a: Garchomp
|-enditem|p1a: Garchomp|Rocky Helmet|[from] move: Knock Off|[of] p2a: Ferrothorn
|
|-weather|none
|-heal|p2a: Ferrothorn|52/100|[from] item: Leftovers
|upkeep
|turn|10
|inactive|uguybuh has 120 seconds left.
|l| Stop Smiles
|
|t:|1637881968
|switch|p2a: Pelipper|Pelipper, M|80/100
|-weather|RainDance|[from] ability: Drizzle|[of] p2a: Pelipper
|move|p1a: Garchomp|Stealth Rock|p2a: Pelipper
|-sidestart|p2: uguybuh|move: Stealth Rock
|
|-weather|RainDance|[upkeep]
|upkeep
|turn|11
|
|t:|1637881991
|switch|p1a: Zapdos|Zapdos-Galar|63/100
|move|p2a: Pelipper|U-turn|p1a: Zapdos
|-resisted|p1a: Zapdos
|-damage|p1a: Zapdos|61/100
|
|t:|1637881999
|switch|p2a: Barraskewda|Barraskewda, M|100/100|[from]move: U-turn
|-damage|p2a: Barraskewda|88/100|[from] Stealth Rock
|
|-weather|RainDance|[upkeep]
|upkeep
|turn|12
|inactive|uguybuh has 90 seconds left.
|
|t:|1637882022
|switch|p1a: Garchomp|Garchomp, M|88/100
|move|p2a: Barraskewda|Flip Turn|p1a: Garchomp
|-damage|p1a: Garchomp|39/100
|-damage|p2a: Barraskewda|76/100|[from] ability: Rough Skin|[of] p1a: Garchomp
|
|t:|1637882029
|switch|p2a: Tapu Lele|Tapu Lele|100/100|[from]move: Flip Turn
|-damage|p2a: Tapu Lele|88/100|[from] Stealth Rock
|-fieldstart|move: Psychic Terrain|[from] ability: Psychic Surge|[of] p2a: Tapu Lele
|
|-weather|RainDance|[upkeep]
|upkeep
|turn|13
|inactive|uguybuh has 90 seconds left.
|
|t:|1637882040
|switch|p1a: Ferrothorn|Ferrothorn, F|95/100
|move|p2a: Tapu Lele|Future Sight|p1a: Ferrothorn
|-start|p2a: Tapu Lele|move: Future Sight
|
|-weather|RainDance|[upkeep]
|-heal|p1a: Ferrothorn|100/100|[from] item: Leftovers
|upkeep
|turn|14
|
|t:|1637882053
|switch|p2a: Regieleki|Regieleki|100/100
|move|p1a: Ferrothorn|Gyro Ball|p2a: Regieleki
|-resisted|p2a: Regieleki
|-damage|p2a: Regieleki|57/100
|
|-weather|none
|upkeep
|turn|15
|
|t:|1637882067
|move|p2a: Regieleki|Rapid Spin|p1a: Ferrothorn
|-resisted|p1a: Ferrothorn
|-damage|p1a: Ferrothorn|97/100
|-boost|p2a: Regieleki|spe|1
|-damage|p2a: Regieleki|44/100|[from] ability: Iron Barbs|[of] p1a: Ferrothorn
|-sideend|p2: uguybuh|Stealth Rock|[from] move: Rapid Spin|[of] p2a: Regieleki
|move|p1a: Ferrothorn|Knock Off|p2a: Regieleki
|-damage|p2a: Regieleki|5/100
|-enditem|p2a: Regieleki|Heavy-Duty Boots|[from] move: Knock Off|[of] p1a: Ferrothorn
|
|-end|p1a: Ferrothorn|move: Future Sight
|-resisted|p1a: Ferrothorn
|-damage|p1a: Ferrothorn|65/100
|-heal|p1a: Ferrothorn|72/100|[from] item: Leftovers
|upkeep
|turn|16
|
|t:|1637882074
|switch|p2a: Pelipper|Pelipper, M|80/100
|-weather|RainDance|[from] ability: Drizzle|[of] p2a: Pelipper
|switch|p1a: Garchomp|Garchomp, M|39/100
|
|-weather|RainDance|[upkeep]
|-fieldend|move: Psychic Terrain
|upkeep
|turn|17
|
|t:|1637882082
|move|p1a: Garchomp|Stealth Rock|p2a: Pelipper
|-sidestart|p2: uguybuh|move: Stealth Rock
|move|p2a: Pelipper|Hurricane|p1a: Garchomp
|-damage|p1a: Garchomp|0 fnt
|faint|p1a: Garchomp
|
|-weather|RainDance|[upkeep]
|upkeep
|
|t:|1637882089
|switch|p1a: Dragapult|Dragapult, M|100/100
|turn|18
|
|t:|1637882099
|switch|p2a: Landorus|Landorus-Therian, M|11/100
|-damage|p2a: Landorus|0 fnt|[from] Stealth Rock
|faint|p2a: Landorus
|move|p1a: Dragapult|Shadow Ball|p2: Landorus|[notarget]
|-fail|p1a: Dragapult
|
|-weather|RainDance|[upkeep]
|upkeep
|
|t:|1637882106
|switch|p2a: Barraskewda|Barraskewda, M|76/100
|-damage|p2a: Barraskewda|64/100|[from] Stealth Rock
|turn|19
|
|t:|1637882118
|switch|p1a: Zapdos|Zapdos-Galar|61/100
|move|p2a: Barraskewda|Close Combat|p1a: Zapdos
|-resisted|p1a: Zapdos
|-damage|p1a: Zapdos|24/100
|-unboost|p2a: Barraskewda|def|1
|-unboost|p2a: Barraskewda|spd|1
|
|-weather|RainDance|[upkeep]
|upkeep
|turn|20
|
|t:|1637882131
|switch|p1a: Dragapult|Dragapult, M|100/100
|move|p2a: Barraskewda|Close Combat|p1a: Dragapult
|-immune|p1a: Dragapult
|
|-weather|none
|upkeep
|turn|21
|
|t:|1637882136
|switch|p2a: Ferrothorn|Ferrothorn, M|52/100
|-damage|p2a: Ferrothorn|46/100|[from] Stealth Rock
|move|p1a: Dragapult|Shadow Ball|p2a: Ferrothorn
|-damage|p2a: Ferrothorn|10/100
|
|-heal|p2a: Ferrothorn|16/100|[from] item: Leftovers
|upkeep
|turn|22
|
|t:|1637882140
|move|p1a: Dragapult|Shadow Ball|p2a: Ferrothorn
|-damage|p2a: Ferrothorn|0 fnt
|faint|p2a: Ferrothorn
|
|upkeep
|
|t:|1637882143
|switch|p2a: Tapu Lele|Tapu Lele|88/100
|-damage|p2a: Tapu Lele|76/100|[from] Stealth Rock
|-fieldstart|move: Psychic Terrain|[from] ability: Psychic Surge|[of] p2a: Tapu Lele
|turn|23
|j| Reign1997
|
|t:|1637882167
|switch|p1a: Volcarona|Volcarona, M|100/100
|move|p2a: Tapu Lele|Moonblast|p1a: Volcarona
|-resisted|p1a: Volcarona
|-damage|p1a: Volcarona|77/100
|-unboost|p1a: Volcarona|spa|1
|
|upkeep
|turn|24
|
|t:|1637882178
|switch|p2a: Regieleki|Regieleki|5/100
|-damage|p2a: Regieleki|0 fnt|[from] Stealth Rock
|faint|p2a: Regieleki
|move|p1a: Volcarona|Quiver Dance|p1a: Volcarona
|-boost|p1a: Volcarona|spa|1
|-boost|p1a: Volcarona|spd|1
|-boost|p1a: Volcarona|spe|1
|
|upkeep
|l| deju veus
|c|☆uguybuh|oh didnt realize i lost my hdb
|
|t:|1637882189
|switch|p2a: Pelipper|Pelipper, M|80/100
|-damage|p2a: Pelipper|55/100|[from] Stealth Rock
|-weather|RainDance|[from] ability: Drizzle|[of] p2a: Pelipper
|turn|25
|
|t:|1637882200
|move|p1a: Volcarona|Psychic|p2a: Pelipper
|-damage|p2a: Pelipper|0 fnt
|faint|p2a: Pelipper
|
|-weather|RainDance|[upkeep]
|upkeep
|
|t:|1637882206
|switch|p2a: Barraskewda|Barraskewda, M|64/100
|-damage|p2a: Barraskewda|52/100|[from] Stealth Rock
|turn|26
|
|t:|1637882217
|switch|p1a: Zapdos|Zapdos-Galar|24/100
|move|p2a: Barraskewda|Liquidation|p1a: Zapdos
|-damage|p1a: Zapdos|0 fnt
|faint|p1a: Zapdos
|
|-weather|RainDance|[upkeep]
|upkeep
|
|t:|1637882231
|switch|p1a: Ferrothorn|Ferrothorn, F|72/100
|turn|27
|
|t:|1637882251
|move|p2a: Barraskewda|Liquidation|p1a: Ferrothorn
|-resisted|p1a: Ferrothorn
|-damage|p1a: Ferrothorn|34/100
|-damage|p2a: Barraskewda|40/100|[from] ability: Iron Barbs|[of] p1a: Ferrothorn
|move|p1a: Ferrothorn|Knock Off|p2a: Barraskewda
|-damage|p2a: Barraskewda|0 fnt
|-enditem|p2a: Barraskewda|Choice Band|[from] move: Knock Off|[of] p1a: Ferrothorn
|faint|p2a: Barraskewda
|
|-weather|RainDance|[upkeep]
|-heal|p1a: Ferrothorn|40/100|[from] item: Leftovers
|-fieldend|move: Psychic Terrain
|upkeep
|-message|uguybuh forfeited.
|
|win|IMSOMALD
|raw|IMSOMALD's rating: 1594 &rarr; <strong>1619</strong><br />(+25 for winning)
|raw|uguybuh's rating: 1679 &rarr; <strong>1654</strong><br />(-25 for losing)
|l|☆uguybuh
