|j|☆Hariaki
|j|☆I'm Arnaud
|t:|1656352377
|gametype|singles
|player|p1|Hariaki|102|1767
|player|p2|I'm Arnaud|chase|1676
|teamsize|p1|6
|teamsize|p2|6
|gen|8
|tier|[Gen 8] OU
|rated|
|rule|Sleep Clause Mod: Limit one foe put to sleep
|rule|Species Clause: Limit one of each Pokémon
|rule|OHKO Clause: OHKO moves are banned
|rule|Evasion Moves Clause: Evasion moves are banned
|rule|Endless Battle Clause: Forcing endless battles is banned
|rule|HP Percentage Mod: HP is shown in percentages
|rule|Dynamax Clause: You cannot dynamax
|clearpoke
|poke|p1|Corviknight, F|
|poke|p1|Polteageist-Antique|
|poke|p1|Nidoking, M|
|poke|p1|Blissey, F|
|poke|p1|Urshifu-*, M|
|poke|p1|Dragonite, M|
|poke|p2|Tapu Koko|
|poke|p2|Decidueye, M|
|poke|p2|Slowbro, M|
|poke|p2|Landorus-Therian, M|
|poke|p2|Tyranitar, M|
|poke|p2|Corviknight, M|
|teampreview
|inactive|Battle timer is ON: inactive players will automatically lose when time's up. (requested by Hariaki)
|j| LT_Alt1
|inactive|I'm Arnaud has 120 seconds left.
|j| El Pogo Loco
|
|t:|1656352440
|start
|switch|p1a: Urshifu|Urshifu-Rapid-Strike, M|100/100
|switch|p2a: Slowbro|Slowbro, M|100/100
|turn|1
|
|t:|1656352447
|move|p1a: Urshifu|U-turn|p2a: Slowbro
|-supereffective|p2a: Slowbro
|-damage|p2a: Slowbro|70/100
|
|t:|1656352449
|switch|p1a: Polteageist|Polteageist-Antique|100/100|[from]move: U-turn
|move|p2a: Slowbro|Future Sight|p1a: Polteageist
|-start|p2a: Slowbro|move: Future Sight
|
|upkeep
|turn|2
|
|t:|1656352454
|switch|p1a: Urshifu|Urshifu-Rapid-Strike, M|100/100
|switch|p2a: Tyranitar|Tyranitar, M|100/100
|-weather|Sandstorm|[from] ability: Sand Stream|[of] p2a: Tyranitar
|
|-weather|Sandstorm|[upkeep]
|-damage|p1a: Urshifu|94/100|[from] Sandstorm
|upkeep
|turn|3
|
|t:|1656352462
|switch|p2a: Slowbro|Slowbro, M|100/100
|move|p1a: Urshifu|U-turn|p2a: Slowbro
|-supereffective|p2a: Slowbro
|-damage|p2a: Slowbro|69/100
|
|t:|1656352465
|switch|p1a: Blissey|Blissey, F|100/100|[from]move: U-turn
|
|-weather|Sandstorm|[upkeep]
|-damage|p1a: Blissey|94/100|[from] Sandstorm
|-damage|p2a: Slowbro|62/100|[from] Sandstorm
|-end|p1a: Blissey|move: Future Sight
|-damage|p1a: Blissey|78/100
|-heal|p1a: Blissey|84/100|[from] item: Leftovers
|upkeep
|turn|4
|
|t:|1656352474
|move|p2a: Slowbro|Future Sight|p1a: Blissey
|-start|p2a: Slowbro|move: Future Sight
|move|p1a: Blissey|Teleport|p1a: Blissey
|
|t:|1656352477
|switch|p1a: Urshifu|Urshifu-Rapid-Strike, M|94/100|[from]move: Teleport
|
|-weather|Sandstorm|[upkeep]
|-damage|p1a: Urshifu|88/100|[from] Sandstorm
|-damage|p2a: Slowbro|56/100|[from] Sandstorm
|upkeep
|turn|5
|
|t:|1656352481
|move|p1a: Urshifu|U-turn|p2a: Slowbro
|-supereffective|p2a: Slowbro
|-damage|p2a: Slowbro|23/100
|
|t:|1656352482
|switch|p1a: Blissey|Blissey, F|84/100|[from]move: U-turn
|move|p2a: Slowbro|Teleport|p2a: Slowbro
|
|t:|1656352486
|switch|p2a: Tyranitar|Tyranitar, M|100/100|[from]move: Teleport
|
|-weather|Sandstorm|[upkeep]
|-damage|p1a: Blissey|78/100|[from] Sandstorm
|-heal|p1a: Blissey|84/100|[from] item: Leftovers
|upkeep
|turn|6
|
|t:|1656352492
|switch|p1a: Corviknight|Corviknight, F|100/100
|move|p2a: Tyranitar|Stone Edge|p1a: Corviknight
|-damage|p1a: Corviknight|47/100
|
|-weather|none
|-end|p1a: Corviknight|move: Future Sight
|-resisted|p1a: Corviknight
|-damage|p1a: Corviknight|26/100
|upkeep
|turn|7
|
|t:|1656352499
|move|p1a: Corviknight|Body Press|p2a: Tyranitar
|-supereffective|p2a: Tyranitar
|-damage|p2a: Tyranitar|25/100
|move|p2a: Tyranitar|Stone Edge|p1a: Corviknight
|-damage|p1a: Corviknight|0 fnt
|faint|p1a: Corviknight
|
|upkeep
|
|t:|1656352505
|switch|p1a: Urshifu|Urshifu-Rapid-Strike, M|88/100
|turn|8
|
|t:|1656352511
|switch|p2a: Corviknight|Corviknight, M|100/100
|-ability|p2a: Corviknight|Pressure
|move|p1a: Urshifu|U-turn|p2a: Corviknight
|-resisted|p2a: Corviknight
|-damage|p2a: Corviknight|96/100
|
|t:|1656352516
|switch|p1a: Nidoking|Nidoking, M|100/100|[from]move: U-turn
|
|upkeep
|turn|9
|
|t:|1656352520
|move|p1a: Nidoking|Fire Blast|p2a: Corviknight|[miss]
|-miss|p1a: Nidoking|p2a: Corviknight
|move|p2a: Corviknight|U-turn|p1a: Nidoking
|-resisted|p1a: Nidoking
|-damage|p1a: Nidoking|90/100
|
|t:|1656352523
|switch|p2a: Landorus|Landorus-Therian, M|100/100|[from]move: U-turn
|-ability|p2a: Landorus|Intimidate|boost
|-unboost|p1a: Nidoking|atk|1
|
|upkeep
|turn|10
|c|☆Hariaki|Yuy
|
|t:|1656352530
|switch|p1a: Polteageist|Polteageist-Antique|100/100
|move|p2a: Landorus|U-turn|p1a: Polteageist
|-resisted|p1a: Polteageist
|-damage|p1a: Polteageist|81/100
|-ability|p1a: Polteageist|Weak Armor|boost
|-unboost|p1a: Polteageist|def|1
|-boost|p1a: Polteageist|spe|2
|inactive|I'm Arnaud has 120 seconds left.
|
|t:|1656352564
|switch|p2a: Corviknight|Corviknight, M|96/100|[from]move: U-turn
|-ability|p2a: Corviknight|Pressure
|
|upkeep
|turn|11
|j| HaloKappa
|
|t:|1656352568
|move|p1a: Polteageist|Shell Smash|p1a: Polteageist
|-unboost|p1a: Polteageist|def|1
|-unboost|p1a: Polteageist|spd|1
|-boost|p1a: Polteageist|atk|2
|-boost|p1a: Polteageist|spa|2
|-boost|p1a: Polteageist|spe|2
|move|p2a: Corviknight|Brave Bird|p1a: Polteageist
|-damage|p1a: Polteageist|0 fnt
|faint|p1a: Polteageist
|-damage|p2a: Corviknight|78/100|[from] Recoil
|
|upkeep
|
|t:|1656352571
|switch|p1a: Dragonite|Dragonite, M|100/100
|turn|12
|
|t:|1656352573
|move|p1a: Dragonite|Dragon Dance|p1a: Dragonite
|-boost|p1a: Dragonite|atk|1
|-boost|p1a: Dragonite|spe|1
|move|p2a: Corviknight|U-turn|p1a: Dragonite
|-resisted|p1a: Dragonite
|-damage|p1a: Dragonite|97/100
|
|t:|1656352575
|switch|p2a: Slowbro|Slowbro, M|57/100|[from]move: U-turn
|
|-heal|p1a: Dragonite|100/100|[from] item: Leftovers
|upkeep
|turn|13
|
|t:|1656352578
|move|p1a: Dragonite|Dragon Dance|p1a: Dragonite
|-boost|p1a: Dragonite|atk|1
|-boost|p1a: Dragonite|spe|1
|move|p2a: Slowbro|Scald|p1a: Dragonite
|-resisted|p1a: Dragonite
|-damage|p1a: Dragonite|95/100
|
|-heal|p1a: Dragonite|100/100|[from] item: Leftovers
|upkeep
|turn|14
|
|t:|1656352585
|move|p1a: Dragonite|Dragon Dance|p1a: Dragonite
|-boost|p1a: Dragonite|atk|1
|-boost|p1a: Dragonite|spe|1
|move|p2a: Slowbro|Scald|p1a: Dragonite
|-resisted|p1a: Dragonite
|-damage|p1a: Dragonite|95/100
|
|-heal|p1a: Dragonite|100/100|[from] item: Leftovers
|upkeep
|turn|15
|
|t:|1656352587
|move|p1a: Dragonite|Earthquake|p2a: Slowbro
|-damage|p2a: Slowbro|5/100
|move|p2a: Slowbro|Scald|p1a: Dragonite
|-resisted|p1a: Dragonite
|-damage|p1a: Dragonite|95/100
|-status|p1a: Dragonite|brn
|
|-heal|p1a: Dragonite|100/100 brn|[from] item: Leftovers
|-damage|p1a: Dragonite|94/100 brn|[from] brn
|upkeep
|turn|16
|
|t:|1656352592
|switch|p2a: Corviknight|Corviknight, M|78/100
|-ability|p2a: Corviknight|Pressure
|move|p1a: Dragonite|Dragon Dance|p1a: Dragonite
|-boost|p1a: Dragonite|atk|1
|-boost|p1a: Dragonite|spe|1
|
|-heal|p1a: Dragonite|100/100 brn|[from] item: Leftovers
|-damage|p1a: Dragonite|94/100 brn|[from] brn
|upkeep
|turn|17
|
|t:|1656352597
|move|p1a: Dragonite|Dragon Dance|p1a: Dragonite
|-boost|p1a: Dragonite|atk|1
|-boost|p1a: Dragonite|spe|1
|move|p2a: Corviknight|Roost|p2a: Corviknight
|-heal|p2a: Corviknight|100/100
|-singleturn|p2a: Corviknight|move: Roost
|
|-heal|p1a: Dragonite|100/100 brn|[from] item: Leftovers
|-damage|p1a: Dragonite|94/100 brn|[from] brn
|upkeep
|turn|18
|
|t:|1656352606
|move|p1a: Dragonite|Dragon Dance|p1a: Dragonite
|-boost|p1a: Dragonite|atk|1
|-boost|p1a: Dragonite|spe|1
|move|p2a: Corviknight|Brave Bird|p1a: Dragonite
|-damage|p1a: Dragonite|58/100 brn
|-damage|p2a: Corviknight|89/100|[from] Recoil
|
|-heal|p1a: Dragonite|64/100 brn|[from] item: Leftovers
|-damage|p1a: Dragonite|58/100 brn|[from] brn
|upkeep
|turn|19
|
|t:|1656352610
|move|p1a: Dragonite|Roost|p1a: Dragonite
|-heal|p1a: Dragonite|100/100 brn
|-singleturn|p1a: Dragonite|move: Roost
|move|p2a: Corviknight|U-turn|p1a: Dragonite
|-damage|p1a: Dragonite|94/100 brn
|
|t:|1656352612
|switch|p2a: Slowbro|Slowbro, M|38/100|[from]move: U-turn
|
|-heal|p1a: Dragonite|99/100 brn|[from] item: Leftovers
|-damage|p1a: Dragonite|94/100 brn|[from] brn
|upkeep
|turn|20
|
|t:|1656352615
|switch|p2a: Corviknight|Corviknight, M|89/100
|-ability|p2a: Corviknight|Pressure
|move|p1a: Dragonite|Ice Punch|p2a: Corviknight
|-damage|p2a: Corviknight|59/100
|
|-heal|p1a: Dragonite|99/100 brn|[from] item: Leftovers
|-damage|p1a: Dragonite|94/100 brn|[from] brn
|upkeep
|turn|21
|
|t:|1656352622
|move|p1a: Dragonite|Ice Punch|p2a: Corviknight
|-damage|p2a: Corviknight|28/100
|move|p2a: Corviknight|Roost|p2a: Corviknight
|-heal|p2a: Corviknight|78/100
|-singleturn|p2a: Corviknight|move: Roost
|
|-heal|p1a: Dragonite|99/100 brn|[from] item: Leftovers
|-damage|p1a: Dragonite|94/100 brn|[from] brn
|upkeep
|turn|22
|
|t:|1656352627
|move|p1a: Dragonite|Ice Punch|p2a: Corviknight
|-damage|p2a: Corviknight|45/100
|move|p2a: Corviknight|Roost|p2a: Corviknight
|-heal|p2a: Corviknight|95/100
|-singleturn|p2a: Corviknight|move: Roost
|
|-heal|p1a: Dragonite|99/100 brn|[from] item: Leftovers
|-damage|p1a: Dragonite|94/100 brn|[from] brn
|upkeep
|turn|23
|
|t:|1656352631
|move|p1a: Dragonite|Ice Punch|p2a: Corviknight
|-damage|p2a: Corviknight|65/100
|move|p2a: Corviknight|Brave Bird|p1a: Dragonite
|-damage|p1a: Dragonite|57/100 brn
|-damage|p2a: Corviknight|53/100|[from] Recoil
|
|-heal|p1a: Dragonite|63/100 brn|[from] item: Leftovers
|-damage|p1a: Dragonite|57/100 brn|[from] brn
|upkeep
|turn|24
|
|t:|1656352634
|move|p1a: Dragonite|Ice Punch|p2a: Corviknight
|-damage|p2a: Corviknight|20/100
|move|p2a: Corviknight|Roost|p2a: Corviknight
|-heal|p2a: Corviknight|70/100
|-singleturn|p2a: Corviknight|move: Roost
|
|-heal|p1a: Dragonite|63/100 brn|[from] item: Leftovers
|-damage|p1a: Dragonite|57/100 brn|[from] brn
|upkeep
|turn|25
|
|t:|1656352638
|move|p1a: Dragonite|Ice Punch|p2a: Corviknight
|-damage|p2a: Corviknight|36/100
|move|p2a: Corviknight|Roost|p2a: Corviknight
|-heal|p2a: Corviknight|86/100
|-singleturn|p2a: Corviknight|move: Roost
|
|-heal|p1a: Dragonite|63/100 brn|[from] item: Leftovers
|-damage|p1a: Dragonite|57/100 brn|[from] brn
|upkeep
|turn|26
|
|t:|1656352642
|move|p1a: Dragonite|Ice Punch|p2a: Corviknight
|-damage|p2a: Corviknight|57/100
|move|p2a: Corviknight|Roost|p2a: Corviknight
|-heal|p2a: Corviknight|100/100
|-singleturn|p2a: Corviknight|move: Roost
|
|-heal|p1a: Dragonite|63/100 brn|[from] item: Leftovers
|-damage|p1a: Dragonite|57/100 brn|[from] brn
|upkeep
|turn|27
|
|t:|1656352644
|move|p1a: Dragonite|Ice Punch|p2a: Corviknight
|-damage|p2a: Corviknight|71/100
|move|p2a: Corviknight|Brave Bird|p1a: Dragonite
|-damage|p1a: Dragonite|22/100 brn
|-damage|p2a: Corviknight|60/100|[from] Recoil
|
|-heal|p1a: Dragonite|28/100 brn|[from] item: Leftovers
|-damage|p1a: Dragonite|22/100 brn|[from] brn
|upkeep
|turn|28
|
|t:|1656352649
|move|p1a: Dragonite|Roost|p1a: Dragonite
|-heal|p1a: Dragonite|72/100 brn
|-singleturn|p1a: Dragonite|move: Roost
|move|p2a: Corviknight|Roost|p2a: Corviknight
|-heal|p2a: Corviknight|100/100
|-singleturn|p2a: Corviknight|move: Roost
|
|-heal|p1a: Dragonite|78/100 brn|[from] item: Leftovers
|-damage|p1a: Dragonite|72/100 brn|[from] brn
|upkeep
|turn|29
|
|t:|1656352654
|move|p1a: Dragonite|Roost|p1a: Dragonite
|-heal|p1a: Dragonite|100/100 brn
|-singleturn|p1a: Dragonite|move: Roost
|move|p2a: Corviknight|Brave Bird|p1a: Dragonite
|-damage|p1a: Dragonite|85/100 brn
|-damage|p2a: Corviknight|95/100|[from] Recoil
|
|-heal|p1a: Dragonite|91/100 brn|[from] item: Leftovers
|-damage|p1a: Dragonite|85/100 brn|[from] brn
|upkeep
|turn|30
|
|t:|1656352662
|switch|p2a: Slowbro|Slowbro, M|71/100
|move|p1a: Dragonite|Ice Punch|p2a: Slowbro
|-resisted|p2a: Slowbro
|-damage|p2a: Slowbro|58/100
|
|-heal|p1a: Dragonite|91/100 brn|[from] item: Leftovers
|-damage|p1a: Dragonite|85/100 brn|[from] brn
|upkeep
|turn|31
|
|t:|1656352669
|switch|p2a: Corviknight|Corviknight, M|95/100
|-ability|p2a: Corviknight|Pressure
|move|p1a: Dragonite|Ice Punch|p2a: Corviknight
|-damage|p2a: Corviknight|65/100
|
|-heal|p1a: Dragonite|91/100 brn|[from] item: Leftovers
|-damage|p1a: Dragonite|85/100 brn|[from] brn
|upkeep
|turn|32
|
|t:|1656352678
|move|p1a: Dragonite|Ice Punch|p2a: Corviknight
|-damage|p2a: Corviknight|33/100
|move|p2a: Corviknight|Roost|p2a: Corviknight
|-heal|p2a: Corviknight|83/100
|-singleturn|p2a: Corviknight|move: Roost
|
|-heal|p1a: Dragonite|91/100 brn|[from] item: Leftovers
|-damage|p1a: Dragonite|85/100 brn|[from] brn
|upkeep
|turn|33
|
|t:|1656352689
|move|p1a: Dragonite|Ice Punch|p2a: Corviknight
|-damage|p2a: Corviknight|48/100
|-status|p2a: Corviknight|frz
|cant|p2a: Corviknight|frz
|
|-heal|p1a: Dragonite|91/100 brn|[from] item: Leftovers
|-damage|p1a: Dragonite|85/100 brn|[from] brn
|upkeep
|turn|34
|
|t:|1656352696
|switch|p2a: Slowbro|Slowbro, M|91/100
|move|p1a: Dragonite|Ice Punch|p2a: Slowbro
|-resisted|p2a: Slowbro
|-damage|p2a: Slowbro|77/100
|
|-heal|p1a: Dragonite|91/100 brn|[from] item: Leftovers
|-damage|p1a: Dragonite|85/100 brn|[from] brn
|upkeep
|turn|35
|
|t:|1656352705
|switch|p1a: Nidoking|Nidoking, M|90/100
|move|p2a: Slowbro|Slack Off|p2a: Slowbro
|-heal|p2a: Slowbro|100/100
|
|upkeep
|turn|36
|
|t:|1656352708
|move|p1a: Nidoking|Sludge Wave|p2a: Slowbro
|-damage|p2a: Slowbro|27/100
|move|p2a: Slowbro|Scald|p1a: Nidoking
|-supereffective|p1a: Nidoking
|-damage|p1a: Nidoking|16/100
|
|upkeep
|turn|37
|
|t:|1656352715
|switch|p2a: Corviknight|Corviknight, M|48/100 frz
|-ability|p2a: Corviknight|Pressure
|move|p1a: Nidoking|Ice Beam|p2a: Corviknight
|-damage|p2a: Corviknight|8/100 frz
|
|upkeep
|turn|38
|
|t:|1656352720
|move|p1a: Nidoking|Sludge Wave|p2a: Corviknight
|-immune|p2a: Corviknight
|cant|p2a: Corviknight|frz
|
|upkeep
|turn|39
|
|t:|1656352724
|move|p1a: Nidoking|Fire Blast|p2a: Corviknight
|-supereffective|p2a: Corviknight
|-damage|p2a: Corviknight|0 fnt
|faint|p2a: Corviknight
|
|upkeep
|
|t:|1656352727
|switch|p2a: Tapu Koko|Tapu Koko|100/100
|-fieldstart|move: Electric Terrain|[from] ability: Electric Surge|[of] p2a: Tapu Koko
|turn|40
|
|t:|1656352730
|switch|p1a: Dragonite|Dragonite, M|85/100 brn
|move|p2a: Tapu Koko|U-turn|p1a: Dragonite
|-resisted|p1a: Dragonite
|-damage|p1a: Dragonite|78/100 brn
|
|t:|1656352739
|switch|p2a: Decidueye|Decidueye, M|100/100|[from]move: U-turn
|
|-heal|p1a: Dragonite|84/100 brn|[from] item: Leftovers
|-damage|p1a: Dragonite|78/100 brn|[from] brn
|upkeep
|turn|41
|
|t:|1656352744
|move|p1a: Dragonite|Roost|p1a: Dragonite
|-heal|p1a: Dragonite|100/100 brn
|-singleturn|p1a: Dragonite|move: Roost
|move|p2a: Decidueye|U-turn|p1a: Dragonite
|-damage|p1a: Dragonite|85/100 brn
|
|t:|1656352751
|switch|p2a: Tapu Koko|Tapu Koko|100/100|[from]move: U-turn
|
|-heal|p1a: Dragonite|91/100 brn|[from] item: Leftovers
|-damage|p1a: Dragonite|85/100 brn|[from] brn
|upkeep
|turn|42
|
|t:|1656352754
|move|p2a: Tapu Koko|U-turn|p1a: Dragonite
|-resisted|p1a: Dragonite
|-damage|p1a: Dragonite|77/100 brn
|
|t:|1656352763
|switch|p2a: Tyranitar|Tyranitar, M|25/100|[from]move: U-turn
|-weather|Sandstorm|[from] ability: Sand Stream|[of] p2a: Tyranitar
|move|p1a: Dragonite|Dragon Dance|p1a: Dragonite
|-boost|p1a: Dragonite|atk|1
|-boost|p1a: Dragonite|spe|1
|
|-weather|Sandstorm|[upkeep]
|-damage|p1a: Dragonite|70/100 brn|[from] Sandstorm
|-heal|p1a: Dragonite|77/100 brn|[from] item: Leftovers
|-damage|p1a: Dragonite|70/100 brn|[from] brn
|upkeep
|turn|43
|
|t:|1656352770
|switch|p2a: Slowbro|Slowbro, M|60/100
|move|p1a: Dragonite|Earthquake|p2a: Slowbro
|-damage|p2a: Slowbro|46/100
|
|-weather|Sandstorm|[upkeep]
|-damage|p1a: Dragonite|64/100 brn|[from] Sandstorm
|-damage|p2a: Slowbro|40/100|[from] Sandstorm
|-heal|p1a: Dragonite|70/100 brn|[from] item: Leftovers
|-damage|p1a: Dragonite|64/100 brn|[from] brn
|upkeep
|turn|44
|
|t:|1656352775
|move|p1a: Dragonite|Roost|p1a: Dragonite
|-heal|p1a: Dragonite|100/100 brn
|-singleturn|p1a: Dragonite|move: Roost
|move|p2a: Slowbro|Teleport|p2a: Slowbro
|
|t:|1656352781
|switch|p2a: Landorus|Landorus-Therian, M|100/100|[from]move: Teleport
|-ability|p2a: Landorus|Intimidate|boost
|-unboost|p1a: Dragonite|atk|1
|
|-weather|Sandstorm|[upkeep]
|-damage|p1a: Dragonite|94/100 brn|[from] Sandstorm
|-heal|p1a: Dragonite|100/100 brn|[from] item: Leftovers
|-damage|p1a: Dragonite|94/100 brn|[from] brn
|-fieldend|move: Electric Terrain
|upkeep
|turn|45
|
|t:|1656352784
|move|p1a: Dragonite|Dragon Dance|p1a: Dragonite
|-boost|p1a: Dragonite|atk|1
|-boost|p1a: Dragonite|spe|1
|move|p2a: Landorus|U-turn|p1a: Dragonite
|-resisted|p1a: Dragonite
|-damage|p1a: Dragonite|85/100 brn
|
|t:|1656352786
|switch|p2a: Decidueye|Decidueye, M|100/100|[from]move: U-turn
|
|-weather|Sandstorm|[upkeep]
|-damage|p1a: Dragonite|79/100 brn|[from] Sandstorm
|-damage|p2a: Decidueye|94/100|[from] Sandstorm
|-heal|p1a: Dragonite|85/100 brn|[from] item: Leftovers
|-damage|p1a: Dragonite|79/100 brn|[from] brn
|upkeep
|turn|46
|
|t:|1656352788
|move|p1a: Dragonite|Earthquake|p2a: Decidueye
|-resisted|p2a: Decidueye
|-damage|p2a: Decidueye|75/100
|move|p2a: Decidueye|Poltergeist|p1a: Dragonite
|-activate|p1a: Dragonite|move: Poltergeist|Leftovers
|-damage|p1a: Dragonite|2/100 brn
|
|-weather|none
|-heal|p1a: Dragonite|9/100 brn|[from] item: Leftovers
|-damage|p1a: Dragonite|2/100 brn|[from] brn
|upkeep
|turn|47
|
|t:|1656352797
|switch|p1a: Blissey|Blissey, F|84/100
|switch|p2a: Slowbro|Slowbro, M|73/100
|
|-heal|p1a: Blissey|90/100|[from] item: Leftovers
|upkeep
|turn|48
|
|t:|1656352800
|move|p1a: Blissey|Toxic|p2a: Slowbro
|-status|p2a: Slowbro|tox
|move|p2a: Slowbro|Teleport|p2a: Slowbro
|
|t:|1656352803
|switch|p2a: Tyranitar|Tyranitar, M|25/100|[from]move: Teleport
|-weather|Sandstorm|[from] ability: Sand Stream|[of] p2a: Tyranitar
|
|-weather|Sandstorm|[upkeep]
|-damage|p1a: Blissey|84/100|[from] Sandstorm
|-heal|p1a: Blissey|90/100|[from] item: Leftovers
|upkeep
|turn|49
|
|t:|1656352810
|switch|p1a: Dragonite|Dragonite, M|2/100 brn
|move|p2a: Tyranitar|Superpower|p1a: Dragonite
|-resisted|p1a: Dragonite
|-damage|p1a: Dragonite|0 fnt
|-unboost|p2a: Tyranitar|atk|1
|-unboost|p2a: Tyranitar|def|1
|faint|p1a: Dragonite
|
|-weather|Sandstorm|[upkeep]
|upkeep
|
|t:|1656352814
|switch|p1a: Nidoking|Nidoking, M|16/100
|turn|50
|
|t:|1656352842
|switch|p2a: Landorus|Landorus-Therian, M|100/100
|-ability|p2a: Landorus|Intimidate|boost
|-unboost|p1a: Nidoking|atk|1
|move|p1a: Nidoking|Earth Power|p2a: Landorus
|-immune|p2a: Landorus
|
|-weather|Sandstorm|[upkeep]
|upkeep
|turn|51
|
|t:|1656352846
|switch|p1a: Blissey|Blissey, F|90/100
|move|p2a: Landorus|U-turn|p1a: Blissey
|-damage|p1a: Blissey|71/100
|
|t:|1656352851
|switch|p2a: Tyranitar|Tyranitar, M|25/100|[from]move: U-turn
|
|-weather|Sandstorm|[upkeep]
|-damage|p1a: Blissey|65/100|[from] Sandstorm
|-heal|p1a: Blissey|71/100|[from] item: Leftovers
|upkeep
|turn|52
|
|t:|1656352852
|move|p2a: Tyranitar|Superpower|p1a: Blissey
|-supereffective|p1a: Blissey
|-damage|p1a: Blissey|0 fnt
|-unboost|p2a: Tyranitar|atk|1
|-unboost|p2a: Tyranitar|def|1
|faint|p1a: Blissey
|
|-weather|none
|upkeep
|
|t:|1656352854
|switch|p1a: Nidoking|Nidoking, M|16/100
|turn|53
|
|t:|1656352860
|switch|p2a: Landorus|Landorus-Therian, M|100/100
|-ability|p2a: Landorus|Intimidate|boost
|-unboost|p1a: Nidoking|atk|1
|move|p1a: Nidoking|Sludge Wave|p2a: Landorus
|-resisted|p2a: Landorus
|-damage|p2a: Landorus|75/100
|
|-heal|p2a: Landorus|81/100|[from] item: Leftovers
|upkeep
|turn|54
|
|t:|1656352865
|move|p1a: Nidoking|Ice Beam|p2a: Landorus
|-supereffective|p2a: Landorus
|-damage|p2a: Landorus|0 fnt
|faint|p2a: Landorus
|
|upkeep
|
|t:|1656352867
|switch|p2a: Tapu Koko|Tapu Koko|100/100
|-fieldstart|move: Electric Terrain|[from] ability: Electric Surge|[of] p2a: Tapu Koko
|turn|55
|
|t:|1656352872
|move|p2a: Tapu Koko|Dazzling Gleam|p1a: Nidoking
|-resisted|p1a: Nidoking
|-damage|p1a: Nidoking|0 fnt
|faint|p1a: Nidoking
|
|upkeep
|
|t:|1656352874
|switch|p1a: Urshifu|Urshifu-Rapid-Strike, M|88/100
|turn|56
|
|t:|1656352875
|move|p1a: Urshifu|Surging Strikes|p2a: Tapu Koko
|-crit|p2a: Tapu Koko
|-damage|p2a: Tapu Koko|72/100
|-crit|p2a: Tapu Koko
|-damage|p2a: Tapu Koko|42/100
|-crit|p2a: Tapu Koko
|-damage|p2a: Tapu Koko|12/100
|-hitcount|p2a: Tapu Koko|3
|move|p2a: Tapu Koko|Thunderbolt|p1a: Urshifu
|-supereffective|p1a: Urshifu
|-damage|p1a: Urshifu|0 fnt
|faint|p1a: Urshifu
|
|win|I'm Arnaud
|raw|Hariaki's rating: 1767 &rarr; <strong>1742</strong><br />(-25 for losing)
|raw|I&apos;m Arnaud's rating: 1676 &rarr; <strong>1701</strong><br />(+25 for winning)
|l|☆Hariaki
||Ladder isn't responding, score probably updated but might not have (Request timeout).
