|j|☆eelektrik funeral
|j|☆gaenisalbino
|t:|1664890309
|gametype|singles
|player|p1|eelektrik funeral|workerice|1600
|player|p2|gaenisalbino|266|1575
|teamsize|p1|6
|teamsize|p2|6
|gen|8
|tier|[Gen 8] OU
|rated|
|rule|Sleep Clause Mod: Limit one foe put to sleep
|rule|Species Clause: Limit one of each Pokémon
|rule|OHKO Clause: OHKO moves are banned
|rule|Evasion Items Clause: Evasion items are banned
|rule|Evasion Moves Clause: Evasion moves are banned
|rule|Endless Battle Clause: Forcing endless battles is banned
|rule|HP Percentage Mod: HP is shown in percentages
|rule|Dynamax Clause: You cannot dynamax
|clearpoke
|poke|p1|Aegislash, F|
|poke|p1|Buzzwole|
|poke|p1|Clefable, F|
|poke|p1|Gastrodon, F|
|poke|p1|Raikou|
|poke|p1|Rotom-Wash|
|poke|p2|Kartana|
|poke|p2|Tapu Lele|
|poke|p2|Tornadus-Therian, M|
|poke|p2|Hippowdon, M|
|poke|p2|Umbreon, F|
|poke|p2|Toxapex, M|
|teampreview
|inactive|Battle timer is ON: inactive players will automatically lose when time's up. (requested by gaenisalbino)
|
|t:|1664890347
|start
|switch|p1a: Raikou|Raikou, shiny|100/100
|switch|p2a: Hippowdon|Hippowdon, M|100/100
|-ability|p1a: Raikou|Pressure
|-weather|Sandstorm|[from] ability: Sand Stream|[of] p2a: Hippowdon
|turn|1
|inactive|gaenisalbino has 120 seconds left.
|
|t:|1664890387
|switch|p1a: Clefable|Clefable, F|100/100
|move|p2a: Hippowdon|Stealth Rock|p1a: Clefable
|-sidestart|p1: eelektrik funeral|move: Stealth Rock
|
|-weather|Sandstorm|[upkeep]
|upkeep
|turn|2
|
|t:|1664890401
|switch|p2a: Tapu Lele|Tapu Lele|100/100
|-fieldstart|move: Psychic Terrain|[from] ability: Psychic Surge|[of] p2a: Tapu Lele
|move|p1a: Clefable|Stealth Rock|p2a: Tapu Lele
|-sidestart|p2: gaenisalbino|move: Stealth Rock
|
|-weather|Sandstorm|[upkeep]
|-damage|p2a: Tapu Lele|94/100|[from] Sandstorm
|upkeep
|turn|3
|
|t:|1664890407
|switch|p1a: Aegislash|Aegislash, F, shiny|100/100
|-damage|p1a: Aegislash|94/100|[from] Stealth Rock
|move|p2a: Tapu Lele|Psyshock|p1a: Aegislash
|-resisted|p1a: Aegislash
|-damage|p1a: Aegislash|59/100
|
|-weather|Sandstorm|[upkeep]
|-damage|p2a: Tapu Lele|88/100|[from] Sandstorm
|-heal|p1a: Aegislash|65/100|[from] item: Leftovers
|upkeep
|turn|4
|inactive|gaenisalbino has 120 seconds left.
|
|t:|1664890425
|switch|p2a: Hippowdon|Hippowdon, M|100/100
|-damage|p2a: Hippowdon|94/100|[from] Stealth Rock
|move|p1a: Aegislash|Substitute|p1a: Aegislash
|-start|p1a: Aegislash|Substitute
|-damage|p1a: Aegislash|40/100
|
|-weather|Sandstorm|[upkeep]
|-heal|p1a: Aegislash|46/100|[from] item: Leftovers
|-heal|p2a: Hippowdon|100/100|[from] item: Leftovers
|upkeep
|turn|5
|
|t:|1664890430
|-formechange|p1a: Aegislash|Aegislash-Blade||[from] ability: Stance Change
|move|p1a: Aegislash|Shadow Ball|p2a: Hippowdon
|-damage|p2a: Hippowdon|69/100
|move|p2a: Hippowdon|Earthquake|p1a: Aegislash
|-supereffective|p1a: Aegislash
|-end|p1a: Aegislash|Substitute
|
|-weather|none
|-heal|p1a: Aegislash|52/100|[from] item: Leftovers
|-heal|p2a: Hippowdon|75/100|[from] item: Leftovers
|upkeep
|turn|6
|
|t:|1664890437
|-formechange|p1a: Aegislash|Aegislash||[from] ability: Stance Change
|move|p1a: Aegislash|King's Shield|p1a: Aegislash
|-singleturn|p1a: Aegislash|Protect
|move|p2a: Hippowdon|Earthquake|p1a: Aegislash
|-activate|p1a: Aegislash|move: Protect
|
|-heal|p1a: Aegislash|58/100|[from] item: Leftovers
|-heal|p2a: Hippowdon|81/100|[from] item: Leftovers
|-fieldend|move: Psychic Terrain
|upkeep
|turn|7
|
|t:|1664890444
|switch|p1a: Clefable|Clefable, F|100/100
|move|p2a: Hippowdon|Earthquake|p1a: Clefable
|-damage|p1a: Clefable|66/100
|
|-heal|p1a: Clefable|72/100|[from] item: Leftovers
|-heal|p2a: Hippowdon|88/100|[from] item: Leftovers
|upkeep
|turn|8
|
|t:|1664890451
|switch|p2a: Toxapex|Toxapex, M|100/100
|-damage|p2a: Toxapex|88/100|[from] Stealth Rock
|move|p1a: Clefable|Knock Off|p2a: Toxapex
|-damage|p2a: Toxapex|79/100
|-enditem|p2a: Toxapex|Shed Shell|[from] move: Knock Off|[of] p1a: Clefable
|
|-heal|p1a: Clefable|78/100|[from] item: Leftovers
|upkeep
|turn|9
|
|t:|1664890460
|move|p1a: Clefable|Soft-Boiled|p1a: Clefable
|-heal|p1a: Clefable|100/100
|move|p2a: Toxapex|Knock Off|p1a: Clefable
|-resisted|p1a: Clefable
|-damage|p1a: Clefable|93/100
|-enditem|p1a: Clefable|Leftovers|[from] move: Knock Off|[of] p2a: Toxapex
|
|upkeep
|turn|10
|
|t:|1664890469
|switch|p1a: Raikou|Raikou, shiny|100/100
|-damage|p1a: Raikou|88/100|[from] Stealth Rock
|-ability|p1a: Raikou|Pressure
|move|p2a: Toxapex|Knock Off|p1a: Raikou
|-damage|p1a: Raikou|68/100
|-enditem|p1a: Raikou|Choice Specs|[from] move: Knock Off|[of] p2a: Toxapex
|
|upkeep
|turn|11
|
|t:|1664890476
|switch|p2a: Hippowdon|Hippowdon, M|88/100
|-damage|p2a: Hippowdon|81/100|[from] Stealth Rock
|-weather|Sandstorm|[from] ability: Sand Stream|[of] p2a: Hippowdon
|move|p1a: Raikou|Scald|p2a: Hippowdon
|-supereffective|p2a: Hippowdon
|-damage|p2a: Hippowdon|43/100
|
|-weather|Sandstorm|[upkeep]
|-damage|p1a: Raikou|62/100|[from] Sandstorm
|-heal|p2a: Hippowdon|49/100|[from] item: Leftovers
|upkeep
|turn|12
|
|t:|1664890487
|move|p1a: Raikou|Scald|p2a: Hippowdon
|-supereffective|p2a: Hippowdon
|-damage|p2a: Hippowdon|13/100
|move|p2a: Hippowdon|Slack Off|p2a: Hippowdon
|-heal|p2a: Hippowdon|63/100
|
|-weather|Sandstorm|[upkeep]
|-damage|p1a: Raikou|56/100|[from] Sandstorm
|-heal|p2a: Hippowdon|70/100|[from] item: Leftovers
|upkeep
|turn|13
|
|t:|1664890495
|move|p1a: Raikou|Scald|p2a: Hippowdon
|-supereffective|p2a: Hippowdon
|-damage|p2a: Hippowdon|32/100
|move|p2a: Hippowdon|Toxic|p1a: Raikou
|-status|p1a: Raikou|tox
|
|-weather|Sandstorm|[upkeep]
|-damage|p1a: Raikou|49/100 tox|[from] Sandstorm
|-heal|p2a: Hippowdon|39/100|[from] item: Leftovers
|-damage|p1a: Raikou|43/100 tox|[from] psn
|upkeep
|turn|14
|
|t:|1664890507
|move|p1a: Raikou|Volt Switch|p2a: Hippowdon
|-immune|p2a: Hippowdon
|move|p2a: Hippowdon|Slack Off|p2a: Hippowdon
|-heal|p2a: Hippowdon|89/100
|
|-weather|Sandstorm|[upkeep]
|-damage|p1a: Raikou|37/100 tox|[from] Sandstorm
|-heal|p2a: Hippowdon|95/100|[from] item: Leftovers
|-damage|p1a: Raikou|24/100 tox|[from] psn
|upkeep
|turn|15
|
|t:|1664890527
|switch|p1a: Clefable|Clefable, F|93/100
|move|p2a: Hippowdon|Toxic|p1a: Clefable
|-status|p1a: Clefable|tox
|
|-weather|none
|-heal|p2a: Hippowdon|100/100|[from] item: Leftovers
|upkeep
|turn|16
|inactive|gaenisalbino has 120 seconds left.
|inactive|eelektrik funeral has 120 seconds left.
|
|t:|1664890559
|switch|p2a: Toxapex|Toxapex, M|100/100
|-damage|p2a: Toxapex|88/100|[from] Stealth Rock
|move|p1a: Clefable|Soft-Boiled|p1a: Clefable
|-heal|p1a: Clefable|100/100 tox
|
|upkeep
|turn|17
|inactive|eelektrik funeral has 120 seconds left.
|
|t:|1664890577
|switch|p1a: Rotom|Rotom-Wash, shiny|100/100
|-damage|p1a: Rotom|88/100|[from] Stealth Rock
|move|p2a: Toxapex|Knock Off|p1a: Rotom
|-damage|p1a: Rotom|72/100
|-enditem|p1a: Rotom|Choice Scarf|[from] move: Knock Off|[of] p2a: Toxapex
|
|upkeep
|turn|18
|
|t:|1664890587
|move|p1a: Rotom|Defog|p2a: Toxapex
|-unboost|p2a: Toxapex|evasion|1
|-sideend|p2: gaenisalbino|Stealth Rock|[from] move: Defog|[of] p1a: Rotom
|-sideend|p1: eelektrik funeral|Stealth Rock|[from] move: Defog|[of] p1a: Rotom
|move|p2a: Toxapex|Scald|p1a: Rotom
|-resisted|p1a: Rotom
|-damage|p1a: Rotom|65/100
|-status|p1a: Rotom|brn
|
|-damage|p1a: Rotom|58/100 brn|[from] brn
|upkeep
|turn|19
|inactive|eelektrik funeral has 120 seconds left.
|
|t:|1664890607
|switch|p2a: Hippowdon|Hippowdon, M|100/100
|-weather|Sandstorm|[from] ability: Sand Stream|[of] p2a: Hippowdon
|move|p1a: Rotom|Trick|p2a: Hippowdon
|-activate|p1a: Rotom|move: Trick|[of] p2a: Hippowdon
|-enditem|p2a: Hippowdon|Leftovers|[silent]|[from] move: Trick
|-item|p1a: Rotom|Leftovers|[from] move: Trick
|
|-weather|Sandstorm|[upkeep]
|-damage|p1a: Rotom|52/100 brn|[from] Sandstorm
|-heal|p1a: Rotom|58/100 brn|[from] item: Leftovers
|-damage|p1a: Rotom|52/100 brn|[from] brn
|upkeep
|turn|20
|
|t:|1664890618
|switch|p2a: Toxapex|Toxapex, M|100/100
|move|p1a: Rotom|Hydro Pump|p2a: Toxapex
|-resisted|p2a: Toxapex
|-damage|p2a: Toxapex|84/100
|
|-weather|Sandstorm|[upkeep]
|-damage|p1a: Rotom|46/100 brn|[from] Sandstorm
|-damage|p2a: Toxapex|78/100|[from] Sandstorm
|-heal|p1a: Rotom|52/100 brn|[from] item: Leftovers
|-damage|p1a: Rotom|46/100 brn|[from] brn
|upkeep
|turn|21
|inactive|eelektrik funeral has 120 seconds left.
|inactive|eelektrik funeral has 90 seconds left.
|
|t:|1664890668
|move|p1a: Rotom|Volt Switch|p2a: Toxapex
|-supereffective|p2a: Toxapex
|-damage|p2a: Toxapex|34/100
|inactive|eelektrik funeral has 90 seconds left.
|
|t:|1664890695
|switch|p1a: Raikou|Raikou, shiny|24/100 tox|[from]move: Volt Switch
|-ability|p1a: Raikou|Pressure
|move|p2a: Toxapex|Recover|p2a: Toxapex
|-heal|p2a: Toxapex|84/100
|
|-weather|Sandstorm|[upkeep]
|-damage|p1a: Raikou|18/100 tox|[from] Sandstorm
|-damage|p2a: Toxapex|78/100|[from] Sandstorm
|-damage|p1a: Raikou|12/100 tox|[from] psn
|upkeep
|turn|22
|inactive|eelektrik funeral has 60 seconds left.
|
|t:|1664890731
|switch|p2a: Umbreon|Umbreon, F|100/100
|move|p1a: Raikou|Scald|p2a: Umbreon
|-crit|p2a: Umbreon
|-damage|p2a: Umbreon|75/100
|
|-weather|Sandstorm|[upkeep]
|-damage|p1a: Raikou|6/100 tox|[from] Sandstorm
|-damage|p2a: Umbreon|69/100|[from] Sandstorm
|-heal|p2a: Umbreon|75/100|[from] item: Leftovers
|-damage|p1a: Raikou|0 fnt|[from] psn
|faint|p1a: Raikou
|upkeep
|inactive|eelektrik funeral has 30 seconds left.
|l|☆eelektrik funeral
|inactive|eelektrik funeral disconnected and has a minute to reconnect!
|player|p1|
|inactive|eelektrik funeral has 20 seconds left.
|inactive|eelektrik funeral has 15 seconds left.
|inactive|eelektrik funeral has 10 seconds left.
|inactive|eelektrik funeral has 5 seconds left.
|-message|eelektrik funeral lost due to inactivity.
|
|win|gaenisalbino
|raw|eelektrik funeral's rating: 1600 &rarr; <strong>1579</strong><br />(-21 for losing)
|raw|gaenisalbino's rating: 1575 &rarr; <strong>1596</strong><br />(+21 for winning)
|c|☆gaenisalbino|yeah thats what you noobs do
|c|☆gaenisalbino|when you can't play
|c|☆gaenisalbino|shitty dumbass player
||Ladder isn't responding, score probably updated but might not have (Request timeout).
