|j|☆noudle soop
|j|☆LT84JM Acey!
|t:|1627413738
|gametype|singles
|player|p1|noudle soop|unknown|1725
|player|p2|LT84JM Acey!|elesa|1728
|teamsize|p1|6
|teamsize|p2|6
|gen|8
|tier|[Gen 8] OU
|rated|
|rule|Sleep Clause Mod: Limit one foe put to sleep
|rule|Species Clause: Limit one of each Pokémon
|rule|OHKO Clause: OHKO moves are banned
|rule|Evasion Moves Clause: Evasion moves are banned
|rule|Endless Battle Clause: Forcing endless battles is banned
|rule|HP Percentage Mod: HP is shown in percentages
|rule|Dynamax Clause: You cannot dynamax
|clearpoke
|poke|p1|Tapu Fini|
|poke|p1|Mamoswine, M|
|poke|p1|Magnezone|
|poke|p1|Dragonite, M|
|poke|p1|Heatran, F|
|poke|p1|Kartana|
|poke|p2|Weavile, M|
|poke|p2|Volcanion|
|poke|p2|Zapdos|
|poke|p2|Landorus-Therian, M|
|poke|p2|Ferrothorn, F|
|poke|p2|Tapu Lele|
|teampreview
|inactive|Battle timer is ON: inactive players will automatically lose when time's up. (requested by noudle soop)
|j| Cycle 4 sniper
|j| LT84JMM
|inactive|LT84JM Acey! has 120 seconds left.
|
|t:|1627413777
|start
|switch|p1a: Tapu Fini|Tapu Fini|100/100
|switch|p2a: Tapu Lele|Tapu Lele|100/100
|-fieldstart|move: Psychic Terrain|[from] ability: Psychic Surge|[of] p2a: Tapu Lele
|-fieldstart|move: Misty Terrain|[from] ability: Misty Surge|[of] p1a: Tapu Fini
|turn|1
|inactive|noudle soop has 120 seconds left.
|
|t:|1627413812
|switch|p2a: Volcanion|Volcanion|100/100
|move|p1a: Tapu Fini|Moonblast|p2a: Volcanion
|-resisted|p2a: Volcanion
|-damage|p2a: Volcanion|76/100
|
|upkeep
|turn|2
|
|t:|1627413820
|move|p1a: Tapu Fini|Knock Off|p2a: Volcanion
|-damage|p2a: Volcanion|61/100
|-enditem|p2a: Volcanion|Heavy-Duty Boots|[from] move: Knock Off|[of] p1a: Tapu Fini
|move|p2a: Volcanion|Sludge Wave|p1a: Tapu Fini
|-supereffective|p1a: Tapu Fini
|-damage|p1a: Tapu Fini|37/100
|
|upkeep
|turn|3
|j| bikii
|
|t:|1627413827
|move|p1a: Tapu Fini|Moonblast|p2a: Volcanion
|-resisted|p2a: Volcanion
|-damage|p2a: Volcanion|31/100
|move|p2a: Volcanion|Steam Eruption|p1a: Tapu Fini
|-resisted|p1a: Tapu Fini
|-damage|p1a: Tapu Fini|8/100
|
|upkeep
|turn|4
|
|t:|1627413834
|move|p1a: Tapu Fini|Moonblast|p2a: Volcanion
|-resisted|p2a: Volcanion
|-damage|p2a: Volcanion|2/100
|-unboost|p2a: Volcanion|spa|1
|move|p2a: Volcanion|Steam Eruption|p1a: Tapu Fini
|-resisted|p1a: Tapu Fini
|-damage|p1a: Tapu Fini|0 fnt
|faint|p1a: Tapu Fini
|
|upkeep
|
|t:|1627413838
|switch|p1a: Mamoswine|Mamoswine, M|100/100
|turn|5
|
|t:|1627413843
|move|p1a: Mamoswine|Ice Shard|p2a: Volcanion
|-resisted|p2a: Volcanion
|-damage|p2a: Volcanion|0 fnt
|faint|p2a: Volcanion
|
|-fieldend|Misty Terrain
|upkeep
|
|t:|1627413846
|switch|p2a: Tapu Lele|Tapu Lele|100/100
|-fieldstart|move: Psychic Terrain|[from] ability: Psychic Surge|[of] p2a: Tapu Lele
|turn|6
|
|t:|1627413849
|switch|p1a: Heatran|Heatran, F|100/100
|move|p2a: Tapu Lele|Focus Blast|p1a: Heatran|[miss]
|-miss|p2a: Tapu Lele|p1a: Heatran
|
|upkeep
|turn|7
|
|t:|1627413854
|switch|p2a: Landorus|Landorus-Therian, M|100/100
|-ability|p2a: Landorus|Intimidate|boost
|-unboost|p1a: Heatran|atk|1
|move|p1a: Heatran|Magma Storm|p2a: Landorus
|-crit|p2a: Landorus
|-damage|p2a: Landorus|51/100
|-activate|p2a: Landorus|move: Magma Storm|[of] p1a: Heatran
|
|-heal|p2a: Landorus|57/100|[from] item: Leftovers
|-damage|p2a: Landorus|44/100|[from] move: Magma Storm|[partiallytrapped]
|upkeep
|turn|8
|
|t:|1627413880
|move|p2a: Landorus|Earthquake|p1a: Heatran
|-supereffective|p1a: Heatran
|-damage|p1a: Heatran|0 fnt
|faint|p1a: Heatran
|
|-heal|p2a: Landorus|50/100|[from] item: Leftovers
|-end|p2a: Landorus|Magma Storm|[partiallytrapped]|[silent]
|upkeep
|
|t:|1627413884
|switch|p1a: Mamoswine|Mamoswine, M|100/100
|turn|9
|l| bikii
|
|t:|1627413889
|switch|p2a: Ferrothorn|Ferrothorn, F|100/100
|move|p1a: Mamoswine|Substitute|p1a: Mamoswine
|-start|p1a: Mamoswine|Substitute
|-damage|p1a: Mamoswine|76/100
|
|-heal|p1a: Mamoswine|82/100|[from] item: Leftovers
|upkeep
|turn|10
|
|t:|1627413891
|move|p1a: Mamoswine|Earthquake|p2a: Ferrothorn
|-damage|p2a: Ferrothorn|61/100
|move|p2a: Ferrothorn|Gyro Ball|p1a: Mamoswine
|-supereffective|p1a: Mamoswine
|-crit|p1a: Mamoswine
|-end|p1a: Mamoswine|Substitute
|
|-heal|p1a: Mamoswine|88/100|[from] item: Leftovers
|-fieldend|move: Psychic Terrain
|upkeep
|turn|11
|
|t:|1627413898
|switch|p1a: Magnezone|Magnezone|100/100
|-item|p1a: Magnezone|Air Balloon
|switch|p2a: Landorus|Landorus-Therian, M|50/100
|-ability|p2a: Landorus|Intimidate|boost
|-unboost|p1a: Magnezone|atk|1
|
|-heal|p2a: Landorus|57/100|[from] item: Leftovers
|upkeep
|turn|12
|
|t:|1627413902
|move|p2a: Landorus|U-turn|p1a: Magnezone
|-resisted|p1a: Magnezone
|-damage|p1a: Magnezone|91/100
|-enditem|p1a: Magnezone|Air Balloon
|
|t:|1627413903
|switch|p2a: Zapdos|Zapdos|100/100|[from]move: U-turn
|move|p1a: Magnezone|Flash Cannon|p2a: Zapdos
|-resisted|p2a: Zapdos
|-damage|p2a: Zapdos|83/100
|-unboost|p2a: Zapdos|spd|1
|
|upkeep
|turn|13
|
|t:|1627413907
|switch|p2a: Landorus|Landorus-Therian, M|57/100
|-ability|p2a: Landorus|Intimidate|boost
|-unboost|p1a: Magnezone|atk|1
|move|p1a: Magnezone|Thunderbolt|p2a: Landorus
|-immune|p2a: Landorus
|
|-heal|p2a: Landorus|63/100|[from] item: Leftovers
|upkeep
|turn|14
|
|t:|1627413910
|switch|p1a: Dragonite|Dragonite, M|100/100
|move|p2a: Landorus|Earthquake|p1a: Dragonite
|-immune|p1a: Dragonite
|
|-heal|p2a: Landorus|69/100|[from] item: Leftovers
|upkeep
|turn|15
|
|t:|1627413916
|move|p1a: Dragonite|Dragon Dance|p1a: Dragonite
|-boost|p1a: Dragonite|atk|1
|-boost|p1a: Dragonite|spe|1
|move|p2a: Landorus|U-turn|p1a: Dragonite
|-resisted|p1a: Dragonite
|-damage|p1a: Dragonite|95/100
|
|t:|1627413919
|switch|p2a: Tapu Lele|Tapu Lele|100/100|[from]move: U-turn
|-fieldstart|move: Psychic Terrain|[from] ability: Psychic Surge|[of] p2a: Tapu Lele
|
|upkeep
|turn|16
|
|t:|1627413922
|move|p2a: Tapu Lele|Moonblast|p1a: Dragonite
|-supereffective|p1a: Dragonite
|-damage|p1a: Dragonite|0 fnt
|faint|p1a: Dragonite
|
|upkeep
|
|t:|1627413924
|switch|p1a: Magnezone|Magnezone|91/100
|turn|17
|
|t:|1627413932
|switch|p2a: Landorus|Landorus-Therian, M|69/100
|-ability|p2a: Landorus|Intimidate|boost
|-unboost|p1a: Magnezone|atk|1
|move|p1a: Magnezone|Body Press|p2a: Landorus
|-resisted|p2a: Landorus
|-damage|p2a: Landorus|55/100
|
|-heal|p2a: Landorus|61/100|[from] item: Leftovers
|upkeep
|turn|18
|
|t:|1627413936
|move|p2a: Landorus|Earthquake|p1a: Magnezone
|-supereffective|p1a: Magnezone
|-damage|p1a: Magnezone|0 fnt
|faint|p1a: Magnezone
|
|-heal|p2a: Landorus|67/100|[from] item: Leftovers
|upkeep
|
|t:|1627413938
|switch|p1a: Mamoswine|Mamoswine, M|88/100
|turn|19
|
|t:|1627413940
|move|p1a: Mamoswine|Icicle Crash|p2a: Landorus
|-supereffective|p2a: Landorus
|-crit|p2a: Landorus
|-damage|p2a: Landorus|0 fnt
|faint|p2a: Landorus
|
|-heal|p1a: Mamoswine|94/100|[from] item: Leftovers
|-fieldend|move: Psychic Terrain
|upkeep
|
|t:|1627413946
|switch|p2a: Tapu Lele|Tapu Lele|100/100
|-fieldstart|move: Psychic Terrain|[from] ability: Psychic Surge|[of] p2a: Tapu Lele
|turn|20
|
|t:|1627413949
|move|p2a: Tapu Lele|Focus Blast|p1a: Mamoswine
|-supereffective|p1a: Mamoswine
|-damage|p1a: Mamoswine|0 fnt
|faint|p1a: Mamoswine
|
|upkeep
|-message|noudle soop forfeited.
|
|win|LT84JM Acey!
|raw|noudle soop's rating: 1748 &rarr; <strong>1727</strong><br />(-21 for losing)
|raw|LT84JM Acey!'s rating: 1728 &rarr; <strong>1749</strong><br />(+21 for winning)
|l|☆noudle soop
|l| LT84JMM
||Ladder isn't responding, score probably updated but might not have (Request timeout).
