|j|☆Mievi
|j|☆gotsnsd
|t:|1656004265
|gametype|singles
|player|p1|Mievi|iris-gen5bw2|1413
|player|p2|gotsnsd|beauty-gen2jp|1514
|teamsize|p1|6
|teamsize|p2|6
|gen|8
|tier|[Gen 8] OU
|rated|
|rule|Sleep Clause Mod: Limit one foe put to sleep
|rule|Species Clause: Limit one of each Pokémon
|rule|OHKO Clause: OHKO moves are banned
|rule|Evasion Moves Clause: Evasion moves are banned
|rule|Endless Battle Clause: Forcing endless battles is banned
|rule|HP Percentage Mod: HP is shown in percentages
|rule|Dynamax Clause: You cannot dynamax
|clearpoke
|poke|p1|Mew|
|poke|p1|Corviknight, F|
|poke|p1|Tornadus-Therian, M|
|poke|p1|Toxapex, M|
|poke|p1|Clefable, F|
|poke|p1|Hippowdon, M|
|poke|p2|Kartana|
|poke|p2|Landorus-Therian, M|
|poke|p2|Weavile, F|
|poke|p2|Azumarill, F|
|poke|p2|Tyranitar, F|
|poke|p2|Zapdos|
|teampreview
|inactive|Battle timer is ON: inactive players will automatically lose when time's up. (requested by Mievi)
|
|t:|1656004277
|start
|switch|p1a: Toxapex|Toxapex, M|100/100
|switch|p2a: Tyranitar|Tyranitar, F|100/100
|-weather|Sandstorm|[from] ability: Sand Stream|[of] p2a: Tyranitar
|turn|1
|
|t:|1656004290
|switch|p2a: Zapdos|Zapdos|100/100
|move|p1a: Toxapex|Toxic|p2a: Zapdos
|-status|p2a: Zapdos|tox
|
|-weather|Sandstorm|[upkeep]
|-damage|p2a: Zapdos|94/100 tox|[from] Sandstorm
|-damage|p1a: Toxapex|94/100|[from] Sandstorm
|-damage|p2a: Zapdos|88/100 tox|[from] psn
|upkeep
|turn|2
|
|t:|1656004300
|switch|p2a: Landorus|Landorus-Therian, M|100/100
|-ability|p2a: Landorus|Intimidate|boost
|-unboost|p1a: Toxapex|atk|1
|switch|p1a: Hippowdon|Hippowdon, M|100/100
|
|-weather|Sandstorm|[upkeep]
|upkeep
|turn|3
|
|t:|1656004307
|move|p2a: Landorus|Toxic|p1a: Hippowdon
|-status|p1a: Hippowdon|tox
|move|p1a: Hippowdon|Stealth Rock|p2a: Landorus
|-sidestart|p2: gotsnsd|move: Stealth Rock
|
|-weather|Sandstorm|[upkeep]
|-damage|p1a: Hippowdon|94/100 tox|[from] psn
|upkeep
|turn|4
|
|t:|1656004324
|switch|p1a: Corviknight|Corviknight, F|100/100
|-ability|p1a: Corviknight|Pressure
|move|p2a: Landorus|Knock Off|p1a: Corviknight
|-damage|p1a: Corviknight|72/100
|-enditem|p1a: Corviknight|Leftovers|[from] move: Knock Off|[of] p2a: Landorus
|
|-weather|Sandstorm|[upkeep]
|upkeep
|turn|5
|
|t:|1656004335
|move|p2a: Landorus|Stealth Rock|p1a: Corviknight
|-sidestart|p1: Mievi|move: Stealth Rock
|move|p1a: Corviknight|U-turn|p2a: Landorus
|-resisted|p2a: Landorus
|-damage|p2a: Landorus|93/100
|-enditem|p2a: Landorus|Eject Button
|
|t:|1656004363
|switch|p2a: Weavile|Weavile, F|100/100
|-damage|p2a: Weavile|76/100|[from] Stealth Rock
|-ability|p2a: Weavile|Pressure
|
|-weather|none
|upkeep
|turn|6
|
|t:|1656004375
|move|p2a: Weavile|Swords Dance|p2a: Weavile
|-boost|p2a: Weavile|atk|2
|move|p1a: Corviknight|U-turn|p2a: Weavile
|-supereffective|p2a: Weavile
|-damage|p2a: Weavile|24/100
|
|t:|1656004380
|switch|p1a: Clefable|Clefable, F|100/100|[from]move: U-turn
|-damage|p1a: Clefable|88/100|[from] Stealth Rock
|
|-heal|p1a: Clefable|94/100|[from] item: Leftovers
|upkeep
|turn|7
|
|t:|1656004386
|move|p2a: Weavile|Triple Axel|p1a: Clefable
|-damage|p1a: Clefable|86/100
|-damage|p1a: Clefable|71/100
|-damage|p1a: Clefable|50/100
|-hitcount|p1a: Clefable|3
|move|p1a: Clefable|Aromatherapy|p1a: Clefable
|-activate|p1a: Clefable|move: Aromatherapy
|-curestatus|p1: Hippowdon|tox|[msg]
|
|-heal|p1a: Clefable|57/100|[from] item: Leftovers
|upkeep
|turn|8
|
|t:|1656004394
|move|p2a: Weavile|Triple Axel|p1a: Clefable
|-damage|p1a: Clefable|49/100
|-hitcount|p1a: Clefable|1
|move|p1a: Clefable|Soft-Boiled|p1a: Clefable
|-heal|p1a: Clefable|99/100
|
|-heal|p1a: Clefable|100/100|[from] item: Leftovers
|upkeep
|turn|9
|
|t:|1656004414
|move|p2a: Weavile|Knock Off|p1a: Clefable
|-resisted|p1a: Clefable
|-damage|p1a: Clefable|82/100
|-enditem|p1a: Clefable|Leftovers|[from] move: Knock Off|[of] p2a: Weavile
|move|p1a: Clefable|Moonblast|p2a: Weavile
|-supereffective|p2a: Weavile
|-damage|p2a: Weavile|0 fnt
|faint|p2a: Weavile
|
|upkeep
|
|t:|1656004419
|switch|p2a: Kartana|Kartana|100/100
|-damage|p2a: Kartana|95/100|[from] Stealth Rock
|turn|10
|
|t:|1656004432
|switch|p1a: Tornadus|Tornadus-Therian, M|100/100
|move|p2a: Kartana|Defog|p1a: Tornadus
|-unboost|p1a: Tornadus|evasion|1
|-sideend|p1: Mievi|Stealth Rock|[from] move: Defog|[of] p2a: Kartana
|-sideend|p2: gotsnsd|Stealth Rock|[from] move: Defog|[of] p2a: Kartana
|
|upkeep
|turn|11
|
|t:|1656004445
|switch|p2a: Zapdos|Zapdos|88/100 tox
|move|p1a: Tornadus|Knock Off|p2a: Zapdos
|-damage|p2a: Zapdos|75/100 tox
|-enditem|p2a: Zapdos|Heavy-Duty Boots|[from] move: Knock Off|[of] p1a: Tornadus
|
|-damage|p2a: Zapdos|69/100 tox|[from] psn
|upkeep
|turn|12
|
|t:|1656004452
|switch|p1a: Hippowdon|Hippowdon, M|94/100
|-weather|Sandstorm|[from] ability: Sand Stream|[of] p1a: Hippowdon
|switch|p2a: Tyranitar|Tyranitar, F|100/100
|
|-weather|Sandstorm|[upkeep]
|-heal|p1a: Hippowdon|100/100|[from] item: Leftovers
|upkeep
|turn|13
|
|t:|1656004465
|switch|p2a: Kartana|Kartana|95/100
|move|p1a: Hippowdon|Earthquake|p2a: Kartana
|-damage|p2a: Kartana|59/100
|
|-weather|Sandstorm|[upkeep]
|upkeep
|turn|14
|
|t:|1656004474
|switch|p2a: Azumarill|Azumarill, F|100/100
|switch|p1a: Tornadus|Tornadus-Therian, M|100/100
|
|-weather|Sandstorm|[upkeep]
|-damage|p1a: Tornadus|94/100|[from] Sandstorm
|-damage|p2a: Azumarill|94/100|[from] Sandstorm
|upkeep
|turn|15
|
|t:|1656004480
|move|p1a: Tornadus|Toxic|p2a: Azumarill
|-status|p2a: Azumarill|tox
|move|p2a: Azumarill|Play Rough|p1a: Tornadus
|-damage|p1a: Tornadus|34/100
|
|-weather|Sandstorm|[upkeep]
|-damage|p1a: Tornadus|28/100|[from] Sandstorm
|-damage|p2a: Azumarill|88/100 tox|[from] Sandstorm
|-damage|p2a: Azumarill|82/100 tox|[from] psn
|upkeep
|turn|16
|
|t:|1656004491
|switch|p1a: Corviknight|Corviknight, F|72/100
|-ability|p1a: Corviknight|Pressure
|move|p2a: Azumarill|Aqua Jet|p1a: Corviknight
|-damage|p1a: Corviknight|50/100
|
|-weather|none
|-damage|p2a: Azumarill|70/100 tox|[from] psn
|upkeep
|turn|17
|
|t:|1656004498
|switch|p2a: Tyranitar|Tyranitar, F|100/100
|-weather|Sandstorm|[from] ability: Sand Stream|[of] p2a: Tyranitar
|move|p1a: Corviknight|Roost|p1a: Corviknight
|-heal|p1a: Corviknight|99/100
|-singleturn|p1a: Corviknight|move: Roost
|
|-weather|Sandstorm|[upkeep]
|upkeep
|turn|18
|
|t:|1656004505
|move|p1a: Corviknight|Body Press|p2a: Tyranitar
|-supereffective|p2a: Tyranitar
|-damage|p2a: Tyranitar|30/100
|move|p2a: Tyranitar|Crunch|p1a: Corviknight
|-damage|p1a: Corviknight|46/100
|-unboost|p1a: Corviknight|def|1
|
|-weather|Sandstorm|[upkeep]
|upkeep
|turn|19
|
|t:|1656004513
|switch|p2a: Landorus|Landorus-Therian, M|93/100
|-ability|p2a: Landorus|Intimidate|boost
|-unboost|p1a: Corviknight|atk|1
|move|p1a: Corviknight|Body Press|p2a: Landorus
|-resisted|p2a: Landorus
|-damage|p2a: Landorus|87/100
|
|-weather|Sandstorm|[upkeep]
|upkeep
|turn|20
|
|t:|1656004520
|move|p2a: Landorus|Stealth Rock|p1a: Corviknight
|-sidestart|p1: Mievi|move: Stealth Rock
|move|p1a: Corviknight|Roost|p1a: Corviknight
|-heal|p1a: Corviknight|96/100
|-singleturn|p1a: Corviknight|move: Roost
|
|-weather|Sandstorm|[upkeep]
|upkeep
|turn|21
|
|t:|1656004525
|switch|p2a: Zapdos|Zapdos|69/100 tox
|move|p1a: Corviknight|Defog|p2a: Zapdos
|-unboost|p2a: Zapdos|evasion|1
|-sideend|p1: Mievi|Stealth Rock|[from] move: Defog|[of] p1a: Corviknight
|
|-weather|none
|-damage|p2a: Zapdos|63/100 tox|[from] psn
|upkeep
|turn|22
|
|t:|1656004537
|switch|p1a: Hippowdon|Hippowdon, M|100/100
|-weather|Sandstorm|[from] ability: Sand Stream|[of] p1a: Hippowdon
|switch|p2a: Landorus|Landorus-Therian, M|87/100
|-ability|p2a: Landorus|Intimidate|boost
|-unboost|p1a: Hippowdon|atk|1
|
|-weather|Sandstorm|[upkeep]
|upkeep
|turn|23
|
|t:|1656004545
|move|p2a: Landorus|Knock Off|p1a: Hippowdon
|-damage|p1a: Hippowdon|78/100
|-enditem|p1a: Hippowdon|Leftovers|[from] move: Knock Off|[of] p2a: Landorus
|move|p1a: Hippowdon|Stealth Rock|p2a: Landorus
|-sidestart|p2: gotsnsd|move: Stealth Rock
|
|-weather|Sandstorm|[upkeep]
|upkeep
|turn|24
|
|t:|1656004558
|switch|p1a: Tornadus|Tornadus-Therian, M|61/100
|move|p2a: Landorus|Stealth Rock|p1a: Tornadus
|-sidestart|p1: Mievi|move: Stealth Rock
|
|-weather|Sandstorm|[upkeep]
|-damage|p1a: Tornadus|55/100|[from] Sandstorm
|upkeep
|turn|25
|
|t:|1656004573
|switch|p2a: Zapdos|Zapdos|63/100 tox
|-damage|p2a: Zapdos|38/100 tox|[from] Stealth Rock
|move|p1a: Tornadus|Toxic|p2a: Zapdos
|-fail|p2a: Zapdos|tox
|
|-weather|Sandstorm|[upkeep]
|-damage|p1a: Tornadus|49/100|[from] Sandstorm
|-damage|p2a: Zapdos|32/100 tox|[from] Sandstorm
|-damage|p2a: Zapdos|26/100 tox|[from] psn
|upkeep
|turn|26
|
|t:|1656004578
|switch|p1a: Hippowdon|Hippowdon, M|78/100
|-damage|p1a: Hippowdon|72/100|[from] Stealth Rock
|move|p2a: Zapdos|Roost|p2a: Zapdos
|-heal|p2a: Zapdos|76/100 tox
|-singleturn|p2a: Zapdos|move: Roost
|
|-weather|none
|-damage|p2a: Zapdos|64/100 tox|[from] psn
|upkeep
|turn|27
|
|t:|1656004586
|move|p1a: Hippowdon|Protect|p1a: Hippowdon
|-singleturn|p1a: Hippowdon|Protect
|move|p2a: Zapdos|Hurricane|p1a: Hippowdon
|-activate|p1a: Hippowdon|move: Protect
|
|-damage|p2a: Zapdos|46/100 tox|[from] psn
|upkeep
|turn|28
|
|t:|1656004597
|switch|p2a: Kartana|Kartana|59/100
|-damage|p2a: Kartana|53/100|[from] Stealth Rock
|move|p1a: Hippowdon|Slack Off|p1a: Hippowdon
|-heal|p1a: Hippowdon|100/100
|
|upkeep
|turn|29
|
|t:|1656004612
|switch|p1a: Corviknight|Corviknight, F|96/100
|-damage|p1a: Corviknight|84/100|[from] Stealth Rock
|-ability|p1a: Corviknight|Pressure
|move|p2a: Kartana|Defog|p1a: Corviknight
|-unboost|p1a: Corviknight|evasion|1
|-sideend|p1: Mievi|Stealth Rock|[from] move: Defog|[of] p2a: Kartana
|-sideend|p2: gotsnsd|Stealth Rock|[from] move: Defog|[of] p2a: Kartana
|
|upkeep
|turn|30
|
|t:|1656004621
|switch|p2a: Zapdos|Zapdos|46/100 tox
|move|p1a: Corviknight|U-turn|p2a: Zapdos
|-resisted|p2a: Zapdos
|-damage|p2a: Zapdos|41/100 tox
|
|t:|1656004627
|switch|p1a: Hippowdon|Hippowdon, M|100/100|[from]move: U-turn
|-weather|Sandstorm|[from] ability: Sand Stream|[of] p1a: Hippowdon
|
|-weather|Sandstorm|[upkeep]
|-damage|p2a: Zapdos|35/100 tox|[from] Sandstorm
|-damage|p2a: Zapdos|29/100 tox|[from] psn
|upkeep
|turn|31
|
|t:|1656004635
|switch|p2a: Landorus|Landorus-Therian, M|87/100
|-ability|p2a: Landorus|Intimidate|boost
|-unboost|p1a: Hippowdon|atk|1
|move|p1a: Hippowdon|Stealth Rock|p2a: Landorus
|-sidestart|p2: gotsnsd|move: Stealth Rock
|
|-weather|Sandstorm|[upkeep]
|upkeep
|turn|32
|
|t:|1656004643
|switch|p1a: Tornadus|Tornadus-Therian, M|82/100
|move|p2a: Landorus|Stealth Rock|p1a: Tornadus
|-sidestart|p1: Mievi|move: Stealth Rock
|
|-weather|Sandstorm|[upkeep]
|-damage|p1a: Tornadus|76/100|[from] Sandstorm
|upkeep
|turn|33
|
|t:|1656004650
|switch|p2a: Kartana|Kartana|53/100
|-damage|p2a: Kartana|47/100|[from] Stealth Rock
|move|p1a: Tornadus|Toxic|p2a: Kartana
|-immune|p2a: Kartana
|
|-weather|Sandstorm|[upkeep]
|-damage|p1a: Tornadus|70/100|[from] Sandstorm
|upkeep
|turn|34
|
|t:|1656004658
|move|p1a: Tornadus|Heat Wave|p2a: Kartana
|-supereffective|p2a: Kartana
|-damage|p2a: Kartana|0 fnt
|faint|p2a: Kartana
|
|-weather|none
|upkeep
|
|t:|1656004667
|switch|p2a: Azumarill|Azumarill, F|70/100 tox
|-damage|p2a: Azumarill|58/100 tox|[from] Stealth Rock
|turn|35
|-message|gotsnsd forfeited.
|
|win|Mievi
|raw|Mievi's rating: 1413 &rarr; <strong>1439</strong><br />(+26 for winning)
|raw|gotsnsd's rating: 1514 &rarr; <strong>1488</strong><br />(-26 for losing)
|l|☆gotsnsd
||Ladder isn't responding, score probably updated but might not have (Request timeout).
