|j|☆Contorted Lies
|j|☆maxou1239
|t:|1606082333
|player|p1|Contorted Lies|1|1861
|player|p2|maxou1239|giovanni|1815
|teamsize|p1|6
|teamsize|p2|6
|gametype|singles
|gen|8
|tier|[Gen 8] OU
|rated|
|clearpoke
|poke|p1|Pheromosa|
|poke|p1|Tapu Lele|
|poke|p1|Heatran, F|
|poke|p1|Tapu Fini|
|poke|p1|Landorus-Therian, M|
|poke|p1|Kartana|
|poke|p2|Landorus-Therian, M|
|poke|p2|Magearna|
|poke|p2|Melmetal|
|poke|p2|Urshifu-*, M|
|poke|p2|Mew|
|poke|p2|Pheromosa|
|rule|Sleep Clause Mod: Limit one foe put to sleep
|rule|Species Clause: Limit one of each Pokémon
|rule|OHKO Clause: OHKO moves are banned
|rule|Evasion Moves Clause: Evasion moves are banned
|rule|Endless Battle Clause: Forcing endless battles is banned
|rule|HP Percentage Mod: HP is shown in percentages
|rule|Dynamax Clause: You cannot dynamax
|teampreview
|inactive|Battle timer is ON: inactive players will automatically lose when time's up. (requested by maxou1239)
|j| zamcforou
|j| Trunx
|j| Mmijk
|j| ILikeTheDonald
|
|t:|1606082353
|start
|switch|p1a: Landorus|Landorus-Therian, M|100/100
|switch|p2a: Pheromosa|Pheromosa|100/100
|-ability|p1a: Landorus|Intimidate|boost
|-unboost|p2a: Pheromosa|atk|1
|turn|1
|j| Vessev
|j| GWShark101
|
|t:|1606082365
|switch|p1a: Tapu Fini|Tapu Fini|100/100
|-fieldstart|move: Misty Terrain|[from] ability: Misty Surge|[of] p1a: Tapu Fini
|move|p2a: Pheromosa|U-turn|p1a: Tapu Fini
|-resisted|p1a: Tapu Fini
|-damage|p1a: Tapu Fini|93/100
|j| BeakyFaff
|j| Z1067
|
|t:|1606082374
|switch|p2a: Magearna|Magearna|100/100|[from]move: U-turn
|
|-heal|p1a: Tapu Fini|99/100|[from] item: Leftovers
|upkeep
|turn|2
|
|t:|1606082385
|switch|p1a: Heatran|Heatran, F|100/100
|move|p2a: Magearna|Flash Cannon|p1a: Heatran
|-resisted|p1a: Heatran
|-crit|p1a: Heatran
|-damage|p1a: Heatran|91/100
|-unboost|p1a: Heatran|spd|1
|
|-heal|p1a: Heatran|97/100|[from] item: Leftovers
|upkeep
|turn|3
|j| blessed days
|j| roltr
|inactive|maxou1239 has 120 seconds left.
|
|t:|1606082417
|move|p1a: Heatran|Magma Storm|p2a: Magearna|[miss]
|-miss|p1a: Heatran|p2a: Magearna
|move|p2a: Magearna|Volt Switch|p1a: Heatran
|-damage|p1a: Heatran|72/100
|inactive|maxou1239 has 120 seconds left.
|l| Mmijk
|l| Z1067
|j| ThedebatableReaper
|
|t:|1606082426
|switch|p2a: Mew|Mew|100/100|[from]move: Volt Switch
|
|-heal|p1a: Heatran|78/100|[from] item: Leftovers
|upkeep
|turn|4
|j| Aphro Mari
|
|t:|1606082453
|switch|p1a: Tapu Fini|Tapu Fini|99/100
|move|p2a: Mew|Stealth Rock|p1a: Tapu Fini
|-sidestart|p1: Contorted Lies|move: Stealth Rock
|
|-heal|p1a: Tapu Fini|100/100|[from] item: Leftovers
|upkeep
|turn|5
|
|t:|1606082459
|move|p2a: Mew|Taunt|p1a: Tapu Fini
|-start|p1a: Tapu Fini|move: Taunt
|cant|p1a: Tapu Fini|move: Taunt|Taunt
|
|-fieldend|Misty Terrain
|upkeep
|turn|6
|
|t:|1606082464
|switch|p1a: Heatran|Heatran, F|78/100
|-damage|p1a: Heatran|66/100|[from] Stealth Rock
|move|p2a: Mew|Thunder Wave|p1a: Heatran
|-status|p1a: Heatran|par
|
|-heal|p1a: Heatran|72/100 par|[from] item: Leftovers
|upkeep
|turn|7
|
|t:|1606082472
|move|p2a: Mew|Taunt|p1a: Heatran
|-start|p1a: Heatran|move: Taunt
|move|p1a: Heatran|Magma Storm|p2a: Mew
|-damage|p2a: Mew|57/100
|-activate|p2a: Mew|move: Magma Storm|[of] p1a: Heatran
|
|-heal|p1a: Heatran|78/100 par|[from] item: Leftovers
|-damage|p2a: Mew|45/100|[from] move: Magma Storm|[partiallytrapped]
|upkeep
|turn|8
|l| Aphro Mari
|
|t:|1606082480
|move|p2a: Mew|Explosion|p1a: Heatran
|-resisted|p1a: Heatran
|-damage|p1a: Heatran|46/100 par
|faint|p2a: Mew
|move|p1a: Heatran|Magma Storm|p2: Mew|[notarget]
|-fail|p1a: Heatran
|
|-heal|p1a: Heatran|52/100 par|[from] item: Leftovers
|upkeep
|j| jtaquille
|
|t:|1606082498
|switch|p2a: Landorus|Landorus-Therian, M|100/100
|-ability|p2a: Landorus|Intimidate|boost
|-unboost|p1a: Heatran|atk|1
|turn|9
|j| halsik
|
|t:|1606082517
|move|p2a: Landorus|U-turn|p1a: Heatran
|-resisted|p1a: Heatran
|-damage|p1a: Heatran|47/100 par
|
|t:|1606082523
|switch|p2a: Urshifu|Urshifu, M|100/100|[from]move: U-turn
|move|p1a: Heatran|Magma Storm|p2a: Urshifu
|-damage|p2a: Urshifu|34/100
|-activate|p2a: Urshifu|move: Magma Storm|[of] p1a: Heatran
|
|-heal|p1a: Heatran|53/100 par|[from] item: Leftovers
|-damage|p2a: Urshifu|21/100|[from] move: Magma Storm|[partiallytrapped]
|-end|p1a: Heatran|move: Taunt
|upkeep
|turn|10
|
|t:|1606082533
|switch|p1a: Tapu Fini|Tapu Fini|100/100
|-damage|p1a: Tapu Fini|88/100|[from] Stealth Rock
|-fieldstart|move: Misty Terrain|[from] ability: Misty Surge|[of] p1a: Tapu Fini
|move|p2a: Urshifu|Bulk Up|p2a: Urshifu
|-boost|p2a: Urshifu|atk|1
|-boost|p2a: Urshifu|def|1
|
|-heal|p1a: Tapu Fini|94/100|[from] item: Leftovers
|-end|p2a: Urshifu|Magma Storm|[partiallytrapped]|[silent]
|upkeep
|turn|11
|
|t:|1606082543
|move|p2a: Urshifu|Iron Head|p1a: Tapu Fini
|-damage|p1a: Tapu Fini|64/100
|move|p1a: Tapu Fini|Moonblast|p2a: Urshifu
|-supereffective|p2a: Urshifu
|-damage|p2a: Urshifu|0 fnt
|faint|p2a: Urshifu
|
|-heal|p1a: Tapu Fini|70/100|[from] item: Leftovers
|upkeep
|j| subgenio
|
|t:|1606082555
|switch|p2a: Magearna|Magearna|100/100
|turn|12
|l| halsik
|
|t:|1606082569
|switch|p1a: Heatran|Heatran, F|53/100 par
|-damage|p1a: Heatran|41/100 par|[from] Stealth Rock
|move|p2a: Magearna|Flash Cannon|p1a: Heatran
|-resisted|p1a: Heatran
|-damage|p1a: Heatran|33/100 par
|-unboost|p1a: Heatran|spd|1
|
|-heal|p1a: Heatran|39/100 par|[from] item: Leftovers
|upkeep
|turn|13
|
|t:|1606082578
|move|p2a: Magearna|Aura Sphere|p1a: Heatran
|-supereffective|p1a: Heatran
|-damage|p1a: Heatran|0 fnt
|faint|p1a: Heatran
|-ability|p2a: Magearna|Soul-Heart|boost
|-boost|p2a: Magearna|spa|1
|
|upkeep
|j| Rion Tac
|
|t:|1606082582
|switch|p1a: Landorus|Landorus-Therian, M|100/100
|-damage|p1a: Landorus|88/100|[from] Stealth Rock
|-ability|p1a: Landorus|Intimidate|boost
|-unboost|p2a: Magearna|atk|1
|turn|14
|
|t:|1606082590
|switch|p2a: Landorus|Landorus-Therian, M|100/100
|-ability|p2a: Landorus|Intimidate|boost
|-unboost|p1a: Landorus|atk|1
|move|p1a: Landorus|Earthquake|p2a: Landorus
|-immune|p2a: Landorus
|
|-fieldend|Misty Terrain
|upkeep
|turn|15
|
|t:|1606082601
|move|p1a: Landorus|Knock Off|p2a: Landorus
|-damage|p2a: Landorus|82/100
|-damage|p1a: Landorus|72/100|[from] item: Rocky Helmet|[of] p2a: Landorus
|-enditem|p2a: Landorus|Rocky Helmet|[from] move: Knock Off|[of] p1a: Landorus
|move|p2a: Landorus|U-turn|p1a: Landorus
|-resisted|p1a: Landorus
|-damage|p1a: Landorus|55/100
|
|t:|1606082613
|switch|p2a: Pheromosa|Pheromosa|100/100|[from]move: U-turn
|
|upkeep
|turn|16
|j| blackdarkness1
|
|t:|1606082623
|switch|p1a: Tapu Lele|Tapu Lele|100/100
|-damage|p1a: Tapu Lele|88/100|[from] Stealth Rock
|-fieldstart|move: Psychic Terrain|[from] ability: Psychic Surge|[of] p1a: Tapu Lele
|move|p2a: Pheromosa|U-turn|p1a: Tapu Lele
|-damage|p1a: Tapu Lele|41/100
|l| ILikeTheDonald
|
|t:|1606082631
|switch|p2a: Magearna|Magearna|100/100|[from]move: U-turn
|
|upkeep
|turn|17
|l| blackdarkness1
|
|t:|1606082635
|move|p1a: Tapu Lele|Psyshock|p2a: Magearna
|-resisted|p2a: Magearna
|-damage|p2a: Magearna|67/100
|move|p2a: Magearna|Draining Kiss|p1a: Tapu Lele
|-damage|p1a: Tapu Lele|11/100
|-heal|p2a: Magearna|85/100|[from] drain|[of] p1a: Tapu Lele
|
|upkeep
|turn|18
|
|t:|1606082643
|switch|p2a: Landorus|Landorus-Therian, M|82/100
|-ability|p2a: Landorus|Intimidate|boost
|-unboost|p1a: Tapu Lele|atk|1
|move|p1a: Tapu Lele|Psyshock|p2a: Landorus
|-damage|p2a: Landorus|20/100
|
|upkeep
|turn|19
|
|t:|1606082651
|move|p1a: Tapu Lele|Psyshock|p2a: Landorus
|-damage|p2a: Landorus|0 fnt
|faint|p2a: Landorus
|
|upkeep
|j| The Unlucky Player
|
|t:|1606082656
|switch|p2a: Pheromosa|Pheromosa|100/100
|turn|20
|
|t:|1606082662
|move|p2a: Pheromosa|Ice Beam|p1a: Tapu Lele
|-damage|p1a: Tapu Lele|0 fnt
|faint|p1a: Tapu Lele
|-ability|p2a: Pheromosa|Beast Boost|boost
|-boost|p2a: Pheromosa|spa|1
|
|-fieldend|move: Psychic Terrain
|upkeep
|
|t:|1606082670
|switch|p1a: Tapu Fini|Tapu Fini|70/100
|-damage|p1a: Tapu Fini|58/100|[from] Stealth Rock
|-fieldstart|move: Misty Terrain|[from] ability: Misty Surge|[of] p1a: Tapu Fini
|turn|21
|
|t:|1606082675
|move|p2a: Pheromosa|Ice Beam|p1a: Tapu Fini
|-resisted|p1a: Tapu Fini
|-damage|p1a: Tapu Fini|37/100
|move|p1a: Tapu Fini|Moonblast|p2a: Pheromosa
|-supereffective|p2a: Pheromosa
|-damage|p2a: Pheromosa|0 fnt
|faint|p2a: Pheromosa
|
|-heal|p1a: Tapu Fini|43/100|[from] item: Leftovers
|upkeep
|
|t:|1606082683
|switch|p2a: Magearna|Magearna|85/100
|turn|22
|j| Teslataters
|
|t:|1606082688
|move|p1a: Tapu Fini|Nature's Madness|p2a: Magearna
|-damage|p2a: Magearna|43/100
|move|p2a: Magearna|Flash Cannon|p1a: Tapu Fini
|-damage|p1a: Tapu Fini|8/100
|
|-heal|p1a: Tapu Fini|14/100|[from] item: Leftovers
|upkeep
|turn|23
|
|t:|1606082695
|move|p1a: Tapu Fini|Nature's Madness|p2a: Magearna
|-damage|p2a: Magearna|22/100
|move|p2a: Magearna|Draining Kiss|p1a: Tapu Fini
|-damage|p1a: Tapu Fini|0 fnt
|-heal|p2a: Magearna|31/100|[from] drain|[of] p1a: Tapu Fini
|faint|p1a: Tapu Fini
|-ability|p2a: Magearna|Soul-Heart|boost
|-boost|p2a: Magearna|spa|1
|
|upkeep
|
|t:|1606082700
|switch|p1a: Landorus|Landorus-Therian, M|55/100
|-damage|p1a: Landorus|43/100|[from] Stealth Rock
|-ability|p1a: Landorus|Intimidate|boost
|-unboost|p2a: Magearna|atk|1
|turn|24
|
|t:|1606082707
|move|p1a: Landorus|Earthquake|p2a: Magearna
|-supereffective|p2a: Magearna
|-damage|p2a: Magearna|0 fnt
|faint|p2a: Magearna
|
|upkeep
|
|t:|1606082712
|switch|p2a: Melmetal|Melmetal|100/100
|turn|25
|
|t:|1606082714
|move|p1a: Landorus|Earthquake|p2a: Melmetal
|-supereffective|p2a: Melmetal
|-damage|p2a: Melmetal|32/100
|move|p2a: Melmetal|Double Iron Bash|p1a: Landorus
|-damage|p1a: Landorus|0 fnt
|-hitcount|p1a: Landorus|1
|faint|p1a: Landorus
|
|-fieldend|Misty Terrain
|upkeep
|
|t:|1606082718
|switch|p1a: Kartana|Kartana|100/100
|-damage|p1a: Kartana|94/100|[from] Stealth Rock
|turn|26
|-message|maxou1239 forfeited.
|
|win|Contorted Lies
|l|☆maxou1239
|l|☆Contorted Lies
|l| blessed days
|l| Teslataters
|l| The Unlucky Player
|l| ThedebatableReaper
||Ladder (probably) updated, but score could not be retrieved (Request timeout).
