|j|☆yaboiAshK.
|j|☆cump3
|t:|1653768102
|gametype|singles
|player|p1|yaboiAshK.|ash|1547
|player|p2|cump3|gentleman-gen4|1592
|teamsize|p1|6
|teamsize|p2|6
|gen|8
|tier|[Gen 8] OU
|rated|
|rule|Sleep Clause Mod: Limit one foe put to sleep
|rule|Species Clause: Limit one of each Pokémon
|rule|OHKO Clause: OHKO moves are banned
|rule|Evasion Moves Clause: Evasion moves are banned
|rule|Endless Battle Clause: Forcing endless battles is banned
|rule|HP Percentage Mod: HP is shown in percentages
|rule|Dynamax Clause: You cannot dynamax
|clearpoke
|poke|p1|Ninetales-Alola, F|
|poke|p1|Arctozolt|
|poke|p1|Landorus-Therian, M|
|poke|p1|Tapu Fini|
|poke|p1|Kartana|
|poke|p1|Ferrothorn, M|
|poke|p2|Mew|
|poke|p2|Ninetales-Alola, F|
|poke|p2|Scolipede, M|
|poke|p2|Clefable, F|
|poke|p2|Jirachi|
|poke|p2|Tapu Lele|
|teampreview
|inactive|Battle timer is ON: inactive players will automatically lose when time's up. (requested by yaboiAshK.)
|
|t:|1653768108
|start
|switch|p1a: Papercut|Kartana|100/100
|switch|p2a: Scolipede|Scolipede, M|100/100
|turn|1
|
|t:|1653768113
|move|p1a: Papercut|Knock Off|p2a: Scolipede
|-damage|p2a: Scolipede|42/100
|-enditem|p2a: Scolipede|Life Orb|[from] move: Knock Off|[of] p1a: Papercut
|move|p2a: Scolipede|Swords Dance|p2a: Scolipede
|-boost|p2a: Scolipede|atk|2
|
|-ability|p2a: Scolipede|Speed Boost|boost
|-boost|p2a: Scolipede|spe|1
|upkeep
|turn|2
|
|t:|1653768118
|move|p1a: Papercut|Knock Off|p2a: Scolipede
|-damage|p2a: Scolipede|0 fnt
|faint|p2a: Scolipede
|-ability|p1a: Papercut|Beast Boost|boost
|-boost|p1a: Papercut|atk|1
|
|upkeep
|
|t:|1653768124
|switch|p2a: Clefable|Clefable, F|100/100
|turn|3
|
|t:|1653768132
|switch|p1a: Kiko Snowstorm|Ninetales-Alola, F|100/100
|-weather|Hail|[from] ability: Snow Warning|[of] p1a: Kiko Snowstorm
|move|p2a: Clefable|Calm Mind|p2a: Clefable
|-boost|p2a: Clefable|spa|1
|-boost|p2a: Clefable|spd|1
|
|-weather|Hail|[upkeep]
|upkeep
|turn|4
|
|t:|1653768136
|switch|p2a: Ninetales|Ninetales-Alola, F, shiny|100/100
|move|p1a: Kiko Snowstorm|Encore||[still]
|-fail|p1a: Kiko Snowstorm
|
|-weather|Hail|[upkeep]
|upkeep
|turn|5
|
|t:|1653768143
|switch|p1a: Prick Sanchez|Ferrothorn, M|100/100
|move|p2a: Ninetales|Encore||[still]
|-fail|p2a: Ninetales
|
|-weather|Hail|[upkeep]
|-damage|p1a: Prick Sanchez|95/100|[from] Hail
|upkeep
|turn|6
|
|t:|1653768148
|switch|p2a: Mew|Mew|100/100
|move|p1a: Prick Sanchez|Thunder Wave|p2a: Mew
|-status|p2a: Mew|par
|-activate|p2a: Mew|ability: Synchronize
|-status|p1a: Prick Sanchez|par
|
|-weather|Hail|[upkeep]
|-damage|p2a: Mew|94/100 par|[from] Hail
|-damage|p1a: Prick Sanchez|89/100 par|[from] Hail
|upkeep
|turn|7
|
|t:|1653768152
|cant|p2a: Mew|par
|move|p1a: Prick Sanchez|Leech Seed|p2a: Mew
|-start|p2a: Mew|move: Leech Seed
|
|-weather|none
|-damage|p2a: Mew|82/100 par|[from] Leech Seed|[of] p1a: Prick Sanchez
|-heal|p1a: Prick Sanchez|100/100 par|[silent]
|upkeep
|turn|8
|
|t:|1653768155
|move|p2a: Mew|Stealth Rock|p1a: Prick Sanchez
|-sidestart|p1: yaboiAshK.|move: Stealth Rock
|move|p1a: Prick Sanchez|Stealth Rock|p2a: Mew
|-sidestart|p2: cump3|move: Stealth Rock
|
|-damage|p2a: Mew|70/100 par|[from] Leech Seed|[of] p1a: Prick Sanchez
|upkeep
|turn|9
|
|t:|1653768160
|move|p2a: Mew|Spikes|p1a: Prick Sanchez
|-sidestart|p1: yaboiAshK.|Spikes
|move|p1a: Prick Sanchez|Power Whip|p2a: Mew
|-damage|p2a: Mew|38/100 par
|-enditem|p2a: Mew|Red Card|[of] p1a: Prick Sanchez
|drag|p1a: Fuckboy Lando|Landorus-Therian, M|100/100
|-damage|p1a: Fuckboy Lando|88/100|[from] Stealth Rock
|-ability|p1a: Fuckboy Lando|Intimidate|boost
|-unboost|p2a: Mew|atk|1
|
|-heal|p1a: Fuckboy Lando|94/100|[from] item: Leftovers
|-damage|p2a: Mew|26/100 par|[from] Leech Seed|[of] p1a: Fuckboy Lando
|-heal|p1a: Fuckboy Lando|100/100|[silent]
|upkeep
|turn|10
|
|t:|1653768165
|move|p1a: Fuckboy Lando|Rock Polish|p1a: Fuckboy Lando
|-boost|p1a: Fuckboy Lando|spe|2
|move|p2a: Mew|Spikes|p1a: Fuckboy Lando
|-sidestart|p1: yaboiAshK.|Spikes
|
|-damage|p2a: Mew|13/100 par|[from] Leech Seed|[of] p1a: Fuckboy Lando
|upkeep
|turn|11
|
|t:|1653768176
|move|p1a: Fuckboy Lando|Swords Dance|p1a: Fuckboy Lando
|-boost|p1a: Fuckboy Lando|atk|2
|move|p2a: Mew|Explosion|p1a: Fuckboy Lando
|-damage|p1a: Fuckboy Lando|54/100
|faint|p2a: Mew
|
|-heal|p1a: Fuckboy Lando|60/100|[from] item: Leftovers
|upkeep
|
|t:|1653768185
|switch|p2a: Clefable|Clefable, F|100/100
|turn|12
|
|t:|1653768187
|move|p1a: Fuckboy Lando|Earthquake|p2a: Clefable
|-damage|p2a: Clefable|11/100
|move|p2a: Clefable|Moonblast|p1a: Fuckboy Lando
|-damage|p1a: Fuckboy Lando|12/100
|-unboost|p1a: Fuckboy Lando|spa|1
|
|-heal|p1a: Fuckboy Lando|18/100|[from] item: Leftovers
|upkeep
|turn|13
|
|t:|1653768190
|move|p1a: Fuckboy Lando|Earthquake|p2a: Clefable
|-damage|p2a: Clefable|0 fnt
|faint|p2a: Clefable
|
|-heal|p1a: Fuckboy Lando|24/100|[from] item: Leftovers
|upkeep
|
|t:|1653768194
|switch|p2a: Tapu Lele|Tapu Lele|100/100
|-damage|p2a: Tapu Lele|88/100|[from] Stealth Rock
|-fieldstart|move: Psychic Terrain|[from] ability: Psychic Surge|[of] p2a: Tapu Lele
|turn|14
|
|t:|1653768197
|move|p1a: Fuckboy Lando|Earthquake|p2a: Tapu Lele
|-damage|p2a: Tapu Lele|0 fnt
|faint|p2a: Tapu Lele
|
|-heal|p1a: Fuckboy Lando|30/100|[from] item: Leftovers
|upkeep
|-message|cump3 forfeited.
|
|win|yaboiAshK.
|raw|yaboiAshK.'s rating: 1547 &rarr; <strong>1570</strong><br />(+23 for winning)
|raw|cump3's rating: 1592 &rarr; <strong>1569</strong><br />(-23 for losing)
|l|☆cump3
||Ladder isn't responding, score probably updated but might not have (Request timeout).
|l|☆yaboiAshK.
|j|☆yaboiAshK.
|player|p1|yaboiAshK.|ash
