|j|☆chibachikage
|j|☆Piguite
|t:|1655908395
|gametype|singles
|player|p1|chibachikage|cynthia|1396
|player|p2|Piguite|veteran|1417
|teamsize|p1|6
|teamsize|p2|6
|gen|8
|tier|[Gen 8] OU
|rated|
|rule|Sleep Clause Mod: Limit one foe put to sleep
|rule|Species Clause: Limit one of each Pokémon
|rule|OHKO Clause: OHKO moves are banned
|rule|Evasion Moves Clause: Evasion moves are banned
|rule|Endless Battle Clause: Forcing endless battles is banned
|rule|HP Percentage Mod: HP is shown in percentages
|rule|Dynamax Clause: You cannot dynamax
|clearpoke
|poke|p1|Landorus-Therian, M|
|poke|p1|Volcanion|
|poke|p1|Pelipper, F|
|poke|p1|Barraskewda, M|
|poke|p1|Slowking-Galar, M|
|poke|p1|Ferrothorn, M|
|poke|p2|Pyukumuku, M|
|poke|p2|Zapdos-Galar|
|poke|p2|Ferrothorn, M|
|poke|p2|Landorus-Therian, M|
|poke|p2|Tapu Koko|
|poke|p2|Dragapult, F|
|teampreview
|inactive|Battle timer is ON: inactive players will automatically lose when time's up. (requested by Piguite)
|
|t:|1655908409
|start
|switch|p1a: Volcanion|Volcanion|100/100
|switch|p2a: Landorus|Landorus-Therian, M|100/100
|-ability|p2a: Landorus|Intimidate|boost
|-unboost|p1a: Volcanion|atk|1
|turn|1
|
|t:|1655908420
|move|p2a: Landorus|U-turn|p1a: Volcanion
|-resisted|p1a: Volcanion
|-damage|p1a: Volcanion|91/100
|
|t:|1655908423
|switch|p2a: Pyukumuku|Pyukumuku, M|100/100|[from]move: U-turn
|move|p1a: Volcanion|Steam Eruption|p2a: Pyukumuku
|-resisted|p2a: Pyukumuku
|-damage|p2a: Pyukumuku|69/100
|
|-heal|p2a: Pyukumuku|75/100|[from] item: Leftovers
|upkeep
|turn|2
|
|t:|1655908428
|switch|p1a: Ferrothorn|Ferrothorn, M|100/100
|move|p2a: Pyukumuku|Toxic|p1a: Ferrothorn
|-immune|p1a: Ferrothorn
|
|-heal|p2a: Pyukumuku|81/100|[from] item: Leftovers
|upkeep
|turn|3
|
|t:|1655908432
|switch|p2a: Ferrothorn|Ferrothorn, M|100/100
|move|p1a: Ferrothorn|Stealth Rock|p2a: Ferrothorn
|-sidestart|p2: Piguite|move: Stealth Rock
|
|upkeep
|turn|4
|
|t:|1655908435
|move|p2a: Ferrothorn|Spikes|p1a: Ferrothorn
|-sidestart|p1: chibachikage|Spikes
|move|p1a: Ferrothorn|Knock Off|p2a: Ferrothorn
|-damage|p2a: Ferrothorn|89/100
|-damage|p1a: Ferrothorn|88/100|[from] ability: Iron Barbs|[of] p2a: Ferrothorn
|-enditem|p2a: Ferrothorn|Leftovers|[from] move: Knock Off|[of] p1a: Ferrothorn
|
|-heal|p1a: Ferrothorn|94/100|[from] item: Leftovers
|upkeep
|turn|5
|
|t:|1655908437
|move|p2a: Ferrothorn|Spikes|p1a: Ferrothorn
|-sidestart|p1: chibachikage|Spikes
|move|p1a: Ferrothorn|Thunder Wave|p2a: Ferrothorn
|-status|p2a: Ferrothorn|par
|
|-heal|p1a: Ferrothorn|100/100|[from] item: Leftovers
|upkeep
|turn|6
|
|t:|1655908440
|switch|p1a: Landorus|Landorus-Therian, M|100/100
|-ability|p1a: Landorus|Intimidate|boost
|-unboost|p2a: Ferrothorn|atk|1
|move|p2a: Ferrothorn|Spikes|p1a: Landorus
|-sidestart|p1: chibachikage|Spikes
|
|upkeep
|turn|7
|
|t:|1655908448
|move|p1a: Landorus|Toxic||[still]
|-fail|p1a: Landorus
|move|p2a: Ferrothorn|Power Whip|p1a: Landorus|[miss]
|-miss|p2a: Ferrothorn|p1a: Landorus
|
|upkeep
|turn|8
|
|t:|1655908460
|move|p1a: Landorus|Toxic||[still]
|-fail|p1a: Landorus
|move|p2a: Ferrothorn|Leech Seed|p1a: Landorus
|-start|p1a: Landorus|move: Leech Seed
|
|-damage|p1a: Landorus|88/100|[from] Leech Seed|[of] p2a: Ferrothorn
|-heal|p2a: Ferrothorn|100/100 par|[silent]
|upkeep
|turn|9
|
|t:|1655908464
|move|p1a: Landorus|Earthquake|p2a: Ferrothorn
|-damage|p2a: Ferrothorn|74/100 par
|move|p2a: Ferrothorn|Power Whip|p1a: Landorus
|-damage|p1a: Landorus|61/100
|
|-heal|p1a: Landorus|67/100|[from] item: Leftovers
|-damage|p1a: Landorus|54/100|[from] Leech Seed|[of] p2a: Ferrothorn
|-heal|p2a: Ferrothorn|87/100 par|[silent]
|upkeep
|turn|10
|
|t:|1655908471
|move|p1a: Landorus|Defog|p2a: Ferrothorn
|-unboost|p2a: Ferrothorn|evasion|1
|-sideend|p2: Piguite|Stealth Rock|[from] move: Defog|[of] p1a: Landorus
|-sideend|p1: chibachikage|Spikes|[from] move: Defog|[of] p1a: Landorus
|move|p2a: Ferrothorn|Power Whip|p1a: Landorus|[miss]
|-miss|p2a: Ferrothorn|p1a: Landorus
|
|-heal|p1a: Landorus|60/100|[from] item: Leftovers
|-damage|p1a: Landorus|48/100|[from] Leech Seed|[of] p2a: Ferrothorn
|-heal|p2a: Ferrothorn|100/100 par|[silent]
|upkeep
|turn|11
|
|t:|1655908478
|switch|p1a: Volcanion|Volcanion|91/100
|cant|p2a: Ferrothorn|par
|
|upkeep
|turn|12
|
|t:|1655908486
|switch|p2a: Pyukumuku|Pyukumuku, M|81/100
|move|p1a: Volcanion|Fire Blast|p2a: Pyukumuku
|-resisted|p2a: Pyukumuku
|-damage|p2a: Pyukumuku|49/100
|
|-heal|p2a: Pyukumuku|55/100|[from] item: Leftovers
|upkeep
|turn|13
|
|t:|1655908488
|move|p1a: Volcanion|Fire Blast|p2a: Pyukumuku
|-resisted|p2a: Pyukumuku
|-damage|p2a: Pyukumuku|24/100
|move|p2a: Pyukumuku|Recover|p2a: Pyukumuku
|-heal|p2a: Pyukumuku|74/100
|
|-heal|p2a: Pyukumuku|80/100|[from] item: Leftovers
|upkeep
|turn|14
|
|t:|1655908498
|switch|p1a: Ferrothorn|Ferrothorn, M|100/100
|move|p2a: Pyukumuku|Recover|p2a: Pyukumuku
|-heal|p2a: Pyukumuku|100/100
|
|upkeep
|turn|15
|
|t:|1655908504
|move|p1a: Ferrothorn|Knock Off|p2a: Pyukumuku
|-damage|p2a: Pyukumuku|82/100
|-enditem|p2a: Pyukumuku|Leftovers|[from] move: Knock Off|[of] p1a: Ferrothorn
|move|p2a: Pyukumuku|Soak|p1a: Ferrothorn
|-start|p1a: Ferrothorn|typechange|Water
|
|upkeep
|turn|16
|
|t:|1655908510
|switch|p1a: Slowking|Slowking-Galar, M|100/100
|move|p2a: Pyukumuku|Toxic|p1a: Slowking
|-immune|p1a: Slowking
|
|upkeep
|turn|17
|
|t:|1655908517
|switch|p2a: Landorus|Landorus-Therian, M|100/100
|-ability|p2a: Landorus|Intimidate|boost
|-unboost|p1a: Slowking|atk|1
|move|p1a: Slowking|Future Sight|p2a: Landorus
|-start|p1a: Slowking|move: Future Sight
|
|upkeep
|turn|18
|
|t:|1655908520
|move|p2a: Landorus|Stealth Rock|p1a: Slowking
|-sidestart|p1: chibachikage|move: Stealth Rock
|move|p1a: Slowking|Ice Beam|p2a: Landorus
|-supereffective|p2a: Landorus
|-damage|p2a: Landorus|0 fnt
|faint|p2a: Landorus
|
|upkeep
|
|t:|1655908525
|switch|p2a: Dragapult|Dragapult, F|100/100
|turn|19
|
|t:|1655908536
|switch|p1a: Ferrothorn|Ferrothorn, M|100/100
|-damage|p1a: Ferrothorn|94/100|[from] Stealth Rock
|move|p2a: Dragapult|Phantom Force||[still]|[miss]
|-prepare|p2a: Dragapult|Phantom Force
|
|-end|p2a: Dragapult|move: Future Sight
|-miss|p1: Slowking|p2a: Dragapult
|-heal|p1a: Ferrothorn|100/100|[from] item: Leftovers
|upkeep
|turn|20
|
|t:|1655908543
|move|p2a: Dragapult|Phantom Force|p1a: Ferrothorn|[from]lockedmove
|-damage|p1a: Ferrothorn|54/100
|-damage|p2a: Dragapult|88/100|[from] ability: Iron Barbs|[of] p1a: Ferrothorn
|move|p1a: Ferrothorn|Stealth Rock|p2a: Dragapult
|-sidestart|p2: Piguite|move: Stealth Rock
|
|-heal|p1a: Ferrothorn|61/100|[from] item: Leftovers
|upkeep
|turn|21
|
|t:|1655908548
|switch|p2a: Zapdos|Zapdos-Galar|100/100
|-damage|p2a: Zapdos|88/100|[from] Stealth Rock
|move|p1a: Ferrothorn|Knock Off|p2a: Zapdos
|-resisted|p2a: Zapdos
|-damage|p2a: Zapdos|75/100
|-enditem|p2a: Zapdos|Choice Scarf|[from] move: Knock Off|[of] p1a: Ferrothorn
|
|-heal|p1a: Ferrothorn|67/100|[from] item: Leftovers
|upkeep
|turn|22
|
|t:|1655908557
|move|p2a: Zapdos|Close Combat|p1a: Ferrothorn
|-supereffective|p1a: Ferrothorn
|-damage|p1a: Ferrothorn|0 fnt
|-unboost|p2a: Zapdos|def|1
|-unboost|p2a: Zapdos|spd|1
|-damage|p2a: Zapdos|63/100|[from] ability: Iron Barbs|[of] p1a: Ferrothorn
|faint|p1a: Ferrothorn
|
|upkeep
|
|t:|1655908560
|switch|p1a: Pelipper|Pelipper, F|100/100
|-damage|p1a: Pelipper|75/100|[from] Stealth Rock
|-weather|RainDance|[from] ability: Drizzle|[of] p1a: Pelipper
|turn|23
|
|t:|1655908564
|move|p2a: Zapdos|U-turn|p1a: Pelipper
|-resisted|p1a: Pelipper
|-damage|p1a: Pelipper|64/100
|
|t:|1655908566
|switch|p2a: Ferrothorn|Ferrothorn, M|100/100 par|[from]move: U-turn
|-damage|p2a: Ferrothorn|94/100 par|[from] Stealth Rock
|move|p1a: Pelipper|Hurricane|p2a: Ferrothorn
|-damage|p2a: Ferrothorn|65/100 par
|-start|p2a: Ferrothorn|confusion
|
|-weather|RainDance|[upkeep]
|upkeep
|turn|24
|
|t:|1655908570
|move|p1a: Pelipper|Hurricane|p2a: Ferrothorn
|-damage|p2a: Ferrothorn|37/100 par
|-activate|p2a: Ferrothorn|confusion
|-damage|p2a: Ferrothorn|32/100 par|[from] confusion
|
|-weather|RainDance|[upkeep]
|upkeep
|turn|25
|
|t:|1655908582
|move|p1a: Pelipper|Hurricane|p2a: Ferrothorn
|-damage|p2a: Ferrothorn|0 fnt
|faint|p2a: Ferrothorn
|
|-weather|RainDance|[upkeep]
|upkeep
|
|t:|1655908586
|switch|p2a: Tapu Koko|Tapu Koko|100/100
|-damage|p2a: Tapu Koko|88/100|[from] Stealth Rock
|-fieldstart|move: Electric Terrain|[from] ability: Electric Surge|[of] p2a: Tapu Koko
|turn|26
|
|t:|1655908591
|switch|p1a: Landorus|Landorus-Therian, M|48/100
|-damage|p1a: Landorus|36/100|[from] Stealth Rock
|-ability|p1a: Landorus|Intimidate|boost
|-unboost|p2a: Tapu Koko|atk|1
|move|p2a: Tapu Koko|U-turn|p1a: Landorus
|-resisted|p1a: Landorus
|-damage|p1a: Landorus|31/100
|
|t:|1655908596
|switch|p2a: Dragapult|Dragapult, F|88/100|[from]move: U-turn
|-damage|p2a: Dragapult|76/100|[from] Stealth Rock
|
|-weather|RainDance|[upkeep]
|-heal|p1a: Landorus|37/100|[from] item: Leftovers
|upkeep
|turn|27
|
|t:|1655908601
|move|p2a: Dragapult|Dragon Darts|p1a: Landorus
|-damage|p1a: Landorus|3/100
|-anim|p2a: Dragapult|Dragon Darts|p1a: Landorus
|-damage|p1a: Landorus|0 fnt
|faint|p1a: Landorus
|
|-weather|RainDance|[upkeep]
|upkeep
|
|t:|1655908604
|switch|p1a: Barraskewda|Barraskewda, M|100/100
|-damage|p1a: Barraskewda|88/100|[from] Stealth Rock
|turn|28
|
|t:|1655908620
|switch|p2a: Zapdos|Zapdos-Galar|63/100
|-damage|p2a: Zapdos|50/100|[from] Stealth Rock
|move|p1a: Barraskewda|Liquidation|p2a: Zapdos
|-damage|p2a: Zapdos|0 fnt
|faint|p2a: Zapdos
|
|-weather|RainDance|[upkeep]
|upkeep
|
|t:|1655908621
|switch|p2a: Pyukumuku|Pyukumuku, M|82/100
|-damage|p2a: Pyukumuku|70/100|[from] Stealth Rock
|turn|29
|
|t:|1655908626
|move|p1a: Barraskewda|Liquidation|p2a: Pyukumuku
|-resisted|p2a: Pyukumuku
|-damage|p2a: Pyukumuku|25/100
|move|p2a: Pyukumuku|Counter|p1a: Barraskewda
|-damage|p1a: Barraskewda|0 fnt
|faint|p1a: Barraskewda
|
|-weather|RainDance|[upkeep]
|upkeep
|
|t:|1655908631
|switch|p1a: Volcanion|Volcanion|91/100
|-damage|p1a: Volcanion|66/100|[from] Stealth Rock
|turn|30
|
|t:|1655908640
|move|p1a: Volcanion|Steam Eruption|p2a: Pyukumuku
|-resisted|p2a: Pyukumuku
|-damage|p2a: Pyukumuku|0 fnt
|faint|p2a: Pyukumuku
|
|-weather|none
|-fieldend|move: Electric Terrain
|upkeep
|
|t:|1655908643
|switch|p2a: Tapu Koko|Tapu Koko|88/100
|-damage|p2a: Tapu Koko|76/100|[from] Stealth Rock
|-fieldstart|move: Electric Terrain|[from] ability: Electric Surge|[of] p2a: Tapu Koko
|turn|31
|
|t:|1655908646
|switch|p1a: Pelipper|Pelipper, F|64/100
|-damage|p1a: Pelipper|39/100|[from] Stealth Rock
|-weather|RainDance|[from] ability: Drizzle|[of] p1a: Pelipper
|move|p2a: Tapu Koko|Thunderbolt|p1a: Pelipper
|-supereffective|p1a: Pelipper
|-damage|p1a: Pelipper|0 fnt
|faint|p1a: Pelipper
|
|-weather|RainDance|[upkeep]
|upkeep
|
|t:|1655908651
|switch|p1a: Volcanion|Volcanion|66/100
|-damage|p1a: Volcanion|41/100|[from] Stealth Rock
|turn|32
|
|t:|1655908672
|move|p2a: Tapu Koko|Thunderbolt|p1a: Volcanion
|-supereffective|p1a: Volcanion
|-damage|p1a: Volcanion|0 fnt
|faint|p1a: Volcanion
|
|-weather|RainDance|[upkeep]
|upkeep
|
|t:|1655908675
|switch|p1a: Slowking|Slowking-Galar, M|100/100
|-damage|p1a: Slowking|88/100|[from] Stealth Rock
|turn|33
|
|t:|1655908683
|move|p2a: Tapu Koko|Thunderbolt|p1a: Slowking
|-damage|p1a: Slowking|45/100
|move|p1a: Slowking|Future Sight|p2a: Tapu Koko
|-start|p1a: Slowking|move: Future Sight
|
|-weather|RainDance|[upkeep]
|upkeep
|turn|34
|
|t:|1655908687
|move|p2a: Tapu Koko|Thunderbolt|p1a: Slowking
|-damage|p1a: Slowking|3/100
|move|p1a: Slowking|Scald|p2a: Tapu Koko
|-damage|p2a: Tapu Koko|24/100
|
|-weather|RainDance|[upkeep]
|upkeep
|turn|35
|
|t:|1655908697
|move|p2a: Tapu Koko|Thunderbolt|p1a: Slowking
|-damage|p1a: Slowking|0 fnt
|faint|p1a: Slowking
|
|win|Piguite
|raw|chibachikage's rating: 1396 &rarr; <strong>1377</strong><br />(-19 for losing)
|raw|Piguite's rating: 1417 &rarr; <strong>1436</strong><br />(+19 for winning)
|l|☆chibachikage
|c|☆Piguite|gg
