|j|☆supersaiyanwolf
|j|☆okaybears
|t:|1660275640
|gametype|singles
|player|p1|supersaiyanwolf|170|1595
|player|p2|okaybears|265|1642
|teamsize|p1|6
|teamsize|p2|6
|gen|8
|tier|[Gen 8] OU
|rated|
|rule|Sleep Clause Mod: Limit one foe put to sleep
|rule|Species Clause: Limit one of each Pokémon
|rule|OHKO Clause: OHKO moves are banned
|rule|Evasion Items Clause: Evasion items are banned
|rule|Evasion Moves Clause: Evasion moves are banned
|rule|Endless Battle Clause: Forcing endless battles is banned
|rule|HP Percentage Mod: HP is shown in percentages
|rule|Dynamax Clause: You cannot dynamax
|clearpoke
|poke|p1|Landorus-Therian, M|
|poke|p1|Zapdos|
|poke|p1|Kartana|
|poke|p1|Toxapex, F|
|poke|p1|Dragapult, F|
|poke|p1|Tapu Lele|
|poke|p2|Obstagoon, M|
|poke|p2|Rillaboom, M|
|poke|p2|Slowking-Galar, F|
|poke|p2|Landorus-Therian, M|
|poke|p2|Melmetal|
|poke|p2|Dragapult, M|
|teampreview
|
|t:|1660275662
|start
|switch|p1a: Tapu Lele|Tapu Lele|100/100
|switch|p2a: Rillaboom|Rillaboom, M|100/100
|-fieldstart|move: Psychic Terrain|[from] ability: Psychic Surge|[of] p1a: Tapu Lele
|-fieldstart|move: Grassy Terrain|[from] ability: Grassy Surge|[of] p2a: Rillaboom
|turn|1
|
|t:|1660275701
|switch|p1a: Zapdos|Zapdos|100/100
|move|p2a: Rillaboom|U-turn|p1a: Zapdos
|-resisted|p1a: Zapdos
|-damage|p1a: Zapdos|81/100
|-status|p2a: Rillaboom|par|[from] ability: Static|[of] p1a: Zapdos
|
|t:|1660275711
|switch|p2a: Obstagoon|Obstagoon, M|100/100|[from]move: U-turn
|
|-status|p2a: Obstagoon|brn|[from] item: Flame Orb
|upkeep
|turn|2
|
|t:|1660275731
|move|p2a: Obstagoon|Facade|p1a: Zapdos
|-damage|p1a: Zapdos|0 fnt
|faint|p1a: Zapdos
|
|-damage|p2a: Obstagoon|94/100 brn|[from] brn
|upkeep
|
|t:|1660275735
|switch|p1a: Tapu Lele|Tapu Lele|100/100
|-fieldstart|move: Psychic Terrain|[from] ability: Psychic Surge|[of] p1a: Tapu Lele
|turn|3
|
|t:|1660275743
|switch|p2a: Slowking|Slowking-Galar, F|100/100
|move|p1a: Tapu Lele|Moonblast|p2a: Slowking
|-resisted|p2a: Slowking
|-damage|p2a: Slowking|83/100
|
|upkeep
|turn|4
|
|t:|1660275746
|switch|p1a: Landorus|Landorus-Therian, M|100/100
|-ability|p1a: Landorus|Intimidate|boost
|-unboost|p2a: Slowking|atk|1
|move|p2a: Slowking|Future Sight|p1a: Landorus
|-start|p2a: Slowking|move: Future Sight
|
|upkeep
|turn|5
|
|t:|1660275753
|switch|p2a: Landorus|Landorus-Therian, M|100/100
|-ability|p2a: Landorus|Intimidate|boost
|-unboost|p1a: Landorus|atk|1
|move|p1a: Landorus|Knock Off|p2a: Landorus
|-damage|p2a: Landorus|80/100
|-enditem|p2a: Landorus|Leftovers|[from] move: Knock Off|[of] p1a: Landorus
|
|upkeep
|turn|6
|
|t:|1660275757
|switch|p1a: Toxapex|Toxapex, F|100/100
|move|p2a: Landorus|Toxic|p1a: Toxapex|[miss]
|-miss|p2a: Landorus|p1a: Toxapex
|
|-end|p1a: Toxapex|move: Future Sight
|-supereffective|p1a: Toxapex
|-crit|p1a: Toxapex
|-damage|p1a: Toxapex|0 fnt
|faint|p1a: Toxapex
|upkeep
|
|t:|1660275771
|switch|p1a: Tapu Lele|Tapu Lele|100/100
|turn|7
|
|t:|1660275776
|switch|p2a: Slowking|Slowking-Galar, F|100/100
|move|p1a: Tapu Lele|Psyshock|p2a: Slowking
|-damage|p2a: Slowking|12/100
|
|-fieldend|move: Psychic Terrain
|upkeep
|turn|8
|
|t:|1660275796
|switch|p1a: Kartana|Kartana|100/100
|switch|p2a: Melmetal|Melmetal|100/100
|
|upkeep
|turn|9
|
|t:|1660275799
|move|p1a: Kartana|Sacred Sword|p2a: Melmetal
|-supereffective|p2a: Melmetal
|-damage|p2a: Melmetal|33/100
|-damage|p1a: Kartana|91/100|[from] item: Life Orb
|move|p2a: Melmetal|Body Press|p1a: Kartana
|-supereffective|p1a: Kartana
|-damage|p1a: Kartana|38/100
|
|-heal|p2a: Melmetal|39/100|[from] item: Leftovers
|upkeep
|turn|10
|
|t:|1660275813
|switch|p2a: Slowking|Slowking-Galar, F|45/100
|move|p1a: Kartana|Sacred Sword|p2a: Slowking
|-resisted|p2a: Slowking
|-damage|p2a: Slowking|33/100
|-damage|p1a: Kartana|29/100|[from] item: Life Orb
|
|upkeep
|turn|11
|
|t:|1660275819
|switch|p2a: Landorus|Landorus-Therian, M|80/100
|-ability|p2a: Landorus|Intimidate|boost
|-unboost|p1a: Kartana|atk|1
|move|p1a: Kartana|Knock Off|p2a: Landorus
|-damage|p2a: Landorus|61/100
|-damage|p1a: Kartana|19/100|[from] item: Life Orb
|
|upkeep
|turn|12
|
|t:|1660275822
|switch|p1a: Landorus|Landorus-Therian, M|100/100
|-ability|p1a: Landorus|Intimidate|boost
|-unboost|p2a: Landorus|atk|1
|move|p2a: Landorus|U-turn|p1a: Landorus
|-resisted|p1a: Landorus
|-damage|p1a: Landorus|93/100
|
|t:|1660275826
|switch|p2a: Obstagoon|Obstagoon, M|94/100 brn|[from]move: U-turn
|
|-heal|p1a: Landorus|99/100|[from] item: Leftovers
|-damage|p2a: Obstagoon|88/100 brn|[from] brn
|upkeep
|turn|13
|
|t:|1660275832
|move|p2a: Obstagoon|Facade|p1a: Landorus
|-damage|p1a: Landorus|13/100
|move|p1a: Landorus|Earthquake|p2a: Obstagoon
|-damage|p2a: Obstagoon|19/100 brn
|
|-heal|p1a: Landorus|19/100|[from] item: Leftovers
|-damage|p2a: Obstagoon|13/100 brn|[from] brn
|upkeep
|turn|14
|
|t:|1660275842
|move|p2a: Obstagoon|Knock Off|p1a: Landorus
|-damage|p1a: Landorus|0 fnt
|-enditem|p1a: Landorus|Leftovers|[from] move: Knock Off|[of] p2a: Obstagoon
|faint|p1a: Landorus
|
|-damage|p2a: Obstagoon|7/100 brn|[from] brn
|upkeep
|
|t:|1660275849
|switch|p1a: Tapu Lele|Tapu Lele|100/100
|-fieldstart|move: Psychic Terrain|[from] ability: Psychic Surge|[of] p1a: Tapu Lele
|turn|15
|
|t:|1660275854
|move|p1a: Tapu Lele|Moonblast|p2a: Obstagoon
|-supereffective|p2a: Obstagoon
|-damage|p2a: Obstagoon|0 fnt
|faint|p2a: Obstagoon
|
|upkeep
|
|t:|1660275857
|switch|p2a: Slowking|Slowking-Galar, F|66/100
|turn|16
|
|t:|1660275859
|switch|p1a: Kartana|Kartana|19/100
|move|p2a: Slowking|Future Sight|p1a: Kartana
|-start|p2a: Slowking|move: Future Sight
|
|upkeep
|turn|17
|
|t:|1660275876
|switch|p2a: Landorus|Landorus-Therian, M|61/100
|-ability|p2a: Landorus|Intimidate|boost
|-unboost|p1a: Kartana|atk|1
|move|p1a: Kartana|Swords Dance|p1a: Kartana
|-boost|p1a: Kartana|atk|2
|
|upkeep
|turn|18
|
|t:|1660275887
|switch|p2a: Melmetal|Melmetal|39/100
|move|p1a: Kartana|Smart Strike|p2a: Melmetal
|-resisted|p2a: Melmetal
|-damage|p2a: Melmetal|10/100
|-damage|p1a: Kartana|9/100|[from] item: Life Orb
|
|-end|p1a: Kartana|move: Future Sight
|-resisted|p1a: Kartana
|-crit|p1a: Kartana
|-damage|p1a: Kartana|0 fnt
|faint|p1a: Kartana
|-heal|p2a: Melmetal|17/100|[from] item: Leftovers
|upkeep
|
|t:|1660275890
|switch|p1a: Tapu Lele|Tapu Lele|100/100
|turn|19
|
|t:|1660275907
|move|p1a: Tapu Lele|Psyshock|p2a: Melmetal
|-resisted|p2a: Melmetal
|-damage|p2a: Melmetal|0 fnt
|faint|p2a: Melmetal
|
|-fieldend|move: Psychic Terrain
|upkeep
|
|t:|1660275911
|switch|p2a: Dragapult|Dragapult, M|100/100
|turn|20
|
|t:|1660275922
|switch|p1a: Dragapult|Dragapult, F|100/100
|move|p2a: Dragapult|Hex|p1a: Dragapult
|-supereffective|p1a: Dragapult
|-damage|p1a: Dragapult|19/100
|
|upkeep
|turn|21
|
|t:|1660275941
|move|p1a: Dragapult|Shadow Ball|p2a: Dragapult
|-supereffective|p2a: Dragapult
|-damage|p2a: Dragapult|0 fnt
|faint|p2a: Dragapult
|
|upkeep
|
|t:|1660275957
|switch|p2a: Rillaboom|Rillaboom, M|100/100 par
|-fieldstart|move: Grassy Terrain|[from] ability: Grassy Surge|[of] p2a: Rillaboom
|turn|22
|
|t:|1660275961
|move|p2a: Rillaboom|Grassy Glide|p1a: Dragapult
|-resisted|p1a: Dragapult
|-damage|p1a: Dragapult|0 fnt
|faint|p1a: Dragapult
|
|upkeep
|
|t:|1660275964
|switch|p1a: Tapu Lele|Tapu Lele|100/100
|-fieldstart|move: Psychic Terrain|[from] ability: Psychic Surge|[of] p1a: Tapu Lele
|turn|23
|
|t:|1660275991
|switch|p2a: Landorus|Landorus-Therian, M|61/100
|-ability|p2a: Landorus|Intimidate|boost
|-unboost|p1a: Tapu Lele|atk|1
|move|p1a: Tapu Lele|Psyshock|p2a: Landorus
|-damage|p2a: Landorus|5/100
|
|upkeep
|turn|24
|
|t:|1660276000
|move|p1a: Tapu Lele|Psyshock|p2a: Landorus
|-damage|p2a: Landorus|0 fnt
|faint|p2a: Landorus
|
|upkeep
|
|t:|1660276002
|switch|p2a: Rillaboom|Rillaboom, M|100/100 par
|-fieldstart|move: Grassy Terrain|[from] ability: Grassy Surge|[of] p2a: Rillaboom
|turn|25
|
|t:|1660276009
|move|p2a: Rillaboom|Grassy Glide|p1a: Tapu Lele
|-damage|p1a: Tapu Lele|3/100
|move|p1a: Tapu Lele|Psyshock|p2a: Rillaboom
|-damage|p2a: Rillaboom|27/100 par
|
|-heal|p1a: Tapu Lele|9/100|[from] Grassy Terrain
|-heal|p2a: Rillaboom|33/100 par|[from] Grassy Terrain
|upkeep
|turn|26
|
|t:|1660276015
|move|p2a: Rillaboom|Grassy Glide|p1a: Tapu Lele
|-damage|p1a: Tapu Lele|0 fnt
|faint|p1a: Tapu Lele
|
|win|okaybears
|raw|supersaiyanwolf's rating: 1595 &rarr; <strong>1578</strong><br />(-17 for losing)
|raw|okaybears's rating: 1642 &rarr; <strong>1659</strong><br />(+17 for winning)
|c|☆supersaiyanwolf|gg
|l|☆supersaiyanwolf
||Ladder isn't responding, score probably updated but might not have (Request timeout).
