|html|<div class="broadcast-blue"><strong>[Gen 8] OU is currently suspecting Zamazenta-Crowned! For information on how to participate check out the <a href="https://www.smogon.com/forums/threads/np-ss-ou-suspect-process-round-10-royals.3681787/">suspect thread</a>.</strong></div>
|j|☆Omari P
|j|☆Draco09876
|t:|1618941505
|gametype|singles
|player|p1|Omari P|pokemonrangerf|1766
|player|p2|Draco09876|266|1752
|teamsize|p1|6
|teamsize|p2|6
|gen|8
|tier|[Gen 8] OU
|rated|
|clearpoke
|poke|p1|Venusaur, F|
|poke|p1|Victini|
|poke|p1|Darmanitan, F|
|poke|p1|Torkoal, M|
|poke|p1|Mandibuzz, F|
|poke|p1|Garchomp, F|
|poke|p2|Pelipper, M|
|poke|p2|Zeraora|
|poke|p2|Ferrothorn, M|
|poke|p2|Barraskewda, F|
|poke|p2|Slowking-Galar, F|
|poke|p2|Zapdos|
|rule|Sleep Clause Mod: Limit one foe put to sleep
|rule|Species Clause: Limit one of each Pokémon
|rule|OHKO Clause: OHKO moves are banned
|rule|Evasion Moves Clause: Evasion moves are banned
|rule|Endless Battle Clause: Forcing endless battles is banned
|rule|HP Percentage Mod: HP is shown in percentages
|rule|Dynamax Clause: You cannot dynamax
|teampreview
|inactive|Battle timer is ON: inactive players will automatically lose when time's up. (requested by Draco09876)
|j| skylink42
|
|t:|1618941540
|start
|switch|p1a: Torkoal|Torkoal, M, shiny|100/100
|switch|p2a: Slowking|Slowking-Galar, F|100/100
|-weather|SunnyDay|[from] ability: Drought|[of] p1a: Torkoal
|turn|1
|
|t:|1618941555
|move|p2a: Slowking|Sludge Bomb|p1a: Torkoal
|-damage|p1a: Torkoal|40/100
|move|p1a: Torkoal|Stealth Rock|p2a: Slowking
|-sidestart|p2: Draco09876|move: Stealth Rock
|
|-weather|SunnyDay|[upkeep]
|upkeep
|turn|2
|
|t:|1618941560
|switch|p1a: Garchomp|Garchomp, F|100/100
|move|p2a: Slowking|Future Sight|p1a: Garchomp
|-start|p2a: Slowking|move: Future Sight
|
|-weather|SunnyDay|[upkeep]
|upkeep
|turn|3
|
|t:|1618941563
|switch|p2a: Ferrothorn|Ferrothorn, M|100/100
|-damage|p2a: Ferrothorn|95/100|[from] Stealth Rock
|move|p1a: Garchomp|Stone Edge|p2a: Ferrothorn
|-resisted|p2a: Ferrothorn
|-damage|p2a: Ferrothorn|82/100
|-damage|p1a: Garchomp|91/100|[from] item: Life Orb
|
|-weather|SunnyDay|[upkeep]
|upkeep
|turn|4
|
|t:|1618941571
|move|p1a: Garchomp|Swords Dance|p1a: Garchomp
|-boost|p1a: Garchomp|atk|2
|move|p2a: Ferrothorn|Leech Seed|p1a: Garchomp
|-start|p1a: Garchomp|move: Leech Seed
|
|-weather|SunnyDay|[upkeep]
|-end|p1a: Garchomp|move: Future Sight
|-damage|p1a: Garchomp|27/100
|-damage|p1a: Garchomp|14/100|[from] Leech Seed|[of] p2a: Ferrothorn
|-heal|p2a: Ferrothorn|95/100|[silent]
|upkeep
|turn|5
|l| skylink42
|
|t:|1618941590
|switch|p1a: Darmanitan|Darmanitan, F|100/100
|switch|p2a: Zapdos|Zapdos|100/100
|
|-weather|SunnyDay|[upkeep]
|upkeep
|turn|6
|
|t:|1618941594
|move|p2a: Zapdos|Volt Switch|p1a: Darmanitan
|-damage|p1a: Darmanitan|44/100
|
|t:|1618941598
|switch|p2a: Pelipper|Pelipper, M|100/100|[from]move: Volt Switch
|-damage|p2a: Pelipper|76/100|[from] Stealth Rock
|-weather|RainDance|[from] ability: Drizzle|[of] p2a: Pelipper
|move|p1a: Darmanitan|Rock Slide|p2a: Pelipper
|-supereffective|p2a: Pelipper
|-damage|p2a: Pelipper|0 fnt
|faint|p2a: Pelipper
|
|-weather|RainDance|[upkeep]
|upkeep
|
|t:|1618941602
|switch|p2a: Barraskewda|Barraskewda, F|100/100
|-damage|p2a: Barraskewda|88/100|[from] Stealth Rock
|turn|7
|
|t:|1618941607
|switch|p1a: Torkoal|Torkoal, M, shiny|40/100
|-weather|SunnyDay|[from] ability: Drought|[of] p1a: Torkoal
|move|p2a: Barraskewda|Liquidation|p1a: Torkoal
|-supereffective|p1a: Torkoal
|-damage|p1a: Torkoal|0 fnt
|faint|p1a: Torkoal
|
|-weather|SunnyDay|[upkeep]
|upkeep
|
|t:|1618941609
|switch|p1a: Victini|Victini|100/100
|turn|8
|c|☆Omari P|gg
|
|t:|1618941612
|move|p1a: Victini|V-create|p2a: Barraskewda
|-resisted|p2a: Barraskewda
|-damage|p2a: Barraskewda|0 fnt
|-unboost|p1a: Victini|spe|1
|-unboost|p1a: Victini|def|1
|-unboost|p1a: Victini|spd|1
|faint|p2a: Barraskewda
|
|-weather|SunnyDay|[upkeep]
|upkeep
|
|t:|1618941620
|switch|p2a: Zeraora|Zeraora|100/100
|-damage|p2a: Zeraora|88/100|[from] Stealth Rock
|turn|9
|
|t:|1618941622
|switch|p1a: Garchomp|Garchomp, F|14/100
|move|p2a: Zeraora|Knock Off|p1a: Garchomp
|-damage|p1a: Garchomp|0 fnt
|-damage|p2a: Zeraora|76/100|[from] ability: Rough Skin|[of] p1a: Garchomp
|-enditem|p1a: Garchomp|Life Orb|[from] move: Knock Off|[of] p2a: Zeraora
|faint|p1a: Garchomp
|
|-weather|SunnyDay|[upkeep]
|-heal|p2a: Zeraora|82/100|[from] item: Leftovers
|upkeep
|
|t:|1618941626
|switch|p1a: Victini|Victini|100/100
|turn|10
|
|t:|1618941629
|switch|p2a: Ferrothorn|Ferrothorn, M|95/100
|-damage|p2a: Ferrothorn|89/100|[from] Stealth Rock
|move|p1a: Victini|V-create|p2a: Ferrothorn
|-supereffective|p2a: Ferrothorn
|-damage|p2a: Ferrothorn|0 fnt
|-unboost|p1a: Victini|spe|1
|-unboost|p1a: Victini|def|1
|-unboost|p1a: Victini|spd|1
|-damage|p1a: Victini|88/100|[from] ability: Iron Barbs|[of] p2a: Ferrothorn
|-damage|p1a: Victini|72/100|[from] item: Rocky Helmet|[of] p2a: Ferrothorn
|faint|p2a: Ferrothorn
|
|-weather|SunnyDay|[upkeep]
|upkeep
|
|t:|1618941632
|switch|p2a: Zeraora|Zeraora|82/100
|-damage|p2a: Zeraora|70/100|[from] Stealth Rock
|turn|11
|
|t:|1618941634
|switch|p1a: Darmanitan|Darmanitan, F|44/100
|move|p2a: Zeraora|Bulk Up|p2a: Zeraora
|-boost|p2a: Zeraora|atk|1
|-boost|p2a: Zeraora|def|1
|
|-weather|SunnyDay|[upkeep]
|-heal|p2a: Zeraora|76/100|[from] item: Leftovers
|upkeep
|turn|12
|
|t:|1618941640
|move|p2a: Zeraora|Plasma Fists|p1a: Darmanitan
|-damage|p1a: Darmanitan|0 fnt
|-fieldactivate|move: Ion Deluge
|-hint|Normal-type moves become Electric-type after using Plasma Fists.
|faint|p1a: Darmanitan
|
|-weather|SunnyDay|[upkeep]
|-heal|p2a: Zeraora|82/100|[from] item: Leftovers
|upkeep
|
|t:|1618941642
|switch|p1a: Victini|Victini|72/100
|turn|13
|
|t:|1618941648
|move|p1a: Victini|V-create|p2a: Zeraora
|-damage|p2a: Zeraora|0 fnt
|-unboost|p1a: Victini|spe|1
|-unboost|p1a: Victini|def|1
|-unboost|p1a: Victini|spd|1
|faint|p2a: Zeraora
|
|-weather|SunnyDay|[upkeep]
|upkeep
|
|t:|1618941652
|switch|p2a: Zapdos|Zapdos|100/100
|turn|14
|
|t:|1618941656
|move|p2a: Zapdos|Volt Switch|p1a: Victini
|-damage|p1a: Victini|15/100
|
|t:|1618941660
|switch|p2a: Slowking|Slowking-Galar, F|100/100|[from]move: Volt Switch
|-damage|p2a: Slowking|88/100|[from] Stealth Rock
|move|p1a: Victini|V-create|p2a: Slowking
|-damage|p2a: Slowking|0 fnt
|-unboost|p1a: Victini|spe|1
|-unboost|p1a: Victini|def|1
|-unboost|p1a: Victini|spd|1
|faint|p2a: Slowking
|
|-weather|none
|upkeep
|
|t:|1618941662
|switch|p2a: Zapdos|Zapdos|100/100
|turn|15
|
|t:|1618941666
|switch|p1a: Mandibuzz|Mandibuzz, F, shiny|100/100
|move|p2a: Zapdos|Volt Switch|p1a: Mandibuzz
|-supereffective|p1a: Mandibuzz
|-damage|p1a: Mandibuzz|43/100
|
|upkeep
|turn|16
|
|t:|1618941669
|move|p2a: Zapdos|Volt Switch|p1a: Mandibuzz
|-supereffective|p1a: Mandibuzz
|-damage|p1a: Mandibuzz|0 fnt
|faint|p1a: Mandibuzz
|
|upkeep
|
|t:|1618941671
|switch|p1a: Venusaur|Venusaur, F, shiny|100/100
|turn|17
|
|t:|1618941674
|move|p2a: Zapdos|Hurricane|p1a: Venusaur
|-supereffective|p1a: Venusaur
|-damage|p1a: Venusaur|0 fnt
|faint|p1a: Venusaur
|
|upkeep
|
|t:|1618941678
|switch|p1a: Victini|Victini|15/100
|turn|18
|
|t:|1618941685
|move|p1a: Victini|V-create|p2a: Zapdos
|-damage|p2a: Zapdos|0 fnt
|-unboost|p1a: Victini|spe|1
|-unboost|p1a: Victini|def|1
|-unboost|p1a: Victini|spd|1
|faint|p2a: Zapdos
|
|win|Omari P
|raw|Omari P's rating: 1766 &rarr; <strong>1785</strong><br />(+19 for winning)
|raw|Draco09876's rating: 1752 &rarr; <strong>1733</strong><br />(-19 for losing)
|l|☆Draco09876
||Ladder isn't responding, score probably updated but might not have (Request timeout).
