|j|☆Cubielubie
|j|☆Highv0ltag3
|t:|1658689186
|gametype|singles
|player|p1|Cubielubie|102|1798
|player|p2|Highv0ltag3|volo|1893
|teamsize|p1|6
|teamsize|p2|6
|gen|8
|tier|[Gen 8] OU
|rated|
|rule|Sleep Clause Mod: Limit one foe put to sleep
|rule|Species Clause: Limit one of each Pokémon
|rule|OHKO Clause: OHKO moves are banned
|rule|Evasion Moves Clause: Evasion moves are banned
|rule|Endless Battle Clause: Forcing endless battles is banned
|rule|HP Percentage Mod: HP is shown in percentages
|rule|Dynamax Clause: You cannot dynamax
|clearpoke
|poke|p1|Tapu Koko|
|poke|p1|Hawlucha, M|
|poke|p1|Victini|
|poke|p1|Garchomp, M|
|poke|p1|Melmetal|
|poke|p1|Volcanion|
|poke|p2|Xatu, F|
|poke|p2|Corviknight, M|
|poke|p2|Buzzwole|
|poke|p2|Chansey, F|
|poke|p2|Toxapex, M|
|poke|p2|Hippowdon, M|
|teampreview
|
|t:|1658689192
|start
|switch|p1a: Victini|Victini|100/100
|switch|p2a: Crista Ronaldo|Hippowdon, M|100/100
|turn|1
|inactive|Battle timer is ON: inactive players will automatically lose when time's up. (requested by Highv0ltag3)
|
|t:|1658689223
|move|p1a: Victini|Final Gambit|p2a: Crista Ronaldo
|-damage|p2a: Crista Ronaldo|4/100
|faint|p1a: Victini
|move|p2a: Crista Ronaldo|Stealth Rock|p1: Victini
|-sidestart|p1: Cubielubie|move: Stealth Rock
|
|-heal|p2a: Crista Ronaldo|10/100|[from] item: Leftovers
|upkeep
|
|t:|1658689226
|switch|p1a: Tapu Koko|Tapu Koko|100/100
|-damage|p1a: Tapu Koko|88/100|[from] Stealth Rock
|-fieldstart|move: Electric Terrain|[from] ability: Electric Surge|[of] p1a: Tapu Koko
|turn|2
|j| Savoyevatel
|
|t:|1658689228
|move|p1a: Tapu Koko|U-turn|p2a: Crista Ronaldo
|-damage|p2a: Crista Ronaldo|0 fnt
|faint|p2a: Crista Ronaldo
|l| Savoyevatel
|
|t:|1658689238
|switch|p1a: Melmetal|Melmetal|100/100|[from]move: U-turn
|-damage|p1a: Melmetal|94/100|[from] Stealth Rock
|
|upkeep
|
|t:|1658689245
|switch|p2a: Versos|Buzzwole|100/100
|turn|3
|
|t:|1658689248
|switch|p2a: Cris|Toxapex, M|100/100
|switch|p1a: Tapu Koko|Tapu Koko|88/100
|-damage|p1a: Tapu Koko|76/100|[from] Stealth Rock
|
|upkeep
|turn|4
|
|t:|1658689254
|switch|p2a: Gordinha|Chansey, F|100/100
|move|p1a: Tapu Koko|Volt Switch|p2a: Gordinha
|-damage|p2a: Gordinha|84/100
|
|t:|1658689256
|switch|p1a: Melmetal|Melmetal|94/100|[from]move: Volt Switch
|-damage|p1a: Melmetal|88/100|[from] Stealth Rock
|
|upkeep
|turn|5
|
|t:|1658689261
|switch|p2a: Cris|Toxapex, M|100/100
|move|p1a: Melmetal|Thunder Punch|p2a: Cris
|-supereffective|p2a: Cris
|-damage|p2a: Cris|15/100
|
|-heal|p2a: Cris|21/100|[from] item: Black Sludge
|upkeep
|turn|6
|
|t:|1658689266
|switch|p2a: Versos|Buzzwole|100/100
|move|p1a: Melmetal|Thunder Punch|p2a: Versos
|-damage|p2a: Versos|66/100
|
|-heal|p2a: Versos|72/100|[from] item: Leftovers
|-fieldend|move: Electric Terrain
|upkeep
|turn|7
|j| MPEKAS
|
|t:|1658689271
|switch|p1a: Tapu Koko|Tapu Koko|76/100
|-damage|p1a: Tapu Koko|63/100|[from] Stealth Rock
|-fieldstart|move: Electric Terrain|[from] ability: Electric Surge|[of] p1a: Tapu Koko
|move|p2a: Versos|Toxic|p1a: Tapu Koko
|-status|p1a: Tapu Koko|tox
|
|-heal|p2a: Versos|78/100|[from] item: Leftovers
|-damage|p1a: Tapu Koko|57/100 tox|[from] psn
|upkeep
|turn|8
|
|t:|1658689278
|move|p1a: Tapu Koko|Volt Switch|p2a: Versos
|-damage|p2a: Versos|10/100
|
|t:|1658689287
|switch|p1a: Garchomp|Garchomp, M|100/100|[from]move: Volt Switch
|-damage|p1a: Garchomp|94/100|[from] Stealth Rock
|move|p2a: Versos|Roost|p2a: Versos
|-heal|p2a: Versos|60/100
|-singleturn|p2a: Versos|move: Roost
|
|-heal|p1a: Garchomp|100/100|[from] item: Leftovers
|-heal|p2a: Versos|66/100|[from] item: Leftovers
|upkeep
|turn|9
|
|t:|1658689291
|switch|p1a: Tapu Koko|Tapu Koko|57/100 tox
|-damage|p1a: Tapu Koko|45/100 tox|[from] Stealth Rock
|switch|p2a: Sope|Xatu, F|100/100
|
|-damage|p1a: Tapu Koko|39/100 tox|[from] psn
|upkeep
|turn|10
|
|t:|1658689298
|move|p1a: Tapu Koko|Volt Switch|p2a: Sope
|-supereffective|p2a: Sope
|-damage|p2a: Sope|0 fnt
|faint|p2a: Sope
|
|t:|1658689306
|switch|p1a: Melmetal|Melmetal|88/100|[from]move: Volt Switch
|-damage|p1a: Melmetal|82/100|[from] Stealth Rock
|
|upkeep
|
|t:|1658689314
|switch|p2a: Cris|Toxapex, M|54/100
|turn|11
|
|t:|1658689316
|switch|p2a: Versos|Buzzwole|66/100
|move|p1a: Melmetal|Double Iron Bash|p2a: Versos
|-damage|p2a: Versos|31/100
|-damage|p2a: Versos|0 fnt
|faint|p2a: Versos
|-hitcount|p2: Versos|2
|
|-fieldend|move: Electric Terrain
|upkeep
|
|t:|1658689321
|switch|p2a: Corviknight|Corviknight, M|100/100
|-ability|p2a: Corviknight|Pressure
|turn|12
|
|t:|1658689326
|switch|p1a: Volcanion|Volcanion|100/100
|-damage|p1a: Volcanion|75/100|[from] Stealth Rock
|move|p2a: Corviknight|Body Press|p1a: Volcanion
|-damage|p1a: Volcanion|50/100
|
|upkeep
|turn|13
|j| Savoyevatel
|
|t:|1658689330
|switch|p2a: Gordinha|Chansey, F|84/100
|move|p1a: Volcanion|Flamethrower|p2a: Gordinha
|-damage|p2a: Gordinha|69/100
|
|upkeep
|turn|14
|l| Savoyevatel
|
|t:|1658689335
|switch|p1a: Melmetal|Melmetal|82/100
|-damage|p1a: Melmetal|76/100|[from] Stealth Rock
|move|p2a: Gordinha|Seismic Toss|p1a: Melmetal
|-damage|p1a: Melmetal|52/100
|
|upkeep
|turn|15
|
|t:|1658689338
|switch|p2a: Corviknight|Corviknight, M|100/100
|-ability|p2a: Corviknight|Pressure
|move|p1a: Melmetal|Thunder Punch|p2a: Corviknight
|-supereffective|p2a: Corviknight
|-damage|p2a: Corviknight|28/100
|
|upkeep
|turn|16
|
|t:|1658689345
|switch|p1a: Garchomp|Garchomp, M|100/100
|-damage|p1a: Garchomp|94/100|[from] Stealth Rock
|move|p2a: Corviknight|Roost|p2a: Corviknight
|-heal|p2a: Corviknight|78/100
|-singleturn|p2a: Corviknight|move: Roost
|
|-heal|p1a: Garchomp|100/100|[from] item: Leftovers
|upkeep
|turn|17
|
|t:|1658689348
|move|p1a: Garchomp|Swords Dance|p1a: Garchomp
|-boost|p1a: Garchomp|atk|2
|move|p2a: Corviknight|Iron Defense|p2a: Corviknight
|-boost|p2a: Corviknight|def|2
|
|upkeep
|turn|18
|
|t:|1658689350
|move|p1a: Garchomp|Fire Fang|p2a: Corviknight
|-supereffective|p2a: Corviknight
|-damage|p2a: Corviknight|47/100
|move|p2a: Corviknight|Roost|p2a: Corviknight
|-heal|p2a: Corviknight|97/100
|-singleturn|p2a: Corviknight|move: Roost
|
|upkeep
|turn|19
|
|t:|1658689356
|move|p1a: Garchomp|Swords Dance|p1a: Garchomp
|-boost|p1a: Garchomp|atk|2
|move|p2a: Corviknight|Iron Defense|p2a: Corviknight
|-boost|p2a: Corviknight|def|2
|
|upkeep
|turn|20
|
|t:|1658689358
|move|p1a: Garchomp|Fire Fang|p2a: Corviknight
|-supereffective|p2a: Corviknight
|-damage|p2a: Corviknight|68/100
|move|p2a: Corviknight|Body Press|p1a: Garchomp
|-damage|p1a: Garchomp|26/100
|-damage|p2a: Corviknight|56/100|[from] ability: Rough Skin|[of] p1a: Garchomp
|
|-heal|p1a: Garchomp|32/100|[from] item: Leftovers
|upkeep
|turn|21
|
|t:|1658689364
|move|p1a: Garchomp|Fire Fang|p2a: Corviknight
|-supereffective|p2a: Corviknight
|-damage|p2a: Corviknight|27/100
|move|p2a: Corviknight|Roost|p2a: Corviknight
|-heal|p2a: Corviknight|77/100
|-singleturn|p2a: Corviknight|move: Roost
|
|-heal|p1a: Garchomp|38/100|[from] item: Leftovers
|upkeep
|turn|22
|j| Mushaarna
|j| cteaming!
|
|t:|1658689368
|move|p1a: Garchomp|Fire Fang|p2a: Corviknight
|-supereffective|p2a: Corviknight
|-damage|p2a: Corviknight|50/100
|move|p2a: Corviknight|Roost|p2a: Corviknight
|-heal|p2a: Corviknight|99/100
|-singleturn|p2a: Corviknight|move: Roost
|
|-heal|p1a: Garchomp|44/100|[from] item: Leftovers
|upkeep
|turn|23
|j| Savoyevatel
|
|t:|1658689373
|move|p1a: Garchomp|Fire Fang|p2a: Corviknight
|-supereffective|p2a: Corviknight
|-damage|p2a: Corviknight|73/100
|move|p2a: Corviknight|Body Press|p1a: Garchomp
|-damage|p1a: Garchomp|0 fnt
|-damage|p2a: Corviknight|61/100|[from] ability: Rough Skin|[of] p1a: Garchomp
|faint|p1a: Garchomp
|
|upkeep
|
|t:|1658689375
|switch|p1a: Tapu Koko|Tapu Koko|39/100 tox
|-damage|p1a: Tapu Koko|26/100 tox|[from] Stealth Rock
|-fieldstart|move: Electric Terrain|[from] ability: Electric Surge|[of] p1a: Tapu Koko
|turn|24
|c| MPEKAS|stall is bad u realized it yet?
|
|t:|1658689378
|switch|p2a: Gordinha|Chansey, F|69/100
|move|p1a: Tapu Koko|Volt Switch|p2a: Gordinha
|-damage|p2a: Gordinha|50/100
|l| Savoyevatel
|
|t:|1658689382
|switch|p1a: Melmetal|Melmetal|52/100|[from]move: Volt Switch
|-damage|p1a: Melmetal|46/100|[from] Stealth Rock
|
|upkeep
|turn|25
|
|t:|1658689389
|move|p1a: Melmetal|Thunder Punch|p2a: Gordinha
|-damage|p2a: Gordinha|7/100
|move|p2a: Gordinha|Soft-Boiled|p2a: Gordinha
|-heal|p2a: Gordinha|57/100
|
|upkeep
|turn|26
|c| cteaming!|nah just this one
|
|t:|1658689395
|switch|p1a: Hawlucha|Hawlucha, M|100/100
|-damage|p1a: Hawlucha|88/100|[from] Stealth Rock
|-enditem|p1a: Hawlucha|Electric Seed
|-boost|p1a: Hawlucha|def|1|[from] item: Electric Seed
|move|p2a: Gordinha|Soft-Boiled|p2a: Gordinha
|-heal|p2a: Gordinha|100/100
|
|upkeep
|turn|27
|
|t:|1658689407
|switch|p2a: Cris|Toxapex, M|88/100
|move|p1a: Hawlucha|Swords Dance|p1a: Hawlucha
|-boost|p1a: Hawlucha|atk|2
|
|-heal|p2a: Cris|94/100|[from] item: Black Sludge
|upkeep
|turn|28
|
|t:|1658689409
|move|p1a: Hawlucha|Acrobatics|p2a: Cris
|-damage|p2a: Cris|39/100
|move|p2a: Cris|Haze|p2a: Cris
|-clearallboost
|
|-heal|p2a: Cris|46/100|[from] item: Black Sludge
|-fieldend|move: Electric Terrain
|upkeep
|turn|29
|
|t:|1658689414
|move|p1a: Hawlucha|Swords Dance|p1a: Hawlucha
|-boost|p1a: Hawlucha|atk|2
|move|p2a: Cris|Recover|p2a: Cris
|-heal|p2a: Cris|96/100
|
|-heal|p2a: Cris|100/100|[from] item: Black Sludge
|upkeep
|turn|30
|
|t:|1658689418
|move|p1a: Hawlucha|Acrobatics|p2a: Cris
|-damage|p2a: Cris|36/100
|move|p2a: Cris|Haze|p2a: Cris
|-clearallboost
|
|-heal|p2a: Cris|42/100|[from] item: Black Sludge
|upkeep
|turn|31
|
|t:|1658689424
|move|p1a: Hawlucha|Swords Dance|p1a: Hawlucha
|-boost|p1a: Hawlucha|atk|2
|move|p2a: Cris|Recover|p2a: Cris
|-heal|p2a: Cris|92/100
|
|-heal|p2a: Cris|99/100|[from] item: Black Sludge
|upkeep
|turn|32
|
|t:|1658689427
|move|p1a: Hawlucha|Acrobatics|p2a: Cris
|-damage|p2a: Cris|41/100
|move|p2a: Cris|Haze|p2a: Cris
|-clearallboost
|
|-heal|p2a: Cris|48/100|[from] item: Black Sludge
|upkeep
|turn|33
|
|t:|1658689432
|move|p1a: Hawlucha|Swords Dance|p1a: Hawlucha
|-boost|p1a: Hawlucha|atk|2
|move|p2a: Cris|Scald|p1a: Hawlucha
|-damage|p1a: Hawlucha|67/100
|
|-heal|p2a: Cris|54/100|[from] item: Black Sludge
|upkeep
|turn|34
|
|t:|1658689439
|switch|p2a: Corviknight|Corviknight, M|61/100
|-ability|p2a: Corviknight|Pressure
|move|p1a: Hawlucha|Acrobatics|p2a: Corviknight
|-resisted|p2a: Corviknight
|-damage|p2a: Corviknight|30/100
|
|upkeep
|turn|35
|
|t:|1658689443
|switch|p2a: Cris|Toxapex, M|87/100
|move|p1a: Hawlucha|Close Combat|p2a: Cris
|-resisted|p2a: Cris
|-damage|p2a: Cris|56/100
|-unboost|p1a: Hawlucha|def|1
|-unboost|p1a: Hawlucha|spd|1
|
|-heal|p2a: Cris|62/100|[from] item: Black Sludge
|upkeep
|turn|36
|c| cteaming!|??
|
|t:|1658689454
|move|p1a: Hawlucha|Acrobatics|p2a: Cris
|-damage|p2a: Cris|5/100
|move|p2a: Cris|Scald|p1a: Hawlucha
|-damage|p1a: Hawlucha|34/100
|
|-heal|p2a: Cris|11/100|[from] item: Black Sludge
|upkeep
|turn|37
|
|t:|1658689460
|switch|p2a: Corviknight|Corviknight, M|30/100
|-ability|p2a: Corviknight|Pressure
|move|p1a: Hawlucha|Acrobatics|p2a: Corviknight
|-resisted|p2a: Corviknight
|-damage|p2a: Corviknight|0 fnt
|faint|p2a: Corviknight
|
|upkeep
|
|t:|1658689463
|switch|p2a: Cris|Toxapex, M|44/100
|turn|38
|
|t:|1658689470
|switch|p2a: Gordinha|Chansey, F|100/100
|move|p1a: Hawlucha|Acrobatics|p2a: Gordinha
|-damage|p2a: Gordinha|34/100
|
|upkeep
|turn|39
|
|t:|1658689473
|move|p1a: Hawlucha|Acrobatics|p2a: Gordinha
|-damage|p2a: Gordinha|0 fnt
|faint|p2a: Gordinha
|
|upkeep
|
|t:|1658689475
|switch|p2a: Cris|Toxapex, M|77/100
|turn|40
|c|☆Highv0ltag3|gg
|
|t:|1658689483
|move|p1a: Hawlucha|Acrobatics|p2a: Cris
|-damage|p2a: Cris|16/100
|move|p2a: Cris|Recover|p2a: Cris
|-heal|p2a: Cris|66/100
|
|-heal|p2a: Cris|72/100|[from] item: Black Sludge
|upkeep
|turn|41
|
|t:|1658689490
|move|p1a: Hawlucha|Acrobatics|p2a: Cris
|-damage|p2a: Cris|15/100
|move|p2a: Cris|Haze|p2a: Cris
|-clearallboost
|
|-heal|p2a: Cris|21/100|[from] item: Black Sludge
|upkeep
|turn|42
|c| MPEKAS|stall take a break losing 3 in a row
|c| MPEKAS|ur a tilted my dude
|c| cteaming!|imagine if it was taunt lucha
|c| cteaming!|insta 6-0 on preview
|c|☆Highv0ltag3|im not tilted
|c|☆Highv0ltag3|wtf
|c| cteaming!|against stall 😂
|
|t:|1658689513
|move|p1a: Hawlucha|Acrobatics|p2a: Cris
|-damage|p2a: Cris|0 fnt
|faint|p2a: Cris
|
|win|Cubielubie
|raw|Cubielubie's rating: 1779 &rarr; <strong>1805</strong><br />(+26 for winning)
|raw|Highv0ltag3's rating: 1893 &rarr; <strong>1867</strong><br />(-26 for losing)
|c|☆Highv0ltag3|nah unaware clef deals with that
|c| cteaming!|wheres ur clef
|c| cteaming!|uve been gassing this team
|c|☆Highv0ltag3|im testing different stuff
|c| cteaming!|ok
|l| cteaming!
|c|☆Highv0ltag3|but I like this team
|c| MPEKAS|xatu is bad and walled by fini
||Ladder isn't responding, score probably updated but might not have (Request timeout).
|l| Mushaarna
|c|☆Highv0ltag3|i have toxic
|l|☆Highv0ltag3
|c| MPEKAS|misty terrain?
|l| MPEKAS
|l|☆Cubielubie
|j|☆Cubielubie
|player|p1|Cubielubie|102
