|raw|<div class="broadcast-blue"><strong>This battle is required to be public due to a player having a name prefixed by 'LT71LX'.</div>
|j|☆ezwz
|j|☆lt71lx vaboh
|t:|1596935485
|player|p1|ezwz|youngster-gen4|1925
|player|p2|lt71lx vaboh|malva|1893
|teamsize|p1|6
|teamsize|p2|6
|gametype|singles
|gen|8
|tier|[Gen 8] OU
|rated|
|clearpoke
|poke|p1|Seismitoad, M|
|poke|p1|Ferrothorn, M|
|poke|p1|Arcanine, F|
|poke|p1|Zeraora|
|poke|p1|Urshifu-*, F|
|poke|p1|Togekiss, M|
|poke|p2|Zeraora|
|poke|p2|Rillaboom, M|
|poke|p2|Clefable, M|
|poke|p2|Blissey, F|
|poke|p2|Skarmory, F|
|poke|p2|Toxapex, M|
|rule|Sleep Clause Mod: Limit one foe put to sleep
|rule|Species Clause: Limit one of each Pokémon
|rule|OHKO Clause: OHKO moves are banned
|rule|Evasion Moves Clause: Evasion moves are banned
|rule|Endless Battle Clause: Forcing endless battles is banned
|rule|HP Percentage Mod: HP is shown in percentages
|rule|Dynamax Clause: You cannot dynamax
|teampreview
|j| snycky
|j| hipster garbage
|j| El Tripado
|l| snycky
|inactive|Battle timer is ON: inactive players will automatically lose when time's up. (requested by lt71lx vaboh)
|j| lt71lx qze
|j| LaloKhan²
|j| mengmeizi
|
|t:|1596935518
|start
|switch|p1a: Ferrothorn|Ferrothorn, M|100/100
|switch|p2a: Rillaboom|Rillaboom, M|100/100
|-fieldstart|move: Grassy Terrain|[from] ability: Grassy Surge|[of] p2a: Rillaboom
|turn|1
|j| killabyss
|j| Corazan
|j| Frostigar479
|
|t:|1596935529
|switch|p1a: Togekiss|Togekiss, M|100/100
|move|p2a: Rillaboom|U-turn|p1a: Togekiss
|-resisted|p1a: Togekiss
|-damage|p1a: Togekiss|94/100
|
|t:|1596935536
|switch|p2a: Zeraora|Zeraora|100/100|[from]move: U-turn
|
|upkeep
|turn|2
|l| Frostigar479
|j| yiyue
|l| killabyss
|l| lt71lx qze
|j| Ox the Fox
|l| hipster garbage
|inactive|ezwz has 120 seconds left.
|j| A1Channel
|
|t:|1596935574
|switch|p1a: Seismitoad|Seismitoad, M|100/100
|move|p2a: Zeraora|Volt Switch|p1a: Seismitoad
|-immune|p1a: Seismitoad
|
|upkeep
|turn|3
|j| Jun10w
|inactive|ezwz has 120 seconds left.
|
|t:|1596935580
|switch|p1a: Ferrothorn|Ferrothorn, M|100/100
|move|p2a: Zeraora|Grass Knot|p1a: Ferrothorn
|-resisted|p1a: Ferrothorn
|-damage|p1a: Ferrothorn|92/100
|-damage|p2a: Zeraora|88/100|[from] ability: Iron Barbs|[of] p1a: Ferrothorn
|
|-heal|p2a: Zeraora|94/100|[from] Grassy Terrain
|-heal|p1a: Ferrothorn|98/100|[from] item: Leftovers
|-heal|p1a: Ferrothorn|100/100|[from] Grassy Terrain
|upkeep
|turn|4
|j| snycky
|n| snycky|snycky
|n| snycky|snycky
|n| snycky|snycky
|
|t:|1596935586
|move|p2a: Zeraora|Volt Switch|p1a: Ferrothorn
|-resisted|p1a: Ferrothorn
|-damage|p1a: Ferrothorn|87/100
|
|t:|1596935588
|switch|p2a: Clefable|Clefable, M|100/100|[from]move: Volt Switch
|move|p1a: Ferrothorn|Knock Off|p2a: Clefable
|-resisted|p2a: Clefable
|-damage|p2a: Clefable|93/100
|-enditem|p2a: Clefable|Leftovers|[from] move: Knock Off|[of] p1a: Ferrothorn
|
|-heal|p2a: Clefable|99/100|[from] Grassy Terrain
|-heal|p1a: Ferrothorn|93/100|[from] item: Leftovers
|-heal|p1a: Ferrothorn|99/100|[from] Grassy Terrain
|upkeep
|turn|5
|
|t:|1596935596
|switch|p1a: Seismitoad|Seismitoad, M|100/100
|move|p2a: Clefable|Knock Off|p1a: Seismitoad
|-damage|p1a: Seismitoad|86/100
|-enditem|p1a: Seismitoad|Leftovers|[from] move: Knock Off|[of] p2a: Clefable
|
|-heal|p1a: Seismitoad|92/100|[from] Grassy Terrain
|-heal|p2a: Clefable|100/100|[from] Grassy Terrain
|-fieldend|move: Grassy Terrain
|upkeep
|turn|6
|
|t:|1596935601
|move|p1a: Seismitoad|Stealth Rock|p2a: Clefable
|-sidestart|p2: lt71lx vaboh|move: Stealth Rock
|move|p2a: Clefable|Stealth Rock|p1a: Seismitoad
|-sidestart|p1: ezwz|move: Stealth Rock
|
|upkeep
|turn|7
|j| Tace
|
|t:|1596935606
|move|p1a: Seismitoad|Scald|p2a: Clefable
|-damage|p2a: Clefable|77/100
|-status|p2a: Clefable|brn
|move|p2a: Clefable|Moonblast|p1a: Seismitoad
|-damage|p1a: Seismitoad|70/100
|
|upkeep
|turn|8
|
|t:|1596935615
|switch|p1a: Togekiss|Togekiss, M|94/100
|move|p2a: Clefable|Knock Off|p1a: Togekiss
|-resisted|p1a: Togekiss
|-damage|p1a: Togekiss|92/100
|-enditem|p1a: Togekiss|Heavy-Duty Boots|[from] move: Knock Off|[of] p2a: Clefable
|
|upkeep
|turn|9
|j| B◊dger
|j| LT71LX Storm
|
|t:|1596935622
|switch|p2a: Blissey|Blissey, F|100/100
|move|p1a: Togekiss|Nasty Plot|p1a: Togekiss
|-boost|p1a: Togekiss|spa|2
|
|upkeep
|turn|10
|
|t:|1596935629
|move|p1a: Togekiss|Air Slash|p2a: Blissey
|-damage|p2a: Blissey|78/100
|move|p2a: Blissey|Toxic|p1a: Togekiss
|-status|p1a: Togekiss|tox
|
|-damage|p1a: Togekiss|86/100 tox|[from] psn
|upkeep
|turn|11
|l| snycky
|
|t:|1596935635
|move|p1a: Togekiss|Heal Bell|p1a: Togekiss
|-activate|p1a: Togekiss|move: Heal Bell
|-curestatus|p1a: Togekiss|tox|[msg]
|move|p2a: Blissey|Teleport|p2a: Blissey
|
|t:|1596935638
|switch|p2a: Zeraora|Zeraora|94/100|[from]move: Teleport
|
|upkeep
|turn|12
|l| Tace
|
|t:|1596935642
|switch|p1a: Ferrothorn|Ferrothorn, M|99/100
|-damage|p1a: Ferrothorn|93/100|[from] Stealth Rock
|move|p2a: Zeraora|Discharge|p1a: Ferrothorn
|-resisted|p1a: Ferrothorn
|-damage|p1a: Ferrothorn|78/100
|
|-heal|p1a: Ferrothorn|84/100|[from] item: Leftovers
|upkeep
|turn|13
|
|t:|1596935647
|move|p2a: Zeraora|Volt Switch|p1a: Ferrothorn
|-resisted|p1a: Ferrothorn
|-damage|p1a: Ferrothorn|70/100
|
|t:|1596935649
|switch|p2a: Clefable|Clefable, M|77/100 brn|[from]move: Volt Switch
|move|p1a: Ferrothorn|Spikes|p2a: Clefable
|-sidestart|p2: lt71lx vaboh|Spikes
|
|-heal|p1a: Ferrothorn|76/100|[from] item: Leftovers
|upkeep
|turn|14
|
|t:|1596935653
|switch|p1a: Arcanine|Arcanine, F|100/100
|-ability|p1a: Arcanine|Intimidate|boost
|-unboost|p2a: Clefable|atk|1
|move|p2a: Clefable|Knock Off|p1a: Arcanine
|-damage|p1a: Arcanine|96/100
|-enditem|p1a: Arcanine|Heavy-Duty Boots|[from] move: Knock Off|[of] p2a: Clefable
|
|upkeep
|turn|15
|
|t:|1596935661
|move|p2a: Clefable|Soft-Boiled|p2a: Clefable
|-heal|p2a: Clefable|100/100 brn
|move|p1a: Arcanine|Teleport|p1a: Arcanine
|
|t:|1596935667
|switch|p1a: Togekiss|Togekiss, M|86/100|[from]move: Teleport
|-damage|p1a: Togekiss|61/100|[from] Stealth Rock
|
|upkeep
|turn|16
|j| sir guap
|
|t:|1596935670
|switch|p2a: Zeraora|Zeraora|94/100
|move|p1a: Togekiss|Roost|p1a: Togekiss
|-heal|p1a: Togekiss|100/100
|-singleturn|p1a: Togekiss|move: Roost
|
|upkeep
|turn|17
|
|t:|1596935674
|switch|p1a: Zeraora|Zeraora|100/100
|move|p2a: Zeraora|Discharge|p1a: Zeraora
|-immune|p1a: Zeraora|[from] ability: Volt Absorb
|
|upkeep
|turn|18
|j| MS3D
|
|t:|1596935684
|switch|p2a: Clefable|Clefable, M|100/100 brn
|move|p1a: Zeraora|Toxic||[still]
|-fail|p1a: Zeraora
|
|upkeep
|turn|19
|j| keudu
|
|t:|1596935692
|switch|p2a: Zeraora|Zeraora|94/100
|move|p1a: Zeraora|Volt Switch|p2a: Zeraora
|-heal|p2a: Zeraora|100/100|[from] ability: Volt Absorb|[of] p1a: Zeraora
|
|upkeep
|turn|20
|
|t:|1596935698
|switch|p2a: Clefable|Clefable, M|100/100 brn
|move|p1a: Zeraora|Toxic||[still]
|-fail|p1a: Zeraora
|
|upkeep
|turn|21
|
|t:|1596935703
|move|p1a: Zeraora|Volt Switch|p2a: Clefable
|-damage|p2a: Clefable|78/100 brn
|
|t:|1596935706
|switch|p1a: Togekiss|Togekiss, M|100/100|[from]move: Volt Switch
|-damage|p1a: Togekiss|76/100|[from] Stealth Rock
|move|p2a: Clefable|Moonblast|p1a: Togekiss
|-damage|p1a: Togekiss|52/100
|-unboost|p1a: Togekiss|spa|1
|
|upkeep
|turn|22
|
|t:|1596935710
|switch|p2a: Zeraora|Zeraora|100/100
|move|p1a: Togekiss|Roost|p1a: Togekiss
|-heal|p1a: Togekiss|100/100
|-singleturn|p1a: Togekiss|move: Roost
|
|upkeep
|turn|23
|l| A1Channel
|
|t:|1596935715
|switch|p1a: Ferrothorn|Ferrothorn, M|76/100
|-damage|p1a: Ferrothorn|70/100|[from] Stealth Rock
|move|p2a: Zeraora|Close Combat|p1a: Ferrothorn
|-supereffective|p1a: Ferrothorn
|-crit|p1a: Ferrothorn
|-damage|p1a: Ferrothorn|20/100
|-unboost|p2a: Zeraora|def|1
|-unboost|p2a: Zeraora|spd|1
|-damage|p2a: Zeraora|88/100|[from] ability: Iron Barbs|[of] p1a: Ferrothorn
|
|-heal|p1a: Ferrothorn|26/100|[from] item: Leftovers
|upkeep
|turn|24
|
|t:|1596935726
|switch|p1a: Zeraora|Zeraora|100/100
|move|p2a: Zeraora|Close Combat|p1a: Zeraora
|-damage|p1a: Zeraora|62/100
|-unboost|p2a: Zeraora|def|1
|-unboost|p2a: Zeraora|spd|1
|
|upkeep
|turn|25
|
|t:|1596935736
|move|p1a: Zeraora|Close Combat|p2a: Zeraora
|-damage|p2a: Zeraora|0 fnt
|-unboost|p1a: Zeraora|def|1
|-unboost|p1a: Zeraora|spd|1
|faint|p2a: Zeraora
|
|upkeep
|
|t:|1596935743
|switch|p2a: Clefable|Clefable, M|78/100 brn
|turn|26
|
|t:|1596935750
|move|p1a: Zeraora|Volt Switch|p2a: Clefable
|-damage|p2a: Clefable|57/100 brn
|
|t:|1596935752
|switch|p1a: Togekiss|Togekiss, M|100/100|[from]move: Volt Switch
|-damage|p1a: Togekiss|76/100|[from] Stealth Rock
|move|p2a: Clefable|Moonblast|p1a: Togekiss
|-damage|p1a: Togekiss|49/100
|
|upkeep
|turn|27
|
|t:|1596935757
|move|p1a: Togekiss|Roost|p1a: Togekiss
|-heal|p1a: Togekiss|99/100
|-singleturn|p1a: Togekiss|move: Roost
|move|p2a: Clefable|Soft-Boiled|p2a: Clefable
|-heal|p2a: Clefable|100/100 brn
|
|upkeep
|turn|28
|
|t:|1596935763
|switch|p2a: Blissey|Blissey, F|78/100
|move|p1a: Togekiss|Nasty Plot|p1a: Togekiss
|-boost|p1a: Togekiss|spa|2
|
|upkeep
|turn|29
|
|t:|1596935766
|move|p1a: Togekiss|Nasty Plot|p1a: Togekiss
|-boost|p1a: Togekiss|spa|2
|move|p2a: Blissey|Toxic|p1a: Togekiss|[miss]
|-miss|p2a: Blissey|p1a: Togekiss
|
|upkeep
|turn|30
|
|t:|1596935772
|move|p1a: Togekiss|Air Slash|p2a: Blissey
|-damage|p2a: Blissey|47/100
|cant|p2a: Blissey|flinch
|
|upkeep
|turn|31
|
|t:|1596935776
|move|p1a: Togekiss|Air Slash|p2a: Blissey
|-damage|p2a: Blissey|15/100
|cant|p2a: Blissey|flinch
|
|upkeep
|turn|32
|
|t:|1596935783
|move|p1a: Togekiss|Air Slash|p2a: Blissey
|-damage|p2a: Blissey|0 fnt
|faint|p2a: Blissey
|
|upkeep
|
|t:|1596935785
|switch|p2a: Skarmory|Skarmory, F|100/100
|-damage|p2a: Skarmory|88/100|[from] Stealth Rock
|turn|33
|
|t:|1596935787
|move|p1a: Togekiss|Air Slash|p2a: Skarmory
|-resisted|p2a: Skarmory
|-damage|p2a: Skarmory|25/100
|cant|p2a: Skarmory|flinch
|
|upkeep
|turn|34
|j| georgos
|
|t:|1596935792
|move|p1a: Togekiss|Air Slash|p2a: Skarmory
|-resisted|p2a: Skarmory
|-damage|p2a: Skarmory|0 fnt
|faint|p2a: Skarmory
|
|upkeep
|-message|lt71lx vaboh forfeited.
|
|win|ezwz
|l|☆lt71lx vaboh
|l| Corazan
|l|☆ezwz
|raw|ezwz's rating: 1926 &rarr; <strong>1944</strong><br />(+18 for winning)
|raw|lt71lx vaboh's rating: 1893 &rarr; <strong>1875</strong><br />(-18 for losing)
|l| Jun10w
|l| keudu
|l| LaloKhan²
|l| El Tripado
|l| MS3D
|l| georgos
|j| georgos
|j| cclm
|l| cclm
|j| arcsin180
|l| arcsin180
|l| mengmeizi
|j|+Wiggleetuff
|l| georgos
|j| Quimera01
|l| Quimera01
|j| Lt71lx Hockey
|l| Lt71lx Hockey
|j| LT71LX Vessev
