|html|<div class="broadcast-blue"><strong>[Gen 8] OU is currently suspecting Spectrier! For information on how to participate check out the <a href="https://www.smogon.com/forums/threads/np-ss-ou-suspect-process-round-9-old-town-road.3676744/">suspect thread</a>.</strong></div>
|j|☆OUTS GamerNest
|j|☆LizzyPark
|t:|1612467225
|player|p1|OUTS GamerNest|cyrus|1295
|player|p2|LizzyPark|doctor|1322
|teamsize|p1|6
|teamsize|p2|6
|gametype|singles
|gen|8
|tier|[Gen 8] OU
|rated|
|clearpoke
|poke|p1|Rillaboom, M|
|poke|p1|Zapdos-Galar|
|poke|p1|Toxapex, M|
|poke|p1|Urshifu-*, M|
|poke|p1|Spectrier|
|poke|p1|Volcarona, M|
|poke|p2|Tapu Koko|
|poke|p2|Regieleki|
|poke|p2|Landorus-Therian, M|
|poke|p2|Hawlucha, F|
|poke|p2|Kyurem|
|poke|p2|Urshifu-*, M|
|rule|Sleep Clause Mod: Limit one foe put to sleep
|rule|Species Clause: Limit one of each Pokémon
|rule|OHKO Clause: OHKO moves are banned
|rule|Evasion Moves Clause: Evasion moves are banned
|rule|Endless Battle Clause: Forcing endless battles is banned
|rule|HP Percentage Mod: HP is shown in percentages
|rule|Dynamax Clause: You cannot dynamax
|teampreview
|inactive|Battle timer is ON: inactive players will automatically lose when time's up. (requested by LizzyPark)
|
|t:|1612467251
|start
|switch|p1a: monke|Rillaboom, M|100/100
|switch|p2a: Regieleki|Regieleki|100/100
|-fieldstart|move: Grassy Terrain|[from] ability: Grassy Surge|[of] p1a: monke
|turn|1
|
|t:|1612467267
|switch|p2a: Tapu Koko|Tapu Koko|100/100
|-fieldstart|move: Electric Terrain|[from] ability: Electric Surge|[of] p2a: Tapu Koko
|move|p1a: monke|Grassy Glide|p2a: Tapu Koko
|-damage|p2a: Tapu Koko|30/100
|
|upkeep
|turn|2
|
|t:|1612467273
|move|p2a: Tapu Koko|Reflect|p2a: Tapu Koko
|-sidestart|p2: LizzyPark|Reflect
|move|p1a: monke|Grassy Glide|p2a: Tapu Koko
|-damage|p2a: Tapu Koko|0 fnt
|faint|p2a: Tapu Koko
|
|upkeep
|
|t:|1612467277
|switch|p2a: Regieleki|Regieleki|100/100
|turn|3
|
|t:|1612467290
|switch|p1a: patrig|Toxapex, M|100/100
|move|p2a: Regieleki|Volt Switch|p1a: patrig
|-supereffective|p1a: patrig
|-damage|p1a: patrig|0 fnt
|faint|p1a: patrig
|
|t:|1612467295
|switch|p2a: Hawlucha|Hawlucha, F|100/100|[from]move: Volt Switch
|-enditem|p2a: Hawlucha|Electric Seed
|-boost|p2a: Hawlucha|def|1|[from] item: Electric Seed
|
|upkeep
|
|t:|1612467318
|switch|p1a: hors|Spectrier|100/100
|turn|4
|
|t:|1612467321
|move|p2a: Hawlucha|Swords Dance|p2a: Hawlucha
|-boost|p2a: Hawlucha|atk|2
|move|p1a: hors|Will-O-Wisp|p2a: Hawlucha|[miss]
|-miss|p1a: hors|p2a: Hawlucha
|
|upkeep
|turn|5
|
|t:|1612467323
|move|p2a: Hawlucha|Acrobatics|p1a: hors
|-damage|p1a: hors|0 fnt
|faint|p1a: hors
|
|-fieldend|move: Electric Terrain
|upkeep
|
|t:|1612467336
|switch|p1a: bug|Volcarona, M|100/100
|turn|6
|
|t:|1612467340
|move|p2a: Hawlucha|Stone Edge|p1a: bug
|-supereffective|p1a: bug
|-damage|p1a: bug|0 fnt
|faint|p1a: bug
|
|upkeep
|
|t:|1612467346
|switch|p1a: berd|Zapdos-Galar|100/100
|turn|7
|
|t:|1612467348
|move|p2a: Hawlucha|Acrobatics|p1a: berd
|-supereffective|p1a: berd
|-damage|p1a: berd|0 fnt
|faint|p1a: berd
|
|upkeep
|
|t:|1612467350
|switch|p1a: monke|Rillaboom, M|100/100
|-fieldstart|move: Grassy Terrain|[from] ability: Grassy Surge|[of] p1a: monke
|turn|8
|c|☆LizzyPark|gg
|
|t:|1612467354
|move|p1a: monke|Grassy Glide|p2a: Hawlucha
|-resisted|p2a: Hawlucha
|-damage|p2a: Hawlucha|81/100
|move|p2a: Hawlucha|Acrobatics|p1a: monke
|-supereffective|p1a: monke
|-damage|p1a: monke|0 fnt
|faint|p1a: monke
|
|upkeep
|
|t:|1612467356
|switch|p1a: Urshifu|Urshifu-Rapid-Strike, M|100/100
|turn|9
|
|t:|1612467358
|move|p1a: Urshifu|Aqua Jet|p2a: Hawlucha
|-damage|p2a: Hawlucha|70/100
|move|p2a: Hawlucha|Acrobatics|p1a: Urshifu
|-supereffective|p1a: Urshifu
|-damage|p1a: Urshifu|0 fnt
|faint|p1a: Urshifu
|
|win|LizzyPark
|l|☆OUTS GamerNest
||Ladder (probably) updated, but score could not be retrieved (Request timeout).
