|j|☆Storm Zone
|j|☆testotesto321
|player|p1|Storm Zone|zinnia|1834
|player|p2|testotesto321|bellelba|1702
|teamsize|p1|6
|teamsize|p2|6
|gametype|singles
|gen|8
|tier|[Gen 8] OU
|rated|
|html|<div class="broadcast-red"><strong>OU is currently suspecting Melmetal! For information on how to participate check out the <a href="https://www.smogon.com/forums/threads/3662190/">suspect thread</a>.</strong></div>
|clearpoke
|poke|p1|Clefable, M|
|poke|p1|Bewear, M|
|poke|p1|Sandaconda, M|
|poke|p1|Durant, M|
|poke|p1|Jellicent, F|
|poke|p1|Rotom-Heat|
|poke|p2|Melmetal|
|poke|p2|Zeraora|
|poke|p2|Dragapult, F|
|poke|p2|Arcanine, M|
|poke|p2|Corviknight, F|
|poke|p2|Seismitoad, M|
|rule|Sleep Clause Mod: Limit one foe put to sleep
|rule|Species Clause: Limit one of each Pokémon
|rule|OHKO Clause: OHKO moves are banned
|rule|Evasion Moves Clause: Evasion moves are banned
|rule|Endless Battle Clause: Forcing endless battles is banned
|rule|HP Percentage Mod: HP is shown in percentages
|rule|Dynamax Clause: You cannot dynamax
|teampreview
|j| FucK SeaworlD
|c| FucK SeaworlD|oh shit storm zone
|l| FucK SeaworlD
|c|☆Storm Zone|sup
|
|start
|switch|p1a: Love|Bewear, M|100/100
|switch|p2a: Dragapult|Dragapult, F|100/100
|turn|1
|j| sst elena
|c| sst elena|hello bitches
|
|switch|p1a: Crescent|Clefable, M|100/100
|move|p2a: Dragapult|Draco Meteor|p1a: Crescent
|-immune|p1a: Crescent
|
|upkeep
|turn|2
|
|switch|p2a: Corviknight|Corviknight, F, shiny|100/100
|-ability|p2a: Corviknight|Pressure
|move|p1a: Crescent|Stealth Rock|p2a: Corviknight
|-sidestart|p2: testotesto321|move: Stealth Rock
|
|upkeep
|turn|3
|
|switch|p1a: Ashura|Jellicent, F|100/100
|move|p2a: Corviknight|Defog|p1a: Ashura
|-unboost|p1a: Ashura|evasion|1
|-sideend|p2: testotesto321|Stealth Rock|[from] move: Defog|[of] p2a: Corviknight
|
|upkeep
|turn|4
|
|move|p1a: Ashura|Will-O-Wisp|p2a: Corviknight
|-status|p2a: Corviknight|brn
|move|p2a: Corviknight|U-turn|p1a: Ashura
|-resisted|p1a: Ashura
|-damage|p1a: Ashura|97/100
|
|switch|p2a: Dragapult|Dragapult, F|100/100|[from]move: U-turn
|
|-heal|p1a: Ashura|100/100|[from] item: Leftovers
|upkeep
|turn|5
|
|switch|p1a: Love|Bewear, M|100/100
|move|p2a: Dragapult|U-turn|p1a: Love
|-resisted|p1a: Love
|-damage|p1a: Love|96/100
|j| inoogg
|
|switch|p2a: Seismitoad|Seismitoad, M|100/100|[from]move: U-turn
|
|upkeep
|turn|6
|
|move|p2a: Seismitoad|Toxic|p1a: Love|[miss]
|-miss|p2a: Seismitoad|p1a: Love
|move|p1a: Love|Close Combat|p2a: Seismitoad
|-damage|p2a: Seismitoad|34/100
|-unboost|p1a: Love|def|1
|-unboost|p1a: Love|spd|1
|-damage|p1a: Love|80/100|[from] item: Rocky Helmet|[of] p2a: Seismitoad
|
|upkeep
|turn|7
|c| sst elena|why is melmetal allowed again?
|
|switch|p1a: Crescent|Clefable, M|100/100
|move|p2a: Seismitoad|Stealth Rock|p1a: Crescent
|-sidestart|p1: Storm Zone|move: Stealth Rock
|
|upkeep
|turn|8
|c|☆Storm Zone|they retesting it
|c|☆Storm Zone|it might not be broken
|
|switch|p2a: Corviknight|Corviknight, F, shiny|100/100 brn
|-ability|p2a: Corviknight|Pressure
|move|p1a: Crescent|Stealth Rock|p2a: Corviknight
|-sidestart|p2: testotesto321|move: Stealth Rock
|
|-damage|p2a: Corviknight|94/100 brn|[from] brn
|upkeep
|turn|9
|
|move|p2a: Corviknight|Defog|p1a: Crescent
|-unboost|p1a: Crescent|evasion|1
|-sideend|p1: Storm Zone|Stealth Rock|[from] move: Defog|[of] p2a: Corviknight
|-sideend|p2: testotesto321|Stealth Rock|[from] move: Defog|[of] p2a: Corviknight
|move|p1a: Crescent|Moonblast|p2a: Corviknight
|-resisted|p2a: Corviknight
|-damage|p2a: Corviknight|84/100 brn
|-unboost|p2a: Corviknight|spa|1
|
|-heal|p2a: Corviknight|90/100 brn|[from] item: Leftovers
|-damage|p2a: Corviknight|84/100 brn|[from] brn
|upkeep
|turn|10
|
|move|p2a: Corviknight|Iron Head|p1a: Crescent
|-supereffective|p1a: Crescent
|-damage|p1a: Crescent|72/100
|cant|p1a: Crescent|flinch
|
|-heal|p2a: Corviknight|90/100 brn|[from] item: Leftovers
|-heal|p1a: Crescent|78/100|[from] item: Leftovers
|-damage|p2a: Corviknight|84/100 brn|[from] brn
|upkeep
|turn|11
|
|move|p2a: Corviknight|Iron Head|p1a: Crescent
|-supereffective|p1a: Crescent
|-damage|p1a: Crescent|49/100
|cant|p1a: Crescent|flinch
|
|-heal|p2a: Corviknight|90/100 brn|[from] item: Leftovers
|-heal|p1a: Crescent|56/100|[from] item: Leftovers
|-damage|p2a: Corviknight|84/100 brn|[from] brn
|upkeep
|turn|12
|
|move|p2a: Corviknight|Iron Head|p1a: Crescent
|-supereffective|p1a: Crescent
|-damage|p1a: Crescent|30/100
|move|p1a: Crescent|Soft-Boiled|p1a: Crescent
|-heal|p1a: Crescent|80/100
|
|-heal|p2a: Corviknight|90/100 brn|[from] item: Leftovers
|-heal|p1a: Crescent|86/100|[from] item: Leftovers
|-damage|p2a: Corviknight|84/100 brn|[from] brn
|upkeep
|turn|13
|
|move|p2a: Corviknight|Iron Head|p1a: Crescent
|-supereffective|p1a: Crescent
|-damage|p1a: Crescent|58/100
|move|p1a: Crescent|Stealth Rock|p2a: Corviknight
|-sidestart|p2: testotesto321|move: Stealth Rock
|
|-heal|p2a: Corviknight|90/100 brn|[from] item: Leftovers
|-heal|p1a: Crescent|64/100|[from] item: Leftovers
|-damage|p2a: Corviknight|84/100 brn|[from] brn
|upkeep
|turn|14
|
|switch|p1a: Jabba|Sandaconda, M|100/100
|move|p2a: Corviknight|Defog|p1a: Jabba
|-unboost|p1a: Jabba|evasion|1
|-sideend|p2: testotesto321|Stealth Rock|[from] move: Defog|[of] p2a: Corviknight
|
|-heal|p2a: Corviknight|90/100 brn|[from] item: Leftovers
|-damage|p2a: Corviknight|84/100 brn|[from] brn
|upkeep
|turn|15
|
|move|p1a: Jabba|Coil|p1a: Jabba
|-boost|p1a: Jabba|atk|1
|-boost|p1a: Jabba|def|1
|-boost|p1a: Jabba|accuracy|1
|move|p2a: Corviknight|U-turn|p1a: Jabba
|-damage|p1a: Jabba|97/100
|-weather|Sandstorm|[from] ability: Sand Spit|[of] p1a: Jabba
|c| sst elena|weird
|
|switch|p2a: Arcanine|Arcanine, M|100/100|[from]move: U-turn
|-ability|p2a: Arcanine|Intimidate|boost
|-unboost|p1a: Jabba|atk|1
|
|-weather|Sandstorm|[upkeep]
|-damage|p2a: Arcanine|94/100|[from] Sandstorm
|-heal|p1a: Jabba|100/100|[from] item: Leftovers
|upkeep
|turn|16
|
|switch|p1a: Phantom|Rotom-Heat, shiny|100/100
|move|p2a: Arcanine|Will-O-Wisp|p1a: Phantom|[miss]
|-miss|p2a: Arcanine|p1a: Phantom
|
|-weather|Sandstorm|[upkeep]
|-damage|p1a: Phantom|94/100|[from] Sandstorm
|-damage|p2a: Arcanine|88/100|[from] Sandstorm
|upkeep
|turn|17
|
|move|p1a: Phantom|Nasty Plot|p1a: Phantom
|-boost|p1a: Phantom|spa|2
|move|p2a: Arcanine|Teleport|p2a: Arcanine
|
|switch|p2a: Dragapult|Dragapult, F|100/100|[from]move: Teleport
|
|-weather|Sandstorm|[upkeep]
|-damage|p2a: Dragapult|95/100|[from] Sandstorm
|-damage|p1a: Phantom|88/100|[from] Sandstorm
|upkeep
|turn|18
|
|move|p2a: Dragapult|U-turn|p1a: Phantom
|-resisted|p1a: Phantom
|-damage|p1a: Phantom|79/100
|
|switch|p2a: Arcanine|Arcanine, M|88/100|[from]move: U-turn
|-ability|p2a: Arcanine|Intimidate|boost
|-unboost|p1a: Phantom|atk|1
|move|p1a: Phantom|Overheat|p2a: Arcanine
|-resisted|p2a: Arcanine
|-damage|p2a: Arcanine|29/100
|-unboost|p1a: Phantom|spa|2
|
|-weather|Sandstorm|[upkeep]
|-damage|p1a: Phantom|73/100|[from] Sandstorm
|-damage|p2a: Arcanine|23/100|[from] Sandstorm
|upkeep
|turn|19
|
|switch|p2a: Dragapult|Dragapult, F|95/100
|move|p1a: Phantom|Volt Switch|p2a: Dragapult
|-resisted|p2a: Dragapult
|-damage|p2a: Dragapult|77/100
|
|switch|p1a: Crescent|Clefable, M|64/100|[from]move: Volt Switch
|
|-weather|none
|-heal|p1a: Crescent|71/100|[from] item: Leftovers
|upkeep
|turn|20
|
|switch|p2a: Melmetal|Melmetal|100/100
|move|p1a: Crescent|Stealth Rock|p2a: Melmetal
|-sidestart|p2: testotesto321|move: Stealth Rock
|
|-heal|p1a: Crescent|77/100|[from] item: Leftovers
|upkeep
|turn|21
|
|switch|p1a: Phantom|Rotom-Heat, shiny|73/100
|move|p2a: Melmetal|Double Iron Bash|p1a: Phantom
|-resisted|p1a: Phantom
|-crit|p1a: Phantom
|-damage|p1a: Phantom|46/100
|-resisted|p1a: Phantom
|-damage|p1a: Phantom|29/100
|-hitcount|p1a: Phantom|2
|
|upkeep
|turn|22
|
|switch|p2a: Seismitoad|Seismitoad, M|34/100
|-damage|p2a: Seismitoad|28/100|[from] Stealth Rock
|move|p1a: Phantom|Overheat|p2a: Seismitoad|[miss]
|-miss|p1a: Phantom|p2a: Seismitoad
|
|upkeep
|turn|23
|
|move|p1a: Phantom|Overheat|p2a: Seismitoad
|-resisted|p2a: Seismitoad
|-damage|p2a: Seismitoad|0 fnt
|-unboost|p1a: Phantom|spa|2
|faint|p2a: Seismitoad
|
|upkeep
|
|switch|p2a: Zeraora|Zeraora|100/100
|-damage|p2a: Zeraora|88/100|[from] Stealth Rock
|turn|24
|c| sst elena|so x4 resisted does 50%... definitelly not broken
|
|move|p2a: Zeraora|Close Combat|p1a: Phantom
|-damage|p1a: Phantom|0 fnt
|-unboost|p2a: Zeraora|def|1
|-unboost|p2a: Zeraora|spd|1
|faint|p1a: Phantom
|
|-heal|p2a: Zeraora|94/100|[from] item: Leftovers
|upkeep
|c|☆Storm Zone|it was a crit
|
|switch|p1a: Predator|Durant, M|100/100
|turn|25
|c| sst elena|it was 50%
|
|switch|p2a: Corviknight|Corviknight, F, shiny|84/100 brn
|-damage|p2a: Corviknight|72/100 brn|[from] Stealth Rock
|-ability|p2a: Corviknight|Pressure
|move|p1a: Predator|First Impression|p2a: Corviknight
|-resisted|p2a: Corviknight
|-damage|p2a: Corviknight|57/100 brn
|-damage|p1a: Predator|91/100|[from] item: Life Orb
|
|-heal|p2a: Corviknight|63/100 brn|[from] item: Leftovers
|-damage|p2a: Corviknight|57/100 brn|[from] brn
|upkeep
|turn|26
|c|☆Storm Zone|the first hit
|c|☆Storm Zone|was a crit
|c|☆Storm Zone|it woulda done like 33.
|
|move|p1a: Predator|Superpower|p2a: Corviknight
|-damage|p2a: Corviknight|0 fnt
|-unboost|p1a: Predator|atk|1
|-unboost|p1a: Predator|def|1
|-damage|p1a: Predator|81/100|[from] item: Life Orb
|faint|p2a: Corviknight
|
|upkeep
|
|switch|p2a: Arcanine|Arcanine, M|23/100
|-ability|p2a: Arcanine|Intimidate|boost
|-unboost|p1a: Predator|atk|1
|turn|27
|
|move|p1a: Predator|Superpower|p2a: Arcanine
|-damage|p2a: Arcanine|0 fnt
|-unboost|p1a: Predator|atk|1
|-unboost|p1a: Predator|def|1
|-damage|p1a: Predator|71/100|[from] item: Life Orb
|faint|p2a: Arcanine
|
|upkeep
|
|switch|p2a: Zeraora|Zeraora|94/100
|-damage|p2a: Zeraora|82/100|[from] Stealth Rock
|turn|28
|
|switch|p1a: Love|Bewear, M|80/100
|move|p2a: Zeraora|Bulk Up|p2a: Zeraora
|-boost|p2a: Zeraora|atk|1
|-boost|p2a: Zeraora|def|1
|
|-heal|p2a: Zeraora|88/100|[from] item: Leftovers
|upkeep
|turn|29
|
|move|p2a: Zeraora|Close Combat|p1a: Love
|-supereffective|p1a: Love
|-damage|p1a: Love|29/100
|-unboost|p2a: Zeraora|def|1
|-unboost|p2a: Zeraora|spd|1
|move|p1a: Love|Earthquake|p2a: Zeraora
|-supereffective|p2a: Zeraora
|-damage|p2a: Zeraora|0 fnt
|faint|p2a: Zeraora
|
|upkeep
|
|switch|p2a: Melmetal|Melmetal|100/100
|-damage|p2a: Melmetal|94/100|[from] Stealth Rock
|turn|30
|
|move|p1a: Love|Earthquake|p2a: Melmetal
|-supereffective|p2a: Melmetal
|-damage|p2a: Melmetal|34/100
|move|p2a: Melmetal|Double Iron Bash|p1a: Love
|-damage|p1a: Love|0 fnt
|-hitcount|p1a: Love|1
|faint|p1a: Love
|
|upkeep
|c| sst elena|omg bewear
|
|switch|p1a: Ashura|Jellicent, F|100/100
|turn|31
|
|switch|p2a: Dragapult|Dragapult, F|77/100
|-damage|p2a: Dragapult|65/100|[from] Stealth Rock
|move|p1a: Ashura|Will-O-Wisp|p2a: Dragapult
|-status|p2a: Dragapult|brn
|
|-damage|p2a: Dragapult|59/100 brn|[from] brn
|upkeep
|turn|32
|
|move|p2a: Dragapult|Shadow Ball|p1a: Ashura
|-supereffective|p1a: Ashura
|-damage|p1a: Ashura|43/100
|move|p1a: Ashura|Hex|p2a: Dragapult
|-supereffective|p2a: Dragapult
|-damage|p2a: Dragapult|0 fnt
|faint|p2a: Dragapult
|
|-heal|p1a: Ashura|49/100|[from] item: Leftovers
|upkeep
|c|☆Storm Zone|gg
|-message|testotesto321 forfeited.
|
|win|Storm Zone
|l|☆testotesto321
|l| sst elena
||Ladder (probably) updated, but score could not be retrieved (Response not received).
