|j|☆Mutako Z
|j|☆bizarman
|t:|1650649140
|gametype|singles
|player|p1|Mutako Z|cynthia-gen4|1722
|player|p2|bizarman|scientist-gen4|1878
|teamsize|p1|6
|teamsize|p2|6
|gen|8
|tier|[Gen 8] OU
|rated|
|rule|Sleep Clause Mod: Limit one foe put to sleep
|rule|Species Clause: Limit one of each Pokémon
|rule|OHKO Clause: OHKO moves are banned
|rule|Evasion Moves Clause: Evasion moves are banned
|rule|Endless Battle Clause: Forcing endless battles is banned
|rule|HP Percentage Mod: HP is shown in percentages
|rule|Dynamax Clause: You cannot dynamax
|clearpoke
|poke|p1|Melmetal|
|poke|p1|Tapu Lele|
|poke|p1|Dragonite, F|
|poke|p1|Landorus-Therian, M|
|poke|p1|Heatran, M|
|poke|p1|Cloyster, F|
|poke|p2|Incineroar, F|
|poke|p2|Garchomp, F|
|poke|p2|Tapu Koko|
|poke|p2|Landorus-Therian, M|
|poke|p2|Celesteela|
|poke|p2|Kartana|
|teampreview
|inactive|Battle timer is ON: inactive players will automatically lose when time's up. (requested by bizarman)
|
|t:|1650649154
|start
|switch|p1a: Landorus|Landorus-Therian, M|100/100
|switch|p2a: Landorus|Landorus-Therian, M|100/100
|-ability|p2a: Landorus|Intimidate|boost
|-unboost|p1a: Landorus|atk|1
|-ability|p1a: Landorus|Intimidate|boost
|-unboost|p2a: Landorus|atk|1
|turn|1
|
|t:|1650649162
|move|p1a: Landorus|Knock Off|p2a: Landorus
|-damage|p2a: Landorus|75/100
|-enditem|p2a: Landorus|Focus Sash|[from] move: Knock Off|[of] p1a: Landorus
|move|p2a: Landorus|Stealth Rock|p1a: Landorus
|-sidestart|p1: Mutako Z|move: Stealth Rock
|
|upkeep
|turn|2
|
|t:|1650649168
|move|p2a: Landorus|Swords Dance|p2a: Landorus
|-boost|p2a: Landorus|atk|2
|move|p1a: Landorus|Defog|p2a: Landorus
|-unboost|p2a: Landorus|evasion|1
|-sideend|p1: Mutako Z|Stealth Rock|[from] move: Defog|[of] p1a: Landorus
|
|upkeep
|turn|3
|
|t:|1650649174
|move|p1a: Landorus|Knock Off|p2a: Landorus
|-damage|p2a: Landorus|58/100
|move|p2a: Landorus|Stealth Rock|p1a: Landorus
|-sidestart|p1: Mutako Z|move: Stealth Rock
|
|upkeep
|turn|4
|
|t:|1650649179
|move|p1a: Landorus|Knock Off|p2a: Landorus
|-damage|p2a: Landorus|43/100
|move|p2a: Landorus|Explosion|p1a: Landorus
|-damage|p1a: Landorus|0 fnt
|faint|p2a: Landorus
|faint|p1a: Landorus
|
|upkeep
|
|t:|1650649190
|switch|p1a: Melmetal|Melmetal|100/100
|switch|p2a: Tapu Koko|Tapu Koko|100/100
|-fieldstart|move: Electric Terrain|[from] ability: Electric Surge|[of] p2a: Tapu Koko
|-damage|p1a: Melmetal|94/100|[from] Stealth Rock
|turn|5
|
|t:|1650649197
|move|p2a: Tapu Koko|Reflect|p2a: Tapu Koko
|-sidestart|p2: bizarman|Reflect
|move|p1a: Melmetal|Earthquake|p2a: Tapu Koko
|-supereffective|p2a: Tapu Koko
|-damage|p2a: Tapu Koko|42/100
|-damage|p1a: Melmetal|84/100|[from] item: Life Orb
|
|upkeep
|turn|6
|j| supahotnicememe
|
|t:|1650649203
|move|p2a: Tapu Koko|U-turn|p1a: Melmetal
|-resisted|p1a: Melmetal
|-damage|p1a: Melmetal|79/100
|
|t:|1650649206
|switch|p2a: Celesteela|Celesteela|100/100|[from]move: U-turn
|move|p1a: Melmetal|Earthquake|p2a: Celesteela
|-immune|p2a: Celesteela
|
|upkeep
|turn|7
|j| EarlyNoob1994
|
|t:|1650649224
|switch|p1a: Dragonite|Dragonite, F|100/100
|-damage|p1a: Dragonite|76/100|[from] Stealth Rock
|move|p2a: Celesteela|Flamethrower|p1a: Dragonite
|-resisted|p1a: Dragonite
|-damage|p1a: Dragonite|59/100
|
|-heal|p1a: Dragonite|65/100|[from] item: Leftovers
|upkeep
|turn|8
|l| supahotnicememe
|
|t:|1650649233
|move|p1a: Dragonite|Dragon Dance|p1a: Dragonite
|-boost|p1a: Dragonite|atk|1
|-boost|p1a: Dragonite|spe|1
|move|p2a: Celesteela|Autotomize|p2a: Celesteela
|-boost|p2a: Celesteela|spe|2
|-start|p2a: Celesteela|Autotomize
|
|-heal|p1a: Dragonite|71/100|[from] item: Leftovers
|upkeep
|turn|9
|
|t:|1650649241
|move|p2a: Celesteela|Meteor Beam||[still]
|-prepare|p2a: Celesteela|Meteor Beam
|-boost|p2a: Celesteela|spa|1
|-enditem|p2a: Celesteela|Power Herb
|-anim|p2a: Celesteela|Meteor Beam|p1a: Dragonite
|-supereffective|p1a: Dragonite
|-damage|p1a: Dragonite|0 fnt
|faint|p1a: Dragonite
|-ability|p2a: Celesteela|Beast Boost|boost
|-boost|p2a: Celesteela|spa|1
|
|-fieldend|move: Electric Terrain
|upkeep
|
|t:|1650649253
|switch|p1a: Heatran|Heatran, M|100/100
|-damage|p1a: Heatran|88/100|[from] Stealth Rock
|turn|10
|j| Electronno
|inactive|bizarman has 120 seconds left.
|
|t:|1650649291
|switch|p2a: Garchomp|Garchomp, F|100/100
|move|p1a: Heatran|Magma Storm|p2a: Garchomp
|-resisted|p2a: Garchomp
|-damage|p2a: Garchomp|75/100
|-activate|p2a: Garchomp|move: Magma Storm|[of] p1a: Heatran
|
|-heal|p1a: Heatran|94/100|[from] item: Leftovers
|-damage|p2a: Garchomp|63/100|[from] move: Magma Storm|[partiallytrapped]
|upkeep
|turn|11
|inactive|bizarman has 120 seconds left.
|
|t:|1650649307
|move|p2a: Garchomp|Earthquake|p1a: Heatran
|-supereffective|p1a: Heatran
|-damage|p1a: Heatran|0 fnt
|faint|p1a: Heatran
|
|-end|p2a: Garchomp|Magma Storm|[partiallytrapped]|[silent]
|upkeep
|
|t:|1650649317
|switch|p1a: Cloyster|Cloyster, F|100/100
|-damage|p1a: Cloyster|76/100|[from] Stealth Rock
|turn|12
|
|t:|1650649324
|move|p2a: Garchomp|Earthquake|p1a: Cloyster
|-damage|p1a: Cloyster|31/100
|move|p1a: Cloyster|Shell Smash|p1a: Cloyster
|-unboost|p1a: Cloyster|def|1
|-unboost|p1a: Cloyster|spd|1
|-boost|p1a: Cloyster|atk|2
|-boost|p1a: Cloyster|spa|2
|-boost|p1a: Cloyster|spe|2
|
|-sideend|p2: bizarman|Reflect
|upkeep
|turn|13
|
|t:|1650649332
|move|p1a: Cloyster|Icicle Spear|p2a: Garchomp
|-supereffective|p2a: Garchomp
|-enditem|p2a: Garchomp|Yache Berry|[eat]
|-enditem|p2a: Garchomp|Yache Berry|[weaken]
|-damage|p2a: Garchomp|14/100
|-supereffective|p2a: Garchomp
|-damage|p2a: Garchomp|0 fnt
|faint|p2a: Garchomp
|-hitcount|p2: Garchomp|2
|
|upkeep
|
|t:|1650649339
|switch|p2a: Kartana|Kartana|100/100
|turn|14
|
|t:|1650649342
|move|p2a: Kartana|Leaf Blade|p1a: Cloyster
|-supereffective|p1a: Cloyster
|-damage|p1a: Cloyster|0 fnt
|faint|p1a: Cloyster
|-ability|p2a: Kartana|Beast Boost|boost
|-boost|p2a: Kartana|atk|1
|
|upkeep
|
|t:|1650649348
|switch|p1a: Melmetal|Melmetal|79/100
|-damage|p1a: Melmetal|73/100|[from] Stealth Rock
|turn|15
|
|t:|1650649367
|move|p2a: Kartana|Leaf Blade|p1a: Melmetal
|-resisted|p1a: Melmetal
|-damage|p1a: Melmetal|50/100
|move|p1a: Melmetal|Double Iron Bash|p2a: Kartana
|-resisted|p2a: Kartana
|-damage|p2a: Kartana|70/100
|-resisted|p2a: Kartana
|-damage|p2a: Kartana|39/100
|-hitcount|p2a: Kartana|2
|-damage|p1a: Melmetal|40/100|[from] item: Life Orb
|
|upkeep
|turn|16
|j| Jokari
|
|t:|1650649376
|move|p2a: Kartana|Leaf Blade|p1a: Melmetal
|-resisted|p1a: Melmetal
|-damage|p1a: Melmetal|14/100
|move|p1a: Melmetal|Double Iron Bash|p2a: Kartana
|-resisted|p2a: Kartana
|-damage|p2a: Kartana|9/100
|-resisted|p2a: Kartana
|-damage|p2a: Kartana|0 fnt
|faint|p2a: Kartana
|-hitcount|p2: Kartana|2
|-damage|p1a: Melmetal|4/100|[from] item: Life Orb
|
|upkeep
|
|t:|1650649395
|switch|p2a: Tapu Koko|Tapu Koko|42/100
|-fieldstart|move: Electric Terrain|[from] ability: Electric Surge|[of] p2a: Tapu Koko
|turn|17
|
|t:|1650649399
|move|p2a: Tapu Koko|Light Screen|p2a: Tapu Koko
|-sidestart|p2: bizarman|move: Light Screen
|move|p1a: Melmetal|Double Iron Bash|p2a: Tapu Koko
|-damage|p2a: Tapu Koko|0 fnt
|faint|p2a: Tapu Koko
|-hitcount|p2: Tapu Koko|1
|-damage|p1a: Melmetal|0 fnt|[from] item: Life Orb
|faint|p1a: Melmetal
|
|upkeep
|
|t:|1650649407
|switch|p2a: Celesteela|Celesteela|100/100
|switch|p1a: Tapu Lele|Tapu Lele|100/100
|-damage|p1a: Tapu Lele|88/100|[from] Stealth Rock
|-fieldstart|move: Psychic Terrain|[from] ability: Psychic Surge|[of] p1a: Tapu Lele
|turn|18
|
|t:|1650649414
|move|p1a: Tapu Lele|Focus Blast|p2a: Celesteela
|-damage|p2a: Celesteela|80/100
|move|p2a: Celesteela|Meteor Beam||[still]
|-prepare|p2a: Celesteela|Meteor Beam
|-boost|p2a: Celesteela|spa|1
|
|upkeep
|turn|19
|
|t:|1650649420
|move|p1a: Tapu Lele|Focus Blast|p2a: Celesteela
|-damage|p2a: Celesteela|59/100
|move|p2a: Celesteela|Meteor Beam|p1a: Tapu Lele|[from]lockedmove
|-damage|p1a: Tapu Lele|20/100
|
|upkeep
|turn|20
|
|t:|1650649428
|move|p1a: Tapu Lele|Focus Blast|p2a: Celesteela
|-damage|p2a: Celesteela|40/100
|move|p2a: Celesteela|Air Slash|p1a: Tapu Lele
|-damage|p1a: Tapu Lele|0 fnt
|faint|p1a: Tapu Lele
|
|win|bizarman
|raw|Mutako Z's rating: 1722 &rarr; <strong>1710</strong><br />(-12 for losing)
|raw|bizarman's rating: 1878 &rarr; <strong>1890</strong><br />(+12 for winning)
|c|☆bizarman|gg
|c|☆Mutako Z|gg
|l| Jokari
|l|☆bizarman
|l|☆Mutako Z
|j| ttv-error-yt
||Ladder isn't responding, score probably updated but might not have (Request timeout).
|l| Electronno
