|j|☆ohioboy
|j|‽u got pastagrilled
|t:|1667258339
|gametype|singles
|player|p1|ohioboy|fisherman-gen4|1250
|player|p2|u got pastagrilled|caitlin-masters|1301
|teamsize|p1|6
|teamsize|p2|6
|gen|8
|tier|[Gen 8] OU
|rated|
|rule|Sleep Clause Mod: Limit one foe put to sleep
|rule|Species Clause: Limit one of each Pokémon
|rule|OHKO Clause: OHKO moves are banned
|rule|Evasion Items Clause: Evasion items are banned
|rule|Evasion Moves Clause: Evasion moves are banned
|rule|Endless Battle Clause: Forcing endless battles is banned
|rule|HP Percentage Mod: HP is shown in percentages
|rule|Dynamax Clause: You cannot dynamax
|clearpoke
|poke|p1|Tapu Lele|
|poke|p1|Landorus-Therian, M|
|poke|p1|Tyranitar, M|
|poke|p1|Volcanion|
|poke|p1|Ferrothorn, M|
|poke|p1|Dragapult, M|
|poke|p2|Victini|
|poke|p2|Mandibuzz, F|
|poke|p2|Terrakion|
|poke|p2|Nidoking, M|
|poke|p2|Dragapult, M|
|poke|p2|Cobalion|
|teampreview
|inactive|Battle timer is ON: inactive players will automatically lose when time's up. (requested by ohioboy)
|inactive|u got pastagrilled also wants the timer to be on.
|c|☆ohioboy|hf
|c|☆ohioboy|say it back
|c|☆ohioboy|:)
|c|☆ohioboy|im a male
|c|☆ohioboy|u a female
|c|☆ohioboy|what we doin
|inactive|u got pastagrilled has 120 seconds left.
|c|☆ohioboy|click a mon if u want me to shut up
|inactive|u got pastagrilled has 90 seconds left.
|
|t:|1667258403
|start
|switch|p1a: Enten|Landorus-Therian, M, shiny|100/100
|switch|p2a: Dragapult|Dragapult, M|100/100
|-ability|p1a: Enten|Intimidate|boost
|-fail|p2a: Dragapult|unboost|[from] ability: Clear Body|[of] p2a: Dragapult
|turn|1
|
|t:|1667258410
|switch|p2a: Mandibuzz|Mandibuzz, F, shiny|100/100
|move|p1a: Enten|Earthquake|p2a: Mandibuzz
|-immune|p2a: Mandibuzz
|
|upkeep
|turn|2
|
|t:|1667258414
|move|p1a: Enten|U-turn|p2a: Mandibuzz
|-damage|p2a: Mandibuzz|84/100
|-damage|p1a: Enten|84/100|[from] item: Rocky Helmet|[of] p2a: Mandibuzz
|
|t:|1667258417
|switch|p1a: Rex|Tyranitar, M, shiny|100/100|[from]move: U-turn
|-weather|Sandstorm|[from] ability: Sand Stream|[of] p1a: Rex
|move|p2a: Mandibuzz|Toxic|p1a: Rex|[miss]
|-miss|p2a: Mandibuzz|p1a: Rex
|
|-weather|Sandstorm|[upkeep]
|upkeep
|turn|3
|
|t:|1667258424
|move|p1a: Rex|Heavy Slam|p2a: Mandibuzz
|-damage|p2a: Mandibuzz|46/100
|-damage|p1a: Rex|84/100|[from] item: Rocky Helmet|[of] p2a: Mandibuzz
|move|p2a: Mandibuzz|Toxic|p1a: Rex
|-status|p1a: Rex|tox
|
|-weather|Sandstorm|[upkeep]
|-damage|p1a: Rex|78/100 tox|[from] psn
|upkeep
|turn|4
|
|t:|1667258431
|switch|p1a: Temple|Ferrothorn, M, shiny|100/100
|move|p2a: Mandibuzz|Roost|p2a: Mandibuzz
|-heal|p2a: Mandibuzz|96/100
|-singleturn|p2a: Mandibuzz|move: Roost
|
|-weather|Sandstorm|[upkeep]
|upkeep
|turn|5
|
|t:|1667258441
|switch|p2a: Victini|Victini|100/100
|move|p1a: Temple|Stealth Rock|p2a: Victini
|-sidestart|p2: u got pastagrilled|move: Stealth Rock
|
|-weather|Sandstorm|[upkeep]
|-damage|p2a: Victini|94/100|[from] Sandstorm
|upkeep
|turn|6
|
|t:|1667258447
|switch|p1a: Magatama|Volcanion|100/100
|move|p2a: Victini|Power-Up Punch|p1a: Magatama
|-damage|p1a: Magatama|92/100
|-boost|p2a: Victini|atk|1
|
|-weather|none
|upkeep
|turn|7
|
|t:|1667258457
|switch|p1a: Leviathan|Dragapult, M, shiny|100/100
|move|p2a: Victini|Bolt Strike|p1a: Leviathan
|-resisted|p1a: Leviathan
|-damage|p1a: Leviathan|64/100
|
|upkeep
|turn|8
|
|t:|1667258466
|move|p1a: Leviathan|Draco Meteor|p2a: Victini
|-damage|p2a: Victini|34/100
|-unboost|p1a: Leviathan|spa|2
|move|p2a: Victini|Glaciate|p1a: Leviathan
|-supereffective|p1a: Leviathan
|-damage|p1a: Leviathan|25/100
|-unboost|p1a: Leviathan|spe|1
|
|upkeep
|turn|9
|
|t:|1667258484
|switch|p1a: Magatama|Volcanion|92/100
|move|p2a: Victini|Glaciate|p1a: Magatama
|-resisted|p1a: Magatama
|-damage|p1a: Magatama|88/100
|-unboost|p1a: Magatama|spe|1
|
|upkeep
|turn|10
|
|t:|1667258491
|switch|p1a: Enten|Landorus-Therian, M, shiny|84/100
|-ability|p1a: Enten|Intimidate|boost
|-unboost|p2a: Victini|atk|1
|move|p2a: Victini|Bolt Strike|p1a: Enten
|-immune|p1a: Enten
|
|upkeep
|turn|11
|
|t:|1667258497
|move|p2a: Victini|V-create|p1a: Enten
|-damage|p1a: Enten|0 fnt
|-unboost|p2a: Victini|spe|1
|-unboost|p2a: Victini|def|1
|-unboost|p2a: Victini|spd|1
|faint|p1a: Enten
|
|upkeep
|
|t:|1667258500
|switch|p1a: Leviathan|Dragapult, M, shiny|25/100
|turn|12
|
|t:|1667258505
|switch|p2a: Mandibuzz|Mandibuzz, F, shiny|96/100
|-damage|p2a: Mandibuzz|71/100|[from] Stealth Rock
|move|p1a: Leviathan|Draco Meteor|p2a: Mandibuzz
|-crit|p2a: Mandibuzz
|-damage|p2a: Mandibuzz|0 fnt
|-unboost|p1a: Leviathan|spa|2
|faint|p2a: Mandibuzz
|
|upkeep
|
|t:|1667258516
|switch|p2a: Dragapult|Dragapult, M|100/100
|-damage|p2a: Dragapult|88/100|[from] Stealth Rock
|turn|13
|
|t:|1667258522
|switch|p2a: Victini|Victini|34/100
|-damage|p2a: Victini|9/100|[from] Stealth Rock
|switch|p1a: Temple|Ferrothorn, M, shiny|100/100
|
|upkeep
|turn|14
|
|t:|1667258536
|move|p2a: Victini|V-create|p1a: Temple
|-supereffective|p1a: Temple
|-damage|p1a: Temple|0 fnt
|-unboost|p2a: Victini|spe|1
|-unboost|p2a: Victini|def|1
|-unboost|p2a: Victini|spd|1
|-damage|p2a: Victini|0 fnt|[from] ability: Iron Barbs|[of] p1a: Temple
|faint|p1a: Temple
|faint|p2a: Victini
|
|upkeep
|
|t:|1667258540
|switch|p2a: Dragapult|Dragapult, M|88/100
|switch|p1a: Raven|Tapu Lele, shiny|100/100
|-fieldstart|move: Psychic Terrain|[from] ability: Psychic Surge|[of] p1a: Raven
|-damage|p2a: Dragapult|76/100|[from] Stealth Rock
|turn|15
|
|t:|1667258556
|switch|p2a: Terrakion|Terrakion|100/100
|-damage|p2a: Terrakion|94/100|[from] Stealth Rock
|move|p1a: Raven|Moonblast|p2a: Terrakion
|-supereffective|p2a: Terrakion
|-damage|p2a: Terrakion|0 fnt
|faint|p2a: Terrakion
|
|upkeep
|
|t:|1667258559
|switch|p2a: Nidoking|Nidoking, M|100/100
|-damage|p2a: Nidoking|95/100|[from] Stealth Rock
|turn|16
|
|t:|1667258579
|switch|p1a: Magatama|Volcanion|88/100
|move|p2a: Nidoking|Stealth Rock|p1a: Magatama
|-sidestart|p1: ohioboy|move: Stealth Rock
|
|upkeep
|turn|17
|
|t:|1667258585
|move|p2a: Nidoking|Earth Power|p1a: Magatama
|-supereffective|p1a: Magatama
|-crit|p1a: Magatama
|-damage|p1a: Magatama|0 fnt
|faint|p1a: Magatama
|
|upkeep
|
|t:|1667258588
|switch|p1a: Raven|Tapu Lele, shiny|100/100
|-damage|p1a: Raven|88/100|[from] Stealth Rock
|turn|18
|
|t:|1667258591
|move|p1a: Raven|Psyshock|p2a: Nidoking
|-supereffective|p2a: Nidoking
|-damage|p2a: Nidoking|0 fnt
|faint|p2a: Nidoking
|
|upkeep
|
|t:|1667258594
|switch|p2a: Dragapult|Dragapult, M|76/100
|-damage|p2a: Dragapult|64/100|[from] Stealth Rock
|turn|19
|
|t:|1667258598
|switch|p1a: Rex|Tyranitar, M, shiny|78/100 tox
|-damage|p1a: Rex|66/100 tox|[from] Stealth Rock
|-weather|Sandstorm|[from] ability: Sand Stream|[of] p1a: Rex
|move|p2a: Dragapult|Dragon Dance|p2a: Dragapult
|-boost|p2a: Dragapult|atk|1
|-boost|p2a: Dragapult|spe|1
|
|-weather|Sandstorm|[upkeep]
|-damage|p2a: Dragapult|58/100|[from] Sandstorm
|-damage|p1a: Rex|59/100 tox|[from] psn
|-fieldend|move: Psychic Terrain
|upkeep
|turn|20
|
|t:|1667258608
|switch|p1a: Raven|Tapu Lele, shiny|88/100
|-damage|p1a: Raven|76/100|[from] Stealth Rock
|-fieldstart|move: Psychic Terrain|[from] ability: Psychic Surge|[of] p1a: Raven
|move|p2a: Dragapult|Dragon Darts|p1a: Raven
|-immune|p1a: Raven
|
|-weather|Sandstorm|[upkeep]
|-damage|p2a: Dragapult|52/100|[from] Sandstorm
|-damage|p1a: Raven|70/100|[from] Sandstorm
|upkeep
|turn|21
|
|t:|1667258610
|switch|p1a: Rex|Tyranitar, M, shiny|59/100 tox
|-damage|p1a: Rex|47/100 tox|[from] Stealth Rock
|move|p2a: Dragapult|Phantom Force||[still]
|-prepare|p2a: Dragapult|Phantom Force
|
|-weather|Sandstorm|[upkeep]
|-damage|p2a: Dragapult|46/100|[from] Sandstorm
|-damage|p1a: Rex|41/100 tox|[from] psn
|upkeep
|turn|22
|
|t:|1667258615
|move|p2a: Dragapult|Phantom Force|p1a: Rex|[from]lockedmove
|-resisted|p1a: Rex
|-damage|p1a: Rex|0 fnt
|faint|p1a: Rex
|-damage|p2a: Dragapult|36/100|[from] item: Life Orb
|
|-weather|Sandstorm|[upkeep]
|-damage|p2a: Dragapult|30/100|[from] Sandstorm
|upkeep
|
|t:|1667258622
|switch|p1a: Leviathan|Dragapult, M, shiny|25/100
|-damage|p1a: Leviathan|12/100|[from] Stealth Rock
|turn|23
|
|t:|1667258626
|move|p2a: Dragapult|Sucker Punch|p1a: Leviathan
|-activate|p1a: Leviathan|move: Psychic Terrain
|move|p1a: Leviathan|Shadow Ball|p2a: Dragapult
|-supereffective|p2a: Dragapult
|-damage|p2a: Dragapult|0 fnt
|faint|p2a: Dragapult
|
|-weather|none
|upkeep
|
|t:|1667258629
|switch|p2a: Cobalion|Cobalion|100/100
|-damage|p2a: Cobalion|98/100|[from] Stealth Rock
|turn|24
|
|t:|1667258634
|move|p1a: Leviathan|Shadow Ball|p2a: Cobalion
|-damage|p2a: Cobalion|26/100
|move|p2a: Cobalion|Iron Head|p1a: Leviathan
|-damage|p1a: Leviathan|0 fnt
|faint|p1a: Leviathan
|
|-fieldend|move: Psychic Terrain
|upkeep
|
|t:|1667258637
|switch|p1a: Raven|Tapu Lele, shiny|70/100
|-damage|p1a: Raven|57/100|[from] Stealth Rock
|-fieldstart|move: Psychic Terrain|[from] ability: Psychic Surge|[of] p1a: Raven
|turn|25
|
|t:|1667258641
|move|p1a: Raven|Psyshock|p2a: Cobalion
|-damage|p2a: Cobalion|0 fnt
|faint|p2a: Cobalion
|
|win|ohioboy
|raw|ohioboy's rating: 1275 &rarr; <strong>1302</strong><br />(+27 for winning)
|raw|u got pastagrilled's rating: 1301 &rarr; <strong>1280</strong><br />(-21 for losing)
|l|‽u got pastagrilled
