|j|☆Mel2345
|j|☆Eggsmoker69
|t:|1636280673
|gametype|singles
|player|p1|Mel2345|cheren-gen5bw2|1702
|player|p2|Eggsmoker69|clown|1888
|teamsize|p1|6
|teamsize|p2|6
|gen|8
|tier|[Gen 8] OU
|rated|
|rule|Sleep Clause Mod: Limit one foe put to sleep
|rule|Species Clause: Limit one of each Pokémon
|rule|OHKO Clause: OHKO moves are banned
|rule|Evasion Moves Clause: Evasion moves are banned
|rule|Endless Battle Clause: Forcing endless battles is banned
|rule|HP Percentage Mod: HP is shown in percentages
|rule|Dynamax Clause: You cannot dynamax
|clearpoke
|poke|p1|Slowking-Galar, M|
|poke|p1|Weavile, M|
|poke|p1|Magnezone|
|poke|p1|Garchomp, M|
|poke|p1|Corviknight, F|
|poke|p1|Urshifu-*, F|
|poke|p2|Kartana|
|poke|p2|Moltres-Galar|
|poke|p2|Zeraora|
|poke|p2|Scizor, F|
|poke|p2|Garchomp, F|
|poke|p2|Ninetales-Alola, M|
|teampreview
|inactive|Battle timer is ON: inactive players will automatically lose when time's up. (requested by Mel2345)
|j| leldie
|c|☆Mel2345|hf
|j| TheRealMipper
|inactive|Eggsmoker69 has 120 seconds left.
|c|☆Eggsmoker69|Hey hey hey
|c|☆Eggsmoker69|Have fun!
|inactive|Eggsmoker69 has 90 seconds left.
|
|t:|1636280754
|start
|switch|p1a: Slowking|Slowking-Galar, M|100/100
|switch|p2a: Ninetales|Ninetales-Alola, M|100/100
|-weather|Hail|[from] ability: Snow Warning|[of] p2a: Ninetales
|turn|1
|
|t:|1636280759
|move|p2a: Ninetales|Aurora Veil|p2a: Ninetales
|-sidestart|p2: Eggsmoker69|move: Aurora Veil
|move|p1a: Slowking|Future Sight|p2a: Ninetales
|-start|p1a: Slowking|move: Future Sight
|
|-weather|Hail|[upkeep]
|-damage|p1a: Slowking|94/100|[from] Hail
|upkeep
|turn|2
|
|t:|1636280768
|switch|p2a: Moltres|Moltres-Galar|100/100
|switch|p1a: Corviknight|Corviknight, F|100/100
|-ability|p1a: Corviknight|Pressure
|
|-weather|Hail|[upkeep]
|-damage|p2a: Moltres|94/100|[from] Hail
|-damage|p1a: Corviknight|94/100|[from] Hail
|upkeep
|turn|3
|l| TheRealMipper
|
|t:|1636280775
|move|p2a: Moltres|Nasty Plot|p2a: Moltres
|-boost|p2a: Moltres|spa|2
|move|p1a: Corviknight|U-turn|p2a: Moltres
|-damage|p2a: Moltres|86/100
|
|t:|1636280781
|switch|p1a: Weavile|Weavile, M|100/100|[from]move: U-turn
|-ability|p1a: Weavile|Pressure
|
|-weather|Hail|[upkeep]
|-damage|p2a: Moltres|80/100|[from] Hail
|-end|p2a: Moltres|move: Future Sight
|-immune|p2a: Moltres
|upkeep
|turn|4
|
|t:|1636280787
|move|p1a: Weavile|Triple Axel|p2a: Moltres
|-supereffective|p2a: Moltres
|-damage|p2a: Moltres|66/100
|-supereffective|p2a: Moltres
|-damage|p2a: Moltres|40/100
|-supereffective|p2a: Moltres
|-damage|p2a: Moltres|3/100
|-hitcount|p2a: Moltres|3
|-ability|p2a: Moltres|Berserk|boost
|-boost|p2a: Moltres|spa|1
|move|p2a: Moltres|Agility|p2a: Moltres
|-boost|p2a: Moltres|spe|2
|
|-weather|Hail|[upkeep]
|-damage|p2a: Moltres|0 fnt|[from] Hail
|faint|p2a: Moltres
|upkeep
|
|t:|1636280794
|switch|p2a: Scizor|Scizor, F|100/100
|turn|5
|c|☆Eggsmoker69|XD
|
|t:|1636280798
|switch|p1a: Magnezone|Magnezone|100/100
|move|p2a: Scizor|Swords Dance|p2a: Scizor
|-boost|p2a: Scizor|atk|2
|
|-weather|none
|upkeep
|turn|6
|c|☆Mel2345|lol
|
|t:|1636280806
|move|p2a: Scizor|Sand Tomb|p1a: Magnezone
|-supereffective|p1a: Magnezone
|-damage|p1a: Magnezone|0 fnt
|faint|p1a: Magnezone
|-damage|p2a: Scizor|91/100|[from] item: Life Orb
|
|upkeep
|
|t:|1636280812
|switch|p1a: Urshifu|Urshifu-Rapid-Strike, F|100/100
|turn|7
|
|t:|1636280819
|move|p1a: Urshifu|Surging Strikes|p2a: Scizor
|-crit|p2a: Scizor
|-damage|p2a: Scizor|55/100
|-crit|p2a: Scizor
|-damage|p2a: Scizor|16/100
|-crit|p2a: Scizor
|-damage|p2a: Scizor|0 fnt
|faint|p2a: Scizor
|-hitcount|p2: Scizor|3
|
|upkeep
|
|t:|1636280837
|switch|p2a: Kartana|Kartana|100/100
|turn|8
|
|t:|1636280847
|move|p2a: Kartana|Swords Dance|p2a: Kartana
|-boost|p2a: Kartana|atk|2
|move|p1a: Urshifu|Surging Strikes|p2a: Kartana
|-resisted|p2a: Kartana
|-crit|p2a: Kartana
|-damage|p2a: Kartana|87/100
|-resisted|p2a: Kartana
|-crit|p2a: Kartana
|-damage|p2a: Kartana|76/100
|-resisted|p2a: Kartana
|-crit|p2a: Kartana
|-damage|p2a: Kartana|63/100
|-hitcount|p2a: Kartana|3
|
|-sideend|p2: Eggsmoker69|move: Aurora Veil
|upkeep
|turn|9
|inactive|Eggsmoker69 has 120 seconds left.
|
|t:|1636280892
|move|p2a: Kartana|Swords Dance|p2a: Kartana
|-boost|p2a: Kartana|atk|2
|move|p1a: Urshifu|Surging Strikes|p2a: Kartana
|-resisted|p2a: Kartana
|-crit|p2a: Kartana
|-damage|p2a: Kartana|52/100
|-resisted|p2a: Kartana
|-crit|p2a: Kartana
|-damage|p2a: Kartana|39/100
|-resisted|p2a: Kartana
|-crit|p2a: Kartana
|-damage|p2a: Kartana|27/100
|-hitcount|p2a: Kartana|3
|
|upkeep
|turn|10
|
|t:|1636280902
|switch|p1a: Corviknight|Corviknight, F|94/100
|-ability|p1a: Corviknight|Pressure
|move|p2a: Kartana|Leaf Blade|p1a: Corviknight
|-resisted|p1a: Corviknight
|-damage|p1a: Corviknight|74/100
|
|upkeep
|turn|11
|
|t:|1636280912
|move|p2a: Kartana|Knock Off|p1a: Corviknight
|-damage|p1a: Corviknight|14/100
|-enditem|p1a: Corviknight|Rocky Helmet|[from] move: Knock Off|[of] p2a: Kartana
|move|p1a: Corviknight|Brave Bird|p2a: Kartana
|-damage|p2a: Kartana|0 fnt
|faint|p2a: Kartana
|-damage|p1a: Corviknight|7/100|[from] Recoil
|
|upkeep
|inactive|Eggsmoker69 has 120 seconds left.
|
|t:|1636280921
|switch|p2a: Ninetales|Ninetales-Alola, M|100/100
|-weather|Hail|[from] ability: Snow Warning|[of] p2a: Ninetales
|turn|12
|c|☆Mel2345|+ speed ?
|
|t:|1636280939
|move|p2a: Ninetales|Freeze-Dry|p1a: Corviknight
|-damage|p1a: Corviknight|0 fnt
|faint|p1a: Corviknight
|
|-weather|Hail|[upkeep]
|upkeep
|c|☆Eggsmoker69|Yeah XD
|
|t:|1636280944
|switch|p1a: Slowking|Slowking-Galar, M|100/100
|turn|13
|
|t:|1636280950
|move|p2a: Ninetales|Aurora Veil|p2a: Ninetales
|-sidestart|p2: Eggsmoker69|move: Aurora Veil
|move|p1a: Slowking|Future Sight|p2a: Ninetales
|-start|p1a: Slowking|move: Future Sight
|
|-weather|Hail|[upkeep]
|-damage|p1a: Slowking|94/100|[from] Hail
|upkeep
|turn|14
|
|t:|1636280956
|move|p2a: Ninetales|Encore|p1a: Slowking
|-start|p1a: Slowking|Encore
|move|p1a: Slowking|Future Sight||[still]
|-fail|p1a: Slowking
|
|-weather|Hail|[upkeep]
|-damage|p1a: Slowking|88/100|[from] Hail
|upkeep
|turn|15
|l| leldie
|
|t:|1636280966
|switch|p1a: Garchomp|Garchomp, M|100/100
|move|p2a: Ninetales|Hypnosis|p1a: Garchomp
|-status|p1a: Garchomp|slp|[from] move: Hypnosis
|
|-weather|Hail|[upkeep]
|-damage|p1a: Garchomp|94/100 slp|[from] Hail
|-end|p2a: Ninetales|move: Future Sight
|-damage|p2a: Ninetales|73/100
|-heal|p1a: Garchomp|100/100 slp|[from] item: Leftovers
|upkeep
|turn|16
|
|t:|1636280971
|switch|p2a: Zeraora|Zeraora|100/100
|switch|p1a: Slowking|Slowking-Galar, M|100/100
|
|-weather|none
|upkeep
|turn|17
|
|t:|1636280975
|switch|p1a: Garchomp|Garchomp, M|100/100 slp
|move|p2a: Zeraora|Bulk Up|p2a: Zeraora
|-boost|p2a: Zeraora|atk|1
|-boost|p2a: Zeraora|def|1
|
|upkeep
|turn|18
|
|t:|1636280979
|move|p2a: Zeraora|Bulk Up|p2a: Zeraora
|-boost|p2a: Zeraora|atk|1
|-boost|p2a: Zeraora|def|1
|cant|p1a: Garchomp|slp
|
|upkeep
|turn|19
|inactive|Eggsmoker69 has 120 seconds left.
|
|t:|1636281035
|move|p2a: Zeraora|Bulk Up|p2a: Zeraora
|-boost|p2a: Zeraora|atk|1
|-boost|p2a: Zeraora|def|1
|-curestatus|p1a: Garchomp|slp|[msg]
|move|p1a: Garchomp|Toxic|p2a: Zeraora
|-status|p2a: Zeraora|tox
|
|-damage|p2a: Zeraora|95/100 tox|[from] psn
|upkeep
|turn|20
|
|t:|1636281039
|move|p1a: Garchomp|Protect|p1a: Garchomp
|-singleturn|p1a: Garchomp|Protect
|move|p2a: Zeraora|Knock Off|p1a: Garchomp
|-activate|p1a: Garchomp|move: Protect
|
|-heal|p2a: Zeraora|100/100 tox|[from] item: Leftovers
|-damage|p2a: Zeraora|89/100 tox|[from] psn
|-sideend|p2: Eggsmoker69|move: Aurora Veil
|upkeep
|turn|21
|
|t:|1636281043
|move|p2a: Zeraora|Knock Off|p1a: Garchomp
|-damage|p1a: Garchomp|48/100
|-damage|p2a: Zeraora|76/100 tox|[from] ability: Rough Skin|[of] p1a: Garchomp
|-enditem|p1a: Garchomp|Leftovers|[from] move: Knock Off|[of] p2a: Zeraora
|move|p1a: Garchomp|Earthquake|p2a: Zeraora
|-supereffective|p2a: Zeraora
|-damage|p2a: Zeraora|24/100 tox
|
|-heal|p2a: Zeraora|30/100 tox|[from] item: Leftovers
|-damage|p2a: Zeraora|12/100 tox|[from] psn
|upkeep
|turn|22
|
|t:|1636281048
|move|p1a: Garchomp|Protect|p1a: Garchomp
|-singleturn|p1a: Garchomp|Protect
|move|p2a: Zeraora|Close Combat|p1a: Garchomp
|-activate|p1a: Garchomp|move: Protect
|
|-heal|p2a: Zeraora|18/100 tox|[from] item: Leftovers
|-damage|p2a: Zeraora|0 fnt|[from] psn
|faint|p2a: Zeraora
|upkeep
|
|t:|1636281050
|switch|p2a: Ninetales|Ninetales-Alola, M|73/100
|-weather|Hail|[from] ability: Snow Warning|[of] p2a: Ninetales
|turn|23
|
|t:|1636281057
|move|p2a: Ninetales|Freeze-Dry|p1a: Garchomp
|-supereffective|p1a: Garchomp
|-damage|p1a: Garchomp|0 fnt
|faint|p1a: Garchomp
|
|-weather|Hail|[upkeep]
|upkeep
|
|t:|1636281063
|switch|p1a: Slowking|Slowking-Galar, M|100/100
|turn|24
|
|t:|1636281069
|move|p2a: Ninetales|Hypnosis|p1a: Slowking
|-status|p1a: Slowking|slp|[from] move: Hypnosis
|cant|p1a: Slowking|slp
|
|-weather|Hail|[upkeep]
|-damage|p1a: Slowking|94/100 slp|[from] Hail
|upkeep
|turn|25
|
|t:|1636281072
|move|p2a: Ninetales|Aurora Veil|p2a: Ninetales
|-sidestart|p2: Eggsmoker69|move: Aurora Veil
|-curestatus|p1a: Slowking|slp|[msg]
|move|p1a: Slowking|Ice Beam|p2a: Ninetales
|-resisted|p2a: Ninetales
|-crit|p2a: Ninetales
|-damage|p2a: Ninetales|53/100
|
|-weather|Hail|[upkeep]
|-damage|p1a: Slowking|88/100|[from] Hail
|upkeep
|turn|26
|
|t:|1636281080
|move|p2a: Ninetales|Hypnosis|p1a: Slowking
|-status|p1a: Slowking|slp|[from] move: Hypnosis
|cant|p1a: Slowking|slp
|
|-weather|Hail|[upkeep]
|-damage|p1a: Slowking|82/100 slp|[from] Hail
|upkeep
|turn|27
|
|t:|1636281084
|switch|p2a: Garchomp|Garchomp, F|100/100
|cant|p1a: Slowking|slp
|
|-weather|none
|upkeep
|turn|28
|
|t:|1636281087
|move|p2a: Garchomp|Earthquake|p1a: Slowking
|-supereffective|p1a: Slowking
|-damage|p1a: Slowking|0 fnt
|faint|p1a: Slowking
|
|upkeep
|
|t:|1636281091
|switch|p1a: Weavile|Weavile, M|100/100
|-ability|p1a: Weavile|Pressure
|turn|29
|
|t:|1636281104
|move|p1a: Weavile|Triple Axel|p2a: Garchomp
|-supereffective|p2a: Garchomp
|-damage|p2a: Garchomp|77/100
|-damage|p1a: Weavile|88/100|[from] ability: Rough Skin|[of] p2a: Garchomp
|-supereffective|p2a: Garchomp
|-damage|p2a: Garchomp|32/100
|-damage|p1a: Weavile|76/100|[from] ability: Rough Skin|[of] p2a: Garchomp
|-supereffective|p2a: Garchomp
|-damage|p2a: Garchomp|0 fnt
|-damage|p1a: Weavile|63/100|[from] ability: Rough Skin|[of] p2a: Garchomp
|faint|p2a: Garchomp
|-hitcount|p2: Garchomp|3
|
|upkeep
|
|t:|1636281115
|switch|p2a: Ninetales|Ninetales-Alola, M|53/100
|-weather|Hail|[from] ability: Snow Warning|[of] p2a: Ninetales
|turn|30
|j| AlIoutdragadarts
|
|t:|1636281119
|move|p1a: Weavile|Knock Off|p2a: Ninetales
|-resisted|p2a: Ninetales
|-damage|p2a: Ninetales|37/100
|-enditem|p2a: Ninetales|Light Clay|[from] move: Knock Off|[of] p1a: Weavile
|move|p2a: Ninetales|Hypnosis|p1a: Weavile|[miss]
|-miss|p2a: Ninetales|p1a: Weavile
|
|-weather|Hail|[upkeep]
|upkeep
|turn|31
|l| AlIoutdragadarts
|
|t:|1636281126
|move|p1a: Weavile|Triple Axel|p2a: Ninetales
|-resisted|p2a: Ninetales
|-damage|p2a: Ninetales|34/100
|-hitcount|p2a: Ninetales|1
|move|p2a: Ninetales|Hypnosis|p1a: Weavile
|-status|p1a: Weavile|slp|[from] move: Hypnosis
|
|-weather|Hail|[upkeep]
|upkeep
|turn|32
|
|t:|1636281146
|cant|p1a: Weavile|slp
|move|p2a: Ninetales|Freeze-Dry|p1a: Weavile
|-resisted|p1a: Weavile
|-damage|p1a: Weavile|48/100 slp
|
|-weather|Hail|[upkeep]
|-sideend|p2: Eggsmoker69|move: Aurora Veil
|upkeep
|turn|33
|
|t:|1636281149
|cant|p1a: Weavile|slp
|move|p2a: Ninetales|Freeze-Dry|p1a: Weavile
|-resisted|p1a: Weavile
|-damage|p1a: Weavile|34/100 slp
|
|-weather|Hail|[upkeep]
|upkeep
|turn|34
|
|t:|1636281152
|cant|p1a: Weavile|slp
|move|p2a: Ninetales|Freeze-Dry|p1a: Weavile
|-resisted|p1a: Weavile
|-damage|p1a: Weavile|20/100 slp
|
|-weather|none
|upkeep
|turn|35
|
|t:|1636281155
|-curestatus|p1a: Weavile|slp|[msg]
|move|p1a: Weavile|Triple Axel|p2a: Ninetales
|-resisted|p2a: Ninetales
|-damage|p2a: Ninetales|28/100
|-resisted|p2a: Ninetales
|-damage|p2a: Ninetales|14/100
|-resisted|p2a: Ninetales
|-damage|p2a: Ninetales|0 fnt
|faint|p2a: Ninetales
|-hitcount|p2: Ninetales|3
|
|win|Mel2345
|raw|Mel2345's rating: 1702 &rarr; <strong>1732</strong><br />(+30 for winning)
|raw|Eggsmoker69's rating: 1888 &rarr; <strong>1858</strong><br />(-30 for losing)
|c|☆Eggsmoker69|Gg
|c|☆Mel2345|gg
|l|☆Eggsmoker69
