|j|☆InvincibleRoserade
|j|☆minimax_ai
|t:|1667951565
|gametype|singles
|player|p1|InvincibleRoserade|1|1657
|player|p2|minimax_ai|169|1696
|teamsize|p1|6
|teamsize|p2|6
|gen|8
|tier|[Gen 8] OU
|rated|
|rule|Sleep Clause Mod: Limit one foe put to sleep
|rule|Species Clause: Limit one of each Pokémon
|rule|OHKO Clause: OHKO moves are banned
|rule|Evasion Items Clause: Evasion items are banned
|rule|Evasion Moves Clause: Evasion moves are banned
|rule|Endless Battle Clause: Forcing endless battles is banned
|rule|HP Percentage Mod: HP is shown in percentages
|rule|Dynamax Clause: You cannot dynamax
|clearpoke
|poke|p1|Clefable, F|
|poke|p1|Tornadus-Therian, M|
|poke|p1|Nidoking, M|
|poke|p1|Slowking, F|
|poke|p1|Urshifu-*, M|
|poke|p1|Ferrothorn, M|
|poke|p2|Rotom-Wash|
|poke|p2|Weavile, F|
|poke|p2|Landorus-Therian, M|
|poke|p2|Heatran, M|
|poke|p2|Tangrowth, F|
|poke|p2|Melmetal|
|teampreview
|c|☆minimax_ai|hf
|inactive|Battle timer is ON: inactive players will automatically lose when time's up. (requested by minimax_ai)
|c|☆InvincibleRoserade|hf
|
|t:|1667951580
|start
|switch|p1a: Urshifu|Urshifu-Rapid-Strike, M|100/100
|switch|p2a: landorustherian|Landorus-Therian, M|100/100
|-ability|p2a: landorustherian|Intimidate|boost
|-unboost|p1a: Urshifu|atk|1
|turn|1
|j| Jongruenwald
|
|t:|1667951609
|switch|p2a: Tangrowth|Tangrowth, F|100/100
|move|p1a: Urshifu|U-turn|p2a: Tangrowth
|-supereffective|p2a: Tangrowth
|-damage|p2a: Tangrowth|84/100
|-damage|p1a: Urshifu|84/100|[from] item: Rocky Helmet|[of] p2a: Tangrowth
|
|t:|1667951611
|switch|p1a: Nidoking|Nidoking, M|100/100|[from]move: U-turn
|
|upkeep
|turn|2
|
|t:|1667951613
|switch|p2a: Heatran|Heatran, M|100/100
|-item|p2a: Heatran|Air Balloon
|move|p1a: Nidoking|Ice Beam|p2a: Heatran
|-resisted|p2a: Heatran
|-damage|p2a: Heatran|91/100
|-enditem|p2a: Heatran|Air Balloon
|
|upkeep
|turn|3
|
|t:|1667951617
|switch|p2a: Melmetal|Melmetal|100/100
|switch|p1a: Slowking|Slowking, F, shiny|100/100
|
|upkeep
|turn|4
|
|t:|1667951626
|switch|p1a: Ferrothorn|Ferrothorn, M, shiny|100/100
|move|p2a: Melmetal|Thunder Punch|p1a: Ferrothorn
|-resisted|p1a: Ferrothorn
|-damage|p1a: Ferrothorn|90/100
|-damage|p2a: Melmetal|88/100|[from] ability: Iron Barbs|[of] p1a: Ferrothorn
|-damage|p2a: Melmetal|71/100|[from] item: Rocky Helmet|[of] p1a: Ferrothorn
|
|upkeep
|turn|5
|
|t:|1667951642
|switch|p2a: landorustherian|Landorus-Therian, M|100/100
|-ability|p2a: landorustherian|Intimidate|boost
|-unboost|p1a: Ferrothorn|atk|1
|switch|p1a: Tornadus|Tornadus-Therian, M, shiny|100/100
|
|upkeep
|turn|6
|
|t:|1667951651
|move|p1a: Tornadus|Icy Wind|p2a: landorustherian
|-supereffective|p2a: landorustherian
|-damage|p2a: landorustherian|55/100
|-unboost|p2a: landorustherian|spe|1
|move|p2a: landorustherian|Earthquake|p1a: Tornadus
|-immune|p1a: Tornadus
|
|-heal|p2a: landorustherian|61/100|[from] item: Leftovers
|upkeep
|turn|7
|
|t:|1667951681
|switch|p2a: Melmetal|Melmetal|71/100
|move|p1a: Tornadus|U-turn|p2a: Melmetal
|-resisted|p2a: Melmetal
|-damage|p2a: Melmetal|68/100
|
|t:|1667951684
|switch|p1a: Nidoking|Nidoking, M|100/100|[from]move: U-turn
|
|upkeep
|turn|8
|
|t:|1667951692
|move|p1a: Nidoking|Earth Power|p2a: Melmetal
|-supereffective|p2a: Melmetal
|-damage|p2a: Melmetal|3/100
|move|p2a: Melmetal|Ice Punch|p1a: Nidoking
|-supereffective|p1a: Nidoking
|-damage|p1a: Nidoking|0 fnt
|faint|p1a: Nidoking
|
|upkeep
|j| Her Loss SZN
|l| Her Loss SZN
|inactive|InvincibleRoserade has 120 seconds left.
|
|t:|1667951733
|switch|p1a: Tornadus|Tornadus-Therian, M, shiny|100/100
|turn|9
|
|t:|1667951735
|switch|p2a: Heatran|Heatran, M|91/100
|move|p1a: Tornadus|Knock Off|p2a: Heatran
|-damage|p2a: Heatran|77/100
|
|upkeep
|turn|10
|
|t:|1667951739
|move|p1a: Tornadus|U-turn|p2a: Heatran
|-resisted|p2a: Heatran
|-damage|p2a: Heatran|74/100
|
|t:|1667951740
|switch|p1a: Slowking|Slowking, F, shiny|100/100|[from]move: U-turn
|move|p2a: Heatran|Stealth Rock|p1a: Slowking
|-sidestart|p1: InvincibleRoserade|move: Stealth Rock
|
|upkeep
|turn|11
|
|t:|1667951747
|switch|p2a: Tangrowth|Tangrowth, F|100/100
|move|p1a: Slowking|Teleport|p1a: Slowking
|
|t:|1667951750
|switch|p1a: Tornadus|Tornadus-Therian, M, shiny|100/100|[from]move: Teleport
|
|upkeep
|turn|12
|
|t:|1667951753
|switch|p2a: Heatran|Heatran, M|74/100
|move|p1a: Tornadus|Hurricane|p2a: Heatran
|-resisted|p2a: Heatran
|-damage|p2a: Heatran|53/100
|
|upkeep
|turn|13
|
|t:|1667951755
|move|p1a: Tornadus|U-turn|p2a: Heatran
|-resisted|p2a: Heatran
|-damage|p2a: Heatran|50/100
|
|t:|1667951758
|switch|p1a: Slowking|Slowking, F, shiny|100/100|[from]move: U-turn
|move|p2a: Heatran|Magma Storm|p1a: Slowking
|-resisted|p1a: Slowking
|-damage|p1a: Slowking|84/100
|-activate|p1a: Slowking|move: Magma Storm|[of] p2a: Heatran
|
|-damage|p1a: Slowking|72/100|[from] move: Magma Storm|[partiallytrapped]
|upkeep
|turn|14
|
|t:|1667951760
|switch|p2a: Tangrowth|Tangrowth, F|100/100
|move|p1a: Slowking|Scald|p2a: Tangrowth
|-resisted|p2a: Tangrowth
|-damage|p2a: Tangrowth|81/100
|
|-end|p1a: Slowking|Magma Storm|[partiallytrapped]|[silent]
|upkeep
|turn|15
|
|t:|1667951770
|move|p2a: Tangrowth|Giga Drain|p1a: Slowking
|-supereffective|p1a: Slowking
|-damage|p1a: Slowking|39/100
|-heal|p2a: Tangrowth|97/100|[from] drain|[of] p1a: Slowking
|move|p1a: Slowking|Teleport|p1a: Slowking
|
|t:|1667951774
|switch|p1a: Tornadus|Tornadus-Therian, M, shiny|100/100|[from]move: Teleport
|
|upkeep
|turn|16
|
|t:|1667951777
|switch|p2a: rotomwash|Rotom-Wash|100/100
|move|p1a: Tornadus|Hurricane|p2a: rotomwash
|-resisted|p2a: rotomwash
|-damage|p2a: rotomwash|77/100
|
|-heal|p2a: rotomwash|84/100|[from] item: Leftovers
|upkeep
|turn|17
|
|t:|1667951784
|move|p1a: Tornadus|U-turn|p2a: rotomwash
|-damage|p2a: rotomwash|69/100
|
|t:|1667951786
|switch|p1a: Ferrothorn|Ferrothorn, M, shiny|90/100|[from]move: U-turn
|-damage|p1a: Ferrothorn|84/100|[from] Stealth Rock
|move|p2a: rotomwash|Nasty Plot|p2a: rotomwash
|-boost|p2a: rotomwash|spa|2
|
|-heal|p2a: rotomwash|75/100|[from] item: Leftovers
|upkeep
|turn|18
|
|t:|1667951790
|switch|p2a: Tangrowth|Tangrowth, F|100/100
|move|p1a: Ferrothorn|Leech Seed|p2a: Tangrowth
|-immune|p2a: Tangrowth
|
|upkeep
|turn|19
|
|t:|1667951799
|switch|p1a: Tornadus|Tornadus-Therian, M, shiny|100/100
|move|p2a: Tangrowth|Focus Blast|p1a: Tornadus|[miss]
|-miss|p2a: Tangrowth|p1a: Tornadus
|
|upkeep
|turn|20
|j| Brightland
|j| Pikablu007
|
|t:|1667951805
|switch|p2a: rotomwash|Rotom-Wash|75/100
|move|p1a: Tornadus|Knock Off|p2a: rotomwash
|-damage|p2a: rotomwash|55/100
|-enditem|p2a: rotomwash|Leftovers|[from] move: Knock Off|[of] p1a: Tornadus
|
|upkeep
|turn|21
|
|t:|1667951808
|move|p1a: Tornadus|U-turn|p2a: rotomwash
|-damage|p2a: rotomwash|39/100
|l| Pikablu007
|
|t:|1667951813
|switch|p1a: Ferrothorn|Ferrothorn, M, shiny|84/100|[from]move: U-turn
|-damage|p1a: Ferrothorn|78/100|[from] Stealth Rock
|move|p2a: rotomwash|Nasty Plot|p2a: rotomwash
|-boost|p2a: rotomwash|spa|2
|
|upkeep
|turn|22
|
|t:|1667951817
|move|p2a: rotomwash|Pain Split|p1a: Ferrothorn
|-sethp|p1a: Ferrothorn|56/100|[from] move: Pain Split|[silent]
|-sethp|p2a: rotomwash|65/100|[from] move: Pain Split
|move|p1a: Ferrothorn|Leech Seed|p2a: rotomwash
|-start|p2a: rotomwash|move: Leech Seed
|
|-damage|p2a: rotomwash|52/100|[from] Leech Seed|[of] p1a: Ferrothorn
|-heal|p1a: Ferrothorn|67/100|[silent]
|upkeep
|turn|23
|
|t:|1667951830
|switch|p2a: Tangrowth|Tangrowth, F|100/100
|move|p1a: Ferrothorn|Spikes|p2a: Tangrowth
|-sidestart|p2: minimax_ai|Spikes
|
|upkeep
|turn|24
|
|t:|1667951835
|switch|p1a: Tornadus|Tornadus-Therian, M, shiny|100/100
|move|p2a: Tangrowth|Focus Blast|p1a: Tornadus
|-resisted|p1a: Tornadus
|-damage|p1a: Tornadus|86/100
|-unboost|p1a: Tornadus|spd|1
|
|upkeep
|turn|25
|
|t:|1667951840
|switch|p2a: rotomwash|Rotom-Wash|52/100
|move|p1a: Tornadus|U-turn|p2a: rotomwash
|-damage|p2a: rotomwash|36/100
|
|t:|1667951850
|switch|p1a: Clefable|Clefable, F, shiny|100/100|[from]move: U-turn
|
|upkeep
|turn|26
|
|t:|1667951864
|switch|p1a: Ferrothorn|Ferrothorn, M, shiny|67/100
|-damage|p1a: Ferrothorn|60/100|[from] Stealth Rock
|move|p2a: rotomwash|Pain Split|p1a: Ferrothorn
|-sethp|p1a: Ferrothorn|46/100|[from] move: Pain Split|[silent]
|-sethp|p2a: rotomwash|53/100|[from] move: Pain Split
|
|upkeep
|turn|27
|
|t:|1667951867
|switch|p2a: landorustherian|Landorus-Therian, M|61/100
|-ability|p2a: landorustherian|Intimidate|boost
|-unboost|p1a: Ferrothorn|atk|1
|move|p1a: Ferrothorn|Leech Seed|p2a: landorustherian
|-start|p2a: landorustherian|move: Leech Seed
|
|-heal|p2a: landorustherian|67/100|[from] item: Leftovers
|-damage|p2a: landorustherian|55/100|[from] Leech Seed|[of] p1a: Ferrothorn
|-heal|p1a: Ferrothorn|59/100|[silent]
|upkeep
|turn|28
|
|t:|1667951876
|switch|p1a: Tornadus|Tornadus-Therian, M, shiny|100/100
|move|p2a: landorustherian|U-turn|p1a: Tornadus
|-resisted|p1a: Tornadus
|-damage|p1a: Tornadus|89/100
|
|t:|1667951876
|switch|p2a: Weavile|Weavile, F|100/100|[from]move: U-turn
|-damage|p2a: Weavile|88/100|[from] Spikes
|-ability|p2a: Weavile|Pressure
|
|upkeep
|turn|29
|
|t:|1667951880
|switch|p1a: Ferrothorn|Ferrothorn, M, shiny|59/100
|-damage|p1a: Ferrothorn|53/100|[from] Stealth Rock
|move|p2a: Weavile|Triple Axel|p1a: Ferrothorn
|-damage|p1a: Ferrothorn|44/100
|-damage|p2a: Weavile|76/100|[from] ability: Iron Barbs|[of] p1a: Ferrothorn
|-damage|p2a: Weavile|59/100|[from] item: Rocky Helmet|[of] p1a: Ferrothorn
|-hitcount|p1a: Ferrothorn|1
|
|upkeep
|turn|30
|l| Brightland
|
|t:|1667951888
|switch|p2a: landorustherian|Landorus-Therian, M|55/100
|-ability|p2a: landorustherian|Intimidate|boost
|-unboost|p1a: Ferrothorn|atk|1
|move|p1a: Ferrothorn|Spikes|p2a: landorustherian
|-sidestart|p2: minimax_ai|Spikes
|
|-heal|p2a: landorustherian|61/100|[from] item: Leftovers
|upkeep
|turn|31
|
|t:|1667951899
|switch|p1a: Tornadus|Tornadus-Therian, M, shiny|100/100
|move|p2a: landorustherian|Defog|p1a: Tornadus
|-unboost|p1a: Tornadus|evasion|1
|-sideend|p1: InvincibleRoserade|Stealth Rock|[from] move: Defog|[of] p2a: landorustherian
|-sideend|p2: minimax_ai|Spikes|[from] move: Defog|[of] p2a: landorustherian
|
|-heal|p2a: landorustherian|67/100|[from] item: Leftovers
|upkeep
|turn|32
|
|t:|1667951908
|move|p1a: Tornadus|Icy Wind|p2a: landorustherian
|-supereffective|p2a: landorustherian
|-damage|p2a: landorustherian|23/100
|-unboost|p2a: landorustherian|spe|1
|move|p2a: landorustherian|Toxic|p1a: Tornadus
|-status|p1a: Tornadus|tox
|
|-heal|p2a: landorustherian|29/100|[from] item: Leftovers
|-damage|p1a: Tornadus|94/100 tox|[from] psn
|upkeep
|turn|33
|
|t:|1667951913
|switch|p2a: rotomwash|Rotom-Wash|53/100
|move|p1a: Tornadus|Hurricane|p2a: rotomwash
|-resisted|p2a: rotomwash
|-damage|p2a: rotomwash|32/100
|
|-damage|p1a: Tornadus|82/100 tox|[from] psn
|upkeep
|turn|34
|
|t:|1667951917
|move|p1a: Tornadus|U-turn|p2a: rotomwash
|-damage|p2a: rotomwash|16/100
|
|t:|1667951919
|switch|p1a: Ferrothorn|Ferrothorn, M, shiny|44/100|[from]move: U-turn
|move|p2a: rotomwash|Pain Split|p1a: Ferrothorn
|-sethp|p1a: Ferrothorn|29/100|[from] move: Pain Split|[silent]
|-sethp|p2a: rotomwash|33/100|[from] move: Pain Split
|
|upkeep
|turn|35
|
|t:|1667951924
|switch|p2a: landorustherian|Landorus-Therian, M|29/100
|-ability|p2a: landorustherian|Intimidate|boost
|-unboost|p1a: Ferrothorn|atk|1
|move|p1a: Ferrothorn|Leech Seed|p2a: landorustherian|[miss]
|-miss|p1a: Ferrothorn|p2a: landorustherian
|
|-heal|p2a: landorustherian|35/100|[from] item: Leftovers
|upkeep
|turn|36
|
|t:|1667951936
|switch|p1a: Tornadus|Tornadus-Therian, M, shiny|100/100 tox
|move|p2a: landorustherian|U-turn|p1a: Tornadus
|-resisted|p1a: Tornadus
|-damage|p1a: Tornadus|89/100 tox
|
|t:|1667951936
|switch|p2a: Heatran|Heatran, M|50/100|[from]move: U-turn
|
|-damage|p1a: Tornadus|82/100 tox|[from] psn
|upkeep
|turn|37
|j| dieMoldau
|
|t:|1667951938
|move|p1a: Tornadus|U-turn|p2a: Heatran
|-resisted|p2a: Heatran
|-damage|p2a: Heatran|46/100
|
|t:|1667951940
|switch|p1a: Slowking|Slowking, F, shiny|73/100|[from]move: U-turn
|move|p2a: Heatran|Magma Storm|p1a: Slowking
|-resisted|p1a: Slowking
|-damage|p1a: Slowking|58/100
|-activate|p1a: Slowking|move: Magma Storm|[of] p2a: Heatran
|
|-damage|p1a: Slowking|46/100|[from] move: Magma Storm|[partiallytrapped]
|upkeep
|turn|38
|
|t:|1667951943
|switch|p2a: rotomwash|Rotom-Wash|33/100
|move|p1a: Slowking|Scald|p2a: rotomwash
|-resisted|p2a: rotomwash
|-damage|p2a: rotomwash|18/100
|-status|p2a: rotomwash|brn
|
|-damage|p2a: rotomwash|12/100 brn|[from] brn
|-end|p1a: Slowking|Magma Storm|[partiallytrapped]|[silent]
|upkeep
|turn|39
|
|t:|1667951954
|switch|p1a: Ferrothorn|Ferrothorn, M, shiny|29/100
|move|p2a: rotomwash|Pain Split|p1a: Ferrothorn
|-sethp|p1a: Ferrothorn|20/100|[from] move: Pain Split|[silent]
|-sethp|p2a: rotomwash|23/100 brn|[from] move: Pain Split
|
|-damage|p2a: rotomwash|16/100 brn|[from] brn
|upkeep
|turn|40
|
|t:|1667951964
|switch|p2a: landorustherian|Landorus-Therian, M|35/100
|-ability|p2a: landorustherian|Intimidate|boost
|-unboost|p1a: Ferrothorn|atk|1
|move|p1a: Ferrothorn|Gyro Ball|p2a: landorustherian
|-damage|p2a: landorustherian|4/100
|
|-heal|p2a: landorustherian|10/100|[from] item: Leftovers
|upkeep
|turn|41
|
|t:|1667951984
|move|p2a: landorustherian|Earthquake|p1a: Ferrothorn
|-damage|p1a: Ferrothorn|0 fnt
|faint|p1a: Ferrothorn
|
|-heal|p2a: landorustherian|16/100|[from] item: Leftovers
|upkeep
|
|t:|1667951992
|switch|p1a: Tornadus|Tornadus-Therian, M, shiny|100/100 tox
|turn|42
|
|t:|1667952000
|switch|p2a: Heatran|Heatran, M|46/100
|move|p1a: Tornadus|Hurricane|p2a: Heatran
|-resisted|p2a: Heatran
|-damage|p2a: Heatran|24/100
|-start|p2a: Heatran|confusion
|
|-damage|p1a: Tornadus|94/100 tox|[from] psn
|upkeep
|turn|43
|
|t:|1667952008
|move|p1a: Tornadus|U-turn|p2a: Heatran
|-resisted|p2a: Heatran
|-damage|p2a: Heatran|20/100
|
|t:|1667952009
|switch|p1a: Slowking|Slowking, F, shiny|79/100|[from]move: U-turn
|-activate|p2a: Heatran|confusion
|-damage|p2a: Heatran|13/100|[from] confusion
|
|upkeep
|turn|44
|c| dieMoldau|is minimax really just a bot
|
|t:|1667952024
|-activate|p2a: Heatran|confusion
|move|p2a: Heatran|Stealth Rock|p1a: Slowking
|-sidestart|p1: InvincibleRoserade|move: Stealth Rock
|move|p1a: Slowking|Teleport|p1a: Slowking
|
|t:|1667952041
|switch|p1a: Tornadus|Tornadus-Therian, M, shiny|100/100 tox|[from]move: Teleport
|
|-damage|p1a: Tornadus|94/100 tox|[from] psn
|upkeep
|turn|45
|
|t:|1667952046
|switch|p2a: landorustherian|Landorus-Therian, M|16/100
|-ability|p2a: landorustherian|Intimidate|boost
|-unboost|p1a: Tornadus|atk|1
|move|p1a: Tornadus|Hurricane|p2a: landorustherian|[miss]
|-miss|p1a: Tornadus|p2a: landorustherian
|
|-heal|p2a: landorustherian|22/100|[from] item: Leftovers
|-damage|p1a: Tornadus|82/100 tox|[from] psn
|upkeep
|turn|46
|
|t:|1667952053
|move|p1a: Tornadus|Hurricane|p2a: landorustherian
|-damage|p2a: landorustherian|0 fnt
|faint|p2a: landorustherian
|
|-damage|p1a: Tornadus|64/100 tox|[from] psn
|upkeep
|
|t:|1667952053
|switch|p2a: Weavile|Weavile, F|59/100
|-ability|p2a: Weavile|Pressure
|turn|47
|
|t:|1667952064
|switch|p1a: Urshifu|Urshifu-Rapid-Strike, M|84/100
|-damage|p1a: Urshifu|78/100|[from] Stealth Rock
|move|p2a: Weavile|Triple Axel|p1a: Urshifu
|-resisted|p1a: Urshifu
|-damage|p1a: Urshifu|70/100
|-hitcount|p1a: Urshifu|1
|
|upkeep
|turn|48
|
|t:|1667952070
|switch|p1a: Tornadus|Tornadus-Therian, M, shiny|97/100 tox
|switch|p2a: Tangrowth|Tangrowth, F|100/100
|
|-damage|p1a: Tornadus|91/100 tox|[from] psn
|upkeep
|turn|49
|j| BabyPigsAreLaughin
|
|t:|1667952078
|switch|p2a: Heatran|Heatran, M|13/100
|move|p1a: Tornadus|Hurricane|p2a: Heatran|[miss]
|-miss|p1a: Tornadus|p2a: Heatran
|
|-damage|p1a: Tornadus|79/100 tox|[from] psn
|upkeep
|turn|50
|
|t:|1667952081
|move|p1a: Tornadus|Hurricane|p2a: Heatran
|-resisted|p2a: Heatran
|-damage|p2a: Heatran|0 fnt
|faint|p2a: Heatran
|
|-damage|p1a: Tornadus|61/100 tox|[from] psn
|upkeep
|
|t:|1667952081
|switch|p2a: Weavile|Weavile, F|59/100
|-ability|p2a: Weavile|Pressure
|turn|51
|
|t:|1667952084
|switch|p1a: Urshifu|Urshifu-Rapid-Strike, M|70/100
|-damage|p1a: Urshifu|64/100|[from] Stealth Rock
|move|p2a: Weavile|Triple Axel|p1a: Urshifu
|-resisted|p1a: Urshifu
|-crit|p1a: Urshifu
|-damage|p1a: Urshifu|52/100
|-resisted|p1a: Urshifu
|-damage|p1a: Urshifu|37/100
|-resisted|p1a: Urshifu
|-damage|p1a: Urshifu|15/100
|-hitcount|p1a: Urshifu|3
|
|upkeep
|turn|52
|
|t:|1667952099
|switch|p1a: Tornadus|Tornadus-Therian, M, shiny|94/100 tox
|move|p2a: Weavile|Triple Axel|p1a: Tornadus
|-supereffective|p1a: Tornadus
|-damage|p1a: Tornadus|66/100 tox
|-supereffective|p1a: Tornadus
|-damage|p1a: Tornadus|2/100 tox
|-supereffective|p1a: Tornadus
|-damage|p1a: Tornadus|0 fnt
|faint|p1a: Tornadus
|-hitcount|p1: Tornadus|3
|
|upkeep
|
|t:|1667952103
|switch|p1a: Urshifu|Urshifu-Rapid-Strike, M|15/100
|-damage|p1a: Urshifu|9/100|[from] Stealth Rock
|turn|53
|
|t:|1667952104
|move|p1a: Urshifu|U-turn|p2a: Weavile
|-supereffective|p2a: Weavile
|-damage|p2a: Weavile|0 fnt
|faint|p2a: Weavile
|
|t:|1667952120
|switch|p1a: Clefable|Clefable, F, shiny|100/100|[from]move: U-turn
|
|upkeep
|
|t:|1667952120
|switch|p2a: rotomwash|Rotom-Wash|16/100 brn
|turn|54
|l| dieMoldau
|inactive|InvincibleRoserade has 120 seconds left.
|
|t:|1667952155
|move|p2a: rotomwash|Pain Split|p1a: Clefable
|-sethp|p1a: Clefable|56/100|[from] move: Pain Split|[silent]
|-sethp|p2a: rotomwash|73/100 brn|[from] move: Pain Split
|move|p1a: Clefable|Stealth Rock|p2a: rotomwash
|-sidestart|p2: minimax_ai|move: Stealth Rock
|
|-heal|p1a: Clefable|63/100|[from] item: Leftovers
|-damage|p2a: rotomwash|67/100 brn|[from] brn
|upkeep
|turn|55
|
|t:|1667952160
|move|p2a: rotomwash|Nasty Plot|p2a: rotomwash
|-boost|p2a: rotomwash|spa|2
|move|p1a: Clefable|Moonblast|p2a: rotomwash
|-damage|p2a: rotomwash|32/100 brn
|
|-heal|p1a: Clefable|69/100|[from] item: Leftovers
|-damage|p2a: rotomwash|26/100 brn|[from] brn
|upkeep
|turn|56
|
|t:|1667952171
|move|p2a: rotomwash|Pain Split|p1a: Clefable
|-sethp|p1a: Clefable|44/100|[from] move: Pain Split|[silent]
|-sethp|p2a: rotomwash|57/100 brn|[from] move: Pain Split
|move|p1a: Clefable|Moonblast|p2a: rotomwash
|-damage|p2a: rotomwash|22/100 brn
|
|-heal|p1a: Clefable|50/100|[from] item: Leftovers
|-damage|p2a: rotomwash|16/100 brn|[from] brn
|upkeep
|turn|57
|inactive|InvincibleRoserade has 120 seconds left.
|inactive|InvincibleRoserade has 90 seconds left.
|
|t:|1667952240
|move|p2a: rotomwash|Thunderbolt|p1a: Clefable
|-damage|p1a: Clefable|0 fnt
|faint|p1a: Clefable
|
|-damage|p2a: rotomwash|10/100 brn|[from] brn
|upkeep
|
|t:|1667952243
|switch|p1a: Urshifu|Urshifu-Rapid-Strike, M|9/100
|-damage|p1a: Urshifu|3/100|[from] Stealth Rock
|turn|58
|
|t:|1667952254
|switch|p2a: Tangrowth|Tangrowth, F|100/100
|-damage|p2a: Tangrowth|88/100|[from] Stealth Rock
|move|p1a: Urshifu|Close Combat|p2a: Tangrowth
|-damage|p2a: Tangrowth|55/100
|-unboost|p1a: Urshifu|def|1
|-unboost|p1a: Urshifu|spd|1
|-damage|p1a: Urshifu|0 fnt|[from] item: Rocky Helmet|[of] p2a: Tangrowth
|faint|p1a: Urshifu
|
|upkeep
|
|t:|1667952256
|switch|p1a: Slowking|Slowking, F, shiny|100/100
|turn|59
|
|t:|1667952260
|move|p2a: Tangrowth|Knock Off|p1a: Slowking
|-supereffective|p1a: Slowking
|-damage|p1a: Slowking|52/100
|-enditem|p1a: Slowking|Heavy-Duty Boots|[from] move: Knock Off|[of] p2a: Tangrowth
|move|p1a: Slowking|Future Sight|p2a: Tangrowth
|-start|p1a: Slowking|move: Future Sight
|
|upkeep
|turn|60
|
|t:|1667952265
|move|p2a: Tangrowth|Giga Drain|p1a: Slowking
|-supereffective|p1a: Slowking
|-damage|p1a: Slowking|21/100
|-heal|p2a: Tangrowth|70/100|[from] drain|[of] p1a: Slowking
|move|p1a: Slowking|Slack Off|p1a: Slowking
|-heal|p1a: Slowking|71/100
|
|upkeep
|turn|61
|l| Jongruenwald
|
|t:|1667952269
|move|p2a: Tangrowth|Sleep Powder|p1a: Slowking
|-status|p1a: Slowking|slp|[from] move: Sleep Powder
|cant|p1a: Slowking|slp
|
|-end|p2a: Tangrowth|move: Future Sight
|-damage|p2a: Tangrowth|13/100
|upkeep
|turn|62
|
|t:|1667952272
|move|p2a: Tangrowth|Giga Drain|p1a: Slowking
|-supereffective|p1a: Slowking
|-damage|p1a: Slowking|37/100 slp
|-heal|p2a: Tangrowth|29/100|[from] drain|[of] p1a: Slowking
|-curestatus|p1a: Slowking|slp|[msg]
|move|p1a: Slowking|Slack Off|p1a: Slowking
|-heal|p1a: Slowking|87/100
|
|upkeep
|turn|63
|
|t:|1667952276
|move|p2a: Tangrowth|Giga Drain|p1a: Slowking
|-supereffective|p1a: Slowking
|-damage|p1a: Slowking|56/100
|-heal|p2a: Tangrowth|45/100|[from] drain|[of] p1a: Slowking
|move|p1a: Slowking|Future Sight|p2a: Tangrowth
|-start|p1a: Slowking|move: Future Sight
|
|upkeep
|turn|64
|
|t:|1667952278
|move|p2a: Tangrowth|Sleep Powder|p1a: Slowking
|-status|p1a: Slowking|slp|[from] move: Sleep Powder
|cant|p1a: Slowking|slp
|
|upkeep
|turn|65
|
|t:|1667952280
|move|p2a: Tangrowth|Giga Drain|p1a: Slowking
|-supereffective|p1a: Slowking
|-damage|p1a: Slowking|22/100 slp
|-heal|p2a: Tangrowth|61/100|[from] drain|[of] p1a: Slowking
|cant|p1a: Slowking|slp
|
|-end|p2a: Tangrowth|move: Future Sight
|-damage|p2a: Tangrowth|0 fnt
|faint|p2a: Tangrowth
|upkeep
|
|t:|1667952280
|switch|p2a: rotomwash|Rotom-Wash|10/100 brn
|-damage|p2a: rotomwash|0 fnt|[from] Stealth Rock
|faint|p2a: rotomwash
|
|t:|1667952281
|switch|p2a: Melmetal|Melmetal|3/100
|-damage|p2a: Melmetal|0 fnt|[from] Stealth Rock
|faint|p2a: Melmetal
|
|win|InvincibleRoserade
|raw|InvincibleRoserade's rating: 1657 &rarr; <strong>1679</strong><br />(+22 for winning)
|raw|minimax_ai's rating: 1696 &rarr; <strong>1674</strong><br />(-22 for losing)
|c|☆minimax_ai|gg
|l|☆minimax_ai
|l| BabyPigsAreLaughin
||Ladder isn't responding, score probably updated but might not have (Request timeout).
