|j|☆cute pink team
|j|☆bramitoboy
|t:|1661090289
|gametype|singles
|player|p1|cute pink team|misty-gen1|1833
|player|p2|bramitoboy|1|1909
|teamsize|p1|6
|teamsize|p2|6
|gen|8
|tier|[Gen 8] OU
|rated|
|rule|Sleep Clause Mod: Limit one foe put to sleep
|rule|Species Clause: Limit one of each Pokémon
|rule|OHKO Clause: OHKO moves are banned
|rule|Evasion Items Clause: Evasion items are banned
|rule|Evasion Moves Clause: Evasion moves are banned
|rule|Endless Battle Clause: Forcing endless battles is banned
|rule|HP Percentage Mod: HP is shown in percentages
|rule|Dynamax Clause: You cannot dynamax
|clearpoke
|poke|p1|Tyranitar, M|
|poke|p1|Corviknight, M|
|poke|p1|Volcanion|
|poke|p1|Zapdos|
|poke|p1|Dragapult, M|
|poke|p1|Quagsire, M|
|poke|p2|Zarude-Dada|
|poke|p2|Keldeo-Resolute|
|poke|p2|Tapu Lele|
|poke|p2|Tapu Koko|
|poke|p2|Heatran, M|
|poke|p2|Landorus-Therian, M|
|teampreview
|j| wocaowocao
|l| wocaowocao
|j| KappaHalo
|inactive|Battle timer is ON: inactive players will automatically lose when time's up. (requested by bramitoboy)
|
|t:|1661090312
|start
|switch|p1a: Volcanion|Volcanion|100/100
|switch|p2a: Tapu Koko|Tapu Koko|100/100
|-fieldstart|move: Electric Terrain|[from] ability: Electric Surge|[of] p2a: Tapu Koko
|turn|1
|
|t:|1661090321
|switch|p1a: Quagsire|Quagsire, M|100/100
|move|p2a: Tapu Koko|Thunderbolt|p1a: Quagsire
|-immune|p1a: Quagsire
|
|upkeep
|turn|2
|
|t:|1661090328
|switch|p2a: Zarude|Zarude-Dada|100/100
|switch|p1a: Zapdos|Zapdos|100/100
|
|upkeep
|turn|3
|c| KappaHalo|Cute Pink Team with exactly zero Pink Pokemon
|c| KappaHalo|Clutch
|
|t:|1661090337
|switch|p2a: Tapu Lele|Tapu Lele|100/100
|-fieldstart|move: Psychic Terrain|[from] ability: Psychic Surge|[of] p2a: Tapu Lele
|move|p1a: Zapdos|Hurricane|p2a: Tapu Lele
|-damage|p2a: Tapu Lele|41/100
|
|upkeep
|turn|4
|
|t:|1661090351
|switch|p2a: Heatran|Heatran, M|100/100
|-item|p2a: Heatran|Air Balloon
|move|p1a: Zapdos|Hurricane|p2a: Heatran
|-resisted|p2a: Heatran
|-damage|p2a: Heatran|63/100
|-enditem|p2a: Heatran|Air Balloon
|
|upkeep
|turn|5
|
|t:|1661090363
|move|p1a: Zapdos|Hurricane|p2a: Heatran
|-resisted|p2a: Heatran
|-damage|p2a: Heatran|22/100
|move|p2a: Heatran|Earth Power|p1a: Zapdos
|-immune|p1a: Zapdos
|
|upkeep
|turn|6
|c|☆bramitoboy|wow, 100% hurricane
|
|t:|1661090373
|move|p1a: Zapdos|Hurricane|p2a: Heatran
|-resisted|p2a: Heatran
|-damage|p2a: Heatran|0 fnt
|faint|p2a: Heatran
|
|upkeep
|c|☆bramitoboy|you are magic
|
|t:|1661090384
|switch|p2a: Tapu Koko|Tapu Koko|100/100
|-fieldstart|move: Electric Terrain|[from] ability: Electric Surge|[of] p2a: Tapu Koko
|turn|7
|c|☆bramitoboy|basically, this incredible skill made you almost win
|
|t:|1661090403
|switch|p2a: Zarude|Zarude-Dada|100/100
|move|p1a: Zapdos|Hurricane|p2a: Zarude
|-supereffective|p2a: Zarude
|-damage|p2a: Zarude|0 fnt
|faint|p2a: Zarude
|
|upkeep
|j| Neverladding
|
|t:|1661090421
|switch|p2a: Keldeo|Keldeo-Resolute|100/100
|turn|8
|
|t:|1661090426
|move|p2a: Keldeo|Substitute|p2a: Keldeo
|-start|p2a: Keldeo|Substitute
|-damage|p2a: Keldeo|75/100
|move|p1a: Zapdos|Hurricane|p2a: Keldeo|[miss]
|-miss|p1a: Zapdos|p2a: Keldeo
|
|-heal|p2a: Keldeo|82/100|[from] item: Leftovers
|upkeep
|turn|9
|
|t:|1661090430
|switch|p1a: Quagsire|Quagsire, M|100/100
|move|p2a: Keldeo|Scald|p1a: Quagsire
|-damage|p1a: Quagsire|52/100
|-status|p1a: Quagsire|brn
|
|-heal|p2a: Keldeo|88/100|[from] item: Leftovers
|-heal|p1a: Quagsire|58/100 brn|[from] item: Leftovers
|-damage|p1a: Quagsire|52/100 brn|[from] brn
|upkeep
|turn|10
|
|t:|1661090437
|move|p2a: Keldeo|Calm Mind|p2a: Keldeo
|-boost|p2a: Keldeo|spa|1
|-boost|p2a: Keldeo|spd|1
|move|p1a: Quagsire|Recover|p1a: Quagsire
|-heal|p1a: Quagsire|100/100 brn
|
|-heal|p2a: Keldeo|94/100|[from] item: Leftovers
|-damage|p1a: Quagsire|94/100 brn|[from] brn
|upkeep
|turn|11
|j| emo705
|
|t:|1661090442
|move|p2a: Keldeo|Scald|p1a: Quagsire
|-damage|p1a: Quagsire|43/100 brn
|move|p1a: Quagsire|Haze|p1a: Quagsire
|-clearallboost
|
|-heal|p2a: Keldeo|99/100|[from] item: Leftovers
|-heal|p1a: Quagsire|49/100 brn|[from] item: Leftovers
|-damage|p1a: Quagsire|43/100 brn|[from] brn
|-fieldend|move: Electric Terrain
|upkeep
|turn|12
|
|t:|1661090448
|switch|p1a: Dragapult|Dragapult, M|100/100
|move|p2a: Keldeo|Scald|p1a: Dragapult
|-resisted|p1a: Dragapult
|-damage|p1a: Dragapult|71/100
|
|-heal|p2a: Keldeo|100/100|[from] item: Leftovers
|upkeep
|turn|13
|
|t:|1661090452
|move|p1a: Dragapult|Shadow Ball|p2a: Keldeo
|-damage|p2a: Keldeo|35/100
|move|p2a: Keldeo|Scald|p1a: Dragapult
|-resisted|p1a: Dragapult
|-damage|p1a: Dragapult|45/100
|
|-heal|p2a: Keldeo|41/100|[from] item: Leftovers
|upkeep
|turn|14
|
|t:|1661090461
|switch|p2a: Tapu Lele|Tapu Lele|41/100
|-fieldstart|move: Psychic Terrain|[from] ability: Psychic Surge|[of] p2a: Tapu Lele
|move|p1a: Dragapult|Shadow Ball|p2a: Tapu Lele
|-supereffective|p2a: Tapu Lele
|-damage|p2a: Tapu Lele|0 fnt
|faint|p2a: Tapu Lele
|
|upkeep
|
|t:|1661090464
|switch|p2a: Tapu Koko|Tapu Koko|100/100
|-fieldstart|move: Electric Terrain|[from] ability: Electric Surge|[of] p2a: Tapu Koko
|turn|15
|
|t:|1661090472
|switch|p1a: Corviknight|Corviknight, M|100/100
|-ability|p1a: Corviknight|Pressure
|move|p2a: Tapu Koko|Dazzling Gleam|p1a: Corviknight
|-resisted|p1a: Corviknight
|-damage|p1a: Corviknight|88/100
|
|-heal|p1a: Corviknight|95/100|[from] item: Leftovers
|upkeep
|turn|16
|-message|bramitoboy forfeited.
|
|win|cute pink team
|raw|cute pink team's rating: 1833 &rarr; <strong>1857</strong><br />(+24 for winning)
|raw|bramitoboy's rating: 1909 &rarr; <strong>1885</strong><br />(-24 for losing)
|l|☆bramitoboy
|l| KappaHalo
||Ladder isn't responding, score probably updated but might not have (Request timeout).
