|raw|<div class="broadcast-blue"><strong>This battle is required to be public due to a player having a name starting with 'lt93oq'.</div>
|j|☆LT93OQ Harsh
|j|‽antarctozolt
|t:|1660654630
|gametype|singles
|player|p1|LT93OQ Harsh|blue-masters|1742
|player|p2|antarctozolt|skier|1976
|teamsize|p1|6
|teamsize|p2|6
|gen|8
|tier|[Gen 8] OU
|rated|
|rule|Sleep Clause Mod: Limit one foe put to sleep
|rule|Species Clause: Limit one of each Pokémon
|rule|OHKO Clause: OHKO moves are banned
|rule|Evasion Items Clause: Evasion items are banned
|rule|Evasion Moves Clause: Evasion moves are banned
|rule|Endless Battle Clause: Forcing endless battles is banned
|rule|HP Percentage Mod: HP is shown in percentages
|rule|Dynamax Clause: You cannot dynamax
|clearpoke
|poke|p1|Landorus-Therian, M|
|poke|p1|Weavile, M|
|poke|p1|Melmetal|
|poke|p1|Volcanion|
|poke|p1|Crawdaunt, M|
|poke|p1|Dragapult, M|
|poke|p2|Kartana|
|poke|p2|Toxtricity, M|
|poke|p2|Celesteela|
|poke|p2|Dragapult, M|
|poke|p2|Mew|
|poke|p2|Zeraora|
|teampreview
|inactive|Battle timer is ON: inactive players will automatically lose when time's up. (requested by LT93OQ Harsh)
|
|t:|1660654648
|start
|switch|p1a: Leviathan|Dragapult, M, shiny|100/100
|switch|p2a: Zeraora|Zeraora|100/100
|turn|1
|j| isma hangougo
|
|t:|1660654655
|switch|p1a: Enten|Landorus-Therian, M, shiny|100/100
|-ability|p1a: Enten|Intimidate|boost
|-unboost|p2a: Zeraora|atk|1
|-enditem|p2a: Zeraora|Eject Pack
|
|t:|1660654657
|switch|p2a: Mew|Mew|100/100
|
|upkeep
|turn|2
|j| The art of
|j| Rilaboum sauvage
|j|@ironwater
|j| iKiQ
|j| Hikawa Kyoka
|inactive|LT93OQ Harsh has 120 seconds left.
|
|t:|1660654698
|switch|p1a: Predator|Crawdaunt, M, shiny|100/100
|move|p2a: Mew|Stealth Rock|p1a: Predator
|-sidestart|p1: LT93OQ Harsh|move: Stealth Rock
|
|upkeep
|turn|3
|j| LT93OQ metamence
|
|t:|1660654707
|move|p2a: Mew|Spikes|p1a: Predator
|-sidestart|p1: LT93OQ Harsh|Spikes
|move|p1a: Predator|Knock Off|p2a: Mew
|-supereffective|p2a: Mew
|-damage|p2a: Mew|0 fnt
|-enditem|p2a: Mew|Mental Herb|[from] move: Knock Off|[of] p1a: Predator
|faint|p2a: Mew
|-damage|p1a: Predator|91/100|[from] item: Life Orb
|
|upkeep
|
|t:|1660654710
|switch|p2a: Toxtricity|Toxtricity, M|100/100
|turn|4
|j|&Alpha
|inactive|LT93OQ Harsh has 120 seconds left.
|
|t:|1660654724
|move|p1a: Predator|Aqua Jet|p2a: Toxtricity
|-damage|p2a: Toxtricity|44/100
|-damage|p1a: Predator|81/100|[from] item: Life Orb
|move|p2a: Toxtricity|Overdrive|p1a: Predator
|-supereffective|p1a: Predator
|-crit|p1a: Predator
|-damage|p1a: Predator|0 fnt
|faint|p1a: Predator
|-damage|p2a: Toxtricity|34/100|[from] item: Life Orb
|
|upkeep
|inactive|LT93OQ Harsh has 120 seconds left.
|
|t:|1660654742
|switch|p1a: Leviathan|Dragapult, M, shiny|100/100
|-damage|p1a: Leviathan|88/100|[from] Stealth Rock
|-damage|p1a: Leviathan|76/100|[from] Spikes
|turn|5
|
|t:|1660654748
|move|p1a: Leviathan|Shadow Ball|p2a: Toxtricity
|-damage|p2a: Toxtricity|0 fnt
|faint|p2a: Toxtricity
|
|upkeep
|j| Highv0ltag3
|
|t:|1660654764
|switch|p2a: Kartana|Kartana|100/100
|turn|6
|
|t:|1660654772
|switch|p1a: Magatama|Volcanion|100/100
|move|p2a: Kartana|Knock Off|p1a: Magatama
|-damage|p1a: Magatama|64/100
|-enditem|p1a: Magatama|Heavy-Duty Boots|[from] move: Knock Off|[of] p2a: Kartana
|
|upkeep
|turn|7
|
|t:|1660654775
|switch|p2a: Dragapult|Dragapult, M|100/100
|move|p1a: Magatama|Defog|p2a: Dragapult
|-unboost|p2a: Dragapult|evasion|1
|-sideend|p1: LT93OQ Harsh|Spikes|[from] move: Defog|[of] p1a: Magatama
|-sideend|p1: LT93OQ Harsh|Stealth Rock|[from] move: Defog|[of] p1a: Magatama
|
|upkeep
|turn|8
|
|t:|1660654783
|switch|p1a: Fate|Melmetal, shiny|100/100
|move|p2a: Dragapult|Draco Meteor|p1a: Fate
|-resisted|p1a: Fate
|-damage|p1a: Fate|71/100
|-unboost|p2a: Dragapult|spa|2
|
|-heal|p1a: Fate|77/100|[from] item: Leftovers
|upkeep
|turn|9
|
|t:|1660654794
|switch|p2a: Celesteela|Celesteela|100/100
|switch|p1a: Magatama|Volcanion|64/100
|
|upkeep
|turn|10
|
|t:|1660654801
|switch|p2a: Dragapult|Dragapult, M|100/100
|move|p1a: Magatama|Flamethrower|p2a: Dragapult
|-resisted|p2a: Dragapult
|-damage|p2a: Dragapult|65/100
|
|upkeep
|turn|11
|
|t:|1660654809
|move|p2a: Dragapult|Draco Meteor|p1a: Magatama
|-damage|p1a: Magatama|0 fnt
|-unboost|p2a: Dragapult|spa|2
|faint|p1a: Magatama
|
|upkeep
|
|t:|1660654826
|switch|p1a: Leviathan|Dragapult, M, shiny|76/100
|turn|12
|
|t:|1660654829
|move|p1a: Leviathan|Shadow Ball|p2a: Dragapult
|-supereffective|p2a: Dragapult
|-damage|p2a: Dragapult|0 fnt
|faint|p2a: Dragapult
|
|upkeep
|l| LT93OQ metamence
|
|t:|1660654840
|switch|p2a: Kartana|Kartana|100/100
|turn|13
|
|t:|1660654862
|switch|p1a: Fate|Melmetal, shiny|77/100
|move|p2a: Kartana|Knock Off|p1a: Fate
|-damage|p1a: Fate|53/100
|-enditem|p1a: Fate|Leftovers|[from] move: Knock Off|[of] p2a: Kartana
|
|upkeep
|turn|14
|
|t:|1660654872
|switch|p2a: Zeraora|Zeraora|100/100
|move|p1a: Fate|Acid Armor|p1a: Fate
|-boost|p1a: Fate|def|2
|
|upkeep
|turn|15
|
|t:|1660654877
|move|p2a: Zeraora|Bulk Up|p2a: Zeraora
|-boost|p2a: Zeraora|atk|1
|-boost|p2a: Zeraora|def|1
|move|p1a: Fate|Body Press|p2a: Zeraora
|-damage|p2a: Zeraora|58/100
|
|upkeep
|turn|16
|l|@ironwater
|
|t:|1660654883
|move|p2a: Zeraora|Close Combat|p1a: Fate
|-supereffective|p1a: Fate
|-damage|p1a: Fate|23/100
|-unboost|p2a: Zeraora|def|1
|-unboost|p2a: Zeraora|spd|1
|move|p1a: Fate|Body Press|p2a: Zeraora
|-damage|p2a: Zeraora|0 fnt
|faint|p2a: Zeraora
|
|upkeep
|
|t:|1660654898
|switch|p2a: Celesteela|Celesteela|100/100
|turn|17
|
|t:|1660654907
|move|p2a: Celesteela|Autotomize|p2a: Celesteela
|-boost|p2a: Celesteela|spe|2
|-start|p2a: Celesteela|Autotomize
|move|p1a: Fate|Body Press|p2a: Celesteela
|-damage|p2a: Celesteela|50/100
|
|upkeep
|turn|18
|
|t:|1660654919
|move|p2a: Celesteela|Fire Blast|p1a: Fate
|-supereffective|p1a: Fate
|-damage|p1a: Fate|0 fnt
|faint|p1a: Fate
|-ability|p2a: Celesteela|Beast Boost|boost
|-boost|p2a: Celesteela|atk|1
|
|upkeep
|
|t:|1660654935
|switch|p1a: Enten|Landorus-Therian, M, shiny|100/100
|-ability|p1a: Enten|Intimidate|boost
|-unboost|p2a: Celesteela|atk|1
|turn|19
|
|t:|1660654940
|move|p2a: Celesteela|Heavy Slam|p1a: Enten
|-damage|p1a: Enten|48/100
|move|p1a: Enten|U-turn|p2a: Celesteela
|-resisted|p2a: Celesteela
|-damage|p2a: Celesteela|45/100
|l| Hikawa Kyoka
|j| LT93OQ metamence
|inactive|LT93OQ Harsh has 120 seconds left.
|l| Highv0ltag3
|
|t:|1660654979
|switch|p1a: Bandit|Weavile, M, shiny|100/100|[from]move: U-turn
|-ability|p1a: Bandit|Pressure
|
|upkeep
|turn|20
|
|t:|1660654991
|move|p1a: Bandit|Ice Shard|p2a: Celesteela
|-damage|p2a: Celesteela|18/100
|-damage|p1a: Bandit|91/100|[from] item: Life Orb
|move|p2a: Celesteela|Heavy Slam|p1a: Bandit
|-supereffective|p1a: Bandit
|-damage|p1a: Bandit|0 fnt
|faint|p1a: Bandit
|-ability|p2a: Celesteela|Beast Boost|boost
|-boost|p2a: Celesteela|atk|1
|
|upkeep
|
|t:|1660655001
|switch|p1a: Leviathan|Dragapult, M, shiny|76/100
|turn|21
|
|t:|1660655008
|move|p2a: Celesteela|Heavy Slam|p1a: Leviathan
|-damage|p1a: Leviathan|0 fnt
|faint|p1a: Leviathan
|-ability|p2a: Celesteela|Beast Boost|boost
|-boost|p2a: Celesteela|atk|1
|
|upkeep
|c|☆LT93OQ Harsh|gg
|-message|LT93OQ Harsh forfeited.
|
|win|antarctozolt
|raw|LT93OQ Harsh's rating: 1742 &rarr; <strong>1734</strong><br />(-8 for losing)
|raw|antarctozolt's rating: 1976 &rarr; <strong>1984</strong><br />(+8 for winning)
|l|☆LT93OQ Harsh
|l| iKiQ
