|html|<div class="broadcast-blue"><strong>[Gen 8] OU is currently suspecting Spectrier! For information on how to participate check out the <a href="https://www.smogon.com/forums/threads/np-ss-ou-suspect-process-round-9-old-town-road.3676744/">suspect thread</a>.</strong></div>
|j|☆FerdinandBardamu
|j|☆CoconutCrabs
|t:|1611527316
|player|p1|FerdinandBardamu|gentleman-gen4|1590
|player|p2|CoconutCrabs|chuck|1606
|teamsize|p1|6
|teamsize|p2|6
|gametype|singles
|gen|8
|tier|[Gen 8] OU
|rated|
|clearpoke
|poke|p1|Tapu Fini|
|poke|p1|Ferrothorn, M|
|poke|p1|Tapu Lele|
|poke|p1|Chansey, F|
|poke|p1|Landorus-Therian, M|
|poke|p1|Ditto|
|poke|p2|Regieleki|
|poke|p2|Landorus-Therian, M|
|poke|p2|Magearna|
|poke|p2|Spectrier|
|poke|p2|Garchomp, F|
|poke|p2|Cinderace, M|
|rule|Sleep Clause Mod: Limit one foe put to sleep
|rule|Species Clause: Limit one of each Pokémon
|rule|OHKO Clause: OHKO moves are banned
|rule|Evasion Moves Clause: Evasion moves are banned
|rule|Endless Battle Clause: Forcing endless battles is banned
|rule|HP Percentage Mod: HP is shown in percentages
|rule|Dynamax Clause: You cannot dynamax
|teampreview
|
|t:|1611527327
|start
|switch|p1a: Landorus|Landorus-Therian, M|100/100
|switch|p2a: Landorus|Landorus-Therian, M|100/100
|-ability|p1a: Landorus|Intimidate|boost
|-unboost|p2a: Landorus|atk|1
|-ability|p2a: Landorus|Intimidate|boost
|-unboost|p1a: Landorus|atk|1
|turn|1
|
|t:|1611527330
|move|p1a: Landorus|Knock Off|p2a: Landorus
|-damage|p2a: Landorus|69/100
|-enditem|p2a: Landorus|Focus Sash|[from] move: Knock Off|[of] p1a: Landorus
|move|p2a: Landorus|Stealth Rock|p1a: Landorus
|-sidestart|p1: FerdinandBardamu|move: Stealth Rock
|
|upkeep
|turn|2
|
|t:|1611527334
|move|p2a: Landorus|Swords Dance|p2a: Landorus
|-boost|p2a: Landorus|atk|2
|move|p1a: Landorus|Substitute|p1a: Landorus
|-start|p1a: Landorus|Substitute
|-damage|p1a: Landorus|76/100
|
|-heal|p1a: Landorus|82/100|[from] item: Leftovers
|upkeep
|turn|3
|
|t:|1611527339
|move|p2a: Landorus|Explosion|p1a: Landorus
|-end|p1a: Landorus|Substitute
|faint|p2a: Landorus
|move|p1a: Landorus|Knock Off|p2: Landorus|[notarget]
|-fail|p1a: Landorus
|
|-heal|p1a: Landorus|88/100|[from] item: Leftovers
|upkeep
|
|t:|1611527364
|switch|p2a: Spectrier|Spectrier|100/100
|turn|4
|
|t:|1611527384
|switch|p1a: Chansey|Chansey, F|100/100
|-damage|p1a: Chansey|88/100|[from] Stealth Rock
|move|p2a: Spectrier|Will-O-Wisp|p1a: Chansey
|-status|p1a: Chansey|brn
|
|-damage|p1a: Chansey|82/100 brn|[from] brn
|upkeep
|turn|5
|
|t:|1611527386
|move|p2a: Spectrier|Substitute|p2a: Spectrier
|-start|p2a: Spectrier|Substitute
|-damage|p2a: Spectrier|76/100
|move|p1a: Chansey|Stealth Rock|p2a: Spectrier
|-sidestart|p2: CoconutCrabs|move: Stealth Rock
|
|-heal|p2a: Spectrier|82/100|[from] item: Leftovers
|-damage|p1a: Chansey|76/100 brn|[from] brn
|upkeep
|turn|6
|
|t:|1611527396
|switch|p1a: Ferrothorn|Ferrothorn, M|100/100
|-damage|p1a: Ferrothorn|95/100|[from] Stealth Rock
|move|p2a: Spectrier|Nasty Plot|p2a: Spectrier
|-boost|p2a: Spectrier|spa|2
|
|-heal|p2a: Spectrier|88/100|[from] item: Leftovers
|upkeep
|turn|7
|
|t:|1611527400
|move|p2a: Spectrier|Will-O-Wisp|p1a: Ferrothorn|[miss]
|-miss|p2a: Spectrier|p1a: Ferrothorn
|move|p1a: Ferrothorn|Spikes|p2a: Spectrier
|-sidestart|p2: CoconutCrabs|Spikes
|
|-heal|p2a: Spectrier|94/100|[from] item: Leftovers
|upkeep
|turn|8
|
|t:|1611527402
|move|p2a: Spectrier|Will-O-Wisp|p1a: Ferrothorn
|-status|p1a: Ferrothorn|brn
|move|p1a: Ferrothorn|Spikes|p2a: Spectrier
|-sidestart|p2: CoconutCrabs|Spikes
|
|-heal|p2a: Spectrier|99/100|[from] item: Leftovers
|-damage|p1a: Ferrothorn|89/100 brn|[from] brn
|upkeep
|turn|9
|
|t:|1611527405
|move|p2a: Spectrier|Hex|p1a: Ferrothorn
|-crit|p1a: Ferrothorn
|-damage|p1a: Ferrothorn|0 fnt
|faint|p1a: Ferrothorn
|-ability|p2a: Spectrier|Grim Neigh|boost
|-boost|p2a: Spectrier|spa|1
|
|-heal|p2a: Spectrier|100/100|[from] item: Leftovers
|upkeep
|
|t:|1611527407
|switch|p1a: Tapu Lele|Tapu Lele|100/100
|-damage|p1a: Tapu Lele|88/100|[from] Stealth Rock
|-fieldstart|move: Psychic Terrain|[from] ability: Psychic Surge|[of] p1a: Tapu Lele
|turn|10
|
|t:|1611527409
|move|p1a: Tapu Lele|Psyshock|p2a: Spectrier
|-end|p2a: Spectrier|Substitute
|move|p2a: Spectrier|Hex|p1a: Tapu Lele
|-supereffective|p1a: Tapu Lele
|-damage|p1a: Tapu Lele|0 fnt
|faint|p1a: Tapu Lele
|-ability|p2a: Spectrier|Grim Neigh|boost
|-boost|p2a: Spectrier|spa|1
|
|upkeep
|
|t:|1611527413
|switch|p1a: Ditto|Ditto|100/100
|-damage|p1a: Ditto|88/100|[from] Stealth Rock
|-transform|p1a: Ditto|p2a: Spectrier|[from] ability: Imposter
|turn|11
|
|t:|1611527423
|move|p1a: Ditto|Hex|p2a: Spectrier
|-supereffective|p2a: Spectrier
|-damage|p2a: Spectrier|0 fnt
|faint|p2a: Spectrier
|-ability|p1a: Ditto|Grim Neigh|boost
|-boost|p1a: Ditto|spa|1
|
|upkeep
|
|t:|1611527462
|switch|p2a: Magearna|Magearna|100/100
|-damage|p2a: Magearna|84/100|[from] Spikes
|-damage|p2a: Magearna|78/100|[from] Stealth Rock
|turn|12
|
|t:|1611527474
|move|p1a: Ditto|Hex|p2a: Magearna
|-damage|p2a: Magearna|0 fnt
|faint|p2a: Magearna
|-ability|p1a: Ditto|Grim Neigh|boost
|-boost|p1a: Ditto|spa|1
|
|upkeep
|
|t:|1611527478
|switch|p2a: Garchomp|Garchomp, F|100/100
|-damage|p2a: Garchomp|94/100|[from] Stealth Rock
|-damage|p2a: Garchomp|78/100|[from] Spikes
|turn|13
|
|t:|1611527482
|move|p1a: Ditto|Hex|p2a: Garchomp
|-damage|p2a: Garchomp|0 fnt
|faint|p2a: Garchomp
|
|upkeep
|
|t:|1611527483
|switch|p2a: Regieleki|Regieleki|100/100
|-damage|p2a: Regieleki|84/100|[from] Spikes
|-damage|p2a: Regieleki|72/100|[from] Stealth Rock
|turn|14
|
|t:|1611527488
|move|p1a: Ditto|Hex|p2a: Regieleki
|-damage|p2a: Regieleki|0 fnt
|faint|p2a: Regieleki
|
|-fieldend|move: Psychic Terrain
|upkeep
|
|t:|1611527490
|switch|p2a: Cinderace|Cinderace, M|100/100
|turn|15
|
|t:|1611527492
|move|p2a: Cinderace|Sucker Punch|p1a: Ditto
|-start|p2a: Cinderace|typechange|Dark|[from] ability: Libero
|-supereffective|p1a: Ditto
|-damage|p1a: Ditto|0 fnt
|faint|p1a: Ditto
|
|upkeep
|
|t:|1611527494
|switch|p1a: Tapu Fini|Tapu Fini|100/100
|-damage|p1a: Tapu Fini|88/100|[from] Stealth Rock
|-fieldstart|move: Misty Terrain|[from] ability: Misty Surge|[of] p1a: Tapu Fini
|turn|16
|
|t:|1611527499
|switch|p1a: Landorus|Landorus-Therian, M|88/100
|-damage|p1a: Landorus|75/100|[from] Stealth Rock
|-ability|p1a: Landorus|Intimidate|boost
|-unboost|p2a: Cinderace|atk|1
|move|p2a: Cinderace|Zen Headbutt|p1a: Landorus
|-start|p2a: Cinderace|typechange|Psychic|[from] ability: Libero
|-damage|p1a: Landorus|44/100
|
|-heal|p1a: Landorus|50/100|[from] item: Leftovers
|upkeep
|turn|17
|
|t:|1611527507
|move|p2a: Cinderace|Bulk Up|p2a: Cinderace
|-start|p2a: Cinderace|typechange|Fighting|[from] ability: Libero
|-boost|p2a: Cinderace|atk|1
|-boost|p2a: Cinderace|def|1
|move|p1a: Landorus|Knock Off|p2a: Cinderace
|-resisted|p2a: Cinderace
|-damage|p2a: Cinderace|82/100
|-enditem|p2a: Cinderace|Heavy-Duty Boots|[from] move: Knock Off|[of] p1a: Landorus
|
|-heal|p1a: Landorus|56/100|[from] item: Leftovers
|upkeep
|turn|18
|
|t:|1611527511
|move|p2a: Cinderace|Bulk Up|p2a: Cinderace
|-boost|p2a: Cinderace|atk|1
|-boost|p2a: Cinderace|def|1
|move|p1a: Landorus|Earthquake|p2a: Cinderace
|-damage|p2a: Cinderace|39/100
|
|-heal|p1a: Landorus|62/100|[from] item: Leftovers
|upkeep
|turn|19
|
|t:|1611527519
|move|p2a: Cinderace|Pyro Ball|p1a: Landorus
|-start|p2a: Cinderace|typechange|Fire|[from] ability: Libero
|-damage|p1a: Landorus|0 fnt
|faint|p1a: Landorus
|
|upkeep
|
|t:|1611527522
|switch|p1a: Tapu Fini|Tapu Fini|88/100
|-damage|p1a: Tapu Fini|76/100|[from] Stealth Rock
|turn|20
|
|t:|1611527524
|move|p2a: Cinderace|Zen Headbutt|p1a: Tapu Fini
|-start|p2a: Cinderace|typechange|Psychic|[from] ability: Libero
|-damage|p1a: Tapu Fini|6/100
|move|p1a: Tapu Fini|Surf|p2a: Cinderace
|-crit|p2a: Cinderace
|-damage|p2a: Cinderace|0 fnt
|faint|p2a: Cinderace
|
|win|FerdinandBardamu
