|html|<div class="broadcast-blue"><strong>[Gen 8] OU is currently suspecting Melmetal! For information on how to participate check out the <a href="https://www.smogon.com/forums/threads/np-ss-ou-suspect-process-round-12-monster-mash.3709234/">suspect thread</a>.</strong></div>
|j|☆PRUMURP
|j|☆HQSTest
|t:|1665995506
|gametype|singles
|player|p1|PRUMURP|pokekid|1538
|player|p2|HQSTest|veteranf|1659
|teamsize|p1|6
|teamsize|p2|6
|gen|8
|tier|[Gen 8] OU
|rated|
|rule|Sleep Clause Mod: Limit one foe put to sleep
|rule|Species Clause: Limit one of each Pokémon
|rule|OHKO Clause: OHKO moves are banned
|rule|Evasion Items Clause: Evasion items are banned
|rule|Evasion Moves Clause: Evasion moves are banned
|rule|Endless Battle Clause: Forcing endless battles is banned
|rule|HP Percentage Mod: HP is shown in percentages
|rule|Dynamax Clause: You cannot dynamax
|clearpoke
|poke|p1|Zapdos|
|poke|p1|Weavile, F|
|poke|p1|Kartana|
|poke|p1|Landorus-Therian, M|
|poke|p1|Volcanion|
|poke|p1|Melmetal|
|poke|p2|Heatran, F|
|poke|p2|Mew|
|poke|p2|Blaziken, M|
|poke|p2|Rillaboom, M|
|poke|p2|Weavile, M|
|poke|p2|Dragonite, M|
|teampreview
|inactive|Battle timer is ON: inactive players will automatically lose when time's up. (requested by PRUMURP)
|
|t:|1665995536
|start
|switch|p1a: Weavile|Weavile, F|100/100
|switch|p2a: Heatran|Heatran, F|100/100
|-ability|p1a: Weavile|Pressure
|turn|1
|
|t:|1665995541
|switch|p1a: Landorus|Landorus-Therian, M|100/100
|-ability|p1a: Landorus|Intimidate|boost
|-unboost|p2a: Heatran|atk|1
|move|p2a: Heatran|Stealth Rock|p1a: Landorus
|-sidestart|p1: PRUMURP|move: Stealth Rock
|
|upkeep
|turn|2
|
|t:|1665995549
|move|p2a: Heatran|Magma Storm|p1a: Landorus
|-damage|p1a: Landorus|61/100
|-activate|p1a: Landorus|move: Magma Storm|[of] p2a: Heatran
|move|p1a: Landorus|Defog|p2a: Heatran
|-unboost|p2a: Heatran|evasion|1
|-sideend|p1: PRUMURP|Stealth Rock|[from] move: Defog|[of] p1a: Landorus
|
|-heal|p1a: Landorus|67/100|[from] item: Leftovers
|-damage|p1a: Landorus|55/100|[from] move: Magma Storm|[partiallytrapped]
|upkeep
|turn|3
|
|t:|1665995553
|move|p2a: Heatran|Stealth Rock|p1a: Landorus
|-sidestart|p1: PRUMURP|move: Stealth Rock
|move|p1a: Landorus|Stealth Rock|p2a: Heatran
|-sidestart|p2: HQSTest|move: Stealth Rock
|
|-heal|p1a: Landorus|61/100|[from] item: Leftovers
|-damage|p1a: Landorus|48/100|[from] move: Magma Storm|[partiallytrapped]
|upkeep
|turn|4
|
|t:|1665995558
|move|p2a: Heatran|Magma Storm|p1a: Landorus
|-damage|p1a: Landorus|11/100
|move|p1a: Landorus|Earthquake|p2a: Heatran
|-supereffective|p2a: Heatran
|-enditem|p2a: Heatran|Focus Sash
|-damage|p2a: Heatran|1/100
|
|-heal|p1a: Landorus|17/100|[from] item: Leftovers
|-damage|p1a: Landorus|5/100|[from] move: Magma Storm|[partiallytrapped]
|upkeep
|turn|5
|
|t:|1665995564
|move|p2a: Heatran|Steel Beam|p1a: Landorus
|-damage|p1a: Landorus|0 fnt
|-damage|p2a: Heatran|0 fnt|[from] mindblown
|faint|p2a: Heatran
|faint|p1a: Landorus
|
|upkeep
|
|t:|1665995573
|switch|p2a: Blaziken|Blaziken, M|100/100
|switch|p1a: Weavile|Weavile, F|100/100
|-damage|p1a: Weavile|76/100|[from] Stealth Rock
|-ability|p1a: Weavile|Pressure
|-damage|p2a: Blaziken|88/100|[from] Stealth Rock
|turn|6
|
|t:|1665995580
|switch|p1a: Zapdos|Zapdos|100/100
|move|p2a: Blaziken|Swords Dance|p2a: Blaziken
|-boost|p2a: Blaziken|atk|2
|
|-heal|p2a: Blaziken|94/100|[from] item: Leftovers
|-ability|p2a: Blaziken|Speed Boost|boost
|-boost|p2a: Blaziken|spe|1
|upkeep
|turn|7
|
|t:|1665995583
|move|p2a: Blaziken|Protect|p2a: Blaziken
|-singleturn|p2a: Blaziken|Protect
|move|p1a: Zapdos|Hurricane|p2a: Blaziken
|-activate|p2a: Blaziken|move: Protect
|
|-heal|p2a: Blaziken|100/100|[from] item: Leftovers
|-ability|p2a: Blaziken|Speed Boost|boost
|-boost|p2a: Blaziken|spe|1
|upkeep
|turn|8
|
|t:|1665995590
|move|p2a: Blaziken|Flare Blitz|p1a: Zapdos
|-damage|p1a: Zapdos|0 fnt
|faint|p1a: Zapdos
|-damage|p2a: Blaziken|69/100|[from] Recoil
|
|-heal|p2a: Blaziken|75/100|[from] item: Leftovers
|-ability|p2a: Blaziken|Speed Boost|boost
|-boost|p2a: Blaziken|spe|1
|upkeep
|
|t:|1665995603
|switch|p1a: Melmetal|Melmetal|100/100
|-damage|p1a: Melmetal|94/100|[from] Stealth Rock
|turn|9
|
|t:|1665995606
|move|p2a: Blaziken|Protect|p2a: Blaziken
|-singleturn|p2a: Blaziken|Protect
|move|p1a: Melmetal|Double Iron Bash|p2a: Blaziken
|-activate|p2a: Blaziken|move: Protect
|
|-heal|p2a: Blaziken|82/100|[from] item: Leftovers
|-ability|p2a: Blaziken|Speed Boost|boost
|-boost|p2a: Blaziken|spe|1
|upkeep
|turn|10
|
|t:|1665995610
|move|p2a: Blaziken|Close Combat|p1a: Melmetal
|-supereffective|p1a: Melmetal
|-damage|p1a: Melmetal|0 fnt
|-unboost|p2a: Blaziken|def|1
|-unboost|p2a: Blaziken|spd|1
|faint|p1a: Melmetal
|
|-heal|p2a: Blaziken|88/100|[from] item: Leftovers
|-ability|p2a: Blaziken|Speed Boost|boost
|-boost|p2a: Blaziken|spe|1
|upkeep
|
|t:|1665995614
|switch|p1a: Kartana|Kartana|100/100
|-damage|p1a: Kartana|94/100|[from] Stealth Rock
|turn|11
|
|t:|1665995617
|move|p2a: Blaziken|Protect|p2a: Blaziken
|-singleturn|p2a: Blaziken|Protect
|move|p1a: Kartana|Knock Off|p2a: Blaziken
|-activate|p2a: Blaziken|move: Protect
|
|-heal|p2a: Blaziken|94/100|[from] item: Leftovers
|-ability|p2a: Blaziken|Speed Boost|boost
|-boost|p2a: Blaziken|spe|1
|upkeep
|turn|12
|
|t:|1665995620
|move|p2a: Blaziken|Flare Blitz|p1a: Kartana
|-supereffective|p1a: Kartana
|-damage|p1a: Kartana|0 fnt
|faint|p1a: Kartana
|-damage|p2a: Blaziken|70/100|[from] Recoil
|
|-heal|p2a: Blaziken|76/100|[from] item: Leftovers
|upkeep
|
|t:|1665995622
|switch|p1a: Volcanion|Volcanion|100/100
|-damage|p1a: Volcanion|76/100|[from] Stealth Rock
|turn|13
|
|t:|1665995625
|move|p2a: Blaziken|Protect|p2a: Blaziken
|-singleturn|p2a: Blaziken|Protect
|move|p1a: Volcanion|Steam Eruption|p2a: Blaziken
|-activate|p2a: Blaziken|move: Protect
|
|-heal|p2a: Blaziken|83/100|[from] item: Leftovers
|upkeep
|turn|14
|
|t:|1665995627
|move|p2a: Blaziken|Close Combat|p1a: Volcanion
|-damage|p1a: Volcanion|0 fnt
|-unboost|p2a: Blaziken|def|1
|-unboost|p2a: Blaziken|spd|1
|faint|p1a: Volcanion
|
|-heal|p2a: Blaziken|89/100|[from] item: Leftovers
|upkeep
|-message|PRUMURP forfeited.
|
|win|HQSTest
|raw|PRUMURP's rating: 1538 &rarr; <strong>1525</strong><br />(-13 for losing)
|raw|HQSTest's rating: 1659 &rarr; <strong>1672</strong><br />(+13 for winning)
|l|☆PRUMURP
