|j|☆Merrimenty
|j|☆roboPOKE
|t:|1634825821
|gametype|singles
|player|p1|Merrimenty|1|1703
|player|p2|roboPOKE|169|1687
|teamsize|p1|6
|teamsize|p2|6
|gen|8
|tier|[Gen 8] OU
|rated|
|rule|Sleep Clause Mod: Limit one foe put to sleep
|rule|Species Clause: Limit one of each Pokémon
|rule|OHKO Clause: OHKO moves are banned
|rule|Evasion Moves Clause: Evasion moves are banned
|rule|Endless Battle Clause: Forcing endless battles is banned
|rule|HP Percentage Mod: HP is shown in percentages
|rule|Dynamax Clause: You cannot dynamax
|clearpoke
|poke|p1|Melmetal|
|poke|p1|Pelipper, M|
|poke|p1|Volcanion|
|poke|p1|Seismitoad, M|
|poke|p1|Dragonite, M|
|poke|p1|Barraskewda, M|
|poke|p2|Garchomp, F|
|poke|p2|Moltres-Galar|
|poke|p2|Dragapult, M|
|poke|p2|Volcarona, M|
|poke|p2|Melmetal|
|poke|p2|Zeraora|
|teampreview
|inactive|Battle timer is ON: inactive players will automatically lose when time's up. (requested by Merrimenty)
|
|t:|1634825826
|start
|switch|p1a: Messenger|Pelipper, M, shiny|100/100
|switch|p2a: GARGOYLE|Garchomp, F, shiny|100/100
|-weather|RainDance|[from] ability: Drizzle|[of] p1a: Messenger
|turn|1
|
|t:|1634825853
|move|p2a: GARGOYLE|Draco Meteor|p1a: Messenger
|-damage|p1a: Messenger|16/100
|-unboost|p2a: GARGOYLE|spa|2
|-damage|p2a: GARGOYLE|91/100|[from] item: Life Orb
|move|p1a: Messenger|U-turn|p2a: GARGOYLE
|-damage|p2a: GARGOYLE|82/100
|-damage|p1a: Messenger|4/100|[from] ability: Rough Skin|[of] p2a: GARGOYLE
|j| 2023aa
|
|t:|1634825860
|switch|p1a: Predator|Barraskewda, M, shiny|100/100|[from]move: U-turn
|
|-weather|RainDance|[upkeep]
|upkeep
|turn|2
|
|t:|1634825864
|switch|p2a: JACK-O-LANTERN|Volcarona, M|100/100
|move|p1a: Predator|Liquidation|p2a: JACK-O-LANTERN
|-supereffective|p2a: JACK-O-LANTERN
|-damage|p2a: JACK-O-LANTERN|0 fnt
|faint|p2a: JACK-O-LANTERN
|
|-weather|RainDance|[upkeep]
|upkeep
|
|t:|1634825868
|switch|p2a: BOOGEYMAN|Dragapult, M|100/100
|turn|3
|inactive|Merrimenty has 120 seconds left.
|
|t:|1634825922
|switch|p1a: Fate|Melmetal, shiny|100/100
|switch|p2a: GARGOYLE|Garchomp, F, shiny|82/100
|
|-weather|RainDance|[upkeep]
|upkeep
|turn|4
|
|t:|1634825924
|move|p2a: GARGOYLE|Stealth Rock|p1a: Fate
|-sidestart|p1: Merrimenty|move: Stealth Rock
|move|p1a: Fate|Ice Punch|p2a: GARGOYLE
|-supereffective|p2a: GARGOYLE
|-damage|p2a: GARGOYLE|0 fnt
|-damage|p1a: Fate|88/100|[from] ability: Rough Skin|[of] p2a: GARGOYLE
|faint|p2a: GARGOYLE
|
|-weather|RainDance|[upkeep]
|upkeep
|
|t:|1634825931
|switch|p2a: FRANKENSTEIN|Melmetal, shiny|100/100
|turn|5
|
|t:|1634825936
|switch|p1a: Leviathan|Dragonite, M, shiny|100/100
|move|p2a: FRANKENSTEIN|Double Iron Bash|p1a: Leviathan
|-damage|p1a: Leviathan|79/100
|-damage|p1a: Leviathan|32/100
|-hitcount|p1a: Leviathan|2
|
|-weather|RainDance|[upkeep]
|upkeep
|turn|6
|
|t:|1634825942
|switch|p1a: King VIG|Volcanion|100/100
|-damage|p1a: King VIG|76/100|[from] Stealth Rock
|move|p2a: FRANKENSTEIN|Thunder Wave|p1a: King VIG
|-status|p1a: King VIG|par
|
|-weather|RainDance|[upkeep]
|upkeep
|turn|7
|
|t:|1634825962
|move|p2a: FRANKENSTEIN|Double Iron Bash|p1a: King VIG
|-resisted|p1a: King VIG
|-damage|p1a: King VIG|66/100 par
|-resisted|p1a: King VIG
|-damage|p1a: King VIG|55/100 par
|-hitcount|p1a: King VIG|2
|move|p1a: King VIG|Steam Eruption|p2a: FRANKENSTEIN
|-damage|p2a: FRANKENSTEIN|0 fnt
|faint|p2a: FRANKENSTEIN
|
|-weather|RainDance|[upkeep]
|upkeep
|
|t:|1634825964
|switch|p2a: DRACULA|Moltres-Galar|100/100
|turn|8
|
|t:|1634825977
|move|p2a: DRACULA|Fiery Wrath|p1a: King VIG
|-damage|p1a: King VIG|0 fnt
|faint|p1a: King VIG
|
|-weather|none
|upkeep
|
|t:|1634825981
|switch|p1a: Fate|Melmetal, shiny|88/100
|-damage|p1a: Fate|82/100|[from] Stealth Rock
|turn|9
|
|t:|1634825985
|move|p2a: DRACULA|Fiery Wrath|p1a: Fate
|-damage|p1a: Fate|56/100
|move|p1a: Fate|Double Iron Bash|p2a: DRACULA
|-damage|p2a: DRACULA|49/100
|-damage|p2a: DRACULA|1/100
|-hitcount|p2a: DRACULA|2
|-ability|p2a: DRACULA|Berserk|boost
|-boost|p2a: DRACULA|spa|1
|
|upkeep
|turn|10
|
|t:|1634825991
|switch|p1a: Leviathan|Dragonite, M, shiny|32/100
|move|p2a: DRACULA|Fiery Wrath|p1a: Leviathan
|-damage|p1a: Leviathan|0 fnt
|faint|p1a: Leviathan
|
|upkeep
|
|t:|1634825993
|switch|p1a: Predator|Barraskewda, M, shiny|100/100
|-damage|p1a: Predator|88/100|[from] Stealth Rock
|turn|11
|
|t:|1634825997
|move|p1a: Predator|Liquidation|p2a: DRACULA
|-damage|p2a: DRACULA|0 fnt
|faint|p2a: DRACULA
|
|upkeep
|
|t:|1634826002
|switch|p2a: BOOGEYMAN|Dragapult, M|100/100
|turn|12
|
|t:|1634826005
|switch|p1a: Messenger|Pelipper, M, shiny|4/100
|-damage|p1a: Messenger|0 fnt|[from] Stealth Rock
|faint|p1a: Messenger
|move|p2a: BOOGEYMAN|Dragon Dance|p2a: BOOGEYMAN
|-boost|p2a: BOOGEYMAN|atk|1
|-boost|p2a: BOOGEYMAN|spe|1
|
|upkeep
|
|t:|1634826010
|switch|p1a: Fate|Melmetal, shiny|56/100
|-damage|p1a: Fate|50/100|[from] Stealth Rock
|turn|13
|
|t:|1634826013
|move|p2a: BOOGEYMAN|Phantom Force||[still]
|-prepare|p2a: BOOGEYMAN|Phantom Force
|move|p1a: Fate|Double Iron Bash|p2a: BOOGEYMAN|[miss]
|-miss|p1a: Fate|p2a: BOOGEYMAN
|
|upkeep
|turn|14
|
|t:|1634826016
|move|p2a: BOOGEYMAN|Phantom Force|p1a: Fate|[from]lockedmove
|-damage|p1a: Fate|0 fnt
|faint|p1a: Fate
|-damage|p2a: BOOGEYMAN|91/100|[from] item: Life Orb
|
|upkeep
|-message|Merrimenty forfeited.
|
|win|roboPOKE
|raw|Merrimenty's rating: 1703 &rarr; <strong>1682</strong><br />(-21 for losing)
|raw|roboPOKE's rating: 1687 &rarr; <strong>1708</strong><br />(+21 for winning)
|l|☆Merrimenty
