|j|☆DarkAura9
|j|☆Huskothy
|t:|1667177910
|gametype|singles
|player|p1|DarkAura9|harlequin|1599
|player|p2|Huskothy|lucas|1722
|teamsize|p1|6
|teamsize|p2|6
|gen|8
|tier|[Gen 8] OU
|rated|
|rule|Sleep Clause Mod: Limit one foe put to sleep
|rule|Species Clause: Limit one of each Pokémon
|rule|OHKO Clause: OHKO moves are banned
|rule|Evasion Items Clause: Evasion items are banned
|rule|Evasion Moves Clause: Evasion moves are banned
|rule|Endless Battle Clause: Forcing endless battles is banned
|rule|HP Percentage Mod: HP is shown in percentages
|rule|Dynamax Clause: You cannot dynamax
|clearpoke
|poke|p1|Tapu Koko|
|poke|p1|Victini|
|poke|p1|Ferrothorn, M|
|poke|p1|Landorus-Therian, M|
|poke|p1|Slowbro, M|
|poke|p1|Bisharp, M|
|poke|p2|Aerodactyl, M|
|poke|p2|Tornadus-Therian, M|
|poke|p2|Scizor, M|
|poke|p2|Garchomp, F|
|poke|p2|Rotom-Wash|
|poke|p2|Dragapult, M|
|teampreview
|inactive|Battle timer is ON: inactive players will automatically lose when time's up. (requested by DarkAura9)
|
|t:|1667177928
|start
|switch|p1a: Slowbro|Slowbro, M|100/100
|switch|p2a: Dragapult|Dragapult, M|100/100
|turn|1
|
|t:|1667177936
|move|p2a: Dragapult|Will-O-Wisp|p1a: Slowbro
|-status|p1a: Slowbro|brn
|move|p1a: Slowbro|Teleport|p1a: Slowbro
|
|t:|1667177959
|switch|p1a: Tapu Koko|Tapu Koko|100/100|[from]move: Teleport
|-fieldstart|move: Electric Terrain|[from] ability: Electric Surge|[of] p1a: Tapu Koko
|
|upkeep
|turn|2
|
|t:|1667177965
|move|p2a: Dragapult|U-turn|p1a: Tapu Koko
|-resisted|p1a: Tapu Koko
|-damage|p1a: Tapu Koko|89/100
|
|t:|1667177971
|switch|p2a: Scizor|Scizor, M|100/100|[from]move: U-turn
|move|p1a: Tapu Koko|Dazzling Gleam|p2a: Scizor
|-resisted|p2a: Scizor
|-damage|p2a: Scizor|82/100
|
|upkeep
|turn|3
|
|t:|1667177977
|switch|p1a: Landorus|Landorus-Therian, M|100/100
|-ability|p1a: Landorus|Intimidate|boost
|-unboost|p2a: Scizor|atk|1
|switch|p2a: Garchomp|Garchomp, F|100/100
|
|upkeep
|turn|4
|
|t:|1667177980
|move|p2a: Garchomp|Toxic|p1a: Landorus
|-status|p1a: Landorus|tox
|move|p1a: Landorus|Toxic|p2a: Garchomp
|-status|p2a: Garchomp|tox
|
|-damage|p2a: Garchomp|94/100 tox|[from] psn
|-damage|p1a: Landorus|94/100 tox|[from] psn
|upkeep
|turn|5
|
|t:|1667177986
|switch|p2a: Rotom|Rotom-Wash|100/100
|move|p1a: Landorus|Stealth Rock|p2a: Rotom
|-sidestart|p2: Huskothy|move: Stealth Rock
|
|-heal|p1a: Landorus|100/100 tox|[from] item: Leftovers
|-damage|p1a: Landorus|88/100 tox|[from] psn
|-fieldend|move: Electric Terrain
|upkeep
|turn|6
|
|t:|1667177993
|switch|p1a: Slowbro|Slowbro, M|100/100 brn
|move|p2a: Rotom|Defog|p1a: Slowbro
|-unboost|p1a: Slowbro|evasion|1
|-sideend|p2: Huskothy|Stealth Rock|[from] move: Defog|[of] p2a: Rotom
|
|-damage|p1a: Slowbro|94/100 brn|[from] brn
|upkeep
|turn|7
|
|t:|1667177997
|move|p2a: Rotom|Volt Switch|p1a: Slowbro
|-supereffective|p1a: Slowbro
|-damage|p1a: Slowbro|59/100 brn
|
|t:|1667178000
|switch|p2a: Tornadus|Tornadus-Therian, M|100/100|[from]move: Volt Switch
|move|p1a: Slowbro|Future Sight|p2a: Tornadus
|-start|p1a: Slowbro|move: Future Sight
|
|-damage|p1a: Slowbro|53/100 brn|[from] brn
|upkeep
|turn|8
|
|t:|1667178007
|move|p2a: Tornadus|Knock Off|p1a: Slowbro
|-supereffective|p1a: Slowbro
|-damage|p1a: Slowbro|19/100 brn
|-enditem|p1a: Slowbro|Heavy-Duty Boots|[from] move: Knock Off|[of] p2a: Tornadus
|move|p1a: Slowbro|Teleport|p1a: Slowbro
|
|t:|1667178016
|switch|p1a: Tapu Koko|Tapu Koko|89/100|[from]move: Teleport
|-fieldstart|move: Electric Terrain|[from] ability: Electric Surge|[of] p1a: Tapu Koko
|
|upkeep
|turn|9
|
|t:|1667178019
|move|p1a: Tapu Koko|Thunderbolt|p2a: Tornadus
|-supereffective|p2a: Tornadus
|-damage|p2a: Tornadus|34/100
|move|p2a: Tornadus|U-turn|p1a: Tapu Koko
|-resisted|p1a: Tapu Koko
|-damage|p1a: Tapu Koko|78/100
|
|t:|1667178024
|switch|p2a: Scizor|Scizor, M|82/100|[from]move: U-turn
|
|-end|p2a: Scizor|move: Future Sight
|-resisted|p2a: Scizor
|-damage|p2a: Scizor|61/100
|upkeep
|turn|10
|
|t:|1667178032
|move|p2a: Scizor|Bullet Punch|p1a: Tapu Koko
|-damage|p1a: Tapu Koko|40/100
|move|p1a: Tapu Koko|Thunderbolt|p2a: Scizor
|-damage|p2a: Scizor|7/100
|
|upkeep
|turn|11
|
|t:|1667178039
|switch|p1a: Ferrothorn|Ferrothorn, M|100/100
|move|p2a: Scizor|Roost|p2a: Scizor
|-heal|p2a: Scizor|57/100
|-singleturn|p2a: Scizor|move: Roost
|
|upkeep
|turn|12
|
|t:|1667178043
|switch|p1a: Landorus|Landorus-Therian, M|88/100 tox
|-ability|p1a: Landorus|Intimidate|boost
|-unboost|p2a: Scizor|atk|1
|move|p2a: Scizor|U-turn|p1a: Landorus
|-resisted|p1a: Landorus
|-damage|p1a: Landorus|80/100 tox
|
|t:|1667178048
|switch|p2a: Aerodactyl|Aerodactyl, M|100/100|[from]move: U-turn
|-ability|p2a: Aerodactyl|Pressure
|
|-heal|p1a: Landorus|86/100 tox|[from] item: Leftovers
|-damage|p1a: Landorus|80/100 tox|[from] psn
|-fieldend|move: Electric Terrain
|upkeep
|turn|13
|
|t:|1667178051
|move|p2a: Aerodactyl|Stone Edge|p1a: Landorus
|-damage|p1a: Landorus|20/100 tox
|move|p1a: Landorus|Stealth Rock|p2a: Aerodactyl
|-sidestart|p2: Huskothy|move: Stealth Rock
|
|-heal|p1a: Landorus|26/100 tox|[from] item: Leftovers
|-damage|p1a: Landorus|14/100 tox|[from] psn
|upkeep
|turn|14
|
|t:|1667178060
|switch|p2a: Tornadus|Tornadus-Therian, M|67/100
|-damage|p2a: Tornadus|42/100|[from] Stealth Rock
|switch|p1a: Ferrothorn|Ferrothorn, M|100/100
|
|upkeep
|turn|15
|
|t:|1667178066
|switch|p1a: Slowbro|Slowbro, M|52/100 brn
|move|p2a: Tornadus|Heat Wave|p1a: Slowbro
|-resisted|p1a: Slowbro
|-damage|p1a: Slowbro|44/100 brn
|
|-damage|p1a: Slowbro|38/100 brn|[from] brn
|upkeep
|turn|16
|
|t:|1667178082
|switch|p1a: Landorus|Landorus-Therian, M|14/100 tox
|-ability|p1a: Landorus|Intimidate|boost
|-unboost|p2a: Tornadus|atk|1
|move|p2a: Tornadus|Hurricane|p1a: Landorus
|-damage|p1a: Landorus|0 fnt
|faint|p1a: Landorus
|
|upkeep
|
|t:|1667178094
|switch|p1a: Tapu Koko|Tapu Koko|40/100
|-fieldstart|move: Electric Terrain|[from] ability: Electric Surge|[of] p1a: Tapu Koko
|turn|17
|
|t:|1667178098
|switch|p2a: Garchomp|Garchomp, F|94/100 tox
|-damage|p2a: Garchomp|88/100 tox|[from] Stealth Rock
|move|p1a: Tapu Koko|Thunderbolt|p2a: Garchomp
|-immune|p2a: Garchomp
|
|-heal|p2a: Garchomp|94/100 tox|[from] item: Leftovers
|-damage|p2a: Garchomp|88/100 tox|[from] psn
|upkeep
|turn|18
|
|t:|1667178105
|switch|p1a: Slowbro|Slowbro, M|71/100 brn
|switch|p2a: Rotom|Rotom-Wash|100/100
|-damage|p2a: Rotom|88/100|[from] Stealth Rock
|
|-heal|p2a: Rotom|94/100|[from] item: Leftovers
|-damage|p1a: Slowbro|65/100 brn|[from] brn
|upkeep
|turn|19
|
|t:|1667178109
|move|p2a: Rotom|Volt Switch|p1a: Slowbro
|-supereffective|p1a: Slowbro
|-damage|p1a: Slowbro|31/100 brn
|
|t:|1667178117
|switch|p2a: Aerodactyl|Aerodactyl, M|100/100|[from]move: Volt Switch
|-damage|p2a: Aerodactyl|76/100|[from] Stealth Rock
|-ability|p2a: Aerodactyl|Pressure
|move|p1a: Slowbro|Teleport|p1a: Slowbro
|
|t:|1667178123
|switch|p1a: Ferrothorn|Ferrothorn, M|100/100|[from]move: Teleport
|
|upkeep
|turn|20
|
|t:|1667178129
|move|p2a: Aerodactyl|Fire Fang|p1a: Ferrothorn
|-supereffective|p1a: Ferrothorn
|-damage|p1a: Ferrothorn|36/100
|-damage|p2a: Aerodactyl|63/100|[from] ability: Iron Barbs|[of] p1a: Ferrothorn
|-damage|p2a: Aerodactyl|47/100|[from] item: Rocky Helmet|[of] p1a: Ferrothorn
|move|p1a: Ferrothorn|Gyro Ball|p2a: Aerodactyl
|-supereffective|p2a: Aerodactyl
|-damage|p2a: Aerodactyl|0 fnt
|faint|p2a: Aerodactyl
|
|upkeep
|
|t:|1667178139
|switch|p2a: Tornadus|Tornadus-Therian, M|76/100
|-damage|p2a: Tornadus|51/100|[from] Stealth Rock
|turn|21
|
|t:|1667178150
|switch|p1a: Slowbro|Slowbro, M|64/100 brn
|move|p2a: Tornadus|U-turn|p1a: Slowbro
|-supereffective|p1a: Slowbro
|-damage|p1a: Slowbro|41/100 brn
|
|t:|1667178152
|switch|p2a: Dragapult|Dragapult, M|100/100|[from]move: U-turn
|-damage|p2a: Dragapult|88/100|[from] Stealth Rock
|
|-damage|p1a: Slowbro|35/100 brn|[from] brn
|-fieldend|move: Electric Terrain
|upkeep
|turn|22
|
|t:|1667178165
|switch|p1a: Victini|Victini|100/100
|move|p2a: Dragapult|Hex|p1a: Victini
|-supereffective|p1a: Victini
|-crit|p1a: Victini
|-damage|p1a: Victini|5/100
|
|upkeep
|turn|23
|
|t:|1667178169
|move|p2a: Dragapult|Hex|p1a: Victini
|-supereffective|p1a: Victini
|-crit|p1a: Victini
|-damage|p1a: Victini|0 fnt
|faint|p1a: Victini
|
|upkeep
|
|t:|1667178183
|switch|p1a: Bisharp|Bisharp, M|100/100
|turn|24
|
|t:|1667178185
|move|p2a: Dragapult|Will-O-Wisp|p1a: Bisharp
|-status|p1a: Bisharp|brn
|move|p1a: Bisharp|Knock Off|p2a: Dragapult
|-supereffective|p2a: Dragapult
|-damage|p2a: Dragapult|0 fnt
|-enditem|p2a: Dragapult|Spell Tag|[from] move: Knock Off|[of] p1a: Bisharp
|faint|p2a: Dragapult
|
|-damage|p1a: Bisharp|95/100 brn|[from] brn
|upkeep
|
|t:|1667178195
|switch|p2a: Garchomp|Garchomp, F|88/100 tox
|-damage|p2a: Garchomp|82/100 tox|[from] Stealth Rock
|turn|25
|
|t:|1667178199
|switch|p1a: Slowbro|Slowbro, M|68/100 brn
|move|p2a: Garchomp|Earthquake|p1a: Slowbro
|-crit|p1a: Slowbro
|-damage|p1a: Slowbro|19/100 brn
|
|-heal|p2a: Garchomp|88/100 tox|[from] item: Leftovers
|-damage|p2a: Garchomp|82/100 tox|[from] psn
|-damage|p1a: Slowbro|13/100 brn|[from] brn
|upkeep
|turn|26
|
|t:|1667178210
|switch|p1a: Bisharp|Bisharp, M|95/100 brn
|move|p2a: Garchomp|Earthquake|p1a: Bisharp
|-supereffective|p1a: Bisharp
|-damage|p1a: Bisharp|0 fnt
|faint|p1a: Bisharp
|
|-heal|p2a: Garchomp|88/100 tox|[from] item: Leftovers
|-damage|p2a: Garchomp|76/100 tox|[from] psn
|upkeep
|
|t:|1667178212
|switch|p1a: Slowbro|Slowbro, M|46/100 brn
|turn|27
|
|t:|1667178222
|move|p2a: Garchomp|Stealth Rock|p1a: Slowbro
|-sidestart|p1: DarkAura9|move: Stealth Rock
|move|p1a: Slowbro|Slack Off|p1a: Slowbro
|-heal|p1a: Slowbro|96/100 brn
|
|-heal|p2a: Garchomp|82/100 tox|[from] item: Leftovers
|-damage|p2a: Garchomp|63/100 tox|[from] psn
|-damage|p1a: Slowbro|90/100 brn|[from] brn
|upkeep
|turn|28
|
|t:|1667178226
|switch|p2a: Rotom|Rotom-Wash|94/100
|-damage|p2a: Rotom|82/100|[from] Stealth Rock
|move|p1a: Slowbro|Future Sight|p2a: Rotom
|-start|p1a: Slowbro|move: Future Sight
|
|-heal|p2a: Rotom|88/100|[from] item: Leftovers
|-damage|p1a: Slowbro|84/100 brn|[from] brn
|upkeep
|turn|29
|
|t:|1667178231
|move|p2a: Rotom|Volt Switch|p1a: Slowbro
|-supereffective|p1a: Slowbro
|-damage|p1a: Slowbro|50/100 brn
|
|t:|1667178237
|switch|p2a: Scizor|Scizor, M|57/100|[from]move: Volt Switch
|-damage|p2a: Scizor|45/100|[from] Stealth Rock
|move|p1a: Slowbro|Scald|p2a: Scizor
|-crit|p2a: Scizor
|-damage|p2a: Scizor|4/100
|
|-damage|p1a: Slowbro|44/100 brn|[from] brn
|upkeep
|turn|30
|
|t:|1667178245
|move|p2a: Scizor|Roost|p2a: Scizor
|-heal|p2a: Scizor|54/100
|-singleturn|p2a: Scizor|move: Roost
|move|p1a: Slowbro|Scald|p2a: Scizor
|-damage|p2a: Scizor|23/100
|
|-end|p2a: Scizor|move: Future Sight
|-resisted|p2a: Scizor
|-crit|p2a: Scizor
|-damage|p2a: Scizor|0 fnt
|faint|p2a: Scizor
|-damage|p1a: Slowbro|38/100 brn|[from] brn
|upkeep
|
|t:|1667178254
|switch|p2a: Rotom|Rotom-Wash|88/100
|-damage|p2a: Rotom|75/100|[from] Stealth Rock
|turn|31
|
|t:|1667178261
|switch|p1a: Ferrothorn|Ferrothorn, M|36/100
|-damage|p1a: Ferrothorn|30/100|[from] Stealth Rock
|move|p2a: Rotom|Volt Switch|p1a: Ferrothorn
|-resisted|p1a: Ferrothorn
|-damage|p1a: Ferrothorn|19/100
|
|t:|1667178264
|switch|p2a: Garchomp|Garchomp, F|63/100 tox|[from]move: Volt Switch
|-damage|p2a: Garchomp|57/100 tox|[from] Stealth Rock
|
|-heal|p2a: Garchomp|63/100 tox|[from] item: Leftovers
|-damage|p2a: Garchomp|57/100 tox|[from] psn
|upkeep
|turn|32
|
|t:|1667178269
|move|p2a: Garchomp|Earthquake|p1a: Ferrothorn
|-damage|p1a: Ferrothorn|0 fnt
|faint|p1a: Ferrothorn
|
|-heal|p2a: Garchomp|63/100 tox|[from] item: Leftovers
|-damage|p2a: Garchomp|51/100 tox|[from] psn
|upkeep
|
|t:|1667178277
|switch|p1a: Tapu Koko|Tapu Koko|40/100
|-fieldstart|move: Electric Terrain|[from] ability: Electric Surge|[of] p1a: Tapu Koko
|turn|33
|
|t:|1667178280
|move|p1a: Tapu Koko|Dazzling Gleam|p2a: Garchomp
|-supereffective|p2a: Garchomp
|-damage|p2a: Garchomp|0 fnt
|faint|p2a: Garchomp
|
|upkeep
|
|t:|1667178287
|switch|p2a: Rotom|Rotom-Wash|75/100
|-damage|p2a: Rotom|63/100|[from] Stealth Rock
|turn|34
|
|t:|1667178295
|move|p1a: Tapu Koko|U-turn|p2a: Rotom
|-damage|p2a: Rotom|47/100
|
|t:|1667178297
|switch|p1a: Slowbro|Slowbro, M|71/100 brn|[from]move: U-turn
|-damage|p1a: Slowbro|59/100 brn|[from] Stealth Rock
|move|p2a: Rotom|Hydro Pump|p1a: Slowbro|[miss]
|-miss|p2a: Rotom|p1a: Slowbro
|
|-heal|p2a: Rotom|53/100|[from] item: Leftovers
|-damage|p1a: Slowbro|52/100 brn|[from] brn
|upkeep
|turn|35
|
|t:|1667178305
|move|p2a: Rotom|Defog|p1a: Slowbro
|-unboost|p1a: Slowbro|evasion|1
|-sideend|p1: DarkAura9|Stealth Rock|[from] move: Defog|[of] p2a: Rotom
|-sideend|p2: Huskothy|Stealth Rock|[from] move: Defog|[of] p2a: Rotom
|-fieldend|move: Electric Terrain
|move|p1a: Slowbro|Slack Off|p1a: Slowbro
|-heal|p1a: Slowbro|100/100 brn
|
|-heal|p2a: Rotom|59/100|[from] item: Leftovers
|-damage|p1a: Slowbro|94/100 brn|[from] brn
|upkeep
|turn|36
|
|t:|1667178308
|move|p2a: Rotom|Volt Switch|p1a: Slowbro
|-supereffective|p1a: Slowbro
|-damage|p1a: Slowbro|59/100 brn
|
|t:|1667178309
|switch|p2a: Tornadus|Tornadus-Therian, M|84/100|[from]move: Volt Switch
|move|p1a: Slowbro|Future Sight|p2a: Tornadus
|-start|p1a: Slowbro|move: Future Sight
|
|-damage|p1a: Slowbro|53/100 brn|[from] brn
|upkeep
|turn|37
|
|t:|1667178314
|move|p2a: Tornadus|Hurricane|p1a: Slowbro
|-crit|p1a: Slowbro
|-damage|p1a: Slowbro|7/100 brn
|move|p1a: Slowbro|Teleport|p1a: Slowbro
|
|t:|1667178318
|switch|p1a: Tapu Koko|Tapu Koko|40/100|[from]move: Teleport
|-fieldstart|move: Electric Terrain|[from] ability: Electric Surge|[of] p1a: Tapu Koko
|
|upkeep
|turn|38
|
|t:|1667178322
|move|p1a: Tapu Koko|Thunderbolt|p2a: Tornadus
|-supereffective|p2a: Tornadus
|-damage|p2a: Tornadus|16/100
|move|p2a: Tornadus|Heat Wave|p1a: Tapu Koko|[miss]
|-miss|p2a: Tornadus|p1a: Tapu Koko
|
|-end|p2a: Tornadus|move: Future Sight
|-damage|p2a: Tornadus|0 fnt
|faint|p2a: Tornadus
|upkeep
|
|t:|1667178327
|switch|p2a: Rotom|Rotom-Wash|59/100
|turn|39
|
|t:|1667178343
|move|p1a: Tapu Koko|U-turn|p2a: Rotom
|-damage|p2a: Rotom|42/100
|
|t:|1667178345
|switch|p1a: Slowbro|Slowbro, M|40/100 brn|[from]move: U-turn
|move|p2a: Rotom|Hydro Pump|p1a: Slowbro
|-resisted|p1a: Slowbro
|-damage|p1a: Slowbro|25/100 brn
|
|-heal|p2a: Rotom|48/100|[from] item: Leftovers
|-damage|p1a: Slowbro|19/100 brn|[from] brn
|upkeep
|turn|40
|
|t:|1667178361
|switch|p1a: Tapu Koko|Tapu Koko|40/100
|move|p2a: Rotom|Volt Switch|p1a: Tapu Koko
|-resisted|p1a: Tapu Koko
|-damage|p1a: Tapu Koko|20/100
|
|-heal|p2a: Rotom|54/100|[from] item: Leftovers
|upkeep
|turn|41
|
|t:|1667178382
|move|p1a: Tapu Koko|Thunderbolt|p2a: Rotom
|-damage|p2a: Rotom|11/100
|move|p2a: Rotom|Hydro Pump|p1a: Tapu Koko|[miss]
|-miss|p2a: Rotom|p1a: Tapu Koko
|
|-heal|p2a: Rotom|17/100|[from] item: Leftovers
|-fieldend|move: Electric Terrain
|upkeep
|turn|42
|c|☆DarkAura9|gg sorry
|c|☆Huskothy|it's ok
|-message|Huskothy forfeited.
|
|win|DarkAura9
|raw|DarkAura9's rating: 1599 &rarr; <strong>1626</strong><br />(+27 for winning)
|raw|Huskothy's rating: 1722 &rarr; <strong>1695</strong><br />(-27 for losing)
