|j|☆Alu9204
|j|☆ceshiのzhanghao
|t:|1656058886
|gametype|singles
|player|p1|Alu9204|burglar|1459
|player|p2|ceshiのzhanghao|caitlin|1493
|teamsize|p1|6
|teamsize|p2|6
|gen|8
|tier|[Gen 8] OU
|rated|
|rule|Sleep Clause Mod: Limit one foe put to sleep
|rule|Species Clause: Limit one of each Pokémon
|rule|OHKO Clause: OHKO moves are banned
|rule|Evasion Moves Clause: Evasion moves are banned
|rule|Endless Battle Clause: Forcing endless battles is banned
|rule|HP Percentage Mod: HP is shown in percentages
|rule|Dynamax Clause: You cannot dynamax
|clearpoke
|poke|p1|Landorus-Therian, M|
|poke|p1|Heatran, F|
|poke|p1|Dragonite, F|
|poke|p1|Clefable, F|
|poke|p1|Ferrothorn, F|
|poke|p1|Tapu Koko|
|poke|p2|Clefable, M|
|poke|p2|Tornadus-Therian, M|
|poke|p2|Nidoking, M|
|poke|p2|Slowking, F|
|poke|p2|Urshifu-*, F|
|poke|p2|Ferrothorn, F|
|teampreview
|inactive|Battle timer is ON: inactive players will automatically lose when time's up. (requested by ceshiのzhanghao)
|
|t:|1656058905
|start
|switch|p1a: Heatran|Heatran, F, shiny|100/100
|switch|p2a: Tornadus|Tornadus-Therian, M|100/100
|-item|p1a: Heatran|Air Balloon
|turn|1
|
|t:|1656058921
|move|p2a: Tornadus|U-turn|p1a: Heatran
|-resisted|p1a: Heatran
|-damage|p1a: Heatran|97/100
|-enditem|p1a: Heatran|Air Balloon
|
|t:|1656058922
|switch|p2a: Slowking|Slowking, F|100/100|[from]move: U-turn
|move|p1a: Heatran|Magma Storm|p2a: Slowking
|-resisted|p2a: Slowking
|-damage|p2a: Slowking|84/100
|-activate|p2a: Slowking|move: Magma Storm|[of] p1a: Heatran
|
|-damage|p2a: Slowking|72/100|[from] move: Magma Storm|[partiallytrapped]
|upkeep
|turn|2
|
|t:|1656058929
|move|p1a: Heatran|Taunt|p2a: Slowking
|-start|p2a: Slowking|move: Taunt
|move|p2a: Slowking|Scald|p1a: Heatran
|-supereffective|p1a: Heatran
|-damage|p1a: Heatran|40/100
|
|-damage|p2a: Slowking|59/100|[from] move: Magma Storm|[partiallytrapped]
|upkeep
|turn|3
|
|t:|1656058935
|move|p1a: Heatran|Stealth Rock|p2a: Slowking
|-sidestart|p2: ceshiのzhanghao|move: Stealth Rock
|move|p2a: Slowking|Scald|p1a: Heatran
|-supereffective|p1a: Heatran
|-damage|p1a: Heatran|0 fnt
|faint|p1a: Heatran
|
|-end|p2a: Slowking|Magma Storm|[partiallytrapped]|[silent]
|upkeep
|
|t:|1656058949
|switch|p1a: Ferrothorn|Ferrothorn, F|100/100
|turn|4
|
|t:|1656058971
|switch|p2a: Ferrothorn|Ferrothorn, F|100/100
|-damage|p2a: Ferrothorn|94/100|[from] Stealth Rock
|move|p1a: Ferrothorn|Spikes|p2a: Ferrothorn
|-sidestart|p2: ceshiのzhanghao|Spikes
|
|upkeep
|turn|5
|
|t:|1656058977
|move|p1a: Ferrothorn|Knock Off|p2a: Ferrothorn
|-damage|p2a: Ferrothorn|82/100
|-damage|p1a: Ferrothorn|88/100|[from] ability: Iron Barbs|[of] p2a: Ferrothorn
|-damage|p1a: Ferrothorn|72/100|[from] item: Rocky Helmet|[of] p2a: Ferrothorn
|-enditem|p2a: Ferrothorn|Rocky Helmet|[from] move: Knock Off|[of] p1a: Ferrothorn
|move|p2a: Ferrothorn|Spikes|p1a: Ferrothorn
|-sidestart|p1: Alu9204|Spikes
|
|upkeep
|turn|6
|
|t:|1656058986
|move|p1a: Ferrothorn|Body Press|p2a: Ferrothorn
|-supereffective|p2a: Ferrothorn
|-damage|p2a: Ferrothorn|50/100
|-damage|p1a: Ferrothorn|59/100|[from] ability: Iron Barbs|[of] p2a: Ferrothorn
|move|p2a: Ferrothorn|Spikes|p1a: Ferrothorn
|-sidestart|p1: Alu9204|Spikes
|
|upkeep
|turn|7
|
|t:|1656058994
|move|p1a: Ferrothorn|Body Press|p2a: Ferrothorn
|-supereffective|p2a: Ferrothorn
|-damage|p2a: Ferrothorn|15/100
|-damage|p1a: Ferrothorn|47/100|[from] ability: Iron Barbs|[of] p2a: Ferrothorn
|move|p2a: Ferrothorn|Body Press|p1a: Ferrothorn
|-supereffective|p1a: Ferrothorn
|-damage|p1a: Ferrothorn|9/100
|-damage|p2a: Ferrothorn|3/100|[from] ability: Iron Barbs|[of] p1a: Ferrothorn
|-damage|p2a: Ferrothorn|0 fnt|[from] item: Rocky Helmet|[of] p1a: Ferrothorn
|faint|p2a: Ferrothorn
|
|upkeep
|
|t:|1656058999
|switch|p2a: Nidoking|Nidoking, M|100/100
|-damage|p2a: Nidoking|95/100|[from] Stealth Rock
|-damage|p2a: Nidoking|82/100|[from] Spikes
|turn|8
|
|t:|1656059005
|move|p2a: Nidoking|Ice Beam|p1a: Ferrothorn
|-damage|p1a: Ferrothorn|0 fnt
|faint|p1a: Ferrothorn
|
|upkeep
|
|t:|1656059010
|switch|p1a: Landorus|Landorus-Therian, M|100/100
|-ability|p1a: Landorus|Intimidate|boost
|-unboost|p2a: Nidoking|atk|1
|turn|9
|
|t:|1656059027
|switch|p2a: Tornadus|Tornadus-Therian, M|100/100
|move|p1a: Landorus|U-turn|p2a: Tornadus
|-resisted|p2a: Tornadus
|-damage|p2a: Tornadus|89/100
|
|t:|1656059034
|switch|p1a: Tapu Koko|Tapu Koko|100/100|[from]move: U-turn
|-fieldstart|move: Electric Terrain|[from] ability: Electric Surge|[of] p1a: Tapu Koko
|
|upkeep
|turn|10
|
|t:|1656059043
|move|p1a: Tapu Koko|Dazzling Gleam|p2a: Tornadus
|-damage|p2a: Tornadus|58/100
|move|p2a: Tornadus|Icy Wind|p1a: Tapu Koko
|-damage|p1a: Tapu Koko|81/100
|-unboost|p1a: Tapu Koko|spe|1
|
|upkeep
|turn|11
|
|t:|1656059052
|move|p2a: Tornadus|U-turn|p1a: Tapu Koko
|-resisted|p1a: Tapu Koko
|-damage|p1a: Tapu Koko|72/100
|
|t:|1656059054
|switch|p2a: Clefable|Clefable, M|100/100|[from]move: U-turn
|move|p1a: Tapu Koko|Thunderbolt|p2a: Clefable
|-damage|p2a: Clefable|62/100
|
|-heal|p2a: Clefable|68/100|[from] item: Leftovers
|upkeep
|turn|12
|
|t:|1656059064
|move|p1a: Tapu Koko|Calm Mind|p1a: Tapu Koko
|-boost|p1a: Tapu Koko|spa|1
|-boost|p1a: Tapu Koko|spd|1
|move|p2a: Clefable|Soft-Boiled|p2a: Clefable
|-heal|p2a: Clefable|100/100
|
|upkeep
|turn|13
|
|t:|1656059070
|move|p1a: Tapu Koko|Calm Mind|p1a: Tapu Koko
|-boost|p1a: Tapu Koko|spa|1
|-boost|p1a: Tapu Koko|spd|1
|move|p2a: Clefable|Moonblast|p1a: Tapu Koko
|-crit|p1a: Tapu Koko
|-damage|p1a: Tapu Koko|1/100
|
|-fieldend|move: Electric Terrain
|upkeep
|turn|14
|
|t:|1656059080
|move|p1a: Tapu Koko|Thunderbolt|p2a: Clefable
|-damage|p2a: Clefable|39/100
|move|p2a: Clefable|Moonblast|p1a: Tapu Koko
|-damage|p1a: Tapu Koko|0 fnt
|faint|p1a: Tapu Koko
|
|-heal|p2a: Clefable|46/100|[from] item: Leftovers
|upkeep
|
|t:|1656059087
|switch|p1a: Landorus|Landorus-Therian, M|100/100
|-ability|p1a: Landorus|Intimidate|boost
|-unboost|p2a: Clefable|atk|1
|turn|15
|
|t:|1656059097
|move|p1a: Landorus|Earthquake|p2a: Clefable
|-damage|p2a: Clefable|0 fnt
|faint|p2a: Clefable
|
|upkeep
|
|t:|1656059105
|switch|p2a: Urshifu|Urshifu-Rapid-Strike, F|100/100
|-damage|p2a: Urshifu|94/100|[from] Stealth Rock
|-damage|p2a: Urshifu|82/100|[from] Spikes
|turn|16
|
|t:|1656059114
|move|p2a: Urshifu|Surging Strikes|p1a: Landorus
|-supereffective|p1a: Landorus
|-crit|p1a: Landorus
|-damage|p1a: Landorus|69/100
|-damage|p2a: Urshifu|66/100|[from] item: Rocky Helmet|[of] p1a: Landorus
|-supereffective|p1a: Landorus
|-crit|p1a: Landorus
|-damage|p1a: Landorus|36/100
|-damage|p2a: Urshifu|49/100|[from] item: Rocky Helmet|[of] p1a: Landorus
|-supereffective|p1a: Landorus
|-crit|p1a: Landorus
|-damage|p1a: Landorus|3/100
|-damage|p2a: Urshifu|33/100|[from] item: Rocky Helmet|[of] p1a: Landorus
|-hitcount|p1a: Landorus|3
|move|p1a: Landorus|Explosion|p2a: Urshifu
|-damage|p2a: Urshifu|0 fnt
|faint|p1a: Landorus
|faint|p2a: Urshifu
|
|upkeep
|
|t:|1656059123
|switch|p2a: Tornadus|Tornadus-Therian, M|91/100
|switch|p1a: Dragonite|Dragonite, F|100/100
|turn|17
|
|t:|1656059127
|move|p2a: Tornadus|Icy Wind|p1a: Dragonite
|-supereffective|p1a: Dragonite
|-damage|p1a: Dragonite|72/100
|-unboost|p1a: Dragonite|spe|1
|move|p1a: Dragonite|Dragon Dance|p1a: Dragonite
|-boost|p1a: Dragonite|atk|1
|-boost|p1a: Dragonite|spe|1
|
|upkeep
|turn|18
|
|t:|1656059131
|move|p2a: Tornadus|Icy Wind|p1a: Dragonite
|-supereffective|p1a: Dragonite
|-damage|p1a: Dragonite|11/100
|-unboost|p1a: Dragonite|spe|1
|move|p1a: Dragonite|Roost|p1a: Dragonite
|-heal|p1a: Dragonite|61/100
|-singleturn|p1a: Dragonite|move: Roost
|
|upkeep
|turn|19
|
|t:|1656059137
|move|p2a: Tornadus|Icy Wind|p1a: Dragonite
|-supereffective|p1a: Dragonite
|-damage|p1a: Dragonite|0 fnt
|faint|p1a: Dragonite
|
|upkeep
|
|t:|1656059140
|switch|p1a: Clefable|Clefable, F, shiny|100/100
|turn|20
|
|t:|1656059146
|move|p2a: Tornadus|Icy Wind|p1a: Clefable
|-damage|p1a: Clefable|90/100
|-unboost|p1a: Clefable|spe|1
|move|p1a: Clefable|Trick|p2a: Tornadus
|-activate|p1a: Clefable|move: Trick|[of] p2a: Tornadus
|-item|p2a: Tornadus|Sticky Barb|[from] move: Trick
|-item|p1a: Clefable|Heavy-Duty Boots|[from] move: Trick
|
|-damage|p2a: Tornadus|78/100|[from] item: Sticky Barb
|upkeep
|turn|21
|
|t:|1656059156
|move|p2a: Tornadus|Icy Wind|p1a: Clefable
|-damage|p1a: Clefable|80/100
|-unboost|p1a: Clefable|spe|1
|move|p1a: Clefable|Soft-Boiled|p1a: Clefable
|-heal|p1a: Clefable|100/100
|
|-damage|p2a: Tornadus|66/100|[from] item: Sticky Barb
|upkeep
|turn|22
|
|t:|1656059164
|move|p2a: Tornadus|Icy Wind|p1a: Clefable
|-damage|p1a: Clefable|90/100
|-unboost|p1a: Clefable|spe|1
|move|p1a: Clefable|Thunder Wave|p2a: Tornadus
|-status|p2a: Tornadus|par
|
|-damage|p2a: Tornadus|53/100 par|[from] item: Sticky Barb
|upkeep
|turn|23
|
|t:|1656059167
|move|p2a: Tornadus|Icy Wind|p1a: Clefable
|-damage|p1a: Clefable|81/100
|-unboost|p1a: Clefable|spe|1
|move|p1a: Clefable|Soft-Boiled|p1a: Clefable
|-heal|p1a: Clefable|100/100
|
|-damage|p2a: Tornadus|41/100 par|[from] item: Sticky Barb
|upkeep
|turn|24
|
|t:|1656059171
|move|p2a: Tornadus|Icy Wind|p1a: Clefable
|-damage|p1a: Clefable|90/100
|-unboost|p1a: Clefable|spe|1
|move|p1a: Clefable|Moonblast|p2a: Tornadus
|-damage|p2a: Tornadus|11/100 par
|
|-damage|p2a: Tornadus|0 fnt|[from] item: Sticky Barb
|faint|p2a: Tornadus
|upkeep
|
|t:|1656059174
|switch|p2a: Nidoking|Nidoking, M|82/100
|-damage|p2a: Nidoking|76/100|[from] Stealth Rock
|-damage|p2a: Nidoking|64/100|[from] Spikes
|turn|25
|
|t:|1656059180
|move|p2a: Nidoking|Sludge Wave|p1a: Clefable
|-supereffective|p1a: Clefable
|-damage|p1a: Clefable|0 fnt
|faint|p1a: Clefable
|
|win|ceshiのzhanghao
|raw|Alu9204's rating: 1459 &rarr; <strong>1441</strong><br />(-18 for losing)
|raw|ceshiのzhanghao's rating: 1493 &rarr; <strong>1511</strong><br />(+18 for winning)
|l|☆Alu9204
