|j|☆outd blundar
|j|☆minimax_ai
|t:|1667956801
|gametype|singles
|player|p1|outd blundar|265|1601
|player|p2|minimax_ai|169|1639
|teamsize|p1|6
|teamsize|p2|6
|gen|8
|tier|[Gen 8] OU
|rated|
|rule|Sleep Clause Mod: Limit one foe put to sleep
|rule|Species Clause: Limit one of each Pokémon
|rule|OHKO Clause: OHKO moves are banned
|rule|Evasion Items Clause: Evasion items are banned
|rule|Evasion Moves Clause: Evasion moves are banned
|rule|Endless Battle Clause: Forcing endless battles is banned
|rule|HP Percentage Mod: HP is shown in percentages
|rule|Dynamax Clause: You cannot dynamax
|clearpoke
|poke|p1|Ribombee, M|
|poke|p1|Zapdos|
|poke|p1|Volcarona, M|
|poke|p1|Heatran, M|
|poke|p1|Polteageist|
|poke|p1|Slowking, M|
|poke|p2|Rotom-Wash|
|poke|p2|Weavile, M|
|poke|p2|Landorus-Therian, M|
|poke|p2|Heatran, M|
|poke|p2|Tangrowth, F|
|poke|p2|Melmetal|
|teampreview
|c|☆minimax_ai|hf
|inactive|Battle timer is ON: inactive players will automatically lose when time's up. (requested by minimax_ai)
|
|t:|1667956813
|start
|switch|p1a: Ribombee|Ribombee, M|100/100
|switch|p2a: Heatran|Heatran, M|100/100
|-item|p2a: Heatran|Air Balloon
|turn|1
|
|t:|1667956819
|switch|p1a: Slowking|Slowking, M|100/100
|move|p2a: Heatran|Stealth Rock|p1a: Slowking
|-sidestart|p1: outd blundar|move: Stealth Rock
|
|upkeep
|turn|2
|
|t:|1667956823
|switch|p2a: Weavile|Weavile, M|100/100
|-ability|p2a: Weavile|Pressure
|move|p1a: Slowking|Amnesia|p1a: Slowking
|-boost|p1a: Slowking|spd|2
|
|upkeep
|turn|3
|
|t:|1667956825
|switch|p1a: Heatran|Heatran, M|100/100
|-damage|p1a: Heatran|88/100|[from] Stealth Rock
|move|p2a: Weavile|Knock Off|p1a: Heatran
|-damage|p1a: Heatran|48/100
|-damage|p2a: Weavile|84/100|[from] item: Rocky Helmet|[of] p1a: Heatran
|-enditem|p1a: Heatran|Rocky Helmet|[from] move: Knock Off|[of] p2a: Weavile
|
|upkeep
|turn|4
|
|t:|1667956828
|switch|p2a: Heatran|Heatran, M|100/100
|-item|p2a: Heatran|Air Balloon
|move|p1a: Heatran|Stealth Rock|p2a: Heatran
|-sidestart|p2: minimax_ai|move: Stealth Rock
|
|upkeep
|turn|5
|
|t:|1667956830
|switch|p1a: Slowking|Slowking, M|100/100
|-damage|p1a: Slowking|88/100|[from] Stealth Rock
|move|p2a: Heatran|Magma Storm|p1a: Slowking
|-resisted|p1a: Slowking
|-damage|p1a: Slowking|72/100
|-activate|p1a: Slowking|move: Magma Storm|[of] p2a: Heatran
|
|-damage|p1a: Slowking|59/100|[from] move: Magma Storm|[partiallytrapped]
|upkeep
|turn|6
|
|t:|1667956833
|switch|p2a: Weavile|Weavile, M|84/100
|-damage|p2a: Weavile|59/100|[from] Stealth Rock
|-ability|p2a: Weavile|Pressure
|move|p1a: Slowking|Iron Defense|p1a: Slowking
|-boost|p1a: Slowking|def|2
|
|-end|p1a: Slowking|Magma Storm|[partiallytrapped]|[silent]
|upkeep
|turn|7
|
|t:|1667956835
|move|p2a: Weavile|Knock Off|p1a: Slowking
|-supereffective|p1a: Slowking
|-damage|p1a: Slowking|0 fnt
|-enditem|p1a: Slowking|Rindo Berry|[from] move: Knock Off|[of] p2a: Weavile
|faint|p1a: Slowking
|
|upkeep
|
|t:|1667956838
|switch|p1a: Volcarona|Volcarona, M|100/100
|turn|8
|
|t:|1667956841
|switch|p2a: landorustherian|Landorus-Therian, M|100/100
|-damage|p2a: landorustherian|88/100|[from] Stealth Rock
|-ability|p2a: landorustherian|Intimidate|boost
|-unboost|p1a: Volcarona|atk|1
|switch|p1a: Heatran|Heatran, M|48/100
|-damage|p1a: Heatran|35/100|[from] Stealth Rock
|
|-heal|p2a: landorustherian|94/100|[from] item: Leftovers
|upkeep
|turn|9
|
|t:|1667956845
|switch|p1a: Ribombee|Ribombee, M|100/100
|-damage|p1a: Ribombee|75/100|[from] Stealth Rock
|move|p2a: landorustherian|Earthquake|p1a: Ribombee
|-resisted|p1a: Ribombee
|-damage|p1a: Ribombee|36/100
|
|-heal|p2a: landorustherian|99/100|[from] item: Leftovers
|-status|p1a: Ribombee|brn|[from] item: Flame Orb
|upkeep
|turn|10
|
|t:|1667956847
|move|p1a: Ribombee|Trick|p2a: landorustherian
|-activate|p1a: Ribombee|move: Trick|[of] p2a: landorustherian
|-item|p2a: landorustherian|Flame Orb|[from] move: Trick
|-item|p1a: Ribombee|Leftovers|[from] move: Trick
|move|p2a: landorustherian|Earthquake|p1a: Ribombee
|-resisted|p1a: Ribombee
|-damage|p1a: Ribombee|1/100 brn
|
|-heal|p1a: Ribombee|7/100 brn|[from] item: Leftovers
|-damage|p1a: Ribombee|1/100 brn|[from] brn
|-status|p2a: landorustherian|brn|[from] item: Flame Orb
|upkeep
|turn|11
|
|t:|1667956849
|move|p1a: Ribombee|Sticky Web|p2a: landorustherian
|-sidestart|p2: minimax_ai|move: Sticky Web
|move|p2a: landorustherian|U-turn|p1a: Ribombee
|-resisted|p1a: Ribombee
|-damage|p1a: Ribombee|0 fnt
|faint|p1a: Ribombee
|
|t:|1667956849
|switch|p2a: rotomwash|Rotom-Wash|100/100|[from]move: U-turn
|-damage|p2a: rotomwash|88/100|[from] Stealth Rock
|
|-heal|p2a: rotomwash|94/100|[from] item: Leftovers
|upkeep
|
|t:|1667956852
|switch|p1a: Polteageist|Polteageist|100/100
|-damage|p1a: Polteageist|88/100|[from] Stealth Rock
|turn|12
|
|t:|1667956855
|switch|p2a: Melmetal|Melmetal|100/100
|-damage|p2a: Melmetal|94/100|[from] Stealth Rock
|-activate|p2a: Melmetal|move: Sticky Web
|-unboost|p2a: Melmetal|spe|1
|move|p1a: Polteageist|Shell Smash|p1a: Polteageist
|-unboost|p1a: Polteageist|def|1
|-unboost|p1a: Polteageist|spd|1
|-boost|p1a: Polteageist|atk|2
|-boost|p1a: Polteageist|spa|2
|-boost|p1a: Polteageist|spe|2
|
|-status|p1a: Polteageist|brn|[from] item: Flame Orb
|upkeep
|turn|13
|
|t:|1667956858
|move|p1a: Polteageist|Trick|p2a: Melmetal
|-activate|p1a: Polteageist|move: Trick|[of] p2a: Melmetal
|-item|p2a: Melmetal|Flame Orb|[from] move: Trick
|-item|p1a: Polteageist|Assault Vest|[from] move: Trick
|move|p2a: Melmetal|Double Iron Bash|p1a: Polteageist
|-damage|p1a: Polteageist|0 fnt
|faint|p1a: Polteageist
|-hitcount|p1: Polteageist|1
|
|-status|p2a: Melmetal|brn|[from] item: Flame Orb
|upkeep
|
|t:|1667956863
|switch|p1a: Volcarona|Volcarona, M|100/100
|turn|14
|
|t:|1667956864
|switch|p2a: landorustherian|Landorus-Therian, M|99/100 brn
|-damage|p2a: landorustherian|88/100 brn|[from] Stealth Rock
|-ability|p2a: landorustherian|Intimidate|boost
|-unboost|p1a: Volcarona|atk|1
|move|p1a: Volcarona|Quiver Dance|p1a: Volcarona
|-boost|p1a: Volcarona|spa|1
|-boost|p1a: Volcarona|spd|1
|-boost|p1a: Volcarona|spe|1
|
|-damage|p2a: landorustherian|82/100 brn|[from] brn
|upkeep
|turn|15
|
|t:|1667956867
|move|p1a: Volcarona|Substitute|p1a: Volcarona
|-start|p1a: Volcarona|Substitute
|-damage|p1a: Volcarona|76/100
|move|p2a: landorustherian|Defog|p1a: Volcarona
|-sideend|p1: outd blundar|Stealth Rock|[from] move: Defog|[of] p2a: landorustherian
|-sideend|p2: minimax_ai|Stealth Rock|[from] move: Defog|[of] p2a: landorustherian
|-sideend|p2: minimax_ai|Sticky Web|[from] move: Defog|[of] p2a: landorustherian
|
|-damage|p2a: landorustherian|76/100 brn|[from] brn
|upkeep
|turn|16
|
|t:|1667956868
|switch|p2a: Heatran|Heatran, M|100/100
|-item|p2a: Heatran|Air Balloon
|move|p1a: Volcarona|Quiver Dance|p1a: Volcarona
|-boost|p1a: Volcarona|spa|1
|-boost|p1a: Volcarona|spd|1
|-boost|p1a: Volcarona|spe|1
|
|upkeep
|turn|17
|
|t:|1667956869
|move|p1a: Volcarona|Quiver Dance|p1a: Volcarona
|-boost|p1a: Volcarona|spa|1
|-boost|p1a: Volcarona|spd|1
|-boost|p1a: Volcarona|spe|1
|move|p2a: Heatran|Eruption|p1a: Volcarona
|-end|p1a: Volcarona|Substitute
|
|upkeep
|turn|18
|
|t:|1667956871
|move|p1a: Volcarona|Substitute|p1a: Volcarona
|-start|p1a: Volcarona|Substitute
|-damage|p1a: Volcarona|51/100
|move|p2a: Heatran|Magma Storm|p1a: Volcarona|[miss]
|-miss|p2a: Heatran|p1a: Volcarona
|
|upkeep
|turn|19
|
|t:|1667956872
|move|p1a: Volcarona|Quiver Dance|p1a: Volcarona
|-boost|p1a: Volcarona|spa|1
|-boost|p1a: Volcarona|spd|1
|-boost|p1a: Volcarona|spe|1
|move|p2a: Heatran|Stealth Rock|p1a: Volcarona
|-sidestart|p1: outd blundar|move: Stealth Rock
|
|upkeep
|turn|20
|
|t:|1667956874
|switch|p2a: landorustherian|Landorus-Therian, M|76/100 brn
|-ability|p2a: landorustherian|Intimidate|boost
|-immune|p1a: Volcarona
|move|p1a: Volcarona|Quiver Dance|p1a: Volcarona
|-boost|p1a: Volcarona|spa|1
|-boost|p1a: Volcarona|spd|1
|-boost|p1a: Volcarona|spe|1
|
|-damage|p2a: landorustherian|70/100 brn|[from] brn
|upkeep
|turn|21
|
|t:|1667956876
|switch|p2a: Melmetal|Melmetal|94/100 brn
|move|p1a: Volcarona|Quiver Dance|p1a: Volcarona
|-boost|p1a: Volcarona|spa|1
|-boost|p1a: Volcarona|spd|1
|-boost|p1a: Volcarona|spe|1
|
|-damage|p2a: Melmetal|88/100 brn|[from] brn
|upkeep
|turn|22
|
|t:|1667956879
|move|p1a: Volcarona|Roost|p1a: Volcarona
|-heal|p1a: Volcarona|100/100
|-singleturn|p1a: Volcarona|move: Roost
|move|p2a: Melmetal|Double Iron Bash|p1a: Volcarona
|-resisted|p1a: Volcarona
|-activate|p1a: Volcarona|move: Substitute|[damage]
|-resisted|p1a: Volcarona
|-activate|p1a: Volcarona|move: Substitute|[damage]
|-hitcount|p1a: Volcarona|2
|
|-damage|p2a: Melmetal|82/100 brn|[from] brn
|upkeep
|turn|23
|
|t:|1667956881
|switch|p2a: Heatran|Heatran, M|100/100
|-item|p2a: Heatran|Air Balloon
|move|p1a: Volcarona|Bug Buzz|p2a: Heatran
|-resisted|p2a: Heatran
|-damage|p2a: Heatran|63/100
|-enditem|p2a: Heatran|Air Balloon
|
|upkeep
|turn|24
|
|t:|1667956883
|switch|p2a: Melmetal|Melmetal|82/100 brn
|move|p1a: Volcarona|Bug Buzz|p2a: Melmetal
|-resisted|p2a: Melmetal
|-damage|p2a: Melmetal|23/100 brn
|-unboost|p2a: Melmetal|spd|1
|
|-damage|p2a: Melmetal|17/100 brn|[from] brn
|upkeep
|turn|25
|
|t:|1667956884
|move|p1a: Volcarona|Bug Buzz|p2a: Melmetal
|-resisted|p2a: Melmetal
|-damage|p2a: Melmetal|0 fnt
|faint|p2a: Melmetal
|
|upkeep
|
|t:|1667956884
|switch|p2a: landorustherian|Landorus-Therian, M|70/100 brn
|-ability|p2a: landorustherian|Intimidate|boost
|-immune|p1a: Volcarona
|turn|26
|
|t:|1667956886
|move|p1a: Volcarona|Bug Buzz|p2a: landorustherian
|-resisted|p2a: landorustherian
|-damage|p2a: landorustherian|11/100 brn
|move|p2a: landorustherian|Defog|p1a: Volcarona
|-sideend|p1: outd blundar|Stealth Rock|[from] move: Defog|[of] p2a: landorustherian
|
|-damage|p2a: landorustherian|5/100 brn|[from] brn
|upkeep
|turn|27
|
|t:|1667956887
|move|p1a: Volcarona|Bug Buzz|p2a: landorustherian
|-resisted|p2a: landorustherian
|-damage|p2a: landorustherian|0 fnt
|faint|p2a: landorustherian
|
|upkeep
|
|t:|1667956887
|switch|p2a: Heatran|Heatran, M|63/100
|turn|28
|
|t:|1667956889
|move|p1a: Volcarona|Bug Buzz|p2a: Heatran
|-resisted|p2a: Heatran
|-damage|p2a: Heatran|23/100
|move|p2a: Heatran|Stealth Rock|p1a: Volcarona
|-sidestart|p1: outd blundar|move: Stealth Rock
|
|upkeep
|turn|29
|
|t:|1667956890
|move|p1a: Volcarona|Bug Buzz|p2a: Heatran
|-resisted|p2a: Heatran
|-damage|p2a: Heatran|0 fnt
|faint|p2a: Heatran
|
|upkeep
|
|t:|1667956890
|switch|p2a: Weavile|Weavile, M|59/100
|-ability|p2a: Weavile|Pressure
|turn|30
|
|t:|1667956892
|move|p1a: Volcarona|Bug Buzz|p2a: Weavile
|-supereffective|p2a: Weavile
|-crit|p2a: Weavile
|-damage|p2a: Weavile|0 fnt
|faint|p2a: Weavile
|
|upkeep
|
|t:|1667956892
|switch|p2a: Tangrowth|Tangrowth, F|100/100
|turn|31
|
|t:|1667956893
|move|p1a: Volcarona|Bug Buzz|p2a: Tangrowth
|-supereffective|p2a: Tangrowth
|-damage|p2a: Tangrowth|0 fnt
|faint|p2a: Tangrowth
|
|upkeep
|
|t:|1667956893
|switch|p2a: rotomwash|Rotom-Wash|94/100
|turn|32
|
|t:|1667956894
|move|p1a: Volcarona|Bug Buzz|p2a: rotomwash
|-damage|p2a: rotomwash|0 fnt
|faint|p2a: rotomwash
|
|win|outd blundar
|raw|outd blundar's rating: 1601 &rarr; <strong>1623</strong><br />(+22 for winning)
|raw|minimax_ai's rating: 1639 &rarr; <strong>1617</strong><br />(-22 for losing)
|c|☆minimax_ai|gg
