|j|☆UglyBitch69
|j|☆shiawasenostory
|t:|1663104441
|gametype|singles
|player|p1|UglyBitch69|drayden|1516
|player|p2|shiawasenostory|1|1485
|teamsize|p1|6
|teamsize|p2|6
|gen|8
|tier|[Gen 8] OU
|rated|
|rule|Sleep Clause Mod: Limit one foe put to sleep
|rule|Species Clause: Limit one of each Pokémon
|rule|OHKO Clause: OHKO moves are banned
|rule|Evasion Items Clause: Evasion items are banned
|rule|Evasion Moves Clause: Evasion moves are banned
|rule|Endless Battle Clause: Forcing endless battles is banned
|rule|HP Percentage Mod: HP is shown in percentages
|rule|Dynamax Clause: You cannot dynamax
|clearpoke
|poke|p1|Landorus-Therian, M|
|poke|p1|Magnezone|
|poke|p1|Zygarde-10%|
|poke|p1|Volcarona, M|
|poke|p1|Primarina, F|
|poke|p1|Kartana|
|poke|p2|Rillaboom, M|
|poke|p2|Tornadus-Therian, M|
|poke|p2|Blaziken, M|
|poke|p2|Melmetal|
|poke|p2|Garchomp, F|
|poke|p2|Slowbro, M|
|teampreview
|
|t:|1663104452
|start
|switch|p1a: Urshifu Water|Primarina, F|100/100
|switch|p2a: Garchomp|Garchomp, F|100/100
|turn|1
|
|t:|1663104457
|move|p2a: Garchomp|Protect|p2a: Garchomp
|-singleturn|p2a: Garchomp|Protect
|move|p1a: Urshifu Water|Moonblast|p2a: Garchomp
|-activate|p2a: Garchomp|move: Protect
|
|upkeep
|turn|2
|
|t:|1663104460
|switch|p2a: Melmetal|Melmetal|100/100
|move|p1a: Urshifu Water|Moonblast|p2a: Melmetal
|-resisted|p2a: Melmetal
|-damage|p2a: Melmetal|66/100
|
|-heal|p2a: Melmetal|72/100|[from] item: Leftovers
|upkeep
|turn|3
|
|t:|1663104464
|switch|p1a: Entry Hazards|Volcarona, M|100/100
|move|p2a: Melmetal|Superpower|p1a: Entry Hazards
|-resisted|p1a: Entry Hazards
|-damage|p1a: Entry Hazards|77/100
|-unboost|p2a: Melmetal|atk|1
|-unboost|p2a: Melmetal|def|1
|-status|p2a: Melmetal|brn|[from] ability: Flame Body|[of] p1a: Entry Hazards
|
|-heal|p2a: Melmetal|79/100 brn|[from] item: Leftovers
|-damage|p2a: Melmetal|72/100 brn|[from] brn
|upkeep
|turn|4
|
|t:|1663104468
|switch|p2a: Blaziken|Blaziken, M|100/100
|move|p1a: Entry Hazards|U-turn|p2a: Blaziken
|-resisted|p2a: Blaziken
|-damage|p2a: Blaziken|96/100
|
|t:|1663104471
|switch|p1a: Cancerous-T|Landorus-Therian, M|100/100|[from]move: U-turn
|-ability|p1a: Cancerous-T|Intimidate|boost
|-unboost|p2a: Blaziken|atk|1
|
|-heal|p2a: Blaziken|100/100|[from] item: Leftovers
|upkeep
|turn|5
|
|t:|1663104475
|switch|p2a: Garchomp|Garchomp, F|100/100
|move|p1a: Cancerous-T|Earth Power|p2a: Garchomp
|-damage|p2a: Garchomp|72/100
|
|-heal|p2a: Garchomp|79/100|[from] item: Leftovers
|upkeep
|turn|6
|
|t:|1663104479
|move|p1a: Cancerous-T|Earth Power|p2a: Garchomp
|-damage|p2a: Garchomp|50/100
|move|p2a: Garchomp|Stealth Rock|p1a: Cancerous-T
|-sidestart|p1: UglyBitch69|move: Stealth Rock
|
|-heal|p2a: Garchomp|56/100|[from] item: Leftovers
|upkeep
|turn|7
|
|t:|1663104485
|move|p2a: Garchomp|Protect|p2a: Garchomp
|-singleturn|p2a: Garchomp|Protect
|move|p1a: Cancerous-T|Earth Power|p2a: Garchomp
|-activate|p2a: Garchomp|move: Protect
|
|-heal|p2a: Garchomp|62/100|[from] item: Leftovers
|upkeep
|turn|8
|
|t:|1663104490
|switch|p1a: Kartana|Kartana, shiny|100/100
|-damage|p1a: Kartana|94/100|[from] Stealth Rock
|move|p2a: Garchomp|Toxic|p1a: Kartana
|-immune|p1a: Kartana
|
|-heal|p2a: Garchomp|69/100|[from] item: Leftovers
|upkeep
|turn|9
|
|t:|1663104493
|switch|p2a: Tornadus|Tornadus-Therian, M|100/100
|move|p1a: Kartana|Knock Off|p2a: Tornadus
|-damage|p2a: Tornadus|58/100
|-enditem|p2a: Tornadus|Heavy-Duty Boots|[from] move: Knock Off|[of] p1a: Kartana
|
|upkeep
|turn|10
|
|t:|1663104500
|switch|p1a: Entry Hazards|Volcarona, M|77/100
|move|p2a: Tornadus|Heat Wave|p1a: Entry Hazards
|-damage|p1a: Entry Hazards|55/100
|
|upkeep
|turn|11
|
|t:|1663104504
|move|p2a: Tornadus|Knock Off|p1a: Entry Hazards
|-damage|p1a: Entry Hazards|35/100
|-status|p2a: Tornadus|brn|[from] ability: Flame Body|[of] p1a: Entry Hazards
|-enditem|p1a: Entry Hazards|Heavy-Duty Boots|[from] move: Knock Off|[of] p2a: Tornadus
|move|p1a: Entry Hazards|Defog|p2a: Tornadus
|-unboost|p2a: Tornadus|evasion|1
|-sideend|p1: UglyBitch69|Stealth Rock|[from] move: Defog|[of] p1a: Entry Hazards
|
|-damage|p2a: Tornadus|52/100 brn|[from] brn
|upkeep
|turn|12
|
|t:|1663104510
|switch|p1a: Non-Binary|Magnezone|100/100
|move|p2a: Tornadus|U-turn|p1a: Non-Binary
|-resisted|p1a: Non-Binary
|-crit|p1a: Non-Binary
|-damage|p1a: Non-Binary|96/100
|
|t:|1663104512
|switch|p2a: Blaziken|Blaziken, M|100/100|[from]move: U-turn
|
|upkeep
|turn|13
|
|t:|1663104516
|move|p2a: Blaziken|Swords Dance|p2a: Blaziken
|-boost|p2a: Blaziken|atk|2
|move|p1a: Non-Binary|Volt Switch|p2a: Blaziken
|-crit|p2a: Blaziken
|-damage|p2a: Blaziken|0 fnt
|faint|p2a: Blaziken
|
|t:|1663104520
|switch|p1a: Urshifu Water|Primarina, F|100/100|[from]move: Volt Switch
|
|upkeep
|c|☆shiawasenostory|lol
|
|t:|1663104529
|switch|p2a: Garchomp|Garchomp, F|69/100
|turn|14
|
|t:|1663104532
|move|p2a: Garchomp|Protect|p2a: Garchomp
|-singleturn|p2a: Garchomp|Protect
|move|p1a: Urshifu Water|Moonblast|p2a: Garchomp
|-activate|p2a: Garchomp|move: Protect
|
|-heal|p2a: Garchomp|75/100|[from] item: Leftovers
|upkeep
|turn|15
|
|t:|1663104537
|switch|p2a: Melmetal|Melmetal|72/100 brn
|move|p1a: Urshifu Water|Moonblast|p2a: Melmetal
|-resisted|p2a: Melmetal
|-damage|p2a: Melmetal|37/100 brn
|
|-heal|p2a: Melmetal|44/100 brn|[from] item: Leftovers
|-damage|p2a: Melmetal|37/100 brn|[from] brn
|upkeep
|turn|16
|
|t:|1663104545
|switch|p1a: Entry Hazards|Volcarona, M|35/100
|move|p2a: Melmetal|Superpower|p1a: Entry Hazards
|-resisted|p1a: Entry Hazards
|-damage|p1a: Entry Hazards|25/100
|-unboost|p2a: Melmetal|atk|1
|-unboost|p2a: Melmetal|def|1
|
|-heal|p2a: Melmetal|44/100 brn|[from] item: Leftovers
|-damage|p2a: Melmetal|37/100 brn|[from] brn
|upkeep
|turn|17
|
|t:|1663104550
|switch|p2a: Garchomp|Garchomp, F|75/100
|move|p1a: Entry Hazards|Roost|p1a: Entry Hazards
|-heal|p1a: Entry Hazards|75/100
|-singleturn|p1a: Entry Hazards|move: Roost
|
|-heal|p2a: Garchomp|81/100|[from] item: Leftovers
|upkeep
|turn|18
|
|t:|1663104558
|switch|p1a: Urshifu Water|Primarina, F|100/100
|move|p2a: Garchomp|Toxic|p1a: Urshifu Water
|-status|p1a: Urshifu Water|tox
|
|-heal|p2a: Garchomp|87/100|[from] item: Leftovers
|-damage|p1a: Urshifu Water|94/100 tox|[from] psn
|upkeep
|turn|19
|
|t:|1663104563
|move|p2a: Garchomp|Protect|p2a: Garchomp
|-singleturn|p2a: Garchomp|Protect
|move|p1a: Urshifu Water|Moonblast|p2a: Garchomp
|-activate|p2a: Garchomp|move: Protect
|
|-heal|p2a: Garchomp|94/100|[from] item: Leftovers
|-damage|p1a: Urshifu Water|82/100 tox|[from] psn
|upkeep
|turn|20
|
|t:|1663104569
|switch|p2a: Melmetal|Melmetal|37/100 brn
|switch|p1a: Zygarde|Zygarde-10%, shiny|100/100
|-ability|p1a: Zygarde|Aura Break
|
|-heal|p2a: Melmetal|44/100 brn|[from] item: Leftovers
|-damage|p2a: Melmetal|37/100 brn|[from] brn
|upkeep
|turn|21
|
|t:|1663104576
|switch|p1a: Non-Binary|Magnezone|96/100
|switch|p2a: Rillaboom|Rillaboom, M|100/100
|-fieldstart|move: Grassy Terrain|[from] ability: Grassy Surge|[of] p2a: Rillaboom
|
|-heal|p1a: Non-Binary|100/100|[from] Grassy Terrain
|upkeep
|turn|22
|
|t:|1663104583
|switch|p2a: Garchomp|Garchomp, F|94/100
|move|p1a: Non-Binary|Flash Cannon|p2a: Garchomp
|-damage|p2a: Garchomp|55/100
|
|-heal|p2a: Garchomp|61/100|[from] Grassy Terrain
|-heal|p2a: Garchomp|67/100|[from] item: Leftovers
|upkeep
|turn|23
|
|t:|1663104590
|move|p2a: Garchomp|Toxic|p1a: Non-Binary
|-immune|p1a: Non-Binary
|move|p1a: Non-Binary|Steel Beam|p2a: Garchomp|[miss]
|-miss|p1a: Non-Binary|p2a: Garchomp
|-damage|p1a: Non-Binary|50/100|[from] steelbeam
|
|-heal|p2a: Garchomp|73/100|[from] Grassy Terrain
|-heal|p2a: Garchomp|80/100|[from] item: Leftovers
|-heal|p1a: Non-Binary|56/100|[from] Grassy Terrain
|upkeep
|turn|24
|c|☆UglyBitch69|I tell you i sweat
|c|☆UglyBitch69|swear
|c|☆UglyBitch69|i saw the miss coming
|c|☆UglyBitch69|i predicted the miss
|c|☆UglyBitch69|My zone is now dead
|c|☆UglyBitch69|and for what
|c|☆shiawasenostory|i mean it roasted my chicken with that specs crit
|
|t:|1663104643
|switch|p1a: Kartana|Kartana, shiny|94/100
|move|p2a: Garchomp|Toxic|p1a: Kartana
|-immune|p1a: Kartana
|
|-heal|p1a: Kartana|100/100|[from] Grassy Terrain
|-heal|p2a: Garchomp|86/100|[from] Grassy Terrain
|-heal|p2a: Garchomp|92/100|[from] item: Leftovers
|upkeep
|turn|25
|c|☆UglyBitch69|Im analytic
|c|☆UglyBitch69|crit did not matter
|
|t:|1663104654
|move|p2a: Garchomp|Protect|p2a: Garchomp
|-singleturn|p2a: Garchomp|Protect
|move|p1a: Kartana|Leaf Blade|p2a: Garchomp
|-activate|p2a: Garchomp|move: Protect
|
|-heal|p2a: Garchomp|98/100|[from] Grassy Terrain
|-heal|p2a: Garchomp|100/100|[from] item: Leftovers
|-fieldend|move: Grassy Terrain
|upkeep
|turn|26
|
|t:|1663104660
|switch|p2a: Tornadus|Tornadus-Therian, M|85/100 brn
|move|p1a: Kartana|Leaf Blade|p2a: Tornadus
|-resisted|p2a: Tornadus
|-damage|p2a: Tornadus|55/100 brn
|
|-damage|p2a: Tornadus|49/100 brn|[from] brn
|upkeep
|turn|27
|
|t:|1663104667
|move|p1a: Kartana|Leaf Blade|p2a: Tornadus
|-resisted|p2a: Tornadus
|-damage|p2a: Tornadus|19/100 brn
|move|p2a: Tornadus|U-turn|p1a: Kartana
|-damage|p1a: Kartana|93/100
|
|t:|1663104673
|switch|p2a: Melmetal|Melmetal|37/100 brn|[from]move: U-turn
|
|-heal|p2a: Melmetal|44/100 brn|[from] item: Leftovers
|-damage|p2a: Melmetal|37/100 brn|[from] brn
|upkeep
|turn|28
|
|t:|1663104687
|switch|p1a: Entry Hazards|Volcarona, M|75/100
|move|p2a: Melmetal|Superpower|p1a: Entry Hazards
|-resisted|p1a: Entry Hazards
|-damage|p1a: Entry Hazards|64/100
|-unboost|p2a: Melmetal|atk|1
|-unboost|p2a: Melmetal|def|1
|
|-heal|p2a: Melmetal|44/100 brn|[from] item: Leftovers
|-damage|p2a: Melmetal|37/100 brn|[from] brn
|upkeep
|turn|29
|
|t:|1663104693
|switch|p2a: Garchomp|Garchomp, F|100/100
|move|p1a: Entry Hazards|U-turn|p2a: Garchomp
|-damage|p2a: Garchomp|87/100
|-damage|p1a: Entry Hazards|51/100|[from] ability: Rough Skin|[of] p2a: Garchomp
|
|t:|1663104703
|switch|p1a: Zygarde|Zygarde-10%, shiny|100/100|[from]move: U-turn
|-ability|p1a: Zygarde|Aura Break
|
|-heal|p2a: Garchomp|94/100|[from] item: Leftovers
|upkeep
|turn|30
|
|t:|1663104711
|switch|p2a: Slowbro|Slowbro, M|100/100
|move|p1a: Zygarde|Outrage|p2a: Slowbro
|-crit|p2a: Slowbro
|-damage|p2a: Slowbro|26/100
|-damage|p1a: Zygarde|84/100|[from] item: Rocky Helmet|[of] p2a: Slowbro
|
|upkeep
|turn|31
|
|t:|1663104720
|switch|p2a: Melmetal|Melmetal|37/100 brn
|move|p1a: Zygarde|Outrage|p2a: Melmetal|[from]lockedmove
|-resisted|p2a: Melmetal
|-damage|p2a: Melmetal|15/100 brn
|-start|p1a: Zygarde|confusion|[fatigue]
|
|-heal|p2a: Melmetal|22/100 brn|[from] item: Leftovers
|-damage|p2a: Melmetal|15/100 brn|[from] brn
|upkeep
|turn|32
|c|☆UglyBitch69|Its what she deserves
|
|t:|1663104729
|switch|p1a: Entry Hazards|Volcarona, M|51/100
|switch|p2a: Garchomp|Garchomp, F|94/100
|
|-heal|p2a: Garchomp|99/100|[from] item: Leftovers
|upkeep
|turn|33
|
|t:|1663104732
|move|p1a: Entry Hazards|Roost|p1a: Entry Hazards
|-heal|p1a: Entry Hazards|100/100
|-singleturn|p1a: Entry Hazards|move: Roost
|move|p2a: Garchomp|Stealth Rock|p1a: Entry Hazards
|-sidestart|p1: UglyBitch69|move: Stealth Rock
|
|-heal|p2a: Garchomp|100/100|[from] item: Leftovers
|upkeep
|turn|34
|
|t:|1663104738
|switch|p1a: Kartana|Kartana, shiny|93/100
|-damage|p1a: Kartana|87/100|[from] Stealth Rock
|switch|p2a: Tornadus|Tornadus-Therian, M|52/100 brn
|
|-damage|p2a: Tornadus|46/100 brn|[from] brn
|upkeep
|turn|35
|
|t:|1663104742
|move|p1a: Kartana|Smart Strike|p2a: Tornadus
|-damage|p2a: Tornadus|0 fnt
|faint|p2a: Tornadus
|-ability|p1a: Kartana|Beast Boost|boost
|-boost|p1a: Kartana|atk|1
|
|upkeep
|
|t:|1663104747
|switch|p2a: Slowbro|Slowbro, M|59/100
|turn|36
|
|t:|1663104750
|switch|p1a: Non-Binary|Magnezone|56/100
|-damage|p1a: Non-Binary|50/100|[from] Stealth Rock
|move|p2a: Slowbro|Scald|p1a: Non-Binary
|-damage|p1a: Non-Binary|18/100
|
|upkeep
|turn|37
|
|t:|1663104757
|move|p1a: Non-Binary|Steel Beam|p2a: Slowbro
|-resisted|p2a: Slowbro
|-damage|p2a: Slowbro|14/100
|-damage|p1a: Non-Binary|0 fnt|[from] mindblown
|faint|p1a: Non-Binary
|move|p2a: Slowbro|Scald|p1: Non-Binary|[notarget]
|-fail|p2a: Slowbro
|
|upkeep
|
|t:|1663104764
|switch|p1a: Kartana|Kartana, shiny|87/100
|-damage|p1a: Kartana|81/100|[from] Stealth Rock
|turn|38
|
|t:|1663104768
|switch|p2a: Melmetal|Melmetal|15/100 brn
|move|p1a: Kartana|Leaf Blade|p2a: Melmetal
|-resisted|p2a: Melmetal
|-damage|p2a: Melmetal|0 fnt
|faint|p2a: Melmetal
|-ability|p1a: Kartana|Beast Boost|boost
|-boost|p1a: Kartana|atk|1
|
|upkeep
|
|t:|1663104774
|switch|p2a: Rillaboom|Rillaboom, M|100/100
|-fieldstart|move: Grassy Terrain|[from] ability: Grassy Surge|[of] p2a: Rillaboom
|turn|39
|
|t:|1663104777
|switch|p1a: Entry Hazards|Volcarona, M|100/100
|-damage|p1a: Entry Hazards|51/100|[from] Stealth Rock
|move|p2a: Rillaboom|Drain Punch|p1a: Entry Hazards
|-resisted|p1a: Entry Hazards
|-damage|p1a: Entry Hazards|37/100
|-status|p2a: Rillaboom|brn|[from] ability: Flame Body|[of] p1a: Entry Hazards
|
|-heal|p1a: Entry Hazards|44/100|[from] Grassy Terrain
|-damage|p2a: Rillaboom|94/100 brn|[from] brn
|upkeep
|turn|40
|c|☆UglyBitch69|Its what she deserves
|-message|shiawasenostory forfeited.
|
|win|UglyBitch69
|raw|UglyBitch69's rating: 1516 &rarr; <strong>1534</strong><br />(+18 for winning)
|raw|shiawasenostory's rating: 1485 &rarr; <strong>1467</strong><br />(-18 for losing)
|l|☆shiawasenostory
||Ladder isn't responding, score probably updated but might not have (Request timeout).
