|raw|<div class="broadcast-blue"><strong>This battle is required to be public due to a player having a name starting with 'lt94je'.</div>
|j|☆lt94jes e2x
|j|☆PQPP214
|t:|1661085985
|gametype|singles
|player|p1|lt94jes e2x|winona|1617
|player|p2|PQPP214|170|1636
|teamsize|p1|6
|teamsize|p2|6
|gen|8
|tier|[Gen 8] OU
|rated|
|rule|Sleep Clause Mod: Limit one foe put to sleep
|rule|Species Clause: Limit one of each Pokémon
|rule|OHKO Clause: OHKO moves are banned
|rule|Evasion Items Clause: Evasion items are banned
|rule|Evasion Moves Clause: Evasion moves are banned
|rule|Endless Battle Clause: Forcing endless battles is banned
|rule|HP Percentage Mod: HP is shown in percentages
|rule|Dynamax Clause: You cannot dynamax
|clearpoke
|poke|p1|Volcanion|
|poke|p1|Ninetales-Alola, F|
|poke|p1|Corviknight, F|
|poke|p1|Arctozolt|
|poke|p1|Landorus-Therian, M|
|poke|p1|Tornadus-Therian, M|
|poke|p2|Landorus-Therian, M|
|poke|p2|Tapu Lele|
|poke|p2|Blacephalon|
|poke|p2|Corviknight, M|
|poke|p2|Toxapex, F|
|poke|p2|Tyranitar, F|
|teampreview
|
|t:|1661086007
|start
|switch|p1a: Volcanion|Volcanion|100/100
|switch|p2a: Tapu Lele|Tapu Lele|100/100
|-fieldstart|move: Psychic Terrain|[from] ability: Psychic Surge|[of] p2a: Tapu Lele
|turn|1
|
|t:|1661086014
|switch|p1a: Tornadus|Tornadus-Therian, M|100/100
|move|p2a: Tapu Lele|Psychic|p1a: Tornadus
|-damage|p1a: Tornadus|54/100
|
|upkeep
|turn|2
|
|t:|1661086026
|switch|p2a: Toxapex|Toxapex, F|100/100
|move|p1a: Tornadus|Knock Off|p2a: Toxapex
|-damage|p2a: Toxapex|87/100
|-enditem|p2a: Toxapex|Eject Button|[from] move: Knock Off|[of] p1a: Tornadus
|
|upkeep
|turn|3
|
|t:|1661086032
|move|p1a: Tornadus|U-turn|p2a: Toxapex
|-resisted|p2a: Toxapex
|-damage|p2a: Toxapex|83/100
|j| anique
|
|t:|1661086039
|switch|p1a: Ninetales|Ninetales-Alola, F|100/100|[from]move: U-turn
|-weather|Hail|[from] ability: Snow Warning|[of] p1a: Ninetales
|move|p2a: Toxapex|Knock Off|p1a: Ninetales
|-resisted|p1a: Ninetales
|-damage|p1a: Ninetales|91/100
|-enditem|p1a: Ninetales|Icy Rock|[from] move: Knock Off|[of] p2a: Toxapex
|
|-weather|Hail|[upkeep]
|-damage|p2a: Toxapex|77/100|[from] Hail
|upkeep
|turn|4
|j| Godsomu07
|
|t:|1661086045
|switch|p1a: Arctozolt|Arctozolt|100/100
|switch|p2a: Tyranitar|Tyranitar, F|100/100
|-weather|Sandstorm|[from] ability: Sand Stream|[of] p2a: Tyranitar
|
|-weather|Sandstorm|[upkeep]
|-damage|p1a: Arctozolt|94/100|[from] Sandstorm
|-heal|p1a: Arctozolt|100/100|[from] item: Leftovers
|upkeep
|turn|5
|
|t:|1661086055
|move|p1a: Arctozolt|Substitute|p1a: Arctozolt
|-start|p1a: Arctozolt|Substitute
|-damage|p1a: Arctozolt|76/100
|move|p2a: Tyranitar|Stone Edge|p1a: Arctozolt
|-supereffective|p1a: Arctozolt
|-crit|p1a: Arctozolt
|-end|p1a: Arctozolt|Substitute
|
|-weather|Sandstorm|[upkeep]
|-damage|p1a: Arctozolt|69/100|[from] Sandstorm
|-heal|p1a: Arctozolt|76/100|[from] item: Leftovers
|-fieldend|move: Psychic Terrain
|upkeep
|turn|6
|l| Godsomu07
|
|t:|1661086063
|switch|p1a: Landorus|Landorus-Therian, M|100/100
|-ability|p1a: Landorus|Intimidate|boost
|-unboost|p2a: Tyranitar|atk|1
|move|p2a: Tyranitar|Stone Edge|p1a: Landorus
|-crit|p1a: Landorus
|-damage|p1a: Landorus|0 fnt
|faint|p1a: Landorus
|
|-weather|Sandstorm|[upkeep]
|upkeep
|
|t:|1661086066
|switch|p1a: Volcanion|Volcanion|100/100
|turn|7
|
|t:|1661086070
|switch|p2a: Toxapex|Toxapex, F|100/100
|move|p1a: Volcanion|Steam Eruption|p2a: Toxapex
|-resisted|p2a: Toxapex
|-damage|p2a: Toxapex|67/100
|-status|p2a: Toxapex|brn
|
|-weather|Sandstorm|[upkeep]
|-damage|p1a: Volcanion|95/100|[from] Sandstorm
|-damage|p2a: Toxapex|61/100 brn|[from] Sandstorm
|-damage|p2a: Toxapex|55/100 brn|[from] brn
|upkeep
|turn|8
|
|t:|1661086073
|switch|p1a: Arctozolt|Arctozolt|76/100
|move|p2a: Toxapex|Recover|p2a: Toxapex
|-heal|p2a: Toxapex|100/100 brn
|
|-weather|none
|-heal|p1a: Arctozolt|82/100|[from] item: Leftovers
|-damage|p2a: Toxapex|95/100 brn|[from] brn
|upkeep
|turn|9
|
|t:|1661086077
|switch|p2a: Landorus|Landorus-Therian, M|100/100
|-ability|p2a: Landorus|Intimidate|boost
|-unboost|p1a: Arctozolt|atk|1
|move|p1a: Arctozolt|Bolt Beak|p2a: Landorus
|-immune|p2a: Landorus
|
|-heal|p1a: Arctozolt|88/100|[from] item: Leftovers
|upkeep
|turn|10
|
|t:|1661086083
|switch|p2a: Tyranitar|Tyranitar, F|100/100
|-weather|Sandstorm|[from] ability: Sand Stream|[of] p2a: Tyranitar
|switch|p1a: Volcanion|Volcanion|95/100
|
|-weather|Sandstorm|[upkeep]
|-damage|p1a: Volcanion|89/100|[from] Sandstorm
|upkeep
|turn|11
|
|t:|1661086093
|switch|p2a: Toxapex|Toxapex, F|100/100 brn
|move|p1a: Volcanion|Steam Eruption|p2a: Toxapex
|-resisted|p2a: Toxapex
|-damage|p2a: Toxapex|65/100 brn
|
|-weather|Sandstorm|[upkeep]
|-damage|p1a: Volcanion|83/100|[from] Sandstorm
|-damage|p2a: Toxapex|59/100 brn|[from] Sandstorm
|-damage|p2a: Toxapex|53/100 brn|[from] brn
|upkeep
|turn|12
|j| Villainkoji3
|
|t:|1661086101
|switch|p1a: Arctozolt|Arctozolt|88/100
|move|p2a: Toxapex|Recover|p2a: Toxapex
|-heal|p2a: Toxapex|100/100 brn
|
|-weather|Sandstorm|[upkeep]
|-damage|p1a: Arctozolt|82/100|[from] Sandstorm
|-damage|p2a: Toxapex|95/100 brn|[from] Sandstorm
|-heal|p1a: Arctozolt|88/100|[from] item: Leftovers
|-damage|p2a: Toxapex|89/100 brn|[from] brn
|upkeep
|turn|13
|
|t:|1661086110
|switch|p2a: Landorus|Landorus-Therian, M|100/100
|-ability|p2a: Landorus|Intimidate|boost
|-unboost|p1a: Arctozolt|atk|1
|move|p1a: Arctozolt|Bolt Beak|p2a: Landorus
|-immune|p2a: Landorus
|
|-weather|Sandstorm|[upkeep]
|-damage|p1a: Arctozolt|82/100|[from] Sandstorm
|-heal|p1a: Arctozolt|88/100|[from] item: Leftovers
|upkeep
|turn|14
|j| aou aou
|
|t:|1661086119
|move|p2a: Landorus|Stealth Rock|p1a: Arctozolt
|-sidestart|p1: lt94jes e2x|move: Stealth Rock
|move|p1a: Arctozolt|Blizzard|p2a: Landorus
|-supereffective|p2a: Landorus
|-damage|p2a: Landorus|0 fnt
|faint|p2a: Landorus
|
|-weather|none
|-heal|p1a: Arctozolt|94/100|[from] item: Leftovers
|upkeep
|
|t:|1661086127
|switch|p2a: Blacephalon|Blacephalon|100/100
|turn|15
|
|t:|1661086133
|switch|p1a: Tornadus|Tornadus-Therian, M|87/100
|-damage|p1a: Tornadus|62/100|[from] Stealth Rock
|move|p2a: Blacephalon|Flamethrower|p1a: Tornadus
|-damage|p1a: Tornadus|7/100
|-status|p1a: Tornadus|brn
|
|-damage|p1a: Tornadus|1/100 brn|[from] brn
|upkeep
|turn|16
|
|t:|1661086139
|switch|p1a: Volcanion|Volcanion|83/100
|-damage|p1a: Volcanion|58/100|[from] Stealth Rock
|switch|p2a: Corviknight|Corviknight, M|100/100
|-ability|p2a: Corviknight|Pressure
|
|upkeep
|turn|17
|
|t:|1661086146
|switch|p2a: Toxapex|Toxapex, F|100/100 brn
|move|p1a: Volcanion|Flamethrower|p2a: Toxapex
|-resisted|p2a: Toxapex
|-damage|p2a: Toxapex|74/100 brn
|
|-damage|p2a: Toxapex|68/100 brn|[from] brn
|upkeep
|turn|18
|l| Villainkoji3
|
|t:|1661086152
|switch|p1a: Corviknight|Corviknight, F|100/100
|-damage|p1a: Corviknight|88/100|[from] Stealth Rock
|-ability|p1a: Corviknight|Pressure
|move|p2a: Toxapex|Knock Off|p1a: Corviknight
|-damage|p1a: Corviknight|83/100
|-damage|p2a: Toxapex|52/100 brn|[from] item: Rocky Helmet|[of] p1a: Corviknight
|-enditem|p1a: Corviknight|Rocky Helmet|[from] move: Knock Off|[of] p2a: Toxapex
|
|-damage|p2a: Toxapex|46/100 brn|[from] brn
|upkeep
|turn|19
|
|t:|1661086157
|switch|p2a: Blacephalon|Blacephalon|100/100
|move|p1a: Corviknight|Defog|p2a: Blacephalon
|-unboost|p2a: Blacephalon|evasion|1
|-sideend|p1: lt94jes e2x|Stealth Rock|[from] move: Defog|[of] p1a: Corviknight
|
|upkeep
|turn|20
|
|t:|1661086161
|move|p2a: Blacephalon|Shadow Ball|p1a: Corviknight
|-damage|p1a: Corviknight|12/100
|move|p1a: Corviknight|U-turn|p2a: Blacephalon
|-resisted|p2a: Blacephalon
|-damage|p2a: Blacephalon|93/100
|
|t:|1661086169
|switch|p1a: Ninetales|Ninetales-Alola, F|91/100|[from]move: U-turn
|-weather|Hail|[from] ability: Snow Warning|[of] p1a: Ninetales
|
|-weather|Hail|[upkeep]
|-damage|p2a: Blacephalon|87/100|[from] Hail
|upkeep
|turn|21
|
|t:|1661086176
|switch|p2a: Tyranitar|Tyranitar, F|100/100
|-weather|Sandstorm|[from] ability: Sand Stream|[of] p2a: Tyranitar
|move|p1a: Ninetales|Aurora Veil||[still]
|-fail|p1a: Ninetales
|
|-weather|Sandstorm|[upkeep]
|-damage|p1a: Ninetales|85/100|[from] Sandstorm
|upkeep
|turn|22
|
|t:|1661086184
|switch|p1a: Corviknight|Corviknight, F|12/100
|-ability|p1a: Corviknight|Pressure
|move|p2a: Tyranitar|Rock Blast|p1a: Corviknight
|-damage|p1a: Corviknight|0 fnt
|faint|p1a: Corviknight
|-hitcount|p1: Corviknight|1
|
|-weather|Sandstorm|[upkeep]
|upkeep
|
|t:|1661086194
|switch|p1a: Volcanion|Volcanion|58/100
|turn|23
|
|t:|1661086201
|switch|p2a: Toxapex|Toxapex, F|79/100 brn
|move|p1a: Volcanion|Steam Eruption|p2a: Toxapex
|-resisted|p2a: Toxapex
|-damage|p2a: Toxapex|46/100 brn
|
|-weather|Sandstorm|[upkeep]
|-damage|p1a: Volcanion|52/100|[from] Sandstorm
|-damage|p2a: Toxapex|40/100 brn|[from] Sandstorm
|-damage|p2a: Toxapex|34/100 brn|[from] brn
|upkeep
|turn|24
|
|t:|1661086216
|move|p1a: Volcanion|Steam Eruption|p2a: Toxapex
|-resisted|p2a: Toxapex
|-damage|p2a: Toxapex|2/100 brn
|move|p2a: Toxapex|Recover|p2a: Toxapex
|-heal|p2a: Toxapex|52/100 brn
|
|-weather|Sandstorm|[upkeep]
|-damage|p1a: Volcanion|46/100|[from] Sandstorm
|-damage|p2a: Toxapex|46/100 brn|[from] Sandstorm
|-damage|p2a: Toxapex|40/100 brn|[from] brn
|upkeep
|turn|25
|
|t:|1661086220
|move|p1a: Volcanion|Steam Eruption|p2a: Toxapex
|-resisted|p2a: Toxapex
|-damage|p2a: Toxapex|8/100 brn
|move|p2a: Toxapex|Recover|p2a: Toxapex
|-heal|p2a: Toxapex|59/100 brn
|
|-weather|none
|-damage|p2a: Toxapex|53/100 brn|[from] brn
|upkeep
|turn|26
|
|t:|1661086235
|switch|p1a: Arctozolt|Arctozolt|94/100
|move|p2a: Toxapex|Recover|p2a: Toxapex
|-heal|p2a: Toxapex|100/100 brn
|
|-heal|p1a: Arctozolt|100/100|[from] item: Leftovers
|-damage|p2a: Toxapex|95/100 brn|[from] brn
|upkeep
|turn|27
|
|t:|1661086247
|switch|p2a: Corviknight|Corviknight, M|100/100
|-ability|p2a: Corviknight|Pressure
|move|p1a: Arctozolt|Bolt Beak|p2a: Corviknight
|-supereffective|p2a: Corviknight
|-damage|p2a: Corviknight|19/100
|-damage|p1a: Arctozolt|84/100|[from] item: Rocky Helmet|[of] p2a: Corviknight
|
|-heal|p1a: Arctozolt|90/100|[from] item: Leftovers
|upkeep
|turn|28
|
|t:|1661086255
|move|p1a: Arctozolt|Bolt Beak|p2a: Corviknight
|-supereffective|p2a: Corviknight
|-damage|p2a: Corviknight|0 fnt
|-damage|p1a: Arctozolt|74/100|[from] item: Rocky Helmet|[of] p2a: Corviknight
|faint|p2a: Corviknight
|
|-heal|p1a: Arctozolt|80/100|[from] item: Leftovers
|upkeep
|
|t:|1661086271
|switch|p2a: Tyranitar|Tyranitar, F|100/100
|-weather|Sandstorm|[from] ability: Sand Stream|[of] p2a: Tyranitar
|turn|29
|
|t:|1661086288
|move|p1a: Arctozolt|Bolt Beak|p2a: Tyranitar
|-damage|p2a: Tyranitar|30/100
|move|p2a: Tyranitar|Stone Edge|p1a: Arctozolt
|-supereffective|p1a: Arctozolt
|-damage|p1a: Arctozolt|0 fnt
|faint|p1a: Arctozolt
|
|-weather|Sandstorm|[upkeep]
|upkeep
|
|t:|1661086294
|switch|p1a: Volcanion|Volcanion|46/100
|turn|30
|-message|lt94jes e2x forfeited.
|
|win|PQPP214
|raw|lt94jes e2x's rating: 1617 &rarr; <strong>1598</strong><br />(-19 for losing)
|raw|PQPP214's rating: 1636 &rarr; <strong>1655</strong><br />(+19 for winning)
|l|☆lt94jes e2x
