|j|☆dracaufeu shiny
|j|☆HQSTest
|t:|1667583056
|gametype|singles
|player|p1|dracaufeu shiny|red|1684
|player|p2|HQSTest|veteranf|1695
|teamsize|p1|6
|teamsize|p2|6
|gen|8
|tier|[Gen 8] OU
|rated|
|rule|Sleep Clause Mod: Limit one foe put to sleep
|rule|Species Clause: Limit one of each Pokémon
|rule|OHKO Clause: OHKO moves are banned
|rule|Evasion Items Clause: Evasion items are banned
|rule|Evasion Moves Clause: Evasion moves are banned
|rule|Endless Battle Clause: Forcing endless battles is banned
|rule|HP Percentage Mod: HP is shown in percentages
|rule|Dynamax Clause: You cannot dynamax
|clearpoke
|poke|p1|Pelipper, M|
|poke|p1|Tyranitar, F|
|poke|p1|Ferrothorn, M|
|poke|p1|Zapdos|
|poke|p1|Urshifu-*, M|
|poke|p1|Excadrill, M|
|poke|p2|Melmetal|
|poke|p2|Tapu Fini|
|poke|p2|Weavile, F|
|poke|p2|Landorus-Therian, M|
|poke|p2|Dragonite, M|
|poke|p2|Excadrill, F|
|teampreview
|inactive|Battle timer is ON: inactive players will automatically lose when time's up. (requested by dracaufeu shiny)
|
|t:|1667583090
|start
|switch|p1a: Urshifu|Urshifu-Rapid-Strike, M|100/100
|switch|p2a: Melmetal|Melmetal|100/100
|turn|1
|-activate|p2a: Melmetal|item: Quick Claw
|
|t:|1667583100
|move|p2a: Melmetal|Thunder Punch|p1a: Urshifu
|-supereffective|p1a: Urshifu
|-damage|p1a: Urshifu|25/100
|move|p1a: Urshifu|U-turn|p2a: Melmetal
|-resisted|p2a: Melmetal
|-damage|p2a: Melmetal|94/100
|inactive|dracaufeu shiny has 120 seconds left.
|
|t:|1667583128
|switch|p1a: Ferrothorn|Ferrothorn, M|100/100|[from]move: U-turn
|
|upkeep
|turn|2
|c|☆dracaufeu shiny|Realy
|
|t:|1667583136
|switch|p2a: Excadrill|Excadrill, F|100/100
|-ability|p2a: Excadrill|Mold Breaker
|-item|p2a: Excadrill|Air Balloon
|move|p1a: Ferrothorn|Stealth Rock|p2a: Excadrill
|-sidestart|p2: HQSTest|move: Stealth Rock
|
|upkeep
|turn|3
|j| tricks av
|
|t:|1667583144
|move|p2a: Excadrill|Stealth Rock|p1a: Ferrothorn
|-sidestart|p1: dracaufeu shiny|move: Stealth Rock
|move|p1a: Ferrothorn|Knock Off|p2a: Excadrill
|-damage|p2a: Excadrill|72/100
|-enditem|p2a: Excadrill|Air Balloon
|
|upkeep
|turn|4
|
|t:|1667583149
|move|p2a: Excadrill|Rapid Spin|p1a: Ferrothorn
|-resisted|p1a: Ferrothorn
|-damage|p1a: Ferrothorn|96/100
|-boost|p2a: Excadrill|spe|1
|-damage|p2a: Excadrill|60/100|[from] ability: Iron Barbs|[of] p1a: Ferrothorn
|-sideend|p2: HQSTest|Stealth Rock|[from] move: Rapid Spin|[of] p2a: Excadrill
|move|p1a: Ferrothorn|Leech Seed|p2a: Excadrill
|-start|p2a: Excadrill|move: Leech Seed
|
|-heal|p1a: Ferrothorn|100/100|[from] item: Leftovers
|-damage|p2a: Excadrill|47/100|[from] Leech Seed|[of] p1a: Ferrothorn
|upkeep
|turn|5
|
|t:|1667583152
|move|p2a: Excadrill|Earthquake|p1a: Ferrothorn
|-damage|p1a: Ferrothorn|70/100
|move|p1a: Ferrothorn|Stealth Rock|p2a: Excadrill
|-sidestart|p2: HQSTest|move: Stealth Rock
|
|-heal|p1a: Ferrothorn|76/100|[from] item: Leftovers
|-damage|p2a: Excadrill|35/100|[from] Leech Seed|[of] p1a: Ferrothorn
|-heal|p1a: Ferrothorn|89/100|[silent]
|upkeep
|turn|6
|
|t:|1667583155
|move|p2a: Excadrill|Rapid Spin|p1a: Ferrothorn
|-resisted|p1a: Ferrothorn
|-damage|p1a: Ferrothorn|83/100
|-boost|p2a: Excadrill|spe|1
|-damage|p2a: Excadrill|22/100|[from] ability: Iron Barbs|[of] p1a: Ferrothorn
|-end|p2a: Excadrill|Leech Seed|[from] move: Rapid Spin|[of] p2a: Excadrill
|-sideend|p2: HQSTest|Stealth Rock|[from] move: Rapid Spin|[of] p2a: Excadrill
|move|p1a: Ferrothorn|Knock Off|p2a: Excadrill
|-damage|p2a: Excadrill|1/100
|
|-heal|p1a: Ferrothorn|90/100|[from] item: Leftovers
|upkeep
|turn|7
|
|t:|1667583158
|move|p2a: Excadrill|Earthquake|p1a: Ferrothorn
|-damage|p1a: Ferrothorn|57/100
|move|p1a: Ferrothorn|Stealth Rock|p2a: Excadrill
|-sidestart|p2: HQSTest|move: Stealth Rock
|
|-heal|p1a: Ferrothorn|64/100|[from] item: Leftovers
|upkeep
|turn|8
|
|t:|1667583162
|move|p2a: Excadrill|Earthquake|p1a: Ferrothorn
|-damage|p1a: Ferrothorn|32/100
|move|p1a: Ferrothorn|Stealth Rock||[still]
|-fail|p1a: Ferrothorn
|
|-heal|p1a: Ferrothorn|38/100|[from] item: Leftovers
|upkeep
|turn|9
|
|t:|1667583166
|move|p2a: Excadrill|Earthquake|p1a: Ferrothorn
|-damage|p1a: Ferrothorn|8/100
|move|p1a: Ferrothorn|Stealth Rock||[still]
|-fail|p1a: Ferrothorn
|
|-heal|p1a: Ferrothorn|14/100|[from] item: Leftovers
|upkeep
|turn|10
|
|t:|1667583169
|move|p2a: Excadrill|Earthquake|p1a: Ferrothorn
|-damage|p1a: Ferrothorn|0 fnt
|faint|p1a: Ferrothorn
|
|upkeep
|
|t:|1667583173
|switch|p1a: Zapdos|Zapdos|100/100
|turn|11
|
|t:|1667583176
|move|p2a: Excadrill|Rapid Spin|p1a: Zapdos
|-damage|p1a: Zapdos|86/100
|-boost|p2a: Excadrill|spe|1
|-sideend|p2: HQSTest|Stealth Rock|[from] move: Rapid Spin|[of] p2a: Excadrill
|move|p1a: Zapdos|Hurricane|p2a: Excadrill
|-resisted|p2a: Excadrill
|-damage|p2a: Excadrill|0 fnt
|faint|p2a: Excadrill
|
|upkeep
|
|t:|1667583201
|switch|p2a: Landorus|Landorus-Therian, M|100/100
|-ability|p2a: Landorus|Intimidate|boost
|-unboost|p1a: Zapdos|atk|1
|turn|12
|
|t:|1667583203
|move|p2a: Landorus|Stone Edge|p1a: Zapdos
|-supereffective|p1a: Zapdos
|-damage|p1a: Zapdos|5/100
|move|p1a: Zapdos|Hurricane|p2a: Landorus
|-damage|p2a: Landorus|44/100
|
|upkeep
|turn|13
|
|t:|1667583209
|switch|p1a: Excadrill|Excadrill, M|100/100
|-damage|p1a: Excadrill|97/100|[from] Stealth Rock
|move|p2a: Landorus|U-turn|p1a: Excadrill
|-resisted|p1a: Excadrill
|-damage|p1a: Excadrill|80/100
|
|t:|1667583216
|switch|p2a: Weavile|Weavile, F|100/100|[from]move: U-turn
|
|-heal|p1a: Excadrill|86/100|[from] item: Leftovers
|upkeep
|turn|14
|
|t:|1667583224
|switch|p1a: Zapdos|Zapdos|5/100
|move|p2a: Weavile|Knock Off|p1a: Zapdos
|-damage|p1a: Zapdos|0 fnt
|-enditem|p1a: Zapdos|Heavy-Duty Boots|[from] move: Knock Off|[of] p2a: Weavile
|faint|p1a: Zapdos
|
|upkeep
|
|t:|1667583226
|switch|p1a: Tyranitar|Tyranitar, F|100/100
|-damage|p1a: Tyranitar|88/100|[from] Stealth Rock
|-weather|Sandstorm|[from] ability: Sand Stream|[of] p1a: Tyranitar
|turn|15
|
|t:|1667583229
|switch|p2a: Landorus|Landorus-Therian, M|44/100
|-ability|p2a: Landorus|Intimidate|boost
|-unboost|p1a: Tyranitar|atk|1
|move|p1a: Tyranitar|Crunch|p2a: Landorus
|-damage|p2a: Landorus|0 fnt
|faint|p2a: Landorus
|
|-weather|Sandstorm|[upkeep]
|upkeep
|
|t:|1667583246
|switch|p2a: Tapu Fini|Tapu Fini|100/100
|-fieldstart|move: Misty Terrain|[from] ability: Misty Surge|[of] p2a: Tapu Fini
|turn|16
|
|t:|1667583251
|switch|p1a: Excadrill|Excadrill, M|86/100
|-damage|p1a: Excadrill|83/100|[from] Stealth Rock
|move|p2a: Tapu Fini|Calm Mind|p2a: Tapu Fini
|-boost|p2a: Tapu Fini|spa|1
|-boost|p2a: Tapu Fini|spd|1
|
|-weather|Sandstorm|[upkeep]
|-damage|p2a: Tapu Fini|94/100|[from] Sandstorm
|-heal|p1a: Excadrill|89/100|[from] item: Leftovers
|-heal|p2a: Tapu Fini|100/100|[from] item: Leftovers
|upkeep
|turn|17
|
|t:|1667583254
|move|p1a: Excadrill|Rapid Spin|p2a: Tapu Fini
|-damage|p2a: Tapu Fini|86/100
|-boost|p1a: Excadrill|spe|1
|-sideend|p1: dracaufeu shiny|Stealth Rock|[from] move: Rapid Spin|[of] p1a: Excadrill
|move|p2a: Tapu Fini|Scald|p1a: Excadrill
|-supereffective|p1a: Excadrill
|-damage|p1a: Excadrill|0 fnt
|faint|p1a: Excadrill
|
|-weather|Sandstorm|[upkeep]
|-damage|p2a: Tapu Fini|80/100|[from] Sandstorm
|-heal|p2a: Tapu Fini|86/100|[from] item: Leftovers
|upkeep
|
|t:|1667583259
|switch|p1a: Pelipper|Pelipper, M|100/100
|-weather|RainDance|[from] ability: Drizzle|[of] p1a: Pelipper
|turn|18
|
|t:|1667583262
|move|p2a: Tapu Fini|Substitute|p2a: Tapu Fini
|-start|p2a: Tapu Fini|Substitute
|-damage|p2a: Tapu Fini|61/100
|move|p1a: Pelipper|Hurricane|p2a: Tapu Fini
|-end|p2a: Tapu Fini|Substitute
|
|-weather|RainDance|[upkeep]
|-heal|p2a: Tapu Fini|67/100|[from] item: Leftovers
|upkeep
|turn|19
|
|t:|1667583267
|move|p2a: Tapu Fini|Draining Kiss|p1a: Pelipper
|-damage|p1a: Pelipper|60/100
|-heal|p2a: Tapu Fini|90/100|[from] drain|[of] p1a: Pelipper
|move|p1a: Pelipper|Hurricane|p2a: Tapu Fini
|-damage|p2a: Tapu Fini|46/100
|
|-weather|RainDance|[upkeep]
|-heal|p2a: Tapu Fini|52/100|[from] item: Leftovers
|upkeep
|turn|20
|
|t:|1667583271
|move|p2a: Tapu Fini|Calm Mind|p2a: Tapu Fini
|-boost|p2a: Tapu Fini|spa|1
|-boost|p2a: Tapu Fini|spd|1
|move|p1a: Pelipper|Hurricane|p2a: Tapu Fini
|-damage|p2a: Tapu Fini|23/100
|
|-weather|RainDance|[upkeep]
|-heal|p2a: Tapu Fini|30/100|[from] item: Leftovers
|-fieldend|Misty Terrain
|upkeep
|turn|21
|
|t:|1667583274
|move|p2a: Tapu Fini|Draining Kiss|p1a: Pelipper
|-damage|p1a: Pelipper|4/100
|-heal|p2a: Tapu Fini|62/100|[from] drain|[of] p1a: Pelipper
|move|p1a: Pelipper|Hurricane|p2a: Tapu Fini
|-damage|p2a: Tapu Fini|30/100
|-start|p2a: Tapu Fini|confusion
|
|-weather|RainDance|[upkeep]
|-heal|p2a: Tapu Fini|37/100|[from] item: Leftovers
|upkeep
|turn|22
|
|t:|1667583277
|-activate|p2a: Tapu Fini|confusion
|-damage|p2a: Tapu Fini|31/100|[from] confusion
|move|p1a: Pelipper|Hurricane|p2a: Tapu Fini
|-damage|p2a: Tapu Fini|3/100
|
|-weather|none
|-heal|p2a: Tapu Fini|10/100|[from] item: Leftovers
|upkeep
|turn|23
|
|t:|1667583280
|-activate|p2a: Tapu Fini|confusion
|move|p2a: Tapu Fini|Draining Kiss|p1a: Pelipper
|-damage|p1a: Pelipper|0 fnt
|-heal|p2a: Tapu Fini|11/100|[from] drain|[of] p1a: Pelipper
|faint|p1a: Pelipper
|
|-heal|p2a: Tapu Fini|17/100|[from] item: Leftovers
|upkeep
|
|t:|1667583284
|switch|p1a: Urshifu|Urshifu-Rapid-Strike, M|25/100
|turn|24
|
|t:|1667583292
|move|p1a: Urshifu|Surging Strikes|p2a: Tapu Fini
|-resisted|p2a: Tapu Fini
|-crit|p2a: Tapu Fini
|-damage|p2a: Tapu Fini|8/100
|-resisted|p2a: Tapu Fini
|-crit|p2a: Tapu Fini
|-damage|p2a: Tapu Fini|0 fnt
|faint|p2a: Tapu Fini
|-hitcount|p2: Tapu Fini|2
|
|upkeep
|
|t:|1667583310
|switch|p2a: Weavile|Weavile, F|100/100
|turn|25
|
|t:|1667583314
|move|p1a: Urshifu|Surging Strikes|p2a: Weavile
|-crit|p2a: Weavile
|-damage|p2a: Weavile|63/100
|-crit|p2a: Weavile
|-damage|p2a: Weavile|28/100
|-crit|p2a: Weavile
|-damage|p2a: Weavile|0 fnt
|faint|p2a: Weavile
|-hitcount|p2: Weavile|3
|
|upkeep
|
|t:|1667583323
|switch|p2a: Melmetal|Melmetal|94/100
|turn|26
|
|t:|1667583327
|move|p1a: Urshifu|Surging Strikes|p2a: Melmetal
|-crit|p2a: Melmetal
|-damage|p2a: Melmetal|81/100
|-crit|p2a: Melmetal
|-damage|p2a: Melmetal|68/100
|-crit|p2a: Melmetal
|-damage|p2a: Melmetal|55/100
|-hitcount|p2a: Melmetal|3
|move|p2a: Melmetal|Double Iron Bash|p1a: Urshifu
|-resisted|p1a: Urshifu
|-crit|p1a: Urshifu
|-damage|p1a: Urshifu|0 fnt
|faint|p1a: Urshifu
|-hitcount|p1: Urshifu|1
|
|upkeep
|
|t:|1667583332
|switch|p1a: Tyranitar|Tyranitar, F|88/100
|-weather|Sandstorm|[from] ability: Sand Stream|[of] p1a: Tyranitar
|turn|27
|
|t:|1667583335
|move|p1a: Tyranitar|Crunch|p2a: Melmetal
|-damage|p2a: Melmetal|10/100
|move|p2a: Melmetal|Double Iron Bash|p1a: Tyranitar
|-supereffective|p1a: Tyranitar
|-damage|p1a: Tyranitar|11/100
|-supereffective|p1a: Tyranitar
|-damage|p1a: Tyranitar|0 fnt
|faint|p1a: Tyranitar
|-hitcount|p1: Tyranitar|2
|
|win|HQSTest
|raw|dracaufeu shiny's rating: 1684 &rarr; <strong>1665</strong><br />(-19 for losing)
|raw|HQSTest's rating: 1695 &rarr; <strong>1714</strong><br />(+19 for winning)
|l|☆dracaufeu shiny
