|j|☆will-i-am2
|j|☆Steve Omelette
|t:|1656167598
|gametype|singles
|player|p1|will-i-am2|102|1801
|player|p2|Steve Omelette|170|1917
|teamsize|p1|6
|teamsize|p2|6
|gen|8
|tier|[Gen 8] OU
|rated|
|rule|Sleep Clause Mod: Limit one foe put to sleep
|rule|Species Clause: Limit one of each Pokémon
|rule|OHKO Clause: OHKO moves are banned
|rule|Evasion Moves Clause: Evasion moves are banned
|rule|Endless Battle Clause: Forcing endless battles is banned
|rule|HP Percentage Mod: HP is shown in percentages
|rule|Dynamax Clause: You cannot dynamax
|clearpoke
|poke|p1|Registeel|
|poke|p1|Hydreigon, M|
|poke|p1|Slowbro, F|
|poke|p1|Mandibuzz, F|
|poke|p1|Mamoswine, M|
|poke|p1|Mimikyu, M|
|poke|p2|Tapu Fini|
|poke|p2|Weavile, M|
|poke|p2|Landorus-Therian, M|
|poke|p2|Zapdos|
|poke|p2|Melmetal|
|poke|p2|Buzzwole|
|teampreview
|inactive|Battle timer is ON: inactive players will automatically lose when time's up. (requested by will-i-am2)
|inactive|Steve Omelette has 120 seconds left.
|j| wtmzjqf
|c|☆will-i-am2|rapido
|
|t:|1656167663
|start
|switch|p1a: Mamoswine|Mamoswine, M|100/100
|switch|p2a: Buzzwole|Buzzwole|100/100
|turn|1
|j| 8th Hokage Killua
|inactive|will-i-am2 has 120 seconds left.
|j| that's the worst
|
|t:|1656167706
|switch|p1a: Mandibuzz|Mandibuzz, F|100/100
|move|p2a: Buzzwole|Close Combat|p1a: Mandibuzz
|-damage|p1a: Mandibuzz|36/100
|-unboost|p2a: Buzzwole|def|1
|-unboost|p2a: Buzzwole|spd|1
|-damage|p2a: Buzzwole|84/100|[from] item: Rocky Helmet|[of] p1a: Mandibuzz
|
|upkeep
|turn|2
|
|t:|1656167714
|switch|p2a: Tapu Fini|Tapu Fini|100/100
|-fieldstart|move: Misty Terrain|[from] ability: Misty Surge|[of] p2a: Tapu Fini
|switch|p1a: Slowbro|Slowbro, F|100/100
|
|upkeep
|turn|3
|inactive|will-i-am2 has 120 seconds left.
|
|t:|1656167723
|move|p2a: Tapu Fini|Whirlpool|p1a: Slowbro
|-resisted|p1a: Slowbro
|-damage|p1a: Slowbro|94/100
|-activate|p1a: Slowbro|move: Whirlpool|[of] p2a: Tapu Fini
|move|p1a: Slowbro|Psychic|p2a: Tapu Fini
|-damage|p2a: Tapu Fini|70/100
|
|-heal|p2a: Tapu Fini|76/100|[from] item: Leftovers
|-heal|p1a: Slowbro|100/100|[from] item: Leftovers
|-damage|p1a: Slowbro|88/100|[from] move: Whirlpool|[partiallytrapped]
|upkeep
|turn|4
|
|t:|1656167726
|move|p2a: Tapu Fini|Taunt|p1a: Slowbro
|-start|p1a: Slowbro|move: Taunt
|move|p1a: Slowbro|Psychic|p2a: Tapu Fini
|-damage|p2a: Tapu Fini|43/100
|
|-heal|p2a: Tapu Fini|49/100|[from] item: Leftovers
|-heal|p1a: Slowbro|94/100|[from] item: Leftovers
|-damage|p1a: Slowbro|82/100|[from] move: Whirlpool|[partiallytrapped]
|upkeep
|turn|5
|
|t:|1656167728
|move|p2a: Tapu Fini|Nature's Madness|p1a: Slowbro
|-damage|p1a: Slowbro|41/100
|move|p1a: Slowbro|Psychic|p2a: Tapu Fini
|-damage|p2a: Tapu Fini|20/100
|-unboost|p2a: Tapu Fini|spd|1
|
|-heal|p2a: Tapu Fini|26/100|[from] item: Leftovers
|-heal|p1a: Slowbro|47/100|[from] item: Leftovers
|-damage|p1a: Slowbro|35/100|[from] move: Whirlpool|[partiallytrapped]
|upkeep
|turn|6
|
|t:|1656167732
|switch|p2a: Weavile|Weavile, M|100/100
|-ability|p2a: Weavile|Pressure
|move|p1a: Slowbro|Psychic|p2a: Weavile
|-immune|p2a: Weavile
|
|-heal|p1a: Slowbro|41/100|[from] item: Leftovers
|-end|p1a: Slowbro|Whirlpool|[partiallytrapped]|[silent]
|-end|p1a: Slowbro|move: Taunt
|-fieldend|Misty Terrain
|upkeep
|turn|7
|inactive|will-i-am2 has 120 seconds left.
|
|t:|1656167770
|switch|p1a: Mandibuzz|Mandibuzz, F|36/100
|move|p2a: Weavile|Beat Up|p1a: Mandibuzz
|-resisted|p1a: Mandibuzz
|-damage|p1a: Mandibuzz|31/100
|-resisted|p1a: Mandibuzz
|-damage|p1a: Mandibuzz|29/100
|-resisted|p1a: Mandibuzz
|-damage|p1a: Mandibuzz|24/100
|-resisted|p1a: Mandibuzz
|-damage|p1a: Mandibuzz|21/100
|-resisted|p1a: Mandibuzz
|-damage|p1a: Mandibuzz|16/100
|-resisted|p1a: Mandibuzz
|-damage|p1a: Mandibuzz|12/100
|-hitcount|p1a: Mandibuzz|6
|
|upkeep
|turn|8
|inactive|will-i-am2 has 120 seconds left.
|j| vepp
|
|t:|1656167781
|move|p2a: Weavile|Beat Up|p1a: Mandibuzz
|-resisted|p1a: Mandibuzz
|-damage|p1a: Mandibuzz|7/100
|-resisted|p1a: Mandibuzz
|-crit|p1a: Mandibuzz
|-damage|p1a: Mandibuzz|3/100
|-resisted|p1a: Mandibuzz
|-damage|p1a: Mandibuzz|0 fnt
|faint|p1a: Mandibuzz
|-hitcount|p1: Mandibuzz|3
|
|upkeep
|
|t:|1656167783
|switch|p1a: Hydreigon|Hydreigon, M|100/100
|turn|9
|
|t:|1656167789
|switch|p2a: Landorus|Landorus-Therian, M|100/100
|-ability|p2a: Landorus|Intimidate|boost
|-unboost|p1a: Hydreigon|atk|1
|move|p1a: Hydreigon|Nasty Plot|p1a: Hydreigon
|-boost|p1a: Hydreigon|spa|2
|
|upkeep
|turn|10
|
|t:|1656167792
|move|p1a: Hydreigon|Draco Meteor|p2a: Landorus
|-damage|p2a: Landorus|0 fnt
|-unboost|p1a: Hydreigon|spa|2
|faint|p2a: Landorus
|
|upkeep
|
|t:|1656167795
|switch|p2a: Weavile|Weavile, M|100/100
|-ability|p2a: Weavile|Pressure
|turn|11
|
|t:|1656167799
|switch|p1a: Registeel|Registeel|100/100
|move|p2a: Weavile|Beat Up|p1a: Registeel
|-damage|p1a: Registeel|91/100
|-damage|p1a: Registeel|86/100
|-damage|p1a: Registeel|78/100
|-damage|p1a: Registeel|68/100
|-damage|p1a: Registeel|59/100
|-hitcount|p1a: Registeel|5
|
|-heal|p1a: Registeel|65/100|[from] item: Leftovers
|upkeep
|turn|12
|
|t:|1656167808
|switch|p2a: Tapu Fini|Tapu Fini|26/100
|-fieldstart|move: Misty Terrain|[from] ability: Misty Surge|[of] p2a: Tapu Fini
|move|p1a: Registeel|Stealth Rock|p2a: Tapu Fini
|-sidestart|p2: Steve Omelette|move: Stealth Rock
|
|-heal|p2a: Tapu Fini|32/100|[from] item: Leftovers
|-heal|p1a: Registeel|71/100|[from] item: Leftovers
|upkeep
|turn|13
|
|t:|1656167814
|move|p2a: Tapu Fini|Nature's Madness|p1a: Registeel
|-damage|p1a: Registeel|36/100
|move|p1a: Registeel|Seismic Toss|p2a: Tapu Fini
|-damage|p2a: Tapu Fini|3/100
|
|-heal|p2a: Tapu Fini|9/100|[from] item: Leftovers
|-heal|p1a: Registeel|42/100|[from] item: Leftovers
|upkeep
|turn|14
|
|t:|1656167821
|move|p2a: Tapu Fini|Nature's Madness|p1a: Registeel
|-damage|p1a: Registeel|21/100
|move|p1a: Registeel|Seismic Toss|p2a: Tapu Fini
|-damage|p2a: Tapu Fini|0 fnt
|faint|p2a: Tapu Fini
|
|-heal|p1a: Registeel|27/100|[from] item: Leftovers
|upkeep
|
|t:|1656167824
|switch|p2a: Weavile|Weavile, M|100/100
|-damage|p2a: Weavile|76/100|[from] Stealth Rock
|-ability|p2a: Weavile|Pressure
|turn|15
|
|t:|1656167833
|move|p2a: Weavile|Knock Off|p1a: Registeel
|-damage|p1a: Registeel|0 fnt
|-enditem|p1a: Registeel|Leftovers|[from] move: Knock Off|[of] p2a: Weavile
|faint|p1a: Registeel
|
|upkeep
|
|t:|1656167847
|switch|p1a: Hydreigon|Hydreigon, M|100/100
|turn|16
|
|t:|1656167868
|switch|p2a: Zapdos|Zapdos|100/100
|move|p1a: Hydreigon|Draco Meteor|p2a: Zapdos
|-damage|p2a: Zapdos|24/100
|-unboost|p1a: Hydreigon|spa|2
|
|-fieldend|Misty Terrain
|upkeep
|turn|17
|
|t:|1656167877
|move|p1a: Hydreigon|Dark Pulse|p2a: Zapdos
|-damage|p2a: Zapdos|2/100
|move|p2a: Zapdos|Defog|p1a: Hydreigon
|-unboost|p1a: Hydreigon|evasion|1
|-sideend|p2: Steve Omelette|Stealth Rock|[from] move: Defog|[of] p2a: Zapdos
|
|upkeep
|turn|18
|
|t:|1656167882
|move|p1a: Hydreigon|Dark Pulse|p2a: Zapdos
|-damage|p2a: Zapdos|0 fnt
|faint|p2a: Zapdos
|
|upkeep
|
|t:|1656167887
|switch|p2a: Melmetal|Melmetal|100/100
|turn|19
|j| Ran Kob
|j| TwoTreesWaiting
|
|t:|1656167891
|switch|p1a: Slowbro|Slowbro, F|74/100
|move|p2a: Melmetal|Toxic|p1a: Slowbro
|-status|p1a: Slowbro|tox
|
|-heal|p1a: Slowbro|80/100 tox|[from] item: Leftovers
|-damage|p1a: Slowbro|74/100 tox|[from] psn
|upkeep
|turn|20
|
|t:|1656167899
|switch|p2a: Weavile|Weavile, M|76/100
|-ability|p2a: Weavile|Pressure
|move|p1a: Slowbro|Scald|p2a: Weavile
|-damage|p2a: Weavile|22/100
|-status|p2a: Weavile|brn
|
|-heal|p1a: Slowbro|80/100 tox|[from] item: Leftovers
|-damage|p1a: Slowbro|68/100 tox|[from] psn
|-damage|p2a: Weavile|16/100 brn|[from] brn
|upkeep
|turn|21
|
|t:|1656167906
|switch|p1a: Hydreigon|Hydreigon, M|100/100
|move|p2a: Weavile|Knock Off|p1a: Hydreigon
|-resisted|p1a: Hydreigon
|-damage|p1a: Hydreigon|77/100
|-enditem|p1a: Hydreigon|Wise Glasses|[from] move: Knock Off|[of] p2a: Weavile
|
|-damage|p2a: Weavile|10/100 brn|[from] brn
|upkeep
|turn|22
|-message|Steve Omelette forfeited.
|
|win|will-i-am2
|raw|will-i-am2's rating: 1801 &rarr; <strong>1827</strong><br />(+26 for winning)
|raw|Steve Omelette's rating: 1917 &rarr; <strong>1891</strong><br />(-26 for losing)
|l|☆Steve Omelette
|l| Ran Kob
|l| vepp
||Ladder isn't responding, score probably updated but might not have (Request timeout).
