|j|☆minimax_ai
|j|☆iopkj09
|t:|1662884567
|gametype|singles
|player|p1|minimax_ai|lusamine-nihilego|1466
|player|p2|iopkj09|nate|1452
|teamsize|p1|6
|teamsize|p2|6
|gen|8
|tier|[Gen 8] OU
|rated|
|rule|Sleep Clause Mod: Limit one foe put to sleep
|rule|Species Clause: Limit one of each Pokémon
|rule|OHKO Clause: OHKO moves are banned
|rule|Evasion Items Clause: Evasion items are banned
|rule|Evasion Moves Clause: Evasion moves are banned
|rule|Endless Battle Clause: Forcing endless battles is banned
|rule|HP Percentage Mod: HP is shown in percentages
|rule|Dynamax Clause: You cannot dynamax
|clearpoke
|poke|p1|Rotom-Wash|
|poke|p1|Weavile, F|
|poke|p1|Landorus-Therian, M|
|poke|p1|Heatran, M|
|poke|p1|Tangrowth, F|
|poke|p1|Melmetal|
|poke|p2|Garchomp, M|
|poke|p2|Mamoswine, M|
|poke|p2|Zapdos|
|poke|p2|Rillaboom, M|
|poke|p2|Tapu Lele|
|poke|p2|Rotom-Wash|
|teampreview
|inactive|Battle timer is ON: inactive players will automatically lose when time's up. (requested by iopkj09)
|c|☆minimax_ai|hf
|inactive|minimax_ai also wants the timer to be on.
|
|t:|1662884576
|start
|switch|p1a: landorustherian|Landorus-Therian, M|100/100
|switch|p2a: Rotom|Rotom-Wash, shiny|100/100
|-ability|p1a: landorustherian|Intimidate|boost
|-unboost|p2a: Rotom|atk|1
|turn|1
|
|t:|1662884579
|move|p1a: landorustherian|U-turn|p2a: Rotom
|-damage|p2a: Rotom|80/100
|
|t:|1662884579
|switch|p1a: Tangrowth|Tangrowth, F|100/100|[from]move: U-turn
|move|p2a: Rotom|Toxic|p1a: Tangrowth
|-status|p1a: Tangrowth|tox
|
|-heal|p2a: Rotom|86/100|[from] item: Leftovers
|-damage|p1a: Tangrowth|94/100 tox|[from] psn
|upkeep
|turn|2
|
|t:|1662884585
|move|p2a: Rotom|Volt Switch|p1a: Tangrowth
|-resisted|p1a: Tangrowth
|-damage|p1a: Tangrowth|77/100 tox
|
|t:|1662884588
|switch|p2a: Rillaboom|Rillaboom, M|100/100|[from]move: Volt Switch
|-fieldstart|move: Grassy Terrain|[from] ability: Grassy Surge|[of] p2a: Rillaboom
|move|p1a: Tangrowth|Giga Drain|p2a: Rillaboom
|-resisted|p2a: Rillaboom
|-damage|p2a: Rillaboom|76/100
|-heal|p1a: Tangrowth|88/100 tox|[from] drain|[of] p2a: Rillaboom
|
|-heal|p2a: Rillaboom|82/100|[from] Grassy Terrain
|-heal|p1a: Tangrowth|94/100 tox|[from] Grassy Terrain
|-damage|p1a: Tangrowth|82/100 tox|[from] psn
|upkeep
|turn|3
|
|t:|1662884592
|switch|p1a: landorustherian|Landorus-Therian, M|100/100
|-ability|p1a: landorustherian|Intimidate|boost
|-unboost|p2a: Rillaboom|atk|1
|move|p2a: Rillaboom|Swords Dance|p2a: Rillaboom
|-boost|p2a: Rillaboom|atk|2
|
|-heal|p2a: Rillaboom|88/100|[from] Grassy Terrain
|upkeep
|turn|4
|
|t:|1662884595
|move|p2a: Rillaboom|Grassy Glide|p1a: landorustherian
|-damage|p1a: landorustherian|0 fnt
|faint|p1a: landorustherian
|-damage|p2a: Rillaboom|78/100|[from] item: Life Orb
|
|-heal|p2a: Rillaboom|84/100|[from] Grassy Terrain
|upkeep
|
|t:|1662884595
|switch|p1a: Heatran|Heatran, M|100/100
|-item|p1a: Heatran|Air Balloon
|turn|5
|
|t:|1662884599
|move|p2a: Rillaboom|Grassy Glide|p1a: Heatran
|-resisted|p1a: Heatran
|-damage|p1a: Heatran|76/100
|-enditem|p1a: Heatran|Air Balloon
|-damage|p2a: Rillaboom|74/100|[from] item: Life Orb
|move|p1a: Heatran|Eruption|p2a: Rillaboom
|-supereffective|p2a: Rillaboom
|-damage|p2a: Rillaboom|0 fnt
|faint|p2a: Rillaboom
|
|-heal|p1a: Heatran|82/100|[from] Grassy Terrain
|upkeep
|
|t:|1662884606
|switch|p2a: Zapdos|Zapdos, shiny|100/100
|turn|6
|
|t:|1662884609
|move|p2a: Zapdos|Thunder Wave|p1a: Heatran
|-status|p1a: Heatran|par
|move|p1a: Heatran|Magma Storm|p2a: Zapdos
|-damage|p2a: Zapdos|39/100
|-activate|p2a: Zapdos|move: Magma Storm|[of] p1a: Heatran
|
|-heal|p1a: Heatran|88/100 par|[from] Grassy Terrain
|-damage|p2a: Zapdos|27/100|[from] move: Magma Storm|[partiallytrapped]
|-fieldend|move: Grassy Terrain
|upkeep
|turn|7
|
|t:|1662884612
|switch|p1a: Weavile|Weavile, F|100/100
|-ability|p1a: Weavile|Pressure
|move|p2a: Zapdos|Thunderbolt|p1a: Weavile
|-damage|p1a: Weavile|38/100
|-status|p1a: Weavile|par
|
|-end|p2a: Zapdos|Magma Storm|[partiallytrapped]|[silent]
|upkeep
|turn|8
|
|t:|1662884615
|move|p1a: Weavile|Ice Shard|p2a: Zapdos
|-supereffective|p2a: Zapdos
|-damage|p2a: Zapdos|0 fnt
|faint|p2a: Zapdos
|
|upkeep
|
|t:|1662884617
|switch|p2a: Tapu Lele|Tapu Lele|100/100
|-fieldstart|move: Psychic Terrain|[from] ability: Psychic Surge|[of] p2a: Tapu Lele
|turn|9
|
|t:|1662884622
|switch|p1a: Melmetal|Melmetal|100/100
|move|p2a: Tapu Lele|Moonblast|p1a: Melmetal
|-resisted|p1a: Melmetal
|-damage|p1a: Melmetal|80/100
|-unboost|p1a: Melmetal|spa|1
|
|upkeep
|turn|10
|
|t:|1662884625
|switch|p2a: Rotom|Rotom-Wash, shiny|86/100
|move|p1a: Melmetal|Ice Punch|p2a: Rotom
|-resisted|p2a: Rotom
|-damage|p2a: Rotom|71/100
|
|-heal|p2a: Rotom|77/100|[from] item: Leftovers
|upkeep
|turn|11
|
|t:|1662884626
|switch|p1a: rotomwash|Rotom-Wash|100/100
|move|p2a: Rotom|Will-O-Wisp|p1a: rotomwash
|-status|p1a: rotomwash|brn
|
|-heal|p2a: Rotom|83/100|[from] item: Leftovers
|-damage|p1a: rotomwash|94/100 brn|[from] brn
|upkeep
|turn|12
|
|t:|1662884630
|move|p1a: rotomwash|Thunderbolt|p2a: Rotom
|-damage|p2a: Rotom|54/100
|move|p2a: Rotom|Volt Switch|p1a: rotomwash
|-damage|p1a: rotomwash|66/100 brn
|
|t:|1662884633
|switch|p2a: Tapu Lele|Tapu Lele|100/100|[from]move: Volt Switch
|
|-heal|p1a: rotomwash|72/100 brn|[from] item: Leftovers
|-damage|p1a: rotomwash|66/100 brn|[from] brn
|upkeep
|turn|13
|
|t:|1662884635
|switch|p1a: Melmetal|Melmetal|80/100
|move|p2a: Tapu Lele|Psychic|p1a: Melmetal
|-resisted|p1a: Melmetal
|-damage|p1a: Melmetal|54/100
|
|-fieldend|move: Psychic Terrain
|upkeep
|turn|14
|
|t:|1662884640
|move|p2a: Tapu Lele|Psychic|p1a: Melmetal
|-resisted|p1a: Melmetal
|-damage|p1a: Melmetal|31/100
|move|p1a: Melmetal|Double Iron Bash|p2a: Tapu Lele
|-supereffective|p2a: Tapu Lele
|-damage|p2a: Tapu Lele|0 fnt
|faint|p2a: Tapu Lele
|-hitcount|p2: Tapu Lele|1
|
|upkeep
|
|t:|1662884643
|switch|p2a: Mamoswine|Mamoswine, M|100/100
|turn|15
|
|t:|1662884648
|switch|p1a: Tangrowth|Tangrowth, F|100/100 tox
|move|p2a: Mamoswine|Earthquake|p1a: Tangrowth
|-resisted|p1a: Tangrowth
|-damage|p1a: Tangrowth|86/100 tox
|
|-damage|p1a: Tangrowth|80/100 tox|[from] psn
|upkeep
|turn|16
|
|t:|1662884650
|switch|p1a: rotomwash|Rotom-Wash|66/100 brn
|move|p2a: Mamoswine|Icicle Crash|p1a: rotomwash
|-resisted|p1a: rotomwash
|-crit|p1a: rotomwash
|-damage|p1a: rotomwash|26/100 brn
|
|-heal|p1a: rotomwash|32/100 brn|[from] item: Leftovers
|-damage|p1a: rotomwash|26/100 brn|[from] brn
|upkeep
|turn|17
|
|t:|1662884652
|move|p1a: rotomwash|Pain Split|p2a: Mamoswine
|-sethp|p2a: Mamoswine|61/100|[from] move: Pain Split|[silent]
|-sethp|p1a: rotomwash|73/100 brn|[from] move: Pain Split
|move|p2a: Mamoswine|Icicle Crash|p1a: rotomwash
|-resisted|p1a: rotomwash
|-damage|p1a: rotomwash|48/100 brn
|
|-heal|p1a: rotomwash|54/100 brn|[from] item: Leftovers
|-damage|p1a: rotomwash|48/100 brn|[from] brn
|upkeep
|turn|18
|
|t:|1662884654
|move|p1a: rotomwash|Pain Split|p2a: Mamoswine
|-sethp|p2a: Mamoswine|50/100|[from] move: Pain Split|[silent]
|-sethp|p1a: rotomwash|60/100 brn|[from] move: Pain Split
|move|p2a: Mamoswine|Icicle Crash|p1a: rotomwash
|-resisted|p1a: rotomwash
|-damage|p1a: rotomwash|35/100 brn
|
|-heal|p1a: rotomwash|42/100 brn|[from] item: Leftovers
|-damage|p1a: rotomwash|35/100 brn|[from] brn
|upkeep
|turn|19
|
|t:|1662884657
|move|p1a: rotomwash|Pain Split|p2a: Mamoswine
|-sethp|p2a: Mamoswine|40/100|[from] move: Pain Split|[silent]
|-sethp|p1a: rotomwash|48/100 brn|[from] move: Pain Split
|move|p2a: Mamoswine|Icicle Crash|p1a: rotomwash|[miss]
|-miss|p2a: Mamoswine|p1a: rotomwash
|
|-heal|p1a: rotomwash|54/100 brn|[from] item: Leftovers
|-damage|p1a: rotomwash|48/100 brn|[from] brn
|upkeep
|turn|20
|
|t:|1662884658
|move|p1a: rotomwash|Pain Split|p2a: Mamoswine
|-sethp|p2a: Mamoswine|40/100|[from] move: Pain Split|[silent]
|-sethp|p1a: rotomwash|48/100 brn|[from] move: Pain Split
|move|p2a: Mamoswine|Icicle Crash|p1a: rotomwash
|-resisted|p1a: rotomwash
|-damage|p1a: rotomwash|24/100 brn
|
|-heal|p1a: rotomwash|30/100 brn|[from] item: Leftovers
|-damage|p1a: rotomwash|24/100 brn|[from] brn
|upkeep
|turn|21
|
|t:|1662884661
|switch|p2a: Rotom|Rotom-Wash, shiny|54/100
|move|p1a: rotomwash|Pain Split|p2a: Rotom
|-sethp|p2a: Rotom|39/100|[from] move: Pain Split|[silent]
|-sethp|p1a: rotomwash|39/100 brn|[from] move: Pain Split
|
|-heal|p1a: rotomwash|45/100 brn|[from] item: Leftovers
|-heal|p2a: Rotom|45/100|[from] item: Leftovers
|-damage|p1a: rotomwash|39/100 brn|[from] brn
|upkeep
|turn|22
|
|t:|1662884664
|move|p1a: rotomwash|Pain Split|p2a: Rotom
|-sethp|p2a: Rotom|42/100|[from] move: Pain Split|[silent]
|-sethp|p1a: rotomwash|42/100 brn|[from] move: Pain Split
|move|p2a: Rotom|Hydro Pump|p1a: rotomwash
|-resisted|p1a: rotomwash
|-damage|p1a: rotomwash|19/100 brn
|
|-heal|p1a: rotomwash|25/100 brn|[from] item: Leftovers
|-heal|p2a: Rotom|48/100|[from] item: Leftovers
|-damage|p1a: rotomwash|19/100 brn|[from] brn
|upkeep
|turn|23
|
|t:|1662884667
|switch|p1a: Tangrowth|Tangrowth, F|100/100 tox
|move|p2a: Rotom|Hydro Pump|p1a: Tangrowth
|-resisted|p1a: Tangrowth
|-damage|p1a: Tangrowth|70/100 tox
|
|-heal|p2a: Rotom|54/100|[from] item: Leftovers
|-damage|p1a: Tangrowth|64/100 tox|[from] psn
|upkeep
|turn|24
|
|t:|1662884671
|move|p2a: Rotom|Volt Switch|p1a: Tangrowth
|-resisted|p1a: Tangrowth
|-damage|p1a: Tangrowth|47/100 tox
|
|t:|1662884673
|switch|p2a: Mamoswine|Mamoswine, M|40/100|[from]move: Volt Switch
|move|p1a: Tangrowth|Giga Drain|p2a: Mamoswine
|-supereffective|p2a: Mamoswine
|-damage|p2a: Mamoswine|0 fnt
|-heal|p1a: Tangrowth|64/100 tox|[from] drain|[of] p2a: Mamoswine
|faint|p2a: Mamoswine
|
|-damage|p1a: Tangrowth|52/100 tox|[from] psn
|upkeep
|
|t:|1662884675
|switch|p2a: Rotom|Rotom-Wash, shiny|54/100
|turn|25
|
|t:|1662884678
|switch|p2a: Garchomp|Garchomp, M, shiny|100/100
|move|p1a: Tangrowth|Giga Drain|p2a: Garchomp
|-damage|p2a: Garchomp|69/100
|-heal|p1a: Tangrowth|66/100 tox|[from] drain|[of] p2a: Garchomp
|
|-damage|p1a: Tangrowth|47/100 tox|[from] psn
|upkeep
|turn|26
|
|t:|1662884681
|switch|p1a: Weavile|Weavile, F|38/100 par
|-ability|p1a: Weavile|Pressure
|move|p2a: Garchomp|Fire Fang|p1a: Weavile
|-supereffective|p1a: Weavile
|-damage|p1a: Weavile|0 fnt
|faint|p1a: Weavile
|
|upkeep
|
|t:|1662884681
|switch|p1a: Tangrowth|Tangrowth, F|80/100 tox
|turn|27
|
|t:|1662884683
|move|p2a: Garchomp|Fire Fang|p1a: Tangrowth
|-supereffective|p1a: Tangrowth
|-damage|p1a: Tangrowth|58/100 tox
|-damage|p2a: Garchomp|53/100|[from] item: Rocky Helmet|[of] p1a: Tangrowth
|move|p1a: Tangrowth|Giga Drain|p2a: Garchomp
|-damage|p2a: Garchomp|24/100
|-heal|p1a: Tangrowth|70/100 tox|[from] drain|[of] p2a: Garchomp
|
|-damage|p1a: Tangrowth|64/100 tox|[from] psn
|upkeep
|turn|28
|
|t:|1662884686
|move|p2a: Garchomp|Fire Fang|p1a: Tangrowth
|-supereffective|p1a: Tangrowth
|-damage|p1a: Tangrowth|40/100 tox
|-damage|p2a: Garchomp|8/100|[from] item: Rocky Helmet|[of] p1a: Tangrowth
|cant|p1a: Tangrowth|flinch
|
|-damage|p1a: Tangrowth|27/100 tox|[from] psn
|upkeep
|turn|29
|
|t:|1662884689
|move|p2a: Garchomp|Fire Fang|p1a: Tangrowth
|-supereffective|p1a: Tangrowth
|-damage|p1a: Tangrowth|4/100 tox
|-damage|p2a: Garchomp|0 fnt|[from] item: Rocky Helmet|[of] p1a: Tangrowth
|faint|p2a: Garchomp
|move|p1a: Tangrowth|Giga Drain|p2: Garchomp|[notarget]
|-fail|p1a: Tangrowth
|
|-damage|p1a: Tangrowth|0 fnt|[from] psn
|faint|p1a: Tangrowth
|upkeep
|
|t:|1662884692
|switch|p2a: Rotom|Rotom-Wash, shiny|54/100
|switch|p1a: Melmetal|Melmetal|31/100
|turn|30
|
|t:|1662884694
|move|p2a: Rotom|Will-O-Wisp|p1a: Melmetal
|-status|p1a: Melmetal|brn
|move|p1a: Melmetal|Thunder Punch|p2a: Rotom
|-damage|p2a: Rotom|40/100
|
|-heal|p2a: Rotom|46/100|[from] item: Leftovers
|-damage|p1a: Melmetal|25/100 brn|[from] brn
|upkeep
|turn|31
|
|t:|1662884697
|move|p2a: Rotom|Hydro Pump|p1a: Melmetal|[miss]
|-miss|p2a: Rotom|p1a: Melmetal
|move|p1a: Melmetal|Thunder Punch|p2a: Rotom
|-damage|p2a: Rotom|31/100
|
|-heal|p2a: Rotom|37/100|[from] item: Leftovers
|-damage|p1a: Melmetal|19/100 brn|[from] brn
|upkeep
|turn|32
|
|t:|1662884702
|move|p2a: Rotom|Volt Switch|p1a: Melmetal
|-damage|p1a: Melmetal|5/100 brn
|move|p1a: Melmetal|Thunder Punch|p2a: Rotom
|-damage|p2a: Rotom|21/100
|
|-heal|p2a: Rotom|27/100|[from] item: Leftovers
|-damage|p1a: Melmetal|0 fnt|[from] brn
|faint|p1a: Melmetal
|upkeep
|
|t:|1662884703
|switch|p1a: rotomwash|Rotom-Wash|19/100 brn
|turn|33
|
|t:|1662884708
|move|p1a: rotomwash|Hydro Pump|p2a: Rotom
|-resisted|p2a: Rotom
|-damage|p2a: Rotom|7/100
|move|p2a: Rotom|Volt Switch|p1a: rotomwash
|-damage|p1a: rotomwash|0 fnt
|faint|p1a: rotomwash
|
|-heal|p2a: Rotom|14/100|[from] item: Leftovers
|upkeep
|
|t:|1662884708
|switch|p1a: Heatran|Heatran, M|88/100 par
|turn|34
|
|t:|1662884711
|move|p2a: Rotom|Hydro Pump|p1a: Heatran
|-supereffective|p1a: Heatran
|-damage|p1a: Heatran|2/100 par
|cant|p1a: Heatran|par
|
|-heal|p2a: Rotom|20/100|[from] item: Leftovers
|upkeep
|turn|35
|
|t:|1662884714
|move|p2a: Rotom|Volt Switch|p1a: Heatran
|-damage|p1a: Heatran|0 fnt
|faint|p1a: Heatran
|
|win|iopkj09
|raw|minimax_ai's rating: 1466 &rarr; <strong>1445</strong><br />(-21 for losing)
|raw|iopkj09's rating: 1452 &rarr; <strong>1473</strong><br />(+21 for winning)
|c|☆minimax_ai|gg
