|j|☆chansey and lulu
|j|☆WhiteFlares
|t:|1663986641
|gametype|singles
|player|p1|chansey and lulu|266|1743
|player|p2|WhiteFlares|pokekid|1760
|teamsize|p1|6
|teamsize|p2|6
|gen|8
|tier|[Gen 8] OU
|rated|
|rule|Sleep Clause Mod: Limit one foe put to sleep
|rule|Species Clause: Limit one of each Pokémon
|rule|OHKO Clause: OHKO moves are banned
|rule|Evasion Items Clause: Evasion items are banned
|rule|Evasion Moves Clause: Evasion moves are banned
|rule|Endless Battle Clause: Forcing endless battles is banned
|rule|HP Percentage Mod: HP is shown in percentages
|rule|Dynamax Clause: You cannot dynamax
|clearpoke
|poke|p1|Tapu Lele|
|poke|p1|Blacephalon|
|poke|p1|Tyranitar, F|
|poke|p1|Landorus-Therian, M|
|poke|p1|Corviknight, M|
|poke|p1|Toxapex, F|
|poke|p2|Ferrothorn, M|
|poke|p2|Rotom-Wash|
|poke|p2|Tyranitar, M|
|poke|p2|Excadrill, F|
|poke|p2|Clefable, M|
|poke|p2|Dragapult, F|
|teampreview
|inactive|Battle timer is ON: inactive players will automatically lose when time's up. (requested by WhiteFlares)
|
|t:|1663986661
|start
|switch|p1a: Tapu Lele|Tapu Lele|100/100
|switch|p2a: Dragapult|Dragapult, F|100/100
|-fieldstart|move: Psychic Terrain|[from] ability: Psychic Surge|[of] p1a: Tapu Lele
|turn|1
|
|t:|1663986670
|switch|p2a: Ferrothorn|Ferrothorn, M|100/100
|move|p1a: Tapu Lele|Moonblast|p2a: Ferrothorn
|-resisted|p2a: Ferrothorn
|-damage|p2a: Ferrothorn|75/100
|
|-heal|p2a: Ferrothorn|81/100|[from] item: Leftovers
|upkeep
|turn|2
|
|t:|1663986690
|switch|p1a: Toxapex|Toxapex, F|100/100
|move|p2a: Ferrothorn|Leech Seed|p1a: Toxapex
|-start|p1a: Toxapex|move: Leech Seed
|
|-heal|p2a: Ferrothorn|88/100|[from] item: Leftovers
|-damage|p1a: Toxapex|88/100|[from] Leech Seed|[of] p2a: Ferrothorn
|-heal|p2a: Ferrothorn|98/100|[silent]
|upkeep
|turn|3
|j| Amazing Superstar
|l| Amazing Superstar
|
|t:|1663986700
|move|p1a: Toxapex|Knock Off|p2a: Ferrothorn
|-damage|p2a: Ferrothorn|90/100
|-damage|p1a: Toxapex|76/100|[from] ability: Iron Barbs|[of] p2a: Ferrothorn
|-enditem|p2a: Ferrothorn|Leftovers|[from] move: Knock Off|[of] p1a: Toxapex
|move|p2a: Ferrothorn|Spikes|p1a: Toxapex
|-sidestart|p1: chansey and lulu|Spikes
|
|-damage|p1a: Toxapex|64/100|[from] Leech Seed|[of] p2a: Ferrothorn
|-heal|p2a: Ferrothorn|100/100|[silent]
|upkeep
|turn|4
|j| nightsuliu
|
|t:|1663986711
|switch|p1a: Blacephalon|Blacephalon|100/100
|-damage|p1a: Blacephalon|88/100|[from] Spikes
|move|p2a: Ferrothorn|Spikes|p1a: Blacephalon
|-sidestart|p1: chansey and lulu|Spikes
|
|upkeep
|turn|5
|
|t:|1663986718
|switch|p2a: Tyranitar|Tyranitar, M|100/100
|-weather|Sandstorm|[from] ability: Sand Stream|[of] p2a: Tyranitar
|move|p1a: Blacephalon|Overheat|p2a: Tyranitar
|-resisted|p2a: Tyranitar
|-crit|p2a: Tyranitar
|-damage|p2a: Tyranitar|46/100
|-unboost|p1a: Blacephalon|spa|2
|
|-weather|Sandstorm|[upkeep]
|-damage|p1a: Blacephalon|82/100|[from] Sandstorm
|-fieldend|move: Psychic Terrain
|upkeep
|turn|6
|
|t:|1663986732
|switch|p1a: Toxapex|Toxapex, F|97/100
|-damage|p1a: Toxapex|81/100|[from] Spikes
|move|p2a: Tyranitar|Stone Edge|p1a: Toxapex
|-damage|p1a: Toxapex|29/100
|-enditem|p1a: Toxapex|Eject Button
|j| chainsaw31
|
|t:|1663986743
|switch|p1a: Corviknight|Corviknight, M|100/100
|-ability|p1a: Corviknight|Pressure
|
|-weather|Sandstorm|[upkeep]
|upkeep
|turn|7
|
|t:|1663986754
|switch|p2a: Rotom|Rotom-Wash|100/100
|move|p1a: Corviknight|Defog|p2a: Rotom
|-unboost|p2a: Rotom|evasion|1
|-sideend|p1: chansey and lulu|Spikes|[from] move: Defog|[of] p1a: Corviknight
|
|-weather|Sandstorm|[upkeep]
|-damage|p2a: Rotom|94/100|[from] Sandstorm
|-heal|p2a: Rotom|100/100|[from] item: Leftovers
|upkeep
|turn|8
|
|t:|1663986775
|switch|p1a: Tapu Lele|Tapu Lele|100/100
|-fieldstart|move: Psychic Terrain|[from] ability: Psychic Surge|[of] p1a: Tapu Lele
|move|p2a: Rotom|Hydro Pump|p1a: Tapu Lele
|-damage|p1a: Tapu Lele|55/100
|
|-weather|Sandstorm|[upkeep]
|-damage|p1a: Tapu Lele|49/100|[from] Sandstorm
|-damage|p2a: Rotom|94/100|[from] Sandstorm
|-heal|p2a: Rotom|100/100|[from] item: Leftovers
|upkeep
|turn|9
|
|t:|1663986789
|move|p1a: Tapu Lele|Psychic|p2a: Rotom
|-damage|p2a: Rotom|32/100
|move|p2a: Rotom|Volt Switch|p1a: Tapu Lele
|-damage|p1a: Tapu Lele|21/100
|
|t:|1663986795
|switch|p2a: Ferrothorn|Ferrothorn, M|100/100|[from]move: Volt Switch
|
|-weather|none
|upkeep
|turn|10
|
|t:|1663986802
|switch|p1a: Blacephalon|Blacephalon|82/100
|switch|p2a: Tyranitar|Tyranitar, M|46/100
|-weather|Sandstorm|[from] ability: Sand Stream|[of] p2a: Tyranitar
|
|-weather|Sandstorm|[upkeep]
|-damage|p1a: Blacephalon|76/100|[from] Sandstorm
|upkeep
|turn|11
|
|t:|1663986828
|switch|p1a: Toxapex|Toxapex, F|62/100
|move|p2a: Tyranitar|Stone Edge|p1a: Toxapex|[miss]
|-miss|p2a: Tyranitar|p1a: Toxapex
|
|-weather|Sandstorm|[upkeep]
|-damage|p1a: Toxapex|56/100|[from] Sandstorm
|upkeep
|turn|12
|
|t:|1663986839
|switch|p2a: Clefable|Clefable, M|100/100
|move|p1a: Toxapex|Recover|p1a: Toxapex
|-heal|p1a: Toxapex|100/100
|
|-weather|Sandstorm|[upkeep]
|-damage|p1a: Toxapex|95/100|[from] Sandstorm
|-fieldend|move: Psychic Terrain
|upkeep
|turn|13
|
|t:|1663986851
|move|p2a: Clefable|Knock Off|p1a: Toxapex
|-damage|p1a: Toxapex|88/100
|move|p1a: Toxapex|Knock Off|p2a: Clefable
|-resisted|p2a: Clefable
|-damage|p2a: Clefable|95/100
|-damage|p1a: Toxapex|71/100|[from] item: Rocky Helmet|[of] p2a: Clefable
|-enditem|p2a: Clefable|Rocky Helmet|[from] move: Knock Off|[of] p1a: Toxapex
|
|-weather|Sandstorm|[upkeep]
|-damage|p1a: Toxapex|66/100|[from] Sandstorm
|upkeep
|turn|14
|
|t:|1663986862
|switch|p1a: Blacephalon|Blacephalon|76/100
|move|p2a: Clefable|Stealth Rock|p1a: Blacephalon
|-sidestart|p1: chansey and lulu|move: Stealth Rock
|
|-weather|none
|upkeep
|turn|15
|
|t:|1663986871
|move|p1a: Blacephalon|Overheat|p2a: Clefable
|-damage|p2a: Clefable|0 fnt
|-unboost|p1a: Blacephalon|spa|2
|faint|p2a: Clefable
|-ability|p1a: Blacephalon|Beast Boost|boost
|-boost|p1a: Blacephalon|spa|1
|
|upkeep
|
|t:|1663986879
|switch|p2a: Tyranitar|Tyranitar, M|46/100
|-weather|Sandstorm|[from] ability: Sand Stream|[of] p2a: Tyranitar
|turn|16
|
|t:|1663986891
|switch|p1a: Toxapex|Toxapex, F|99/100
|-damage|p1a: Toxapex|87/100|[from] Stealth Rock
|move|p2a: Tyranitar|Crunch|p1a: Toxapex
|-damage|p1a: Toxapex|43/100
|
|-weather|Sandstorm|[upkeep]
|-damage|p1a: Toxapex|37/100|[from] Sandstorm
|upkeep
|turn|17
|
|t:|1663986901
|switch|p1a: Tyranitar|Tyranitar, F|100/100
|-damage|p1a: Tyranitar|88/100|[from] Stealth Rock
|move|p2a: Tyranitar|Crunch|p1a: Tyranitar
|-resisted|p1a: Tyranitar
|-damage|p1a: Tyranitar|56/100
|
|-weather|Sandstorm|[upkeep]
|upkeep
|turn|18
|
|t:|1663986912
|switch|p2a: Ferrothorn|Ferrothorn, M|100/100
|move|p1a: Tyranitar|Fire Punch|p2a: Ferrothorn
|-supereffective|p2a: Ferrothorn
|-damage|p2a: Ferrothorn|0 fnt
|-damage|p1a: Tyranitar|43/100|[from] ability: Iron Barbs|[of] p2a: Ferrothorn
|faint|p2a: Ferrothorn
|
|-weather|Sandstorm|[upkeep]
|upkeep
|
|t:|1663986924
|switch|p2a: Excadrill|Excadrill, F|100/100
|turn|19
|-message|WhiteFlares forfeited.
|
|win|chansey and lulu
|raw|chansey and lulu's rating: 1743 &rarr; <strong>1764</strong><br />(+21 for winning)
|raw|WhiteFlares's rating: 1760 &rarr; <strong>1739</strong><br />(-21 for losing)
|l|☆WhiteFlares
||Ladder isn't responding, score probably updated but might not have (Request timeout).
