|html|<div class="broadcast-blue"><strong>[Gen 8] OU is currently suspecting Spectrier! For information on how to participate check out the <a href="https://www.smogon.com/forums/threads/np-ss-ou-suspect-process-round-9-old-town-road.3676744/">suspect thread</a>.</strong></div>
|j|☆legitteambuilder
|j|☆eggbome2
|t:|1611486929
|player|p1|legitteambuilder|lance|1623
|player|p2|eggbome2|1|1564
|teamsize|p1|6
|teamsize|p2|6
|gametype|singles
|gen|8
|tier|[Gen 8] OU
|rated|
|clearpoke
|poke|p1|Ferrothorn, F|
|poke|p1|Landorus-Therian, M|
|poke|p1|Tapu Lele|
|poke|p1|Toxapex, F|
|poke|p1|Cinderace, M|
|poke|p1|Hydreigon, M|
|poke|p2|Steelix, F|
|poke|p2|Dragonite, M|
|poke|p2|Grimmsnarl, M|
|poke|p2|Rillaboom, M|
|poke|p2|Volcarona, F|
|poke|p2|Azumarill, M|
|rule|Sleep Clause Mod: Limit one foe put to sleep
|rule|Species Clause: Limit one of each Pokémon
|rule|OHKO Clause: OHKO moves are banned
|rule|Evasion Moves Clause: Evasion moves are banned
|rule|Endless Battle Clause: Forcing endless battles is banned
|rule|HP Percentage Mod: HP is shown in percentages
|rule|Dynamax Clause: You cannot dynamax
|teampreview
|inactive|Battle timer is ON: inactive players will automatically lose when time's up. (requested by eggbome2)
|
|t:|1611486955
|start
|switch|p1a: Iniesta|Cinderace, M|100/100
|switch|p2a: Steelix|Steelix, F|100/100
|turn|1
|inactive|legitteambuilder has 120 seconds left.
|
|t:|1611486990
|move|p1a: Iniesta|U-turn|p2a: Steelix
|-start|p1a: Iniesta|typechange|Bug|[from] ability: Libero
|-resisted|p2a: Steelix
|-damage|p2a: Steelix|93/100
|-damage|p1a: Iniesta|84/100|[from] item: Rocky Helmet|[of] p2a: Steelix
|inactive|legitteambuilder has 120 seconds left.
|
|t:|1611487003
|switch|p1a: Yo Pierre|Tapu Lele, shiny|100/100|[from]move: U-turn
|-fieldstart|move: Psychic Terrain|[from] ability: Psychic Surge|[of] p1a: Yo Pierre
|move|p2a: Steelix|Stealth Rock|p1a: Yo Pierre
|-sidestart|p1: legitteambuilder|move: Stealth Rock
|
|upkeep
|turn|2
|inactive|legitteambuilder has 120 seconds left.
|
|t:|1611487022
|move|p1a: Yo Pierre|Focus Blast|p2a: Steelix
|-supereffective|p2a: Steelix
|-damage|p2a: Steelix|0 fnt
|faint|p2a: Steelix
|
|upkeep
|
|t:|1611487038
|switch|p2a: Rillaboom|Rillaboom, M|100/100
|-fieldstart|move: Grassy Terrain|[from] ability: Grassy Surge|[of] p2a: Rillaboom
|turn|3
|
|t:|1611487046
|switch|p1a: Mr BlueSky|Landorus-Therian, M|100/100
|-damage|p1a: Mr BlueSky|88/100|[from] Stealth Rock
|-ability|p1a: Mr BlueSky|Intimidate|boost
|-unboost|p2a: Rillaboom|atk|1
|move|p2a: Rillaboom|Bulk Up|p2a: Rillaboom
|-boost|p2a: Rillaboom|atk|1
|-boost|p2a: Rillaboom|def|1
|
|upkeep
|turn|4
|
|t:|1611487055
|move|p1a: Mr BlueSky|U-turn|p2a: Rillaboom
|-supereffective|p2a: Rillaboom
|-damage|p2a: Rillaboom|68/100
|
|t:|1611487058
|switch|p1a: Yo Pierre|Tapu Lele, shiny|100/100|[from]move: U-turn
|-damage|p1a: Yo Pierre|88/100|[from] Stealth Rock
|-fieldstart|move: Psychic Terrain|[from] ability: Psychic Surge|[of] p1a: Yo Pierre
|move|p2a: Rillaboom|Bulk Up|p2a: Rillaboom
|-boost|p2a: Rillaboom|atk|1
|-boost|p2a: Rillaboom|def|1
|
|upkeep
|turn|5
|j| Rookie55
|
|t:|1611487079
|switch|p2a: Grimmsnarl|Grimmsnarl, M|100/100
|move|p1a: Yo Pierre|Moonblast|p2a: Grimmsnarl
|-supereffective|p2a: Grimmsnarl
|-damage|p2a: Grimmsnarl|0 fnt
|faint|p2a: Grimmsnarl
|
|upkeep
|
|t:|1611487090
|switch|p2a: Volcarona|Volcarona, F|100/100
|turn|6
|
|t:|1611487095
|switch|p1a: WannaComeOutHere|Toxapex, F|100/100
|-damage|p1a: WannaComeOutHere|88/100|[from] Stealth Rock
|move|p2a: Volcarona|Quiver Dance|p2a: Volcarona
|-boost|p2a: Volcarona|spa|1
|-boost|p2a: Volcarona|spd|1
|-boost|p2a: Volcarona|spe|1
|
|upkeep
|turn|7
|
|t:|1611487104
|move|p2a: Volcarona|Quiver Dance|p2a: Volcarona
|-boost|p2a: Volcarona|spa|1
|-boost|p2a: Volcarona|spd|1
|-boost|p2a: Volcarona|spe|1
|move|p1a: WannaComeOutHere|Haze|p1a: WannaComeOutHere
|-clearallboost
|
|upkeep
|turn|8
|
|t:|1611487112
|move|p2a: Volcarona|Fire Blast|p1a: WannaComeOutHere
|-resisted|p1a: WannaComeOutHere
|-damage|p1a: WannaComeOutHere|70/100
|move|p1a: WannaComeOutHere|Scald|p2a: Volcarona
|-supereffective|p2a: Volcarona
|-damage|p2a: Volcarona|71/100
|
|-fieldend|move: Psychic Terrain
|upkeep
|turn|9
|
|t:|1611487123
|switch|p2a: Rillaboom|Rillaboom, M|68/100
|-fieldstart|move: Grassy Terrain|[from] ability: Grassy Surge|[of] p2a: Rillaboom
|move|p1a: WannaComeOutHere|Haze|p1a: WannaComeOutHere
|-clearallboost
|
|-heal|p2a: Rillaboom|74/100|[from] Grassy Terrain
|-heal|p1a: WannaComeOutHere|76/100|[from] Grassy Terrain
|upkeep
|turn|10
|
|t:|1611487140
|switch|p1a: Mr BlueSky|Landorus-Therian, M|88/100
|-damage|p1a: Mr BlueSky|76/100|[from] Stealth Rock
|-ability|p1a: Mr BlueSky|Intimidate|boost
|-unboost|p2a: Rillaboom|atk|1
|move|p2a: Rillaboom|Swords Dance|p2a: Rillaboom
|-boost|p2a: Rillaboom|atk|2
|
|-heal|p2a: Rillaboom|80/100|[from] Grassy Terrain
|upkeep
|turn|11
|
|t:|1611487151
|move|p2a: Rillaboom|Grassy Glide|p1a: Mr BlueSky
|-damage|p1a: Mr BlueSky|0 fnt
|faint|p1a: Mr BlueSky
|
|-heal|p2a: Rillaboom|86/100|[from] Grassy Terrain
|upkeep
|
|t:|1611487154
|switch|p1a: Yo Pierre|Tapu Lele, shiny|88/100
|-damage|p1a: Yo Pierre|76/100|[from] Stealth Rock
|-fieldstart|move: Psychic Terrain|[from] ability: Psychic Surge|[of] p1a: Yo Pierre
|turn|12
|
|t:|1611487180
|move|p1a: Yo Pierre|Psyshock|p2a: Rillaboom
|-damage|p2a: Rillaboom|11/100
|move|p2a: Rillaboom|Grassy Glide|p1a: Yo Pierre
|-damage|p1a: Yo Pierre|0 fnt
|faint|p1a: Yo Pierre
|
|upkeep
|l| Rookie55
|c|☆legitteambuilder|fuck
|
|t:|1611487187
|switch|p1a: Iniesta|Cinderace, M|84/100
|turn|13
|
|t:|1611487201
|switch|p2a: Dragonite|Dragonite, M|100/100
|move|p1a: Iniesta|Pyro Ball|p2a: Dragonite
|-resisted|p2a: Dragonite
|-damage|p2a: Dragonite|87/100
|
|-heal|p2a: Dragonite|93/100|[from] item: Leftovers
|upkeep
|turn|14
|
|t:|1611487214
|move|p1a: Iniesta|U-turn|p2a: Dragonite
|-start|p1a: Iniesta|typechange|Bug|[from] ability: Libero
|-resisted|p2a: Dragonite
|-damage|p2a: Dragonite|80/100
|
|t:|1611487216
|switch|p1a: WannaComeOutHere|Toxapex, F|100/100|[from]move: U-turn
|-damage|p1a: WannaComeOutHere|88/100|[from] Stealth Rock
|move|p2a: Dragonite|Dragon Dance|p2a: Dragonite
|-boost|p2a: Dragonite|atk|1
|-boost|p2a: Dragonite|spe|1
|
|-heal|p2a: Dragonite|86/100|[from] item: Leftovers
|upkeep
|turn|15
|
|t:|1611487228
|move|p2a: Dragonite|Earthquake|p1a: WannaComeOutHere
|-supereffective|p1a: WannaComeOutHere
|-damage|p1a: WannaComeOutHere|21/100
|move|p1a: WannaComeOutHere|Haze|p1a: WannaComeOutHere
|-clearallboost
|
|-heal|p2a: Dragonite|92/100|[from] item: Leftovers
|upkeep
|turn|16
|
|t:|1611487240
|switch|p1a: Bella Thorn|Ferrothorn, F, shiny|100/100
|-damage|p1a: Bella Thorn|94/100|[from] Stealth Rock
|move|p2a: Dragonite|Dragon Dance|p2a: Dragonite
|-boost|p2a: Dragonite|atk|1
|-boost|p2a: Dragonite|spe|1
|
|-heal|p2a: Dragonite|98/100|[from] item: Leftovers
|-heal|p1a: Bella Thorn|100/100|[from] item: Leftovers
|-fieldend|move: Psychic Terrain
|upkeep
|turn|17
|
|t:|1611487251
|move|p2a: Dragonite|Dragon Dance|p2a: Dragonite
|-boost|p2a: Dragonite|atk|1
|-boost|p2a: Dragonite|spe|1
|move|p1a: Bella Thorn|Leech Seed|p2a: Dragonite
|-start|p2a: Dragonite|move: Leech Seed
|
|-heal|p2a: Dragonite|100/100|[from] item: Leftovers
|-damage|p2a: Dragonite|88/100|[from] Leech Seed|[of] p1a: Bella Thorn
|upkeep
|turn|18
|
|t:|1611487260
|move|p2a: Dragonite|Dragon Dance|p2a: Dragonite
|-boost|p2a: Dragonite|atk|1
|-boost|p2a: Dragonite|spe|1
|move|p1a: Bella Thorn|Knock Off|p2a: Dragonite
|-damage|p2a: Dragonite|68/100
|-enditem|p2a: Dragonite|Leftovers|[from] move: Knock Off|[of] p1a: Bella Thorn
|
|-damage|p2a: Dragonite|56/100|[from] Leech Seed|[of] p1a: Bella Thorn
|upkeep
|turn|19
|
|t:|1611487271
|move|p2a: Dragonite|Roost|p2a: Dragonite
|-heal|p2a: Dragonite|100/100
|-singleturn|p2a: Dragonite|move: Roost
|move|p1a: Bella Thorn|Knock Off|p2a: Dragonite
|-damage|p2a: Dragonite|95/100
|
|-damage|p2a: Dragonite|82/100|[from] Leech Seed|[of] p1a: Bella Thorn
|upkeep
|turn|20
|
|t:|1611487280
|switch|p1a: aaaaAAAᵃᵃᵃᵃ|Hydreigon, M, shiny|100/100
|-damage|p1a: aaaaAAAᵃᵃᵃᵃ|88/100|[from] Stealth Rock
|move|p2a: Dragonite|Dragon Dance|p2a: Dragonite
|-boost|p2a: Dragonite|atk|1
|-boost|p2a: Dragonite|spe|1
|
|-heal|p1a: aaaaAAAᵃᵃᵃᵃ|94/100|[from] item: Leftovers
|-damage|p2a: Dragonite|70/100|[from] Leech Seed|[of] p1a: aaaaAAAᵃᵃᵃᵃ
|-heal|p1a: aaaaAAAᵃᵃᵃᵃ|100/100|[silent]
|upkeep
|turn|21
|
|t:|1611487294
|switch|p1a: Bella Thorn|Ferrothorn, F, shiny|100/100
|-damage|p1a: Bella Thorn|94/100|[from] Stealth Rock
|move|p2a: Dragonite|Dual Wingbeat|p1a: Bella Thorn|[miss]
|-miss|p2a: Dragonite|p1a: Bella Thorn
|
|-heal|p1a: Bella Thorn|100/100|[from] item: Leftovers
|-damage|p2a: Dragonite|57/100|[from] Leech Seed|[of] p1a: Bella Thorn
|upkeep
|turn|22
|
|t:|1611487318
|move|p2a: Dragonite|Dragon Dance|p2a: Dragonite
|-boost|p2a: Dragonite|atk|1
|-boost|p2a: Dragonite|spe|1
|move|p1a: Bella Thorn|Knock Off|p2a: Dragonite
|-damage|p2a: Dragonite|45/100
|
|-damage|p2a: Dragonite|32/100|[from] Leech Seed|[of] p1a: Bella Thorn
|upkeep
|turn|23
|
|t:|1611487326
|switch|p1a: Iniesta|Cinderace, M|84/100
|move|p2a: Dragonite|Roost|p2a: Dragonite
|-heal|p2a: Dragonite|82/100
|-singleturn|p2a: Dragonite|move: Roost
|
|-damage|p2a: Dragonite|70/100|[from] Leech Seed|[of] p1a: Iniesta
|-heal|p1a: Iniesta|99/100|[silent]
|upkeep
|turn|24
|
|t:|1611487336
|switch|p1a: aaaaAAAᵃᵃᵃᵃ|Hydreigon, M, shiny|100/100
|-damage|p1a: aaaaAAAᵃᵃᵃᵃ|88/100|[from] Stealth Rock
|move|p2a: Dragonite|Dual Wingbeat|p1a: aaaaAAAᵃᵃᵃᵃ
|-damage|p1a: aaaaAAAᵃᵃᵃᵃ|32/100
|-damage|p1a: aaaaAAAᵃᵃᵃᵃ|0 fnt
|-hitcount|p1a: aaaaAAAᵃᵃᵃᵃ|2
|faint|p1a: aaaaAAAᵃᵃᵃᵃ
|
|upkeep
|-message|legitteambuilder forfeited.
|
|win|eggbome2
|l|☆legitteambuilder
|raw|legitteambuilder's rating: 1623 &rarr; <strong>1600</strong><br />(-23 for losing)
|raw|eggbome2's rating: 1564 &rarr; <strong>1587</strong><br />(+23 for winning)
