|raw|<div class="broadcast-blue"><strong>This battle is required to be public due to a player having a name starting with 'lt93oq'.</div>
|j|‽kinetic chain
|j|☆LT93OQ Lio
|t:|1660342761
|gametype|singles
|player|p1|kinetic chain|giovanni-gen1|1855
|player|p2|LT93OQ Lio|2|1752
|teamsize|p1|6
|teamsize|p2|6
|gen|8
|tier|[Gen 8] OU
|rated|
|rule|Sleep Clause Mod: Limit one foe put to sleep
|rule|Species Clause: Limit one of each Pokémon
|rule|OHKO Clause: OHKO moves are banned
|rule|Evasion Items Clause: Evasion items are banned
|rule|Evasion Moves Clause: Evasion moves are banned
|rule|Endless Battle Clause: Forcing endless battles is banned
|rule|HP Percentage Mod: HP is shown in percentages
|rule|Dynamax Clause: You cannot dynamax
|clearpoke
|poke|p1|Dragapult, F|
|poke|p1|Clefable, F|
|poke|p1|Heatran, M|
|poke|p1|Landorus-Therian, M|
|poke|p1|Rotom-Wash|
|poke|p1|Dragonite, F|
|poke|p2|Victini|
|poke|p2|Ferrothorn, M|
|poke|p2|Dragonite, F|
|poke|p2|Landorus-Therian, M|
|poke|p2|Dragapult, M|
|poke|p2|Clefable, F|
|teampreview
|inactive|Battle timer is ON: inactive players will automatically lose when time's up. (requested by kinetic chain)
|j| keldeo
|j| LT93OQ msaint
|inactive|kinetic chain has 120 seconds left.
|j| rheysali
|j|&Alpha
|j| LT93OQ YxngComic
|inactive|kinetic chain has 90 seconds left.
|j| LT93OQ Adri
|j| Flying Beagle
|
|t:|1660342830
|start
|switch|p1a: Heatran|Heatran, M|100/100
|switch|p2a: Landorus|Landorus-Therian, M|100/100
|-ability|p2a: Landorus|Intimidate|boost
|-unboost|p1a: Heatran|atk|1
|turn|1
|
|t:|1660342835
|switch|p1a: Landorus|Landorus-Therian, M|100/100
|-ability|p1a: Landorus|Intimidate|boost
|-unboost|p2a: Landorus|atk|1
|move|p2a: Landorus|Stealth Rock|p1a: Landorus
|-sidestart|p1: kinetic chain|move: Stealth Rock
|
|upkeep
|turn|2
|j| LT93OQ Futility
|j| Steven244
|
|t:|1660342843
|switch|p2a: Ferrothorn|Ferrothorn, M|100/100
|move|p1a: Landorus|Toxic|p2a: Ferrothorn|[miss]
|-miss|p1a: Landorus|p2a: Ferrothorn
|
|upkeep
|turn|3
|l| Steven244
|
|t:|1660342848
|move|p1a: Landorus|Defog|p2a: Ferrothorn
|-unboost|p2a: Ferrothorn|evasion|1
|-sideend|p1: kinetic chain|Stealth Rock|[from] move: Defog|[of] p1a: Landorus
|move|p2a: Ferrothorn|Knock Off|p1a: Landorus
|-damage|p1a: Landorus|78/100
|-enditem|p1a: Landorus|Leftovers|[from] move: Knock Off|[of] p2a: Ferrothorn
|
|upkeep
|turn|4
|
|t:|1660342855
|switch|p1a: Clefable|Clefable, F|100/100
|move|p2a: Ferrothorn|Spikes|p1a: Clefable
|-sidestart|p1: kinetic chain|Spikes
|
|upkeep
|turn|5
|j| Ninjack21
|
|t:|1660342860
|switch|p2a: Clefable|Clefable, F|100/100
|move|p1a: Clefable|Knock Off|p2a: Clefable
|-resisted|p2a: Clefable
|-damage|p2a: Clefable|94/100
|-enditem|p2a: Clefable|Leftovers|[from] move: Knock Off|[of] p1a: Clefable
|
|upkeep
|turn|6
|
|t:|1660342866
|move|p1a: Clefable|Stealth Rock|p2a: Clefable
|-sidestart|p2: LT93OQ Lio|move: Stealth Rock
|move|p2a: Clefable|Thunder Wave|p1a: Clefable
|-status|p1a: Clefable|par
|
|upkeep
|turn|7
|j| Celtis
|
|t:|1660342872
|move|p2a: Clefable|Calm Mind|p2a: Clefable
|-boost|p2a: Clefable|spa|1
|-boost|p2a: Clefable|spd|1
|move|p1a: Clefable|Moonblast|p2a: Clefable
|-damage|p2a: Clefable|76/100
|-unboost|p2a: Clefable|spa|1
|
|upkeep
|turn|8
|
|t:|1660342879
|move|p2a: Clefable|Calm Mind|p2a: Clefable
|-boost|p2a: Clefable|spa|1
|-boost|p2a: Clefable|spd|1
|move|p1a: Clefable|Moonblast|p2a: Clefable
|-damage|p2a: Clefable|63/100
|
|upkeep
|turn|9
|j| LT93OQ Somalia
|
|t:|1660342885
|switch|p1a: Heatran|Heatran, M|100/100
|-damage|p1a: Heatran|88/100|[from] Spikes
|move|p2a: Clefable|Soft-Boiled|p2a: Clefable
|-heal|p2a: Clefable|100/100
|
|-heal|p1a: Heatran|94/100|[from] item: Leftovers
|upkeep
|turn|10
|
|t:|1660342892
|move|p1a: Heatran|Magma Storm|p2a: Clefable|[miss]
|-miss|p1a: Heatran|p2a: Clefable
|move|p2a: Clefable|Thunder Wave|p1a: Heatran
|-status|p1a: Heatran|par
|
|-heal|p1a: Heatran|100/100 par|[from] item: Leftovers
|upkeep
|turn|11
|
|t:|1660342903
|switch|p2a: Dragonite|Dragonite, F|100/100
|move|p1a: Heatran|Magma Storm|p2a: Dragonite
|-resisted|p2a: Dragonite
|-damage|p2a: Dragonite|89/100
|-activate|p2a: Dragonite|move: Magma Storm|[of] p1a: Heatran
|
|-damage|p2a: Dragonite|77/100|[from] move: Magma Storm|[partiallytrapped]
|upkeep
|turn|12
|
|t:|1660342911
|switch|p1a: Rotom|Rotom-Wash|100/100
|move|p2a: Dragonite|Roost|p2a: Dragonite
|-heal|p2a: Dragonite|100/100
|-singleturn|p2a: Dragonite|move: Roost
|
|-end|p2a: Dragonite|Magma Storm|[partiallytrapped]|[silent]
|upkeep
|turn|13
|l|&Alpha
|
|t:|1660342918
|switch|p2a: Clefable|Clefable, F|100/100
|move|p1a: Rotom|Volt Switch|p2a: Clefable
|-damage|p2a: Clefable|80/100
|
|t:|1660342923
|switch|p1a: Heatran|Heatran, M|100/100 par|[from]move: Volt Switch
|-damage|p1a: Heatran|88/100 par|[from] Spikes
|
|-heal|p1a: Heatran|94/100 par|[from] item: Leftovers
|upkeep
|turn|14
|
|t:|1660342942
|switch|p2a: Landorus|Landorus-Therian, M|100/100
|-damage|p2a: Landorus|88/100|[from] Stealth Rock
|-ability|p2a: Landorus|Intimidate|boost
|-unboost|p1a: Heatran|atk|1
|switch|p1a: Rotom|Rotom-Wash|100/100
|
|-heal|p2a: Landorus|94/100|[from] item: Leftovers
|upkeep
|turn|15
|j| Test00tsd5
|
|t:|1660342948
|switch|p2a: Ferrothorn|Ferrothorn, M|100/100
|-damage|p2a: Ferrothorn|94/100|[from] Stealth Rock
|move|p1a: Rotom|Will-O-Wisp|p2a: Ferrothorn
|-status|p2a: Ferrothorn|brn
|
|-heal|p2a: Ferrothorn|100/100 brn|[from] item: Leftovers
|-damage|p2a: Ferrothorn|94/100 brn|[from] brn
|upkeep
|turn|16
|
|t:|1660342953
|move|p1a: Rotom|Volt Switch|p2a: Ferrothorn
|-resisted|p2a: Ferrothorn
|-damage|p2a: Ferrothorn|84/100 brn
|j| LT93OQB Lock
|
|t:|1660342959
|switch|p1a: Clefable|Clefable, F|100/100 par|[from]move: Volt Switch
|move|p2a: Ferrothorn|Knock Off|p1a: Clefable
|-resisted|p1a: Clefable
|-damage|p1a: Clefable|96/100 par
|-damage|p2a: Ferrothorn|67/100 brn|[from] item: Rocky Helmet|[of] p1a: Clefable
|-enditem|p1a: Clefable|Rocky Helmet|[from] move: Knock Off|[of] p2a: Ferrothorn
|
|-heal|p2a: Ferrothorn|74/100 brn|[from] item: Leftovers
|-damage|p2a: Ferrothorn|67/100 brn|[from] brn
|upkeep
|turn|17
|j| Heiwa June ☾
|
|t:|1660342969
|switch|p2a: Clefable|Clefable, F|80/100
|move|p1a: Clefable|Moonblast|p2a: Clefable
|-damage|p2a: Clefable|55/100
|-unboost|p2a: Clefable|spa|1
|
|upkeep
|turn|18
|l| Heiwa June ☾
|
|t:|1660342977
|switch|p1a: Heatran|Heatran, M|94/100 par
|-damage|p1a: Heatran|82/100 par|[from] Spikes
|move|p2a: Clefable|Soft-Boiled|p2a: Clefable
|-heal|p2a: Clefable|100/100
|
|-heal|p1a: Heatran|88/100 par|[from] item: Leftovers
|upkeep
|turn|19
|
|t:|1660342994
|switch|p2a: Dragonite|Dragonite, F|100/100
|switch|p1a: Rotom|Rotom-Wash|100/100
|
|upkeep
|turn|20
|
|t:|1660342999
|switch|p2a: Clefable|Clefable, F|100/100
|move|p1a: Rotom|Volt Switch|p2a: Clefable
|-damage|p2a: Clefable|79/100
|
|t:|1660343004
|switch|p1a: Heatran|Heatran, M|88/100 par|[from]move: Volt Switch
|-damage|p1a: Heatran|76/100 par|[from] Spikes
|
|-heal|p1a: Heatran|82/100 par|[from] item: Leftovers
|upkeep
|turn|21
|j| Nuzzload
|
|t:|1660343010
|switch|p2a: Dragonite|Dragonite, F|100/100
|switch|p1a: Rotom|Rotom-Wash|100/100
|
|upkeep
|turn|22
|l| Nuzzload
|
|t:|1660343015
|switch|p2a: Clefable|Clefable, F|79/100
|move|p1a: Rotom|Volt Switch|p2a: Clefable
|-damage|p2a: Clefable|58/100
|
|t:|1660343020
|switch|p1a: Heatran|Heatran, M|82/100 par|[from]move: Volt Switch
|-damage|p1a: Heatran|69/100 par|[from] Spikes
|
|-heal|p1a: Heatran|76/100 par|[from] item: Leftovers
|upkeep
|turn|23
|j| Screaming Light
|
|t:|1660343026
|move|p2a: Clefable|Calm Mind|p2a: Clefable
|-boost|p2a: Clefable|spa|1
|-boost|p2a: Clefable|spd|1
|move|p1a: Heatran|Magma Storm|p2a: Clefable
|-damage|p2a: Clefable|35/100
|-activate|p2a: Clefable|move: Magma Storm|[of] p1a: Heatran
|
|-heal|p1a: Heatran|82/100 par|[from] item: Leftovers
|upkeep
|turn|24
|
|t:|1660343033
|move|p2a: Clefable|Soft-Boiled|p2a: Clefable
|-heal|p2a: Clefable|85/100
|move|p1a: Heatran|Taunt|p2a: Clefable
|-start|p2a: Clefable|move: Taunt
|
|-heal|p1a: Heatran|88/100 par|[from] item: Leftovers
|upkeep
|turn|25
|j| Admin Logan
|
|t:|1660343039
|move|p2a: Clefable|Moonblast|p1a: Heatran
|-resisted|p1a: Heatran
|-crit|p1a: Heatran
|-damage|p1a: Heatran|77/100 par
|move|p1a: Heatran|Heavy Slam|p2a: Clefable
|-supereffective|p2a: Clefable
|-damage|p2a: Clefable|13/100
|
|-heal|p1a: Heatran|84/100 par|[from] item: Leftovers
|upkeep
|turn|26
|j| Joy Bangla
|
|t:|1660343047
|move|p2a: Clefable|Moonblast|p1a: Heatran
|-resisted|p1a: Heatran
|-damage|p1a: Heatran|77/100 par
|cant|p1a: Heatran|par
|
|-heal|p1a: Heatran|83/100 par|[from] item: Leftovers
|upkeep
|turn|27
|l| Screaming Light
|
|t:|1660343053
|move|p2a: Clefable|Moonblast|p1a: Heatran
|-resisted|p1a: Heatran
|-damage|p1a: Heatran|76/100 par
|move|p1a: Heatran|Heavy Slam|p2a: Clefable
|-supereffective|p2a: Clefable
|-damage|p2a: Clefable|0 fnt
|faint|p2a: Clefable
|
|-heal|p1a: Heatran|82/100 par|[from] item: Leftovers
|upkeep
|
|t:|1660343056
|switch|p2a: Dragapult|Dragapult, M|100/100
|turn|28
|l| Joy Bangla
|
|t:|1660343072
|switch|p1a: Rotom|Rotom-Wash|100/100
|move|p2a: Dragapult|Hex|p1a: Rotom
|-damage|p1a: Rotom|71/100
|
|-heal|p1a: Rotom|77/100|[from] item: Leftovers
|upkeep
|turn|29
|j| kolpit
|
|t:|1660343078
|move|p2a: Dragapult|Will-O-Wisp|p1a: Rotom
|-status|p1a: Rotom|brn
|move|p1a: Rotom|Will-O-Wisp|p2a: Dragapult
|-status|p2a: Dragapult|brn
|
|-heal|p1a: Rotom|83/100 brn|[from] item: Leftovers
|-damage|p2a: Dragapult|95/100 brn|[from] brn
|-damage|p1a: Rotom|77/100 brn|[from] brn
|upkeep
|turn|30
|j| Joy Bangla
|
|t:|1660343095
|move|p2a: Dragapult|Hex|p1a: Rotom
|-damage|p1a: Rotom|16/100 brn
|move|p1a: Rotom|Volt Switch|p2a: Dragapult
|-resisted|p2a: Dragapult
|-damage|p2a: Dragapult|77/100 brn
|l| Joy Bangla
|
|t:|1660343100
|switch|p1a: Clefable|Clefable, F|96/100 par|[from]move: Volt Switch
|
|-damage|p2a: Dragapult|71/100 brn|[from] brn
|upkeep
|turn|31
|
|t:|1660343106
|move|p2a: Dragapult|U-turn|p1a: Clefable
|-resisted|p1a: Clefable
|-damage|p1a: Clefable|93/100 par
|
|t:|1660343108
|switch|p2a: Landorus|Landorus-Therian, M|94/100|[from]move: U-turn
|-damage|p2a: Landorus|82/100|[from] Stealth Rock
|-ability|p2a: Landorus|Intimidate|boost
|-unboost|p1a: Clefable|atk|1
|cant|p1a: Clefable|par
|
|-heal|p2a: Landorus|88/100|[from] item: Leftovers
|upkeep
|turn|32
|
|t:|1660343119
|switch|p1a: Landorus|Landorus-Therian, M|78/100
|-ability|p1a: Landorus|Intimidate|boost
|-unboost|p2a: Landorus|atk|1
|move|p2a: Landorus|Stealth Rock|p1a: Landorus
|-sidestart|p1: kinetic chain|move: Stealth Rock
|
|-heal|p2a: Landorus|94/100|[from] item: Leftovers
|upkeep
|turn|33
|
|t:|1660343134
|switch|p2a: Victini|Victini|100/100
|move|p1a: Landorus|Toxic|p2a: Victini
|-status|p2a: Victini|tox
|
|-damage|p2a: Victini|94/100 tox|[from] psn
|upkeep
|turn|34
|
|t:|1660343142
|switch|p1a: Rotom|Rotom-Wash|16/100 brn
|-damage|p1a: Rotom|4/100 brn|[from] Stealth Rock
|move|p2a: Victini|Encore||[still]
|-fail|p2a: Victini
|
|-heal|p1a: Rotom|10/100 brn|[from] item: Leftovers
|-damage|p2a: Victini|82/100 tox|[from] psn
|-damage|p1a: Rotom|4/100 brn|[from] brn
|upkeep
|turn|35
|
|t:|1660343154
|move|p2a: Victini|U-turn|p1a: Rotom
|-damage|p1a: Rotom|0 fnt
|faint|p1a: Rotom
|
|t:|1660343158
|switch|p2a: Dragapult|Dragapult, M|71/100 brn|[from]move: U-turn
|
|-damage|p2a: Dragapult|65/100 brn|[from] brn
|upkeep
|
|t:|1660343165
|switch|p1a: Clefable|Clefable, F|93/100 par
|turn|36
|
|t:|1660343171
|move|p2a: Dragapult|U-turn|p1a: Clefable
|-resisted|p1a: Clefable
|-damage|p1a: Clefable|90/100 par
|
|t:|1660343179
|switch|p2a: Victini|Victini|82/100 tox|[from]move: U-turn
|cant|p1a: Clefable|par
|
|-damage|p2a: Victini|76/100 tox|[from] psn
|upkeep
|turn|37
|
|t:|1660343187
|switch|p1a: Heatran|Heatran, M|82/100 par
|-damage|p1a: Heatran|70/100 par|[from] Spikes
|-damage|p1a: Heatran|57/100 par|[from] Stealth Rock
|move|p2a: Victini|V-create|p1a: Heatran
|-start|p1a: Heatran|ability: Flash Fire
|
|-heal|p1a: Heatran|64/100 par|[from] item: Leftovers
|-damage|p2a: Victini|64/100 tox|[from] psn
|upkeep
|turn|38
|
|t:|1660343197
|switch|p2a: Dragonite|Dragonite, F|100/100
|cant|p1a: Heatran|par
|
|-heal|p1a: Heatran|70/100 par|[from] item: Leftovers
|upkeep
|turn|39
|
|t:|1660343206
|-end|p1a: Heatran|ability: Flash Fire|[silent]
|switch|p1a: Clefable|Clefable, F|90/100 par
|move|p2a: Dragonite|Dragon Dance|p2a: Dragonite
|-boost|p2a: Dragonite|atk|1
|-boost|p2a: Dragonite|spe|1
|
|upkeep
|turn|40
|
|t:|1660343213
|switch|p2a: Victini|Victini|64/100 tox
|move|p1a: Clefable|Moonblast|p2a: Victini
|-resisted|p2a: Victini
|-damage|p2a: Victini|47/100 tox
|
|-damage|p2a: Victini|41/100 tox|[from] psn
|upkeep
|turn|41
|
|t:|1660343223
|switch|p1a: Heatran|Heatran, M|70/100 par
|-damage|p1a: Heatran|57/100 par|[from] Spikes
|-damage|p1a: Heatran|45/100 par|[from] Stealth Rock
|move|p2a: Victini|U-turn|p1a: Heatran
|-resisted|p1a: Heatran
|-damage|p1a: Heatran|41/100 par
|
|t:|1660343230
|switch|p2a: Landorus|Landorus-Therian, M|94/100|[from]move: U-turn
|-damage|p2a: Landorus|82/100|[from] Stealth Rock
|-ability|p2a: Landorus|Intimidate|boost
|-unboost|p1a: Heatran|atk|1
|
|-heal|p2a: Landorus|88/100|[from] item: Leftovers
|-heal|p1a: Heatran|47/100 par|[from] item: Leftovers
|upkeep
|turn|42
|
|t:|1660343240
|switch|p1a: Landorus|Landorus-Therian, M|78/100
|-damage|p1a: Landorus|66/100|[from] Stealth Rock
|-ability|p1a: Landorus|Intimidate|boost
|-unboost|p2a: Landorus|atk|1
|move|p2a: Landorus|Earthquake|p1a: Landorus
|-immune|p1a: Landorus
|
|-heal|p2a: Landorus|94/100|[from] item: Leftovers
|upkeep
|turn|43
|
|t:|1660343254
|switch|p2a: Ferrothorn|Ferrothorn, M|67/100 brn
|-damage|p2a: Ferrothorn|61/100 brn|[from] Stealth Rock
|move|p1a: Landorus|Defog|p2a: Ferrothorn
|-unboost|p2a: Ferrothorn|evasion|1
|-sideend|p2: LT93OQ Lio|Stealth Rock|[from] move: Defog|[of] p1a: Landorus
|-sideend|p1: kinetic chain|Spikes|[from] move: Defog|[of] p1a: Landorus
|-sideend|p1: kinetic chain|Stealth Rock|[from] move: Defog|[of] p1a: Landorus
|
|-heal|p2a: Ferrothorn|67/100 brn|[from] item: Leftovers
|-damage|p2a: Ferrothorn|61/100 brn|[from] brn
|upkeep
|turn|44
|j| Jongruenwald
|
|t:|1660343273
|move|p1a: Landorus|Earthquake|p2a: Ferrothorn
|-damage|p2a: Ferrothorn|34/100 brn
|move|p2a: Ferrothorn|Spikes|p1a: Landorus
|-sidestart|p1: kinetic chain|Spikes
|
|-heal|p2a: Ferrothorn|41/100 brn|[from] item: Leftovers
|-damage|p2a: Ferrothorn|34/100 brn|[from] brn
|upkeep
|turn|45
|
|t:|1660343280
|switch|p1a: Clefable|Clefable, F|90/100 par
|move|p2a: Ferrothorn|Leech Seed|p1a: Clefable
|-start|p1a: Clefable|move: Leech Seed
|
|-heal|p2a: Ferrothorn|41/100 brn|[from] item: Leftovers
|-damage|p2a: Ferrothorn|34/100 brn|[from] brn
|upkeep
|turn|46
|
|t:|1660343287
|move|p1a: Clefable|Stealth Rock|p2a: Ferrothorn
|-sidestart|p2: LT93OQ Lio|move: Stealth Rock
|move|p2a: Ferrothorn|Spikes|p1a: Clefable
|-sidestart|p1: kinetic chain|Spikes
|
|-heal|p2a: Ferrothorn|41/100 brn|[from] item: Leftovers
|-damage|p2a: Ferrothorn|34/100 brn|[from] brn
|upkeep
|turn|47
|
|t:|1660343294
|switch|p2a: Landorus|Landorus-Therian, M|94/100
|-damage|p2a: Landorus|81/100|[from] Stealth Rock
|-ability|p2a: Landorus|Intimidate|boost
|-unboost|p1a: Clefable|atk|1
|move|p1a: Clefable|Knock Off|p2a: Landorus
|-damage|p2a: Landorus|74/100
|-enditem|p2a: Landorus|Leftovers|[from] move: Knock Off|[of] p1a: Clefable
|
|upkeep
|turn|48
|
|t:|1660343308
|switch|p1a: Landorus|Landorus-Therian, M|66/100
|-ability|p1a: Landorus|Intimidate|boost
|-unboost|p2a: Landorus|atk|1
|move|p2a: Landorus|Imprison|p2a: Landorus
|-start|p2a: Landorus|move: Imprison
|
|upkeep
|turn|49
|
|t:|1660343332
|move|p1a: Landorus|Toxic|p2a: Landorus
|-status|p2a: Landorus|tox
|move|p2a: Landorus|Stealth Rock|p1a: Landorus
|-sidestart|p1: kinetic chain|move: Stealth Rock
|
|-damage|p2a: Landorus|68/100 tox|[from] psn
|upkeep
|turn|50
|
|t:|1660343350
|switch|p2a: Ferrothorn|Ferrothorn, M|34/100 brn
|-damage|p2a: Ferrothorn|28/100 brn|[from] Stealth Rock
|move|p1a: Landorus|Toxic||[still]
|-fail|p1a: Landorus
|
|-heal|p2a: Ferrothorn|34/100 brn|[from] item: Leftovers
|-damage|p2a: Ferrothorn|28/100 brn|[from] brn
|upkeep
|turn|51
|
|t:|1660343360
|move|p1a: Landorus|Earthquake|p2a: Ferrothorn
|-damage|p2a: Ferrothorn|1/100 brn
|move|p2a: Ferrothorn|Leech Seed|p1a: Landorus
|-start|p1a: Landorus|move: Leech Seed
|
|-heal|p2a: Ferrothorn|8/100 brn|[from] item: Leftovers
|-damage|p1a: Landorus|54/100|[from] Leech Seed|[of] p2a: Ferrothorn
|-heal|p2a: Ferrothorn|21/100 brn|[silent]
|-damage|p2a: Ferrothorn|15/100 brn|[from] brn
|upkeep
|turn|52
|inactive|kinetic chain has 120 seconds left.
|
|t:|1660343385
|move|p1a: Landorus|Earthquake|p2a: Ferrothorn
|-damage|p2a: Ferrothorn|0 fnt
|faint|p2a: Ferrothorn
|
|upkeep
|
|t:|1660343388
|switch|p2a: Victini|Victini|41/100 tox
|turn|53
|inactive|kinetic chain has 120 seconds left.
|
|t:|1660343402
|switch|p1a: Heatran|Heatran, M|47/100 par
|-damage|p1a: Heatran|31/100 par|[from] Spikes
|-damage|p1a: Heatran|18/100 par|[from] Stealth Rock
|move|p2a: Victini|V-create|p1a: Heatran
|-start|p1a: Heatran|ability: Flash Fire
|
|-heal|p1a: Heatran|24/100 par|[from] item: Leftovers
|-damage|p2a: Victini|35/100 tox|[from] psn
|upkeep
|turn|54
|inactive|kinetic chain has 120 seconds left.
|j| Gengarnblancoy
|
|t:|1660343412
|move|p2a: Victini|Bolt Strike|p1a: Heatran
|-damage|p1a: Heatran|0 fnt
|faint|p1a: Heatran
|
|-damage|p2a: Victini|23/100 tox|[from] psn
|upkeep
|l| Gengarnblancoy
|
|t:|1660343429
|switch|p1a: Dragapult|Dragapult, F|100/100
|-damage|p1a: Dragapult|84/100|[from] Spikes
|-damage|p1a: Dragapult|72/100|[from] Stealth Rock
|turn|55
|
|t:|1660343436
|switch|p2a: Landorus|Landorus-Therian, M|68/100 tox
|-damage|p2a: Landorus|55/100 tox|[from] Stealth Rock
|-ability|p2a: Landorus|Intimidate|boost
|-unboost|p1a: Dragapult|atk|1
|move|p1a: Dragapult|Shadow Ball|p2a: Landorus
|-damage|p2a: Landorus|0 fnt
|faint|p2a: Landorus
|
|upkeep
|l| keldeo
|
|t:|1660343441
|switch|p2a: Dragonite|Dragonite, F|100/100
|turn|56
|inactive|kinetic chain has 120 seconds left.
|
|t:|1660343464
|move|p1a: Dragapult|Shadow Ball|p2a: Dragonite
|-damage|p2a: Dragonite|75/100
|move|p2a: Dragonite|Dragon Dance|p2a: Dragonite
|-boost|p2a: Dragonite|atk|1
|-boost|p2a: Dragonite|spe|1
|
|upkeep
|turn|57
|
|t:|1660343473
|move|p2a: Dragonite|Ice Punch|p1a: Dragapult
|-supereffective|p1a: Dragapult
|-damage|p1a: Dragapult|0 fnt
|faint|p1a: Dragapult
|
|upkeep
|l| LT93OQ Somalia
|
|t:|1660343479
|switch|p1a: Clefable|Clefable, F|90/100 par
|turn|58
|
|t:|1660343488
|move|p2a: Dragonite|Earthquake|p1a: Clefable
|-damage|p1a: Clefable|49/100 par
|move|p1a: Clefable|Moonblast|p2a: Dragonite
|-supereffective|p2a: Dragonite
|-damage|p2a: Dragonite|13/100
|
|upkeep
|turn|59
|
|t:|1660343494
|move|p2a: Dragonite|Earthquake|p1a: Clefable
|-damage|p1a: Clefable|11/100 par
|move|p1a: Clefable|Moonblast|p2a: Dragonite
|-supereffective|p2a: Dragonite
|-damage|p2a: Dragonite|0 fnt
|faint|p2a: Dragonite
|
|upkeep
|
|t:|1660343504
|switch|p2a: Dragapult|Dragapult, M|65/100 brn
|turn|60
|
|t:|1660343508
|move|p2a: Dragapult|Hex|p1a: Clefable
|-damage|p1a: Clefable|0 fnt
|faint|p1a: Clefable
|
|-damage|p2a: Dragapult|59/100 brn|[from] brn
|upkeep
|
|t:|1660343515
|switch|p1a: Landorus|Landorus-Therian, M|54/100
|-damage|p1a: Landorus|41/100|[from] Stealth Rock
|-ability|p1a: Landorus|Intimidate|boost
|-unboost|p2a: Dragapult|atk|1
|turn|61
|inactive|LT93OQ Lio has 120 seconds left.
|
|t:|1660343554
|move|p2a: Dragapult|Draco Meteor|p1a: Landorus
|-damage|p1a: Landorus|0 fnt
|-unboost|p2a: Dragapult|spa|2
|faint|p1a: Landorus
|
|-damage|p2a: Dragapult|53/100 brn|[from] brn
|upkeep
|
|t:|1660343561
|switch|p1a: Dragonite|Dragonite, F|100/100
|turn|62
|
|t:|1660343570
|move|p2a: Dragapult|U-turn|p1a: Dragonite
|-resisted|p1a: Dragonite
|-crit|p1a: Dragonite
|-damage|p1a: Dragonite|98/100
|
|t:|1660343571
|switch|p2a: Victini|Victini|23/100 tox|[from]move: U-turn
|move|p1a: Dragonite|Dragon Dance|p1a: Dragonite
|-boost|p1a: Dragonite|atk|1
|-boost|p1a: Dragonite|spe|1
|
|-damage|p2a: Victini|17/100 tox|[from] psn
|upkeep
|turn|63
|
|t:|1660343579
|move|p1a: Dragonite|Earthquake|p2a: Victini
|-supereffective|p2a: Victini
|-damage|p2a: Victini|0 fnt
|faint|p2a: Victini
|
|upkeep
|
|t:|1660343581
|switch|p2a: Dragapult|Dragapult, M|53/100 brn
|turn|64
|
|t:|1660343585
|move|p1a: Dragonite|Ice Punch|p2a: Dragapult
|-supereffective|p2a: Dragapult
|-damage|p2a: Dragapult|0 fnt
|faint|p2a: Dragapult
|
|win|kinetic chain
|raw|kinetic chain's rating: 1855 &rarr; <strong>1869</strong><br />(+14 for winning)
|raw|LT93OQ Lio's rating: 1752 &rarr; <strong>1738</strong><br />(-14 for losing)
