|j|☆minimax_ai
|j|☆user1_ou
|t:|1662547414
|gametype|singles
|player|p1|minimax_ai|lusamine-nihilego|1610
|player|p2|user1_ou|eusine|1665
|teamsize|p1|6
|teamsize|p2|6
|gen|8
|tier|[Gen 8] OU
|rated|
|rule|Sleep Clause Mod: Limit one foe put to sleep
|rule|Species Clause: Limit one of each Pokémon
|rule|OHKO Clause: OHKO moves are banned
|rule|Evasion Items Clause: Evasion items are banned
|rule|Evasion Moves Clause: Evasion moves are banned
|rule|Endless Battle Clause: Forcing endless battles is banned
|rule|HP Percentage Mod: HP is shown in percentages
|rule|Dynamax Clause: You cannot dynamax
|clearpoke
|poke|p1|Rotom-Wash|
|poke|p1|Weavile, M|
|poke|p1|Landorus-Therian, M|
|poke|p1|Heatran, M|
|poke|p1|Tangrowth, F|
|poke|p1|Melmetal|
|poke|p2|Gengar, F|
|poke|p2|Blacephalon|
|poke|p2|Dragapult, M|
|poke|p2|Rotom-Wash|
|poke|p2|Mandibuzz, F|
|poke|p2|Ferrothorn, F|
|teampreview
|c|☆minimax_ai|hf
|inactive|Battle timer is ON: inactive players will automatically lose when time's up. (requested by minimax_ai)
|c|☆user1_ou|u2
|
|t:|1662547429
|start
|switch|p1a: landorustherian|Landorus-Therian, M|100/100
|switch|p2a: Ferrothorn|Ferrothorn, F|100/100
|-ability|p1a: landorustherian|Intimidate|boost
|-unboost|p2a: Ferrothorn|atk|1
|turn|1
|
|t:|1662547433
|move|p1a: landorustherian|U-turn|p2a: Ferrothorn
|-damage|p2a: Ferrothorn|87/100
|-damage|p1a: landorustherian|88/100|[from] ability: Iron Barbs|[of] p2a: Ferrothorn
|
|t:|1662547433
|switch|p1a: Heatran|Heatran, M|100/100|[from]move: U-turn
|-item|p1a: Heatran|Air Balloon
|move|p2a: Ferrothorn|Stealth Rock|p1a: Heatran
|-sidestart|p1: minimax_ai|move: Stealth Rock
|
|-heal|p2a: Ferrothorn|93/100|[from] item: Leftovers
|upkeep
|turn|2
|
|t:|1662547435
|switch|p2a: Rotom|Rotom-Wash|100/100
|move|p1a: Heatran|Stealth Rock|p2a: Rotom
|-sidestart|p2: user1_ou|move: Stealth Rock
|
|upkeep
|turn|3
|
|t:|1662547440
|switch|p1a: Tangrowth|Tangrowth, F|100/100
|-damage|p1a: Tangrowth|88/100|[from] Stealth Rock
|move|p2a: Rotom|Toxic|p1a: Tangrowth
|-status|p1a: Tangrowth|tox
|
|-damage|p1a: Tangrowth|82/100 tox|[from] psn
|upkeep
|turn|4
|
|t:|1662547442
|move|p2a: Rotom|Volt Switch|p1a: Tangrowth
|-resisted|p1a: Tangrowth
|-damage|p1a: Tangrowth|63/100 tox
|
|t:|1662547444
|switch|p2a: Mandibuzz|Mandibuzz, F|100/100|[from]move: Volt Switch
|move|p1a: Tangrowth|Knock Off|p2a: Mandibuzz
|-resisted|p2a: Mandibuzz
|-damage|p2a: Mandibuzz|94/100
|-enditem|p2a: Mandibuzz|Heavy-Duty Boots|[from] move: Knock Off|[of] p1a: Tangrowth
|
|-damage|p1a: Tangrowth|50/100 tox|[from] psn
|upkeep
|turn|5
|
|t:|1662547451
|switch|p1a: rotomwash|Rotom-Wash|100/100
|-damage|p1a: rotomwash|88/100|[from] Stealth Rock
|move|p2a: Mandibuzz|Foul Play|p1a: rotomwash
|-damage|p1a: rotomwash|66/100
|
|-heal|p1a: rotomwash|72/100|[from] item: Leftovers
|upkeep
|turn|6
|
|t:|1662547454
|switch|p2a: Ferrothorn|Ferrothorn, F|93/100
|-damage|p2a: Ferrothorn|87/100|[from] Stealth Rock
|move|p1a: rotomwash|Pain Split|p2a: Ferrothorn
|-sethp|p2a: Ferrothorn|75/100|[from] move: Pain Split|[silent]
|-sethp|p1a: rotomwash|86/100|[from] move: Pain Split
|
|-heal|p1a: rotomwash|93/100|[from] item: Leftovers
|-heal|p2a: Ferrothorn|81/100|[from] item: Leftovers
|upkeep
|turn|7
|
|t:|1662547459
|switch|p1a: Tangrowth|Tangrowth, F|83/100 tox
|-damage|p1a: Tangrowth|71/100 tox|[from] Stealth Rock
|move|p2a: Ferrothorn|Leech Seed|p1a: Tangrowth
|-immune|p1a: Tangrowth
|
|-heal|p2a: Ferrothorn|87/100|[from] item: Leftovers
|-damage|p1a: Tangrowth|65/100 tox|[from] psn
|upkeep
|turn|8
|j| hdjdhdhdhdhd
|
|t:|1662547461
|switch|p1a: landorustherian|Landorus-Therian, M|88/100
|-damage|p1a: landorustherian|76/100|[from] Stealth Rock
|-ability|p1a: landorustherian|Intimidate|boost
|-unboost|p2a: Ferrothorn|atk|1
|switch|p2a: Mandibuzz|Mandibuzz, F|94/100
|-damage|p2a: Mandibuzz|69/100|[from] Stealth Rock
|
|-heal|p1a: landorustherian|82/100|[from] item: Leftovers
|upkeep
|turn|9
|
|t:|1662547464
|move|p1a: landorustherian|U-turn|p2a: Mandibuzz
|-damage|p2a: Mandibuzz|53/100
|
|t:|1662547464
|switch|p1a: Melmetal|Melmetal|100/100|[from]move: U-turn
|-damage|p1a: Melmetal|94/100|[from] Stealth Rock
|move|p2a: Mandibuzz|Foul Play|p1a: Melmetal
|-damage|p1a: Melmetal|65/100
|
|upkeep
|turn|10
|
|t:|1662547471
|move|p2a: Mandibuzz|Roost|p2a: Mandibuzz
|-heal|p2a: Mandibuzz|100/100
|-singleturn|p2a: Mandibuzz|move: Roost
|move|p1a: Melmetal|Ice Punch|p2a: Mandibuzz
|-damage|p2a: Mandibuzz|78/100
|
|upkeep
|turn|11
|j| Theodort.3000
|l| Theodort.3000
|inactive|user1_ou has 120 seconds left.
|
|t:|1662547512
|move|p2a: Mandibuzz|Foul Play|p1a: Melmetal
|-damage|p1a: Melmetal|32/100
|move|p1a: Melmetal|Ice Punch|p2a: Mandibuzz
|-supereffective|p2a: Mandibuzz
|-damage|p2a: Mandibuzz|37/100
|
|upkeep
|turn|12
|
|t:|1662547517
|move|p2a: Mandibuzz|Foul Play|p1a: Melmetal
|-damage|p1a: Melmetal|2/100
|move|p1a: Melmetal|Ice Punch|p2a: Mandibuzz
|-supereffective|p2a: Mandibuzz
|-damage|p2a: Mandibuzz|0 fnt
|faint|p2a: Mandibuzz
|
|upkeep
|
|t:|1662547528
|switch|p2a: Gengar|Gengar, F|100/100
|-damage|p2a: Gengar|88/100|[from] Stealth Rock
|turn|13
|
|t:|1662547536
|move|p2a: Gengar|Shadow Ball|p1a: Melmetal
|-damage|p1a: Melmetal|0 fnt
|faint|p1a: Melmetal
|
|upkeep
|
|t:|1662547537
|switch|p1a: Heatran|Heatran, M|100/100
|-damage|p1a: Heatran|88/100|[from] Stealth Rock
|-item|p1a: Heatran|Air Balloon
|turn|14
|
|t:|1662547539
|move|p2a: Gengar|Shadow Ball|p1a: Heatran
|-damage|p1a: Heatran|27/100
|-enditem|p1a: Heatran|Air Balloon
|move|p1a: Heatran|Magma Storm|p2a: Gengar
|-damage|p2a: Gengar|0 fnt
|faint|p2a: Gengar
|
|upkeep
|
|t:|1662547547
|switch|p2a: Rotom|Rotom-Wash|100/100
|-damage|p2a: Rotom|88/100|[from] Stealth Rock
|turn|15
|
|t:|1662547549
|switch|p1a: Tangrowth|Tangrowth, F|98/100 tox
|-damage|p1a: Tangrowth|86/100 tox|[from] Stealth Rock
|move|p2a: Rotom|Volt Switch|p1a: Tangrowth
|-resisted|p1a: Tangrowth
|-damage|p1a: Tangrowth|67/100 tox
|
|t:|1662547552
|switch|p2a: Ferrothorn|Ferrothorn, F|87/100|[from]move: Volt Switch
|-damage|p2a: Ferrothorn|81/100|[from] Stealth Rock
|
|-heal|p2a: Ferrothorn|87/100|[from] item: Leftovers
|-damage|p1a: Tangrowth|61/100 tox|[from] psn
|upkeep
|turn|16
|
|t:|1662547554
|switch|p1a: landorustherian|Landorus-Therian, M|82/100
|-damage|p1a: landorustherian|70/100|[from] Stealth Rock
|-ability|p1a: landorustherian|Intimidate|boost
|-unboost|p2a: Ferrothorn|atk|1
|move|p2a: Ferrothorn|Spikes|p1a: landorustherian
|-sidestart|p1: minimax_ai|Spikes
|
|-heal|p1a: landorustherian|76/100|[from] item: Leftovers
|-heal|p2a: Ferrothorn|93/100|[from] item: Leftovers
|upkeep
|turn|17
|
|t:|1662547556
|move|p1a: landorustherian|Defog|p2a: Ferrothorn
|-unboost|p2a: Ferrothorn|evasion|1
|-sideend|p2: user1_ou|Stealth Rock|[from] move: Defog|[of] p1a: landorustherian
|-sideend|p1: minimax_ai|Spikes|[from] move: Defog|[of] p1a: landorustherian
|-sideend|p1: minimax_ai|Stealth Rock|[from] move: Defog|[of] p1a: landorustherian
|move|p2a: Ferrothorn|Leech Seed|p1a: landorustherian
|-start|p1a: landorustherian|move: Leech Seed
|
|-heal|p1a: landorustherian|82/100|[from] item: Leftovers
|-heal|p2a: Ferrothorn|99/100|[from] item: Leftovers
|-damage|p1a: landorustherian|69/100|[from] Leech Seed|[of] p2a: Ferrothorn
|-heal|p2a: Ferrothorn|100/100|[silent]
|upkeep
|turn|18
|
|t:|1662547559
|move|p1a: landorustherian|U-turn|p2a: Ferrothorn
|-damage|p2a: Ferrothorn|88/100
|-damage|p1a: landorustherian|57/100|[from] ability: Iron Barbs|[of] p2a: Ferrothorn
|
|t:|1662547559
|switch|p1a: Heatran|Heatran, M|27/100|[from]move: U-turn
|move|p2a: Ferrothorn|Body Press|p1a: Heatran
|-supereffective|p1a: Heatran
|-damage|p1a: Heatran|0 fnt
|faint|p1a: Heatran
|
|-heal|p2a: Ferrothorn|95/100|[from] item: Leftovers
|upkeep
|
|t:|1662547560
|switch|p1a: landorustherian|Landorus-Therian, M|57/100
|-ability|p1a: landorustherian|Intimidate|boost
|-unboost|p2a: Ferrothorn|atk|1
|turn|19
|
|t:|1662547567
|move|p1a: landorustherian|Toxic|p2a: Ferrothorn
|-immune|p2a: Ferrothorn
|move|p2a: Ferrothorn|Stealth Rock|p1a: landorustherian
|-sidestart|p1: minimax_ai|move: Stealth Rock
|
|-heal|p1a: landorustherian|63/100|[from] item: Leftovers
|-heal|p2a: Ferrothorn|100/100|[from] item: Leftovers
|upkeep
|turn|20
|
|t:|1662547569
|move|p1a: landorustherian|Defog|p2a: Ferrothorn
|-unboost|p2a: Ferrothorn|evasion|1
|-sideend|p1: minimax_ai|Stealth Rock|[from] move: Defog|[of] p1a: landorustherian
|move|p2a: Ferrothorn|Leech Seed|p1a: landorustherian
|-start|p1a: landorustherian|move: Leech Seed
|
|-heal|p1a: landorustherian|69/100|[from] item: Leftovers
|-damage|p1a: landorustherian|57/100|[from] Leech Seed|[of] p2a: Ferrothorn
|upkeep
|turn|21
|
|t:|1662547572
|switch|p1a: rotomwash|Rotom-Wash|93/100
|move|p2a: Ferrothorn|Body Press|p1a: rotomwash
|-damage|p1a: rotomwash|62/100
|
|-heal|p1a: rotomwash|69/100|[from] item: Leftovers
|upkeep
|turn|22
|
|t:|1662547575
|move|p1a: rotomwash|Pain Split|p2a: Ferrothorn
|-sethp|p2a: Ferrothorn|80/100|[from] move: Pain Split|[silent]
|-sethp|p1a: rotomwash|92/100|[from] move: Pain Split
|move|p2a: Ferrothorn|Stealth Rock|p1a: rotomwash
|-sidestart|p1: minimax_ai|move: Stealth Rock
|
|-heal|p1a: rotomwash|99/100|[from] item: Leftovers
|-heal|p2a: Ferrothorn|86/100|[from] item: Leftovers
|upkeep
|turn|23
|
|t:|1662547582
|move|p1a: rotomwash|Nasty Plot|p1a: rotomwash
|-boost|p1a: rotomwash|spa|2
|move|p2a: Ferrothorn|Leech Seed|p1a: rotomwash
|-start|p1a: rotomwash|move: Leech Seed
|
|-heal|p1a: rotomwash|100/100|[from] item: Leftovers
|-heal|p2a: Ferrothorn|92/100|[from] item: Leftovers
|-damage|p1a: rotomwash|88/100|[from] Leech Seed|[of] p2a: Ferrothorn
|-heal|p2a: Ferrothorn|100/100|[silent]
|upkeep
|turn|24
|
|t:|1662547585
|move|p1a: rotomwash|Thunderbolt|p2a: Ferrothorn
|-resisted|p2a: Ferrothorn
|-damage|p2a: Ferrothorn|74/100
|move|p2a: Ferrothorn|Spikes|p1a: rotomwash
|-sidestart|p1: minimax_ai|Spikes
|
|-heal|p1a: rotomwash|94/100|[from] item: Leftovers
|-heal|p2a: Ferrothorn|80/100|[from] item: Leftovers
|-damage|p1a: rotomwash|82/100|[from] Leech Seed|[of] p2a: Ferrothorn
|-heal|p2a: Ferrothorn|91/100|[silent]
|upkeep
|turn|25
|
|t:|1662547589
|switch|p2a: Dragapult|Dragapult, M|100/100
|move|p1a: rotomwash|Thunderbolt|p2a: Dragapult
|-resisted|p2a: Dragapult
|-damage|p2a: Dragapult|51/100
|
|-heal|p1a: rotomwash|88/100|[from] item: Leftovers
|-damage|p1a: rotomwash|75/100|[from] Leech Seed|[of] p2a: Dragapult
|-heal|p2a: Dragapult|63/100|[silent]
|upkeep
|turn|26
|
|t:|1662547596
|move|p2a: Dragapult|Dragon Darts|p1a: rotomwash
|-damage|p1a: rotomwash|34/100
|-anim|p2a: Dragapult|Dragon Darts|p1a: rotomwash
|-damage|p1a: rotomwash|0 fnt
|faint|p1a: rotomwash
|
|upkeep
|
|t:|1662547597
|switch|p1a: Weavile|Weavile, M|100/100
|-damage|p1a: Weavile|76/100|[from] Stealth Rock
|-damage|p1a: Weavile|63/100|[from] Spikes
|-ability|p1a: Weavile|Pressure
|turn|27
|
|t:|1662547599
|move|p1a: Weavile|Ice Shard|p2a: Dragapult
|-supereffective|p2a: Dragapult
|-damage|p2a: Dragapult|0 fnt
|faint|p2a: Dragapult
|
|upkeep
|
|t:|1662547603
|switch|p2a: Blacephalon|Blacephalon|100/100
|turn|28
|
|t:|1662547605
|move|p1a: Weavile|Ice Shard|p2a: Blacephalon
|-resisted|p2a: Blacephalon
|-damage|p2a: Blacephalon|66/100
|move|p2a: Blacephalon|Flamethrower|p1a: Weavile
|-supereffective|p1a: Weavile
|-damage|p1a: Weavile|0 fnt
|faint|p1a: Weavile
|-ability|p2a: Blacephalon|Beast Boost|boost
|-boost|p2a: Blacephalon|spa|1
|
|upkeep
|
|t:|1662547605
|switch|p1a: Tangrowth|Tangrowth, F|94/100 tox
|-damage|p1a: Tangrowth|82/100 tox|[from] Stealth Rock
|-damage|p1a: Tangrowth|69/100 tox|[from] Spikes
|turn|29
|
|t:|1662547608
|move|p2a: Blacephalon|Flamethrower|p1a: Tangrowth
|-supereffective|p1a: Tangrowth
|-damage|p1a: Tangrowth|0 fnt
|faint|p1a: Tangrowth
|-ability|p2a: Blacephalon|Beast Boost|boost
|-boost|p2a: Blacephalon|spa|1
|
|upkeep
|
|t:|1662547608
|switch|p1a: landorustherian|Landorus-Therian, M|57/100
|-damage|p1a: landorustherian|44/100|[from] Stealth Rock
|-ability|p1a: landorustherian|Intimidate|boost
|-unboost|p2a: Blacephalon|atk|1
|turn|30
|
|t:|1662547609
|move|p2a: Blacephalon|Flamethrower|p1a: landorustherian
|-damage|p1a: landorustherian|0 fnt
|faint|p1a: landorustherian
|
|win|user1_ou
|raw|minimax_ai's rating: 1610 &rarr; <strong>1593</strong><br />(-17 for losing)
|raw|user1_ou's rating: 1665 &rarr; <strong>1682</strong><br />(+17 for winning)
|c|☆minimax_ai|gg
