|j|☆Izuyu
|j|☆pizzalover420
|inactive|Battle timer is ON: inactive players will automatically lose when time's up.
|t:|1649532269
|gametype|singles
|player|p1|Izuyu|flannery|
|player|p2|pizzalover420|blackbelt-gen4dp|
|teamsize|p1|6
|teamsize|p2|6
|gen|8
|tier|[Gen 8] OU
|rated|Tournament battle
|rule|Sleep Clause Mod: Limit one foe put to sleep
|rule|Species Clause: Limit one of each Pokémon
|rule|OHKO Clause: OHKO moves are banned
|rule|Evasion Moves Clause: Evasion moves are banned
|rule|Endless Battle Clause: Forcing endless battles is banned
|rule|HP Percentage Mod: HP is shown in percentages
|rule|Dynamax Clause: You cannot dynamax
|clearpoke
|poke|p1|Tapu Lele|
|poke|p1|Kartana|
|poke|p1|Tornadus-Therian, M|
|poke|p1|Garchomp, M|
|poke|p1|Rotom-Wash|
|poke|p1|Ferrothorn, F|
|poke|p2|Tyranitar, M|
|poke|p2|Kartana|
|poke|p2|Scizor, M|
|poke|p2|Landorus-Therian, M|
|poke|p2|Tapu Koko|
|poke|p2|Slowbro, F|
|teampreview
|j|*Lady Monita ✿
|j| Lkapkd
|j| Krananas
|j|%GoldtOdd1
|j|@Tranquilityy ❤
|
|t:|1649532296
|start
|switch|p1a: Garchomp|Garchomp, M|100/100
|switch|p2a: Kartana|Kartana|100/100
|turn|1
|j| pradyt
|j| AzulADLV
|l| pradyt
|
|t:|1649532312
|move|p2a: Kartana|Knock Off|p1a: Garchomp
|-damage|p1a: Garchomp|37/100
|-damage|p2a: Kartana|88/100|[from] ability: Rough Skin|[of] p1a: Garchomp
|-enditem|p1a: Garchomp|Leftovers|[from] move: Knock Off|[of] p2a: Kartana
|move|p1a: Garchomp|Fire Fang|p2a: Kartana
|-supereffective|p2a: Kartana
|-damage|p2a: Kartana|0 fnt
|faint|p2a: Kartana
|
|upkeep
|
|t:|1649532316
|switch|p2a: Tapu Koko|Tapu Koko|100/100
|-fieldstart|move: Electric Terrain|[from] ability: Electric Surge|[of] p2a: Tapu Koko
|turn|2
|
|t:|1649532323
|switch|p1a: Ferrothorn|Ferrothorn, F|100/100
|move|p2a: Tapu Koko|Nature's Madness|p1a: Ferrothorn
|-damage|p1a: Ferrothorn|50/100
|
|upkeep
|turn|3
|
|t:|1649532328
|move|p2a: Tapu Koko|Volt Switch|p1a: Ferrothorn
|-resisted|p1a: Ferrothorn
|-damage|p1a: Ferrothorn|34/100
|
|t:|1649532332
|switch|p2a: Tyranitar|Tyranitar, M|100/100|[from]move: Volt Switch
|-weather|Sandstorm|[from] ability: Sand Stream|[of] p2a: Tyranitar
|move|p1a: Ferrothorn|Stealth Rock|p2a: Tyranitar
|-sidestart|p2: pizzalover420|move: Stealth Rock
|
|-weather|Sandstorm|[upkeep]
|upkeep
|turn|4
|
|t:|1649532339
|move|p2a: Tyranitar|Flamethrower|p1a: Ferrothorn
|-supereffective|p1a: Ferrothorn
|-damage|p1a: Ferrothorn|0 fnt
|faint|p1a: Ferrothorn
|
|-weather|Sandstorm|[upkeep]
|upkeep
|j| ImaPokePerson
|
|t:|1649532358
|switch|p1a: Rotom|Rotom-Wash|100/100
|turn|5
|
|t:|1649532367
|switch|p2a: Slowbro|Slowbro, F|100/100
|move|p1a: Rotom|Hydro Pump|p2a: Slowbro
|-resisted|p2a: Slowbro
|-damage|p2a: Slowbro|83/100
|
|-weather|Sandstorm|[upkeep]
|-damage|p1a: Rotom|94/100|[from] Sandstorm
|-damage|p2a: Slowbro|77/100|[from] Sandstorm
|-heal|p1a: Rotom|100/100|[from] item: Leftovers
|upkeep
|turn|6
|
|t:|1649532373
|move|p1a: Rotom|Volt Switch|p2a: Slowbro
|-supereffective|p2a: Slowbro
|-damage|p2a: Slowbro|30/100
|
|t:|1649532382
|switch|p1a: Kartana|Kartana|100/100|[from]move: Volt Switch
|move|p2a: Slowbro|Teleport|p2a: Slowbro
|j| DOOR MONEY
|
|t:|1649532402
|switch|p2a: Landorus|Landorus-Therian, M|100/100|[from]move: Teleport
|-damage|p2a: Landorus|88/100|[from] Stealth Rock
|-ability|p2a: Landorus|Intimidate|boost
|-unboost|p1a: Kartana|atk|1
|
|-weather|Sandstorm|[upkeep]
|-heal|p2a: Landorus|94/100|[from] item: Leftovers
|-fieldend|move: Electric Terrain
|upkeep
|turn|7
|
|t:|1649532406
|switch|p1a: Rotom|Rotom-Wash|100/100
|move|p2a: Landorus|Defog|p1a: Rotom
|-unboost|p1a: Rotom|evasion|1
|-sideend|p2: pizzalover420|Stealth Rock|[from] move: Defog|[of] p2a: Landorus
|
|-weather|none
|-heal|p2a: Landorus|99/100|[from] item: Leftovers
|upkeep
|turn|8
|
|t:|1649532423
|switch|p2a: Slowbro|Slowbro, F|63/100
|move|p1a: Rotom|Hydro Pump|p2a: Slowbro
|-resisted|p2a: Slowbro
|-damage|p2a: Slowbro|45/100
|
|upkeep
|turn|9
|j| UnzipsCrogre
|
|t:|1649532436
|switch|p2a: Tapu Koko|Tapu Koko|100/100
|-fieldstart|move: Electric Terrain|[from] ability: Electric Surge|[of] p2a: Tapu Koko
|move|p1a: Rotom|Hydro Pump|p2a: Tapu Koko
|-damage|p2a: Tapu Koko|40/100
|
|upkeep
|turn|10
|l| UnzipsCrogre
|
|t:|1649532446
|move|p2a: Tapu Koko|Roost|p2a: Tapu Koko
|-heal|p2a: Tapu Koko|90/100
|-singleturn|p2a: Tapu Koko|move: Roost
|move|p1a: Rotom|Hydro Pump|p2a: Tapu Koko
|-damage|p2a: Tapu Koko|33/100
|
|upkeep
|turn|11
|l|%GoldtOdd1
|
|t:|1649532451
|move|p2a: Tapu Koko|Roost|p2a: Tapu Koko
|-heal|p2a: Tapu Koko|83/100
|-singleturn|p2a: Tapu Koko|move: Roost
|move|p1a: Rotom|Volt Switch|p2a: Tapu Koko
|-resisted|p2a: Tapu Koko
|-damage|p2a: Tapu Koko|65/100
|
|t:|1649532469
|switch|p1a: Kartana|Kartana|100/100|[from]move: Volt Switch
|
|upkeep
|turn|12
|
|t:|1649532478
|switch|p2a: Scizor|Scizor, M|100/100
|move|p1a: Kartana|Leaf Blade|p2a: Scizor
|-resisted|p2a: Scizor
|-damage|p2a: Scizor|90/100
|-damage|p1a: Kartana|84/100|[from] item: Rocky Helmet|[of] p2a: Scizor
|
|upkeep
|turn|13
|
|t:|1649532488
|switch|p1a: Tornadus|Tornadus-Therian, M|100/100
|move|p2a: Scizor|Knock Off|p1a: Tornadus
|-damage|p1a: Tornadus|71/100
|-enditem|p1a: Tornadus|Assault Vest|[from] move: Knock Off|[of] p2a: Scizor
|
|-fieldend|move: Electric Terrain
|upkeep
|turn|14
|l| ImaPokePerson
|
|t:|1649532504
|switch|p2a: Slowbro|Slowbro, F|78/100
|move|p1a: Tornadus|Knock Off|p2a: Slowbro
|-supereffective|p2a: Slowbro
|-damage|p2a: Slowbro|53/100
|-enditem|p2a: Slowbro|Heavy-Duty Boots|[from] move: Knock Off|[of] p1a: Tornadus
|
|upkeep
|turn|15
|
|t:|1649532524
|move|p1a: Tornadus|U-turn|p2a: Slowbro
|-supereffective|p2a: Slowbro
|-damage|p2a: Slowbro|33/100
|
|t:|1649532532
|switch|p1a: Tapu Lele|Tapu Lele|100/100|[from]move: U-turn
|-fieldstart|move: Psychic Terrain|[from] ability: Psychic Surge|[of] p1a: Tapu Lele
|move|p2a: Slowbro|Teleport|p2a: Slowbro
|
|t:|1649532541
|switch|p2a: Tapu Koko|Tapu Koko|65/100|[from]move: Teleport
|-fieldstart|move: Electric Terrain|[from] ability: Electric Surge|[of] p2a: Tapu Koko
|
|upkeep
|turn|16
|
|t:|1649532548
|switch|p1a: Kartana|Kartana|84/100
|move|p2a: Tapu Koko|Volt Switch|p1a: Kartana
|-resisted|p1a: Kartana
|-damage|p1a: Kartana|28/100
|
|t:|1649532552
|switch|p2a: Slowbro|Slowbro, F|67/100|[from]move: Volt Switch
|
|upkeep
|turn|17
|
|t:|1649532556
|switch|p2a: Scizor|Scizor, M|90/100
|move|p1a: Kartana|Leaf Blade|p2a: Scizor
|-resisted|p2a: Scizor
|-damage|p2a: Scizor|80/100
|-damage|p1a: Kartana|12/100|[from] item: Rocky Helmet|[of] p2a: Scizor
|
|upkeep
|turn|18
|j| crazyduck8
|j| Horse W No Name
|
|t:|1649532566
|switch|p1a: Tornadus|Tornadus-Therian, M|100/100
|move|p2a: Scizor|Knock Off|p1a: Tornadus
|-damage|p1a: Tornadus|82/100
|
|upkeep
|turn|19
|l| crazyduck8
|
|t:|1649532576
|switch|p2a: Tyranitar|Tyranitar, M|100/100
|-weather|Sandstorm|[from] ability: Sand Stream|[of] p2a: Tyranitar
|move|p1a: Tornadus|Heat Wave|p2a: Tyranitar
|-resisted|p2a: Tyranitar
|-damage|p2a: Tyranitar|96/100
|
|-weather|Sandstorm|[upkeep]
|-damage|p1a: Tornadus|75/100|[from] Sandstorm
|-heal|p2a: Tyranitar|100/100|[from] item: Leftovers
|-fieldend|move: Electric Terrain
|upkeep
|turn|20
|
|t:|1649532580
|move|p1a: Tornadus|U-turn|p2a: Tyranitar
|-supereffective|p2a: Tyranitar
|-damage|p2a: Tyranitar|78/100
|
|t:|1649532587
|switch|p1a: Rotom|Rotom-Wash|100/100|[from]move: U-turn
|move|p2a: Tyranitar|Stealth Rock|p1a: Rotom
|-sidestart|p1: Izuyu|move: Stealth Rock
|
|-weather|Sandstorm|[upkeep]
|-damage|p1a: Rotom|94/100|[from] Sandstorm
|-heal|p1a: Rotom|100/100|[from] item: Leftovers
|-heal|p2a: Tyranitar|84/100|[from] item: Leftovers
|upkeep
|turn|21
|
|t:|1649532591
|switch|p2a: Slowbro|Slowbro, F|99/100
|move|p1a: Rotom|Defog|p2a: Slowbro
|-unboost|p2a: Slowbro|evasion|1
|-sideend|p1: Izuyu|Stealth Rock|[from] move: Defog|[of] p1a: Rotom
|
|-weather|Sandstorm|[upkeep]
|-damage|p1a: Rotom|94/100|[from] Sandstorm
|-damage|p2a: Slowbro|94/100|[from] Sandstorm
|-heal|p1a: Rotom|100/100|[from] item: Leftovers
|upkeep
|turn|22
|
|t:|1649532596
|move|p1a: Rotom|Volt Switch|p2a: Slowbro
|-supereffective|p2a: Slowbro
|-damage|p2a: Slowbro|51/100
|j| Axrtix
|
|t:|1649532614
|switch|p1a: Tornadus|Tornadus-Therian, M|100/100|[from]move: Volt Switch
|move|p2a: Slowbro|Future Sight|p1a: Tornadus
|-start|p2a: Slowbro|move: Future Sight
|
|-weather|Sandstorm|[upkeep]
|-damage|p1a: Tornadus|94/100|[from] Sandstorm
|-damage|p2a: Slowbro|45/100|[from] Sandstorm
|upkeep
|turn|23
|
|t:|1649532623
|move|p1a: Tornadus|Hurricane|p2a: Slowbro
|-damage|p2a: Slowbro|11/100
|-start|p2a: Slowbro|confusion
|-activate|p2a: Slowbro|confusion
|move|p2a: Slowbro|Slack Off|p2a: Slowbro
|-heal|p2a: Slowbro|61/100
|
|-weather|none
|upkeep
|turn|24
|
|t:|1649532635
|switch|p2a: Tapu Koko|Tapu Koko|65/100
|-fieldstart|move: Electric Terrain|[from] ability: Electric Surge|[of] p2a: Tapu Koko
|move|p1a: Tornadus|Hurricane|p2a: Tapu Koko
|-resisted|p2a: Tapu Koko
|-damage|p2a: Tapu Koko|31/100
|-start|p2a: Tapu Koko|confusion
|
|-end|p1a: Tornadus|move: Future Sight
|-damage|p1a: Tornadus|55/100
|upkeep
|turn|25
|
|t:|1649532642
|switch|p2a: Slowbro|Slowbro, F|94/100
|switch|p1a: Tapu Lele|Tapu Lele|100/100
|-fieldstart|move: Psychic Terrain|[from] ability: Psychic Surge|[of] p1a: Tapu Lele
|
|upkeep
|turn|26
|j| TDR
|
|t:|1649532652
|move|p1a: Tapu Lele|Future Sight|p2a: Slowbro
|-start|p1a: Tapu Lele|move: Future Sight
|move|p2a: Slowbro|Teleport|p2a: Slowbro
|
|t:|1649532655
|switch|p2a: Tapu Koko|Tapu Koko|31/100|[from]move: Teleport
|-fieldstart|move: Electric Terrain|[from] ability: Electric Surge|[of] p2a: Tapu Koko
|
|upkeep
|turn|27
|l| TDR
|j| Surdish
|
|t:|1649532680
|switch|p1a: Tornadus|Tornadus-Therian, M|89/100
|move|p2a: Tapu Koko|Roost|p2a: Tapu Koko
|-heal|p2a: Tapu Koko|81/100
|-singleturn|p2a: Tapu Koko|move: Roost
|
|upkeep
|turn|28
|l|@Tranquilityy ❤
|
|t:|1649532692
|switch|p2a: Slowbro|Slowbro, F|100/100
|switch|p1a: Kartana|Kartana|12/100
|
|-end|p2a: Slowbro|move: Future Sight
|-resisted|p2a: Slowbro
|-damage|p2a: Slowbro|75/100
|upkeep
|turn|29
|
|t:|1649532711
|switch|p1a: Garchomp|Garchomp, M|37/100
|switch|p2a: Scizor|Scizor, M|80/100
|
|upkeep
|turn|30
|j| Failbor21
|inactive|Izuyu has 120 seconds left.
|
|t:|1649532726
|switch|p2a: Landorus|Landorus-Therian, M|99/100
|-ability|p2a: Landorus|Intimidate|boost
|-unboost|p1a: Garchomp|atk|1
|move|p1a: Garchomp|Earthquake|p2a: Landorus
|-immune|p2a: Landorus
|
|-heal|p2a: Landorus|100/100|[from] item: Leftovers
|-fieldend|move: Electric Terrain
|upkeep
|turn|31
|j| NathanDevious
|
|t:|1649532731
|switch|p1a: Rotom|Rotom-Wash|100/100
|move|p2a: Landorus|Toxic|p1a: Rotom
|-status|p1a: Rotom|tox
|
|-damage|p1a: Rotom|94/100 tox|[from] psn
|upkeep
|turn|32
|
|t:|1649532744
|switch|p2a: Tapu Koko|Tapu Koko|81/100
|-fieldstart|move: Electric Terrain|[from] ability: Electric Surge|[of] p2a: Tapu Koko
|move|p1a: Rotom|Volt Switch|p2a: Tapu Koko
|-resisted|p2a: Tapu Koko
|-damage|p2a: Tapu Koko|61/100
|
|t:|1649532749
|switch|p1a: Tapu Lele|Tapu Lele|100/100|[from]move: Volt Switch
|-fieldstart|move: Psychic Terrain|[from] ability: Psychic Surge|[of] p1a: Tapu Lele
|
|upkeep
|turn|33
|inactive|pizzalover420 has 120 seconds left.
|
|t:|1649532787
|switch|p2a: Slowbro|Slowbro, F|100/100
|move|p1a: Tapu Lele|Psychic|p2a: Slowbro
|-resisted|p2a: Slowbro
|-damage|p2a: Slowbro|76/100
|
|upkeep
|turn|34
|inactive|pizzalover420 has 120 seconds left.
|
|t:|1649532800
|switch|p1a: Rotom|Rotom-Wash|94/100 tox
|move|p2a: Slowbro|Future Sight|p1a: Rotom
|-start|p2a: Slowbro|move: Future Sight
|
|-heal|p1a: Rotom|100/100 tox|[from] item: Leftovers
|-damage|p1a: Rotom|94/100 tox|[from] psn
|upkeep
|turn|35
|j| DLTW129
|
|t:|1649532807
|move|p1a: Rotom|Volt Switch|p2a: Slowbro
|-supereffective|p2a: Slowbro
|-damage|p2a: Slowbro|31/100
|
|t:|1649532813
|switch|p1a: Tornadus|Tornadus-Therian, M|100/100|[from]move: Volt Switch
|move|p2a: Slowbro|Slack Off|p2a: Slowbro
|-heal|p2a: Slowbro|81/100
|
|upkeep
|turn|36
|
|t:|1649532822
|move|p1a: Tornadus|U-turn|p2a: Slowbro
|-supereffective|p2a: Slowbro
|-damage|p2a: Slowbro|62/100
|
|t:|1649532825
|switch|p1a: Tapu Lele|Tapu Lele|100/100|[from]move: U-turn
|move|p2a: Slowbro|Teleport|p2a: Slowbro
|j| blitty boy
|l| blitty boy
|
|t:|1649532843
|switch|p2a: Scizor|Scizor, M|80/100|[from]move: Teleport
|
|-end|p1a: Tapu Lele|move: Future Sight
|-resisted|p1a: Tapu Lele
|-damage|p1a: Tapu Lele|72/100
|-fieldend|move: Psychic Terrain
|upkeep
|turn|37
|
|t:|1649532853
|switch|p1a: Tornadus|Tornadus-Therian, M|100/100
|move|p2a: Scizor|Roost|p2a: Scizor
|-heal|p2a: Scizor|100/100
|-singleturn|p2a: Scizor|move: Roost
|
|upkeep
|turn|38
|
|t:|1649532867
|switch|p2a: Slowbro|Slowbro, F|95/100
|move|p1a: Tornadus|Hurricane|p2a: Slowbro
|-damage|p2a: Slowbro|61/100
|
|upkeep
|turn|39
|
|t:|1649532873
|move|p1a: Tornadus|U-turn|p2a: Slowbro
|-supereffective|p2a: Slowbro
|-damage|p2a: Slowbro|40/100
|
|t:|1649532880
|switch|p1a: Kartana|Kartana|12/100|[from]move: U-turn
|move|p2a: Slowbro|Slack Off|p2a: Slowbro
|-heal|p2a: Slowbro|91/100
|
|upkeep
|turn|40
|
|t:|1649532885
|switch|p1a: Tornadus|Tornadus-Therian, M|100/100
|switch|p2a: Scizor|Scizor, M|100/100
|
|upkeep
|turn|41
|j|@saba@!
|
|t:|1649532895
|switch|p2a: Slowbro|Slowbro, F|100/100
|move|p1a: Tornadus|U-turn|p2a: Slowbro
|-supereffective|p2a: Slowbro
|-damage|p2a: Slowbro|80/100
|
|t:|1649532897
|switch|p1a: Rotom|Rotom-Wash|94/100 tox|[from]move: U-turn
|
|-heal|p1a: Rotom|100/100 tox|[from] item: Leftovers
|-damage|p1a: Rotom|94/100 tox|[from] psn
|upkeep
|turn|42
|
|t:|1649532907
|move|p1a: Rotom|Will-O-Wisp|p2a: Slowbro|[miss]
|-miss|p1a: Rotom|p2a: Slowbro
|move|p2a: Slowbro|Slack Off|p2a: Slowbro
|-heal|p2a: Slowbro|100/100
|
|-heal|p1a: Rotom|100/100 tox|[from] item: Leftovers
|-damage|p1a: Rotom|88/100 tox|[from] psn
|upkeep
|turn|43
|j| UnzipsCrogre
|
|t:|1649532913
|move|p1a: Rotom|Volt Switch|p2a: Slowbro
|-supereffective|p2a: Slowbro
|-damage|p2a: Slowbro|57/100
|
|t:|1649532926
|switch|p1a: Tornadus|Tornadus-Therian, M|100/100|[from]move: Volt Switch
|move|p2a: Slowbro|Future Sight|p1a: Tornadus
|-start|p2a: Slowbro|move: Future Sight
|
|upkeep
|turn|44
|
|t:|1649532931
|switch|p2a: Tyranitar|Tyranitar, M|84/100
|-weather|Sandstorm|[from] ability: Sand Stream|[of] p2a: Tyranitar
|move|p1a: Tornadus|U-turn|p2a: Tyranitar
|-supereffective|p2a: Tyranitar
|-damage|p2a: Tyranitar|62/100
|j|@Tranquilityy ❤
|
|t:|1649532951
|switch|p1a: Tapu Lele|Tapu Lele|72/100|[from]move: U-turn
|-fieldstart|move: Psychic Terrain|[from] ability: Psychic Surge|[of] p1a: Tapu Lele
|
|-weather|Sandstorm|[upkeep]
|-damage|p1a: Tapu Lele|66/100|[from] Sandstorm
|-heal|p2a: Tyranitar|68/100|[from] item: Leftovers
|upkeep
|turn|45
|inactive|pizzalover420 has 120 seconds left.
|
|t:|1649532982
|switch|p2a: Slowbro|Slowbro, F|91/100
|move|p1a: Tapu Lele|Future Sight|p2a: Slowbro
|-start|p1a: Tapu Lele|move: Future Sight
|
|-weather|Sandstorm|[upkeep]
|-damage|p1a: Tapu Lele|60/100|[from] Sandstorm
|-damage|p2a: Slowbro|84/100|[from] Sandstorm
|-end|p1a: Tapu Lele|move: Future Sight
|-resisted|p1a: Tapu Lele
|-damage|p1a: Tapu Lele|34/100
|upkeep
|turn|46
|inactive|pizzalover420 has 120 seconds left.
|
|t:|1649532995
|switch|p1a: Rotom|Rotom-Wash|88/100 tox
|move|p2a: Slowbro|Scald|p1a: Rotom
|-resisted|p1a: Rotom
|-damage|p1a: Rotom|76/100 tox
|
|-weather|Sandstorm|[upkeep]
|-damage|p1a: Rotom|70/100 tox|[from] Sandstorm
|-damage|p2a: Slowbro|78/100|[from] Sandstorm
|-heal|p1a: Rotom|76/100 tox|[from] item: Leftovers
|-damage|p1a: Rotom|70/100 tox|[from] psn
|upkeep
|turn|47
|
|t:|1649533007
|move|p1a: Rotom|Volt Switch|p2a: Slowbro
|-supereffective|p2a: Slowbro
|-crit|p2a: Slowbro
|-damage|p2a: Slowbro|11/100
|
|t:|1649533026
|switch|p1a: Garchomp|Garchomp, M|37/100|[from]move: Volt Switch
|move|p2a: Slowbro|Slack Off|p2a: Slowbro
|-heal|p2a: Slowbro|61/100
|
|-weather|Sandstorm|[upkeep]
|-damage|p2a: Slowbro|55/100|[from] Sandstorm
|-end|p2a: Slowbro|move: Future Sight
|-resisted|p2a: Slowbro
|-damage|p2a: Slowbro|19/100
|upkeep
|turn|48
|j| maxxxnuel
|l| Axrtix
|
|t:|1649533048
|switch|p1a: Rotom|Rotom-Wash|70/100 tox
|switch|p2a: Landorus|Landorus-Therian, M|100/100
|-ability|p2a: Landorus|Intimidate|boost
|-unboost|p1a: Rotom|atk|1
|
|-weather|none
|-heal|p1a: Rotom|76/100 tox|[from] item: Leftovers
|-damage|p1a: Rotom|70/100 tox|[from] psn
|-fieldend|move: Psychic Terrain
|upkeep
|turn|49
|
|t:|1649533063
|move|p1a: Rotom|Hydro Pump|p2a: Landorus|[miss]
|-miss|p1a: Rotom|p2a: Landorus
|move|p2a: Landorus|U-turn|p1a: Rotom
|-damage|p1a: Rotom|48/100 tox
|
|t:|1649533067
|switch|p2a: Tapu Koko|Tapu Koko|61/100|[from]move: U-turn
|-fieldstart|move: Electric Terrain|[from] ability: Electric Surge|[of] p2a: Tapu Koko
|
|-heal|p1a: Rotom|54/100 tox|[from] item: Leftovers
|-damage|p1a: Rotom|41/100 tox|[from] psn
|upkeep
|turn|50
|
|t:|1649533089
|switch|p1a: Garchomp|Garchomp, M|37/100
|move|p2a: Tapu Koko|Roost|p2a: Tapu Koko
|-heal|p2a: Tapu Koko|100/100
|-singleturn|p2a: Tapu Koko|move: Roost
|
|upkeep
|turn|51
|
|t:|1649533096
|move|p2a: Tapu Koko|Dazzling Gleam|p1a: Garchomp
|-supereffective|p1a: Garchomp
|-damage|p1a: Garchomp|0 fnt
|faint|p1a: Garchomp
|
|upkeep
|
|t:|1649533105
|switch|p1a: Kartana|Kartana|12/100
|turn|52
|l| DLTW129
|l|@saba
|
|t:|1649533118
|switch|p1a: Tornadus|Tornadus-Therian, M|100/100
|switch|p2a: Scizor|Scizor, M|100/100
|
|upkeep
|turn|53
|
|t:|1649533133
|switch|p2a: Tapu Koko|Tapu Koko|100/100
|move|p1a: Tornadus|Heat Wave|p2a: Tapu Koko|[miss]
|-miss|p1a: Tornadus|p2a: Tapu Koko
|
|-fieldend|move: Electric Terrain
|upkeep
|turn|54
|
|t:|1649533151
|switch|p1a: Tapu Lele|Tapu Lele|34/100
|-fieldstart|move: Psychic Terrain|[from] ability: Psychic Surge|[of] p1a: Tapu Lele
|move|p2a: Tapu Koko|Volt Switch|p1a: Tapu Lele
|-damage|p1a: Tapu Lele|3/100
|l| maxxxnuel
|
|t:|1649533154
|switch|p2a: Tyranitar|Tyranitar, M|68/100|[from]move: Volt Switch
|-weather|Sandstorm|[from] ability: Sand Stream|[of] p2a: Tyranitar
|
|-weather|Sandstorm|[upkeep]
|-damage|p1a: Tapu Lele|0 fnt|[from] Sandstorm
|faint|p1a: Tapu Lele
|-heal|p2a: Tyranitar|74/100|[from] item: Leftovers
|upkeep
|inactive|Izuyu has 120 seconds left.
|
|t:|1649533172
|switch|p1a: Rotom|Rotom-Wash|41/100 tox
|turn|55
|inactive|Izuyu has 120 seconds left.
|
|t:|1649533183
|switch|p2a: Tapu Koko|Tapu Koko|100/100
|-fieldstart|move: Electric Terrain|[from] ability: Electric Surge|[of] p2a: Tapu Koko
|move|p1a: Rotom|Hydro Pump|p2a: Tapu Koko
|-damage|p2a: Tapu Koko|40/100
|
|-weather|Sandstorm|[upkeep]
|-damage|p2a: Tapu Koko|34/100|[from] Sandstorm
|-damage|p1a: Rotom|35/100 tox|[from] Sandstorm
|-heal|p1a: Rotom|41/100 tox|[from] item: Leftovers
|-damage|p1a: Rotom|35/100 tox|[from] psn
|upkeep
|turn|56
|
|t:|1649533188
|move|p2a: Tapu Koko|Roost|p2a: Tapu Koko
|-heal|p2a: Tapu Koko|84/100
|-singleturn|p2a: Tapu Koko|move: Roost
|move|p1a: Rotom|Hydro Pump|p2a: Tapu Koko
|-damage|p2a: Tapu Koko|28/100
|
|-weather|Sandstorm|[upkeep]
|-damage|p2a: Tapu Koko|21/100|[from] Sandstorm
|-damage|p1a: Rotom|29/100 tox|[from] Sandstorm
|-heal|p1a: Rotom|35/100 tox|[from] item: Leftovers
|-damage|p1a: Rotom|23/100 tox|[from] psn
|upkeep
|turn|57
|
|t:|1649533194
|switch|p1a: Kartana|Kartana|12/100
|move|p2a: Tapu Koko|Roost|p2a: Tapu Koko
|-heal|p2a: Tapu Koko|72/100
|-singleturn|p2a: Tapu Koko|move: Roost
|
|-weather|Sandstorm|[upkeep]
|-damage|p2a: Tapu Koko|66/100|[from] Sandstorm
|upkeep
|turn|58
|
|t:|1649533201
|switch|p1a: Tornadus|Tornadus-Therian, M|100/100
|switch|p2a: Scizor|Scizor, M|100/100
|
|-weather|none
|upkeep
|turn|59
|
|t:|1649533213
|switch|p2a: Tyranitar|Tyranitar, M|74/100
|-weather|Sandstorm|[from] ability: Sand Stream|[of] p2a: Tyranitar
|move|p1a: Tornadus|Knock Off|p2a: Tyranitar
|-resisted|p2a: Tyranitar
|-damage|p2a: Tyranitar|67/100
|-enditem|p2a: Tyranitar|Leftovers|[from] move: Knock Off|[of] p1a: Tornadus
|
|-weather|Sandstorm|[upkeep]
|-damage|p1a: Tornadus|94/100|[from] Sandstorm
|-fieldend|move: Electric Terrain
|upkeep
|turn|60
|
|t:|1649533217
|move|p1a: Tornadus|U-turn|p2a: Tyranitar
|-supereffective|p2a: Tyranitar
|-damage|p2a: Tyranitar|45/100
|
|t:|1649533222
|switch|p1a: Rotom|Rotom-Wash|23/100 tox|[from]move: U-turn
|move|p2a: Tyranitar|Rock Blast|p1a: Rotom
|-damage|p1a: Rotom|10/100 tox
|-damage|p1a: Rotom|0 fnt
|faint|p1a: Rotom
|-hitcount|p1: Rotom|2
|
|-weather|Sandstorm|[upkeep]
|upkeep
|
|t:|1649533232
|switch|p1a: Kartana|Kartana|12/100
|turn|61
|
|t:|1649533242
|switch|p2a: Scizor|Scizor, M|100/100
|move|p1a: Kartana|Sacred Sword|p2a: Scizor
|-damage|p2a: Scizor|69/100
|-damage|p1a: Kartana|0 fnt|[from] item: Rocky Helmet|[of] p2a: Scizor
|faint|p1a: Kartana
|
|-weather|Sandstorm|[upkeep]
|upkeep
|
|t:|1649533245
|switch|p1a: Tornadus|Tornadus-Therian, M|100/100
|turn|62
|
|t:|1649533250
|move|p2a: Scizor|Bullet Punch|p1a: Tornadus
|-damage|p1a: Tornadus|75/100
|move|p1a: Tornadus|Hurricane|p2a: Scizor
|-damage|p2a: Scizor|22/100
|
|-weather|Sandstorm|[upkeep]
|-damage|p1a: Tornadus|69/100|[from] Sandstorm
|upkeep
|turn|63
|
|t:|1649533253
|move|p2a: Scizor|Bullet Punch|p1a: Tornadus
|-damage|p1a: Tornadus|42/100
|move|p1a: Tornadus|Heat Wave|p2a: Scizor
|-supereffective|p2a: Scizor
|-damage|p2a: Scizor|0 fnt
|faint|p2a: Scizor
|
|-weather|none
|upkeep
|
|t:|1649533255
|switch|p2a: Tapu Koko|Tapu Koko|66/100
|-fieldstart|move: Electric Terrain|[from] ability: Electric Surge|[of] p2a: Tapu Koko
|turn|64
|j| Axrtix
|j| Veni Veni Venias
|
|t:|1649533263
|move|p2a: Tapu Koko|Volt Switch|p1a: Tornadus
|-supereffective|p1a: Tornadus
|-damage|p1a: Tornadus|0 fnt
|faint|p1a: Tornadus
|
|win|pizzalover420
|n|☆Izuyu|izuyu
|n|☆pizzalover420|pizzalover420
|n|*Lady Monita ✿|ladymonita
|n| Lkapkd|lkapkd
|n| Krananas|krananas
|n| AzulADLV|azuladlv
|n| DOOR MONEY|doormoney
|n| Horse W No Name|horsewnoname
|n| Surdish|surdish
|n| Failbor21|failbor21
|n| NathanDevious|nathandevious
|n| UnzipsCrogre|unzipscrogre
|n|+Tranquilityy ❤|tranquilityy
|n| Axrtix|axrtix
|n| Veni Veni Venias|venivenivenias
|l|*Lady Monita ✿
|l| DOOR MONEY
|l| Lkapkd
|l|☆pizzalover420
|l|☆Izuyu
|l| Horse W No Name
|l| Krananas
|l| Veni Veni Venias
|l| Axrtix
