|html|<div class="broadcast-blue"><strong>[Gen 8] OU is currently suspecting Melmetal! For information on how to participate check out the <a href="https://www.smogon.com/forums/threads/np-ss-ou-suspect-process-round-12-monster-mash.3709234/">suspect thread</a>.</strong></div>
|j|☆Holiss77
|j|☆Aim on mai wei
|t:|1666080601
|gametype|singles
|player|p1|Holiss77|gentleman-gen4|1641
|player|p2|Aim on mai wei|1|1757
|teamsize|p1|6
|teamsize|p2|6
|gen|8
|tier|[Gen 8] OU
|rated|
|rule|Sleep Clause Mod: Limit one foe put to sleep
|rule|Species Clause: Limit one of each Pokémon
|rule|OHKO Clause: OHKO moves are banned
|rule|Evasion Items Clause: Evasion items are banned
|rule|Evasion Moves Clause: Evasion moves are banned
|rule|Endless Battle Clause: Forcing endless battles is banned
|rule|HP Percentage Mod: HP is shown in percentages
|rule|Dynamax Clause: You cannot dynamax
|clearpoke
|poke|p1|Rillaboom, M|
|poke|p1|Magnezone|
|poke|p1|Kartana|
|poke|p1|Zapdos|
|poke|p1|Tapu Lele|
|poke|p1|Swampert, M|
|poke|p2|Ditto|
|poke|p2|Quagsire, M|
|poke|p2|Blissey, F|
|poke|p2|Corviknight, F|
|poke|p2|Dragonite, M|
|poke|p2|Weavile, F|
|teampreview
|inactive|Battle timer is ON: inactive players will automatically lose when time's up. (requested by Holiss77)
|
|t:|1666080627
|start
|switch|p1a: Zapdos|Zapdos, shiny|100/100
|switch|p2a: Quagsire|Quagsire, M|100/100
|turn|1
|
|t:|1666080632
|switch|p1a: Rillaboom|Rillaboom, M|100/100
|-fieldstart|move: Grassy Terrain|[from] ability: Grassy Surge|[of] p1a: Rillaboom
|move|p2a: Quagsire|Toxic|p1a: Rillaboom
|-status|p1a: Rillaboom|tox
|
|-damage|p1a: Rillaboom|94/100 tox|[from] psn
|upkeep
|turn|2
|
|t:|1666080642
|switch|p1a: Magnezone|Magnezone, shiny|100/100
|switch|p2a: Dragonite|Dragonite, M|100/100
|
|upkeep
|turn|3
|
|t:|1666080651
|switch|p1a: Zapdos|Zapdos, shiny|100/100
|switch|p2a: Quagsire|Quagsire, M|100/100
|
|upkeep
|turn|4
|
|t:|1666080661
|switch|p1a: Rillaboom|Rillaboom, M|94/100 tox
|move|p2a: Quagsire|Scald|p1a: Rillaboom
|-resisted|p1a: Rillaboom
|-damage|p1a: Rillaboom|81/100 tox
|
|-heal|p1a: Rillaboom|88/100 tox|[from] Grassy Terrain
|-damage|p1a: Rillaboom|81/100 tox|[from] psn
|upkeep
|turn|5
|
|t:|1666080665
|switch|p2a: Dragonite|Dragonite, M|100/100
|move|p1a: Rillaboom|Knock Off|p2a: Dragonite
|-damage|p2a: Dragonite|88/100
|-enditem|p2a: Dragonite|Heavy-Duty Boots|[from] move: Knock Off|[of] p1a: Rillaboom
|
|-heal|p1a: Rillaboom|88/100 tox|[from] Grassy Terrain
|-damage|p1a: Rillaboom|75/100 tox|[from] psn
|upkeep
|turn|6
|
|t:|1666080674
|switch|p1a: Swampert|Swampert, M|100/100
|move|p2a: Dragonite|Roost|p2a: Dragonite
|-heal|p2a: Dragonite|100/100
|-singleturn|p2a: Dragonite|move: Roost
|
|upkeep
|turn|7
|
|t:|1666080687
|switch|p2a: Blissey|Blissey, F|100/100
|move|p1a: Swampert|Toxic|p2a: Blissey
|-status|p2a: Blissey|tox
|
|-damage|p2a: Blissey|94/100 tox|[from] psn
|upkeep
|turn|8
|
|t:|1666080692
|move|p2a: Blissey|Stealth Rock|p1a: Swampert
|-sidestart|p1: Holiss77|move: Stealth Rock
|move|p1a: Swampert|Stealth Rock|p2a: Blissey
|-sidestart|p2: Aim on mai wei|move: Stealth Rock
|
|-heal|p2a: Blissey|100/100 tox|[from] Grassy Terrain
|-damage|p2a: Blissey|88/100 tox|[from] psn
|-fieldend|move: Grassy Terrain
|upkeep
|turn|9
|
|t:|1666080713
|move|p2a: Blissey|Heal Bell|p2a: Blissey
|-activate|p2a: Blissey|move: Heal Bell
|-curestatus|p2a: Blissey|tox|[msg]
|move|p1a: Swampert|Flip Turn|p2a: Blissey
|-damage|p2a: Blissey|69/100
|
|t:|1666080716
|switch|p1a: Tapu Lele|Tapu Lele, shiny|100/100|[from]move: Flip Turn
|-damage|p1a: Tapu Lele|88/100|[from] Stealth Rock
|-fieldstart|move: Psychic Terrain|[from] ability: Psychic Surge|[of] p1a: Tapu Lele
|
|upkeep
|turn|10
|
|t:|1666080727
|switch|p2a: Weavile|Weavile, F|100/100
|-ability|p2a: Weavile|Pressure
|move|p1a: Tapu Lele|Moonblast|p2a: Weavile
|-supereffective|p2a: Weavile
|-damage|p2a: Weavile|0 fnt
|faint|p2a: Weavile
|
|upkeep
|
|t:|1666080738
|switch|p2a: Blissey|Blissey, F|69/100
|turn|11
|
|t:|1666080744
|switch|p1a: Swampert|Swampert, M|100/100
|-damage|p1a: Swampert|94/100|[from] Stealth Rock
|move|p2a: Blissey|Soft-Boiled|p2a: Blissey
|-heal|p2a: Blissey|100/100
|
|-heal|p1a: Swampert|100/100|[from] item: Leftovers
|upkeep
|turn|12
|
|t:|1666080749
|switch|p2a: Corviknight|Corviknight, F|100/100
|-damage|p2a: Corviknight|88/100|[from] Stealth Rock
|-ability|p2a: Corviknight|Pressure
|move|p1a: Swampert|Flip Turn|p2a: Corviknight
|-damage|p2a: Corviknight|74/100
|
|t:|1666080752
|switch|p1a: Magnezone|Magnezone, shiny|100/100|[from]move: Flip Turn
|-damage|p1a: Magnezone|94/100|[from] Stealth Rock
|
|upkeep
|turn|13
|
|t:|1666080756
|switch|p2a: Quagsire|Quagsire, M|100/100
|-damage|p2a: Quagsire|94/100|[from] Stealth Rock
|move|p1a: Magnezone|Volt Switch|p2a: Quagsire
|-immune|p2a: Quagsire
|
|-heal|p2a: Quagsire|100/100|[from] item: Leftovers
|-fieldend|move: Psychic Terrain
|upkeep
|turn|14
|
|t:|1666080768
|switch|p1a: Rillaboom|Rillaboom, M|75/100 tox
|-damage|p1a: Rillaboom|63/100 tox|[from] Stealth Rock
|-fieldstart|move: Grassy Terrain|[from] ability: Grassy Surge|[of] p1a: Rillaboom
|move|p2a: Quagsire|Scald|p1a: Rillaboom
|-resisted|p1a: Rillaboom
|-damage|p1a: Rillaboom|49/100 tox
|
|-heal|p1a: Rillaboom|55/100 tox|[from] Grassy Terrain
|-damage|p1a: Rillaboom|49/100 tox|[from] psn
|upkeep
|turn|15
|
|t:|1666080773
|switch|p2a: Dragonite|Dragonite, M|100/100
|-damage|p2a: Dragonite|76/100|[from] Stealth Rock
|move|p1a: Rillaboom|Knock Off|p2a: Dragonite
|-damage|p2a: Dragonite|60/100
|
|-heal|p1a: Rillaboom|55/100 tox|[from] Grassy Terrain
|-damage|p1a: Rillaboom|43/100 tox|[from] psn
|upkeep
|turn|16
|
|t:|1666080780
|switch|p1a: Tapu Lele|Tapu Lele, shiny|88/100
|-damage|p1a: Tapu Lele|76/100|[from] Stealth Rock
|-fieldstart|move: Psychic Terrain|[from] ability: Psychic Surge|[of] p1a: Tapu Lele
|move|p2a: Dragonite|Roost|p2a: Dragonite
|-heal|p2a: Dragonite|100/100
|-singleturn|p2a: Dragonite|move: Roost
|
|upkeep
|turn|17
|
|t:|1666080784
|switch|p2a: Blissey|Blissey, F|100/100
|move|p1a: Tapu Lele|Moonblast|p2a: Blissey
|-damage|p2a: Blissey|74/100
|
|upkeep
|turn|18
|
|t:|1666080793
|switch|p2a: Corviknight|Corviknight, F|74/100
|-damage|p2a: Corviknight|62/100|[from] Stealth Rock
|-ability|p2a: Corviknight|Pressure
|move|p1a: Tapu Lele|Moonblast|p2a: Corviknight
|-resisted|p2a: Corviknight
|-damage|p2a: Corviknight|26/100
|
|upkeep
|turn|19
|
|t:|1666080801
|switch|p2a: Blissey|Blissey, F|74/100
|move|p1a: Tapu Lele|Moonblast|p2a: Blissey
|-damage|p2a: Blissey|49/100
|
|upkeep
|turn|20
|
|t:|1666080809
|switch|p1a: Swampert|Swampert, M|100/100
|-damage|p1a: Swampert|94/100|[from] Stealth Rock
|move|p2a: Blissey|Soft-Boiled|p2a: Blissey
|-heal|p2a: Blissey|99/100
|
|-heal|p1a: Swampert|100/100|[from] item: Leftovers
|-fieldend|move: Psychic Terrain
|upkeep
|turn|21
|
|t:|1666080816
|move|p2a: Blissey|Seismic Toss|p1a: Swampert
|-damage|p1a: Swampert|76/100
|move|p1a: Swampert|Flip Turn|p2a: Blissey
|-damage|p2a: Blissey|80/100
|
|t:|1666080823
|switch|p1a: Kartana|Kartana|100/100|[from]move: Flip Turn
|-damage|p1a: Kartana|94/100|[from] Stealth Rock
|
|upkeep
|turn|22
|
|t:|1666080826
|switch|p2a: Dragonite|Dragonite, M|100/100
|-damage|p2a: Dragonite|76/100|[from] Stealth Rock
|move|p1a: Kartana|Knock Off|p2a: Dragonite
|-damage|p2a: Dragonite|58/100
|
|upkeep
|turn|23
|j| Wiimicks
|
|t:|1666080832
|switch|p1a: Zapdos|Zapdos, shiny|100/100
|move|p2a: Dragonite|Roost|p2a: Dragonite
|-heal|p2a: Dragonite|100/100
|-singleturn|p2a: Dragonite|move: Roost
|
|upkeep
|turn|24
|
|t:|1666080836
|switch|p2a: Quagsire|Quagsire, M|100/100
|-damage|p2a: Quagsire|94/100|[from] Stealth Rock
|move|p1a: Zapdos|Defog|p2a: Quagsire
|-unboost|p2a: Quagsire|evasion|1
|-sideend|p2: Aim on mai wei|Stealth Rock|[from] move: Defog|[of] p1a: Zapdos
|-sideend|p1: Holiss77|Stealth Rock|[from] move: Defog|[of] p1a: Zapdos
|
|-heal|p2a: Quagsire|100/100|[from] item: Leftovers
|upkeep
|turn|25
|
|t:|1666080845
|switch|p1a: Rillaboom|Rillaboom, M|43/100 tox
|-fieldstart|move: Grassy Terrain|[from] ability: Grassy Surge|[of] p1a: Rillaboom
|move|p2a: Quagsire|Scald|p1a: Rillaboom
|-resisted|p1a: Rillaboom
|-damage|p1a: Rillaboom|30/100 tox
|
|-heal|p1a: Rillaboom|36/100 tox|[from] Grassy Terrain
|-damage|p1a: Rillaboom|30/100 tox|[from] psn
|upkeep
|turn|26
|
|t:|1666080849
|switch|p1a: Swampert|Swampert, M|76/100
|switch|p2a: Dragonite|Dragonite, M|100/100
|
|-heal|p1a: Swampert|82/100|[from] Grassy Terrain
|-heal|p1a: Swampert|88/100|[from] item: Leftovers
|upkeep
|turn|27
|
|t:|1666080858
|switch|p2a: Corviknight|Corviknight, F|26/100
|-ability|p2a: Corviknight|Pressure
|move|p1a: Swampert|Toxic|p2a: Corviknight
|-immune|p2a: Corviknight
|
|-heal|p1a: Swampert|94/100|[from] Grassy Terrain
|-heal|p1a: Swampert|100/100|[from] item: Leftovers
|upkeep
|turn|28
|
|t:|1666080862
|move|p2a: Corviknight|Roost|p2a: Corviknight
|-heal|p2a: Corviknight|76/100
|-singleturn|p2a: Corviknight|move: Roost
|move|p1a: Swampert|Stealth Rock|p2a: Corviknight
|-sidestart|p2: Aim on mai wei|move: Stealth Rock
|
|-heal|p2a: Corviknight|83/100|[from] Grassy Terrain
|upkeep
|turn|29
|
|t:|1666080865
|move|p2a: Corviknight|Defog|p1a: Swampert
|-unboost|p1a: Swampert|evasion|1
|-sideend|p2: Aim on mai wei|Stealth Rock|[from] move: Defog|[of] p2a: Corviknight
|-fieldend|move: Grassy Terrain
|move|p1a: Swampert|Flip Turn|p2a: Corviknight
|-crit|p2a: Corviknight
|-damage|p2a: Corviknight|61/100
|
|t:|1666080872
|switch|p1a: Zapdos|Zapdos, shiny|100/100|[from]move: Flip Turn
|
|upkeep
|turn|30
|
|t:|1666080876
|switch|p2a: Quagsire|Quagsire, M|100/100
|move|p1a: Zapdos|Hurricane|p2a: Quagsire
|-damage|p2a: Quagsire|42/100
|
|-heal|p2a: Quagsire|48/100|[from] item: Leftovers
|upkeep
|turn|31
|
|t:|1666080883
|switch|p2a: Blissey|Blissey, F|80/100
|move|p1a: Zapdos|Hurricane|p2a: Blissey|[miss]
|-miss|p1a: Zapdos|p2a: Blissey
|
|upkeep
|turn|32
|
|t:|1666080888
|move|p1a: Zapdos|Volt Switch|p2a: Blissey
|-damage|p2a: Blissey|69/100
|
|t:|1666080894
|switch|p1a: Tapu Lele|Tapu Lele, shiny|76/100|[from]move: Volt Switch
|-fieldstart|move: Psychic Terrain|[from] ability: Psychic Surge|[of] p1a: Tapu Lele
|move|p2a: Blissey|Stealth Rock|p1a: Tapu Lele
|-sidestart|p1: Holiss77|move: Stealth Rock
|
|upkeep
|turn|33
|
|t:|1666080906
|move|p1a: Tapu Lele|Psyshock|p2a: Blissey
|-damage|p2a: Blissey|0 fnt
|faint|p2a: Blissey
|
|upkeep
|
|t:|1666080920
|switch|p2a: Corviknight|Corviknight, F|61/100
|-ability|p2a: Corviknight|Pressure
|turn|34
|
|t:|1666080924
|switch|p1a: Zapdos|Zapdos, shiny|100/100
|move|p2a: Corviknight|Roost|p2a: Corviknight
|-heal|p2a: Corviknight|100/100
|-singleturn|p2a: Corviknight|move: Roost
|
|upkeep
|turn|35
|
|t:|1666080928
|switch|p2a: Quagsire|Quagsire, M|48/100
|move|p1a: Zapdos|Hurricane|p2a: Quagsire|[miss]
|-miss|p1a: Zapdos|p2a: Quagsire
|
|-heal|p2a: Quagsire|55/100|[from] item: Leftovers
|upkeep
|turn|36
|
|t:|1666080935
|move|p1a: Zapdos|Volt Switch|p2a: Quagsire
|-immune|p2a: Quagsire
|move|p2a: Quagsire|Recover|p2a: Quagsire
|-heal|p2a: Quagsire|100/100
|
|-fieldend|move: Psychic Terrain
|upkeep
|turn|37
|
|t:|1666080942
|switch|p1a: Kartana|Kartana|94/100
|-damage|p1a: Kartana|88/100|[from] Stealth Rock
|move|p2a: Quagsire|Toxic|p1a: Kartana
|-immune|p1a: Kartana
|
|upkeep
|turn|38
|j| haxngg
|
|t:|1666080948
|switch|p2a: Dragonite|Dragonite, M|100/100
|move|p1a: Kartana|Knock Off|p2a: Dragonite
|-damage|p2a: Dragonite|92/100
|
|upkeep
|turn|39
|
|t:|1666080955
|switch|p1a: Zapdos|Zapdos, shiny|100/100
|move|p2a: Dragonite|Ice Beam|p1a: Zapdos
|-supereffective|p1a: Zapdos
|-damage|p1a: Zapdos|63/100
|
|upkeep
|turn|40
|
|t:|1666080962
|switch|p2a: Quagsire|Quagsire, M|100/100
|move|p1a: Zapdos|Defog|p2a: Quagsire
|-unboost|p2a: Quagsire|evasion|1
|-sideend|p1: Holiss77|Stealth Rock|[from] move: Defog|[of] p1a: Zapdos
|
|upkeep
|turn|41
|
|t:|1666080970
|move|p1a: Zapdos|Hurricane|p2a: Quagsire
|-damage|p2a: Quagsire|45/100
|move|p2a: Quagsire|Scald|p1a: Zapdos
|-damage|p1a: Zapdos|43/100
|-status|p1a: Zapdos|brn
|
|-heal|p2a: Quagsire|52/100|[from] item: Leftovers
|-damage|p1a: Zapdos|37/100 brn|[from] brn
|upkeep
|turn|42
|
|t:|1666080984
|switch|p2a: Dragonite|Dragonite, M|92/100
|move|p1a: Zapdos|Roost|p1a: Zapdos
|-heal|p1a: Zapdos|87/100 brn
|-singleturn|p1a: Zapdos|move: Roost
|
|-damage|p1a: Zapdos|80/100 brn|[from] brn
|upkeep
|turn|43
|
|t:|1666080990
|move|p1a: Zapdos|Volt Switch|p2a: Dragonite
|-crit|p2a: Dragonite
|-damage|p2a: Dragonite|51/100
|
|t:|1666080997
|switch|p1a: Magnezone|Magnezone, shiny|94/100|[from]move: Volt Switch
|move|p2a: Dragonite|Ice Beam|p1a: Magnezone
|-resisted|p1a: Magnezone
|-crit|p1a: Magnezone
|-damage|p1a: Magnezone|74/100
|
|upkeep
|turn|44
|
|t:|1666081005
|switch|p1a: Rillaboom|Rillaboom, M|30/100 tox
|-fieldstart|move: Grassy Terrain|[from] ability: Grassy Surge|[of] p1a: Rillaboom
|move|p2a: Dragonite|Roost|p2a: Dragonite
|-heal|p2a: Dragonite|100/100
|-singleturn|p2a: Dragonite|move: Roost
|
|-heal|p1a: Rillaboom|36/100 tox|[from] Grassy Terrain
|-damage|p1a: Rillaboom|30/100 tox|[from] psn
|upkeep
|turn|45
|
|t:|1666081013
|switch|p1a: Magnezone|Magnezone, shiny|74/100
|move|p2a: Dragonite|Ice Beam|p1a: Magnezone
|-resisted|p1a: Magnezone
|-damage|p1a: Magnezone|59/100
|
|-heal|p1a: Magnezone|65/100|[from] Grassy Terrain
|upkeep
|turn|46
|
|t:|1666081020
|move|p2a: Dragonite|Fire Blast|p1a: Magnezone
|-supereffective|p1a: Magnezone
|-damage|p1a: Magnezone|1/100
|move|p1a: Magnezone|Teleport|p1a: Magnezone
|
|t:|1666081023
|switch|p1a: Tapu Lele|Tapu Lele, shiny|76/100|[from]move: Teleport
|-fieldstart|move: Psychic Terrain|[from] ability: Psychic Surge|[of] p1a: Tapu Lele
|
|upkeep
|turn|47
|
|t:|1666081032
|move|p1a: Tapu Lele|Moonblast|p2a: Dragonite
|-supereffective|p2a: Dragonite
|-damage|p2a: Dragonite|39/100
|-unboost|p2a: Dragonite|spa|1
|move|p2a: Dragonite|Earthquake|p1a: Tapu Lele
|-damage|p1a: Tapu Lele|26/100
|
|upkeep
|turn|48
|
|t:|1666081044
|switch|p1a: Rillaboom|Rillaboom, M|30/100 tox
|-fieldstart|move: Grassy Terrain|[from] ability: Grassy Surge|[of] p1a: Rillaboom
|switch|p2a: Corviknight|Corviknight, F|100/100
|-ability|p2a: Corviknight|Pressure
|
|-heal|p1a: Rillaboom|36/100 tox|[from] Grassy Terrain
|-damage|p1a: Rillaboom|30/100 tox|[from] psn
|upkeep
|turn|49
|
|t:|1666081054
|switch|p1a: Tapu Lele|Tapu Lele, shiny|26/100
|-fieldstart|move: Psychic Terrain|[from] ability: Psychic Surge|[of] p1a: Tapu Lele
|switch|p2a: Dragonite|Dragonite, M|39/100
|
|upkeep
|turn|50
|
|t:|1666081061
|switch|p2a: Corviknight|Corviknight, F|100/100
|-ability|p2a: Corviknight|Pressure
|move|p1a: Tapu Lele|Psychic|p2a: Corviknight
|-resisted|p2a: Corviknight
|-damage|p2a: Corviknight|61/100
|-unboost|p2a: Corviknight|spd|1
|
|upkeep
|turn|51
|j| InoclasDrak
|
|t:|1666081077
|move|p1a: Tapu Lele|Psychic|p2a: Corviknight
|-resisted|p2a: Corviknight
|-damage|p2a: Corviknight|4/100
|move|p2a: Corviknight|U-turn|p1a: Tapu Lele
|-damage|p1a: Tapu Lele|3/100
|
|t:|1666081083
|switch|p2a: Ditto|Ditto|100/100|[from]move: U-turn
|-transform|p2a: Ditto|p1a: Tapu Lele|[from] ability: Imposter
|
|upkeep
|turn|52
|
|t:|1666081094
|switch|p1a: Magnezone|Magnezone, shiny|1/100
|move|p2a: Ditto|Psychic|p1a: Magnezone
|-resisted|p1a: Magnezone
|-damage|p1a: Magnezone|0 fnt
|faint|p1a: Magnezone
|
|upkeep
|
|t:|1666081105
|switch|p1a: Rillaboom|Rillaboom, M|30/100 tox
|-fieldstart|move: Grassy Terrain|[from] ability: Grassy Surge|[of] p1a: Rillaboom
|turn|53
|
|t:|1666081125
|switch|p2a: Corviknight|Corviknight, F|4/100
|-ability|p2a: Corviknight|Pressure
|switch|p1a: Tapu Lele|Tapu Lele, shiny|3/100
|-fieldstart|move: Psychic Terrain|[from] ability: Psychic Surge|[of] p1a: Tapu Lele
|
|upkeep
|turn|54
|
|t:|1666081135
|move|p1a: Tapu Lele|Moonblast|p2a: Corviknight
|-resisted|p2a: Corviknight
|-damage|p2a: Corviknight|0 fnt
|faint|p2a: Corviknight
|
|upkeep
|
|t:|1666081137
|switch|p2a: Ditto|Ditto|100/100
|-transform|p2a: Ditto|p1a: Tapu Lele|[from] ability: Imposter
|turn|55
|
|t:|1666081145
|switch|p1a: Zapdos|Zapdos, shiny|80/100 brn
|move|p2a: Ditto|Psychic|p1a: Zapdos
|-damage|p1a: Zapdos|24/100 brn
|-unboost|p1a: Zapdos|spd|1
|
|-damage|p1a: Zapdos|18/100 brn|[from] brn
|upkeep
|turn|56
|
|t:|1666081149
|move|p2a: Ditto|Psychic|p1a: Zapdos
|-damage|p1a: Zapdos|0 fnt
|faint|p1a: Zapdos
|
|upkeep
|
|t:|1666081157
|switch|p1a: Swampert|Swampert, M|100/100
|turn|57
|
|t:|1666081168
|move|p2a: Ditto|Psychic|p1a: Swampert
|-damage|p1a: Swampert|63/100
|move|p1a: Swampert|Flip Turn|p2a: Ditto
|-damage|p2a: Ditto|65/100
|
|t:|1666081174
|switch|p1a: Rillaboom|Rillaboom, M|30/100 tox|[from]move: Flip Turn
|-fieldstart|move: Grassy Terrain|[from] ability: Grassy Surge|[of] p1a: Rillaboom
|
|-heal|p2a: Ditto|71/100|[from] Grassy Terrain
|-heal|p1a: Rillaboom|36/100 tox|[from] Grassy Terrain
|-damage|p1a: Rillaboom|30/100 tox|[from] psn
|upkeep
|turn|58
|inactive|Aim on mai wei has 120 seconds left.
|
|t:|1666081211
|switch|p2a: Dragonite|Dragonite, M|39/100
|move|p1a: Rillaboom|Grassy Glide|p2a: Dragonite
|-resisted|p2a: Dragonite
|-damage|p2a: Dragonite|31/100
|
|-heal|p1a: Rillaboom|36/100 tox|[from] Grassy Terrain
|-damage|p1a: Rillaboom|24/100 tox|[from] psn
|upkeep
|turn|59
|j| OUTM nitty
|inactive|Aim on mai wei has 120 seconds left.
|
|t:|1666081230
|switch|p1a: Swampert|Swampert, M|63/100
|move|p2a: Dragonite|Ice Beam|p1a: Swampert
|-damage|p1a: Swampert|49/100
|-status|p1a: Swampert|frz
|
|-heal|p1a: Swampert|55/100 frz|[from] Grassy Terrain
|-heal|p1a: Swampert|61/100 frz|[from] item: Leftovers
|upkeep
|turn|60
|
|t:|1666081236
|move|p2a: Dragonite|Roost|p2a: Dragonite
|-heal|p2a: Dragonite|81/100
|-singleturn|p2a: Dragonite|move: Roost
|cant|p1a: Swampert|frz
|
|-heal|p2a: Dragonite|87/100|[from] Grassy Terrain
|-heal|p1a: Swampert|67/100 frz|[from] Grassy Terrain
|-heal|p1a: Swampert|73/100 frz|[from] item: Leftovers
|upkeep
|turn|61
|inactive|Aim on mai wei has 120 seconds left.
|
|t:|1666081251
|switch|p2a: Ditto|Ditto|71/100
|-transform|p2a: Ditto|p1a: Swampert|[from] ability: Imposter
|-curestatus|p1a: Swampert|frz|[msg]
|move|p1a: Swampert|Toxic|p2a: Ditto
|-status|p2a: Ditto|tox
|
|-heal|p2a: Ditto|77/100 tox|[from] Grassy Terrain
|-heal|p1a: Swampert|79/100|[from] Grassy Terrain
|-heal|p1a: Swampert|86/100|[from] item: Leftovers
|-damage|p2a: Ditto|71/100 tox|[from] psn
|upkeep
|turn|62
|inactive|Aim on mai wei has 120 seconds left.
|
|t:|1666081266
|switch|p1a: Tapu Lele|Tapu Lele, shiny|3/100
|-fieldstart|move: Psychic Terrain|[from] ability: Psychic Surge|[of] p1a: Tapu Lele
|move|p2a: Ditto|Stealth Rock|p1a: Tapu Lele
|-sidestart|p1: Holiss77|move: Stealth Rock
|
|-damage|p2a: Ditto|59/100 tox|[from] psn
|upkeep
|turn|63
|inactive|Aim on mai wei has 120 seconds left.
|c|☆Holiss77|Dem plays
|
|t:|1666081287
|switch|p2a: Quagsire|Quagsire, M|52/100
|move|p1a: Tapu Lele|Moonblast|p2a: Quagsire
|-damage|p2a: Quagsire|0 fnt
|faint|p2a: Quagsire
|
|upkeep
|
|t:|1666081290
|switch|p2a: Ditto|Ditto|59/100 tox
|-transform|p2a: Ditto|p1a: Tapu Lele|[from] ability: Imposter
|turn|64
|
|t:|1666081296
|move|p2a: Ditto|Psychic|p1a: Tapu Lele
|-resisted|p1a: Tapu Lele
|-damage|p1a: Tapu Lele|0 fnt
|faint|p1a: Tapu Lele
|
|-damage|p2a: Ditto|53/100 tox|[from] psn
|upkeep
|l| OUTM nitty
|
|t:|1666081310
|switch|p1a: Swampert|Swampert, M|86/100
|-damage|p1a: Swampert|79/100|[from] Stealth Rock
|turn|65
|
|t:|1666081315
|move|p2a: Ditto|Psychic|p1a: Swampert
|-damage|p1a: Swampert|37/100
|move|p1a: Swampert|Flip Turn|p2a: Ditto
|-damage|p2a: Ditto|20/100 tox
|
|t:|1666081321
|switch|p1a: Kartana|Kartana|88/100|[from]move: Flip Turn
|-damage|p1a: Kartana|82/100|[from] Stealth Rock
|
|-damage|p2a: Ditto|8/100 tox|[from] psn
|upkeep
|turn|66
|
|t:|1666081326
|switch|p2a: Dragonite|Dragonite, M|87/100
|move|p1a: Kartana|Psycho Cut|p2a: Dragonite
|-damage|p2a: Dragonite|58/100
|
|-fieldend|move: Psychic Terrain
|upkeep
|turn|67
|
|t:|1666081332
|switch|p1a: Swampert|Swampert, M|37/100
|-damage|p1a: Swampert|31/100|[from] Stealth Rock
|move|p2a: Dragonite|Roost|p2a: Dragonite
|-heal|p2a: Dragonite|100/100
|-singleturn|p2a: Dragonite|move: Roost
|
|-heal|p1a: Swampert|37/100|[from] item: Leftovers
|upkeep
|turn|68
|
|t:|1666081340
|switch|p1a: Rillaboom|Rillaboom, M|24/100 tox
|-damage|p1a: Rillaboom|12/100 tox|[from] Stealth Rock
|-fieldstart|move: Grassy Terrain|[from] ability: Grassy Surge|[of] p1a: Rillaboom
|move|p2a: Dragonite|Earthquake|p1a: Rillaboom
|-resisted|p1a: Rillaboom
|-damage|p1a: Rillaboom|3/100 tox
|
|-heal|p1a: Rillaboom|10/100 tox|[from] Grassy Terrain
|-damage|p1a: Rillaboom|3/100 tox|[from] psn
|upkeep
|turn|69
|
|t:|1666081350
|move|p1a: Rillaboom|Grassy Glide|p2a: Dragonite
|-resisted|p2a: Dragonite
|-damage|p2a: Dragonite|96/100
|move|p2a: Dragonite|Ice Beam|p1a: Rillaboom
|-supereffective|p1a: Rillaboom
|-damage|p1a: Rillaboom|0 fnt
|faint|p1a: Rillaboom
|
|upkeep
|
|t:|1666081357
|switch|p1a: Swampert|Swampert, M|37/100
|-damage|p1a: Swampert|31/100|[from] Stealth Rock
|turn|70
|
|t:|1666081361
|move|p2a: Dragonite|Ice Beam|p1a: Swampert
|-damage|p1a: Swampert|18/100
|move|p1a: Swampert|Toxic|p2a: Dragonite
|-status|p2a: Dragonite|tox
|
|-heal|p1a: Swampert|24/100|[from] Grassy Terrain
|-heal|p1a: Swampert|30/100|[from] item: Leftovers
|-damage|p2a: Dragonite|90/100 tox|[from] psn
|upkeep
|turn|71
|
|t:|1666081369
|move|p2a: Dragonite|Ice Beam|p1a: Swampert
|-damage|p1a: Swampert|15/100
|move|p1a: Swampert|Stealth Rock|p2a: Dragonite
|-sidestart|p2: Aim on mai wei|move: Stealth Rock
|
|-heal|p1a: Swampert|22/100|[from] Grassy Terrain
|-heal|p1a: Swampert|28/100|[from] item: Leftovers
|-damage|p2a: Dragonite|77/100 tox|[from] psn
|upkeep
|turn|72
|
|t:|1666081383
|move|p2a: Dragonite|Ice Beam|p1a: Swampert
|-damage|p1a: Swampert|14/100
|-status|p1a: Swampert|frz
|cant|p1a: Swampert|frz
|
|-heal|p1a: Swampert|21/100 frz|[from] Grassy Terrain
|-heal|p1a: Swampert|27/100 frz|[from] item: Leftovers
|-damage|p2a: Dragonite|59/100 tox|[from] psn
|upkeep
|turn|73
|
|t:|1666081396
|move|p2a: Dragonite|Roost|p2a: Dragonite
|-heal|p2a: Dragonite|100/100 tox
|-singleturn|p2a: Dragonite|move: Roost
|-curestatus|p1a: Swampert|frz|[msg]
|move|p1a: Swampert|Toxic|p2a: Dragonite
|-fail|p2a: Dragonite|tox
|
|-heal|p1a: Swampert|33/100|[from] Grassy Terrain
|-heal|p1a: Swampert|39/100|[from] item: Leftovers
|-damage|p2a: Dragonite|76/100 tox|[from] psn
|upkeep
|turn|74
|
|t:|1666081406
|switch|p2a: Ditto|Ditto|8/100 tox
|-damage|p2a: Ditto|0 fnt|[from] Stealth Rock
|faint|p2a: Ditto
|move|p1a: Swampert|Stealth Rock||[still]
|-fail|p1a: Swampert
|
|-heal|p1a: Swampert|45/100|[from] Grassy Terrain
|-heal|p1a: Swampert|51/100|[from] item: Leftovers
|upkeep
|
|t:|1666081407
|switch|p2a: Dragonite|Dragonite, M|76/100 tox
|-damage|p2a: Dragonite|51/100 tox|[from] Stealth Rock
|turn|75
|
|t:|1666081410
|move|p2a: Dragonite|Roost|p2a: Dragonite
|-heal|p2a: Dragonite|100/100 tox
|-singleturn|p2a: Dragonite|move: Roost
|move|p1a: Swampert|Toxic|p2a: Dragonite
|-fail|p2a: Dragonite|tox
|
|-heal|p1a: Swampert|58/100|[from] Grassy Terrain
|-heal|p1a: Swampert|64/100|[from] item: Leftovers
|-damage|p2a: Dragonite|94/100 tox|[from] psn
|-fieldend|move: Grassy Terrain
|upkeep
|turn|76
|
|t:|1666081413
|move|p2a: Dragonite|Ice Beam|p1a: Swampert
|-damage|p1a: Swampert|50/100
|move|p1a: Swampert|Toxic|p2a: Dragonite
|-fail|p2a: Dragonite|tox
|
|-heal|p1a: Swampert|56/100|[from] item: Leftovers
|-damage|p2a: Dragonite|82/100 tox|[from] psn
|upkeep
|turn|77
|
|t:|1666081419
|move|p2a: Dragonite|Earthquake|p1a: Swampert
|-damage|p1a: Swampert|29/100
|move|p1a: Swampert|Stealth Rock||[still]
|-fail|p1a: Swampert
|
|-heal|p1a: Swampert|35/100|[from] item: Leftovers
|-damage|p2a: Dragonite|63/100 tox|[from] psn
|upkeep
|turn|78
|
|t:|1666081429
|move|p2a: Dragonite|Earthquake|p1a: Swampert
|-damage|p1a: Swampert|9/100
|move|p1a: Swampert|Stealth Rock||[still]
|-fail|p1a: Swampert
|
|-heal|p1a: Swampert|15/100|[from] item: Leftovers
|-damage|p2a: Dragonite|38/100 tox|[from] psn
|upkeep
|turn|79
|
|t:|1666081442
|move|p2a: Dragonite|Roost|p2a: Dragonite
|-heal|p2a: Dragonite|88/100 tox
|-singleturn|p2a: Dragonite|move: Roost
|move|p1a: Swampert|Stealth Rock||[still]
|-fail|p1a: Swampert
|
|-heal|p1a: Swampert|22/100|[from] item: Leftovers
|-damage|p2a: Dragonite|57/100 tox|[from] psn
|upkeep
|turn|80
|
|t:|1666081450
|move|p2a: Dragonite|Roost|p2a: Dragonite
|-heal|p2a: Dragonite|100/100 tox
|-singleturn|p2a: Dragonite|move: Roost
|move|p1a: Swampert|Flip Turn|p2a: Dragonite
|-resisted|p2a: Dragonite
|-damage|p2a: Dragonite|97/100 tox
|
|t:|1666081455
|switch|p1a: Kartana|Kartana|82/100|[from]move: Flip Turn
|-damage|p1a: Kartana|76/100|[from] Stealth Rock
|
|-damage|p2a: Dragonite|60/100 tox|[from] psn
|upkeep
|turn|81
|
|t:|1666081460
|switch|p1a: Swampert|Swampert, M|22/100
|-damage|p1a: Swampert|15/100|[from] Stealth Rock
|move|p2a: Dragonite|Fire Blast|p1a: Swampert
|-resisted|p1a: Swampert
|-damage|p1a: Swampert|7/100
|
|-heal|p1a: Swampert|13/100|[from] item: Leftovers
|-damage|p2a: Dragonite|16/100 tox|[from] psn
|upkeep
|turn|82
|
|t:|1666081471
|move|p2a: Dragonite|Ice Beam|p1a: Swampert
|-damage|p1a: Swampert|0 fnt
|faint|p1a: Swampert
|
|-damage|p2a: Dragonite|0 fnt|[from] psn
|faint|p2a: Dragonite
|
|win|Holiss77
|upkeep
|raw|Holiss77's rating: 1641 &rarr; <strong>1667</strong><br />(+26 for winning)
|raw|Aim on mai wei's rating: 1757 &rarr; <strong>1731</strong><br />(-26 for losing)
|c|☆Holiss77|Gg
|l|☆Aim on mai wei
