|j|☆user1_ou
|j|☆Chokst du
|t:|1653729505
|gametype|singles
|player|p1|user1_ou|eusine|1697
|player|p2|Chokst du|265|1777
|teamsize|p1|6
|teamsize|p2|6
|gen|8
|tier|[Gen 8] OU
|rated|
|rule|Sleep Clause Mod: Limit one foe put to sleep
|rule|Species Clause: Limit one of each Pokémon
|rule|OHKO Clause: OHKO moves are banned
|rule|Evasion Moves Clause: Evasion moves are banned
|rule|Endless Battle Clause: Forcing endless battles is banned
|rule|HP Percentage Mod: HP is shown in percentages
|rule|Dynamax Clause: You cannot dynamax
|clearpoke
|poke|p1|Landorus-Therian, M|
|poke|p1|Torkoal, F|
|poke|p1|Venusaur, F|
|poke|p1|Toxapex, M|
|poke|p1|Heatran, M|
|poke|p1|Darmanitan, M|
|poke|p2|Dragapult, F|
|poke|p2|Gengar, F|
|poke|p2|Clefable, M|
|poke|p2|Gastrodon, F|
|poke|p2|Heatran, M|
|poke|p2|Corviknight, M|
|teampreview
|
|t:|1653729517
|start
|switch|p1a: Darmanitan|Darmanitan, M|100/100
|switch|p2a: Gengar|Gengar, F|100/100
|turn|1
|
|t:|1653729538
|move|p1a: Darmanitan|Earthquake|p2a: Gengar
|-supereffective|p2a: Gengar
|-damage|p2a: Gengar|0 fnt
|faint|p2a: Gengar
|
|upkeep
|
|t:|1653729545
|switch|p2a: Dragapult|Dragapult, F|100/100
|turn|2
|
|t:|1653729550
|switch|p1a: Toxapex|Toxapex, M|100/100
|move|p2a: Dragapult|Shadow Ball|p1a: Toxapex
|-damage|p1a: Toxapex|58/100
|-unboost|p1a: Toxapex|spd|1
|-enditem|p1a: Toxapex|Eject Button
|
|t:|1653729552
|switch|p1a: Landorus|Landorus-Therian, M|100/100
|-ability|p1a: Landorus|Intimidate|boost
|-unboost|p2a: Dragapult|atk|1
|
|upkeep
|turn|3
|
|t:|1653729557
|switch|p2a: Clefable|Clefable, M|100/100
|move|p1a: Landorus|Earthquake|p2a: Clefable
|-damage|p2a: Clefable|58/100
|
|upkeep
|turn|4
|j| KrazyKube
|
|t:|1653729562
|move|p1a: Landorus|U-turn|p2a: Clefable
|-resisted|p2a: Clefable
|-damage|p2a: Clefable|48/100
|
|t:|1653729563
|switch|p1a: Torkoal|Torkoal, F|100/100|[from]move: U-turn
|-weather|SunnyDay|[from] ability: Drought|[of] p1a: Torkoal
|move|p2a: Clefable|Soft-Boiled|p2a: Clefable
|-heal|p2a: Clefable|98/100
|
|-weather|SunnyDay|[upkeep]
|upkeep
|turn|5
|
|t:|1653729569
|move|p2a: Clefable|Trick|p1a: Torkoal
|-activate|p2a: Clefable|move: Trick|[of] p1a: Torkoal
|-item|p1a: Torkoal|Sticky Barb|[from] move: Trick
|-item|p2a: Clefable|Heat Rock|[from] move: Trick
|move|p1a: Torkoal|Stealth Rock|p2a: Clefable
|-sidestart|p2: Chokst du|move: Stealth Rock
|
|-weather|SunnyDay|[upkeep]
|-damage|p1a: Torkoal|88/100|[from] item: Sticky Barb
|upkeep
|turn|6
|
|t:|1653729572
|switch|p1a: Venusaur|Venusaur, F|100/100
|move|p2a: Clefable|Calm Mind|p2a: Clefable
|-boost|p2a: Clefable|spa|1
|-boost|p2a: Clefable|spd|1
|
|-weather|SunnyDay|[upkeep]
|upkeep
|turn|7
|
|t:|1653729577
|move|p1a: Venusaur|Growth|p1a: Venusaur
|-boost|p1a: Venusaur|atk|2
|-boost|p1a: Venusaur|spa|2
|move|p2a: Clefable|Moonblast|p1a: Venusaur
|-resisted|p1a: Venusaur
|-damage|p1a: Venusaur|76/100
|-unboost|p1a: Venusaur|spa|1
|
|-weather|SunnyDay|[upkeep]
|upkeep
|turn|8
|
|t:|1653729582
|move|p1a: Venusaur|Growth|p1a: Venusaur
|-boost|p1a: Venusaur|atk|2
|-boost|p1a: Venusaur|spa|2
|move|p2a: Clefable|Moonblast|p1a: Venusaur
|-resisted|p1a: Venusaur
|-damage|p1a: Venusaur|49/100
|
|-weather|SunnyDay|[upkeep]
|upkeep
|turn|9
|
|t:|1653729585
|switch|p2a: Heatran|Heatran, M|100/100
|-damage|p2a: Heatran|88/100|[from] Stealth Rock
|move|p1a: Venusaur|Weather Ball|p2a: Heatran
|-start|p2a: Heatran|ability: Flash Fire
|
|-weather|SunnyDay|[upkeep]
|-heal|p2a: Heatran|94/100|[from] item: Leftovers
|upkeep
|turn|10
|
|t:|1653729590
|-end|p2a: Heatran|ability: Flash Fire|[silent]
|switch|p2a: Corviknight|Corviknight, M|100/100
|-damage|p2a: Corviknight|88/100|[from] Stealth Rock
|-ability|p2a: Corviknight|Pressure
|move|p1a: Venusaur|Earth Power|p2a: Corviknight
|-immune|p2a: Corviknight
|
|-weather|SunnyDay|[upkeep]
|upkeep
|turn|11
|
|t:|1653729602
|move|p1a: Venusaur|Earth Power|p2a: Corviknight
|-immune|p2a: Corviknight
|move|p2a: Corviknight|Defog|p1a: Venusaur
|-unboost|p1a: Venusaur|evasion|1
|-sideend|p2: Chokst du|Stealth Rock|[from] move: Defog|[of] p2a: Corviknight
|
|-weather|none
|upkeep
|turn|12
|
|t:|1653729607
|switch|p1a: Torkoal|Torkoal, F|88/100
|-weather|SunnyDay|[from] ability: Drought|[of] p1a: Torkoal
|move|p2a: Corviknight|U-turn|p1a: Torkoal
|-resisted|p1a: Torkoal
|-damage|p1a: Torkoal|84/100
|
|t:|1653729611
|switch|p2a: Dragapult|Dragapult, F|100/100|[from]move: U-turn
|
|-weather|SunnyDay|[upkeep]
|-damage|p1a: Torkoal|72/100|[from] item: Sticky Barb
|upkeep
|turn|13
|
|t:|1653729616
|switch|p1a: Landorus|Landorus-Therian, M|100/100
|-ability|p1a: Landorus|Intimidate|boost
|-unboost|p2a: Dragapult|atk|1
|move|p2a: Dragapult|Shadow Ball|p1a: Landorus
|-damage|p1a: Landorus|59/100
|
|-weather|SunnyDay|[upkeep]
|-heal|p1a: Landorus|65/100|[from] item: Leftovers
|upkeep
|turn|14
|
|t:|1653729620
|switch|p2a: Corviknight|Corviknight, M|88/100
|-ability|p2a: Corviknight|Pressure
|move|p1a: Landorus|U-turn|p2a: Corviknight
|-resisted|p2a: Corviknight
|-damage|p2a: Corviknight|85/100
|-damage|p1a: Landorus|48/100|[from] item: Rocky Helmet|[of] p2a: Corviknight
|
|t:|1653729623
|switch|p1a: Heatran|Heatran, M|100/100|[from]move: U-turn
|-item|p1a: Heatran|Air Balloon
|
|-weather|SunnyDay|[upkeep]
|upkeep
|turn|15
|
|t:|1653729627
|switch|p2a: Heatran|Heatran, M|94/100
|move|p1a: Heatran|Eruption|p2a: Heatran
|-start|p2a: Heatran|ability: Flash Fire
|
|-weather|SunnyDay|[upkeep]
|-heal|p2a: Heatran|100/100|[from] item: Leftovers
|upkeep
|turn|16
|
|t:|1653729636
|move|p1a: Heatran|Solar Beam||[still]
|-prepare|p1a: Heatran|Solar Beam
|-anim|p1a: Heatran|Solar Beam|p2a: Heatran
|-resisted|p2a: Heatran
|-damage|p2a: Heatran|94/100
|move|p2a: Heatran|Stealth Rock|p1a: Heatran
|-sidestart|p1: user1_ou|move: Stealth Rock
|
|-weather|none
|-heal|p2a: Heatran|99/100|[from] item: Leftovers
|upkeep
|turn|17
|
|t:|1653729645
|-end|p2a: Heatran|ability: Flash Fire|[silent]
|switch|p2a: Gastrodon|Gastrodon, F|100/100
|move|p1a: Heatran|Earth Power|p2a: Gastrodon
|-damage|p2a: Gastrodon|67/100
|
|upkeep
|turn|18
|-message|user1_ou forfeited.
|
|win|Chokst du
|raw|user1_ou's rating: 1672 &rarr; <strong>1658</strong><br />(-14 for losing)
|raw|Chokst du's rating: 1777 &rarr; <strong>1791</strong><br />(+14 for winning)
|l|☆user1_ou
|l| KrazyKube
||Ladder isn't responding, score probably updated but might not have (Request timeout).
