|raw|<div class="broadcast-blue"><strong>This battle is required to be public due to a player having a name starting with 'lt94je'.</div>
|j|☆LT94JE Amy
|j|☆Redemption
|t:|1661203508
|gametype|singles
|player|p1|LT94JE Amy|dawn-gen4pt|1718
|player|p2|Redemption|#redemption|1707
|teamsize|p1|6
|teamsize|p2|6
|gen|8
|tier|[Gen 8] OU
|rated|
|rule|Sleep Clause Mod: Limit one foe put to sleep
|rule|Species Clause: Limit one of each Pokémon
|rule|OHKO Clause: OHKO moves are banned
|rule|Evasion Items Clause: Evasion items are banned
|rule|Evasion Moves Clause: Evasion moves are banned
|rule|Endless Battle Clause: Forcing endless battles is banned
|rule|HP Percentage Mod: HP is shown in percentages
|rule|Dynamax Clause: You cannot dynamax
|clearpoke
|poke|p1|Landorus-Therian, M|
|poke|p1|Corviknight, F|
|poke|p1|Volcanion|
|poke|p1|Ninetales-Alola, F|
|poke|p1|Arctozolt|
|poke|p1|Tornadus-Therian, M|
|poke|p2|Nidoking, M|
|poke|p2|Ribombee, F|
|poke|p2|Kartana|
|poke|p2|Garchomp, M|
|poke|p2|Tapu Koko|
|poke|p2|Aegislash, M|
|teampreview
|j| Joya
|c|☆LT94JE Amy|hf
|j| Hypnomadedu48
|
|t:|1661203523
|start
|switch|p1a: Tornadus|Tornadus-Therian, M|100/100
|switch|p2a: Rubonjour|Ribombee, F|100/100
|turn|1
|c| Hypnomadedu48|oh, I wish you both good luck, it's my Good Deed of the day!!!
|
|t:|1661203535
|move|p2a: Rubonjour|Sticky Web|p1a: Tornadus
|-sidestart|p1: LT94JE Amy|move: Sticky Web
|move|p1a: Tornadus|Heat Wave|p2a: Rubonjour|[miss]
|-miss|p1a: Tornadus|p2a: Rubonjour
|
|upkeep
|turn|2
|c|☆LT94JE Amy|twitch/youtube redemption?
|j| zebra with no name
|c|☆Redemption|no
|c|☆Redemption|but im a fan
|c|☆LT94JE Amy|kek
|j| 3d
|
|t:|1661203588
|switch|p2a: Tokoricard|Tapu Koko|100/100
|-fieldstart|move: Electric Terrain|[from] ability: Electric Surge|[of] p2a: Tokoricard
|move|p1a: Tornadus|Heat Wave|p2a: Tokoricard
|-damage|p2a: Tokoricard|66/100
|
|-heal|p2a: Tokoricard|72/100|[from] item: Leftovers
|upkeep
|turn|3
|c|☆LT94JE Amy|1 sec
|c| Hypnomadedu48|But what is this ?
|c| Hypnomadedu48|oh boys
|j| tytyui↻
|j| Shifours
|j| Aurella
|j| Forwards
|j| tapu moxo
|l|☆LT94JE Amy
|player|p1|
|c| 3d|oh shit
|c| 3d|Redemption
|c| 3d|i didnt know u had so many subs now
|c| 3d|good shit bro
|j|☆LT94JE Amy
|player|p1|LT94JE Amy|dawn-gen4pt
|j| ACII
|c| Hypnomadedu48|what did you say ?
|c| 3d|i just looked your youtube up
|l| Forwards
|j| L9BGNXTY
|c|☆LT94JE Amy|ok, go
|
|t:|1661203670
|switch|p2a: Nidormeur|Nidoking, M|100/100
|move|p1a: Tornadus|U-turn|p2a: Nidormeur
|-resisted|p2a: Nidormeur
|-damage|p2a: Nidormeur|91/100
|j| Not Daki
|
|t:|1661203679
|switch|p1a: Landorus|Landorus-Therian, M|100/100|[from]move: U-turn
|-ability|p1a: Landorus|Intimidate|boost
|-unboost|p2a: Nidormeur|atk|1
|
|upkeep
|turn|4
|c| Hypnomadedu48|i said ur a Craaaaackito
|
|t:|1661203694
|switch|p2a: Rubonjour|Ribombee, F|100/100
|switch|p1a: Ninetales|Ninetales-Alola, F|100/100
|-activate|p1a: Ninetales|move: Sticky Web
|-unboost|p1a: Ninetales|spe|1
|-weather|Hail|[from] ability: Snow Warning|[of] p1a: Ninetales
|
|-weather|Hail|[upkeep]
|-damage|p2a: Rubonjour|94/100|[from] Hail
|upkeep
|turn|5
|
|t:|1661203704
|move|p2a: Rubonjour|Trick|p1a: Ninetales
|-activate|p2a: Rubonjour|move: Trick|[of] p1a: Ninetales
|-item|p1a: Ninetales|Choice Scarf|[from] move: Trick
|-item|p2a: Rubonjour|Icy Rock|[from] move: Trick
|move|p1a: Ninetales|Blizzard|p2a: Rubonjour
|-damage|p2a: Rubonjour|25/100
|
|-weather|Hail|[upkeep]
|-damage|p2a: Rubonjour|19/100|[from] Hail
|upkeep
|turn|6
|l| Aurella
|
|t:|1661203713
|move|p2a: Rubonjour|Moonblast|p1a: Ninetales
|-damage|p1a: Ninetales|56/100
|move|p1a: Ninetales|Blizzard|p2a: Rubonjour
|-damage|p2a: Rubonjour|0 fnt
|faint|p2a: Rubonjour
|
|-weather|Hail|[upkeep]
|-fieldend|move: Electric Terrain
|upkeep
|
|t:|1661203741
|switch|p2a: Tokoricard|Tapu Koko|72/100
|-fieldstart|move: Electric Terrain|[from] ability: Electric Surge|[of] p2a: Tokoricard
|turn|7
|c| Hypnomadedu48|oh.
|
|t:|1661203757
|switch|p1a: Landorus|Landorus-Therian, M|100/100
|-ability|p1a: Landorus|Intimidate|boost
|-unboost|p2a: Tokoricard|atk|1
|move|p2a: Tokoricard|Dazzling Gleam|p1a: Landorus
|-damage|p1a: Landorus|75/100
|
|-weather|Hail|[upkeep]
|-damage|p2a: Tokoricard|66/100|[from] Hail
|-damage|p1a: Landorus|69/100|[from] Hail
|-heal|p2a: Tokoricard|72/100|[from] item: Leftovers
|-heal|p1a: Landorus|75/100|[from] item: Leftovers
|upkeep
|turn|8
|c| Hypnomadedu48|oh but he's french
|c| Hypnomadedu48|since when did i realize
|c| Hypnomadedu48|LMAO
|
|t:|1661203800
|switch|p2a: Katagada|Kartana|100/100
|move|p1a: Landorus|Defog|p2a: Katagada
|-unboost|p2a: Katagada|evasion|1
|-sideend|p1: LT94JE Amy|Sticky Web|[from] move: Defog|[of] p1a: Landorus
|-fieldend|move: Electric Terrain
|
|-weather|Hail|[upkeep]
|-damage|p2a: Katagada|94/100|[from] Hail
|-damage|p1a: Landorus|69/100|[from] Hail
|-heal|p1a: Landorus|75/100|[from] item: Leftovers
|upkeep
|turn|9
|
|t:|1661203807
|switch|p1a: Corviknight|Corviknight, F|100/100
|-ability|p1a: Corviknight|Pressure
|move|p2a: Katagada|Knock Off|p1a: Corviknight
|-damage|p1a: Corviknight|81/100
|-damage|p2a: Katagada|78/100|[from] item: Rocky Helmet|[of] p1a: Corviknight
|-enditem|p1a: Corviknight|Rocky Helmet|[from] move: Knock Off|[of] p2a: Katagada
|
|-weather|Hail|[upkeep]
|-damage|p2a: Katagada|72/100|[from] Hail
|-damage|p1a: Corviknight|74/100|[from] Hail
|upkeep
|turn|10
|
|t:|1661203819
|move|p2a: Katagada|Sacred Sword|p1a: Corviknight
|-damage|p1a: Corviknight|53/100
|move|p1a: Corviknight|U-turn|p2a: Katagada
|-damage|p2a: Katagada|59/100
|
|t:|1661203823
|switch|p1a: Arctozolt|Arctozolt|100/100|[from]move: U-turn
|
|-weather|Hail|[upkeep]
|-damage|p2a: Katagada|52/100|[from] Hail
|upkeep
|turn|11
|
|t:|1661203838
|switch|p2a: Exagifle|Aegislash, M|100/100
|-item|p2a: Exagifle|Air Balloon
|move|p1a: Arctozolt|Blizzard|p2a: Exagifle
|-resisted|p2a: Exagifle
|-damage|p2a: Exagifle|82/100
|-enditem|p2a: Exagifle|Air Balloon
|
|-weather|none
|upkeep
|turn|12
|
|t:|1661203851
|-formechange|p2a: Exagifle|Aegislash-Blade||[from] ability: Stance Change
|move|p2a: Exagifle|Shadow Claw|p1a: Arctozolt
|-damage|p1a: Arctozolt|53/100
|move|p1a: Arctozolt|Substitute|p1a: Arctozolt
|-start|p1a: Arctozolt|Substitute
|-damage|p1a: Arctozolt|29/100
|
|-heal|p1a: Arctozolt|35/100|[from] item: Leftovers
|upkeep
|turn|13
|c| Hypnomadedu48|oh my these nicknames are phew ahahaha
|
|t:|1661203862
|move|p2a: Exagifle|Shadow Claw|p1a: Arctozolt
|-end|p1a: Arctozolt|Substitute
|move|p1a: Arctozolt|Bolt Beak|p2a: Exagifle
|-damage|p2a: Exagifle|8/100
|
|-heal|p1a: Arctozolt|41/100|[from] item: Leftovers
|upkeep
|turn|14
|
|t:|1661203869
|switch|p1a: Corviknight|Corviknight, F|53/100
|-ability|p1a: Corviknight|Pressure
|move|p2a: Exagifle|Shadow Claw|p1a: Corviknight
|-damage|p1a: Corviknight|32/100
|
|upkeep
|turn|15
|
|t:|1661203873
|move|p2a: Exagifle|Swords Dance|p2a: Exagifle
|-boost|p2a: Exagifle|atk|2
|move|p1a: Corviknight|Roost|p1a: Corviknight
|-heal|p1a: Corviknight|82/100
|-singleturn|p1a: Corviknight|move: Roost
|
|upkeep
|turn|16
|
|t:|1661203877
|move|p2a: Exagifle|Shadow Claw|p1a: Corviknight
|-damage|p1a: Corviknight|38/100
|move|p1a: Corviknight|U-turn|p2a: Exagifle
|-resisted|p2a: Exagifle
|-damage|p2a: Exagifle|0 fnt
|faint|p2a: Exagifle
|
|t:|1661203881
|switch|p1a: Ninetales|Ninetales-Alola, F|56/100|[from]move: U-turn
|-weather|Hail|[from] ability: Snow Warning|[of] p1a: Ninetales
|
|-weather|Hail|[upkeep]
|upkeep
|c| Hypnomadedu48|'cause I don't speak French
|
|t:|1661203895
|switch|p2a: Tokoricard|Tapu Koko|72/100
|-fieldstart|move: Electric Terrain|[from] ability: Electric Surge|[of] p2a: Tokoricard
|turn|17
|c| Hypnomadedu48|hi hi
|
|t:|1661203906
|switch|p1a: Tornadus|Tornadus-Therian, M|100/100
|move|p2a: Tokoricard|Thunderbolt|p1a: Tornadus
|-supereffective|p1a: Tornadus
|-damage|p1a: Tornadus|33/100
|
|-weather|Hail|[upkeep]
|-damage|p2a: Tokoricard|66/100|[from] Hail
|-damage|p1a: Tornadus|27/100|[from] Hail
|-heal|p2a: Tokoricard|72/100|[from] item: Leftovers
|upkeep
|turn|18
|
|t:|1661203927
|switch|p1a: Volcanion|Volcanion|100/100
|move|p2a: Tokoricard|Thunderbolt|p1a: Volcanion
|-supereffective|p1a: Volcanion
|-damage|p1a: Volcanion|0 fnt
|faint|p1a: Volcanion
|
|-weather|Hail|[upkeep]
|-damage|p2a: Tokoricard|66/100|[from] Hail
|-heal|p2a: Tokoricard|72/100|[from] item: Leftovers
|upkeep
|
|t:|1661203930
|switch|p1a: Landorus|Landorus-Therian, M|75/100
|-ability|p1a: Landorus|Intimidate|boost
|-unboost|p2a: Tokoricard|atk|1
|turn|19
|
|t:|1661203954
|switch|p2a: Nidormeur|Nidoking, M|91/100
|move|p1a: Landorus|Earthquake|p2a: Nidormeur
|-supereffective|p2a: Nidormeur
|-damage|p2a: Nidormeur|0 fnt
|faint|p2a: Nidormeur
|
|-weather|Hail|[upkeep]
|-damage|p1a: Landorus|69/100|[from] Hail
|-heal|p1a: Landorus|75/100|[from] item: Leftovers
|upkeep
|
|t:|1661203957
|switch|p2a: Carchasseur|Garchomp, M|100/100
|turn|20
|
|t:|1661203964
|switch|p1a: Ninetales|Ninetales-Alola, F|56/100
|move|p2a: Carchasseur|Aqua Tail|p1a: Ninetales
|-damage|p1a: Ninetales|8/100
|
|-weather|none
|upkeep
|turn|21
|
|t:|1661203978
|move|p1a: Ninetales|Blizzard|p2a: Carchasseur
|-supereffective|p2a: Carchasseur
|-damage|p2a: Carchasseur|0 fnt
|faint|p2a: Carchasseur
|
|-fieldend|move: Electric Terrain
|upkeep
|
|t:|1661203985
|switch|p2a: Katagada|Kartana|52/100
|turn|22
|
|t:|1661203993
|switch|p1a: Tornadus|Tornadus-Therian, M|61/100
|move|p2a: Katagada|Swords Dance|p2a: Katagada
|-boost|p2a: Katagada|atk|2
|
|upkeep
|turn|23
|
|t:|1661203998
|move|p1a: Tornadus|Heat Wave|p2a: Katagada
|-supereffective|p2a: Katagada
|-damage|p2a: Katagada|0 fnt
|faint|p2a: Katagada
|
|upkeep
|
|t:|1661204000
|switch|p2a: Tokoricard|Tapu Koko|72/100
|-fieldstart|move: Electric Terrain|[from] ability: Electric Surge|[of] p2a: Tokoricard
|turn|24
|l| 3d
|-message|Redemption forfeited.
|
|win|LT94JE Amy
|raw|LT94JE Amy's rating: 1718 &rarr; <strong>1737</strong><br />(+19 for winning)
|raw|Redemption's rating: 1707 &rarr; <strong>1688</strong><br />(-19 for losing)
|c| Hypnomadedu48|our superplayer!
|l| tytyui↻
|l| Not Daki
|l| Hypnomadedu48
|l| zebra with no name
|j| A*o*y*R*u*
||Ladder isn't responding, score probably updated but might not have (Request timeout).
