|raw|<div class="broadcast-blue"><strong>This battle is required to be public due to a player having a name starting with 'lt92pf'.</div>
|j|‽hypervortexreturns
|j|☆LT92PFMimikyuStarD
|t:|1660148643
|gametype|singles
|player|p1|hypervortexreturns|1|1974
|player|p2|LT92PFMimikyuStarD|#mimikyustardust|1875
|teamsize|p1|6
|teamsize|p2|6
|gen|8
|tier|[Gen 8] OU
|rated|
|rule|Sleep Clause Mod: Limit one foe put to sleep
|rule|Species Clause: Limit one of each Pokémon
|rule|OHKO Clause: OHKO moves are banned
|rule|Evasion Items Clause: Evasion items are banned
|rule|Evasion Moves Clause: Evasion moves are banned
|rule|Endless Battle Clause: Forcing endless battles is banned
|rule|HP Percentage Mod: HP is shown in percentages
|rule|Dynamax Clause: You cannot dynamax
|clearpoke
|poke|p1|Hydreigon, M|
|poke|p1|Zapdos|
|poke|p1|Tangrowth, M|
|poke|p1|Corviknight, M|
|poke|p1|Excadrill, F|
|poke|p1|Azumarill, F|
|poke|p2|Pelipper, F|
|poke|p2|Barraskewda, F|
|poke|p2|Regieleki|
|poke|p2|Tapu Lele|
|poke|p2|Landorus-Therian, M|
|poke|p2|Ferrothorn, F|
|teampreview
|
|t:|1660148652
|start
|switch|p1a: Zapdos|Zapdos|100/100
|switch|p2a: Lando Calrissian|Landorus-Therian, M|100/100
|-ability|p2a: Lando Calrissian|Intimidate|boost
|-unboost|p1a: Zapdos|atk|1
|turn|1
|
|t:|1660148665
|move|p1a: Zapdos|Toxic|p2a: Lando Calrissian
|-status|p2a: Lando Calrissian|tox
|move|p2a: Lando Calrissian|Knock Off|p1a: Zapdos
|-damage|p1a: Zapdos|72/100
|-enditem|p1a: Zapdos|Heavy-Duty Boots|[from] move: Knock Off|[of] p2a: Lando Calrissian
|
|-damage|p2a: Lando Calrissian|94/100 tox|[from] psn
|upkeep
|turn|2
|j| Pure Ruby
|j| molllie
|j| LT92PF Killua
|j| cancerou
|j| Don Colombus
|j| Vessev
|j| ourghostingduties
|l| Don Colombus
|j| LT92PF carmen
|
|t:|1660148709
|move|p1a: Zapdos|Hurricane|p2a: Lando Calrissian|[miss]
|-miss|p1a: Zapdos|p2a: Lando Calrissian
|move|p2a: Lando Calrissian|Stealth Rock|p1a: Zapdos
|-sidestart|p1: hypervortexreturns|move: Stealth Rock
|
|-heal|p2a: Lando Calrissian|100/100 tox|[from] item: Leftovers
|-damage|p2a: Lando Calrissian|88/100 tox|[from] psn
|upkeep
|turn|3
|j| floating clouds
|j| LT_Alt1
|j| BraveThunder
|j| lt92pf ruby
|l| lt92pf ruby
|
|t:|1660148720
|move|p1a: Zapdos|Hurricane|p2a: Lando Calrissian
|-damage|p2a: Lando Calrissian|56/100 tox
|-start|p2a: Lando Calrissian|confusion
|-activate|p2a: Lando Calrissian|confusion
|move|p2a: Lando Calrissian|U-turn|p1a: Zapdos
|-resisted|p1a: Zapdos
|-damage|p1a: Zapdos|60/100
|j| LT92PF fardin
|l| LT92PF fardin
|j| Bad Players
|j| Cramoraunt
|
|t:|1660148754
|switch|p2a: Tapu Lele Pons|Tapu Lele|100/100|[from]move: U-turn
|-fieldstart|move: Psychic Terrain|[from] ability: Psychic Surge|[of] p2a: Tapu Lele Pons
|
|upkeep
|turn|4
|
|t:|1660148765
|switch|p1a: Corviknight|Corviknight, M|100/100
|-damage|p1a: Corviknight|88/100|[from] Stealth Rock
|-ability|p1a: Corviknight|Pressure
|move|p2a: Tapu Lele Pons|Psychic|p1a: Corviknight
|-resisted|p1a: Corviknight
|-damage|p1a: Corviknight|66/100
|
|-heal|p1a: Corviknight|73/100|[from] item: Leftovers
|upkeep
|turn|5
|j| Abcdefp
|j| Acura RL@!
|
|t:|1660148776
|switch|p2a: Regieleki|Regieleki|100/100
|move|p1a: Corviknight|Brave Bird|p2a: Regieleki
|-resisted|p2a: Regieleki
|-damage|p2a: Regieleki|68/100
|-damage|p1a: Corviknight|64/100|[from] Recoil
|
|-heal|p1a: Corviknight|70/100|[from] item: Leftovers
|upkeep
|turn|6
|j| Skip The Drip
|
|t:|1660148802
|switch|p2a: Pelipprime|Pelipper, F|100/100
|-weather|RainDance|[from] ability: Drizzle|[of] p2a: Pelipprime
|switch|p1a: Excadrill|Excadrill, F|100/100
|-damage|p1a: Excadrill|97/100|[from] Stealth Rock
|
|-weather|RainDance|[upkeep]
|-heal|p1a: Excadrill|100/100|[from] item: Leftovers
|upkeep
|turn|7
|j| LT92P Fever
|
|t:|1660148819
|switch|p1a: Hydreigon|Hydreigon, M|100/100
|-damage|p1a: Hydreigon|88/100|[from] Stealth Rock
|move|p2a: Pelipprime|Hurricane|p1a: Hydreigon
|-damage|p1a: Hydreigon|15/100
|
|-weather|RainDance|[upkeep]
|-heal|p1a: Hydreigon|21/100|[from] item: Leftovers
|-fieldend|move: Psychic Terrain
|upkeep
|turn|8
|
|t:|1660148832
|move|p1a: Hydreigon|Dark Pulse|p2a: Pelipprime
|-damage|p2a: Pelipprime|45/100
|cant|p2a: Pelipprime|flinch
|
|-weather|RainDance|[upkeep]
|-heal|p1a: Hydreigon|28/100|[from] item: Leftovers
|upkeep
|turn|9
|
|t:|1660148844
|move|p1a: Hydreigon|Dark Pulse|p2a: Pelipprime
|-crit|p2a: Pelipprime
|-damage|p2a: Pelipprime|0 fnt
|faint|p2a: Pelipprime
|
|-weather|RainDance|[upkeep]
|-heal|p1a: Hydreigon|34/100|[from] item: Leftovers
|upkeep
|-message|LT92PFMimikyuStarD forfeited.
|
|win|hypervortexreturns
|raw|hypervortexreturns's rating: 1955 &rarr; <strong>1972</strong><br />(+17 for winning)
|raw|LT92PFMimikyuStarD's rating: 1906 &rarr; <strong>1889</strong><br />(-17 for losing)
|l|☆LT92PFMimikyuStarD
|l| LT_Alt1
|l| floating clouds
|l| cancerou
|l| Abcdefp
|l| molllie
|l| BraveThunder
|l|‽hypervortexreturns
