|j|☆numberoneswiftie
|j|☆Stellar Flares
|t:|1667492356
|gametype|singles
|player|p1|numberoneswiftie|swimmerf-gen4|1670
|player|p2|Stellar Flares|palmer|1797
|teamsize|p1|6
|teamsize|p2|6
|gen|8
|tier|[Gen 8] OU
|rated|
|rule|Sleep Clause Mod: Limit one foe put to sleep
|rule|Species Clause: Limit one of each Pokémon
|rule|OHKO Clause: OHKO moves are banned
|rule|Evasion Items Clause: Evasion items are banned
|rule|Evasion Moves Clause: Evasion moves are banned
|rule|Endless Battle Clause: Forcing endless battles is banned
|rule|HP Percentage Mod: HP is shown in percentages
|rule|Dynamax Clause: You cannot dynamax
|clearpoke
|poke|p1|Hippowdon, F|
|poke|p1|Corviknight, M|
|poke|p1|Toxapex, M|
|poke|p1|Clefable, F|
|poke|p1|Tornadus-Therian, M|
|poke|p1|Blissey, F|
|poke|p2|Corviknight, F|
|poke|p2|Tornadus-Therian, M|
|poke|p2|Toxapex, F|
|poke|p2|Clefable, F|
|poke|p2|Hippowdon, F|
|poke|p2|Melmetal|
|teampreview
|
|t:|1667492370
|start
|switch|p1a: Hippowdon|Hippowdon, F|100/100
|switch|p2a: Melmetal|Melmetal|100/100
|-weather|Sandstorm|[from] ability: Sand Stream|[of] p1a: Hippowdon
|turn|1
|inactive|Battle timer is ON: inactive players will automatically lose when time's up. (requested by Stellar Flares)
|
|t:|1667492376
|switch|p1a: Corviknight|Corviknight, M|100/100
|-ability|p1a: Corviknight|Pressure
|move|p2a: Melmetal|Double Iron Bash|p1a: Corviknight
|-resisted|p1a: Corviknight
|-damage|p1a: Corviknight|84/100
|-resisted|p1a: Corviknight
|-damage|p1a: Corviknight|69/100
|-hitcount|p1a: Corviknight|2
|
|-weather|Sandstorm|[upkeep]
|-heal|p1a: Corviknight|75/100|[from] item: Leftovers
|upkeep
|turn|2
|
|t:|1667492381
|move|p1a: Corviknight|Iron Defense|p1a: Corviknight
|-boost|p1a: Corviknight|def|2
|move|p2a: Melmetal|Thunder Punch|p1a: Corviknight
|-supereffective|p1a: Corviknight
|-damage|p1a: Corviknight|51/100
|
|-weather|Sandstorm|[upkeep]
|-heal|p1a: Corviknight|57/100|[from] item: Leftovers
|upkeep
|turn|3
|
|t:|1667492385
|move|p1a: Corviknight|Roost|p1a: Corviknight
|-heal|p1a: Corviknight|100/100
|-singleturn|p1a: Corviknight|move: Roost
|move|p2a: Melmetal|Thunder Punch|p1a: Corviknight
|-damage|p1a: Corviknight|86/100
|
|-weather|Sandstorm|[upkeep]
|-heal|p1a: Corviknight|93/100|[from] item: Leftovers
|upkeep
|turn|4
|
|t:|1667492388
|switch|p2a: Tornadus|Tornadus-Therian, M|100/100
|move|p1a: Corviknight|Body Press|p2a: Tornadus
|-resisted|p2a: Tornadus
|-damage|p2a: Tornadus|77/100
|-damage|p1a: Corviknight|76/100|[from] item: Rocky Helmet|[of] p2a: Tornadus
|
|-weather|Sandstorm|[upkeep]
|-damage|p2a: Tornadus|71/100|[from] Sandstorm
|-heal|p1a: Corviknight|82/100|[from] item: Leftovers
|upkeep
|turn|5
|
|t:|1667492392
|switch|p1a: Toxapex|Toxapex, M|100/100
|move|p2a: Tornadus|Knock Off|p1a: Toxapex
|-damage|p1a: Toxapex|89/100
|-enditem|p1a: Toxapex|Shed Shell|[from] move: Knock Off|[of] p2a: Tornadus
|
|-weather|none
|upkeep
|turn|6
|
|t:|1667492397
|switch|p2a: Toxapex|Toxapex, F|100/100
|move|p1a: Toxapex|Knock Off|p2a: Toxapex
|-damage|p2a: Toxapex|88/100
|-enditem|p2a: Toxapex|Shed Shell|[from] move: Knock Off|[of] p1a: Toxapex
|
|upkeep
|turn|7
|
|t:|1667492423
|switch|p1a: Tornadus|Tornadus-Therian, M, shiny|100/100
|move|p2a: Toxapex|Scald|p1a: Tornadus
|-damage|p1a: Tornadus|84/100
|
|upkeep
|turn|8
|
|t:|1667492427
|move|p1a: Tornadus|Nasty Plot|p1a: Tornadus
|-boost|p1a: Tornadus|spa|2
|move|p2a: Toxapex|Toxic|p1a: Tornadus
|-status|p1a: Tornadus|tox
|
|-damage|p1a: Tornadus|78/100 tox|[from] psn
|upkeep
|turn|9
|
|t:|1667492430
|move|p1a: Tornadus|Hurricane|p2a: Toxapex|[miss]
|-miss|p1a: Tornadus|p2a: Toxapex
|move|p2a: Toxapex|Light Screen|p2a: Toxapex
|-sidestart|p2: Stellar Flares|move: Light Screen
|
|-damage|p1a: Tornadus|66/100 tox|[from] psn
|upkeep
|turn|10
|
|t:|1667492433
|switch|p1a: Blissey|Blissey, F|100/100
|move|p2a: Toxapex|Scald|p1a: Blissey
|-damage|p1a: Blissey|94/100
|
|upkeep
|turn|11
|
|t:|1667492436
|switch|p2a: Melmetal|Melmetal|100/100
|move|p1a: Blissey|Heal Bell|p1a: Blissey
|-activate|p1a: Blissey|move: Heal Bell
|-curestatus|p1: Tornadus|tox|[msg]
|
|upkeep
|turn|12
|
|t:|1667492438
|switch|p1a: Corviknight|Corviknight, M|82/100
|-ability|p1a: Corviknight|Pressure
|move|p2a: Melmetal|Thunder Punch|p1a: Corviknight
|-supereffective|p1a: Corviknight
|-damage|p1a: Corviknight|29/100
|
|-heal|p1a: Corviknight|36/100|[from] item: Leftovers
|upkeep
|turn|13
|
|t:|1667492457
|move|p1a: Corviknight|Roost|p1a: Corviknight
|-heal|p1a: Corviknight|86/100
|-singleturn|p1a: Corviknight|move: Roost
|move|p2a: Melmetal|Superpower|p1a: Corviknight
|-supereffective|p1a: Corviknight
|-damage|p1a: Corviknight|22/100
|-unboost|p2a: Melmetal|atk|1
|-unboost|p2a: Melmetal|def|1
|
|-heal|p1a: Corviknight|29/100|[from] item: Leftovers
|-sideend|p2: Stellar Flares|move: Light Screen
|upkeep
|turn|14
|
|t:|1667492462
|move|p1a: Corviknight|Iron Defense|p1a: Corviknight
|-boost|p1a: Corviknight|def|2
|move|p2a: Melmetal|Thunder Punch|p1a: Corviknight
|-supereffective|p1a: Corviknight
|-damage|p1a: Corviknight|11/100
|
|-heal|p1a: Corviknight|18/100|[from] item: Leftovers
|upkeep
|turn|15
|
|t:|1667492466
|move|p1a: Corviknight|Roost|p1a: Corviknight
|-heal|p1a: Corviknight|68/100
|-singleturn|p1a: Corviknight|move: Roost
|move|p2a: Melmetal|Thunder Punch|p1a: Corviknight
|-damage|p1a: Corviknight|58/100
|
|-heal|p1a: Corviknight|65/100|[from] item: Leftovers
|upkeep
|turn|16
|
|t:|1667492472
|switch|p2a: Tornadus|Tornadus-Therian, M|100/100
|move|p1a: Corviknight|Roost|p1a: Corviknight
|-heal|p1a: Corviknight|100/100
|-singleturn|p1a: Corviknight|move: Roost
|
|upkeep
|turn|17
|
|t:|1667492477
|switch|p2a: Melmetal|Melmetal|100/100
|switch|p1a: Toxapex|Toxapex, M|100/100
|
|upkeep
|turn|18
|
|t:|1667492481
|switch|p2a: Toxapex|Toxapex, F|100/100
|move|p1a: Toxapex|Knock Off|p2a: Toxapex
|-damage|p2a: Toxapex|93/100
|
|upkeep
|turn|19
|
|t:|1667492484
|switch|p1a: Tornadus|Tornadus-Therian, M, shiny|99/100
|move|p2a: Toxapex|Scald|p1a: Tornadus
|-damage|p1a: Tornadus|82/100
|-status|p1a: Tornadus|brn
|
|-damage|p1a: Tornadus|76/100 brn|[from] brn
|upkeep
|turn|20
|
|t:|1667492489
|move|p1a: Tornadus|Nasty Plot|p1a: Tornadus
|-boost|p1a: Tornadus|spa|2
|move|p2a: Toxapex|Scald|p1a: Tornadus
|-crit|p1a: Tornadus
|-damage|p1a: Tornadus|52/100 brn
|
|-damage|p1a: Tornadus|46/100 brn|[from] brn
|upkeep
|turn|21
|
|t:|1667492491
|move|p1a: Tornadus|Hurricane|p2a: Toxapex
|-damage|p2a: Toxapex|38/100
|-start|p2a: Toxapex|confusion
|-activate|p2a: Toxapex|confusion
|move|p2a: Toxapex|Light Screen|p2a: Toxapex
|-sidestart|p2: Stellar Flares|move: Light Screen
|
|-damage|p1a: Tornadus|40/100 brn|[from] brn
|upkeep
|turn|22
|
|t:|1667492494
|switch|p1a: Blissey|Blissey, F|94/100
|switch|p2a: Melmetal|Melmetal|100/100
|
|upkeep
|turn|23
|
|t:|1667492499
|switch|p1a: Toxapex|Toxapex, M|100/100
|move|p2a: Melmetal|Thunder Punch|p1a: Toxapex
|-supereffective|p1a: Toxapex
|-damage|p1a: Toxapex|51/100
|
|upkeep
|turn|24
|
|t:|1667492510
|switch|p1a: Corviknight|Corviknight, M|100/100
|-ability|p1a: Corviknight|Pressure
|move|p2a: Melmetal|Thunder Punch|p1a: Corviknight
|-supereffective|p1a: Corviknight
|-damage|p1a: Corviknight|53/100
|
|-heal|p1a: Corviknight|60/100|[from] item: Leftovers
|upkeep
|turn|25
|
|t:|1667492513
|move|p1a: Corviknight|Iron Defense|p1a: Corviknight
|-boost|p1a: Corviknight|def|2
|move|p2a: Melmetal|Thunder Punch|p1a: Corviknight
|-supereffective|p1a: Corviknight
|-damage|p1a: Corviknight|34/100
|-status|p1a: Corviknight|par
|
|-heal|p1a: Corviknight|40/100 par|[from] item: Leftovers
|-sideend|p2: Stellar Flares|move: Light Screen
|upkeep
|turn|26
|
|t:|1667492523
|move|p2a: Melmetal|Double Iron Bash|p1a: Corviknight
|-resisted|p1a: Corviknight
|-damage|p1a: Corviknight|32/100 par
|-resisted|p1a: Corviknight
|-damage|p1a: Corviknight|24/100 par
|-hitcount|p1a: Corviknight|2
|cant|p1a: Corviknight|flinch
|
|-heal|p1a: Corviknight|30/100 par|[from] item: Leftovers
|upkeep
|turn|27
|
|t:|1667492527
|move|p2a: Melmetal|Double Iron Bash|p1a: Corviknight
|-resisted|p1a: Corviknight
|-damage|p1a: Corviknight|23/100 par
|-resisted|p1a: Corviknight
|-damage|p1a: Corviknight|15/100 par
|-hitcount|p1a: Corviknight|2
|move|p1a: Corviknight|Roost|p1a: Corviknight
|-heal|p1a: Corviknight|65/100 par
|-singleturn|p1a: Corviknight|move: Roost
|
|-heal|p1a: Corviknight|71/100 par|[from] item: Leftovers
|upkeep
|turn|28
|
|t:|1667492535
|switch|p2a: Tornadus|Tornadus-Therian, M|100/100
|move|p1a: Corviknight|Roost|p1a: Corviknight
|-heal|p1a: Corviknight|100/100 par
|-singleturn|p1a: Corviknight|move: Roost
|
|upkeep
|turn|29
|j| Serek94
|
|t:|1667492539
|switch|p2a: Melmetal|Melmetal|100/100
|switch|p1a: Toxapex|Toxapex, M|84/100
|
|upkeep
|turn|30
|
|t:|1667492543
|switch|p2a: Toxapex|Toxapex, F|71/100
|move|p1a: Toxapex|Knock Off|p2a: Toxapex
|-damage|p2a: Toxapex|64/100
|
|upkeep
|turn|31
|
|t:|1667492549
|switch|p1a: Blissey|Blissey, F|94/100
|switch|p2a: Melmetal|Melmetal|100/100
|
|upkeep
|turn|32
|
|t:|1667492553
|switch|p1a: Hippowdon|Hippowdon, F|100/100
|-weather|Sandstorm|[from] ability: Sand Stream|[of] p1a: Hippowdon
|move|p2a: Melmetal|Thunder Punch|p1a: Hippowdon
|-immune|p1a: Hippowdon
|
|-weather|Sandstorm|[upkeep]
|upkeep
|turn|33
|
|t:|1667492556
|switch|p1a: Corviknight|Corviknight, M|100/100 par
|-ability|p1a: Corviknight|Pressure
|move|p2a: Melmetal|Thunder Punch|p1a: Corviknight
|-supereffective|p1a: Corviknight
|-damage|p1a: Corviknight|46/100 par
|
|-weather|Sandstorm|[upkeep]
|-heal|p1a: Corviknight|53/100 par|[from] item: Leftovers
|upkeep
|turn|34
|
|t:|1667492562
|switch|p1a: Hippowdon|Hippowdon, F|100/100
|move|p2a: Melmetal|Thunder Punch|p1a: Hippowdon
|-immune|p1a: Hippowdon
|
|-weather|Sandstorm|[upkeep]
|upkeep
|turn|35
|
|t:|1667492565
|switch|p1a: Toxapex|Toxapex, M|100/100
|move|p2a: Melmetal|Thunder Punch|p1a: Toxapex
|-supereffective|p1a: Toxapex
|-damage|p1a: Toxapex|50/100
|
|-weather|Sandstorm|[upkeep]
|-damage|p1a: Toxapex|44/100|[from] Sandstorm
|upkeep
|turn|36
|
|t:|1667492570
|move|p1a: Toxapex|Recover|p1a: Toxapex
|-heal|p1a: Toxapex|94/100
|move|p2a: Melmetal|Thunder Punch|p1a: Toxapex
|-supereffective|p1a: Toxapex
|-crit|p1a: Toxapex
|-damage|p1a: Toxapex|19/100
|
|-weather|none
|upkeep
|turn|37
|
|t:|1667492577
|switch|p1a: Hippowdon|Hippowdon, F|100/100
|-weather|Sandstorm|[from] ability: Sand Stream|[of] p1a: Hippowdon
|move|p2a: Melmetal|Superpower|p1a: Hippowdon
|-damage|p1a: Hippowdon|63/100
|-unboost|p2a: Melmetal|atk|1
|-unboost|p2a: Melmetal|def|1
|
|-weather|Sandstorm|[upkeep]
|-heal|p1a: Hippowdon|69/100|[from] item: Leftovers
|upkeep
|turn|38
|
|t:|1667492581
|move|p1a: Hippowdon|Slack Off|p1a: Hippowdon
|-heal|p1a: Hippowdon|100/100
|move|p2a: Melmetal|Double Iron Bash|p1a: Hippowdon
|-damage|p1a: Hippowdon|76/100
|-damage|p1a: Hippowdon|53/100
|-hitcount|p1a: Hippowdon|2
|
|-weather|Sandstorm|[upkeep]
|-heal|p1a: Hippowdon|60/100|[from] item: Leftovers
|upkeep
|turn|39
|
|t:|1667492591
|switch|p2a: Corviknight|Corviknight, F|100/100
|-ability|p2a: Corviknight|Pressure
|move|p1a: Hippowdon|Slack Off|p1a: Hippowdon
|-heal|p1a: Hippowdon|100/100
|
|-weather|Sandstorm|[upkeep]
|upkeep
|turn|40
|
|t:|1667492595
|switch|p1a: Toxapex|Toxapex, M|53/100
|move|p2a: Corviknight|U-turn|p1a: Toxapex
|-resisted|p1a: Toxapex
|-damage|p1a: Toxapex|49/100
|
|t:|1667492597
|switch|p2a: Melmetal|Melmetal|100/100|[from]move: U-turn
|
|-weather|Sandstorm|[upkeep]
|-damage|p1a: Toxapex|43/100|[from] Sandstorm
|upkeep
|turn|41
|
|t:|1667492601
|move|p1a: Toxapex|Recover|p1a: Toxapex
|-heal|p1a: Toxapex|93/100
|move|p2a: Melmetal|Double Iron Bash|p1a: Toxapex
|-resisted|p1a: Toxapex
|-crit|p1a: Toxapex
|-damage|p1a: Toxapex|70/100
|-resisted|p1a: Toxapex
|-damage|p1a: Toxapex|55/100
|-hitcount|p1a: Toxapex|2
|
|-weather|none
|upkeep
|turn|42
|
|t:|1667492609
|switch|p2a: Toxapex|Toxapex, F|97/100
|move|p1a: Toxapex|Recover|p1a: Toxapex
|-heal|p1a: Toxapex|100/100
|
|upkeep
|turn|43
|c|☆Stellar Flares|alright
|c|☆numberoneswiftie|what
|c|☆Stellar Flares|let's tie t100 then
|c|☆numberoneswiftie|tie is t1000
|c|☆numberoneswiftie|loool
|c|☆Stellar Flares|no we can use the command
|c|☆numberoneswiftie|im not tryna tie
|
|t:|1667492636
|switch|p1a: Blissey|Blissey, F|94/100
|switch|p2a: Tornadus|Tornadus-Therian, M|100/100
|
|upkeep
|turn|44
|c|☆Stellar Flares|I know
|c|☆Stellar Flares|but no one is gonna break
|c|☆Stellar Flares|even with torna NP
|c|☆Stellar Flares|you won't
|
|t:|1667492653
|move|p2a: Tornadus|Knock Off|p1a: Blissey
|-crit|p1a: Blissey
|-damage|p1a: Blissey|69/100
|-enditem|p1a: Blissey|Heavy-Duty Boots|[from] move: Knock Off|[of] p2a: Tornadus
|move|p1a: Blissey|Heal Bell|p1a: Blissey
|-activate|p1a: Blissey|move: Heal Bell
|-curestatus|p1: Tornadus|brn|[msg]
|-curestatus|p1: Corviknight|par|[msg]
|
|upkeep
|turn|45
|c|☆numberoneswiftie|maybe
|c|☆Stellar Flares|You'll see
|inactive|Stellar Flares has 120 seconds left.
|c|☆Stellar Flares|but it will take time for nothing while we could just tie and go for other games
|c|☆Stellar Flares|it's up to you
|c|☆Stellar Flares|if you want to go that far
|c|☆Stellar Flares|I'll follow for scientific purposes
|
|t:|1667492704
|switch|p2a: Corviknight|Corviknight, F|100/100
|-ability|p2a: Corviknight|Pressure
|move|p1a: Blissey|Soft-Boiled|p1a: Blissey
|-heal|p1a: Blissey|100/100
|
|upkeep
|turn|46
|
|t:|1667492708
|switch|p1a: Corviknight|Corviknight, M|53/100
|-ability|p1a: Corviknight|Pressure
|move|p2a: Corviknight|U-turn|p1a: Corviknight
|-resisted|p1a: Corviknight
|-damage|p1a: Corviknight|51/100
|
|t:|1667492711
|switch|p2a: Tornadus|Tornadus-Therian, M|100/100|[from]move: U-turn
|
|-heal|p1a: Corviknight|57/100|[from] item: Leftovers
|upkeep
|turn|47
|
|t:|1667492714
|switch|p1a: Toxapex|Toxapex, M|100/100
|move|p2a: Tornadus|Knock Off|p1a: Toxapex
|-damage|p1a: Toxapex|92/100
|
|upkeep
|turn|48
|
|t:|1667492719
|switch|p2a: Toxapex|Toxapex, F|100/100
|switch|p1a: Tornadus|Tornadus-Therian, M, shiny|73/100
|
|upkeep
|turn|49
|
|t:|1667492724
|switch|p1a: Blissey|Blissey, F|100/100
|move|p2a: Toxapex|Toxic|p1a: Blissey
|-status|p1a: Blissey|tox
|
|-damage|p1a: Blissey|94/100 tox|[from] psn
|upkeep
|turn|50
|
|t:|1667492729
|-curestatus|p1a: Blissey|tox|[from] ability: Natural Cure
|switch|p1a: Toxapex|Toxapex, M|100/100
|switch|p2a: Melmetal|Melmetal|100/100
|
|upkeep
|turn|51
|
|t:|1667492733
|switch|p2a: Toxapex|Toxapex, F|100/100
|move|p1a: Toxapex|Knock Off|p2a: Toxapex
|-damage|p2a: Toxapex|93/100
|
|upkeep
|turn|52
|
|t:|1667492739
|switch|p1a: Blissey|Blissey, F|94/100
|switch|p2a: Melmetal|Melmetal|100/100
|
|upkeep
|turn|53
|
|t:|1667492743
|switch|p1a: Corviknight|Corviknight, M|57/100
|-ability|p1a: Corviknight|Pressure
|switch|p2a: Toxapex|Toxapex, F|100/100
|
|-heal|p1a: Corviknight|63/100|[from] item: Leftovers
|upkeep
|turn|54
|
|t:|1667492746
|switch|p1a: Toxapex|Toxapex, M|100/100
|move|p2a: Toxapex|Scald|p1a: Toxapex
|-resisted|p1a: Toxapex
|-damage|p1a: Toxapex|94/100
|
|upkeep
|turn|55
|
|t:|1667492748
|switch|p1a: Corviknight|Corviknight, M|63/100
|-ability|p1a: Corviknight|Pressure
|move|p2a: Toxapex|Scald|p1a: Corviknight
|-damage|p1a: Corviknight|48/100
|
|-heal|p1a: Corviknight|54/100|[from] item: Leftovers
|upkeep
|turn|56
|
|t:|1667492753
|switch|p1a: Toxapex|Toxapex, M|100/100
|switch|p2a: Tornadus|Tornadus-Therian, M|100/100
|
|upkeep
|turn|57
|
|t:|1667492760
|switch|p2a: Toxapex|Toxapex, F|100/100
|switch|p1a: Hippowdon|Hippowdon, F|100/100
|-weather|Sandstorm|[from] ability: Sand Stream|[of] p1a: Hippowdon
|
|-weather|Sandstorm|[upkeep]
|-damage|p2a: Toxapex|94/100|[from] Sandstorm
|upkeep
|turn|58
|
|t:|1667492762
|switch|p2a: Corviknight|Corviknight, F|100/100
|-ability|p2a: Corviknight|Pressure
|move|p1a: Hippowdon|Stealth Rock|p2a: Corviknight
|-sidestart|p2: Stellar Flares|move: Stealth Rock
|
|-weather|Sandstorm|[upkeep]
|upkeep
|turn|59
|
|t:|1667492769
|switch|p2a: Tornadus|Tornadus-Therian, M|100/100
|-damage|p2a: Tornadus|76/100|[from] Stealth Rock
|switch|p1a: Corviknight|Corviknight, M|54/100
|-ability|p1a: Corviknight|Pressure
|
|-weather|Sandstorm|[upkeep]
|-damage|p2a: Tornadus|70/100|[from] Sandstorm
|-heal|p1a: Corviknight|61/100|[from] item: Leftovers
|upkeep
|turn|60
|
|t:|1667492775
|move|p2a: Tornadus|Defog|p1a: Corviknight
|-unboost|p1a: Corviknight|evasion|1
|-sideend|p2: Stellar Flares|Stealth Rock|[from] move: Defog|[of] p2a: Tornadus
|move|p1a: Corviknight|Roost|p1a: Corviknight
|-heal|p1a: Corviknight|100/100
|-singleturn|p1a: Corviknight|move: Roost
|
|-weather|Sandstorm|[upkeep]
|-damage|p2a: Tornadus|63/100|[from] Sandstorm
|upkeep
|turn|61
|
|t:|1667492784
|switch|p2a: Melmetal|Melmetal|100/100
|switch|p1a: Toxapex|Toxapex, M|100/100
|
|-weather|none
|upkeep
|turn|62
|
|t:|1667492789
|switch|p1a: Hippowdon|Hippowdon, F|100/100
|-weather|Sandstorm|[from] ability: Sand Stream|[of] p1a: Hippowdon
|switch|p2a: Toxapex|Toxapex, F|100/100
|
|-weather|Sandstorm|[upkeep]
|-damage|p2a: Toxapex|94/100|[from] Sandstorm
|upkeep
|turn|63
|
|t:|1667492797
|switch|p1a: Corviknight|Corviknight, M|100/100
|-ability|p1a: Corviknight|Pressure
|switch|p2a: Corviknight|Corviknight, F|100/100
|-ability|p2a: Corviknight|Pressure
|
|-weather|Sandstorm|[upkeep]
|upkeep
|turn|64
|
|t:|1667492804
|switch|p1a: Toxapex|Toxapex, M|100/100
|switch|p2a: Tornadus|Tornadus-Therian, M|97/100
|
|-weather|Sandstorm|[upkeep]
|-damage|p2a: Tornadus|91/100|[from] Sandstorm
|-damage|p1a: Toxapex|95/100|[from] Sandstorm
|upkeep
|turn|65
|c|☆Stellar Flares|Thing is you won't get your rocks up
|
|t:|1667492815
|switch|p2a: Toxapex|Toxapex, F|100/100
|switch|p1a: Blissey|Blissey, F|94/100
|
|-weather|Sandstorm|[upkeep]
|-damage|p1a: Blissey|88/100|[from] Sandstorm
|-damage|p2a: Toxapex|94/100|[from] Sandstorm
|upkeep
|turn|66
|c|☆Stellar Flares|that's the problem
|c|☆numberoneswiftie|yea u pp stall it
|c|☆Stellar Flares|so
|
|t:|1667492833
|switch|p2a: Corviknight|Corviknight, F|100/100
|-ability|p2a: Corviknight|Pressure
|move|p1a: Blissey|Seismic Toss|p2a: Corviknight
|-damage|p2a: Corviknight|75/100
|
|-weather|none
|-heal|p2a: Corviknight|82/100|[from] item: Leftovers
|upkeep
|turn|67
|c|☆Stellar Flares|rly the only mon is torn
|c|☆Stellar Flares|and if you can't break
|c|☆Stellar Flares|with it
|c|☆Stellar Flares|it's over
|
|t:|1667492849
|switch|p2a: Toxapex|Toxapex, F|100/100
|switch|p1a: Toxapex|Toxapex, M|100/100
|
|upkeep
|turn|68
|
|t:|1667492857
|switch|p1a: Corviknight|Corviknight, M|100/100
|-ability|p1a: Corviknight|Pressure
|switch|p2a: Tornadus|Tornadus-Therian, M|100/100
|
|upkeep
|turn|69
|c|☆Stellar Flares|actually if you want
|c|☆Stellar Flares|I can help you set up torn
|c|☆Stellar Flares|to see if it breaks through with some luck
|inactive|Stellar Flares has 120 seconds left.
|c|☆numberoneswiftie|sure
|c|☆numberoneswiftie|uve convinced me
|c|☆Stellar Flares|otherwise we'll just switch endlessly and you'll only put it at the end
|c|☆Stellar Flares|what do you want me to do
|c|☆numberoneswiftie|go corv maybe?
|
|t:|1667492910
|switch|p2a: Corviknight|Corviknight, F|82/100
|-ability|p2a: Corviknight|Pressure
|switch|p1a: Tornadus|Tornadus-Therian, M, shiny|100/100
|
|-heal|p2a: Corviknight|88/100|[from] item: Leftovers
|upkeep
|turn|70
|c|☆Stellar Flares|ok
|c|☆Stellar Flares|so my gameplan
|c|☆Stellar Flares|is to go on pex first anyway
|
|t:|1667492922
|switch|p2a: Toxapex|Toxapex, F|100/100
|move|p1a: Tornadus|Nasty Plot|p1a: Tornadus
|-boost|p1a: Tornadus|spa|2
|
|upkeep
|turn|71
|c|☆Stellar Flares|alright
|
|t:|1667492933
|move|p1a: Tornadus|Hurricane|p2a: Toxapex|[miss]
|-miss|p1a: Tornadus|p2a: Toxapex
|move|p2a: Toxapex|Light Screen|p2a: Toxapex
|-sidestart|p2: Stellar Flares|move: Light Screen
|
|upkeep
|turn|72
|c|☆Stellar Flares|then I set up light screen
|
|t:|1667492951
|move|p1a: Tornadus|Hurricane|p2a: Toxapex
|-damage|p2a: Toxapex|72/100
|move|p2a: Toxapex|Scald|p1a: Tornadus
|-damage|p1a: Tornadus|84/100
|
|upkeep
|turn|73
|c|☆Stellar Flares|I can stay in for some turns
|
|t:|1667492965
|move|p1a: Tornadus|Hurricane|p2a: Toxapex
|-damage|p2a: Toxapex|43/100
|move|p2a: Toxapex|Toxic|p1a: Tornadus
|-status|p1a: Tornadus|tox
|
|-damage|p1a: Tornadus|78/100 tox|[from] psn
|upkeep
|turn|74
|inactive|Stellar Flares has 90 seconds left.
|c|☆Stellar Flares|and then I toxic it and go to clef when it's too dangerouys
|
|t:|1667492984
|switch|p2a: Clefable|Clefable, F|100/100
|move|p1a: Tornadus|Focus Blast|p2a: Clefable
|-resisted|p2a: Clefable
|-damage|p2a: Clefable|93/100
|
|-heal|p2a: Clefable|99/100|[from] item: Leftovers
|-damage|p1a: Tornadus|66/100 tox|[from] psn
|upkeep
|turn|75
|c|☆numberoneswiftie|icic
|c|☆Stellar Flares|as you can see
|inactive|Stellar Flares has 90 seconds left.
|c|☆Stellar Flares|then you can heal bell
|c|☆Stellar Flares|then we'll just repeat the process
|c|☆numberoneswiftie|my only win con is like
|c|☆Stellar Flares|unless you get a crit from your hurricanes through the light screen
|c|☆numberoneswiftie|cane confuse full confuse or crit yea
|c|☆Stellar Flares|even that
|inactive|Stellar Flares has 60 seconds left.
|c|☆numberoneswiftie|and urs is me throwing and bringing torn out 8 times
|c|☆Stellar Flares|you'd need to confu clef
|c|☆Stellar Flares|Personally, I don't think it's worth our time trying to see if hax occurs for 10 ladder points
|inactive|Stellar Flares has 30 seconds left.
|c|☆Stellar Flares|it'll take ages
|c|☆numberoneswiftie|i agree :)
|
|t:|1667493062
|switch|p1a: Blissey|Blissey, F|88/100
|move|p2a: Clefable|Calm Mind|p2a: Clefable
|-boost|p2a: Clefable|spa|1
|-boost|p2a: Clefable|spd|1
|
|-heal|p2a: Clefable|100/100|[from] item: Leftovers
|-sideend|p2: Stellar Flares|move: Light Screen
|upkeep
|turn|76
|c|☆numberoneswiftie|thanks for explaining
|inactive|Stellar Flares has 30 seconds left.
|
|t:|1667493069
|switch|p2a: Corviknight|Corviknight, F|88/100
|-ability|p2a: Corviknight|Pressure
|move|p1a: Blissey|Toxic|p2a: Corviknight
|-immune|p2a: Corviknight
|
|-heal|p2a: Corviknight|94/100|[from] item: Leftovers
|upkeep
|turn|77
|
|t:|1667493073
|switch|p2a: Toxapex|Toxapex, F|76/100
|switch|p1a: Corviknight|Corviknight, M|100/100
|-ability|p1a: Corviknight|Pressure
|
|upkeep
|turn|78
|c|☆Stellar Flares|it's alright
|c|☆Stellar Flares|then let's just switch around 2 mons and tie at t100 if you agree
|inactive|Stellar Flares has 30 seconds left.
|
|t:|1667493094
|switch|p1a: Blissey|Blissey, F|88/100
|switch|p2a: Tornadus|Tornadus-Therian, M|100/100
|
|upkeep
|turn|79
|c|☆numberoneswiftie|yep
|
|t:|1667493098
|switch|p2a: Toxapex|Toxapex, F|100/100
|move|p1a: Blissey|Heal Bell|p1a: Blissey
|-activate|p1a: Blissey|move: Heal Bell
|-curestatus|p1: Tornadus|tox|[msg]
|
|upkeep
|turn|80
|
|t:|1667493100
|switch|p1a: Toxapex|Toxapex, M|100/100
|switch|p2a: Tornadus|Tornadus-Therian, M|100/100
|
|upkeep
|turn|81
|
|t:|1667493101
|switch|p2a: Toxapex|Toxapex, F|100/100
|switch|p1a: Blissey|Blissey, F|88/100
|
|upkeep
|turn|82
|
|t:|1667493103
|switch|p1a: Toxapex|Toxapex, M|100/100
|switch|p2a: Tornadus|Tornadus-Therian, M|100/100
|
|upkeep
|turn|83
|
|t:|1667493104
|switch|p2a: Toxapex|Toxapex, F|100/100
|switch|p1a: Blissey|Blissey, F|88/100
|
|upkeep
|turn|84
|
|t:|1667493105
|switch|p1a: Toxapex|Toxapex, M|100/100
|switch|p2a: Tornadus|Tornadus-Therian, M|100/100
|
|upkeep
|turn|85
|
|t:|1667493105
|switch|p2a: Toxapex|Toxapex, F|100/100
|switch|p1a: Blissey|Blissey, F|88/100
|
|upkeep
|turn|86
|
|t:|1667493106
|switch|p1a: Toxapex|Toxapex, M|100/100
|switch|p2a: Tornadus|Tornadus-Therian, M|100/100
|
|upkeep
|turn|87
|
|t:|1667493107
|switch|p2a: Toxapex|Toxapex, F|100/100
|switch|p1a: Blissey|Blissey, F|88/100
|
|upkeep
|turn|88
|
|t:|1667493108
|switch|p1a: Toxapex|Toxapex, M|100/100
|switch|p2a: Tornadus|Tornadus-Therian, M|100/100
|
|upkeep
|turn|89
|
|t:|1667493108
|switch|p2a: Toxapex|Toxapex, F|100/100
|switch|p1a: Blissey|Blissey, F|88/100
|
|upkeep
|turn|90
|
|t:|1667493109
|switch|p1a: Toxapex|Toxapex, M|100/100
|switch|p2a: Tornadus|Tornadus-Therian, M|100/100
|
|upkeep
|turn|91
|
|t:|1667493110
|switch|p2a: Toxapex|Toxapex, F|100/100
|switch|p1a: Blissey|Blissey, F|88/100
|
|upkeep
|turn|92
|
|t:|1667493111
|switch|p1a: Toxapex|Toxapex, M|100/100
|switch|p2a: Tornadus|Tornadus-Therian, M|100/100
|
|upkeep
|turn|93
|
|t:|1667493112
|switch|p2a: Toxapex|Toxapex, F|100/100
|switch|p1a: Blissey|Blissey, F|88/100
|
|upkeep
|turn|94
|
|t:|1667493113
|switch|p1a: Toxapex|Toxapex, M|100/100
|switch|p2a: Tornadus|Tornadus-Therian, M|100/100
|
|upkeep
|turn|95
|
|t:|1667493114
|switch|p2a: Toxapex|Toxapex, F|100/100
|switch|p1a: Blissey|Blissey, F|88/100
|
|upkeep
|turn|96
|
|t:|1667493115
|switch|p1a: Toxapex|Toxapex, M|100/100
|switch|p2a: Tornadus|Tornadus-Therian, M|100/100
|
|upkeep
|turn|97
|
|t:|1667493116
|switch|p2a: Toxapex|Toxapex, F|100/100
|switch|p1a: Blissey|Blissey, F|88/100
|
|upkeep
|turn|98
|
|t:|1667493117
|switch|p1a: Toxapex|Toxapex, M|100/100
|switch|p2a: Tornadus|Tornadus-Therian, M|100/100
|
|upkeep
|turn|99
|
|t:|1667493118
|switch|p2a: Toxapex|Toxapex, F|100/100
|switch|p1a: Blissey|Blissey, F|88/100
|
|upkeep
|turn|100
Stellar Flares is offering a tie.
|c|☆Stellar Flares|gg
numberoneswiftie accepted the tie.
|
|tie
|raw|numberoneswiftie's rating: 1670 &rarr; <strong>1677</strong><br />(+7 for tying)
|raw|Stellar Flares's rating: 1797 &rarr; <strong>1790</strong><br />(-7 for tying)
|c|☆numberoneswiftie|gg
|l|☆numberoneswiftie
