|j|☆grasssoul
|j|☆Yy622100
|t:|1667644071
|gametype|singles
|player|p1|grasssoul|266|1553
|player|p2|Yy622100|101|1617
|teamsize|p1|6
|teamsize|p2|6
|gen|8
|tier|[Gen 8] OU
|rated|
|rule|Sleep Clause Mod: Limit one foe put to sleep
|rule|Species Clause: Limit one of each Pokémon
|rule|OHKO Clause: OHKO moves are banned
|rule|Evasion Items Clause: Evasion items are banned
|rule|Evasion Moves Clause: Evasion moves are banned
|rule|Endless Battle Clause: Forcing endless battles is banned
|rule|HP Percentage Mod: HP is shown in percentages
|rule|Dynamax Clause: You cannot dynamax
|clearpoke
|poke|p1|Heatran, F|
|poke|p1|Slowking-Galar, F|
|poke|p1|Tapu Lele|
|poke|p1|Landorus-Therian, M|
|poke|p1|Dragapult, M|
|poke|p1|Zapdos|
|poke|p2|Dragapult, M|
|poke|p2|Garchomp, M|
|poke|p2|Ninetales-Alola, M|
|poke|p2|Cloyster, M|
|poke|p2|Volcarona, F|
|poke|p2|Darmanitan, F|
|teampreview
|
|t:|1667644087
|start
|switch|p1a: Landorus|Landorus-Therian, M|100/100
|switch|p2a: Ninetales|Ninetales-Alola, M, shiny|100/100
|-weather|Hail|[from] ability: Snow Warning|[of] p2a: Ninetales
|-ability|p1a: Landorus|Intimidate|boost
|-unboost|p2a: Ninetales|atk|1
|turn|1
|
|t:|1667644103
|move|p2a: Ninetales|Freeze-Dry|p1a: Landorus
|-supereffective|p1a: Landorus
|-damage|p1a: Landorus|15/100
|move|p1a: Landorus|Earthquake|p2a: Ninetales
|-damage|p2a: Ninetales|39/100
|
|-weather|Hail|[upkeep]
|-damage|p1a: Landorus|9/100|[from] Hail
|-heal|p1a: Landorus|15/100|[from] item: Leftovers
|upkeep
|turn|2
|
|t:|1667644113
|switch|p1a: Slowking|Slowking-Galar, F|100/100
|move|p2a: Ninetales|Aurora Veil|p2a: Ninetales
|-sidestart|p2: Yy622100|move: Aurora Veil
|
|-weather|Hail|[upkeep]
|-damage|p1a: Slowking|94/100|[from] Hail
|upkeep
|turn|3
|
|t:|1667644127
|switch|p2a: Garchomp|Garchomp, M, shiny|100/100
|move|p1a: Slowking|Future Sight|p2a: Garchomp
|-start|p1a: Slowking|move: Future Sight
|
|-weather|Hail|[upkeep]
|-damage|p2a: Garchomp|94/100|[from] Hail
|-damage|p1a: Slowking|88/100|[from] Hail
|upkeep
|turn|4
|
|t:|1667644139
|switch|p1a: Zapdos|Zapdos|100/100
|move|p2a: Garchomp|Swords Dance|p2a: Garchomp
|-boost|p2a: Garchomp|atk|2
|
|-weather|Hail|[upkeep]
|-damage|p2a: Garchomp|88/100|[from] Hail
|-damage|p1a: Zapdos|94/100|[from] Hail
|upkeep
|turn|5
|
|t:|1667644155
|move|p2a: Garchomp|Scale Shot|p1a: Zapdos
|-crit|p1a: Zapdos
|-damage|p1a: Zapdos|55/100
|-damage|p1a: Zapdos|32/100
|-hitcount|p1a: Zapdos|2
|-unboost|p2a: Garchomp|def|1
|-boost|p2a: Garchomp|spe|1
|-damage|p2a: Garchomp|78/100|[from] item: Life Orb
|move|p1a: Zapdos|Defog|p2a: Garchomp
|-unboost|p2a: Garchomp|evasion|1
|-sideend|p2: Yy622100|move: Aurora Veil
|
|-weather|none
|-end|p2a: Garchomp|move: Future Sight
|-damage|p2a: Garchomp|24/100
|upkeep
|turn|6
|
|t:|1667644173
|move|p2a: Garchomp|Scale Shot|p1a: Zapdos
|-damage|p1a: Zapdos|7/100
|-crit|p1a: Zapdos
|-damage|p1a: Zapdos|0 fnt
|faint|p1a: Zapdos
|-hitcount|p1: Zapdos|2
|-unboost|p2a: Garchomp|def|1
|-boost|p2a: Garchomp|spe|1
|-damage|p2a: Garchomp|15/100|[from] item: Life Orb
|
|upkeep
|
|t:|1667644178
|switch|p1a: Dragapult|Dragapult, M|100/100
|turn|7
|
|t:|1667644183
|move|p1a: Dragapult|Sucker Punch|p2a: Garchomp
|-damage|p2a: Garchomp|0 fnt
|-damage|p1a: Dragapult|88/100|[from] ability: Rough Skin|[of] p2a: Garchomp
|faint|p2a: Garchomp
|
|upkeep
|
|t:|1667644195
|switch|p2a: Ninetales|Ninetales-Alola, M, shiny|39/100
|-weather|Hail|[from] ability: Snow Warning|[of] p2a: Ninetales
|turn|8
|
|t:|1667644201
|switch|p1a: Heatran|Heatran, F|100/100
|move|p2a: Ninetales|Aurora Veil|p2a: Ninetales
|-sidestart|p2: Yy622100|move: Aurora Veil
|
|-weather|Hail|[upkeep]
|-damage|p1a: Heatran|94/100|[from] Hail
|-heal|p1a: Heatran|100/100|[from] item: Leftovers
|upkeep
|turn|9
|
|t:|1667644212
|move|p2a: Ninetales|Hypnosis|p1a: Heatran|[miss]
|-miss|p2a: Ninetales|p1a: Heatran
|move|p1a: Heatran|Magma Storm|p2a: Ninetales
|-supereffective|p2a: Ninetales
|-damage|p2a: Ninetales|0 fnt
|faint|p2a: Ninetales
|
|-weather|Hail|[upkeep]
|-damage|p1a: Heatran|94/100|[from] Hail
|-heal|p1a: Heatran|100/100|[from] item: Leftovers
|upkeep
|
|t:|1667644222
|switch|p2a: Cloyster|Cloyster, M, shiny|100/100
|turn|10
|
|t:|1667644228
|move|p2a: Cloyster|Shell Smash|p2a: Cloyster
|-unboost|p2a: Cloyster|def|1
|-unboost|p2a: Cloyster|spd|1
|-boost|p2a: Cloyster|atk|2
|-boost|p2a: Cloyster|spa|2
|-boost|p2a: Cloyster|spe|2
|move|p1a: Heatran|Magma Storm|p2a: Cloyster
|-damage|p2a: Cloyster|14/100
|-activate|p2a: Cloyster|move: Magma Storm|[of] p1a: Heatran
|
|-weather|Hail|[upkeep]
|-damage|p1a: Heatran|94/100|[from] Hail
|-heal|p1a: Heatran|100/100|[from] item: Leftovers
|-damage|p2a: Cloyster|2/100|[from] move: Magma Storm|[partiallytrapped]
|upkeep
|turn|11
|
|t:|1667644236
|move|p1a: Heatran|Protect|p1a: Heatran
|-singleturn|p1a: Heatran|Protect
|move|p2a: Cloyster|Liquidation|p1a: Heatran
|-activate|p1a: Heatran|move: Protect
|
|-weather|Hail|[upkeep]
|-damage|p1a: Heatran|94/100|[from] Hail
|-heal|p1a: Heatran|100/100|[from] item: Leftovers
|-damage|p2a: Cloyster|0 fnt|[from] move: Magma Storm|[partiallytrapped]
|faint|p2a: Cloyster
|upkeep
|inactive|Battle timer is ON: inactive players will automatically lose when time's up. (requested by grasssoul)
|
|t:|1667644240
|switch|p2a: Dragapult|Dragapult, M, shiny|100/100
|turn|12
|
|t:|1667644261
|switch|p1a: Landorus|Landorus-Therian, M|15/100
|-ability|p1a: Landorus|Intimidate|boost
|-fail|p2a: Dragapult|unboost|[from] ability: Clear Body|[of] p2a: Dragapult
|move|p2a: Dragapult|Dragon Dance|p2a: Dragapult
|-boost|p2a: Dragapult|atk|1
|-boost|p2a: Dragapult|spe|1
|
|-weather|none
|-heal|p1a: Landorus|21/100|[from] item: Leftovers
|upkeep
|turn|13
|
|t:|1667644270
|move|p2a: Dragapult|Dragon Darts|p1a: Landorus
|-damage|p1a: Landorus|0 fnt
|faint|p1a: Landorus
|-damage|p2a: Dragapult|91/100|[from] item: Life Orb
|
|upkeep
|
|t:|1667644288
|switch|p1a: Slowking|Slowking-Galar, F|100/100
|turn|14
|
|t:|1667644296
|move|p2a: Dragapult|Phantom Force||[still]
|-prepare|p2a: Dragapult|Phantom Force
|move|p1a: Slowking|Ice Beam|p2a: Dragapult|[miss]
|-miss|p1a: Slowking|p2a: Dragapult
|
|upkeep
|turn|15
|
|t:|1667644300
|switch|p1a: Heatran|Heatran, F|100/100
|move|p2a: Dragapult|Phantom Force|p1a: Heatran|[from]lockedmove
|-damage|p1a: Heatran|25/100
|-damage|p2a: Dragapult|81/100|[from] item: Life Orb
|
|-heal|p1a: Heatran|31/100|[from] item: Leftovers
|-sideend|p2: Yy622100|move: Aurora Veil
|upkeep
|turn|16
|
|t:|1667644308
|switch|p1a: Slowking|Slowking-Galar, F|100/100
|move|p2a: Dragapult|Dragon Darts|p1a: Slowking
|-damage|p1a: Slowking|51/100
|-anim|p2a: Dragapult|Dragon Darts|p1a: Slowking
|-damage|p1a: Slowking|4/100
|-damage|p2a: Dragapult|71/100|[from] item: Life Orb
|
|upkeep
|turn|17
|
|t:|1667644320
|move|p2a: Dragapult|Phantom Force||[still]
|-prepare|p2a: Dragapult|Phantom Force
|move|p1a: Slowking|Ice Beam|p2a: Dragapult|[miss]
|-miss|p1a: Slowking|p2a: Dragapult
|
|upkeep
|turn|18
|
|t:|1667644323
|move|p2a: Dragapult|Phantom Force|p1a: Slowking|[from]lockedmove
|-supereffective|p1a: Slowking
|-crit|p1a: Slowking
|-damage|p1a: Slowking|0 fnt
|faint|p1a: Slowking
|-damage|p2a: Dragapult|61/100|[from] item: Life Orb
|
|upkeep
|
|t:|1667644343
|switch|p1a: Dragapult|Dragapult, M|88/100
|turn|19
|
|t:|1667644351
|move|p1a: Dragapult|Sucker Punch|p2a: Dragapult
|-supereffective|p2a: Dragapult
|-damage|p2a: Dragapult|0 fnt
|faint|p2a: Dragapult
|
|upkeep
|
|t:|1667644359
|switch|p2a: Volcarona|Volcarona, F|100/100
|turn|20
|
|t:|1667644371
|switch|p1a: Heatran|Heatran, F|31/100
|move|p2a: Volcarona|Quiver Dance|p2a: Volcarona
|-boost|p2a: Volcarona|spa|1
|-boost|p2a: Volcarona|spd|1
|-boost|p2a: Volcarona|spe|1
|
|-heal|p1a: Heatran|38/100|[from] item: Leftovers
|upkeep
|turn|21
|
|t:|1667644379
|move|p2a: Volcarona|Quiver Dance|p2a: Volcarona
|-boost|p2a: Volcarona|spa|1
|-boost|p2a: Volcarona|spd|1
|-boost|p2a: Volcarona|spe|1
|move|p1a: Heatran|Magma Storm|p2a: Volcarona|[miss]
|-miss|p1a: Heatran|p2a: Volcarona
|
|-heal|p1a: Heatran|44/100|[from] item: Leftovers
|upkeep
|turn|22
|
|t:|1667644384
|move|p2a: Volcarona|Bug Buzz|p1a: Heatran
|-resisted|p1a: Heatran
|-damage|p1a: Heatran|30/100
|move|p1a: Heatran|Magma Storm|p2a: Volcarona
|-damage|p2a: Volcarona|78/100
|-activate|p2a: Volcarona|move: Magma Storm|[of] p1a: Heatran
|
|-heal|p1a: Heatran|36/100|[from] item: Leftovers
|-damage|p2a: Volcarona|66/100|[from] move: Magma Storm|[partiallytrapped]
|upkeep
|turn|23
|
|t:|1667644389
|move|p2a: Volcarona|Bug Buzz|p1a: Heatran
|-resisted|p1a: Heatran
|-damage|p1a: Heatran|22/100
|move|p1a: Heatran|Toxic|p2a: Volcarona
|-status|p2a: Volcarona|tox
|
|-heal|p1a: Heatran|28/100|[from] item: Leftovers
|-damage|p2a: Volcarona|60/100 tox|[from] psn
|-damage|p2a: Volcarona|47/100 tox|[from] move: Magma Storm|[partiallytrapped]
|upkeep
|turn|24
|
|t:|1667644395
|move|p1a: Heatran|Protect|p1a: Heatran
|-singleturn|p1a: Heatran|Protect
|move|p2a: Volcarona|Bug Buzz|p1a: Heatran
|-activate|p1a: Heatran|move: Protect
|
|-heal|p1a: Heatran|34/100|[from] item: Leftovers
|-damage|p2a: Volcarona|35/100 tox|[from] psn
|-damage|p2a: Volcarona|23/100 tox|[from] move: Magma Storm|[partiallytrapped]
|upkeep
|turn|25
|
|t:|1667644399
|move|p2a: Volcarona|Roost|p2a: Volcarona
|-heal|p2a: Volcarona|73/100 tox
|-singleturn|p2a: Volcarona|move: Roost
|move|p1a: Heatran|Earth Power|p2a: Volcarona
|-crit|p2a: Volcarona
|-damage|p2a: Volcarona|31/100 tox
|
|-heal|p1a: Heatran|40/100|[from] item: Leftovers
|-damage|p2a: Volcarona|12/100 tox|[from] psn
|-damage|p2a: Volcarona|0 fnt|[from] move: Magma Storm|[partiallytrapped]
|faint|p2a: Volcarona
|upkeep
|
|t:|1667644403
|switch|p2a: Darmanitan|Darmanitan, F|100/100
|turn|26
|
|t:|1667644408
|move|p2a: Darmanitan|Rock Slide|p1a: Heatran
|-damage|p1a: Heatran|9/100
|move|p1a: Heatran|Earth Power|p2a: Darmanitan
|-supereffective|p2a: Darmanitan
|-damage|p2a: Darmanitan|20/100
|
|-heal|p1a: Heatran|15/100|[from] item: Leftovers
|upkeep
|turn|27
|
|t:|1667644413
|move|p2a: Darmanitan|Rock Slide|p1a: Heatran
|-damage|p1a: Heatran|0 fnt
|faint|p1a: Heatran
|
|upkeep
|-message|Yy622100 forfeited.
|
|win|grasssoul
|raw|grasssoul's rating: 1553 &rarr; <strong>1577</strong><br />(+24 for winning)
|raw|Yy622100's rating: 1617 &rarr; <strong>1593</strong><br />(-24 for losing)
|l|☆Yy622100
