|j|☆gt853
|j|☆Gurtrant
|t:|1628119563
|gametype|singles
|player|p1|gt853|az|1776
|player|p2|Gurtrant|238|1759
|teamsize|p1|6
|teamsize|p2|6
|gen|8
|tier|[Gen 8] OU
|rated|
|rule|Sleep Clause Mod: Limit one foe put to sleep
|rule|Species Clause: Limit one of each Pokémon
|rule|OHKO Clause: OHKO moves are banned
|rule|Evasion Moves Clause: Evasion moves are banned
|rule|Endless Battle Clause: Forcing endless battles is banned
|rule|HP Percentage Mod: HP is shown in percentages
|rule|Dynamax Clause: You cannot dynamax
|clearpoke
|poke|p1|Dragapult, F|
|poke|p1|Volcarona, F|
|poke|p1|Mew|
|poke|p1|Garchomp, F|
|poke|p1|Cloyster, M|
|poke|p1|Bisharp, M|
|poke|p2|Pelipper, M|
|poke|p2|Heliolisk, F|
|poke|p2|Seismitoad, F|
|poke|p2|Barraskewda, F|
|poke|p2|Ferrothorn, M|
|poke|p2|Zapdos|
|teampreview
|inactive|Battle timer is ON: inactive players will automatically lose when time's up. (requested by Gurtrant)
|j| theo_incognito
|inactive|gt853 has 120 seconds left.
|
|t:|1628119610
|start
|switch|p1a: Mew|Mew, shiny|100/100
|switch|p2a: Pelipper|Pelipper, M|100/100
|-weather|RainDance|[from] ability: Drizzle|[of] p2a: Pelipper
|turn|1
|
|t:|1628119613
|move|p1a: Mew|Stealth Rock|p2a: Pelipper
|-sidestart|p2: Gurtrant|move: Stealth Rock
|move|p2a: Pelipper|U-turn|p1a: Mew
|-supereffective|p1a: Mew
|-damage|p1a: Mew|87/100
|
|t:|1628119618
|switch|p2a: Heliolisk|Heliolisk, F, shiny|100/100|[from]move: U-turn
|-damage|p2a: Heliolisk|88/100|[from] Stealth Rock
|
|-weather|RainDance|[upkeep]
|-heal|p2a: Heliolisk|100/100|[from] ability: Dry Skin
|upkeep
|turn|2
|
|t:|1628119621
|move|p2a: Heliolisk|Thunder|p1a: Mew
|-damage|p1a: Mew|29/100
|-damage|p2a: Heliolisk|91/100|[from] item: Life Orb
|move|p1a: Mew|Spikes|p2a: Heliolisk
|-sidestart|p2: Gurtrant|Spikes
|
|-weather|RainDance|[upkeep]
|-heal|p2a: Heliolisk|100/100|[from] ability: Dry Skin
|upkeep
|turn|3
|j| ShyGirl7
|
|t:|1628119644
|move|p2a: Heliolisk|Surf|p1a: Mew
|-damage|p1a: Mew|0 fnt
|faint|p1a: Mew
|-damage|p2a: Heliolisk|91/100|[from] item: Life Orb
|
|-weather|RainDance|[upkeep]
|-heal|p2a: Heliolisk|100/100|[from] ability: Dry Skin
|upkeep
|inactive|gt853 has 120 seconds left.
|j| Tu_Cubanita_Toxica
|l| ShyGirl7
|j| duppyduppy
|
|t:|1628119687
|switch|p1a: Dragapult|Dragapult, F, shiny|100/100
|turn|4
|j| ShyGirl7
|
|t:|1628119695
|switch|p2a: Ferrothorn|Ferrothorn, M|100/100
|-damage|p2a: Ferrothorn|94/100|[from] Stealth Rock
|-damage|p2a: Ferrothorn|82/100|[from] Spikes
|move|p1a: Dragapult|U-turn|p2a: Ferrothorn
|-damage|p2a: Ferrothorn|69/100
|-damage|p1a: Dragapult|88/100|[from] ability: Iron Barbs|[of] p2a: Ferrothorn
|inactive|gt853 has 120 seconds left.
|
|t:|1628119709
|switch|p1a: Volcarona|Volcarona, F, shiny|100/100|[from]move: U-turn
|
|-weather|RainDance|[upkeep]
|-heal|p2a: Ferrothorn|75/100|[from] item: Leftovers
|upkeep
|turn|5
|
|t:|1628119717
|switch|p2a: Zapdos|Zapdos|100/100
|move|p1a: Volcarona|Flamethrower|p2a: Zapdos
|-crit|p2a: Zapdos
|-damage|p2a: Zapdos|59/100
|
|-weather|RainDance|[upkeep]
|upkeep
|turn|6
|
|t:|1628119721
|switch|p1a: Bisharp|Bisharp, M, shiny|100/100
|move|p2a: Zapdos|Defog|p1a: Bisharp
|-unboost|p1a: Bisharp|evasion|1
|-ability|p1a: Bisharp|Defiant
|-boost|p1a: Bisharp|atk|2
|-sideend|p2: Gurtrant|Spikes|[from] move: Defog|[of] p2a: Zapdos
|-sideend|p2: Gurtrant|Stealth Rock|[from] move: Defog|[of] p2a: Zapdos
|
|-weather|RainDance|[upkeep]
|upkeep
|turn|7
|
|t:|1628119729
|move|p1a: Bisharp|Sucker Punch|p2a: Zapdos
|-damage|p2a: Zapdos|0 fnt
|faint|p2a: Zapdos
|-damage|p1a: Bisharp|91/100|[from] item: Life Orb
|
|-weather|RainDance|[upkeep]
|upkeep
|
|t:|1628119736
|switch|p2a: Barraskewda|Barraskewda, F|100/100
|turn|8
|
|t:|1628119738
|move|p2a: Barraskewda|Aqua Jet|p1a: Bisharp
|-damage|p1a: Bisharp|33/100
|move|p1a: Bisharp|Sucker Punch||[still]
|-fail|p1a: Bisharp
|
|-weather|none
|upkeep
|turn|9
|
|t:|1628119743
|switch|p1a: Dragapult|Dragapult, F, shiny|88/100
|move|p2a: Barraskewda|Aqua Jet|p1a: Dragapult
|-resisted|p1a: Dragapult
|-damage|p1a: Dragapult|65/100
|
|upkeep
|turn|10
|
|t:|1628119748
|switch|p2a: Ferrothorn|Ferrothorn, M|75/100
|move|p1a: Dragapult|Shadow Ball|p2a: Ferrothorn
|-damage|p2a: Ferrothorn|44/100
|-unboost|p2a: Ferrothorn|spd|1
|
|-heal|p2a: Ferrothorn|50/100|[from] item: Leftovers
|upkeep
|turn|11
|j| lovers entwined♡
|j| sandyllama
|
|t:|1628119775
|switch|p2a: Heliolisk|Heliolisk, F, shiny|100/100
|move|p1a: Dragapult|Shadow Ball|p2a: Heliolisk
|-immune|p2a: Heliolisk
|
|upkeep
|turn|12
|
|t:|1628119785
|switch|p1a: Garchomp|Garchomp, F, shiny|100/100
|move|p2a: Heliolisk|Surf|p1a: Garchomp
|-damage|p1a: Garchomp|62/100
|-damage|p2a: Heliolisk|91/100|[from] item: Life Orb
|
|upkeep
|turn|13
|
|t:|1628119794
|switch|p2a: Pelipper|Pelipper, M|100/100
|-weather|RainDance|[from] ability: Drizzle|[of] p2a: Pelipper
|move|p1a: Garchomp|Scale Shot|p2a: Pelipper
|-damage|p2a: Pelipper|91/100
|-damage|p2a: Pelipper|81/100
|-damage|p2a: Pelipper|70/100
|-hitcount|p2a: Pelipper|3
|-unboost|p1a: Garchomp|def|1
|-boost|p1a: Garchomp|spe|1
|
|-weather|RainDance|[upkeep]
|upkeep
|turn|14
|
|t:|1628119809
|move|p1a: Garchomp|Rock Slide|p2a: Pelipper
|-supereffective|p2a: Pelipper
|-damage|p2a: Pelipper|31/100
|cant|p2a: Pelipper|flinch
|
|-weather|RainDance|[upkeep]
|upkeep
|turn|15
|
|t:|1628119823
|move|p1a: Garchomp|Rock Slide|p2a: Pelipper
|-supereffective|p2a: Pelipper
|-damage|p2a: Pelipper|0 fnt
|faint|p2a: Pelipper
|
|-weather|RainDance|[upkeep]
|upkeep
|
|t:|1628119825
|switch|p2a: Barraskewda|Barraskewda, F|100/100
|turn|16
|inactive|gt853 has 120 seconds left.
|inactive|gt853 has 90 seconds left.
|l| sandyllama
|
|t:|1628119899
|switch|p1a: Volcarona|Volcarona, F, shiny|100/100
|move|p2a: Barraskewda|Flip Turn|p1a: Volcarona
|-supereffective|p1a: Volcarona
|-damage|p1a: Volcarona|0 fnt
|faint|p1a: Volcarona
|
|t:|1628119903
|switch|p2a: Seismitoad|Seismitoad, F|100/100|[from]move: Flip Turn
|
|-weather|RainDance|[upkeep]
|upkeep
|j| dchanghanalaniorg
|inactive|gt853 has 60 seconds left.
|j| Disliked
|inactive|gt853 has 30 seconds left.
|
|t:|1628119972
|switch|p1a: Dragapult|Dragapult, F, shiny|65/100
|turn|17
|j| MythicFlame
|
|t:|1628119978
|switch|p1a: Garchomp|Garchomp, F, shiny|62/100
|move|p2a: Seismitoad|Earth Power|p1a: Garchomp
|-damage|p1a: Garchomp|11/100
|-damage|p2a: Seismitoad|91/100|[from] item: Life Orb
|
|-weather|RainDance|[upkeep]
|upkeep
|turn|18
|
|t:|1628119988
|move|p2a: Seismitoad|Earth Power|p1a: Garchomp
|-crit|p1a: Garchomp
|-damage|p1a: Garchomp|0 fnt
|faint|p1a: Garchomp
|-damage|p2a: Seismitoad|81/100|[from] item: Life Orb
|
|-weather|RainDance|[upkeep]
|upkeep
|l| dchanghanalaniorg
|inactive|gt853 has 30 seconds left.
|
|t:|1628120008
|switch|p1a: Bisharp|Bisharp, M, shiny|33/100
|turn|19
|j| her worth
|
|t:|1628120012
|move|p1a: Bisharp|Sucker Punch|p2a: Seismitoad
|-damage|p2a: Seismitoad|22/100
|-damage|p1a: Bisharp|23/100|[from] item: Life Orb
|move|p2a: Seismitoad|Earth Power|p1a: Bisharp
|-supereffective|p1a: Bisharp
|-damage|p1a: Bisharp|0 fnt
|faint|p1a: Bisharp
|-damage|p2a: Seismitoad|12/100|[from] item: Life Orb
|
|-weather|RainDance|[upkeep]
|upkeep
|
|t:|1628120020
|switch|p1a: Cloyster|Cloyster, M|100/100
|turn|20
|
|t:|1628120023
|move|p1a: Cloyster|Ice Shard|p2a: Seismitoad
|-damage|p2a: Seismitoad|0 fnt
|faint|p2a: Seismitoad
|
|-weather|none
|upkeep
|
|t:|1628120026
|switch|p2a: Heliolisk|Heliolisk, F, shiny|91/100
|turn|21
|
|t:|1628120029
|switch|p1a: Dragapult|Dragapult, F, shiny|65/100
|move|p2a: Heliolisk|Volt Switch|p1a: Dragapult
|-resisted|p1a: Dragapult
|-damage|p1a: Dragapult|34/100
|-damage|p2a: Heliolisk|81/100|[from] item: Life Orb
|
|t:|1628120035
|switch|p2a: Ferrothorn|Ferrothorn, M|50/100|[from]move: Volt Switch
|
|-heal|p2a: Ferrothorn|56/100|[from] item: Leftovers
|upkeep
|turn|22
|
|t:|1628120039
|move|p1a: Dragapult|Shadow Ball|p2a: Ferrothorn
|-damage|p2a: Ferrothorn|24/100
|move|p2a: Ferrothorn|Gyro Ball|p1a: Dragapult
|-damage|p1a: Dragapult|0 fnt
|faint|p1a: Dragapult
|
|-heal|p2a: Ferrothorn|30/100|[from] item: Leftovers
|upkeep
|
|t:|1628120043
|switch|p1a: Cloyster|Cloyster, M|100/100
|turn|23
|
|t:|1628120046
|move|p1a: Cloyster|Shell Smash|p1a: Cloyster
|-unboost|p1a: Cloyster|def|1
|-unboost|p1a: Cloyster|spd|1
|-boost|p1a: Cloyster|atk|2
|-boost|p1a: Cloyster|spa|2
|-boost|p1a: Cloyster|spe|2
|move|p2a: Ferrothorn|Gyro Ball|p1a: Cloyster
|-damage|p1a: Cloyster|35/100
|
|-heal|p2a: Ferrothorn|36/100|[from] item: Leftovers
|upkeep
|turn|24
|
|t:|1628120051
|move|p1a: Cloyster|Icicle Spear|p2a: Ferrothorn
|-damage|p2a: Ferrothorn|16/100
|-damage|p2a: Ferrothorn|0 fnt
|faint|p2a: Ferrothorn
|-hitcount|p2: Ferrothorn|2
|
|upkeep
|
|t:|1628120053
|switch|p2a: Barraskewda|Barraskewda, F|100/100
|turn|25
|
|t:|1628120055
|move|p2a: Barraskewda|Aqua Jet|p1a: Cloyster
|-resisted|p1a: Cloyster
|-damage|p1a: Cloyster|14/100
|move|p1a: Cloyster|Rock Blast|p2a: Barraskewda
|-damage|p2a: Barraskewda|70/100
|-damage|p2a: Barraskewda|43/100
|-damage|p2a: Barraskewda|12/100
|-damage|p2a: Barraskewda|0 fnt
|faint|p2a: Barraskewda
|-hitcount|p2: Barraskewda|4
|
|upkeep
|
|t:|1628120058
|switch|p2a: Heliolisk|Heliolisk, F, shiny|81/100
|turn|26
|-message|Gurtrant forfeited.
|
|win|gt853
|raw|gt853's rating: 1776 &rarr; <strong>1795</strong><br />(+19 for winning)
|raw|Gurtrant's rating: 1759 &rarr; <strong>1740</strong><br />(-19 for losing)
|c|☆gt853|gg
|l|☆Gurtrant
|j| Duragonite
|c|☆gt853|LETS GO
|l| Duragonite
|l| Tu_Cubanita_Toxica
||Ladder isn't responding, score probably updated but might not have (Request timeout).
|l| MythicFlame
|l| theo_incognito
