|j|☆Stellar Flares
|j|☆Vixeen
|inactive|Battle timer is ON: inactive players will automatically lose when time's up.
|t:|1615056721
|player|p1|Stellar Flares|1|
|player|p2|Vixeen|lady-gen3rs|
|teamsize|p1|6
|teamsize|p2|6
|gametype|singles
|gen|8
|tier|[Gen 8] OU
|rated|Tournament battle
|clearpoke
|poke|p1|Melmetal|
|poke|p1|Cresselia, F|
|poke|p1|Marowak-Alola, F|
|poke|p1|Stakataka|
|poke|p1|Porygon2|
|poke|p1|Glastrier|
|poke|p2|Raikou|
|poke|p2|Tapu Koko|
|poke|p2|Urshifu-*, F|
|poke|p2|Chansey, F|
|poke|p2|Landorus-Therian, M|
|poke|p2|Kartana|
|rule|Sleep Clause Mod: Limit one foe put to sleep
|rule|Species Clause: Limit one of each Pokémon
|rule|OHKO Clause: OHKO moves are banned
|rule|Evasion Moves Clause: Evasion moves are banned
|rule|Endless Battle Clause: Forcing endless battles is banned
|rule|HP Percentage Mod: HP is shown in percentages
|rule|Dynamax Clause: You cannot dynamax
|teampreview
|j|@Skypenguin
|j| only chilling
|j| trollllordddd
|l| only chilling
|inactive|Stellar Flares has 120 seconds left.
|
|t:|1615056771
|start
|switch|p1a: Porygon2|Porygon2|100/100
|switch|p2a: Urshifu|Urshifu-Rapid-Strike, F|100/100
|-ability|p1a: Porygon2|Unseen Fist|[from] ability: Trace|[of] p2a: Urshifu
|turn|1
|inactive|Stellar Flares has 120 seconds left.
|
|t:|1615056816
|switch|p1a: Marowak|Marowak-Alola, F|100/100
|move|p2a: Urshifu|U-turn|p1a: Marowak
|-resisted|p1a: Marowak
|-damage|p1a: Marowak|94/100
|
|t:|1615056822
|switch|p2a: Landorus|Landorus-Therian, M|100/100|[from]move: U-turn
|-ability|p2a: Landorus|Intimidate|boost
|-unboost|p1a: Marowak|atk|1
|
|upkeep
|turn|2
|inactive|Stellar Flares has 120 seconds left.
|
|t:|1615056831
|switch|p1a: Porygon2|Porygon2|100/100
|-ability|p1a: Porygon2|Intimidate|[from] ability: Trace|[of] p2a: Landorus
|-ability|p1a: Porygon2|Intimidate|boost
|-unboost|p2a: Landorus|atk|1
|move|p2a: Landorus|Stealth Rock|p1a: Porygon2
|-sidestart|p1: Stellar Flares|move: Stealth Rock
|
|upkeep
|turn|3
|j| Sebilin1125
|
|t:|1615056836
|move|p2a: Landorus|U-turn|p1a: Porygon2
|-crit|p1a: Porygon2
|-damage|p1a: Porygon2|82/100
|
|t:|1615056839
|switch|p2a: Kartana|Kartana, shiny|100/100|[from]move: U-turn
|move|p1a: Porygon2|Trick Room|p1a: Porygon2
|-fieldstart|move: Trick Room|[of] p1a: Porygon2
|
|upkeep
|turn|4
|
|t:|1615056845
|move|p2a: Kartana|Knock Off|p1a: Porygon2
|-damage|p1a: Porygon2|57/100
|-enditem|p1a: Porygon2|Eviolite|[from] move: Knock Off|[of] p2a: Kartana
|move|p1a: Porygon2|Teleport|p1a: Porygon2
|
|t:|1615056852
|switch|p1a: Marowak|Marowak-Alola, F|94/100|[from]move: Teleport
|-damage|p1a: Marowak|70/100|[from] Stealth Rock
|
|upkeep
|turn|5
|
|t:|1615056857
|switch|p2a: Chansey|Chansey, F, shiny|100/100
|move|p1a: Marowak|Flare Blitz|p2a: Chansey
|-damage|p2a: Chansey|36/100
|
|upkeep
|turn|6
|j| UnzipsCrogre
|
|t:|1615056866
|move|p1a: Marowak|Substitute|p1a: Marowak
|-start|p1a: Marowak|Substitute
|-damage|p1a: Marowak|45/100
|move|p2a: Chansey|Soft-Boiled|p2a: Chansey
|-heal|p2a: Chansey|86/100
|
|upkeep
|turn|7
|
|t:|1615056872
|switch|p2a: Urshifu|Urshifu-Rapid-Strike, F|100/100
|move|p1a: Marowak|Flare Blitz|p2a: Urshifu
|-resisted|p2a: Urshifu
|-damage|p2a: Urshifu|49/100
|
|-fieldend|move: Trick Room
|upkeep
|turn|8
|inactive|Stellar Flares has 120 seconds left.
|
|t:|1615056903
|switch|p1a: Glastrier|Glastrier|100/100
|move|p2a: Urshifu|Surging Strikes|p1a: Glastrier
|-crit|p1a: Glastrier
|-damage|p1a: Glastrier|87/100
|-crit|p1a: Glastrier
|-damage|p1a: Glastrier|73/100
|-crit|p1a: Glastrier
|-damage|p1a: Glastrier|58/100
|-hitcount|p1a: Glastrier|3
|
|upkeep
|turn|9
|j| jackgras
|
|t:|1615056913
|move|p2a: Urshifu|Close Combat|p1a: Glastrier
|-supereffective|p1a: Glastrier
|-damage|p1a: Glastrier|0 fnt
|-unboost|p2a: Urshifu|def|1
|-unboost|p2a: Urshifu|spd|1
|faint|p1a: Glastrier
|
|upkeep
|inactive|Stellar Flares has 120 seconds left.
|
|t:|1615056926
|switch|p1a: Melmetal|Melmetal|100/100
|-damage|p1a: Melmetal|94/100|[from] Stealth Rock
|turn|10
|
|t:|1615056930
|move|p2a: Urshifu|U-turn|p1a: Melmetal
|-resisted|p1a: Melmetal
|-damage|p1a: Melmetal|88/100
|
|t:|1615056937
|switch|p2a: Chansey|Chansey, F, shiny|86/100|[from]move: U-turn
|move|p1a: Melmetal|Double Iron Bash|p2a: Chansey
|-damage|p2a: Chansey|40/100
|-damage|p2a: Chansey|0 fnt
|-hitcount|p2a: Chansey|2
|faint|p2a: Chansey
|
|upkeep
|l| trollllordddd
|
|t:|1615056945
|switch|p2a: Landorus|Landorus-Therian, M|100/100
|-ability|p2a: Landorus|Intimidate|boost
|-unboost|p1a: Melmetal|atk|1
|turn|11
|
|t:|1615056953
|move|p2a: Landorus|U-turn|p1a: Melmetal
|-resisted|p1a: Melmetal
|-damage|p1a: Melmetal|82/100
|
|t:|1615056956
|switch|p2a: Kartana|Kartana, shiny|100/100|[from]move: U-turn
|move|p1a: Melmetal|Double Iron Bash|p2a: Kartana
|-resisted|p2a: Kartana
|-damage|p2a: Kartana|78/100
|-resisted|p2a: Kartana
|-damage|p2a: Kartana|56/100
|-hitcount|p2a: Kartana|2
|
|upkeep
|turn|12
|
|t:|1615056968
|switch|p1a: Marowak|Marowak-Alola, F|45/100
|-damage|p1a: Marowak|20/100|[from] Stealth Rock
|move|p2a: Kartana|Knock Off|p1a: Marowak
|-supereffective|p1a: Marowak
|-damage|p1a: Marowak|0 fnt
|-enditem|p1a: Marowak|Thick Club|[from] move: Knock Off|[of] p2a: Kartana
|faint|p1a: Marowak
|-ability|p2a: Kartana|Beast Boost|boost
|-boost|p2a: Kartana|atk|1
|
|upkeep
|inactive|Stellar Flares has 120 seconds left.
|j| assddff
|inactive|Stellar Flares has 90 seconds left.
|
|t:|1615057035
|switch|p1a: Stakataka|Stakataka|100/100
|-damage|p1a: Stakataka|94/100|[from] Stealth Rock
|turn|13
|
|t:|1615057042
|move|p2a: Kartana|Knock Off|p1a: Stakataka
|-damage|p1a: Stakataka|55/100
|-enditem|p1a: Stakataka|Life Orb|[from] move: Knock Off|[of] p2a: Kartana
|move|p1a: Stakataka|Trick Room|p1a: Stakataka
|-fieldstart|move: Trick Room|[of] p1a: Stakataka
|
|upkeep
|turn|14
|inactive|Stellar Flares has 90 seconds left.
|
|t:|1615057056
|switch|p2a: Landorus|Landorus-Therian, M|100/100
|-ability|p2a: Landorus|Intimidate|boost
|-unboost|p1a: Stakataka|atk|1
|move|p1a: Stakataka|Gyro Ball|p2a: Landorus
|-damage|p2a: Landorus|52/100
|-damage|p1a: Stakataka|39/100|[from] item: Rocky Helmet|[of] p2a: Landorus
|
|upkeep
|turn|15
|inactive|Stellar Flares has 90 seconds left.
|inactive|Stellar Flares has 60 seconds left.
|inactive|Stellar Flares has 30 seconds left.
|inactive|Stellar Flares has 20 seconds left.
|inactive|Stellar Flares has 15 seconds left.
|inactive|Stellar Flares has 10 seconds left.
|
|t:|1615057151
|move|p1a: Stakataka|Gyro Ball|p2a: Landorus
|-damage|p2a: Landorus|7/100
|-damage|p1a: Stakataka|22/100|[from] item: Rocky Helmet|[of] p2a: Landorus
|move|p2a: Landorus|U-turn|p1a: Stakataka
|-resisted|p1a: Stakataka
|-damage|p1a: Stakataka|15/100
|inactive|Stellar Flares has 15 seconds left this turn.
|
|t:|1615057158
|switch|p2a: Urshifu|Urshifu-Rapid-Strike, F|49/100|[from]move: U-turn
|
|upkeep
|turn|16
|inactive|Stellar Flares has 25 seconds left this turn.
|inactive|Stellar Flares has 20 seconds left.
|
|t:|1615057166
|switch|p1a: Melmetal|Melmetal|82/100
|-damage|p1a: Melmetal|76/100|[from] Stealth Rock
|move|p2a: Urshifu|Aqua Jet|p1a: Melmetal
|-damage|p1a: Melmetal|65/100
|
|upkeep
|turn|17
|inactive|Stellar Flares has 30 seconds left this turn.
|inactive|Stellar Flares has 20 seconds left.
|inactive|Stellar Flares has 15 seconds left.
|inactive|Stellar Flares has 10 seconds left.
|inactive|Stellar Flares has 5 seconds left.
|
|t:|1615057196
|switch|p1a: Cresselia|Cresselia, F|100/100
|-damage|p1a: Cresselia|88/100|[from] Stealth Rock
|switch|p2a: Tapu Koko|Tapu Koko, shiny|100/100
|-fieldstart|move: Electric Terrain|[from] ability: Electric Surge|[of] p2a: Tapu Koko
|
|-fieldend|move: Trick Room
|upkeep
|turn|18
|inactive|Stellar Flares has 15 seconds left this turn.
|
|t:|1615057203
|move|p2a: Tapu Koko|U-turn|p1a: Cresselia
|-supereffective|p1a: Cresselia
|-damage|p1a: Cresselia|71/100
|inactive|Stellar Flares has 20 seconds left this turn.
|
|t:|1615057205
|switch|p2a: Raikou|Raikou, shiny|100/100|[from]move: U-turn
|move|p1a: Cresselia|Trick Room|p1a: Cresselia
|-fieldstart|move: Trick Room|[of] p1a: Cresselia
|
|upkeep
|turn|19
|inactive|Stellar Flares has 30 seconds left this turn.
|inactive|Stellar Flares has 20 seconds left.
|
|t:|1615057216
|switch|p1a: Stakataka|Stakataka|15/100
|-damage|p1a: Stakataka|9/100|[from] Stealth Rock
|move|p2a: Raikou|Rising Voltage|p1a: Stakataka
|-damage|p1a: Stakataka|0 fnt
|faint|p1a: Stakataka
|
|upkeep
|inactive|Stellar Flares has 25 seconds left this turn.
|
|t:|1615057217
|switch|p1a: Melmetal|Melmetal|65/100
|-damage|p1a: Melmetal|59/100|[from] Stealth Rock
|turn|20
|j| VoolPool
|inactive|Stellar Flares has 30 seconds left.
|inactive|Stellar Flares has 20 seconds left.
|l| VoolPool
|inactive|Stellar Flares has 15 seconds left.
|inactive|Stellar Flares has 10 seconds left.
|
|t:|1615057244
|switch|p2a: Landorus|Landorus-Therian, M|7/100
|-ability|p2a: Landorus|Intimidate|boost
|-unboost|p1a: Melmetal|atk|1
|move|p1a: Melmetal|Double Iron Bash|p2a: Landorus
|-damage|p2a: Landorus|0 fnt
|-damage|p1a: Melmetal|42/100|[from] item: Rocky Helmet|[of] p2a: Landorus
|-hitcount|p2a: Landorus|1
|faint|p2a: Landorus
|
|upkeep
|inactive|Stellar Flares has 15 seconds left this turn.
|
|t:|1615057258
|switch|p2a: Kartana|Kartana, shiny|56/100
|turn|21
|inactive|Stellar Flares has 25 seconds left this turn.
|inactive|Stellar Flares has 20 seconds left.
|inactive|Stellar Flares has 15 seconds left.
|
|t:|1615057271
|move|p1a: Melmetal|Double Iron Bash|p2a: Kartana
|-resisted|p2a: Kartana
|-damage|p2a: Kartana|35/100
|-resisted|p2a: Kartana
|-damage|p2a: Kartana|11/100
|-hitcount|p2a: Kartana|2
|cant|p2a: Kartana|flinch
|
|upkeep
|turn|22
|inactive|Stellar Flares has 25 seconds left this turn.
|inactive|Stellar Flares has 20 seconds left.
|
|t:|1615057280
|move|p1a: Melmetal|Double Iron Bash|p2a: Kartana
|-resisted|p2a: Kartana
|-damage|p2a: Kartana|0 fnt
|-hitcount|p2a: Kartana|1
|faint|p2a: Kartana
|
|-fieldend|move: Trick Room
|upkeep
|inactive|Stellar Flares has 25 seconds left this turn.
|
|t:|1615057284
|switch|p2a: Raikou|Raikou, shiny|100/100
|turn|23
|
|t:|1615057287
|switch|p1a: Porygon2|Porygon2|57/100
|-damage|p1a: Porygon2|44/100|[from] Stealth Rock
|-ability|p1a: Porygon2|Inner Focus|[from] ability: Trace|[of] p2a: Raikou
|move|p2a: Raikou|Rising Voltage|p1a: Porygon2
|-damage|p1a: Porygon2|0 fnt
|faint|p1a: Porygon2
|
|upkeep
|
|t:|1615057289
|switch|p1a: Cresselia|Cresselia, F|71/100
|-damage|p1a: Cresselia|59/100|[from] Stealth Rock
|turn|24
|
|t:|1615057292
|move|p2a: Raikou|Rising Voltage|p1a: Cresselia
|-damage|p1a: Cresselia|21/100
|move|p1a: Cresselia|Trick Room|p1a: Cresselia
|-fieldstart|move: Trick Room|[of] p1a: Cresselia
|
|-fieldend|move: Electric Terrain
|upkeep
|turn|25
|
|t:|1615057300
|move|p1a: Cresselia|Lunar Dance|p1a: Cresselia
|faint|p1a: Cresselia
|move|p2a: Raikou|Rising Voltage|p1: Cresselia|[notarget]
|-fail|p2a: Raikou
|
|upkeep
|
|t:|1615057302
|switch|p1a: Melmetal|Melmetal|42/100
|-heal|p1a: Melmetal|100/100|[from] move: Lunar Dance
|-damage|p1a: Melmetal|94/100|[from] Stealth Rock
|turn|26
|inactive|Stellar Flares has 60 seconds left.
|
|t:|1615057321
|switch|p2a: Tapu Koko|Tapu Koko, shiny|100/100
|-fieldstart|move: Electric Terrain|[from] ability: Electric Surge|[of] p2a: Tapu Koko
|move|p1a: Melmetal|Earthquake|p2a: Tapu Koko
|-supereffective|p2a: Tapu Koko
|-damage|p2a: Tapu Koko|0 fnt
|faint|p2a: Tapu Koko
|
|upkeep
|c|☆Stellar Flares|252+ Atk Choice Band Melmetal Earthquake vs. 0 HP / 4 Def Urshifu-Rapid-Strike: 192-226 (56.3 - 66.2%) -- guaranteed 2HKO
|inactive|Vixeen has 120 seconds left.
|
|t:|1615057357
|switch|p2a: Raikou|Raikou, shiny|100/100
|turn|27
|
|t:|1615057362
|move|p1a: Melmetal|Earthquake|p2a: Raikou
|-supereffective|p2a: Raikou
|-damage|p2a: Raikou|0 fnt
|faint|p2a: Raikou
|
|upkeep
|
|t:|1615057365
|switch|p2a: Urshifu|Urshifu-Rapid-Strike, F|49/100
|turn|28
|
|t:|1615057367
|move|p1a: Melmetal|Earthquake|p2a: Urshifu
|-damage|p2a: Urshifu|0 fnt
|faint|p2a: Urshifu
|
|win|Stellar Flares
|n|☆Stellar Flares|stellarflares
|n|☆Vixeen|vixeen
|n| Skypenguin|skypenguin
|n| Sebilin1125|sebilin1125
|n| UnzipsCrogre|unzipscrogre
|n| jackgras|jackgras
|n| assddff|assddff
|l|☆Vixeen
