|j|☆The Last Hero
|j|☆0oof
|player|p1|The Last Hero|acetrainersnow|1791
|player|p2|0oof|ingo|1833
|teamsize|p1|6
|teamsize|p2|6
|gametype|singles
|gen|8
|tier|[Gen 8] OU
|rated|
|clearpoke
|poke|p1|Reuniclus, M|
|poke|p1|Clefable, M|
|poke|p1|Ditto|
|poke|p1|Mandibuzz, F|
|poke|p1|Toxapex, M|
|poke|p1|Excadrill, M|
|poke|p2|Accelgor, F|
|poke|p2|Urshifu, F|
|poke|p2|Volcarona, F|
|poke|p2|Porygon-Z|
|poke|p2|Azumarill, M|
|poke|p2|Druddigon, M|
|rule|Sleep Clause Mod: Limit one foe put to sleep
|rule|Species Clause: Limit one of each Pokémon
|rule|OHKO Clause: OHKO moves are banned
|rule|Evasion Moves Clause: Evasion moves are banned
|rule|Endless Battle Clause: Forcing endless battles is banned
|rule|HP Percentage Mod: HP is shown in percentages
|rule|Dynamax Clause: You cannot dynamax
|teampreview
|j| Chans3y
|j| Bulletproof Tesla
|
|start
|switch|p1a: Trollxapex|Toxapex, M|100/100
|switch|p2a: Accelgor|Accelgor, F|100/100
|turn|1
|
|move|p2a: Accelgor|Final Gambit|p1a: Trollxapex
|-damage|p1a: Trollxapex|0 fnt
|faint|p2a: Accelgor
|faint|p1a: Trollxapex
|
|upkeep
|j| koookie
|
|switch|p2a: Druddigon|Druddigon, M|100/100
|switch|p1a: Sexcadrill|Excadrill, M|100/100
|-ability|p1a: Sexcadrill|Mold Breaker
|-ability|p2a: Druddigon|Mold Breaker
|turn|2
|
|move|p1a: Sexcadrill|Stealth Rock|p2a: Druddigon
|-sidestart|p2: 0oof|move: Stealth Rock
|move|p2a: Druddigon|Earthquake|p1a: Sexcadrill
|-supereffective|p1a: Sexcadrill
|-damage|p1a: Sexcadrill|11/100
|
|-heal|p1a: Sexcadrill|17/100|[from] item: Leftovers
|upkeep
|turn|3
|
|move|p2a: Druddigon|Sucker Punch|p1a: Sexcadrill
|-damage|p1a: Sexcadrill|0 fnt
|faint|p1a: Sexcadrill
|
|upkeep
|
|switch|p1a: Regina|Mandibuzz, F|100/100
|turn|4
|
|move|p1a: Regina|Toxic|p2a: Druddigon
|-status|p2a: Druddigon|tox
|move|p2a: Druddigon|Stealth Rock|p1a: Regina
|-sidestart|p1: The Last Hero|move: Stealth Rock
|
|-damage|p2a: Druddigon|94/100 tox|[from] psn
|upkeep
|turn|5
|j| Su1c1da↳
|
|switch|p2a: Porygon-Z|Porygon-Z|100/100
|-damage|p2a: Porygon-Z|88/100|[from] Stealth Rock
|move|p1a: Regina|Foul Play|p2a: Porygon-Z
|-damage|p2a: Porygon-Z|57/100
|
|upkeep
|turn|6
|c| Su1c1da↳|last hero pls win
|
|switch|p1a: Fabiole|Clefable, M|100/100
|move|p2a: Porygon-Z|Trick|p1a: Fabiole
|-activate|p2a: Porygon-Z|move: Trick|[of] p1a: Fabiole
|-item|p1a: Fabiole|Choice Scarf|[from] move: Trick
|-item|p2a: Porygon-Z|Life Orb|[from] move: Trick
|
|upkeep
|turn|7
|
|move|p2a: Porygon-Z|Tri Attack|p1a: Fabiole
|-damage|p1a: Fabiole|25/100
|-damage|p2a: Porygon-Z|47/100|[from] item: Life Orb
|move|p1a: Fabiole|Moonblast|p2a: Porygon-Z
|-damage|p2a: Porygon-Z|7/100
|-unboost|p2a: Porygon-Z|spa|1
|
|upkeep
|turn|8
|
|switch|p1a: Psicopata|Reuniclus, M|100/100
|move|p2a: Porygon-Z|Tri Attack|p1a: Psicopata
|-damage|p1a: Psicopata|58/100
|-damage|p2a: Porygon-Z|0 fnt|[from] item: Life Orb
|faint|p2a: Porygon-Z
|
|-heal|p1a: Psicopata|64/100|[from] item: Leftovers
|upkeep
|
|switch|p2a: Urshifu|Urshifu, F|100/100
|-damage|p2a: Urshifu|94/100|[from] Stealth Rock
|turn|9
|
|switch|p1a: Fabiole|Clefable, M|25/100
|move|p2a: Urshifu|Wicked Blow|p1a: Fabiole
|-resisted|p1a: Fabiole
|-crit|p1a: Fabiole
|-damage|p1a: Fabiole|0 fnt
|faint|p1a: Fabiole
|
|upkeep
|
|switch|p1a: Regina|Mandibuzz, F|100/100
|turn|10
|
|move|p2a: Urshifu|Bulk Up|p2a: Urshifu
|-boost|p2a: Urshifu|atk|1
|-boost|p2a: Urshifu|def|1
|move|p1a: Regina|Toxic|p2a: Urshifu
|-status|p2a: Urshifu|tox
|
|-damage|p2a: Urshifu|88/100 tox|[from] psn
|upkeep
|turn|11
|l| Chans3y
|
|switch|p1a: Psicopata|Reuniclus, M|64/100
|move|p2a: Urshifu|Close Combat|p1a: Psicopata
|-resisted|p1a: Psicopata
|-damage|p1a: Psicopata|29/100
|-unboost|p2a: Urshifu|def|1
|-unboost|p2a: Urshifu|spd|1
|
|-heal|p1a: Psicopata|35/100|[from] item: Leftovers
|-damage|p2a: Urshifu|76/100 tox|[from] psn
|upkeep
|turn|12
|
|move|p2a: Urshifu|Close Combat|p1a: Psicopata
|-resisted|p1a: Psicopata
|-damage|p1a: Psicopata|0 fnt
|-unboost|p2a: Urshifu|def|1
|-unboost|p2a: Urshifu|spd|1
|faint|p1a: Psicopata
|
|-damage|p2a: Urshifu|58/100 tox|[from] psn
|upkeep
|
|switch|p1a: Dittroll|Ditto|100/100
|-damage|p1a: Dittroll|88/100|[from] Stealth Rock
|-transform|p1a: Dittroll|p2a: Urshifu|[from] ability: Imposter
|turn|13
|
|switch|p2a: Druddigon|Druddigon, M|94/100 tox
|-damage|p2a: Druddigon|82/100 tox|[from] Stealth Rock
|-ability|p2a: Druddigon|Mold Breaker
|move|p1a: Dittroll|Close Combat|p2a: Druddigon
|-damage|p2a: Druddigon|0 fnt
|-unboost|p1a: Dittroll|def|1
|-unboost|p1a: Dittroll|spd|1
|faint|p2a: Druddigon
|
|upkeep
|
|switch|p2a: Volcarona|Volcarona, F|100/100
|turn|14
|
|switch|p1a: Regina|Mandibuzz, F|100/100
|move|p2a: Volcarona|Bug Buzz|p1a: Regina
|-damage|p1a: Regina|66/100
|
|upkeep
|turn|15
|
|switch|p2a: Urshifu|Urshifu, F|58/100 tox
|-damage|p2a: Urshifu|52/100 tox|[from] Stealth Rock
|move|p1a: Regina|Roost|p1a: Regina
|-heal|p1a: Regina|100/100
|-singleturn|p1a: Regina|move: Roost
|
|-damage|p2a: Urshifu|46/100 tox|[from] psn
|upkeep
|turn|16
|
|move|p2a: Urshifu|Bulk Up|p2a: Urshifu
|-boost|p2a: Urshifu|atk|1
|-boost|p2a: Urshifu|def|1
|move|p1a: Regina|Foul Play|p2a: Urshifu
|-resisted|p2a: Urshifu
|-damage|p2a: Urshifu|34/100 tox
|
|-damage|p2a: Urshifu|22/100 tox|[from] psn
|upkeep
|turn|17
|
|move|p2a: Urshifu|Close Combat|p1a: Regina
|-damage|p1a: Regina|19/100
|-unboost|p2a: Urshifu|def|1
|-unboost|p2a: Urshifu|spd|1
|move|p1a: Regina|Roost|p1a: Regina
|-heal|p1a: Regina|70/100
|-singleturn|p1a: Regina|move: Roost
|
|-damage|p2a: Urshifu|4/100 tox|[from] psn
|upkeep
|turn|18
|
|move|p2a: Urshifu|Close Combat|p1a: Regina
|-damage|p1a: Regina|0 fnt
|-unboost|p2a: Urshifu|def|1
|-unboost|p2a: Urshifu|spd|1
|faint|p1a: Regina
|
|-damage|p2a: Urshifu|0 fnt|[from] psn
|faint|p2a: Urshifu
|upkeep
|
|switch|p2a: Volcarona|Volcarona, F|100/100
|switch|p1a: Dittroll|Ditto|88/100
|-damage|p1a: Dittroll|76/100|[from] Stealth Rock
|-transform|p1a: Dittroll|p2a: Volcarona|[from] ability: Imposter
|turn|19
|
|move|p1a: Dittroll|Fiery Dance|p2a: Volcarona
|-damage|p2a: Volcarona|48/100
|-boost|p1a: Dittroll|spa|1
|move|p2a: Volcarona|Fiery Dance|p1a: Dittroll
|-damage|p1a: Dittroll|27/100
|-boost|p2a: Volcarona|spa|1
|
|upkeep
|turn|20
|
|move|p1a: Dittroll|Fiery Dance|p2a: Volcarona
|-damage|p2a: Volcarona|0 fnt
|-boost|p1a: Dittroll|spa|1
|faint|p2a: Volcarona
|
|upkeep
|l| koookie
|
|switch|p2a: Azumarill|Azumarill, M|100/100
|-damage|p2a: Azumarill|88/100|[from] Stealth Rock
|turn|21
|
|move|p2a: Azumarill|Aqua Jet|p1a: Dittroll
|-supereffective|p1a: Dittroll
|-damage|p1a: Dittroll|0 fnt
|-status|p2a: Azumarill|brn|[from] ability: Flame Body|[of] p1a: Dittroll
|faint|p1a: Dittroll
|
|win|0oof
|l|☆The Last Hero
