|j|☆Yuipi
|j|☆Suricata2000
|t:|1660811924
|gametype|singles
|player|p1|Yuipi|preschooler|1534
|player|p2|Suricata2000|cynthia|1610
|teamsize|p1|6
|teamsize|p2|6
|gen|8
|tier|[Gen 8] OU
|rated|
|rule|Sleep Clause Mod: Limit one foe put to sleep
|rule|Species Clause: Limit one of each Pokémon
|rule|OHKO Clause: OHKO moves are banned
|rule|Evasion Items Clause: Evasion items are banned
|rule|Evasion Moves Clause: Evasion moves are banned
|rule|Endless Battle Clause: Forcing endless battles is banned
|rule|HP Percentage Mod: HP is shown in percentages
|rule|Dynamax Clause: You cannot dynamax
|clearpoke
|poke|p1|Porygon2|
|poke|p1|Dragapult, M|
|poke|p1|Urshifu-*, M|
|poke|p1|Bisharp, F|
|poke|p1|Landorus-Therian, M|
|poke|p1|Ferrothorn, M|
|poke|p2|Clefable, M|
|poke|p2|Tornadus-Therian, M|
|poke|p2|Nidoking, M|
|poke|p2|Slowking, F|
|poke|p2|Urshifu-*, M|
|poke|p2|Ferrothorn, F|
|teampreview
|inactive|Battle timer is ON: inactive players will automatically lose when time's up. (requested by Yuipi)
|c|☆Yuipi|hf hf
|inactive|Yuipi has 120 seconds left.
|c|☆Suricata2000|你说什么
|inactive|Yuipi has 90 seconds left.
|
|t:|1660812016
|start
|switch|p1a: sturdyboi|Ferrothorn, M|100/100
|switch|p2a: Tornadus|Tornadus-Therian, M, shiny|100/100
|turn|1
|
|t:|1660812035
|move|p2a: Tornadus|Knock Off|p1a: sturdyboi
|-damage|p1a: sturdyboi|87/100
|-damage|p2a: Tornadus|88/100|[from] ability: Iron Barbs|[of] p1a: sturdyboi
|-enditem|p1a: sturdyboi|Leftovers|[from] move: Knock Off|[of] p2a: Tornadus
|move|p1a: sturdyboi|Thunder Wave|p2a: Tornadus
|-status|p2a: Tornadus|par
|
|upkeep
|turn|2
|
|t:|1660812045
|move|p2a: Tornadus|U-turn|p1a: sturdyboi
|-damage|p1a: sturdyboi|78/100
|-damage|p2a: Tornadus|76/100 par|[from] ability: Iron Barbs|[of] p1a: sturdyboi
|
|t:|1660812049
|switch|p2a: Nidoking|Nidoking, M|100/100|[from]move: U-turn
|move|p1a: sturdyboi|Stealth Rock|p2a: Nidoking
|-sidestart|p2: Suricata2000|move: Stealth Rock
|
|upkeep
|turn|3
|
|t:|1660812059
|switch|p1a: nice regen|Porygon2|100/100
|-ability|p1a: nice regen|Sheer Force|[from] ability: Trace|[of] p2a: Nidoking
|move|p2a: Nidoking|Earth Power|p1a: nice regen
|-damage|p1a: nice regen|63/100
|
|upkeep
|turn|4
|
|t:|1660812073
|move|p2a: Nidoking|Earth Power|p1a: nice regen
|-damage|p1a: nice regen|27/100
|move|p1a: nice regen|Discharge|p2a: Nidoking
|-immune|p2a: Nidoking
|
|upkeep
|turn|5
|
|t:|1660812090
|move|p2a: Nidoking|Sludge Wave|p1a: nice regen
|-damage|p1a: nice regen|0 fnt
|faint|p1a: nice regen
|
|upkeep
|
|t:|1660812094
|switch|p1a: big bro reliable|Urshifu-Rapid-Strike, M|100/100
|turn|6
|
|t:|1660812106
|switch|p2a: Clefable|Clefable, M|100/100
|move|p1a: big bro reliable|Surging Strikes|p2a: Clefable
|-crit|p2a: Clefable
|-damage|p2a: Clefable|81/100
|-crit|p2a: Clefable
|-damage|p2a: Clefable|64/100
|-crit|p2a: Clefable
|-damage|p2a: Clefable|45/100
|-hitcount|p2a: Clefable|3
|
|-heal|p2a: Clefable|51/100|[from] item: Leftovers
|upkeep
|turn|7
|
|t:|1660812120
|switch|p2a: Ferrothorn|Ferrothorn, F|100/100
|-damage|p2a: Ferrothorn|95/100|[from] Stealth Rock
|move|p1a: big bro reliable|Surging Strikes|p2a: Ferrothorn
|-resisted|p2a: Ferrothorn
|-crit|p2a: Ferrothorn
|-damage|p2a: Ferrothorn|89/100
|-activate|p2a: Ferrothorn|ability: Iron Barbs
|-activate|p1a: big bro reliable|item: Protective Pads
|-resisted|p2a: Ferrothorn
|-crit|p2a: Ferrothorn
|-damage|p2a: Ferrothorn|83/100
|-activate|p2a: Ferrothorn|ability: Iron Barbs
|-activate|p1a: big bro reliable|item: Protective Pads
|-resisted|p2a: Ferrothorn
|-crit|p2a: Ferrothorn
|-damage|p2a: Ferrothorn|77/100
|-activate|p2a: Ferrothorn|ability: Iron Barbs
|-activate|p1a: big bro reliable|item: Protective Pads
|-hitcount|p2a: Ferrothorn|3
|
|-heal|p2a: Ferrothorn|83/100|[from] item: Leftovers
|upkeep
|turn|8
|
|t:|1660812141
|switch|p2a: Slowking|Slowking, F|100/100
|move|p1a: big bro reliable|Close Combat|p2a: Slowking
|-resisted|p2a: Slowking
|-damage|p2a: Slowking|65/100
|-unboost|p1a: big bro reliable|def|1
|-unboost|p1a: big bro reliable|spd|1
|
|upkeep
|turn|9
|
|t:|1660812152
|move|p1a: big bro reliable|Taunt|p2a: Slowking
|-start|p2a: Slowking|move: Taunt
|cant|p2a: Slowking|move: Taunt|Teleport
|
|upkeep
|turn|10
|
|t:|1660812172
|switch|p2a: Tornadus|Tornadus-Therian, M, shiny|100/100 par
|move|p1a: big bro reliable|U-turn|p2a: Tornadus
|-resisted|p2a: Tornadus
|-damage|p2a: Tornadus|88/100 par
|
|t:|1660812177
|switch|p1a: unIronic|Bisharp, F|100/100|[from]move: U-turn
|
|upkeep
|turn|11
|
|t:|1660812193
|move|p1a: unIronic|Beat Up|p2a: Tornadus
|-damage|p2a: Tornadus|74/100 par
|-damage|p2a: Tornadus|60/100 par
|-damage|p2a: Tornadus|44/100 par
|-damage|p2a: Tornadus|27/100 par
|-damage|p2a: Tornadus|14/100 par
|-hitcount|p2a: Tornadus|5
|move|p2a: Tornadus|Hurricane|p1a: unIronic
|-resisted|p1a: unIronic
|-damage|p1a: unIronic|63/100
|
|upkeep
|turn|12
|inactive|Suricata2000 has 120 seconds left.
|
|t:|1660812226
|move|p1a: unIronic|Beat Up|p2a: Tornadus
|-damage|p2a: Tornadus|0 fnt
|faint|p2a: Tornadus
|-hitcount|p2: Tornadus|1
|
|upkeep
|
|t:|1660812232
|switch|p2a: Urshifu|Urshifu-Rapid-Strike, M|100/100
|-damage|p2a: Urshifu|94/100|[from] Stealth Rock
|turn|13
|
|t:|1660812251
|switch|p1a: i gotchu|Landorus-Therian, M|100/100
|-ability|p1a: i gotchu|Intimidate|boost
|-unboost|p2a: Urshifu|atk|1
|move|p2a: Urshifu|U-turn|p1a: i gotchu
|-resisted|p1a: i gotchu
|-damage|p1a: i gotchu|92/100
|
|t:|1660812260
|switch|p2a: Slowking|Slowking, F|98/100|[from]move: U-turn
|
|-heal|p1a: i gotchu|98/100|[from] item: Leftovers
|upkeep
|turn|14
|inactive|Suricata2000 has 120 seconds left.
|
|t:|1660812271
|move|p1a: i gotchu|U-turn|p2a: Slowking
|-supereffective|p2a: Slowking
|-damage|p2a: Slowking|48/100
|
|t:|1660812275
|switch|p1a: GhostResistWhere?|Dragapult, M|100/100|[from]move: U-turn
|move|p2a: Slowking|Scald|p1a: GhostResistWhere?
|-resisted|p1a: GhostResistWhere?
|-damage|p1a: GhostResistWhere?|83/100
|
|upkeep
|turn|15
|inactive|Suricata2000 has 120 seconds left.
|
|t:|1660812291
|move|p1a: GhostResistWhere?|Shadow Ball|p2a: Slowking
|-supereffective|p2a: Slowking
|-damage|p2a: Slowking|0 fnt
|faint|p2a: Slowking
|
|upkeep
|
|t:|1660812302
|switch|p2a: Nidoking|Nidoking, M|100/100
|-damage|p2a: Nidoking|95/100|[from] Stealth Rock
|turn|16
|inactive|Yuipi has 120 seconds left.
|
|t:|1660812340
|move|p1a: GhostResistWhere?|Shadow Ball|p2a: Nidoking
|-damage|p2a: Nidoking|17/100
|move|p2a: Nidoking|Ice Beam|p1a: GhostResistWhere?
|-supereffective|p1a: GhostResistWhere?
|-damage|p1a: GhostResistWhere?|0 fnt
|faint|p1a: GhostResistWhere?
|
|upkeep
|
|t:|1660812353
|switch|p1a: big bro reliable|Urshifu-Rapid-Strike, M|100/100
|turn|17
|inactive|Suricata2000 has 120 seconds left.
|
|t:|1660812377
|move|p1a: big bro reliable|Surging Strikes|p2a: Nidoking
|-supereffective|p2a: Nidoking
|-crit|p2a: Nidoking
|-damage|p2a: Nidoking|0 fnt
|faint|p2a: Nidoking
|-hitcount|p2: Nidoking|1
|
|upkeep
|
|t:|1660812388
|switch|p2a: Clefable|Clefable, M|51/100
|turn|18
|
|t:|1660812394
|move|p1a: big bro reliable|Surging Strikes|p2a: Clefable
|-crit|p2a: Clefable
|-damage|p2a: Clefable|32/100
|-crit|p2a: Clefable
|-damage|p2a: Clefable|15/100
|-crit|p2a: Clefable
|-damage|p2a: Clefable|0 fnt
|faint|p2a: Clefable
|-hitcount|p2: Clefable|3
|
|upkeep
|
|t:|1660812406
|switch|p2a: Urshifu|Urshifu-Rapid-Strike, M|94/100
|-damage|p2a: Urshifu|88/100|[from] Stealth Rock
|turn|19
|inactive|Yuipi has 120 seconds left.
|
|t:|1660812432
|switch|p1a: sturdyboi|Ferrothorn, M|78/100
|move|p2a: Urshifu|Close Combat|p1a: sturdyboi
|-supereffective|p1a: sturdyboi
|-damage|p1a: sturdyboi|0 fnt
|-unboost|p2a: Urshifu|def|1
|-unboost|p2a: Urshifu|spd|1
|-damage|p2a: Urshifu|76/100|[from] ability: Iron Barbs|[of] p1a: sturdyboi
|faint|p1a: sturdyboi
|
|upkeep
|
|t:|1660812437
|switch|p1a: big bro reliable|Urshifu-Rapid-Strike, M|100/100
|turn|20
|
|t:|1660812448
|switch|p2a: Ferrothorn|Ferrothorn, F|83/100
|-damage|p2a: Ferrothorn|77/100|[from] Stealth Rock
|move|p1a: big bro reliable|Close Combat|p2a: Ferrothorn
|-supereffective|p2a: Ferrothorn
|-damage|p2a: Ferrothorn|0 fnt
|-unboost|p1a: big bro reliable|def|1
|-unboost|p1a: big bro reliable|spd|1
|-activate|p2a: Ferrothorn|ability: Iron Barbs
|-activate|p1a: big bro reliable|item: Protective Pads
|faint|p2a: Ferrothorn
|
|upkeep
|-message|Suricata2000 forfeited.
|
|win|Yuipi
|raw|Yuipi's rating: 1534 &rarr; <strong>1558</strong><br />(+24 for winning)
|raw|Suricata2000's rating: 1610 &rarr; <strong>1586</strong><br />(-24 for losing)
|l|☆Suricata2000
