|j|☆Guez91
|j|☆wsdfg
|t:|1608665065
|player|p1|Guez91|ramos|1969
|player|p2|wsdfg|burglar|1897
|teamsize|p1|6
|teamsize|p2|6
|gametype|singles
|gen|8
|tier|[Gen 8] OU
|rated|
|clearpoke
|poke|p1|Landorus-Therian, M|
|poke|p1|Urshifu-*, M|
|poke|p1|Spectrier|
|poke|p1|Magearna|
|poke|p1|Rillaboom, M|
|poke|p1|Cinderace, M|
|poke|p2|Garchomp, F|
|poke|p2|Clefable, F|
|poke|p2|Landorus-Therian, M|
|poke|p2|Tyranitar, F|
|poke|p2|Spectrier|
|poke|p2|Volcarona, F|
|rule|Sleep Clause Mod: Limit one foe put to sleep
|rule|Species Clause: Limit one of each Pokémon
|rule|OHKO Clause: OHKO moves are banned
|rule|Evasion Moves Clause: Evasion moves are banned
|rule|Endless Battle Clause: Forcing endless battles is banned
|rule|HP Percentage Mod: HP is shown in percentages
|rule|Dynamax Clause: You cannot dynamax
|teampreview
|j| pdsapiosaduoip
|
|t:|1608665090
|start
|switch|p1a: ZERO CONNEXION|Urshifu, M|100/100
|switch|p2a: Tyranitar|Tyranitar, F|100/100
|-weather|Sandstorm|[from] ability: Sand Stream|[of] p2a: Tyranitar
|turn|1
|
|t:|1608665096
|move|p1a: ZERO CONNEXION|Poison Jab|p2a: Tyranitar
|-resisted|p2a: Tyranitar
|-damage|p2a: Tyranitar|85/100
|-status|p2a: Tyranitar|psn
|-damage|p1a: ZERO CONNEXION|91/100|[from] item: Life Orb
|move|p2a: Tyranitar|Stealth Rock|p1a: ZERO CONNEXION
|-sidestart|p1: Guez91|move: Stealth Rock
|
|-weather|Sandstorm|[upkeep]
|-damage|p1a: ZERO CONNEXION|84/100|[from] Sandstorm
|-heal|p2a: Tyranitar|91/100 psn|[from] item: Leftovers
|-damage|p2a: Tyranitar|79/100 psn|[from] psn
|upkeep
|turn|2
|j| Elonmusk420
|
|t:|1608665101
|switch|p2a: Landorus|Landorus-Therian, M|100/100
|-ability|p2a: Landorus|Intimidate|boost
|-unboost|p1a: ZERO CONNEXION|atk|1
|move|p1a: ZERO CONNEXION|Poison Jab|p2a: Landorus
|-resisted|p2a: Landorus
|-damage|p2a: Landorus|92/100
|-damage|p1a: ZERO CONNEXION|74/100|[from] item: Life Orb
|
|-weather|Sandstorm|[upkeep]
|-damage|p1a: ZERO CONNEXION|68/100|[from] Sandstorm
|-heal|p2a: Landorus|98/100|[from] item: Leftovers
|upkeep
|turn|3
|
|t:|1608665108
|move|p1a: ZERO CONNEXION|Wicked Blow|p2a: Landorus
|-crit|p2a: Landorus
|-damage|p2a: Landorus|35/100
|-damage|p1a: ZERO CONNEXION|58/100|[from] item: Life Orb
|move|p2a: Landorus|Earthquake|p1a: ZERO CONNEXION
|-damage|p1a: ZERO CONNEXION|12/100
|
|-weather|Sandstorm|[upkeep]
|-damage|p1a: ZERO CONNEXION|6/100|[from] Sandstorm
|-heal|p2a: Landorus|41/100|[from] item: Leftovers
|upkeep
|turn|4
|
|t:|1608665112
|switch|p2a: Tyranitar|Tyranitar, F|79/100 psn
|move|p1a: ZERO CONNEXION|Poison Jab|p2a: Tyranitar
|-resisted|p2a: Tyranitar
|-damage|p2a: Tyranitar|69/100 psn
|-damage|p1a: ZERO CONNEXION|0 fnt|[from] item: Life Orb
|faint|p1a: ZERO CONNEXION
|
|-weather|Sandstorm|[upkeep]
|-heal|p2a: Tyranitar|75/100 psn|[from] item: Leftovers
|-damage|p2a: Tyranitar|63/100 psn|[from] psn
|upkeep
|
|t:|1608665115
|switch|p1a: BARRETTE DE 50|Landorus-Therian, M|100/100
|-damage|p1a: BARRETTE DE 50|88/100|[from] Stealth Rock
|-ability|p1a: BARRETTE DE 50|Intimidate|boost
|-unboost|p2a: Tyranitar|atk|1
|turn|5
|
|t:|1608665117
|move|p1a: BARRETTE DE 50|Stealth Rock|p2a: Tyranitar
|-sidestart|p2: wsdfg|move: Stealth Rock
|move|p2a: Tyranitar|Ice Beam|p1a: BARRETTE DE 50
|-supereffective|p1a: BARRETTE DE 50
|-damage|p1a: BARRETTE DE 50|0 fnt
|faint|p1a: BARRETTE DE 50
|
|-weather|none
|-heal|p2a: Tyranitar|69/100 psn|[from] item: Leftovers
|-damage|p2a: Tyranitar|57/100 psn|[from] psn
|upkeep
|
|t:|1608665121
|switch|p1a: DANS TON ENCEINTE|Cinderace, M, shiny|100/100
|turn|6
|
|t:|1608665127
|move|p1a: DANS TON ENCEINTE|Pyro Ball|p2a: Tyranitar
|-resisted|p2a: Tyranitar
|-damage|p2a: Tyranitar|32/100 psn
|move|p2a: Tyranitar|Thunder Wave|p1a: DANS TON ENCEINTE
|-status|p1a: DANS TON ENCEINTE|par
|
|-heal|p2a: Tyranitar|38/100 psn|[from] item: Leftovers
|-damage|p2a: Tyranitar|25/100 psn|[from] psn
|upkeep
|turn|7
|
|t:|1608665132
|move|p1a: DANS TON ENCEINTE|Pyro Ball|p2a: Tyranitar
|-resisted|p2a: Tyranitar
|-damage|p2a: Tyranitar|1/100 psn
|move|p2a: Tyranitar|Fire Blast|p1a: DANS TON ENCEINTE
|-resisted|p1a: DANS TON ENCEINTE
|-damage|p1a: DANS TON ENCEINTE|84/100 par
|
|-heal|p2a: Tyranitar|7/100 psn|[from] item: Leftovers
|-damage|p2a: Tyranitar|0 fnt|[from] psn
|faint|p2a: Tyranitar
|upkeep
|
|t:|1608665136
|switch|p2a: Garchomp|Garchomp, F|100/100
|-damage|p2a: Garchomp|94/100|[from] Stealth Rock
|turn|8
|
|t:|1608665141
|move|p2a: Garchomp|Swords Dance|p2a: Garchomp
|-boost|p2a: Garchomp|atk|2
|cant|p1a: DANS TON ENCEINTE|par
|
|upkeep
|turn|9
|
|t:|1608665144
|move|p1a: DANS TON ENCEINTE|Sucker Punch|p2a: Garchomp
|-start|p1a: DANS TON ENCEINTE|typechange|Dark|[from] ability: Libero
|-damage|p2a: Garchomp|58/100
|-damage|p1a: DANS TON ENCEINTE|72/100 par|[from] ability: Rough Skin|[of] p2a: Garchomp
|move|p2a: Garchomp|Scale Shot|p1a: DANS TON ENCEINTE
|-damage|p1a: DANS TON ENCEINTE|26/100 par
|-damage|p1a: DANS TON ENCEINTE|0 fnt
|-hitcount|p1a: DANS TON ENCEINTE|2
|-unboost|p2a: Garchomp|def|1
|-boost|p2a: Garchomp|spe|1
|-damage|p2a: Garchomp|48/100|[from] item: Life Orb
|faint|p1a: DANS TON ENCEINTE
|
|upkeep
|
|t:|1608665149
|switch|p1a: LOPSA STORY|Spectrier|100/100
|-damage|p1a: LOPSA STORY|88/100|[from] Stealth Rock
|turn|10
|
|t:|1608665153
|switch|p2a: Clefable|Clefable, F|100/100
|move|p1a: LOPSA STORY|Shadow Ball|p2a: Clefable
|-damage|p2a: Clefable|69/100
|
|-heal|p2a: Clefable|75/100|[from] item: Leftovers
|upkeep
|turn|11
|
|t:|1608665158
|switch|p1a: DOLCE VITA|Rillaboom, M|100/100
|-damage|p1a: DOLCE VITA|88/100|[from] Stealth Rock
|-fieldstart|move: Grassy Terrain|[from] ability: Grassy Surge|[of] p1a: DOLCE VITA
|move|p2a: Clefable|Knock Off|p1a: DOLCE VITA
|-damage|p1a: DOLCE VITA|69/100
|-enditem|p1a: DOLCE VITA|Life Orb|[from] move: Knock Off|[of] p2a: Clefable
|
|-heal|p1a: DOLCE VITA|75/100|[from] Grassy Terrain
|-heal|p2a: Clefable|81/100|[from] item: Leftovers
|-heal|p2a: Clefable|87/100|[from] Grassy Terrain
|upkeep
|turn|12
|
|t:|1608665161
|switch|p2a: Landorus|Landorus-Therian, M|41/100
|-damage|p2a: Landorus|29/100|[from] Stealth Rock
|-ability|p2a: Landorus|Intimidate|boost
|-unboost|p1a: DOLCE VITA|atk|1
|move|p1a: DOLCE VITA|Knock Off|p2a: Landorus
|-damage|p2a: Landorus|12/100
|-enditem|p2a: Landorus|Leftovers|[from] move: Knock Off|[of] p1a: DOLCE VITA
|
|-heal|p1a: DOLCE VITA|81/100|[from] Grassy Terrain
|upkeep
|turn|13
|
|t:|1608665164
|move|p1a: DOLCE VITA|Grassy Glide|p2a: Landorus
|-damage|p2a: Landorus|0 fnt
|faint|p2a: Landorus
|
|-heal|p1a: DOLCE VITA|88/100|[from] Grassy Terrain
|upkeep
|
|t:|1608665166
|switch|p2a: Volcarona|Volcarona, F|100/100
|turn|14
|-message|Guez91 forfeited.
|
|win|wsdfg
|l|☆Guez91
|l| pdsapiosaduoip
||Ladder (probably) updated, but score could not be retrieved (Request timeout).
