|j|☆friedfreak
|j|☆Holiss77
|t:|1614144199
|player|p1|friedfreak|169|1703
|player|p2|Holiss77|chuck|1745
|teamsize|p1|6
|teamsize|p2|6
|gametype|singles
|gen|8
|tier|[Gen 8] OU
|rated|
|clearpoke
|poke|p1|Crawdaunt, M|
|poke|p1|Tapu Koko|
|poke|p1|Garchomp, M|
|poke|p1|Corviknight, F|
|poke|p1|Heatran, F|
|poke|p1|Blissey, F|
|poke|p2|Rillaboom, M|
|poke|p2|Kartana|
|poke|p2|Garchomp, M|
|poke|p2|Slowking, M|
|poke|p2|Swampert, M|
|poke|p2|Landorus-Therian, M|
|rule|Sleep Clause Mod: Limit one foe put to sleep
|rule|Species Clause: Limit one of each Pokémon
|rule|OHKO Clause: OHKO moves are banned
|rule|Evasion Moves Clause: Evasion moves are banned
|rule|Endless Battle Clause: Forcing endless battles is banned
|rule|HP Percentage Mod: HP is shown in percentages
|rule|Dynamax Clause: You cannot dynamax
|teampreview
|
|t:|1614144216
|start
|switch|p1a: Garchomp|Garchomp, M|100/100
|switch|p2a: Landorus|Landorus-Therian, M|100/100
|-ability|p2a: Landorus|Intimidate|boost
|-unboost|p1a: Garchomp|atk|1
|turn|1
|
|t:|1614144220
|move|p1a: Garchomp|Stealth Rock|p2a: Landorus
|-sidestart|p2: Holiss77|move: Stealth Rock
|move|p2a: Landorus|Knock Off|p1a: Garchomp
|-damage|p1a: Garchomp|72/100
|-damage|p2a: Landorus|88/100|[from] ability: Rough Skin|[of] p1a: Garchomp
|-enditem|p1a: Garchomp|Lum Berry|[from] move: Knock Off|[of] p2a: Landorus
|
|upkeep
|turn|2
|
|t:|1614144232
|switch|p1a: Corviknight|Corviknight, F|100/100
|-ability|p1a: Corviknight|Pressure
|move|p2a: Landorus|Earthquake|p1a: Corviknight
|-immune|p1a: Corviknight
|
|upkeep
|turn|3
|
|t:|1614144237
|move|p2a: Landorus|Stealth Rock|p1a: Corviknight
|-sidestart|p1: friedfreak|move: Stealth Rock
|move|p1a: Corviknight|Brave Bird|p2a: Landorus
|-damage|p2a: Landorus|60/100
|-damage|p1a: Corviknight|84/100|[from] item: Rocky Helmet|[of] p2a: Landorus
|-damage|p1a: Corviknight|75/100|[from] Recoil
|
|upkeep
|turn|4
|
|t:|1614144242
|move|p2a: Landorus|Knock Off|p1a: Corviknight
|-damage|p1a: Corviknight|57/100
|-damage|p2a: Landorus|43/100|[from] item: Rocky Helmet|[of] p1a: Corviknight
|-enditem|p1a: Corviknight|Rocky Helmet|[from] move: Knock Off|[of] p2a: Landorus
|move|p1a: Corviknight|Roost|p1a: Corviknight
|-heal|p1a: Corviknight|100/100
|-singleturn|p1a: Corviknight|move: Roost
|
|upkeep
|turn|5
|
|t:|1614144248
|move|p2a: Landorus|U-turn|p1a: Corviknight
|-resisted|p1a: Corviknight
|-damage|p1a: Corviknight|97/100
|
|t:|1614144252
|switch|p2a: Slowking|Slowking, M, shiny|100/100|[from]move: U-turn
|move|p1a: Corviknight|Brave Bird|p2a: Slowking
|-damage|p2a: Slowking|64/100
|-damage|p1a: Corviknight|85/100|[from] Recoil
|
|upkeep
|turn|6
|
|t:|1614144259
|move|p1a: Corviknight|U-turn|p2a: Slowking
|-supereffective|p2a: Slowking
|-damage|p2a: Slowking|31/100
|
|t:|1614144274
|switch|p1a: Garchomp|Garchomp, M|72/100|[from]move: U-turn
|-damage|p1a: Garchomp|66/100|[from] Stealth Rock
|move|p2a: Slowking|Teleport|p2a: Slowking
|
|t:|1614144281
|switch|p2a: Landorus|Landorus-Therian, M|43/100|[from]move: Teleport
|-damage|p2a: Landorus|31/100|[from] Stealth Rock
|-ability|p2a: Landorus|Intimidate|boost
|-unboost|p1a: Garchomp|atk|1
|
|upkeep
|turn|7
|j| Theomancer
|
|t:|1614144290
|move|p1a: Garchomp|Stone Edge|p2a: Landorus|[miss]
|-miss|p1a: Garchomp|p2a: Landorus
|move|p2a: Landorus|Stealth Rock||[still]
|-fail|p2a: Landorus
|
|upkeep
|turn|8
|
|t:|1614144294
|move|p1a: Garchomp|Stone Edge|p2a: Landorus
|-damage|p2a: Landorus|14/100
|move|p2a: Landorus|U-turn|p1a: Garchomp
|-damage|p1a: Garchomp|43/100
|-damage|p2a: Landorus|2/100|[from] ability: Rough Skin|[of] p1a: Garchomp
|
|t:|1614144306
|switch|p2a: Enma|Kartana, shiny|100/100|[from]move: U-turn
|-damage|p2a: Enma|94/100|[from] Stealth Rock
|
|upkeep
|turn|9
|
|t:|1614144312
|switch|p2a: Swampert|Swampert, M|100/100
|switch|p1a: Corviknight|Corviknight, F|85/100
|-damage|p1a: Corviknight|73/100|[from] Stealth Rock
|-ability|p1a: Corviknight|Pressure
|
|upkeep
|turn|10
|
|t:|1614144321
|move|p2a: Swampert|Power-Up Punch|p1a: Corviknight
|-damage|p1a: Corviknight|64/100
|-boost|p2a: Swampert|atk|1
|move|p1a: Corviknight|Roost|p1a: Corviknight
|-heal|p1a: Corviknight|100/100
|-singleturn|p1a: Corviknight|move: Roost
|
|upkeep
|turn|11
|j| Smogon's Devil
|
|t:|1614144367
|switch|p1a: Blissey|Blissey, F|100/100
|move|p2a: Swampert|Ice Punch|p1a: Blissey
|-damage|p1a: Blissey|68/100
|
|upkeep
|turn|12
|
|t:|1614144374
|move|p2a: Swampert|High Horsepower|p1a: Blissey
|-damage|p1a: Blissey|4/100
|move|p1a: Blissey|Seismic Toss|p2a: Swampert
|-damage|p2a: Swampert|71/100
|
|upkeep
|turn|13
|
|t:|1614144381
|move|p2a: Swampert|Power-Up Punch|p1a: Blissey
|-supereffective|p1a: Blissey
|-damage|p1a: Blissey|0 fnt
|-boost|p2a: Swampert|atk|1
|faint|p1a: Blissey
|
|upkeep
|j| white ferrarrii
|l| white ferrarrii
|
|t:|1614144393
|switch|p1a: Garchomp|Garchomp, M|43/100
|-damage|p1a: Garchomp|36/100|[from] Stealth Rock
|turn|14
|
|t:|1614144400
|move|p1a: Garchomp|Earthquake|p2a: Swampert
|-damage|p2a: Swampert|13/100
|move|p2a: Swampert|Ice Punch|p1a: Garchomp
|-supereffective|p1a: Garchomp
|-damage|p1a: Garchomp|0 fnt
|-damage|p2a: Swampert|1/100|[from] ability: Rough Skin|[of] p1a: Garchomp
|faint|p1a: Garchomp
|
|upkeep
|
|t:|1614144407
|switch|p1a: Tapu Koko|Tapu Koko|100/100
|-fieldstart|move: Electric Terrain|[from] ability: Electric Surge|[of] p1a: Tapu Koko
|turn|15
|
|t:|1614144414
|move|p1a: Tapu Koko|Dazzling Gleam|p2a: Swampert
|-damage|p2a: Swampert|0 fnt
|faint|p2a: Swampert
|
|upkeep
|j| General Woo
|
|t:|1614144425
|switch|p2a: Rillaboom|Rillaboom, M|100/100
|-damage|p2a: Rillaboom|88/100|[from] Stealth Rock
|-fieldstart|move: Grassy Terrain|[from] ability: Grassy Surge|[of] p2a: Rillaboom
|turn|16
|l| Smogon's Devil
|
|t:|1614144433
|switch|p1a: Corviknight|Corviknight, F|100/100
|-damage|p1a: Corviknight|88/100|[from] Stealth Rock
|-ability|p1a: Corviknight|Pressure
|switch|p2a: Landorus|Landorus-Therian, M|2/100
|-damage|p2a: Landorus|0 fnt|[from] Stealth Rock
|faint|p2a: Landorus
|
|upkeep
|j| AnimaticLunatic
|
|t:|1614144438
|switch|p2a: Garchomp|Garchomp, M|100/100
|-damage|p2a: Garchomp|94/100|[from] Stealth Rock
|turn|17
|j| Smogon's Devil
|j| jaja jones
|
|t:|1614144447
|move|p2a: Garchomp|Swords Dance|p2a: Garchomp
|-boost|p2a: Garchomp|atk|2
|move|p1a: Corviknight|Brave Bird|p2a: Garchomp
|-damage|p2a: Garchomp|58/100
|-damage|p1a: Corviknight|76/100|[from] ability: Rough Skin|[of] p2a: Garchomp
|-damage|p1a: Corviknight|65/100|[from] Recoil
|
|-heal|p2a: Garchomp|64/100|[from] Grassy Terrain
|-heal|p2a: Garchomp|70/100|[from] item: Leftovers
|upkeep
|turn|18
|
|t:|1614144462
|move|p2a: Garchomp|Fire Fang|p1a: Corviknight
|-supereffective|p1a: Corviknight
|-damage|p1a: Corviknight|7/100
|move|p1a: Corviknight|Roost|p1a: Corviknight
|-heal|p1a: Corviknight|57/100
|-singleturn|p1a: Corviknight|move: Roost
|
|-heal|p2a: Garchomp|76/100|[from] Grassy Terrain
|-heal|p2a: Garchomp|83/100|[from] item: Leftovers
|-heal|p1a: Corviknight|63/100|[from] Grassy Terrain
|upkeep
|turn|19
|
|t:|1614144478
|switch|p1a: Crawdaunt|Crawdaunt, M|100/100
|-damage|p1a: Crawdaunt|88/100|[from] Stealth Rock
|move|p2a: Garchomp|Stomping Tantrum|p1a: Crawdaunt
|-crit|p1a: Crawdaunt
|-damage|p1a: Crawdaunt|0 fnt
|faint|p1a: Crawdaunt
|
|-heal|p2a: Garchomp|89/100|[from] Grassy Terrain
|-heal|p2a: Garchomp|95/100|[from] item: Leftovers
|upkeep
|-message|friedfreak forfeited.
|
|win|Holiss77
|l|☆friedfreak
|raw|friedfreak's rating: 1679 &rarr; <strong>1662</strong><br />(-17 for losing)
|raw|Holiss77's rating: 1746 &rarr; <strong>1762</strong><br />(+16 for winning)
|l| Theomancer
|l| AnimaticLunatic
|c|☆Holiss77|well gg
