|raw|<div class="broadcast-blue"><strong>This battle is required to be public due to a player having a name starting with 'lt91bb'.</div>
|j|☆antarctozolt
|j|☆LT91BB BBats
|t:|1658996181
|gametype|singles
|player|p1|antarctozolt|skier|1844
|player|p2|LT91BB BBats|n|1847
|teamsize|p1|6
|teamsize|p2|6
|gen|8
|tier|[Gen 8] OU
|rated|
|rule|Sleep Clause Mod: Limit one foe put to sleep
|rule|Species Clause: Limit one of each Pokémon
|rule|OHKO Clause: OHKO moves are banned
|rule|Evasion Moves Clause: Evasion moves are banned
|rule|Endless Battle Clause: Forcing endless battles is banned
|rule|HP Percentage Mod: HP is shown in percentages
|rule|Dynamax Clause: You cannot dynamax
|clearpoke
|poke|p1|Hippowdon, M|
|poke|p1|Zeraora|
|poke|p1|Xatu, F|
|poke|p1|Toxapex, M|
|poke|p1|Corviknight, F|
|poke|p1|Blissey, F|
|poke|p2|Zapdos|
|poke|p2|Weavile, F|
|poke|p2|Kartana|
|poke|p2|Landorus-Therian, M|
|poke|p2|Volcanion|
|poke|p2|Melmetal|
|teampreview
|j| saki X toki
|
|t:|1658996191
|start
|switch|p1a: Zeraora|Zeraora, shiny|100/100
|switch|p2a: Weavile|Weavile, F|100/100
|-ability|p2a: Weavile|Pressure
|turn|1
|
|t:|1658996195
|switch|p2a: Landorus|Landorus-Therian, M|100/100
|-ability|p2a: Landorus|Intimidate|boost
|-unboost|p1a: Zeraora|atk|1
|move|p1a: Zeraora|Toxic|p2a: Landorus
|-status|p2a: Landorus|tox
|
|-damage|p2a: Landorus|94/100 tox|[from] psn
|upkeep
|turn|2
|
|t:|1658996200
|switch|p1a: Corviknight|Corviknight, F, shiny|100/100
|-ability|p1a: Corviknight|Pressure
|move|p2a: Landorus|U-turn|p1a: Corviknight
|-resisted|p1a: Corviknight
|-damage|p1a: Corviknight|97/100
|
|t:|1658996202
|switch|p2a: Volcanion|Volcanion|100/100|[from]move: U-turn
|
|-heal|p1a: Corviknight|100/100|[from] item: Leftovers
|upkeep
|turn|3
|
|t:|1658996210
|switch|p2a: Weavile|Weavile, F|100/100
|-ability|p2a: Weavile|Pressure
|switch|p1a: Blissey|Blissey, F, shiny|100/100
|
|upkeep
|turn|4
|
|t:|1658996215
|switch|p1a: Toxapex|Toxapex, M, shiny|100/100
|move|p2a: Weavile|Knock Off|p1a: Toxapex
|-damage|p1a: Toxapex|61/100
|-enditem|p1a: Toxapex|Shed Shell|[from] move: Knock Off|[of] p2a: Weavile
|
|upkeep
|turn|5
|
|t:|1658996220
|switch|p2a: Zapdos|Zapdos|100/100
|move|p1a: Toxapex|Recover|p1a: Toxapex
|-heal|p1a: Toxapex|100/100
|
|upkeep
|turn|6
|
|t:|1658996224
|switch|p1a: Zeraora|Zeraora, shiny|100/100
|move|p2a: Zapdos|Volt Switch|p1a: Zeraora
|-immune|p1a: Zeraora|[from] ability: Volt Absorb
|
|upkeep
|turn|7
|
|t:|1658996227
|switch|p2a: Landorus|Landorus-Therian, M|94/100 tox
|-ability|p2a: Landorus|Intimidate|boost
|-unboost|p1a: Zeraora|atk|1
|move|p1a: Zeraora|Knock Off|p2a: Landorus
|-damage|p2a: Landorus|75/100 tox
|-enditem|p2a: Landorus|Leftovers|[from] move: Knock Off|[of] p1a: Zeraora
|
|-damage|p2a: Landorus|69/100 tox|[from] psn
|upkeep
|turn|8
|
|t:|1658996230
|switch|p1a: Corviknight|Corviknight, F, shiny|100/100
|-ability|p1a: Corviknight|Pressure
|move|p2a: Landorus|U-turn|p1a: Corviknight
|-resisted|p1a: Corviknight
|-damage|p1a: Corviknight|97/100
|
|t:|1658996234
|switch|p2a: Zapdos|Zapdos|100/100|[from]move: U-turn
|
|-heal|p1a: Corviknight|100/100|[from] item: Leftovers
|upkeep
|turn|9
|
|t:|1658996240
|switch|p1a: Blissey|Blissey, F, shiny|100/100
|move|p2a: Zapdos|Volt Switch|p1a: Blissey
|-damage|p1a: Blissey|86/100
|
|t:|1658996242
|switch|p2a: Weavile|Weavile, F|100/100|[from]move: Volt Switch
|-ability|p2a: Weavile|Pressure
|
|upkeep
|turn|10
|j| ripreckful
|j| lzaaaaa
|j| CrucialKoko
|
|t:|1658996244
|switch|p1a: Toxapex|Toxapex, M, shiny|100/100
|move|p2a: Weavile|Beat Up|p1a: Toxapex
|-damage|p1a: Toxapex|93/100
|-damage|p1a: Toxapex|87/100
|-damage|p1a: Toxapex|77/100
|-damage|p1a: Toxapex|69/100
|-damage|p1a: Toxapex|61/100
|-hitcount|p1a: Toxapex|5
|
|upkeep
|turn|11
|
|t:|1658996249
|switch|p2a: Melmetal|Melmetal|100/100
|move|p1a: Toxapex|Scald|p2a: Melmetal
|-damage|p2a: Melmetal|80/100
|
|upkeep
|turn|12
|j| Separation
|
|t:|1658996256
|switch|p1a: Corviknight|Corviknight, F, shiny|100/100
|-ability|p1a: Corviknight|Pressure
|move|p2a: Melmetal|Double Iron Bash|p1a: Corviknight
|-resisted|p1a: Corviknight
|-damage|p1a: Corviknight|81/100
|-resisted|p1a: Corviknight
|-damage|p1a: Corviknight|60/100
|-hitcount|p1a: Corviknight|2
|
|-heal|p1a: Corviknight|66/100|[from] item: Leftovers
|upkeep
|turn|13
|
|t:|1658996260
|switch|p2a: Zapdos|Zapdos|100/100
|move|p1a: Corviknight|Roost|p1a: Corviknight
|-heal|p1a: Corviknight|100/100
|-singleturn|p1a: Corviknight|move: Roost
|
|upkeep
|turn|14
|
|t:|1658996263
|switch|p1a: Zeraora|Zeraora, shiny|100/100
|move|p2a: Zapdos|Hurricane|p1a: Zeraora
|-resisted|p1a: Zeraora
|-damage|p1a: Zeraora|62/100
|-start|p1a: Zeraora|confusion
|
|-heal|p1a: Zeraora|68/100|[from] item: Leftovers
|upkeep
|turn|15
|
|t:|1658996266
|switch|p2a: Landorus|Landorus-Therian, M|69/100 tox
|-ability|p2a: Landorus|Intimidate|boost
|-unboost|p1a: Zeraora|atk|1
|-activate|p1a: Zeraora|confusion
|move|p1a: Zeraora|Knock Off|p2a: Landorus
|-damage|p2a: Landorus|55/100 tox
|
|-heal|p1a: Zeraora|74/100|[from] item: Leftovers
|-damage|p2a: Landorus|49/100 tox|[from] psn
|upkeep
|turn|16
|
|t:|1658996269
|switch|p1a: Corviknight|Corviknight, F, shiny|100/100
|-ability|p1a: Corviknight|Pressure
|move|p2a: Landorus|U-turn|p1a: Corviknight
|-resisted|p1a: Corviknight
|-damage|p1a: Corviknight|97/100
|
|t:|1658996271
|switch|p2a: Volcanion|Volcanion|100/100|[from]move: U-turn
|
|-heal|p1a: Corviknight|100/100|[from] item: Leftovers
|upkeep
|turn|17
|j| icefacez
|
|t:|1658996277
|switch|p2a: Melmetal|Melmetal|80/100
|switch|p1a: Blissey|Blissey, F, shiny|86/100
|
|upkeep
|turn|18
|
|t:|1658996281
|switch|p1a: Hippowdon|Hippowdon, M, shiny|100/100
|-weather|Sandstorm|[from] ability: Sand Stream|[of] p1a: Hippowdon
|move|p2a: Melmetal|Thunder Punch|p1a: Hippowdon
|-immune|p1a: Hippowdon
|
|-weather|Sandstorm|[upkeep]
|upkeep
|turn|19
|
|t:|1658996285
|switch|p2a: Landorus|Landorus-Therian, M|49/100 tox
|-ability|p2a: Landorus|Intimidate|boost
|-unboost|p1a: Hippowdon|atk|1
|move|p1a: Hippowdon|Stealth Rock|p2a: Landorus
|-sidestart|p2: LT91BB BBats|move: Stealth Rock
|
|-weather|Sandstorm|[upkeep]
|-damage|p2a: Landorus|43/100 tox|[from] psn
|upkeep
|turn|20
|
|t:|1658996288
|switch|p1a: Xatu|Xatu, F, shiny|100/100
|move|p2a: Landorus|Stealth Rock|p1a: Xatu
|move|p1a: Xatu|Stealth Rock||[from]ability: Magic Bounce|[still]
|-fail|p1a: Xatu
|
|-weather|Sandstorm|[upkeep]
|-damage|p1a: Xatu|94/100|[from] Sandstorm
|-heal|p1a: Xatu|100/100|[from] item: Leftovers
|-damage|p2a: Landorus|31/100 tox|[from] psn
|upkeep
|turn|21
|j| Linkerrr
|
|t:|1658996292
|move|p2a: Landorus|Defog|p1a: Xatu
|move|p1a: Xatu|Defog|p2a: Landorus|[from]ability: Magic Bounce
|-unboost|p2a: Landorus|evasion|1
|-sideend|p2: LT91BB BBats|Stealth Rock|[from] move: Defog|[of] p1a: Xatu
|move|p1a: Xatu|Teleport|p1a: Xatu
|j| Kabunox
|
|t:|1658996297
|switch|p1a: Zeraora|Zeraora, shiny|74/100|[from]move: Teleport
|
|-weather|Sandstorm|[upkeep]
|-damage|p1a: Zeraora|68/100|[from] Sandstorm
|-heal|p1a: Zeraora|74/100|[from] item: Leftovers
|-damage|p2a: Landorus|13/100 tox|[from] psn
|upkeep
|turn|22
|
|t:|1658996301
|move|p1a: Zeraora|Knock Off|p2a: Landorus
|-damage|p2a: Landorus|0 fnt
|faint|p2a: Landorus
|
|-weather|none
|-heal|p1a: Zeraora|80/100|[from] item: Leftovers
|upkeep
|j| LT91BB INSULT
|
|t:|1658996305
|switch|p2a: Melmetal|Melmetal|80/100
|turn|23
|
|t:|1658996310
|switch|p1a: Corviknight|Corviknight, F, shiny|100/100
|-ability|p1a: Corviknight|Pressure
|move|p2a: Melmetal|Thunder Punch|p1a: Corviknight
|-supereffective|p1a: Corviknight
|-damage|p1a: Corviknight|31/100
|
|-heal|p1a: Corviknight|37/100|[from] item: Leftovers
|upkeep
|turn|24
|l| Kabunox
|
|t:|1658996317
|switch|p2a: Zapdos|Zapdos|100/100
|move|p1a: Corviknight|Roost|p1a: Corviknight
|-heal|p1a: Corviknight|87/100
|-singleturn|p1a: Corviknight|move: Roost
|
|-heal|p1a: Corviknight|93/100|[from] item: Leftovers
|upkeep
|turn|25
|
|t:|1658996321
|switch|p1a: Zeraora|Zeraora, shiny|80/100
|move|p2a: Zapdos|Volt Switch|p1a: Zeraora
|-heal|p1a: Zeraora|100/100|[from] ability: Volt Absorb|[of] p2a: Zapdos
|
|upkeep
|turn|26
|
|t:|1658996325
|move|p1a: Zeraora|Plasma Fists|p2a: Zapdos
|-damage|p2a: Zapdos|41/100
|-fieldactivate|move: Ion Deluge
|-hint|Normal-type moves become Electric-type after using Plasma Fists.
|move|p2a: Zapdos|Hurricane|p1a: Zeraora|[miss]
|-miss|p2a: Zapdos|p1a: Zeraora
|
|upkeep
|turn|27
|j| Mournfinale
|j| ClumsyClefable
|j| RNN YasuKe
|
|t:|1658996329
|move|p1a: Zeraora|Knock Off|p2a: Zapdos
|-damage|p2a: Zapdos|0 fnt
|-enditem|p2a: Zapdos|Heavy-Duty Boots|[from] move: Knock Off|[of] p1a: Zeraora
|faint|p2a: Zapdos
|
|upkeep
|j| Ivehadenoughshit
|
|t:|1658996333
|switch|p2a: Melmetal|Melmetal|80/100
|turn|28
|l| lzaaaaa
|
|t:|1658996337
|switch|p1a: Toxapex|Toxapex, M, shiny|94/100
|move|p2a: Melmetal|Double Iron Bash|p1a: Toxapex
|-resisted|p1a: Toxapex
|-damage|p1a: Toxapex|73/100
|-resisted|p1a: Toxapex
|-damage|p1a: Toxapex|54/100
|-hitcount|p1a: Toxapex|2
|
|upkeep
|turn|29
|
|t:|1658996340
|switch|p1a: Corviknight|Corviknight, F, shiny|93/100
|-ability|p1a: Corviknight|Pressure
|move|p2a: Melmetal|Double Iron Bash|p1a: Corviknight
|-resisted|p1a: Corviknight
|-damage|p1a: Corviknight|73/100
|-resisted|p1a: Corviknight
|-damage|p1a: Corviknight|51/100
|-hitcount|p1a: Corviknight|2
|
|-heal|p1a: Corviknight|58/100|[from] item: Leftovers
|upkeep
|turn|30
|
|t:|1658996342
|move|p1a: Corviknight|Roost|p1a: Corviknight
|-heal|p1a: Corviknight|100/100
|-singleturn|p1a: Corviknight|move: Roost
|move|p2a: Melmetal|Double Iron Bash|p1a: Corviknight
|-resisted|p1a: Corviknight
|-damage|p1a: Corviknight|79/100
|-resisted|p1a: Corviknight
|-damage|p1a: Corviknight|59/100
|-hitcount|p1a: Corviknight|2
|
|-heal|p1a: Corviknight|65/100|[from] item: Leftovers
|upkeep
|turn|31
|-message|LT91BB BBats forfeited.
|
|win|antarctozolt
|raw|antarctozolt's rating: 1844 &rarr; <strong>1864</strong><br />(+20 for winning)
|raw|LT91BB BBats's rating: 1847 &rarr; <strong>1827</strong><br />(-20 for losing)
|l|☆LT91BB BBats
