|j|‽bdhb
|j|☆Commando 55
|t:|1603438569
|player|p1|bdhb|ethan|1822
|player|p2|Commando 55|iris-gen5bw2|1729
|teamsize|p1|6
|teamsize|p2|6
|gametype|singles
|gen|8
|tier|[Gen 8] OU
|rated|
|clearpoke
|poke|p1|Genesect-*|
|poke|p1|Tapu Koko|
|poke|p1|Pelipper, M|
|poke|p1|Kingdra, M|
|poke|p1|Ferrothorn, F|
|poke|p1|Landorus, M|
|poke|p2|Genesect-*|
|poke|p2|Cinderace, M|
|poke|p2|Slowbro, F|
|poke|p2|Blissey, F|
|poke|p2|Landorus-Therian, M|
|poke|p2|Clefable, F|
|rule|Sleep Clause Mod: Limit one foe put to sleep
|rule|Species Clause: Limit one of each Pokémon
|rule|OHKO Clause: OHKO moves are banned
|rule|Evasion Moves Clause: Evasion moves are banned
|rule|Endless Battle Clause: Forcing endless battles is banned
|rule|HP Percentage Mod: HP is shown in percentages
|rule|Dynamax Clause: You cannot dynamax
|teampreview
|inactive|Battle timer is ON: inactive players will automatically lose when time's up. (requested by Commando 55)
|j| BoomBoomBoo
|j| Nax_xUz
|
|t:|1603438595
|start
|switch|p1a: Tapu Koko|Tapu Koko|100/100
|switch|p2a: Slowbro|Slowbro, F|100/100
|-fieldstart|move: Electric Terrain|[from] ability: Electric Surge|[of] p1a: Tapu Koko
|turn|1
|j| 3d
|
|t:|1603438602
|switch|p2a: Landorus|Landorus-Therian, M|100/100
|-ability|p2a: Landorus|Intimidate|boost
|-unboost|p1a: Tapu Koko|atk|1
|move|p1a: Tapu Koko|Nature's Madness|p2a: Landorus
|-damage|p2a: Landorus|50/100
|
|-heal|p2a: Landorus|57/100|[from] item: Leftovers
|upkeep
|turn|2
|
|t:|1603438609
|move|p1a: Tapu Koko|Dazzling Gleam|p2a: Landorus
|-damage|p2a: Landorus|22/100
|move|p2a: Landorus|U-turn|p1a: Tapu Koko
|-resisted|p1a: Tapu Koko
|-damage|p1a: Tapu Koko|86/100
|
|t:|1603438613
|switch|p2a: Genesect|Genesect, shiny|100/100|[from]move: U-turn
|-ability|p2a: Genesect|Download|boost
|-boost|p2a: Genesect|spa|1
|
|upkeep
|turn|3
|
|t:|1603438621
|switch|p1a: Ferrothorn|Ferrothorn, F|100/100
|move|p2a: Genesect|U-turn|p1a: Ferrothorn
|-damage|p1a: Ferrothorn|68/100
|-damage|p2a: Genesect|88/100|[from] ability: Iron Barbs|[of] p1a: Ferrothorn
|-damage|p2a: Genesect|72/100|[from] item: Rocky Helmet|[of] p1a: Ferrothorn
|
|t:|1603438625
|switch|p2a: Cinderace|Cinderace, M|100/100|[from]move: U-turn
|
|upkeep
|turn|4
|
|t:|1603438630
|move|p2a: Cinderace|U-turn|p1a: Ferrothorn
|-start|p2a: Cinderace|typechange|Bug|[from] ability: Libero
|-damage|p1a: Ferrothorn|40/100
|-damage|p2a: Cinderace|88/100|[from] ability: Iron Barbs|[of] p1a: Ferrothorn
|-damage|p2a: Cinderace|72/100|[from] item: Rocky Helmet|[of] p1a: Ferrothorn
|
|t:|1603438634
|switch|p2a: Genesect|Genesect, shiny|72/100|[from]move: U-turn
|-ability|p2a: Genesect|Download|boost
|-boost|p2a: Genesect|spa|1
|move|p1a: Ferrothorn|Leech Seed|p2a: Genesect
|-start|p2a: Genesect|move: Leech Seed
|
|-damage|p2a: Genesect|59/100|[from] Leech Seed|[of] p1a: Ferrothorn
|-heal|p1a: Ferrothorn|50/100|[silent]
|upkeep
|turn|5
|
|t:|1603438641
|switch|p1a: Pelipper|Pelipper, M|100/100
|-weather|RainDance|[from] ability: Drizzle|[of] p1a: Pelipper
|move|p2a: Genesect|Blaze Kick|p1a: Pelipper
|-resisted|p1a: Pelipper
|-damage|p1a: Pelipper|91/100
|
|-weather|RainDance|[upkeep]
|-damage|p2a: Genesect|47/100|[from] Leech Seed|[of] p1a: Pelipper
|-heal|p1a: Pelipper|100/100|[silent]
|-fieldend|move: Electric Terrain
|upkeep
|turn|6
|j| KarmaKazama
|
|t:|1603438649
|switch|p2a: Blissey|Blissey, F|100/100
|move|p1a: Pelipper|U-turn|p2a: Blissey
|-damage|p2a: Blissey|93/100
|j| UnbeatableTr
|j| pipluphater13
|
|t:|1603438663
|switch|p1a: Genesect|Genesect, shiny|100/100|[from]move: U-turn
|-ability|p1a: Genesect|Download|boost
|-boost|p1a: Genesect|atk|1
|
|-weather|RainDance|[upkeep]
|upkeep
|turn|7
|j| ironwater
|
|t:|1603438678
|switch|p2a: Landorus|Landorus-Therian, M|22/100
|-ability|p2a: Landorus|Intimidate|boost
|-unboost|p1a: Genesect|atk|1
|move|p1a: Genesect|Iron Head|p2a: Landorus
|-damage|p2a: Landorus|0 fnt
|-damage|p1a: Genesect|91/100|[from] item: Life Orb
|faint|p2a: Landorus
|
|-weather|RainDance|[upkeep]
|upkeep
|l| Nax_xUz
|
|t:|1603438690
|switch|p2a: Cinderace|Cinderace, M|72/100
|turn|8
|l| BoomBoomBoo
|
|t:|1603438697
|move|p2a: Cinderace|U-turn|p1a: Genesect
|-start|p2a: Cinderace|typechange|Bug|[from] ability: Libero
|-resisted|p1a: Genesect
|-damage|p1a: Genesect|60/100
|
|t:|1603438701
|switch|p2a: Clefable|Clefable, F|100/100|[from]move: U-turn
|move|p1a: Genesect|Thunder|p2a: Clefable
|-damage|p2a: Clefable|63/100
|-damage|p1a: Genesect|50/100|[from] item: Life Orb
|
|-weather|RainDance|[upkeep]
|-heal|p2a: Clefable|69/100|[from] item: Leftovers
|upkeep
|turn|9
|c| 3d|252 SpA Choice Specs Tapu Koko Rising Voltage (140 BP) vs. 252 HP / 4 SpD Ferrothorn in Electric Terrain: 162-192 (46 - 54.5%) -- 6.6% chance to 2HKO after Leftovers recovery
|
|t:|1603438712
|switch|p1a: Kingdra|Kingdra, M|100/100
|move|p2a: Clefable|Protect||[still]
|-fail|p2a: Clefable
|
|-weather|RainDance|[upkeep]
|-heal|p2a: Clefable|75/100|[from] item: Leftovers
|upkeep
|turn|10
|
|t:|1603438717
|move|p2a: Clefable|Protect|p2a: Clefable
|-singleturn|p2a: Clefable|Protect
|move|p1a: Kingdra|Hydro Pump|p2a: Clefable
|-activate|p2a: Clefable|move: Protect
|
|-weather|RainDance|[upkeep]
|-heal|p2a: Clefable|81/100|[from] item: Leftovers
|upkeep
|turn|11
|j| Atraaax
|
|t:|1603438723
|switch|p2a: Blissey|Blissey, F|93/100
|move|p1a: Kingdra|Hydro Pump|p2a: Blissey
|-damage|p2a: Blissey|51/100
|
|-weather|RainDance|[upkeep]
|upkeep
|turn|12
|j| Andresa<3
|
|t:|1603438729
|switch|p1a: Ferrothorn|Ferrothorn, F|50/100
|move|p2a: Blissey|Thunder Wave|p1a: Ferrothorn
|-status|p1a: Ferrothorn|par
|
|-weather|none
|upkeep
|turn|13
|
|t:|1603438735
|move|p2a: Blissey|Soft-Boiled|p2a: Blissey
|-heal|p2a: Blissey|100/100
|move|p1a: Ferrothorn|Knock Off|p2a: Blissey
|-damage|p2a: Blissey|83/100
|-enditem|p2a: Blissey|Heavy-Duty Boots|[from] move: Knock Off|[of] p1a: Ferrothorn
|
|upkeep
|turn|14
|
|t:|1603438741
|switch|p2a: Cinderace|Cinderace, M|72/100
|move|p1a: Ferrothorn|Spikes|p2a: Cinderace
|-sidestart|p2: Commando 55|Spikes
|
|upkeep
|turn|15
|
|t:|1603438747
|move|p2a: Cinderace|High Jump Kick|p1a: Ferrothorn
|-start|p2a: Cinderace|typechange|Fighting|[from] ability: Libero
|-supereffective|p1a: Ferrothorn
|-damage|p1a: Ferrothorn|0 fnt
|-damage|p2a: Cinderace|59/100|[from] ability: Iron Barbs|[of] p1a: Ferrothorn
|-damage|p2a: Cinderace|43/100|[from] item: Rocky Helmet|[of] p1a: Ferrothorn
|faint|p1a: Ferrothorn
|
|upkeep
|
|t:|1603438752
|switch|p1a: Tapu Koko|Tapu Koko|86/100
|-fieldstart|move: Electric Terrain|[from] ability: Electric Surge|[of] p1a: Tapu Koko
|turn|16
|j| Framboise deter
|c| 3d|+1 252+ SpA Choice Specs Tapu Koko Rising Voltage (140 BP) vs. 252 HP / 4 SpD Ferrothorn in Electric Terrain: 267-315 (75.8 - 89.4%) -- guaranteed 2HKO after Stealth Rock and Leftovers recovery
|
|t:|1603438760
|switch|p2a: Clefable|Clefable, F|81/100
|move|p1a: Tapu Koko|U-turn|p2a: Clefable
|-resisted|p2a: Clefable
|-damage|p2a: Clefable|74/100
|
|t:|1603438765
|switch|p1a: Pelipper|Pelipper, M|100/100|[from]move: U-turn
|-weather|RainDance|[from] ability: Drizzle|[of] p1a: Pelipper
|
|-weather|RainDance|[upkeep]
|-heal|p2a: Clefable|80/100|[from] item: Leftovers
|upkeep
|turn|17
|j| OPJellicent
|j| Hatter's Tea
|j| SORRY BUT I GOTTA
|
|t:|1603438781
|switch|p1a: Genesect|Genesect, shiny|50/100
|-ability|p1a: Genesect|Download|boost
|-boost|p1a: Genesect|spa|1
|move|p2a: Clefable|Wish|p2a: Clefable
|
|-weather|RainDance|[upkeep]
|-heal|p2a: Clefable|86/100|[from] item: Leftovers
|upkeep
|turn|18
|l|opjellicent
|j| pizza
|
|t:|1603438803
|switch|p2a: Genesect|Genesect, shiny|47/100
|-damage|p2a: Genesect|34/100|[from] Spikes
|-ability|p2a: Genesect|Download|boost
|-boost|p2a: Genesect|spa|1
|move|p1a: Genesect|Iron Head|p2a: Genesect
|-resisted|p2a: Genesect
|-damage|p2a: Genesect|0 fnt
|-damage|p1a: Genesect|40/100|[from] item: Life Orb
|faint|p2a: Genesect
|
|-weather|RainDance|[upkeep]
|upkeep
|
|t:|1603438808
|switch|p2a: Cinderace|Cinderace, M|43/100
|-damage|p2a: Cinderace|30/100|[from] Spikes
|turn|19
|c| 3d|+1 252+ SpA Choice Specs Tapu Koko Rising Voltage (140 BP) vs. 252 HP / 4 SpD Ferrothorn in Electric Terrain: 267-315 (75.8 - 89.4%) -- guaranteed 2HKO after Stealth Rock and Leftovers recovery
|
|t:|1603438814
|switch|p1a: Pelipper|Pelipper, M|100/100
|move|p2a: Cinderace|Sucker Punch||[still]
|-fail|p2a: Cinderace
|
|-weather|RainDance|[upkeep]
|upkeep
|turn|20
|j| vip10086
|-message|Commando 55 forfeited.
|
|win|bdhb
|l|☆Commando 55
|raw|bdhb's rating: 1822 &rarr; <strong>1837</strong><br />(+15 for winning)
|raw|Commando 55's rating: 1729 &rarr; <strong>1714</strong><br />(-15 for losing)
|l| pizza
