|j|☆someidiot19
|j|☆thetrilogy
|t:|1667141670
|gametype|singles
|player|p1|someidiot19|karen-gen2|1581
|player|p2|thetrilogy|fisherman-gen4|1512
|teamsize|p1|6
|teamsize|p2|6
|gen|8
|tier|[Gen 8] OU
|rated|
|rule|Sleep Clause Mod: Limit one foe put to sleep
|rule|Species Clause: Limit one of each Pokémon
|rule|OHKO Clause: OHKO moves are banned
|rule|Evasion Items Clause: Evasion items are banned
|rule|Evasion Moves Clause: Evasion moves are banned
|rule|Endless Battle Clause: Forcing endless battles is banned
|rule|HP Percentage Mod: HP is shown in percentages
|rule|Dynamax Clause: You cannot dynamax
|clearpoke
|poke|p1|Rillaboom, F|
|poke|p1|Thwackey, F|
|poke|p1|Grookey, M|
|poke|p1|Zapdos|
|poke|p1|Garchomp, F|
|poke|p1|Magnezone|
|poke|p2|Landorus-Therian, M|
|poke|p2|Dragapult, M|
|poke|p2|Slowbro, F|
|poke|p2|Porygon2|
|poke|p2|Marowak-Alola, F|
|poke|p2|Conkeldurr, F|
|teampreview
|inactive|Battle timer is ON: inactive players will automatically lose when time's up. (requested by someidiot19)
|inactive|thetrilogy has 120 seconds left.
|
|t:|1667141703
|start
|switch|p1a: Garchomp|Garchomp, F|100/100
|switch|p2a: guts|Conkeldurr, F|100/100
|turn|1
|
|t:|1667141717
|switch|p1a: Magnezone|Magnezone|100/100
|switch|p2a: Landorus|Landorus-Therian, M|100/100
|-ability|p2a: Landorus|Intimidate|boost
|-unboost|p1a: Magnezone|atk|1
|
|upkeep
|turn|2
|
|t:|1667141722
|switch|p1a: Zapdos|Zapdos|100/100
|move|p2a: Landorus|Earthquake|p1a: Zapdos
|-immune|p1a: Zapdos
|
|upkeep
|turn|3
|
|t:|1667141726
|move|p1a: Zapdos|Hurricane|p2a: Landorus|[miss]
|-miss|p1a: Zapdos|p2a: Landorus
|move|p2a: Landorus|Stealth Rock|p1a: Zapdos
|-sidestart|p1: someidiot19|move: Stealth Rock
|
|upkeep
|turn|4
|
|t:|1667141729
|switch|p2a: Porygon2|Porygon2, shiny|100/100
|-ability|p2a: Porygon2|Static|[from] ability: Trace|[of] p1a: Zapdos
|move|p1a: Zapdos|Defog|p2a: Porygon2
|-unboost|p2a: Porygon2|evasion|1
|-sideend|p1: someidiot19|Stealth Rock|[from] move: Defog|[of] p1a: Zapdos
|
|upkeep
|turn|5
|
|t:|1667141732
|move|p1a: Zapdos|Volt Switch|p2a: Porygon2
|-damage|p2a: Porygon2|88/100
|
|t:|1667141734
|switch|p1a: Garchomp|Garchomp, F|100/100|[from]move: Volt Switch
|move|p2a: Porygon2|Trick Room|p2a: Porygon2
|-fieldstart|move: Trick Room|[of] p2a: Porygon2
|
|upkeep
|turn|6
|
|t:|1667141739
|move|p1a: Garchomp|Stealth Rock|p2a: Porygon2
|-sidestart|p2: thetrilogy|move: Stealth Rock
|move|p2a: Porygon2|Teleport|p2a: Porygon2
|
|t:|1667141752
|switch|p2a: guts|Conkeldurr, F|100/100|[from]move: Teleport
|-damage|p2a: guts|94/100|[from] Stealth Rock
|
|-status|p2a: guts|brn|[from] item: Flame Orb
|upkeep
|turn|7
|
|t:|1667141754
|move|p1a: Garchomp|Protect|p1a: Garchomp
|-singleturn|p1a: Garchomp|Protect
|move|p2a: guts|Close Combat|p1a: Garchomp
|-activate|p1a: Garchomp|move: Protect
|
|-damage|p2a: guts|88/100 brn|[from] brn
|upkeep
|turn|8
|
|t:|1667141758
|switch|p1a: Zapdos|Zapdos|100/100
|move|p2a: guts|Close Combat|p1a: Zapdos
|-resisted|p1a: Zapdos
|-damage|p1a: Zapdos|55/100
|-unboost|p2a: guts|def|1
|-unboost|p2a: guts|spd|1
|
|-damage|p2a: guts|82/100 brn|[from] brn
|upkeep
|turn|9
|
|t:|1667141763
|switch|p1a: Magnezone|Magnezone|100/100
|move|p2a: guts|Facade|p1a: Magnezone
|-resisted|p1a: Magnezone
|-damage|p1a: Magnezone|52/100
|
|-damage|p2a: guts|76/100 brn|[from] brn
|-fieldend|move: Trick Room
|upkeep
|turn|10
|
|t:|1667141772
|switch|p2a: Landorus|Landorus-Therian, M|100/100
|-damage|p2a: Landorus|88/100|[from] Stealth Rock
|-ability|p2a: Landorus|Intimidate|boost
|-unboost|p1a: Magnezone|atk|1
|move|p1a: Magnezone|Flash Cannon|p2a: Landorus
|-damage|p2a: Landorus|53/100
|
|-heal|p2a: Landorus|59/100|[from] item: Leftovers
|upkeep
|turn|11
|
|t:|1667141777
|move|p1a: Magnezone|Flash Cannon|p2a: Landorus
|-damage|p2a: Landorus|22/100
|move|p2a: Landorus|Defog|p1a: Magnezone
|-unboost|p1a: Magnezone|evasion|1
|-sideend|p2: thetrilogy|Stealth Rock|[from] move: Defog|[of] p2a: Landorus
|
|-heal|p2a: Landorus|28/100|[from] item: Leftovers
|upkeep
|turn|12
|
|t:|1667141780
|switch|p2a: Porygon2|Porygon2, shiny|88/100
|-ability|p2a: Porygon2|Magnet Pull|[from] ability: Trace|[of] p1a: Magnezone
|move|p1a: Magnezone|Flash Cannon|p2a: Porygon2
|-damage|p2a: Porygon2|68/100
|
|upkeep
|turn|13
|
|t:|1667141782
|move|p1a: Magnezone|Volt Switch|p2a: Porygon2
|-damage|p2a: Porygon2|50/100
|
|t:|1667141784
|switch|p1a: Garchomp|Garchomp, F|100/100|[from]move: Volt Switch
|move|p2a: Porygon2|Trick Room|p2a: Porygon2
|-fieldstart|move: Trick Room|[of] p2a: Porygon2
|
|upkeep
|turn|14
|
|t:|1667141792
|switch|p2a: guts|Conkeldurr, F|76/100 brn
|move|p1a: Garchomp|Stealth Rock|p2a: guts
|-sidestart|p2: thetrilogy|move: Stealth Rock
|
|-damage|p2a: guts|70/100 brn|[from] brn
|upkeep
|turn|15
|
|t:|1667141794
|move|p1a: Garchomp|Protect|p1a: Garchomp
|-singleturn|p1a: Garchomp|Protect
|move|p2a: guts|Close Combat|p1a: Garchomp
|-activate|p1a: Garchomp|move: Protect
|
|-damage|p2a: guts|64/100 brn|[from] brn
|upkeep
|turn|16
|
|t:|1667141800
|switch|p1a: Zapdos|Zapdos|55/100
|move|p2a: guts|Close Combat|p1a: Zapdos
|-resisted|p1a: Zapdos
|-damage|p1a: Zapdos|14/100
|-unboost|p2a: guts|def|1
|-unboost|p2a: guts|spd|1
|
|-damage|p2a: guts|58/100 brn|[from] brn
|upkeep
|turn|17
|
|t:|1667141805
|move|p2a: guts|Close Combat|p1a: Zapdos
|-resisted|p1a: Zapdos
|-damage|p1a: Zapdos|0 fnt
|-unboost|p2a: guts|def|1
|-unboost|p2a: guts|spd|1
|faint|p1a: Zapdos
|
|-damage|p2a: guts|52/100 brn|[from] brn
|-fieldend|move: Trick Room
|upkeep
|
|t:|1667141810
|switch|p1a: Thwackey|Thwackey, F|100/100
|-fieldstart|move: Grassy Terrain|[from] ability: Grassy Surge|[of] p1a: Thwackey
|turn|18
|
|t:|1667141819
|move|p1a: Thwackey|Grassy Glide|p2a: guts
|-damage|p2a: guts|0 fnt
|faint|p2a: guts
|
|upkeep
|
|t:|1667141829
|switch|p2a: Dragapult|Dragapult, M|100/100
|-damage|p2a: Dragapult|88/100|[from] Stealth Rock
|turn|19
|inactive|someidiot19 has 120 seconds left.
|
|t:|1667141866
|move|p1a: Thwackey|Grassy Glide|p2a: Dragapult
|-resisted|p2a: Dragapult
|-damage|p2a: Dragapult|66/100
|move|p2a: Dragapult|Dragon Dance|p2a: Dragapult
|-boost|p2a: Dragapult|atk|1
|-boost|p2a: Dragapult|spe|1
|
|-heal|p2a: Dragapult|72/100|[from] Grassy Terrain
|upkeep
|turn|20
|inactive|someidiot19 has 120 seconds left.
|
|t:|1667141907
|move|p1a: Thwackey|Grassy Glide|p2a: Dragapult
|-resisted|p2a: Dragapult
|-damage|p2a: Dragapult|48/100
|move|p2a: Dragapult|Dragon Darts|p1a: Thwackey
|-damage|p1a: Thwackey|44/100
|-anim|p2a: Dragapult|Dragon Darts|p1a: Thwackey
|-damage|p1a: Thwackey|0 fnt
|faint|p1a: Thwackey
|
|-heal|p2a: Dragapult|54/100|[from] Grassy Terrain
|upkeep
|
|t:|1667141923
|switch|p1a: Grookey|Grookey, M|100/100
|turn|21
|
|t:|1667141926
|move|p1a: Grookey|Grassy Glide|p2a: Dragapult
|-resisted|p2a: Dragapult
|-damage|p2a: Dragapult|24/100
|move|p2a: Dragapult|Dragon Darts|p1a: Grookey
|-damage|p1a: Grookey|0 fnt
|faint|p1a: Grookey
|
|-heal|p2a: Dragapult|30/100|[from] Grassy Terrain
|upkeep
|
|t:|1667141930
|switch|p1a: Rillaboom|Rillaboom, F|100/100
|turn|22
|
|t:|1667141946
|move|p2a: Dragapult|Sucker Punch|p1a: Rillaboom
|-crit|p1a: Rillaboom
|-damage|p1a: Rillaboom|39/100
|move|p1a: Rillaboom|Grassy Glide|p2a: Dragapult
|-resisted|p2a: Dragapult
|-damage|p2a: Dragapult|0 fnt
|faint|p2a: Dragapult
|-damage|p1a: Rillaboom|29/100|[from] item: Life Orb
|
|-heal|p1a: Rillaboom|35/100|[from] Grassy Terrain
|-fieldend|move: Grassy Terrain
|upkeep
|inactive|thetrilogy has 120 seconds left.
|
|t:|1667141983
|switch|p2a: Slowbro|Slowbro, F|100/100
|-damage|p2a: Slowbro|88/100|[from] Stealth Rock
|turn|23
|
|t:|1667141988
|switch|p1a: Magnezone|Magnezone|52/100
|move|p2a: Slowbro|Trick Room|p2a: Slowbro
|-fieldstart|move: Trick Room|[of] p2a: Slowbro
|
|upkeep
|turn|24
|
|t:|1667142002
|move|p1a: Magnezone|Thunderbolt|p2a: Slowbro
|-supereffective|p2a: Slowbro
|-damage|p2a: Slowbro|0 fnt
|faint|p2a: Slowbro
|
|upkeep
|
|t:|1667142012
|switch|p2a: Marowak|Marowak-Alola, F|100/100
|-damage|p2a: Marowak|75/100|[from] Stealth Rock
|turn|25
|
|t:|1667142023
|switch|p1a: Garchomp|Garchomp, F|100/100
|move|p2a: Marowak|Swords Dance|p2a: Marowak
|-boost|p2a: Marowak|atk|2
|
|upkeep
|turn|26
|
|t:|1667142027
|move|p1a: Garchomp|Protect|p1a: Garchomp
|-singleturn|p1a: Garchomp|Protect
|move|p2a: Marowak|Shadow Bone|p1a: Garchomp
|-activate|p1a: Garchomp|move: Protect
|
|upkeep
|turn|27
|
|t:|1667142034
|switch|p1a: Magnezone|Magnezone|52/100
|move|p2a: Marowak|Shadow Bone|p1a: Magnezone
|-damage|p1a: Magnezone|0 fnt
|faint|p1a: Magnezone
|
|-fieldend|move: Trick Room
|upkeep
|
|t:|1667142036
|switch|p1a: Garchomp|Garchomp, F|100/100
|turn|28
|
|t:|1667142048
|switch|p2a: Landorus|Landorus-Therian, M|28/100
|-damage|p2a: Landorus|15/100|[from] Stealth Rock
|-ability|p2a: Landorus|Intimidate|boost
|-unboost|p1a: Garchomp|atk|1
|move|p1a: Garchomp|Earthquake|p2a: Landorus
|-immune|p2a: Landorus
|
|-heal|p2a: Landorus|21/100|[from] item: Leftovers
|upkeep
|turn|29
|inactive|someidiot19 has 120 seconds left.
|
|t:|1667142081
|move|p1a: Garchomp|Toxic|p2a: Landorus
|-status|p2a: Landorus|tox
|move|p2a: Landorus|Toxic|p1a: Garchomp
|-status|p1a: Garchomp|tox
|
|-heal|p2a: Landorus|27/100 tox|[from] item: Leftovers
|-damage|p1a: Garchomp|94/100 tox|[from] psn
|-damage|p2a: Landorus|21/100 tox|[from] psn
|upkeep
|turn|30
|
|t:|1667142096
|switch|p1a: Rillaboom|Rillaboom, F|35/100
|-fieldstart|move: Grassy Terrain|[from] ability: Grassy Surge|[of] p1a: Rillaboom
|move|p2a: Landorus|Stealth Rock|p1a: Rillaboom
|-sidestart|p1: someidiot19|move: Stealth Rock
|
|-heal|p1a: Rillaboom|41/100|[from] Grassy Terrain
|-heal|p2a: Landorus|27/100 tox|[from] item: Leftovers
|-damage|p2a: Landorus|15/100 tox|[from] psn
|upkeep
|turn|31
|
|t:|1667142105
|move|p1a: Rillaboom|Acrobatics|p2a: Landorus
|-damage|p2a: Landorus|0 fnt
|faint|p2a: Landorus
|-damage|p1a: Rillaboom|31/100|[from] item: Life Orb
|
|-heal|p1a: Rillaboom|37/100|[from] Grassy Terrain
|upkeep
|c|☆thetrilogy|i could have gone for defog
|c|☆thetrilogy|dude
|c|☆thetrilogy|cmon
|
|t:|1667142114
|switch|p2a: Porygon2|Porygon2, shiny|50/100
|-damage|p2a: Porygon2|37/100|[from] Stealth Rock
|-ability|p2a: Porygon2|Grassy Surge|[from] ability: Trace|[of] p1a: Rillaboom
|turn|32
|
|t:|1667142120
|move|p1a: Rillaboom|Drain Punch|p2a: Porygon2
|-supereffective|p2a: Porygon2
|-damage|p2a: Porygon2|0 fnt
|-heal|p1a: Rillaboom|58/100|[from] drain|[of] p2a: Porygon2
|faint|p2a: Porygon2
|-damage|p1a: Rillaboom|48/100|[from] item: Life Orb
|
|-heal|p1a: Rillaboom|54/100|[from] Grassy Terrain
|upkeep
|-message|thetrilogy forfeited.
|
|win|someidiot19
|raw|someidiot19's rating: 1581 &rarr; <strong>1597</strong><br />(+16 for winning)
|raw|thetrilogy's rating: 1512 &rarr; <strong>1496</strong><br />(-16 for losing)
|l|☆thetrilogy
