|j|☆Acey 2B
|j|☆thounss
|player|p1|Acey 2B|anabel|1718
|player|p2|thounss|101|1702
|teamsize|p1|6
|teamsize|p2|6
|gametype|singles
|gen|8
|tier|[Gen 8] OU
|rated|
|clearpoke
|poke|p1|Pelipper, M|
|poke|p1|Ferrothorn, M|
|poke|p1|Crawdaunt, F|
|poke|p1|Heliolisk, M|
|poke|p1|Mantine, F|
|poke|p1|Dracovish|
|poke|p2|Corviknight, M|
|poke|p2|Rotom-Heat|
|poke|p2|Dugtrio, M|
|poke|p2|Conkeldurr, M|
|poke|p2|Clefable, M|
|poke|p2|Seismitoad, M|
|rule|Sleep Clause Mod: Limit one foe put to sleep
|rule|Species Clause: Limit one of each Pokémon
|rule|OHKO Clause: OHKO moves are banned
|rule|Evasion Moves Clause: Evasion moves are banned
|rule|Endless Battle Clause: Forcing endless battles is banned
|rule|HP Percentage Mod: HP is shown in percentages
|rule|Dynamax Clause: You cannot dynamax
|teampreview
|j| Starplanyte
|j| TameWildebeest
|l| Starplanyte
|
|start
|switch|p1a: Crawdaunt|Crawdaunt, F|100/100
|switch|p2a: Rotom|Rotom-Heat|100/100
|turn|1
|j| IthinkI'm
|j| C£ROPR
|j| TittiesMcTrixie
|j| El Steiwos
|j| Ghig
|l| Ghig
|
|move|p1a: Crawdaunt|Aqua Jet|p2a: Rotom
|-supereffective|p2a: Rotom
|-damage|p2a: Rotom|44/100
|move|p2a: Rotom|Volt Switch|p1a: Crawdaunt
|-supereffective|p1a: Crawdaunt
|-damage|p1a: Crawdaunt|0 fnt
|faint|p1a: Crawdaunt
|j| Ghig
|l| TameWildebeest
|l| C£ROPR
|inactive|Battle timer is ON: inactive players will automatically lose when time's up. (requested by Acey 2B)
|
|switch|p2a: Conkeldurr|Conkeldurr, M|100/100|[from]move: Volt Switch
|
|-status|p2a: Conkeldurr|brn|[from] item: Flame Orb
|upkeep
|c| Ghig|hello fellow weebs
|
|switch|p1a: Pelipper|Pelipper, M|100/100
|-weather|RainDance|[from] ability: Drizzle|[of] p1a: Pelipper
|turn|2
|l| IthinkI'm
|c|☆Acey 2B|henlo
|
|move|p1a: Pelipper|Hurricane|p2a: Conkeldurr
|-supereffective|p2a: Conkeldurr
|-crit|p2a: Conkeldurr
|-damage|p2a: Conkeldurr|0 fnt
|faint|p2a: Conkeldurr
|
|-weather|RainDance|[upkeep]
|upkeep
|j|‽A new King
|
|switch|p2a: Rotom|Rotom-Heat|44/100
|turn|3
|
|switch|p1a: Ferrothorn|Ferrothorn, M|100/100
|move|p2a: Rotom|Volt Switch|p1a: Ferrothorn
|-resisted|p1a: Ferrothorn
|-damage|p1a: Ferrothorn|89/100
|c| TittiesMcTrixie|Ohoi
|
|switch|p2a: Clefable|Clefable, M|100/100|[from]move: Volt Switch
|
|-weather|RainDance|[upkeep]
|-heal|p1a: Ferrothorn|95/100|[from] item: Leftovers
|upkeep
|turn|4
|
|switch|p1a: Dracovish|Dracovish|100/100
|move|p2a: Clefable|Flamethrower|p1a: Dracovish
|-resisted|p1a: Dracovish
|-damage|p1a: Dracovish|95/100
|
|-weather|RainDance|[upkeep]
|upkeep
|turn|5
|j| Calamity_J
|
|switch|p1a: Heliolisk|Heliolisk, M|100/100
|move|p2a: Clefable|Moonblast|p1a: Heliolisk
|-damage|p1a: Heliolisk|21/100
|-unboost|p1a: Heliolisk|spa|1
|
|-weather|RainDance|[upkeep]
|-heal|p1a: Heliolisk|33/100|[from] ability: Dry Skin
|upkeep
|turn|6
|j| Buffboyjared
|j| TameWildebeest
|
|move|p1a: Heliolisk|Volt Switch|p2a: Clefable
|-damage|p2a: Clefable|70/100
|-damage|p1a: Heliolisk|24/100|[from] item: Life Orb
|
|switch|p1a: Mantine|Mantine, F|100/100|[from]move: Volt Switch
|move|p2a: Clefable|Flamethrower|p1a: Mantine
|-resisted|p1a: Mantine
|-damage|p1a: Mantine|94/100
|
|-weather|RainDance|[upkeep]
|upkeep
|turn|7
|
|switch|p2a: Rotom|Rotom-Heat|44/100
|move|p1a: Mantine|Hydro Pump|p2a: Rotom
|-supereffective|p2a: Rotom
|-damage|p2a: Rotom|0 fnt
|-damage|p1a: Mantine|84/100|[from] item: Life Orb
|faint|p2a: Rotom
|
|-weather|RainDance|[upkeep]
|upkeep
|l| Ghig
|
|switch|p2a: Seismitoad|Seismitoad, M|100/100
|turn|8
|
|switch|p1a: Ferrothorn|Ferrothorn, M|95/100
|move|p2a: Seismitoad|Stealth Rock|p1a: Ferrothorn
|-sidestart|p1: Acey 2B|move: Stealth Rock
|
|-weather|RainDance|[upkeep]
|-heal|p1a: Ferrothorn|100/100|[from] item: Leftovers
|upkeep
|turn|9
|
|switch|p2a: Clefable|Clefable, M|70/100
|move|p1a: Ferrothorn|Knock Off|p2a: Clefable
|-resisted|p2a: Clefable
|-damage|p2a: Clefable|58/100
|-enditem|p2a: Clefable|Life Orb|[from] move: Knock Off|[of] p1a: Ferrothorn
|
|-weather|none
|upkeep
|turn|10
|
|move|p2a: Clefable|Thunderbolt|p1a: Ferrothorn
|-resisted|p1a: Ferrothorn
|-damage|p1a: Ferrothorn|89/100
|move|p1a: Ferrothorn|Stealth Rock|p2a: Clefable
|-sidestart|p2: thounss|move: Stealth Rock
|
|-heal|p1a: Ferrothorn|95/100|[from] item: Leftovers
|upkeep
|turn|11
|
|switch|p1a: Pelipper|Pelipper, M|100/100
|-damage|p1a: Pelipper|76/100|[from] Stealth Rock
|-weather|RainDance|[from] ability: Drizzle|[of] p1a: Pelipper
|move|p2a: Clefable|Thunderbolt|p1a: Pelipper
|-supereffective|p1a: Pelipper
|-crit|p1a: Pelipper
|-damage|p1a: Pelipper|0 fnt
|faint|p1a: Pelipper
|
|-weather|RainDance|[upkeep]
|upkeep
|
|switch|p1a: Mantine|Mantine, F|84/100
|-damage|p1a: Mantine|59/100|[from] Stealth Rock
|turn|12
|j| spellygg
|
|move|p1a: Mantine|Hydro Pump|p2a: Clefable
|-damage|p2a: Clefable|0 fnt
|-damage|p1a: Mantine|49/100|[from] item: Life Orb
|faint|p2a: Clefable
|
|-weather|RainDance|[upkeep]
|upkeep
|l| TameWildebeest
|l| El Steiwos
|inactive|thounss has 120 seconds left.
|inactive|thounss has 90 seconds left.
|
|switch|p2a: Dugtrio|Dugtrio, M|100/100
|-damage|p2a: Dugtrio|94/100|[from] Stealth Rock
|turn|13
|
|move|p2a: Dugtrio|Sucker Punch|p1a: Mantine
|-damage|p1a: Mantine|2/100
|move|p1a: Mantine|Hurricane|p2a: Dugtrio
|-damage|p2a: Dugtrio|0 fnt
|-damage|p1a: Mantine|0 fnt|[from] item: Life Orb
|faint|p2a: Dugtrio
|faint|p1a: Mantine
|
|-weather|RainDance|[upkeep]
|upkeep
|
|switch|p2a: Corviknight|Corviknight, M|100/100
|switch|p1a: Heliolisk|Heliolisk, M|24/100
|-damage|p1a: Heliolisk|11/100|[from] Stealth Rock
|-damage|p2a: Corviknight|88/100|[from] Stealth Rock
|-ability|p2a: Corviknight|Pressure
|turn|14
|
|switch|p2a: Seismitoad|Seismitoad, M|100/100
|-damage|p2a: Seismitoad|94/100|[from] Stealth Rock
|move|p1a: Heliolisk|Thunder|p2a: Seismitoad
|-immune|p2a: Seismitoad
|
|-weather|RainDance|[upkeep]
|-heal|p1a: Heliolisk|24/100|[from] ability: Dry Skin
|-heal|p2a: Seismitoad|100/100|[from] item: Leftovers
|upkeep
|turn|15
|
|move|p1a: Heliolisk|Grass Knot|p2a: Seismitoad
|-supereffective|p2a: Seismitoad
|-damage|p2a: Seismitoad|0 fnt
|-damage|p1a: Heliolisk|14/100|[from] item: Life Orb
|faint|p2a: Seismitoad
|
|-weather|RainDance|[upkeep]
|-heal|p1a: Heliolisk|26/100|[from] ability: Dry Skin
|upkeep
|
|switch|p2a: Corviknight|Corviknight, M|88/100
|-damage|p2a: Corviknight|75/100|[from] Stealth Rock
|-ability|p2a: Corviknight|Pressure
|turn|16
|
|move|p1a: Heliolisk|Thunder|p2a: Corviknight
|-supereffective|p2a: Corviknight
|-damage|p2a: Corviknight|0 fnt
|-damage|p1a: Heliolisk|16/100|[from] item: Life Orb
|faint|p2a: Corviknight
|
|win|Acey 2B
|c| TittiesMcTrixie|Gang gang
|c|☆Acey 2B|gg
|l|☆thounss
|l| Buffboyjared
|l| spellygg
|raw|Acey 2B's rating: 1718 &rarr; <strong>1737</strong><br />(+19 for winning)
|raw|thounss's rating: 1702 &rarr; <strong>1683</strong><br />(-19 for losing)
