|j|☆ldailey19
|j|☆passanger51632
|t:|1664350798
|gametype|singles
|player|p1|ldailey19|lance|1652
|player|p2|passanger51632|170|1627
|teamsize|p1|6
|teamsize|p2|6
|gen|8
|tier|[Gen 8] OU
|rated|
|rule|Sleep Clause Mod: Limit one foe put to sleep
|rule|Species Clause: Limit one of each Pokémon
|rule|OHKO Clause: OHKO moves are banned
|rule|Evasion Items Clause: Evasion items are banned
|rule|Evasion Moves Clause: Evasion moves are banned
|rule|Endless Battle Clause: Forcing endless battles is banned
|rule|HP Percentage Mod: HP is shown in percentages
|rule|Dynamax Clause: You cannot dynamax
|clearpoke
|poke|p1|Magnezone|
|poke|p1|Weavile, F|
|poke|p1|Urshifu-*, F|
|poke|p1|Heatran, M|
|poke|p1|Landorus-Therian, M|
|poke|p1|Dragapult, F|
|poke|p2|Obstagoon, F|
|poke|p2|Swampert, M|
|poke|p2|Zapdos|
|poke|p2|Rillaboom, M|
|poke|p2|Heatran, M|
|poke|p2|Tapu Fini|
|teampreview
|inactive|Battle timer is ON: inactive players will automatically lose when time's up. (requested by ldailey19)
|
|t:|1664350816
|start
|switch|p1a: Weavile|Weavile, F|100/100
|switch|p2a: Swampert|Swampert, M|100/100
|-ability|p1a: Weavile|Pressure
|turn|1
|
|t:|1664350825
|switch|p2a: Tapu Fini|Tapu Fini|100/100
|-fieldstart|move: Misty Terrain|[from] ability: Misty Surge|[of] p2a: Tapu Fini
|move|p1a: Weavile|Knock Off|p2a: Tapu Fini
|-resisted|p2a: Tapu Fini
|-damage|p2a: Tapu Fini|77/100
|-enditem|p2a: Tapu Fini|Leftovers|[from] move: Knock Off|[of] p1a: Weavile
|
|upkeep
|turn|2
|l|☆passanger51632
|inactive|passanger51632 disconnected and has a minute to reconnect!
|player|p2|
|j|☆passanger51632
|inactive|passanger51632 reconnected and has 140 seconds left.
|player|p2|passanger51632|170
|
|t:|1664350844
|switch|p1a: Magnezone|Magnezone, shiny|100/100
|switch|p2a: Swampert|Swampert, M|100/100
|
|upkeep
|turn|3
|
|t:|1664350853
|switch|p1a: Weavile|Weavile, F|100/100
|-ability|p1a: Weavile|Pressure
|move|p2a: Swampert|Stealth Rock|p1a: Weavile
|-sidestart|p1: ldailey19|move: Stealth Rock
|
|upkeep
|turn|4
|
|t:|1664350858
|switch|p2a: Tapu Fini|Tapu Fini|77/100
|move|p1a: Weavile|Triple Axel|p2a: Tapu Fini|[miss]
|-miss|p1a: Weavile|p2a: Tapu Fini
|
|upkeep
|turn|5
|l|☆passanger51632
|inactive|passanger51632 disconnected and has a minute to reconnect!
|player|p2|
|j|☆passanger51632
|inactive|passanger51632 reconnected and has 130 seconds left.
|player|p2|passanger51632|170
|inactive|passanger51632 has 120 seconds left.
|
|t:|1664350889
|switch|p1a: Magnezone|Magnezone, shiny|100/100
|-damage|p1a: Magnezone|94/100|[from] Stealth Rock
|move|p2a: Tapu Fini|Draining Kiss|p1a: Magnezone
|-resisted|p1a: Magnezone
|-damage|p1a: Magnezone|89/100
|-heal|p2a: Tapu Fini|81/100|[from] drain|[of] p1a: Magnezone
|
|-fieldend|Misty Terrain
|upkeep
|turn|6
|
|t:|1664350900
|switch|p2a: Swampert|Swampert, M|100/100
|move|p1a: Magnezone|Body Press|p2a: Swampert
|-damage|p2a: Swampert|74/100
|
|-heal|p2a: Swampert|80/100|[from] item: Leftovers
|upkeep
|turn|7
|inactive|ldailey19 has 120 seconds left.
|
|t:|1664350957
|switch|p1a: Urshifu|Urshifu-Rapid-Strike, F|100/100
|-damage|p1a: Urshifu|94/100|[from] Stealth Rock
|move|p2a: Swampert|Flip Turn|p1a: Urshifu
|-resisted|p1a: Urshifu
|-damage|p1a: Urshifu|83/100
|
|t:|1664350965
|switch|p2a: Rillaboom|Rillaboom, M|100/100|[from]move: Flip Turn
|-fieldstart|move: Grassy Terrain|[from] ability: Grassy Surge|[of] p2a: Rillaboom
|
|-heal|p1a: Urshifu|89/100|[from] Grassy Terrain
|upkeep
|turn|8
|
|t:|1664350972
|switch|p1a: Landorus|Landorus-Therian, M|100/100
|-damage|p1a: Landorus|88/100|[from] Stealth Rock
|-ability|p1a: Landorus|Intimidate|boost
|-unboost|p2a: Rillaboom|atk|1
|move|p2a: Rillaboom|U-turn|p1a: Landorus
|-resisted|p1a: Landorus
|-damage|p1a: Landorus|79/100
|-damage|p2a: Rillaboom|84/100|[from] item: Rocky Helmet|[of] p1a: Landorus
|
|t:|1664350976
|switch|p2a: Obstagoon|Obstagoon, F|100/100|[from]move: U-turn
|
|-status|p2a: Obstagoon|brn|[from] item: Flame Orb
|upkeep
|turn|9
|
|t:|1664350984
|move|p2a: Obstagoon|Switcheroo|p1a: Landorus
|-activate|p2a: Obstagoon|move: Trick|[of] p1a: Landorus
|-item|p1a: Landorus|Flame Orb|[from] move: Switcheroo
|-item|p2a: Obstagoon|Rocky Helmet|[from] move: Switcheroo
|move|p1a: Landorus|Defog|p2a: Obstagoon
|-unboost|p2a: Obstagoon|evasion|1
|-sideend|p1: ldailey19|Stealth Rock|[from] move: Defog|[of] p1a: Landorus
|-fieldend|move: Grassy Terrain
|
|-damage|p2a: Obstagoon|94/100 brn|[from] brn
|-status|p1a: Landorus|brn|[from] item: Flame Orb
|upkeep
|turn|10
|inactive|ldailey19 has 120 seconds left.
|
|t:|1664351004
|move|p2a: Obstagoon|Facade|p1a: Landorus
|-damage|p1a: Landorus|20/100 brn
|move|p1a: Landorus|Stealth Rock|p2a: Obstagoon
|-sidestart|p2: passanger51632|move: Stealth Rock
|
|-damage|p2a: Obstagoon|88/100 brn|[from] brn
|-damage|p1a: Landorus|14/100 brn|[from] brn
|upkeep
|turn|11
|
|t:|1664351011
|move|p2a: Obstagoon|Knock Off|p1a: Landorus
|-damage|p1a: Landorus|0 fnt
|-enditem|p1a: Landorus|Flame Orb|[from] move: Knock Off|[of] p2a: Obstagoon
|faint|p1a: Landorus
|
|-damage|p2a: Obstagoon|82/100 brn|[from] brn
|upkeep
|l|☆passanger51632
|inactive|passanger51632 disconnected and has a minute to reconnect!
|player|p2|
|j|☆passanger51632
|inactive|passanger51632 reconnected.
|player|p2|passanger51632|170
|
|t:|1664351032
|switch|p1a: Weavile|Weavile, F|100/100
|-ability|p1a: Weavile|Pressure
|turn|12
|j| GU£ST 00658775
|
|t:|1664351038
|switch|p2a: Tapu Fini|Tapu Fini|81/100
|-damage|p2a: Tapu Fini|69/100|[from] Stealth Rock
|-fieldstart|move: Misty Terrain|[from] ability: Misty Surge|[of] p2a: Tapu Fini
|move|p1a: Weavile|Triple Axel|p2a: Tapu Fini
|-resisted|p2a: Tapu Fini
|-damage|p2a: Tapu Fini|64/100
|-hitcount|p2a: Tapu Fini|1
|
|upkeep
|turn|13
|
|t:|1664351051
|switch|p1a: Magnezone|Magnezone, shiny|89/100
|switch|p2a: Swampert|Swampert, M|80/100
|-damage|p2a: Swampert|74/100|[from] Stealth Rock
|
|-heal|p2a: Swampert|80/100|[from] item: Leftovers
|upkeep
|turn|14
|
|t:|1664351060
|switch|p1a: Weavile|Weavile, F|100/100
|-ability|p1a: Weavile|Pressure
|move|p2a: Swampert|Stealth Rock|p1a: Weavile
|-sidestart|p1: ldailey19|move: Stealth Rock
|
|-heal|p2a: Swampert|86/100|[from] item: Leftovers
|upkeep
|turn|15
|l|☆passanger51632
|inactive|passanger51632 disconnected and has a minute to reconnect!
|player|p2|
|j|☆passanger51632
|inactive|passanger51632 reconnected and has 135 seconds left.
|player|p2|passanger51632|170
|inactive|passanger51632 has 120 seconds left.
|
|t:|1664351102
|switch|p2a: Heatran|Heatran, M|100/100
|-damage|p2a: Heatran|88/100|[from] Stealth Rock
|move|p1a: Weavile|Knock Off|p2a: Heatran
|-damage|p2a: Heatran|22/100
|-enditem|p2a: Heatran|Choice Scarf|[from] move: Knock Off|[of] p1a: Weavile
|
|upkeep
|turn|16
|inactive|ldailey19 has 120 seconds left.
|
|t:|1664351110
|switch|p2a: Tapu Fini|Tapu Fini|64/100
|-damage|p2a: Tapu Fini|51/100|[from] Stealth Rock
|move|p1a: Weavile|Knock Off|p2a: Tapu Fini
|-resisted|p2a: Tapu Fini
|-damage|p2a: Tapu Fini|37/100
|
|-fieldend|Misty Terrain
|upkeep
|turn|17
|inactive|ldailey19 has 120 seconds left.
|
|t:|1664351120
|switch|p1a: Magnezone|Magnezone, shiny|89/100
|-damage|p1a: Magnezone|83/100|[from] Stealth Rock
|move|p2a: Tapu Fini|Draining Kiss|p1a: Magnezone
|-resisted|p1a: Magnezone
|-damage|p1a: Magnezone|77/100
|-heal|p2a: Tapu Fini|41/100|[from] drain|[of] p1a: Magnezone
|
|upkeep
|turn|18
|inactive|ldailey19 has 120 seconds left.
|
|t:|1664351134
|switch|p2a: Heatran|Heatran, M|22/100
|-damage|p2a: Heatran|10/100|[from] Stealth Rock
|move|p1a: Magnezone|Flash Cannon|p2a: Heatran
|-resisted|p2a: Heatran
|-damage|p2a: Heatran|0 fnt
|faint|p2a: Heatran
|
|upkeep
|
|t:|1664351142
|switch|p2a: Obstagoon|Obstagoon, F|82/100 brn
|-damage|p2a: Obstagoon|70/100 brn|[from] Stealth Rock
|turn|19
|inactive|ldailey19 has 120 seconds left.
|
|t:|1664351165
|switch|p1a: Urshifu|Urshifu-Rapid-Strike, F|89/100
|-damage|p1a: Urshifu|83/100|[from] Stealth Rock
|move|p2a: Obstagoon|Close Combat|p1a: Urshifu
|-damage|p1a: Urshifu|32/100
|-unboost|p2a: Obstagoon|def|1
|-unboost|p2a: Obstagoon|spd|1
|
|-damage|p2a: Obstagoon|64/100 brn|[from] brn
|upkeep
|turn|20
|inactive|ldailey19 has 120 seconds left.
|l|☆passanger51632
|inactive|passanger51632 disconnected and has a minute to reconnect!
|player|p2|
|j|☆passanger51632
|inactive|passanger51632 reconnected and has 125 seconds left.
|player|p2|passanger51632|170
|inactive|passanger51632 has 120 seconds left.
|
|t:|1664351197
|switch|p2a: Zapdos|Zapdos|100/100
|move|p1a: Urshifu|Close Combat|p2a: Zapdos
|-resisted|p2a: Zapdos
|-damage|p2a: Zapdos|79/100
|-unboost|p1a: Urshifu|def|1
|-unboost|p1a: Urshifu|spd|1
|
|upkeep
|turn|21
|inactive|ldailey19 has 120 seconds left.
|
|t:|1664351212
|switch|p1a: Magnezone|Magnezone, shiny|77/100
|-damage|p1a: Magnezone|71/100|[from] Stealth Rock
|move|p2a: Zapdos|Volt Switch|p1a: Magnezone
|-resisted|p1a: Magnezone
|-damage|p1a: Magnezone|60/100
|
|t:|1664351218
|switch|p2a: Obstagoon|Obstagoon, F|64/100 brn|[from]move: Volt Switch
|-damage|p2a: Obstagoon|52/100 brn|[from] Stealth Rock
|
|-damage|p2a: Obstagoon|45/100 brn|[from] brn
|upkeep
|turn|22
|inactive|ldailey19 has 120 seconds left.
|
|t:|1664351230
|switch|p1a: Urshifu|Urshifu-Rapid-Strike, F|32/100
|-damage|p1a: Urshifu|25/100|[from] Stealth Rock
|move|p2a: Obstagoon|Close Combat|p1a: Urshifu
|-damage|p1a: Urshifu|0 fnt
|-unboost|p2a: Obstagoon|def|1
|-unboost|p2a: Obstagoon|spd|1
|faint|p1a: Urshifu
|
|-damage|p2a: Obstagoon|39/100 brn|[from] brn
|upkeep
|
|t:|1664351246
|switch|p1a: Dragapult|Dragapult, F, shiny|100/100
|-damage|p1a: Dragapult|88/100|[from] Stealth Rock
|turn|23
|
|t:|1664351257
|switch|p2a: Tapu Fini|Tapu Fini|41/100
|-damage|p2a: Tapu Fini|29/100|[from] Stealth Rock
|-fieldstart|move: Misty Terrain|[from] ability: Misty Surge|[of] p2a: Tapu Fini
|move|p1a: Dragapult|U-turn|p2a: Tapu Fini
|-resisted|p2a: Tapu Fini
|-damage|p2a: Tapu Fini|21/100
|inactive|ldailey19 has 90 seconds left.
|
|t:|1664351284
|switch|p1a: Weavile|Weavile, F|100/100|[from]move: U-turn
|-damage|p1a: Weavile|76/100|[from] Stealth Rock
|-ability|p1a: Weavile|Pressure
|
|upkeep
|turn|24
|
|t:|1664351289
|move|p1a: Weavile|Triple Axel|p2a: Tapu Fini
|-resisted|p2a: Tapu Fini
|-damage|p2a: Tapu Fini|15/100
|-resisted|p2a: Tapu Fini
|-crit|p2a: Tapu Fini
|-damage|p2a: Tapu Fini|0 fnt
|faint|p2a: Tapu Fini
|-hitcount|p2: Tapu Fini|2
|
|upkeep
|
|t:|1664351301
|switch|p2a: Rillaboom|Rillaboom, M|84/100
|-damage|p2a: Rillaboom|72/100|[from] Stealth Rock
|-fieldstart|move: Grassy Terrain|[from] ability: Grassy Surge|[of] p2a: Rillaboom
|turn|25
|
|t:|1664351318
|switch|p1a: Magnezone|Magnezone, shiny|60/100
|-damage|p1a: Magnezone|54/100|[from] Stealth Rock
|move|p2a: Rillaboom|U-turn|p1a: Magnezone
|-resisted|p1a: Magnezone
|-damage|p1a: Magnezone|37/100
|
|t:|1664351329
|switch|p2a: Swampert|Swampert, M|86/100|[from]move: U-turn
|-damage|p2a: Swampert|80/100|[from] Stealth Rock
|
|-heal|p1a: Magnezone|43/100|[from] Grassy Terrain
|-heal|p2a: Swampert|86/100|[from] Grassy Terrain
|-heal|p2a: Swampert|93/100|[from] item: Leftovers
|upkeep
|turn|26
|
|t:|1664351339
|move|p1a: Magnezone|Body Press|p2a: Swampert
|-damage|p2a: Swampert|75/100
|move|p2a: Swampert|High Horsepower|p1a: Magnezone
|-supereffective|p1a: Magnezone
|-damage|p1a: Magnezone|0 fnt
|faint|p1a: Magnezone
|
|-heal|p2a: Swampert|81/100|[from] Grassy Terrain
|-heal|p2a: Swampert|87/100|[from] item: Leftovers
|upkeep
|inactive|ldailey19 has 90 seconds left.
|
|t:|1664351358
|switch|p1a: Weavile|Weavile, F|76/100
|-damage|p1a: Weavile|51/100|[from] Stealth Rock
|-ability|p1a: Weavile|Pressure
|turn|27
|inactive|ldailey19 has 90 seconds left.
|
|t:|1664351380
|move|p1a: Weavile|Triple Axel|p2a: Swampert
|-damage|p2a: Swampert|73/100
|-damage|p2a: Swampert|46/100
|-damage|p2a: Swampert|5/100
|-hitcount|p2a: Swampert|3
|move|p2a: Swampert|Flip Turn|p1a: Weavile
|-damage|p1a: Weavile|13/100
|
|t:|1664351390
|switch|p2a: Rillaboom|Rillaboom, M|72/100|[from]move: Flip Turn
|-damage|p2a: Rillaboom|59/100|[from] Stealth Rock
|
|-heal|p1a: Weavile|19/100|[from] Grassy Terrain
|-heal|p2a: Rillaboom|66/100|[from] Grassy Terrain
|upkeep
|turn|28
|inactive|ldailey19 has 90 seconds left.
|
|t:|1664351410
|move|p2a: Rillaboom|Grassy Glide|p1a: Weavile
|-damage|p1a: Weavile|0 fnt
|faint|p1a: Weavile
|
|-heal|p2a: Rillaboom|72/100|[from] Grassy Terrain
|upkeep
|l|☆passanger51632
|inactive|passanger51632 disconnected and has a minute to reconnect!
|player|p2|
|
|t:|1664351424
|switch|p1a: Dragapult|Dragapult, F, shiny|88/100
|-damage|p1a: Dragapult|76/100|[from] Stealth Rock
|turn|29
|inactive|passanger51632 has 30 seconds to reconnect!
|j|☆passanger51632
|inactive|passanger51632 reconnected and has 120 seconds left.
|player|p2|passanger51632|170
|
|t:|1664351459
|switch|p2a: Swampert|Swampert, M|5/100
|-damage|p2a: Swampert|0 fnt|[from] Stealth Rock
|faint|p2a: Swampert
|move|p1a: Dragapult|Dragon Darts|p2: Swampert|[notarget]
|-fail|p1a: Dragapult
|
|-heal|p1a: Dragapult|82/100|[from] Grassy Terrain
|-fieldend|move: Grassy Terrain
|upkeep
|
|t:|1664351470
|switch|p2a: Zapdos|Zapdos|79/100
|turn|30
|inactive|ldailey19 has 90 seconds left.
|
|t:|1664351484
|move|p1a: Dragapult|Dragon Darts|p2a: Zapdos
|-damage|p2a: Zapdos|63/100
|-anim|p1a: Dragapult|Dragon Darts|p2a: Zapdos
|-damage|p2a: Zapdos|43/100
|move|p2a: Zapdos|Roost|p2a: Zapdos
|-heal|p2a: Zapdos|93/100
|-singleturn|p2a: Zapdos|move: Roost
|
|upkeep
|turn|31
|inactive|ldailey19 has 90 seconds left.
|
|t:|1664351497
|move|p1a: Dragapult|U-turn|p2a: Zapdos
|-resisted|p2a: Zapdos
|-damage|p2a: Zapdos|85/100
|
|t:|1664351499
|switch|p1a: Heatran|Heatran, M, shiny|100/100|[from]move: U-turn
|-damage|p1a: Heatran|88/100|[from] Stealth Rock
|-item|p1a: Heatran|Air Balloon
|move|p2a: Zapdos|Volt Switch|p1a: Heatran
|-damage|p1a: Heatran|66/100
|-enditem|p1a: Heatran|Air Balloon
|
|t:|1664351509
|switch|p2a: Obstagoon|Obstagoon, F|39/100 brn|[from]move: Volt Switch
|-damage|p2a: Obstagoon|27/100 brn|[from] Stealth Rock
|
|-damage|p2a: Obstagoon|21/100 brn|[from] brn
|upkeep
|turn|32
|inactive|passanger51632 has 120 seconds left.
|
|t:|1664351520
|move|p1a: Heatran|Protect|p1a: Heatran
|-singleturn|p1a: Heatran|Protect
|move|p2a: Obstagoon|Close Combat|p1a: Heatran
|-activate|p1a: Heatran|move: Protect
|
|-damage|p2a: Obstagoon|15/100 brn|[from] brn
|upkeep
|turn|33
|inactive|passanger51632 has 120 seconds left.
|
|t:|1664351531
|switch|p1a: Dragapult|Dragapult, F, shiny|82/100
|-damage|p1a: Dragapult|70/100|[from] Stealth Rock
|move|p2a: Obstagoon|Knock Off|p1a: Dragapult
|-supereffective|p1a: Dragapult
|-damage|p1a: Dragapult|0 fnt
|-enditem|p1a: Dragapult|Focus Sash|[from] move: Knock Off|[of] p2a: Obstagoon
|faint|p1a: Dragapult
|
|-damage|p2a: Obstagoon|9/100 brn|[from] brn
|upkeep
|-message|ldailey19 forfeited.
|
|win|passanger51632
|raw|ldailey19's rating: 1652 &rarr; <strong>1631</strong><br />(-21 for losing)
|raw|passanger51632's rating: 1627 &rarr; <strong>1648</strong><br />(+21 for winning)
|l|☆ldailey19
