|html|<div class="broadcast-blue"><strong>[Gen 8] OU is currently suspecting Melmetal! For information on how to participate check out the <a href="https://www.smogon.com/forums/threads/np-ss-ou-suspect-process-round-12-monster-mash.3709234/">suspect thread</a>.</strong></div>
|j|☆outd pinor
|j|☆Huskothy
|t:|1666063026
|gametype|singles
|player|p1|outd pinor|jasmine-masters|1654
|player|p2|Huskothy|lucas|1681
|teamsize|p1|6
|teamsize|p2|6
|gen|8
|tier|[Gen 8] OU
|rated|
|rule|Sleep Clause Mod: Limit one foe put to sleep
|rule|Species Clause: Limit one of each Pokémon
|rule|OHKO Clause: OHKO moves are banned
|rule|Evasion Items Clause: Evasion items are banned
|rule|Evasion Moves Clause: Evasion moves are banned
|rule|Endless Battle Clause: Forcing endless battles is banned
|rule|HP Percentage Mod: HP is shown in percentages
|rule|Dynamax Clause: You cannot dynamax
|clearpoke
|poke|p1|Buzzwole|
|poke|p1|Tapu Lele|
|poke|p1|Zapdos|
|poke|p1|Dragapult, M|
|poke|p1|Landorus-Therian, M|
|poke|p1|Melmetal|
|poke|p2|Aerodactyl, M|
|poke|p2|Tornadus-Therian, M|
|poke|p2|Scizor, F|
|poke|p2|Garchomp, F|
|poke|p2|Rotom-Wash|
|poke|p2|Dragapult, M|
|teampreview
|inactive|Battle timer is ON: inactive players will automatically lose when time's up. (requested by outd pinor)
|
|t:|1666063032
|start
|switch|p1a: Melmetal|Melmetal|100/100
|switch|p2a: Tornadus|Tornadus-Therian, M|100/100
|turn|1
|
|t:|1666063034
|move|p2a: Tornadus|U-turn|p1a: Melmetal
|-resisted|p1a: Melmetal
|-damage|p1a: Melmetal|96/100
|
|t:|1666063036
|switch|p2a: Rotom|Rotom-Wash|100/100|[from]move: U-turn
|move|p1a: Melmetal|Double Iron Bash|p2a: Rotom
|-resisted|p2a: Rotom
|-damage|p2a: Rotom|88/100
|-resisted|p2a: Rotom
|-damage|p2a: Rotom|77/100
|-hitcount|p2a: Rotom|2
|
|-heal|p2a: Rotom|83/100|[from] item: Leftovers
|-heal|p1a: Melmetal|100/100|[from] item: Leftovers
|upkeep
|turn|2
|
|t:|1666063040
|switch|p1a: Zapdos|Zapdos|100/100
|move|p2a: Rotom|Volt Switch|p1a: Zapdos
|-damage|p1a: Zapdos|76/100
|
|t:|1666063042
|switch|p2a: Aerodactyl|Aerodactyl, M|100/100|[from]move: Volt Switch
|-ability|p2a: Aerodactyl|Pressure
|
|upkeep
|turn|3
|
|t:|1666063046
|switch|p1a: Melmetal|Melmetal|100/100
|move|p2a: Aerodactyl|Ice Fang|p1a: Melmetal
|-resisted|p1a: Melmetal
|-damage|p1a: Melmetal|92/100
|
|-heal|p1a: Melmetal|98/100|[from] item: Leftovers
|upkeep
|turn|4
|
|t:|1666063050
|switch|p2a: Scizor|Scizor, F|100/100
|switch|p1a: Zapdos|Zapdos|76/100
|
|upkeep
|turn|5
|
|t:|1666063053
|switch|p2a: Garchomp|Garchomp, F|100/100
|move|p1a: Zapdos|Hurricane|p2a: Garchomp
|-damage|p2a: Garchomp|60/100
|
|-heal|p2a: Garchomp|66/100|[from] item: Leftovers
|upkeep
|turn|6
|
|t:|1666063058
|switch|p1a: Tapu Lele|Tapu Lele|100/100
|-fieldstart|move: Psychic Terrain|[from] ability: Psychic Surge|[of] p1a: Tapu Lele
|move|p2a: Garchomp|Protect||[still]
|-fail|p2a: Garchomp
|
|-heal|p2a: Garchomp|72/100|[from] item: Leftovers
|upkeep
|turn|7
|
|t:|1666063062
|move|p2a: Garchomp|Protect|p2a: Garchomp
|-singleturn|p2a: Garchomp|Protect
|move|p1a: Tapu Lele|Future Sight|p2a: Garchomp
|-start|p1a: Tapu Lele|move: Future Sight
|
|-heal|p2a: Garchomp|78/100|[from] item: Leftovers
|upkeep
|turn|8
|
|t:|1666063068
|switch|p1a: Buzzwole|Buzzwole|100/100
|move|p2a: Garchomp|Stealth Rock|p1a: Buzzwole
|-sidestart|p1: outd pinor|move: Stealth Rock
|
|-heal|p2a: Garchomp|84/100|[from] item: Leftovers
|upkeep
|turn|9
|
|t:|1666063074
|move|p2a: Garchomp|Protect|p2a: Garchomp
|-singleturn|p2a: Garchomp|Protect
|move|p1a: Buzzwole|Close Combat|p2a: Garchomp
|-activate|p2a: Garchomp|move: Protect
|
|-end|p2a: Garchomp|move: Future Sight
|-damage|p2a: Garchomp|8/100
|-heal|p2a: Garchomp|14/100|[from] item: Leftovers
|upkeep
|turn|10
|
|t:|1666063080
|switch|p2a: Tornadus|Tornadus-Therian, M|100/100
|move|p1a: Buzzwole|Ice Punch|p2a: Tornadus
|-supereffective|p2a: Tornadus
|-damage|p2a: Tornadus|39/100
|
|-fieldend|move: Psychic Terrain
|upkeep
|turn|11
|
|t:|1666063083
|switch|p1a: Zapdos|Zapdos|76/100
|move|p2a: Tornadus|U-turn|p1a: Zapdos
|-resisted|p1a: Zapdos
|-damage|p1a: Zapdos|70/100
|
|t:|1666063086
|switch|p2a: Aerodactyl|Aerodactyl, M|100/100|[from]move: U-turn
|-ability|p2a: Aerodactyl|Pressure
|
|upkeep
|turn|12
|
|t:|1666063090
|switch|p1a: Melmetal|Melmetal|98/100
|-damage|p1a: Melmetal|92/100|[from] Stealth Rock
|move|p2a: Aerodactyl|Earthquake|p1a: Melmetal
|-supereffective|p1a: Melmetal
|-crit|p1a: Melmetal
|-damage|p1a: Melmetal|15/100
|
|-heal|p1a: Melmetal|21/100|[from] item: Leftovers
|upkeep
|turn|13
|
|t:|1666063095
|switch|p2a: Rotom|Rotom-Wash|83/100
|move|p1a: Melmetal|Protect||[still]
|-fail|p1a: Melmetal
|
|-heal|p2a: Rotom|90/100|[from] item: Leftovers
|-heal|p1a: Melmetal|27/100|[from] item: Leftovers
|upkeep
|turn|14
|
|t:|1666063100
|move|p1a: Melmetal|Protect|p1a: Melmetal
|-singleturn|p1a: Melmetal|Protect
|move|p2a: Rotom|Volt Switch|p1a: Melmetal
|-activate|p1a: Melmetal|move: Protect
|
|-heal|p2a: Rotom|96/100|[from] item: Leftovers
|-heal|p1a: Melmetal|33/100|[from] item: Leftovers
|upkeep
|turn|15
|
|t:|1666063105
|switch|p1a: Landorus|Landorus-Therian, M|100/100
|-damage|p1a: Landorus|88/100|[from] Stealth Rock
|-ability|p1a: Landorus|Intimidate|boost
|-unboost|p2a: Rotom|atk|1
|move|p2a: Rotom|Hydro Pump|p1a: Landorus
|-supereffective|p1a: Landorus
|-damage|p1a: Landorus|27/100
|
|-heal|p2a: Rotom|100/100|[from] item: Leftovers
|-heal|p1a: Landorus|33/100|[from] item: Leftovers
|upkeep
|turn|16
|j| BabyPigsAreLaughin
|
|t:|1666063111
|switch|p1a: Dragapult|Dragapult, M|100/100
|-damage|p1a: Dragapult|88/100|[from] Stealth Rock
|move|p2a: Rotom|Hydro Pump|p1a: Dragapult
|-resisted|p1a: Dragapult
|-damage|p1a: Dragapult|63/100
|
|upkeep
|turn|17
|
|t:|1666063116
|move|p1a: Dragapult|Shadow Ball|p2a: Rotom
|-damage|p2a: Rotom|55/100
|-unboost|p2a: Rotom|spd|1
|move|p2a: Rotom|Volt Switch|p1a: Dragapult
|-resisted|p1a: Dragapult
|-damage|p1a: Dragapult|47/100
|
|t:|1666063121
|switch|p2a: Tornadus|Tornadus-Therian, M|72/100|[from]move: Volt Switch
|
|upkeep
|turn|18
|
|t:|1666063125
|move|p1a: Dragapult|Shadow Ball|p2a: Tornadus
|-damage|p2a: Tornadus|31/100
|move|p2a: Tornadus|Knock Off|p1a: Dragapult
|-supereffective|p1a: Dragapult
|-damage|p1a: Dragapult|0 fnt
|-enditem|p1a: Dragapult|Choice Specs|[from] move: Knock Off|[of] p2a: Tornadus
|faint|p1a: Dragapult
|
|upkeep
|
|t:|1666063130
|switch|p1a: Zapdos|Zapdos|70/100
|turn|19
|
|t:|1666063134
|switch|p2a: Garchomp|Garchomp, F|14/100
|move|p1a: Zapdos|Hurricane|p2a: Garchomp
|-damage|p2a: Garchomp|0 fnt
|faint|p2a: Garchomp
|
|upkeep
|
|t:|1666063136
|switch|p2a: Aerodactyl|Aerodactyl, M|100/100
|-ability|p2a: Aerodactyl|Pressure
|turn|20
|
|t:|1666063141
|switch|p1a: Buzzwole|Buzzwole|100/100
|-damage|p1a: Buzzwole|88/100|[from] Stealth Rock
|move|p2a: Aerodactyl|Stone Edge|p1a: Buzzwole
|-crit|p1a: Buzzwole
|-damage|p1a: Buzzwole|13/100
|
|upkeep
|turn|21
|
|t:|1666063146
|move|p2a: Aerodactyl|Stone Edge|p1a: Buzzwole
|-damage|p1a: Buzzwole|0 fnt
|faint|p1a: Buzzwole
|
|upkeep
|
|t:|1666063149
|switch|p1a: Tapu Lele|Tapu Lele|100/100
|-damage|p1a: Tapu Lele|88/100|[from] Stealth Rock
|-fieldstart|move: Psychic Terrain|[from] ability: Psychic Surge|[of] p1a: Tapu Lele
|turn|22
|c|☆outd pinor|hey bro
|c|☆outd pinor|wp
|c|☆outd pinor|this was supposed to be my last game for reqs
|c|☆outd pinor|sucks
|
|t:|1666063163
|switch|p2a: Scizor|Scizor, F|100/100
|move|p1a: Tapu Lele|Psyshock|p2a: Scizor
|-resisted|p2a: Scizor
|-damage|p2a: Scizor|78/100
|
|upkeep
|turn|23
|
|t:|1666063170
|switch|p1a: Zapdos|Zapdos|70/100
|move|p2a: Scizor|U-turn|p1a: Zapdos
|-resisted|p1a: Zapdos
|-damage|p1a: Zapdos|57/100
|
|t:|1666063174
|switch|p2a: Aerodactyl|Aerodactyl, M|100/100|[from]move: U-turn
|-ability|p2a: Aerodactyl|Pressure
|
|upkeep
|turn|24
|
|t:|1666063176
|move|p2a: Aerodactyl|Stone Edge|p1a: Zapdos
|-supereffective|p1a: Zapdos
|-damage|p1a: Zapdos|0 fnt
|faint|p1a: Zapdos
|
|upkeep
|
|t:|1666063180
|switch|p1a: Melmetal|Melmetal|33/100
|-damage|p1a: Melmetal|27/100|[from] Stealth Rock
|turn|25
|
|t:|1666063183
|switch|p2a: Scizor|Scizor, F|78/100
|move|p1a: Melmetal|Protect||[still]
|-fail|p1a: Melmetal
|
|-heal|p1a: Melmetal|33/100|[from] item: Leftovers
|upkeep
|turn|26
|
|t:|1666063186
|move|p2a: Scizor|Swords Dance|p2a: Scizor
|-boost|p2a: Scizor|atk|2
|move|p1a: Melmetal|Thunder Wave|p2a: Scizor
|-status|p2a: Scizor|par
|
|-heal|p1a: Melmetal|39/100|[from] item: Leftovers
|-fieldend|move: Psychic Terrain
|upkeep
|turn|27
|
|t:|1666063188
|move|p1a: Melmetal|Double Iron Bash|p2a: Scizor
|-resisted|p2a: Scizor
|-damage|p2a: Scizor|61/100 par
|-resisted|p2a: Scizor
|-damage|p2a: Scizor|44/100 par
|-hitcount|p2a: Scizor|2
|move|p2a: Scizor|U-turn|p1a: Melmetal
|-resisted|p1a: Melmetal
|-damage|p1a: Melmetal|23/100
|
|t:|1666063203
|switch|p2a: Tornadus|Tornadus-Therian, M|64/100|[from]move: U-turn
|
|-heal|p1a: Melmetal|29/100|[from] item: Leftovers
|upkeep
|turn|28
|
|t:|1666063206
|move|p2a: Tornadus|Heat Wave|p1a: Melmetal
|-supereffective|p1a: Melmetal
|-damage|p1a: Melmetal|0 fnt
|faint|p1a: Melmetal
|
|upkeep
|
|t:|1666063209
|switch|p1a: Tapu Lele|Tapu Lele|88/100
|-damage|p1a: Tapu Lele|76/100|[from] Stealth Rock
|-fieldstart|move: Psychic Terrain|[from] ability: Psychic Surge|[of] p1a: Tapu Lele
|turn|29
|
|t:|1666063216
|switch|p2a: Rotom|Rotom-Wash|55/100
|move|p1a: Tapu Lele|Moonblast|p2a: Rotom
|-damage|p2a: Rotom|9/100
|
|-heal|p2a: Rotom|15/100|[from] item: Leftovers
|upkeep
|turn|30
|
|t:|1666063221
|move|p1a: Tapu Lele|Moonblast|p2a: Rotom
|-damage|p2a: Rotom|0 fnt
|faint|p2a: Rotom
|
|upkeep
|
|t:|1666063222
|switch|p2a: Tornadus|Tornadus-Therian, M|97/100
|turn|31
|
|t:|1666063227
|move|p1a: Tapu Lele|Moonblast|p2a: Tornadus
|-crit|p2a: Tornadus
|-damage|p2a: Tornadus|36/100
|-unboost|p2a: Tornadus|spa|1
|move|p2a: Tornadus|U-turn|p1a: Tapu Lele
|-damage|p1a: Tapu Lele|54/100
|
|t:|1666063230
|switch|p2a: Scizor|Scizor, F|44/100 par|[from]move: U-turn
|
|upkeep
|turn|32
|
|t:|1666063234
|switch|p1a: Landorus|Landorus-Therian, M|33/100
|-damage|p1a: Landorus|21/100|[from] Stealth Rock
|-ability|p1a: Landorus|Intimidate|boost
|-unboost|p2a: Scizor|atk|1
|move|p2a: Scizor|U-turn|p1a: Landorus
|-resisted|p1a: Landorus
|-damage|p1a: Landorus|11/100
|
|t:|1666063238
|switch|p2a: Dragapult|Dragapult, M|100/100|[from]move: U-turn
|
|-heal|p1a: Landorus|17/100|[from] item: Leftovers
|upkeep
|turn|33
|c|☆outd pinor|any empathy for a last game of reqser
|
|t:|1666063248
|move|p2a: Dragapult|Hex|p1a: Landorus
|-damage|p1a: Landorus|0 fnt
|faint|p1a: Landorus
|
|-fieldend|move: Psychic Terrain
|upkeep
|
|t:|1666063250
|switch|p1a: Tapu Lele|Tapu Lele|54/100
|-damage|p1a: Tapu Lele|41/100|[from] Stealth Rock
|-fieldstart|move: Psychic Terrain|[from] ability: Psychic Surge|[of] p1a: Tapu Lele
|turn|34
|c|☆Huskothy|is this the very last match you need
|c|☆outd pinor|yeah
|c|☆Huskothy|aight
|c|☆Huskothy|what way you votin
|c|☆Huskothy|pro or anti
|inactive|Huskothy has 120 seconds left.
|c|☆Huskothy|just curious
|c|☆outd pinor|im thinking anti ban
|c|☆Huskothy|nice
|c|☆Huskothy|aight gg
|-message|Huskothy forfeited.
|
|win|outd pinor
|raw|outd pinor's rating: 1654 &rarr; <strong>1676</strong><br />(+22 for winning)
|raw|Huskothy's rating: 1681 &rarr; <strong>1659</strong><br />(-22 for losing)
|c|☆outd pinor|gg
|c|☆outd pinor|goat
||Ladder isn't responding, score probably updated but might not have (Request timeout).
|j| Cessation Path
|l| Cessation Path
|c| BabyPigsAreLaughin|That fishing for an easy way out, though.
|j| Cessation Path
