|j|☆drop a baby
|j|☆minimax_ai
|t:|1663803508
|gametype|singles
|player|p1|drop a baby|chase|1633
|player|p2|minimax_ai|lusamine-nihilego|1573
|teamsize|p1|6
|teamsize|p2|6
|gen|8
|tier|[Gen 8] OU
|rated|
|rule|Sleep Clause Mod: Limit one foe put to sleep
|rule|Species Clause: Limit one of each Pokémon
|rule|OHKO Clause: OHKO moves are banned
|rule|Evasion Items Clause: Evasion items are banned
|rule|Evasion Moves Clause: Evasion moves are banned
|rule|Endless Battle Clause: Forcing endless battles is banned
|rule|HP Percentage Mod: HP is shown in percentages
|rule|Dynamax Clause: You cannot dynamax
|clearpoke
|poke|p1|Mew|
|poke|p1|Grimmsnarl, M|
|poke|p1|Jirachi|
|poke|p1|Corviknight, F|
|poke|p1|Blacephalon|
|poke|p1|Gardevoir, M|
|poke|p2|Rotom-Wash|
|poke|p2|Weavile, M|
|poke|p2|Landorus-Therian, M|
|poke|p2|Heatran, M|
|poke|p2|Tangrowth, M|
|poke|p2|Melmetal|
|teampreview
|c|☆minimax_ai|hf
|inactive|Battle timer is ON: inactive players will automatically lose when time's up. (requested by minimax_ai)
|
|t:|1663803519
|start
|switch|p1a: Mew|Mew|100/100
|switch|p2a: Heatran|Heatran, M|100/100
|-item|p2a: Heatran|Air Balloon
|turn|1
|
|t:|1663803524
|move|p1a: Mew|Stealth Rock|p2a: Heatran
|-sidestart|p2: minimax_ai|move: Stealth Rock
|move|p2a: Heatran|Eruption|p1a: Mew
|-damage|p1a: Mew|30/100
|
|upkeep
|turn|2
|
|t:|1663803528
|move|p1a: Mew|Spikes|p2a: Heatran
|-sidestart|p2: minimax_ai|Spikes
|move|p2a: Heatran|Eruption|p1a: Mew
|-damage|p1a: Mew|0 fnt
|faint|p1a: Mew
|
|upkeep
|
|t:|1663803532
|switch|p1a: Grimmsnarl|Grimmsnarl, M, shiny|100/100
|turn|3
|
|t:|1663803533
|move|p1a: Grimmsnarl|Light Screen|p1a: Grimmsnarl
|-sidestart|p1: drop a baby|move: Light Screen
|move|p2a: Heatran|Eruption|p1a: Grimmsnarl
|-damage|p1a: Grimmsnarl|63/100
|
|upkeep
|turn|4
|
|t:|1663803536
|move|p1a: Grimmsnarl|Reflect|p1a: Grimmsnarl
|-sidestart|p1: drop a baby|Reflect
|move|p2a: Heatran|Eruption|p1a: Grimmsnarl
|-damage|p1a: Grimmsnarl|26/100
|
|upkeep
|turn|5
|
|t:|1663803540
|move|p1a: Grimmsnarl|Taunt|p2a: Heatran
|-start|p2a: Heatran|move: Taunt
|move|p2a: Heatran|Eruption|p1a: Grimmsnarl
|-damage|p1a: Grimmsnarl|0 fnt
|faint|p1a: Grimmsnarl
|
|upkeep
|
|t:|1663803541
|switch|p1a: Blacephalon|Blacephalon|100/100
|turn|6
|
|t:|1663803543
|move|p1a: Blacephalon|Calm Mind|p1a: Blacephalon
|-boost|p1a: Blacephalon|spa|1
|-boost|p1a: Blacephalon|spd|1
|move|p2a: Heatran|Earth Power|p1a: Blacephalon
|-supereffective|p1a: Blacephalon
|-damage|p1a: Blacephalon|70/100
|-enditem|p1a: Blacephalon|Weakness Policy
|-boost|p1a: Blacephalon|atk|2|[from] item: Weakness Policy
|-boost|p1a: Blacephalon|spa|2|[from] item: Weakness Policy
|
|upkeep
|turn|7
|
|t:|1663803547
|switch|p2a: Weavile|Weavile, M|100/100
|-damage|p2a: Weavile|76/100|[from] Stealth Rock
|-damage|p2a: Weavile|63/100|[from] Spikes
|-ability|p2a: Weavile|Pressure
|move|p1a: Blacephalon|Calm Mind|p1a: Blacephalon
|-boost|p1a: Blacephalon|spa|1
|-boost|p1a: Blacephalon|spd|1
|
|upkeep
|turn|8
|
|t:|1663803550
|move|p2a: Weavile|Knock Off|p1a: Blacephalon
|-supereffective|p1a: Blacephalon
|-damage|p1a: Blacephalon|0 fnt
|faint|p1a: Blacephalon
|
|upkeep
|
|t:|1663803555
|switch|p1a: Jirachi|Jirachi|100/100
|turn|9
|
|t:|1663803557
|switch|p2a: landorustherian|Landorus-Therian, M|100/100
|-damage|p2a: landorustherian|88/100|[from] Stealth Rock
|-ability|p2a: landorustherian|Intimidate|boost
|-unboost|p1a: Jirachi|atk|1
|move|p1a: Jirachi|Cosmic Power|p1a: Jirachi
|-boost|p1a: Jirachi|def|1
|-boost|p1a: Jirachi|spd|1
|
|-heal|p2a: landorustherian|94/100|[from] item: Leftovers
|upkeep
|turn|10
|
|t:|1663803558
|move|p1a: Jirachi|Cosmic Power|p1a: Jirachi
|-boost|p1a: Jirachi|def|1
|-boost|p1a: Jirachi|spd|1
|move|p2a: landorustherian|Defog|p1a: Jirachi
|-unboost|p1a: Jirachi|evasion|1
|-sideend|p1: drop a baby|Reflect
|-sideend|p1: drop a baby|move: Light Screen
|-sideend|p2: minimax_ai|Spikes|[from] move: Defog|[of] p2a: landorustherian
|-sideend|p2: minimax_ai|Stealth Rock|[from] move: Defog|[of] p2a: landorustherian
|
|-heal|p2a: landorustherian|99/100|[from] item: Leftovers
|upkeep
|turn|11
|
|t:|1663803559
|move|p1a: Jirachi|Cosmic Power|p1a: Jirachi
|-boost|p1a: Jirachi|def|1
|-boost|p1a: Jirachi|spd|1
|move|p2a: landorustherian|U-turn|p1a: Jirachi
|-damage|p1a: Jirachi|93/100
|
|t:|1663803559
|switch|p2a: Heatran|Heatran, M|100/100|[from]move: U-turn
|-item|p2a: Heatran|Air Balloon
|
|upkeep
|turn|12
|
|t:|1663803561
|move|p1a: Jirachi|Cosmic Power|p1a: Jirachi
|-boost|p1a: Jirachi|def|1
|-boost|p1a: Jirachi|spd|1
|move|p2a: Heatran|Earth Power|p1a: Jirachi
|-supereffective|p1a: Jirachi
|-damage|p1a: Jirachi|73/100
|-unboost|p1a: Jirachi|spd|1
|-enditem|p1a: Jirachi|Weakness Policy
|-boost|p1a: Jirachi|atk|2|[from] item: Weakness Policy
|-boost|p1a: Jirachi|spa|2|[from] item: Weakness Policy
|
|upkeep
|turn|13
|
|t:|1663803565
|switch|p2a: Melmetal|Melmetal|100/100
|move|p1a: Jirachi|Cosmic Power|p1a: Jirachi
|-boost|p1a: Jirachi|def|1
|-boost|p1a: Jirachi|spd|1
|
|upkeep
|turn|14
|
|t:|1663803570
|move|p1a: Jirachi|Cosmic Power|p1a: Jirachi
|-boost|p1a: Jirachi|def|1
|-boost|p1a: Jirachi|spd|1
|move|p2a: Melmetal|Earthquake|p1a: Jirachi
|-supereffective|p1a: Jirachi
|-damage|p1a: Jirachi|58/100
|
|upkeep
|turn|15
|
|t:|1663803574
|move|p1a: Jirachi|Cosmic Power|p1a: Jirachi
|-boost|p1a: Jirachi|def|0
|-boost|p1a: Jirachi|spd|1
|move|p2a: Melmetal|Earthquake|p1a: Jirachi
|-supereffective|p1a: Jirachi
|-damage|p1a: Jirachi|42/100
|
|upkeep
|turn|16
|
|t:|1663803575
|move|p1a: Jirachi|Drain Punch|p2a: Melmetal
|-supereffective|p2a: Melmetal
|-damage|p2a: Melmetal|75/100
|-heal|p1a: Jirachi|56/100|[from] drain|[of] p2a: Melmetal
|move|p2a: Melmetal|Ice Punch|p1a: Jirachi
|-resisted|p1a: Jirachi
|-damage|p1a: Jirachi|52/100
|
|upkeep
|turn|17
|
|t:|1663803581
|move|p1a: Jirachi|Drain Punch|p2a: Melmetal
|-supereffective|p2a: Melmetal
|-damage|p2a: Melmetal|47/100
|-heal|p1a: Jirachi|67/100|[from] drain|[of] p2a: Melmetal
|move|p2a: Melmetal|Earthquake|p1a: Jirachi
|-supereffective|p1a: Jirachi
|-damage|p1a: Jirachi|51/100
|
|upkeep
|turn|18
|
|t:|1663803583
|move|p1a: Jirachi|Drain Punch|p2a: Melmetal
|-supereffective|p2a: Melmetal
|-damage|p2a: Melmetal|22/100
|-heal|p1a: Jirachi|65/100|[from] drain|[of] p2a: Melmetal
|move|p2a: Melmetal|Earthquake|p1a: Jirachi
|-supereffective|p1a: Jirachi
|-damage|p1a: Jirachi|49/100
|
|upkeep
|turn|19
|
|t:|1663803584
|move|p1a: Jirachi|Drain Punch|p2a: Melmetal
|-supereffective|p2a: Melmetal
|-damage|p2a: Melmetal|0 fnt
|-heal|p1a: Jirachi|60/100|[from] drain|[of] p2a: Melmetal
|faint|p2a: Melmetal
|
|upkeep
|
|t:|1663803584
|switch|p2a: Heatran|Heatran, M|100/100
|-item|p2a: Heatran|Air Balloon
|turn|20
|
|t:|1663803586
|switch|p2a: Weavile|Weavile, M|63/100
|-ability|p2a: Weavile|Pressure
|move|p1a: Jirachi|Drain Punch|p2a: Weavile
|-supereffective|p2a: Weavile
|-damage|p2a: Weavile|0 fnt
|-heal|p1a: Jirachi|82/100|[from] drain|[of] p2a: Weavile
|faint|p2a: Weavile
|
|upkeep
|
|t:|1663803586
|switch|p2a: Heatran|Heatran, M|100/100
|-item|p2a: Heatran|Air Balloon
|turn|21
|
|t:|1663803588
|move|p1a: Jirachi|Drain Punch|p2a: Heatran
|-supereffective|p2a: Heatran
|-damage|p2a: Heatran|53/100
|-heal|p1a: Jirachi|100/100|[from] drain|[of] p2a: Heatran
|-enditem|p2a: Heatran|Air Balloon
|move|p2a: Heatran|Magma Storm|p1a: Jirachi
|-supereffective|p1a: Jirachi
|-damage|p1a: Jirachi|77/100
|-activate|p1a: Jirachi|move: Magma Storm|[of] p2a: Heatran
|
|-damage|p1a: Jirachi|64/100|[from] move: Magma Storm|[partiallytrapped]
|upkeep
|turn|22
|
|t:|1663803590
|move|p1a: Jirachi|Drain Punch|p2a: Heatran
|-supereffective|p2a: Heatran
|-crit|p2a: Heatran
|-damage|p2a: Heatran|0 fnt
|-heal|p1a: Jirachi|86/100|[from] drain|[of] p2a: Heatran
|faint|p2a: Heatran
|
|-end|p1a: Jirachi|Magma Storm|[partiallytrapped]|[silent]
|upkeep
|
|t:|1663803590
|switch|p2a: rotomwash|Rotom-Wash|100/100
|turn|23
|
|t:|1663803594
|move|p1a: Jirachi|Stored Power|p2a: rotomwash
|-damage|p2a: rotomwash|0 fnt
|faint|p2a: rotomwash
|
|upkeep
|
|t:|1663803594
|switch|p2a: landorustherian|Landorus-Therian, M|99/100
|-ability|p2a: landorustherian|Intimidate|boost
|-unboost|p1a: Jirachi|atk|1
|turn|24
|
|t:|1663803597
|switch|p2a: Tangrowth|Tangrowth, M|100/100
|move|p1a: Jirachi|Stored Power|p2a: Tangrowth
|-damage|p2a: Tangrowth|0 fnt
|faint|p2a: Tangrowth
|
|upkeep
|
|t:|1663803597
|switch|p2a: landorustherian|Landorus-Therian, M|99/100
|-ability|p2a: landorustherian|Intimidate|boost
|-unboost|p1a: Jirachi|atk|1
|turn|25
|
|t:|1663803599
|move|p1a: Jirachi|Stored Power|p2a: landorustherian
|-damage|p2a: landorustherian|0 fnt
|faint|p2a: landorustherian
|
|win|drop a baby
|raw|drop a baby's rating: 1633 &rarr; <strong>1650</strong><br />(+17 for winning)
|raw|minimax_ai's rating: 1573 &rarr; <strong>1556</strong><br />(-17 for losing)
|c|☆minimax_ai|gg
