|j|☆grasssoul
|j|☆Pokegame978
|t:|1667919140
|gametype|singles
|player|p1|grasssoul|266|1686
|player|p2|Pokegame978|101|1637
|teamsize|p1|6
|teamsize|p2|6
|gen|8
|tier|[Gen 8] OU
|rated|
|rule|Sleep Clause Mod: Limit one foe put to sleep
|rule|Species Clause: Limit one of each Pokémon
|rule|OHKO Clause: OHKO moves are banned
|rule|Evasion Items Clause: Evasion items are banned
|rule|Evasion Moves Clause: Evasion moves are banned
|rule|Endless Battle Clause: Forcing endless battles is banned
|rule|HP Percentage Mod: HP is shown in percentages
|rule|Dynamax Clause: You cannot dynamax
|clearpoke
|poke|p1|Heatran, F|
|poke|p1|Slowking-Galar, F|
|poke|p1|Tapu Lele|
|poke|p1|Landorus-Therian, M|
|poke|p1|Dragapult, M|
|poke|p1|Zapdos|
|poke|p2|Garchomp, M|
|poke|p2|Corviknight, F|
|poke|p2|Starmie|
|poke|p2|Aegislash, F|
|poke|p2|Zeraora|
|poke|p2|Blissey, F|
|teampreview
|inactive|Battle timer is ON: inactive players will automatically lose when time's up. (requested by grasssoul)
|
|t:|1667919163
|start
|switch|p1a: Dragapult|Dragapult, M|100/100
|switch|p2a: Starmie|Starmie|100/100
|turn|1
|
|t:|1667919172
|switch|p2a: Blissey|Blissey, F|100/100
|move|p1a: Dragapult|U-turn|p2a: Blissey
|-crit|p2a: Blissey
|-damage|p2a: Blissey|55/100
|
|t:|1667919182
|switch|p1a: Landorus|Landorus-Therian, M|100/100|[from]move: U-turn
|-ability|p1a: Landorus|Intimidate|boost
|-unboost|p2a: Blissey|atk|1
|
|upkeep
|turn|2
|
|t:|1667919187
|switch|p2a: Corviknight|Corviknight, F|100/100
|-ability|p2a: Corviknight|Pressure
|move|p1a: Landorus|Knock Off|p2a: Corviknight
|-damage|p2a: Corviknight|78/100
|-enditem|p2a: Corviknight|Leftovers|[from] move: Knock Off|[of] p1a: Landorus
|
|upkeep
|turn|3
|
|t:|1667919199
|move|p1a: Landorus|Stealth Rock|p2a: Corviknight
|-sidestart|p2: Pokegame978|move: Stealth Rock
|move|p2a: Corviknight|Bulk Up|p2a: Corviknight
|-boost|p2a: Corviknight|atk|1
|-boost|p2a: Corviknight|def|1
|
|upkeep
|turn|4
|
|t:|1667919209
|switch|p1a: Zapdos|Zapdos|100/100
|switch|p2a: Zeraora|Zeraora|100/100
|-damage|p2a: Zeraora|88/100|[from] Stealth Rock
|
|upkeep
|turn|5
|
|t:|1667919228
|switch|p1a: Landorus|Landorus-Therian, M|100/100
|-ability|p1a: Landorus|Intimidate|boost
|-unboost|p2a: Zeraora|atk|1
|move|p2a: Zeraora|Knock Off|p1a: Landorus
|-damage|p1a: Landorus|79/100
|-enditem|p1a: Landorus|Leftovers|[from] move: Knock Off|[of] p2a: Zeraora
|-damage|p2a: Zeraora|78/100|[from] item: Life Orb
|
|upkeep
|turn|6
|
|t:|1667919239
|switch|p2a: Starmie|Starmie|100/100
|move|p1a: Landorus|U-turn|p2a: Starmie
|-supereffective|p2a: Starmie
|-damage|p2a: Starmie|44/100
|
|t:|1667919244
|switch|p1a: Dragapult|Dragapult, M|100/100|[from]move: U-turn
|
|upkeep
|turn|7
|
|t:|1667919256
|switch|p2a: Corviknight|Corviknight, F|78/100
|-damage|p2a: Corviknight|65/100|[from] Stealth Rock
|-ability|p2a: Corviknight|Pressure
|move|p1a: Dragapult|U-turn|p2a: Corviknight
|-resisted|p2a: Corviknight
|-damage|p2a: Corviknight|59/100
|
|t:|1667919262
|switch|p1a: Zapdos|Zapdos|100/100|[from]move: U-turn
|
|upkeep
|turn|8
|
|t:|1667919271
|switch|p1a: Dragapult|Dragapult, M|100/100
|switch|p2a: Zeraora|Zeraora|78/100
|-damage|p2a: Zeraora|66/100|[from] Stealth Rock
|
|upkeep
|turn|9
|
|t:|1667919281
|switch|p1a: Landorus|Landorus-Therian, M|79/100
|-ability|p1a: Landorus|Intimidate|boost
|-unboost|p2a: Zeraora|atk|1
|move|p2a: Zeraora|Knock Off|p1a: Landorus
|-damage|p1a: Landorus|64/100
|-damage|p2a: Zeraora|56/100|[from] item: Life Orb
|
|upkeep
|turn|10
|
|t:|1667919295
|move|p2a: Zeraora|Knock Off|p1a: Landorus
|-damage|p1a: Landorus|49/100
|-damage|p2a: Zeraora|47/100|[from] item: Life Orb
|move|p1a: Landorus|U-turn|p2a: Zeraora
|-damage|p2a: Zeraora|6/100
|
|t:|1667919302
|switch|p1a: Tapu Lele|Tapu Lele|100/100|[from]move: U-turn
|-fieldstart|move: Psychic Terrain|[from] ability: Psychic Surge|[of] p1a: Tapu Lele
|
|upkeep
|turn|11
|
|t:|1667919306
|move|p1a: Tapu Lele|Psyshock|p2a: Zeraora
|-damage|p2a: Zeraora|0 fnt
|faint|p2a: Zeraora
|
|upkeep
|
|t:|1667919310
|switch|p2a: Aegislash|Aegislash, F|100/100
|-damage|p2a: Aegislash|94/100|[from] Stealth Rock
|turn|12
|
|t:|1667919316
|switch|p1a: Heatran|Heatran, F|100/100
|-formechange|p2a: Aegislash|Aegislash-Blade||[from] ability: Stance Change
|move|p2a: Aegislash|Shadow Ball|p1a: Heatran
|-damage|p1a: Heatran|70/100
|-damage|p2a: Aegislash|84/100|[from] item: Life Orb
|
|-heal|p1a: Heatran|76/100|[from] item: Leftovers
|upkeep
|turn|13
|
|t:|1667919338
|switch|p1a: Zapdos|Zapdos|100/100
|move|p2a: Aegislash|Close Combat|p1a: Zapdos
|-resisted|p1a: Zapdos
|-damage|p1a: Zapdos|80/100
|-unboost|p2a: Aegislash|def|1
|-unboost|p2a: Aegislash|spd|1
|-damage|p2a: Aegislash|74/100|[from] item: Life Orb
|
|upkeep
|turn|14
|
|t:|1667919344
|move|p2a: Aegislash|Shadow Ball|p1a: Zapdos
|-damage|p1a: Zapdos|32/100
|-damage|p2a: Aegislash|64/100|[from] item: Life Orb
|move|p1a: Zapdos|Heat Wave|p2a: Aegislash
|-supereffective|p2a: Aegislash
|-damage|p2a: Aegislash|0 fnt
|faint|p2a: Aegislash
|
|-fieldend|move: Psychic Terrain
|upkeep
|
|t:|1667919348
|switch|p2a: Jaws|Garchomp, M|100/100
|-damage|p2a: Jaws|94/100|[from] Stealth Rock
|turn|15
|
|t:|1667919356
|switch|p1a: Tapu Lele|Tapu Lele|100/100
|-fieldstart|move: Psychic Terrain|[from] ability: Psychic Surge|[of] p1a: Tapu Lele
|move|p2a: Jaws|Swords Dance|p2a: Jaws
|-boost|p2a: Jaws|atk|2
|
|upkeep
|turn|16
|
|t:|1667919362
|switch|p2a: Blissey|Blissey, F|55/100
|move|p1a: Tapu Lele|Moonblast|p2a: Blissey
|-damage|p2a: Blissey|35/100
|
|upkeep
|turn|17
|j| xiaolong891
|
|t:|1667919378
|switch|p1a: Landorus|Landorus-Therian, M|49/100
|-ability|p1a: Landorus|Intimidate|boost
|-unboost|p2a: Blissey|atk|1
|move|p2a: Blissey|Wish|p2a: Blissey
|
|upkeep
|turn|18
|
|t:|1667919390
|move|p1a: Landorus|Earthquake|p2a: Blissey
|-damage|p2a: Blissey|0 fnt
|faint|p2a: Blissey
|
|upkeep
|l| xiaolong891
|-message|Pokegame978 forfeited.
|
|win|grasssoul
|raw|grasssoul's rating: 1686 &rarr; <strong>1703</strong><br />(+17 for winning)
|raw|Pokegame978's rating: 1637 &rarr; <strong>1620</strong><br />(-17 for losing)
|l|☆Pokegame978
||Ladder isn't responding, score probably updated but might not have (Request timeout).
