|j|‽not mb
|j|☆blazox
|t:|1624042590
|gametype|singles
|player|p1|not mb|#wcop2019uswest|1935
|player|p2|blazox|2|1808
|teamsize|p1|6
|teamsize|p2|6
|gen|8
|tier|[Gen 8] OU
|rated|
|rule|Sleep Clause Mod: Limit one foe put to sleep
|rule|Species Clause: Limit one of each Pokémon
|rule|OHKO Clause: OHKO moves are banned
|rule|Evasion Moves Clause: Evasion moves are banned
|rule|Endless Battle Clause: Forcing endless battles is banned
|rule|HP Percentage Mod: HP is shown in percentages
|rule|Dynamax Clause: You cannot dynamax
|clearpoke
|poke|p1|Mew|
|poke|p1|Landorus-Therian, M|
|poke|p1|Toxapex, M|
|poke|p1|Dragonite, F|
|poke|p1|Bisharp, M|
|poke|p1|Tapu Koko|
|poke|p2|Clefable, M|
|poke|p2|Zapdos|
|poke|p2|Heatran, M|
|poke|p2|Urshifu-*, M|
|poke|p2|Rillaboom, M|
|poke|p2|Landorus-Therian, M|
|teampreview
|inactive|Battle timer is ON: inactive players will automatically lose when time's up. (requested by blazox)
|
|t:|1624042641
|start
|switch|p1a: Toxapex|Toxapex, M|100/100
|switch|p2a: Landorus|Landorus-Therian, M|100/100
|-ability|p2a: Landorus|Intimidate|boost
|-unboost|p1a: Toxapex|atk|1
|turn|1
|j| Bunny Girl Mai
|
|t:|1624042659
|move|p2a: Landorus|U-turn|p1a: Toxapex
|-resisted|p1a: Toxapex
|-damage|p1a: Toxapex|92/100
|
|t:|1624042668
|switch|p2a: Clefable|Clefable, M|100/100|[from]move: U-turn
|move|p1a: Toxapex|Toxic Spikes|p2a: Clefable
|-sidestart|p2: blazox|move: Toxic Spikes
|
|-heal|p1a: Toxapex|98/100|[from] item: Black Sludge
|upkeep
|turn|2
|
|t:|1624042674
|switch|p1a: Mew|Mew|100/100
|move|p2a: Clefable|Trick|p1a: Mew
|-activate|p2a: Clefable|move: Trick|[of] p1a: Mew
|-item|p1a: Mew|Sticky Barb|[from] move: Trick
|-item|p2a: Clefable|Leftovers|[from] move: Trick
|
|-damage|p1a: Mew|88/100|[from] item: Sticky Barb
|upkeep
|turn|3
|
|t:|1624042687
|switch|p1a: Landorus|Landorus-Therian, M|100/100
|-ability|p1a: Landorus|Intimidate|boost
|-unboost|p2a: Clefable|atk|1
|move|p2a: Clefable|Stealth Rock|p1a: Landorus
|-sidestart|p1: not mb|move: Stealth Rock
|
|upkeep
|turn|4
|
|t:|1624042699
|move|p1a: Landorus|Stealth Rock|p2a: Clefable
|-sidestart|p2: blazox|move: Stealth Rock
|move|p2a: Clefable|Moonblast|p1a: Landorus
|-damage|p1a: Landorus|79/100
|
|-heal|p1a: Landorus|85/100|[from] item: Leftovers
|upkeep
|turn|5
|
|t:|1624042710
|switch|p2a: Zapdos|Zapdos|100/100
|move|p1a: Landorus|U-turn|p2a: Zapdos
|-resisted|p2a: Zapdos
|-damage|p2a: Zapdos|92/100
|
|t:|1624042717
|switch|p1a: Mew|Mew|88/100|[from]move: U-turn
|-damage|p1a: Mew|76/100|[from] Stealth Rock
|
|-damage|p1a: Mew|63/100|[from] item: Sticky Barb
|upkeep
|turn|6
|
|t:|1624042728
|switch|p2a: Landorus|Landorus-Therian, M|100/100
|-damage|p2a: Landorus|88/100|[from] Stealth Rock
|-ability|p2a: Landorus|Intimidate|boost
|-unboost|p1a: Mew|atk|1
|move|p1a: Mew|Knock Off|p2a: Landorus
|-damage|p2a: Landorus|70/100
|-enditem|p2a: Landorus|Choice Scarf|[from] move: Knock Off|[of] p1a: Mew
|
|-damage|p1a: Mew|51/100|[from] item: Sticky Barb
|upkeep
|turn|7
|
|t:|1624042737
|move|p2a: Landorus|Knock Off|p1a: Mew
|-supereffective|p1a: Mew
|-damage|p1a: Mew|0 fnt
|faint|p1a: Mew
|
|-damage|p2a: Landorus|58/100|[from] item: Sticky Barb
|upkeep
|
|t:|1624042759
|switch|p1a: Dragonite|Dragonite, F|100/100
|turn|8
|
|t:|1624042775
|move|p2a: Landorus|Knock Off|p1a: Dragonite
|-damage|p1a: Dragonite|83/100
|-enditem|p1a: Dragonite|Heavy-Duty Boots|[from] move: Knock Off|[of] p2a: Landorus
|move|p1a: Dragonite|Ice Beam|p2a: Landorus
|-supereffective|p2a: Landorus
|-damage|p2a: Landorus|0 fnt
|faint|p2a: Landorus
|
|upkeep
|
|t:|1624042784
|switch|p2a: Zapdos|Zapdos|92/100
|turn|9
|
|t:|1624042792
|move|p2a: Zapdos|Volt Switch|p1a: Dragonite
|-damage|p1a: Dragonite|60/100
|
|t:|1624042796
|switch|p2a: Clefable|Clefable, M|100/100|[from]move: Volt Switch
|-status|p2a: Clefable|psn
|move|p1a: Dragonite|Ice Beam|p2a: Clefable
|-damage|p2a: Clefable|84/100 psn
|
|-heal|p2a: Clefable|90/100 psn|[from] item: Leftovers
|upkeep
|turn|10
|
|t:|1624042821
|switch|p2a: Heatran|Heatran, M|100/100
|-damage|p2a: Heatran|88/100|[from] Stealth Rock
|move|p1a: Dragonite|Roost|p1a: Dragonite
|-heal|p1a: Dragonite|100/100
|-singleturn|p1a: Dragonite|move: Roost
|
|-heal|p2a: Heatran|94/100|[from] item: Leftovers
|upkeep
|turn|11
|
|t:|1624042829
|switch|p2a: Clefable|Clefable, M|90/100 psn
|move|p1a: Dragonite|Earthquake|p2a: Clefable
|-damage|p2a: Clefable|66/100 psn
|
|-heal|p2a: Clefable|72/100 psn|[from] item: Leftovers
|upkeep
|turn|12
|
|t:|1624042835
|switch|p1a: Toxapex|Toxapex, M|100/100
|-damage|p1a: Toxapex|88/100|[from] Stealth Rock
|move|p2a: Clefable|Moonblast|p1a: Toxapex
|-resisted|p1a: Toxapex
|-damage|p1a: Toxapex|76/100
|
|-heal|p2a: Clefable|78/100 psn|[from] item: Leftovers
|-heal|p1a: Toxapex|82/100|[from] item: Black Sludge
|upkeep
|turn|13
|
|t:|1624042852
|move|p2a: Clefable|Moonblast|p1a: Toxapex
|-resisted|p1a: Toxapex
|-damage|p1a: Toxapex|71/100
|-unboost|p1a: Toxapex|spa|1
|move|p1a: Toxapex|Scald|p2a: Clefable
|-damage|p2a: Clefable|68/100 psn
|
|-heal|p2a: Clefable|74/100 psn|[from] item: Leftovers
|-heal|p1a: Toxapex|77/100|[from] item: Black Sludge
|upkeep
|turn|14
|
|t:|1624042864
|switch|p2a: Zapdos|Zapdos|92/100
|switch|p1a: Bisharp|Bisharp, M|100/100
|-damage|p1a: Bisharp|94/100|[from] Stealth Rock
|
|upkeep
|turn|15
|
|t:|1624042873
|switch|p1a: Landorus|Landorus-Therian, M|85/100
|-damage|p1a: Landorus|73/100|[from] Stealth Rock
|-ability|p1a: Landorus|Intimidate|boost
|-unboost|p2a: Zapdos|atk|1
|move|p2a: Zapdos|Hurricane|p1a: Landorus
|-damage|p1a: Landorus|38/100
|-start|p1a: Landorus|confusion
|
|-heal|p1a: Landorus|44/100|[from] item: Leftovers
|upkeep
|turn|16
|
|t:|1624042892
|move|p2a: Zapdos|Defog|p1a: Landorus
|-unboost|p1a: Landorus|evasion|1
|-sideend|p1: not mb|Stealth Rock|[from] move: Defog|[of] p2a: Zapdos
|-sideend|p2: blazox|Toxic Spikes|[from] move: Defog|[of] p2a: Zapdos
|-sideend|p2: blazox|Stealth Rock|[from] move: Defog|[of] p2a: Zapdos
|-activate|p1a: Landorus|confusion
|-damage|p1a: Landorus|32/100|[from] confusion
|
|-heal|p1a: Landorus|38/100|[from] item: Leftovers
|upkeep
|turn|17
|
|t:|1624042908
|move|p2a: Zapdos|Hurricane|p1a: Landorus
|-damage|p1a: Landorus|3/100
|-activate|p1a: Landorus|confusion
|-damage|p1a: Landorus|0 fnt|[from] confusion
|faint|p1a: Landorus
|
|upkeep
|inactive|not mb has 120 seconds left.
|
|t:|1624042929
|switch|p1a: Tapu Koko|Tapu Koko|100/100
|-fieldstart|move: Electric Terrain|[from] ability: Electric Surge|[of] p1a: Tapu Koko
|turn|18
|
|t:|1624042935
|switch|p2a: Heatran|Heatran, M|94/100
|move|p1a: Tapu Koko|Thunderbolt|p2a: Heatran
|-damage|p2a: Heatran|61/100
|
|-heal|p2a: Heatran|67/100|[from] item: Leftovers
|upkeep
|turn|19
|
|t:|1624042943
|move|p1a: Tapu Koko|U-turn|p2a: Heatran
|-resisted|p2a: Heatran
|-damage|p2a: Heatran|64/100
|
|t:|1624042946
|switch|p1a: Dragonite|Dragonite, F|100/100|[from]move: U-turn
|move|p2a: Heatran|Earth Power|p1a: Dragonite
|-immune|p1a: Dragonite
|
|-heal|p2a: Heatran|70/100|[from] item: Leftovers
|upkeep
|turn|20
|
|t:|1624042951
|switch|p1a: Bisharp|Bisharp, M|94/100
|move|p2a: Heatran|Protect||[still]
|-fail|p2a: Heatran
|
|-heal|p2a: Heatran|76/100|[from] item: Leftovers
|upkeep
|turn|21
|
|t:|1624042964
|move|p1a: Bisharp|Knock Off|p2a: Heatran
|-damage|p2a: Heatran|10/100
|-enditem|p2a: Heatran|Leftovers|[from] move: Knock Off|[of] p1a: Bisharp
|move|p2a: Heatran|Magma Storm|p1a: Bisharp
|-supereffective|p1a: Bisharp
|-damage|p1a: Bisharp|0 fnt
|faint|p1a: Bisharp
|
|upkeep
|
|t:|1624042972
|switch|p1a: Toxapex|Toxapex, M|100/100
|turn|22
|
|t:|1624042980
|move|p2a: Heatran|Taunt|p1a: Toxapex
|-start|p1a: Toxapex|move: Taunt
|cant|p1a: Toxapex|move: Taunt|Toxic Spikes
|
|-fieldend|move: Electric Terrain
|upkeep
|turn|23
|
|t:|1624042985
|move|p2a: Heatran|Earth Power|p1a: Toxapex
|-supereffective|p1a: Toxapex
|-damage|p1a: Toxapex|62/100
|-unboost|p1a: Toxapex|spd|1
|move|p1a: Toxapex|Scald|p2a: Heatran
|-supereffective|p2a: Heatran
|-damage|p2a: Heatran|0 fnt
|faint|p2a: Heatran
|
|-heal|p1a: Toxapex|68/100|[from] item: Black Sludge
|upkeep
|
|t:|1624042996
|switch|p2a: Zapdos|Zapdos|92/100
|turn|24
|
|t:|1624043005
|move|p2a: Zapdos|Volt Switch|p1a: Toxapex
|-supereffective|p1a: Toxapex
|-damage|p1a: Toxapex|6/100
|
|t:|1624043012
|switch|p2a: Rillaboom|Rillaboom, M|100/100|[from]move: Volt Switch
|-fieldstart|move: Grassy Terrain|[from] ability: Grassy Surge|[of] p2a: Rillaboom
|move|p1a: Toxapex|Scald|p2a: Rillaboom
|-resisted|p2a: Rillaboom
|-damage|p2a: Rillaboom|91/100
|
|-heal|p2a: Rillaboom|97/100|[from] Grassy Terrain
|-heal|p1a: Toxapex|12/100|[from] Grassy Terrain
|-heal|p1a: Toxapex|18/100|[from] item: Black Sludge
|-end|p1a: Toxapex|move: Taunt
|upkeep
|turn|25
|
|t:|1624043027
|switch|p1a: Dragonite|Dragonite, F|100/100
|move|p2a: Rillaboom|Knock Off|p1a: Dragonite
|-damage|p1a: Dragonite|84/100
|
|-heal|p2a: Rillaboom|100/100|[from] Grassy Terrain
|upkeep
|turn|26
|
|t:|1624043046
|switch|p2a: Clefable|Clefable, M|74/100 psn
|move|p1a: Dragonite|Ice Beam|p2a: Clefable
|-damage|p2a: Clefable|57/100 psn
|
|-heal|p2a: Clefable|63/100 psn|[from] Grassy Terrain
|-heal|p2a: Clefable|69/100 psn|[from] item: Leftovers
|upkeep
|turn|27
|
|t:|1624043051
|switch|p1a: Toxapex|Toxapex, M|51/100
|move|p2a: Clefable|Stealth Rock|p1a: Toxapex
|-sidestart|p1: not mb|move: Stealth Rock
|
|-heal|p2a: Clefable|75/100 psn|[from] Grassy Terrain
|-heal|p2a: Clefable|81/100 psn|[from] item: Leftovers
|-heal|p1a: Toxapex|57/100|[from] Grassy Terrain
|-heal|p1a: Toxapex|63/100|[from] item: Black Sludge
|upkeep
|turn|28
|
|t:|1624043062
|switch|p2a: Rillaboom|Rillaboom, M|100/100
|move|p1a: Toxapex|Recover|p1a: Toxapex
|-heal|p1a: Toxapex|100/100
|
|-fieldend|move: Grassy Terrain
|upkeep
|turn|29
|
|t:|1624043075
|move|p2a: Rillaboom|U-turn|p1a: Toxapex
|-resisted|p1a: Toxapex
|-damage|p1a: Toxapex|89/100
|
|t:|1624043083
|switch|p2a: Zapdos|Zapdos|92/100|[from]move: U-turn
|move|p1a: Toxapex|Toxic Spikes|p2a: Zapdos
|-sidestart|p2: blazox|move: Toxic Spikes
|
|-heal|p1a: Toxapex|95/100|[from] item: Black Sludge
|upkeep
|turn|30
|
|t:|1624043092
|move|p2a: Zapdos|Hurricane|p1a: Toxapex|[miss]
|-miss|p2a: Zapdos|p1a: Toxapex
|move|p1a: Toxapex|Scald|p2a: Zapdos
|-damage|p2a: Zapdos|75/100
|
|-heal|p1a: Toxapex|100/100|[from] item: Black Sludge
|upkeep
|turn|31
|
|t:|1624043099
|move|p2a: Zapdos|Defog|p1a: Toxapex
|-unboost|p1a: Toxapex|evasion|1
|-sideend|p1: not mb|Stealth Rock|[from] move: Defog|[of] p2a: Zapdos
|-sideend|p2: blazox|Toxic Spikes|[from] move: Defog|[of] p2a: Zapdos
|move|p1a: Toxapex|Scald|p2a: Zapdos
|-damage|p2a: Zapdos|60/100
|
|upkeep
|turn|32
|
|t:|1624043105
|move|p2a: Zapdos|Hurricane|p1a: Toxapex
|-damage|p1a: Toxapex|67/100
|move|p1a: Toxapex|Scald|p2a: Zapdos
|-damage|p2a: Zapdos|43/100
|-status|p2a: Zapdos|brn
|
|-heal|p1a: Toxapex|73/100|[from] item: Black Sludge
|-damage|p2a: Zapdos|37/100 brn|[from] brn
|upkeep
|turn|33
|
|t:|1624043111
|move|p2a: Zapdos|Roost|p2a: Zapdos
|-heal|p2a: Zapdos|87/100 brn
|-singleturn|p2a: Zapdos|move: Roost
|move|p1a: Toxapex|Toxic Spikes|p2a: Zapdos
|-sidestart|p2: blazox|move: Toxic Spikes
|
|-heal|p1a: Toxapex|79/100|[from] item: Black Sludge
|-damage|p2a: Zapdos|81/100 brn|[from] brn
|upkeep
|turn|34
|n| Bunny Girl Mai|bunnygirlmai
|
|t:|1624043115
|move|p2a: Zapdos|Hurricane|p1a: Toxapex
|-damage|p1a: Toxapex|41/100
|-start|p1a: Toxapex|confusion
|-activate|p1a: Toxapex|confusion
|move|p1a: Toxapex|Toxic Spikes|p2a: Zapdos
|-sidestart|p2: blazox|move: Toxic Spikes
|
|-heal|p1a: Toxapex|47/100|[from] item: Black Sludge
|-damage|p2a: Zapdos|75/100 brn|[from] brn
|upkeep
|turn|35
|
|t:|1624043124
|move|p2a: Zapdos|Defog|p1a: Toxapex
|-unboost|p1a: Toxapex|evasion|1
|-sideend|p2: blazox|Toxic Spikes|[from] move: Defog|[of] p2a: Zapdos
|-activate|p1a: Toxapex|confusion
|-damage|p1a: Toxapex|44/100|[from] confusion
|
|-heal|p1a: Toxapex|50/100|[from] item: Black Sludge
|-damage|p2a: Zapdos|69/100 brn|[from] brn
|upkeep
|turn|36
|j| rekkypoo
|
|t:|1624043148
|move|p2a: Zapdos|Hurricane|p1a: Toxapex
|-damage|p1a: Toxapex|17/100
|-activate|p1a: Toxapex|confusion
|move|p1a: Toxapex|Toxic Spikes|p2a: Zapdos
|-sidestart|p2: blazox|move: Toxic Spikes
|
|-heal|p1a: Toxapex|23/100|[from] item: Black Sludge
|-damage|p2a: Zapdos|63/100 brn|[from] brn
|upkeep
|turn|37
|j| jeanmilapipe
|
|t:|1624043153
|switch|p1a: Tapu Koko|Tapu Koko|100/100
|-fieldstart|move: Electric Terrain|[from] ability: Electric Surge|[of] p1a: Tapu Koko
|move|p2a: Zapdos|Volt Switch|p1a: Tapu Koko
|-resisted|p1a: Tapu Koko
|-damage|p1a: Tapu Koko|77/100
|n| rekkypoo|rekkypoo
|
|t:|1624043169
|switch|p2a: Rillaboom|Rillaboom, M|100/100|[from]move: Volt Switch
|-status|p2a: Rillaboom|psn
|-fieldstart|move: Grassy Terrain|[from] ability: Grassy Surge|[of] p2a: Rillaboom
|
|-heal|p1a: Tapu Koko|83/100|[from] Grassy Terrain
|-damage|p2a: Rillaboom|88/100 psn|[from] psn
|upkeep
|turn|38
|
|t:|1624043174
|switch|p1a: Dragonite|Dragonite, F|84/100
|move|p2a: Rillaboom|U-turn|p1a: Dragonite
|-resisted|p1a: Dragonite
|-damage|p1a: Dragonite|65/100
|c| rekkypoo|Bunny Girl Mai
|
|t:|1624043193
|switch|p2a: Clefable|Clefable, M|81/100 psn|[from]move: U-turn
|
|-heal|p2a: Clefable|88/100 psn|[from] Grassy Terrain
|-heal|p2a: Clefable|94/100 psn|[from] item: Leftovers
|upkeep
|turn|39
|
|t:|1624043211
|switch|p2a: Rillaboom|Rillaboom, M|88/100 psn
|move|p1a: Dragonite|Roost|p1a: Dragonite
|-heal|p1a: Dragonite|100/100
|-singleturn|p1a: Dragonite|move: Roost
|
|-heal|p2a: Rillaboom|94/100 psn|[from] Grassy Terrain
|-damage|p2a: Rillaboom|82/100 psn|[from] psn
|upkeep
|turn|40
|
|t:|1624043228
|switch|p1a: Toxapex|Toxapex, M|56/100
|move|p2a: Rillaboom|U-turn|p1a: Toxapex
|-resisted|p1a: Toxapex
|-damage|p1a: Toxapex|44/100
|
|t:|1624043234
|switch|p2a: Zapdos|Zapdos|63/100 brn|[from]move: U-turn
|
|-heal|p1a: Toxapex|50/100|[from] Grassy Terrain
|-heal|p1a: Toxapex|56/100|[from] item: Black Sludge
|-damage|p2a: Zapdos|57/100 brn|[from] brn
|upkeep
|turn|41
|j| tapu moxo
|
|t:|1624043241
|move|p2a: Zapdos|Volt Switch|p1a: Toxapex
|-supereffective|p1a: Toxapex
|-damage|p1a: Toxapex|10/100
|
|t:|1624043248
|switch|p2a: Rillaboom|Rillaboom, M|82/100 psn|[from]move: Volt Switch
|move|p1a: Toxapex|Recover|p1a: Toxapex
|-heal|p1a: Toxapex|61/100
|
|-heal|p2a: Rillaboom|88/100 psn|[from] Grassy Terrain
|-heal|p1a: Toxapex|67/100|[from] Grassy Terrain
|-heal|p1a: Toxapex|72/100|[from] item: Black Sludge
|-damage|p2a: Rillaboom|76/100 psn|[from] psn
|-fieldend|move: Grassy Terrain
|upkeep
|turn|42
|c| Bunny Girl Mai|Rekkypoo
|
|t:|1624043255
|switch|p1a: Dragonite|Dragonite, F|100/100
|move|p2a: Rillaboom|Wood Hammer|p1a: Dragonite
|-resisted|p1a: Dragonite
|-damage|p1a: Dragonite|89/100
|-damage|p2a: Rillaboom|71/100 psn|[from] Recoil
|
|-damage|p2a: Rillaboom|59/100 psn|[from] psn
|upkeep
|turn|43
|
|t:|1624043268
|switch|p2a: Clefable|Clefable, M|94/100 psn
|switch|p1a: Tapu Koko|Tapu Koko|83/100
|-fieldstart|move: Electric Terrain|[from] ability: Electric Surge|[of] p1a: Tapu Koko
|
|-heal|p2a: Clefable|99/100 psn|[from] item: Leftovers
|upkeep
|turn|44
|
|t:|1624043289
|move|p1a: Tapu Koko|Thunderbolt|p2a: Clefable
|-damage|p2a: Clefable|51/100 psn
|move|p2a: Clefable|Moonblast|p1a: Tapu Koko
|-damage|p1a: Tapu Koko|35/100
|
|-heal|p2a: Clefable|57/100 psn|[from] item: Leftovers
|upkeep
|turn|45
|
|t:|1624043296
|move|p1a: Tapu Koko|Roost|p1a: Tapu Koko
|-heal|p1a: Tapu Koko|85/100
|-singleturn|p1a: Tapu Koko|move: Roost
|move|p2a: Clefable|Soft-Boiled|p2a: Clefable
|-heal|p2a: Clefable|100/100 psn
|
|upkeep
|turn|46
|
|t:|1624043301
|move|p1a: Tapu Koko|Thunderbolt|p2a: Clefable
|-damage|p2a: Clefable|58/100 psn
|move|p2a: Clefable|Moonblast|p1a: Tapu Koko
|-damage|p1a: Tapu Koko|40/100
|-unboost|p1a: Tapu Koko|spa|1
|
|-heal|p2a: Clefable|64/100 psn|[from] item: Leftovers
|upkeep
|turn|47
|l|rekkypoo
|
|t:|1624043308
|move|p1a: Tapu Koko|Roost|p1a: Tapu Koko
|-heal|p1a: Tapu Koko|90/100
|-singleturn|p1a: Tapu Koko|move: Roost
|move|p2a: Clefable|Moonblast|p1a: Tapu Koko
|-crit|p1a: Tapu Koko
|-damage|p1a: Tapu Koko|21/100
|-unboost|p1a: Tapu Koko|spa|1
|
|-heal|p2a: Clefable|70/100 psn|[from] item: Leftovers
|-fieldend|move: Electric Terrain
|upkeep
|turn|48
|
|t:|1624043316
|move|p1a: Tapu Koko|Roost|p1a: Tapu Koko
|-heal|p1a: Tapu Koko|71/100
|-singleturn|p1a: Tapu Koko|move: Roost
|move|p2a: Clefable|Moonblast|p1a: Tapu Koko
|-damage|p1a: Tapu Koko|26/100
|
|-heal|p2a: Clefable|76/100 psn|[from] item: Leftovers
|upkeep
|turn|49
|n| Bunny Girl Mai|bunnygirlmai
|
|t:|1624043329
|move|p1a: Tapu Koko|Roost|p1a: Tapu Koko
|-heal|p1a: Tapu Koko|76/100
|-singleturn|p1a: Tapu Koko|move: Roost
|move|p2a: Clefable|Stealth Rock|p1a: Tapu Koko
|-sidestart|p1: not mb|move: Stealth Rock
|
|-heal|p2a: Clefable|82/100 psn|[from] item: Leftovers
|upkeep
|turn|50
|
|t:|1624043333
|move|p1a: Tapu Koko|U-turn|p2a: Clefable
|-resisted|p2a: Clefable
|-damage|p2a: Clefable|76/100 psn
|
|t:|1624043335
|switch|p1a: Toxapex|Toxapex, M|100/100|[from]move: U-turn
|-damage|p1a: Toxapex|88/100|[from] Stealth Rock
|move|p2a: Clefable|Moonblast|p1a: Toxapex
|-resisted|p1a: Toxapex
|-damage|p1a: Toxapex|75/100
|-unboost|p1a: Toxapex|spa|1
|
|-heal|p2a: Clefable|82/100 psn|[from] item: Leftovers
|-heal|p1a: Toxapex|81/100|[from] item: Black Sludge
|upkeep
|turn|51
|
|t:|1624043343
|switch|p2a: Rillaboom|Rillaboom, M|59/100 psn
|-fieldstart|move: Grassy Terrain|[from] ability: Grassy Surge|[of] p2a: Rillaboom
|move|p1a: Toxapex|Scald|p2a: Rillaboom
|-resisted|p2a: Rillaboom
|-damage|p2a: Rillaboom|52/100 psn
|
|-heal|p2a: Rillaboom|58/100 psn|[from] Grassy Terrain
|-heal|p1a: Toxapex|87/100|[from] Grassy Terrain
|-heal|p1a: Toxapex|93/100|[from] item: Black Sludge
|-damage|p2a: Rillaboom|46/100 psn|[from] psn
|upkeep
|turn|52
|
|t:|1624043352
|switch|p1a: Dragonite|Dragonite, F|89/100
|-damage|p1a: Dragonite|64/100|[from] Stealth Rock
|move|p2a: Rillaboom|Wood Hammer|p1a: Dragonite
|-resisted|p1a: Dragonite
|-crit|p1a: Dragonite
|-damage|p1a: Dragonite|21/100
|-damage|p2a: Rillaboom|30/100 psn|[from] Recoil
|
|-heal|p2a: Rillaboom|36/100 psn|[from] Grassy Terrain
|-damage|p2a: Rillaboom|24/100 psn|[from] psn
|upkeep
|turn|53
|inactive|not mb has 120 seconds left.
|
|t:|1624043393
|move|p2a: Rillaboom|Wood Hammer|p1a: Dragonite
|-resisted|p1a: Dragonite
|-damage|p1a: Dragonite|0 fnt
|faint|p1a: Dragonite
|-damage|p2a: Rillaboom|16/100 psn|[from] Recoil
|
|-heal|p2a: Rillaboom|22/100 psn|[from] Grassy Terrain
|-damage|p2a: Rillaboom|10/100 psn|[from] psn
|upkeep
|
|t:|1624043397
|switch|p1a: Tapu Koko|Tapu Koko|76/100
|-fieldstart|move: Electric Terrain|[from] ability: Electric Surge|[of] p1a: Tapu Koko
|turn|54
|
|t:|1624043414
|switch|p2a: Urshifu|Urshifu-Rapid-Strike, M|100/100
|-status|p2a: Urshifu|psn
|move|p1a: Tapu Koko|Thunderbolt|p2a: Urshifu
|-supereffective|p2a: Urshifu
|-damage|p2a: Urshifu|0 fnt
|faint|p2a: Urshifu
|
|upkeep
|
|t:|1624043429
|switch|p2a: Clefable|Clefable, M|82/100 psn
|turn|55
|
|t:|1624043441
|move|p1a: Tapu Koko|Thunderbolt|p2a: Clefable
|-damage|p2a: Clefable|32/100 psn
|move|p2a: Clefable|Soft-Boiled|p2a: Clefable
|-heal|p2a: Clefable|82/100 psn
|
|-heal|p2a: Clefable|88/100 psn|[from] item: Leftovers
|upkeep
|turn|56
|
|t:|1624043454
|move|p1a: Tapu Koko|Roost|p1a: Tapu Koko
|-heal|p1a: Tapu Koko|100/100
|-singleturn|p1a: Tapu Koko|move: Roost
|move|p2a: Clefable|Soft-Boiled|p2a: Clefable
|-heal|p2a: Clefable|100/100 psn
|
|upkeep
|turn|57
|
|t:|1624043465
|move|p1a: Tapu Koko|U-turn|p2a: Clefable
|-resisted|p2a: Clefable
|-damage|p2a: Clefable|94/100 psn
|
|t:|1624043467
|switch|p1a: Toxapex|Toxapex, M|100/100|[from]move: U-turn
|-damage|p1a: Toxapex|88/100|[from] Stealth Rock
|move|p2a: Clefable|Moonblast|p1a: Toxapex
|-resisted|p1a: Toxapex
|-damage|p1a: Toxapex|76/100
|
|-heal|p2a: Clefable|99/100 psn|[from] item: Leftovers
|-heal|p1a: Toxapex|82/100|[from] item: Black Sludge
|upkeep
|turn|58
|
|t:|1624043473
|move|p2a: Clefable|Moonblast|p1a: Toxapex
|-resisted|p1a: Toxapex
|-damage|p1a: Toxapex|70/100
|move|p1a: Toxapex|Recover|p1a: Toxapex
|-heal|p1a: Toxapex|100/100
|
|-heal|p2a: Clefable|100/100 psn|[from] item: Leftovers
|-fieldend|move: Electric Terrain
|upkeep
|turn|59
|
|t:|1624043487
|switch|p1a: Tapu Koko|Tapu Koko|100/100
|-fieldstart|move: Electric Terrain|[from] ability: Electric Surge|[of] p1a: Tapu Koko
|move|p2a: Clefable|Moonblast|p1a: Tapu Koko
|-damage|p1a: Tapu Koko|56/100
|
|upkeep
|turn|60
|
|t:|1624043497
|move|p1a: Tapu Koko|Roost|p1a: Tapu Koko
|-heal|p1a: Tapu Koko|100/100
|-singleturn|p1a: Tapu Koko|move: Roost
|move|p2a: Clefable|Moonblast|p1a: Tapu Koko
|-damage|p1a: Tapu Koko|56/100
|
|upkeep
|turn|61
|
|t:|1624043501
|move|p1a: Tapu Koko|Roost|p1a: Tapu Koko
|-heal|p1a: Tapu Koko|100/100
|-singleturn|p1a: Tapu Koko|move: Roost
|move|p2a: Clefable|Moonblast|p1a: Tapu Koko
|-damage|p1a: Tapu Koko|51/100
|-unboost|p1a: Tapu Koko|spa|1
|
|upkeep
|turn|62
|
|t:|1624043509
|move|p1a: Tapu Koko|Roost|p1a: Tapu Koko
|-heal|p1a: Tapu Koko|100/100
|-singleturn|p1a: Tapu Koko|move: Roost
|move|p2a: Clefable|Moonblast|p1a: Tapu Koko
|-damage|p1a: Tapu Koko|55/100
|
|upkeep
|turn|63
|
|t:|1624043516
|move|p1a: Tapu Koko|Roost|p1a: Tapu Koko
|-heal|p1a: Tapu Koko|100/100
|-singleturn|p1a: Tapu Koko|move: Roost
|move|p2a: Clefable|Moonblast|p1a: Tapu Koko
|-damage|p1a: Tapu Koko|54/100
|
|-fieldend|move: Electric Terrain
|upkeep
|turn|64
|
|t:|1624043518
|move|p1a: Tapu Koko|Roost|p1a: Tapu Koko
|-heal|p1a: Tapu Koko|100/100
|-singleturn|p1a: Tapu Koko|move: Roost
|move|p2a: Clefable|Moonblast|p1a: Tapu Koko
|-damage|p1a: Tapu Koko|55/100
|
|upkeep
|turn|65
|
|t:|1624043521
|move|p1a: Tapu Koko|U-turn|p2a: Clefable
|-resisted|p2a: Clefable
|-damage|p2a: Clefable|94/100 psn
|
|t:|1624043523
|switch|p1a: Toxapex|Toxapex, M|100/100|[from]move: U-turn
|-damage|p1a: Toxapex|88/100|[from] Stealth Rock
|move|p2a: Clefable|Moonblast|p1a: Toxapex
|-resisted|p1a: Toxapex
|-damage|p1a: Toxapex|76/100
|
|-heal|p2a: Clefable|99/100 psn|[from] item: Leftovers
|-heal|p1a: Toxapex|82/100|[from] item: Black Sludge
|upkeep
|turn|66
|
|t:|1624043539
|switch|p2a: Zapdos|Zapdos|57/100 brn
|switch|p1a: Tapu Koko|Tapu Koko|55/100
|-fieldstart|move: Electric Terrain|[from] ability: Electric Surge|[of] p1a: Tapu Koko
|
|-damage|p2a: Zapdos|51/100 brn|[from] brn
|upkeep
|turn|67
|inactive|blazox has 120 seconds left.
|j| FrozenCold
|
|t:|1624043597
|switch|p2a: Clefable|Clefable, M|99/100 psn
|move|p1a: Tapu Koko|Thunderbolt|p2a: Clefable
|-damage|p2a: Clefable|53/100 psn
|
|-heal|p2a: Clefable|59/100 psn|[from] item: Leftovers
|upkeep
|turn|68
|
|t:|1624043609
|move|p1a: Tapu Koko|Roost|p1a: Tapu Koko
|-heal|p1a: Tapu Koko|100/100
|-singleturn|p1a: Tapu Koko|move: Roost
|move|p2a: Clefable|Soft-Boiled|p2a: Clefable
|-heal|p2a: Clefable|100/100 psn
|
|upkeep
|turn|69
|j| ironwater
|
|t:|1624043621
|move|p1a: Tapu Koko|Thunderbolt|p2a: Clefable
|-damage|p2a: Clefable|53/100 psn
|move|p2a: Clefable|Moonblast|p1a: Tapu Koko
|-damage|p1a: Tapu Koko|55/100
|-unboost|p1a: Tapu Koko|spa|1
|
|-heal|p2a: Clefable|59/100 psn|[from] item: Leftovers
|upkeep
|turn|70
|j| i gonna die young
|j| Lunlelo
|
|t:|1624043629
|switch|p2a: Zapdos|Zapdos|51/100 brn
|move|p1a: Tapu Koko|Roost|p1a: Tapu Koko
|-heal|p1a: Tapu Koko|100/100
|-singleturn|p1a: Tapu Koko|move: Roost
|
|-damage|p2a: Zapdos|45/100 brn|[from] brn
|-fieldend|move: Electric Terrain
|upkeep
|turn|71
|l| Lunlelo
|l| tapu moxo
|
|t:|1624043648
|move|p1a: Tapu Koko|Thunderbolt|p2a: Zapdos
|-damage|p2a: Zapdos|20/100 brn
|move|p2a: Zapdos|Roost|p2a: Zapdos
|-heal|p2a: Zapdos|70/100 brn
|-singleturn|p2a: Zapdos|move: Roost
|
|-damage|p2a: Zapdos|64/100 brn|[from] brn
|upkeep
|turn|72
|
|t:|1624043654
|move|p1a: Tapu Koko|Thunderbolt|p2a: Zapdos
|-damage|p2a: Zapdos|38/100 brn
|move|p2a: Zapdos|Roost|p2a: Zapdos
|-heal|p2a: Zapdos|88/100 brn
|-singleturn|p2a: Zapdos|move: Roost
|
|-damage|p2a: Zapdos|82/100 brn|[from] brn
|upkeep
|turn|73
|
|t:|1624043660
|move|p1a: Tapu Koko|U-turn|p2a: Zapdos
|-resisted|p2a: Zapdos
|-damage|p2a: Zapdos|76/100 brn
|
|t:|1624043662
|switch|p1a: Toxapex|Toxapex, M|100/100|[from]move: U-turn
|-damage|p1a: Toxapex|88/100|[from] Stealth Rock
|move|p2a: Zapdos|Roost|p2a: Zapdos
|-heal|p2a: Zapdos|100/100 brn
|-singleturn|p2a: Zapdos|move: Roost
|
|-heal|p1a: Toxapex|94/100|[from] item: Black Sludge
|-damage|p2a: Zapdos|94/100 brn|[from] brn
|upkeep
|turn|74
|
|t:|1624043677
|switch|p1a: Tapu Koko|Tapu Koko|100/100
|-fieldstart|move: Electric Terrain|[from] ability: Electric Surge|[of] p1a: Tapu Koko
|move|p2a: Zapdos|Defog|p1a: Tapu Koko
|-unboost|p1a: Tapu Koko|evasion|1
|-sideend|p1: not mb|Stealth Rock|[from] move: Defog|[of] p2a: Zapdos
|-sideend|p2: blazox|Toxic Spikes|[from] move: Defog|[of] p2a: Zapdos
|-fieldend|move: Electric Terrain
|
|-damage|p2a: Zapdos|88/100 brn|[from] brn
|upkeep
|turn|75
|
|t:|1624043682
|move|p1a: Tapu Koko|Thunderbolt|p2a: Zapdos
|-crit|p2a: Zapdos
|-damage|p2a: Zapdos|38/100 brn
|move|p2a: Zapdos|Volt Switch|p1a: Tapu Koko
|-resisted|p1a: Tapu Koko
|-damage|p1a: Tapu Koko|79/100
|
|t:|1624043685
|switch|p2a: Rillaboom|Rillaboom, M|10/100 psn|[from]move: Volt Switch
|-fieldstart|move: Grassy Terrain|[from] ability: Grassy Surge|[of] p2a: Rillaboom
|
|-heal|p1a: Tapu Koko|85/100|[from] Grassy Terrain
|-heal|p2a: Rillaboom|16/100 psn|[from] Grassy Terrain
|-damage|p2a: Rillaboom|4/100 psn|[from] psn
|upkeep
|turn|76
|
|t:|1624043693
|switch|p1a: Toxapex|Toxapex, M|100/100
|move|p2a: Rillaboom|Wood Hammer|p1a: Toxapex
|-damage|p1a: Toxapex|18/100
|-damage|p2a: Rillaboom|0 fnt|[from] Recoil
|faint|p2a: Rillaboom
|
|-heal|p1a: Toxapex|24/100|[from] Grassy Terrain
|-heal|p1a: Toxapex|30/100|[from] item: Black Sludge
|upkeep
|
|t:|1624043700
|switch|p2a: Zapdos|Zapdos|38/100 brn
|turn|77
|
|t:|1624043702
|switch|p1a: Tapu Koko|Tapu Koko|85/100
|-fieldstart|move: Electric Terrain|[from] ability: Electric Surge|[of] p1a: Tapu Koko
|move|p2a: Zapdos|Volt Switch|p1a: Tapu Koko
|-resisted|p1a: Tapu Koko
|-damage|p1a: Tapu Koko|63/100
|
|t:|1624043708
|switch|p2a: Clefable|Clefable, M|59/100 psn|[from]move: Volt Switch
|
|-heal|p2a: Clefable|65/100 psn|[from] item: Leftovers
|upkeep
|turn|78
|
|t:|1624043715
|move|p1a: Tapu Koko|U-turn|p2a: Clefable
|-resisted|p2a: Clefable
|-damage|p2a: Clefable|60/100 psn
|
|t:|1624043716
|switch|p1a: Toxapex|Toxapex, M|63/100|[from]move: U-turn
|move|p2a: Clefable|Soft-Boiled|p2a: Clefable
|-heal|p2a: Clefable|100/100 psn
|
|-heal|p1a: Toxapex|69/100|[from] item: Black Sludge
|upkeep
|turn|79
|c|☆blazox|gg
|-message|blazox forfeited.
|
|win|not mb
|l|☆blazox
|raw|not mb's rating: 1935 &rarr; <strong>1948</strong><br />(+13 for winning)
|raw|blazox's rating: 1808 &rarr; <strong>1795</strong><br />(-13 for losing)
|l| ironwater
||Ladder isn't responding, score probably updated but might not have (Request timeout).
