|j|☆GGeorgie◕‿◕
|j|☆jdog4242
|t:|1667868245
|gametype|singles
|player|p1|GGeorgie◕‿◕|hiker-gen2|1462
|player|p2|jdog4242|smasher|1440
|teamsize|p1|6
|teamsize|p2|6
|gen|8
|tier|[Gen 8] OU
|rated|
|rule|Sleep Clause Mod: Limit one foe put to sleep
|rule|Species Clause: Limit one of each Pokémon
|rule|OHKO Clause: OHKO moves are banned
|rule|Evasion Items Clause: Evasion items are banned
|rule|Evasion Moves Clause: Evasion moves are banned
|rule|Endless Battle Clause: Forcing endless battles is banned
|rule|HP Percentage Mod: HP is shown in percentages
|rule|Dynamax Clause: You cannot dynamax
|clearpoke
|poke|p1|Zapdos|
|poke|p1|Tyranitar, M|
|poke|p1|Landorus-Therian, M|
|poke|p1|Excadrill, F|
|poke|p1|Clefable, F|
|poke|p1|Ferrothorn, M|
|poke|p2|Heatran, M|
|poke|p2|Bisharp, F|
|poke|p2|Garchomp, M|
|poke|p2|Zapdos|
|poke|p2|Tapu Fini|
|poke|p2|Dragonite, F|
|teampreview
|inactive|Battle timer is ON: inactive players will automatically lose when time's up. (requested by jdog4242)
|
|t:|1667868265
|start
|switch|p1a: Zapdos|Zapdos|100/100
|switch|p2a: Garchomp|Garchomp, M|100/100
|turn|1
|
|t:|1667868271
|move|p2a: Garchomp|Stealth Rock|p1a: Zapdos
|-sidestart|p1: GGeorgie◕‿◕|move: Stealth Rock
|move|p1a: Zapdos|Hurricane|p2a: Garchomp
|-damage|p2a: Garchomp|0 fnt
|faint|p2a: Garchomp
|
|upkeep
|
|t:|1667868278
|switch|p2a: Heatran|Heatran, M|100/100
|turn|2
|
|t:|1667868282
|switch|p1a: Tyranitar|Tyranitar, M, shiny|100/100
|-damage|p1a: Tyranitar|88/100|[from] Stealth Rock
|-weather|Sandstorm|[from] ability: Sand Stream|[of] p1a: Tyranitar
|move|p2a: Heatran|Eruption|p1a: Tyranitar
|-resisted|p1a: Tyranitar
|-damage|p1a: Tyranitar|64/100
|
|-weather|Sandstorm|[upkeep]
|upkeep
|turn|3
|
|t:|1667868289
|switch|p2a: Bisharp|Bisharp, F|100/100
|move|p1a: Tyranitar|Earthquake|p2a: Bisharp
|-supereffective|p2a: Bisharp
|-damage|p2a: Bisharp|29/100
|
|-weather|Sandstorm|[upkeep]
|upkeep
|turn|4
|
|t:|1667868294
|move|p1a: Tyranitar|Earthquake|p2a: Bisharp
|-supereffective|p2a: Bisharp
|-damage|p2a: Bisharp|0 fnt
|faint|p2a: Bisharp
|
|-weather|Sandstorm|[upkeep]
|upkeep
|
|t:|1667868304
|switch|p2a: Dragonite|Dragonite, F|100/100
|turn|5
|
|t:|1667868312
|switch|p1a: Landorus|Landorus-Therian, M|100/100
|-damage|p1a: Landorus|88/100|[from] Stealth Rock
|-ability|p1a: Landorus|Intimidate|boost
|-unboost|p2a: Dragonite|atk|1
|move|p2a: Dragonite|Dragon Dance|p2a: Dragonite
|-boost|p2a: Dragonite|atk|1
|-boost|p2a: Dragonite|spe|1
|
|-weather|Sandstorm|[upkeep]
|-damage|p2a: Dragonite|94/100|[from] Sandstorm
|upkeep
|turn|6
|
|t:|1667868316
|move|p1a: Landorus|Explosion|p2a: Dragonite
|-damage|p2a: Dragonite|0 fnt
|faint|p1a: Landorus
|faint|p2a: Dragonite
|
|-weather|none
|upkeep
|-message|jdog4242 forfeited.
|
|win|GGeorgie◕‿◕
|raw|GGeorgie◕‿◕'s rating: 1444 &rarr; <strong>1464</strong><br />(+20 for winning)
|raw|jdog4242's rating: 1440 &rarr; <strong>1420</strong><br />(-20 for losing)
|l|☆jdog4242
