|html|<div class="broadcast-blue"><strong>[Gen 8] OU is currently suspecting Melmetal! For information on how to participate check out the <a href="https://www.smogon.com/forums/threads/np-ss-ou-suspect-process-round-12-monster-mash.3709234/">suspect thread</a>.</strong></div>
|j|☆zillafan69
|j|☆mimilimi
|inactive|Battle timer is ON: inactive players will automatically lose when time's up.
|t:|1666857579
|gametype|singles
|player|p1|zillafan69|169|
|player|p2|mimilimi|juggler|
|teamsize|p1|6
|teamsize|p2|6
|gen|8
|tier|[Gen 8] OU
|rated|Tournament battle
|rule|Sleep Clause Mod: Limit one foe put to sleep
|rule|Species Clause: Limit one of each Pokémon
|rule|OHKO Clause: OHKO moves are banned
|rule|Evasion Items Clause: Evasion items are banned
|rule|Evasion Moves Clause: Evasion moves are banned
|rule|Endless Battle Clause: Forcing endless battles is banned
|rule|HP Percentage Mod: HP is shown in percentages
|rule|Dynamax Clause: You cannot dynamax
|clearpoke
|poke|p1|Mew|
|poke|p1|Weavile, F|
|poke|p1|Celesteela|
|poke|p1|Garchomp, F|
|poke|p1|Blacephalon|
|poke|p1|Crawdaunt, F|
|poke|p2|Zapdos|
|poke|p2|Landorus-Therian, M|
|poke|p2|Vanilluxe, F|
|poke|p2|Melmetal|
|poke|p2|Slowking, F|
|poke|p2|Urshifu-*, F|
|teampreview
|j|%moondazing
|j|+Arcadium
|c|☆mimilimi|gl
|j| aaa***Starmaie
|c|☆zillafan69|u2
|j| newplayer42343
|inactive|mimilimi has 120 seconds left.
|
|t:|1666857627
|start
|switch|p1a: Mew|Mew, shiny|100/100
|switch|p2a: icy wiener|Vanilluxe, F, shiny|100/100
|-weather|Hail|[from] ability: Snow Warning|[of] p2a: icy wiener
|turn|1
|j| cypherstest
|
|t:|1666857643
|move|p1a: Mew|Thunder Wave|p2a: icy wiener
|-status|p2a: icy wiener|par
|move|p2a: icy wiener|Blizzard|p1a: Mew
|-damage|p1a: Mew|28/100
|
|-weather|Hail|[upkeep]
|-damage|p1a: Mew|22/100|[from] Hail
|upkeep
|turn|2
|l| aaa***Starmaie
|
|t:|1666857655
|move|p1a: Mew|Spikes|p2a: icy wiener
|-sidestart|p2: mimilimi|Spikes
|move|p2a: icy wiener|Blizzard|p1a: Mew
|-damage|p1a: Mew|0 fnt
|faint|p1a: Mew
|
|-weather|Hail|[upkeep]
|upkeep
|inactive|zillafan69 has 120 seconds left.
|
|t:|1666857686
|switch|p1a: Mr Craw...📞 📞 📞|Crawdaunt, F, shiny|100/100
|turn|3
|inactive|zillafan69 has 120 seconds left.
|j| KanKi-san
|
|t:|1666857705
|switch|p2a: dorian electra|Zapdos|100/100
|move|p1a: Mr Craw...📞 📞 📞|Knock Off|p2a: dorian electra
|-damage|p2a: dorian electra|27/100
|-status|p1a: Mr Craw...📞 📞 📞|par|[from] ability: Static|[of] p2a: dorian electra
|-enditem|p2a: dorian electra|Heavy-Duty Boots|[from] move: Knock Off|[of] p1a: Mr Craw...📞 📞 📞
|-damage|p1a: Mr Craw...📞 📞 📞|91/100 par|[from] item: Life Orb
|
|-weather|Hail|[upkeep]
|-damage|p2a: dorian electra|21/100|[from] Hail
|-damage|p1a: Mr Craw...📞 📞 📞|85/100 par|[from] Hail
|upkeep
|turn|4
|j| jester cheetah
|c| jester cheetah|mr craw huh?
|inactive|mimilimi has 120 seconds left.
|j| SatorinKomeiji
|c|☆zillafan69|Mr Craw...📞 📞 📞
|c|☆mimilimi|ouille
|c|+Arcadium|crawww
|
|t:|1666857747
|move|p1a: Mr Craw...📞 📞 📞|Aqua Jet|p2a: dorian electra
|-damage|p2a: dorian electra|0 fnt
|faint|p2a: dorian electra
|-damage|p1a: Mr Craw...📞 📞 📞|75/100 par|[from] item: Life Orb
|
|-weather|Hail|[upkeep]
|-damage|p1a: Mr Craw...📞 📞 📞|69/100 par|[from] Hail
|upkeep
|
|t:|1666857751
|switch|p2a: alberto basalm|Urshifu-Rapid-Strike, F|100/100
|-damage|p2a: alberto basalm|88/100|[from] Spikes
|turn|5
|c| KanKi-san|trop fort
|c| jester cheetah|I can't pick up the phone right now... I'm sorry :(
|inactive|zillafan69 has 120 seconds left.
|
|t:|1666857772
|switch|p1a: Celesteela|Celesteela, shiny|100/100
|move|p2a: alberto basalm|U-turn|p1a: Celesteela
|-resisted|p1a: Celesteela
|-damage|p1a: Celesteela|94/100
|c|☆mimilimi|mdr c'est vrmt ça knaki-san
|inactive|mimilimi has 120 seconds left.
|c| KanKi-san|je te jure xd
|c|☆mimilimi|kanki*
|
|t:|1666857787
|switch|p2a: young sheldon|Slowking, F, shiny|100/100|[from]move: U-turn
|
|-weather|none
|upkeep
|turn|6
|c|☆zillafan69|Mr Craw...📞 📞 📞
|c|☆zillafan69|Pick Up
|c| KanKi-san|mais oklm
|c| KanKi-san|tu vas la win
|
|t:|1666857800
|switch|p1a: Mr Craw...📞 📞 📞|Crawdaunt, F, shiny|69/100 par
|move|p2a: young sheldon|Scald|p1a: Mr Craw...📞 📞 📞
|-resisted|p1a: Mr Craw...📞 📞 📞
|-damage|p1a: Mr Craw...📞 📞 📞|42/100 par
|
|upkeep
|turn|7
|l| SatorinKomeiji
|inactive|mimilimi has 120 seconds left.
|c|☆mimilimi|imagine ton switch in celesteela c'est slowking
|c| KanKi-san|mdr
|
|t:|1666857825
|switch|p2a: icy wiener|Vanilluxe, F, shiny|100/100 par
|-damage|p2a: icy wiener|88/100 par|[from] Spikes
|-weather|Hail|[from] ability: Snow Warning|[of] p2a: icy wiener
|move|p1a: Mr Craw...📞 📞 📞|Knock Off|p2a: icy wiener
|-damage|p2a: icy wiener|0 fnt
|-enditem|p2a: icy wiener|Choice Specs|[from] move: Knock Off|[of] p1a: Mr Craw...📞 📞 📞
|faint|p2a: icy wiener
|-damage|p1a: Mr Craw...📞 📞 📞|32/100 par|[from] item: Life Orb
|
|-weather|Hail|[upkeep]
|-damage|p1a: Mr Craw...📞 📞 📞|26/100 par|[from] Hail
|upkeep
|c| KanKi-san|ca va pas être facille
|
|t:|1666857832
|switch|p2a: damo suzuki|Landorus-Therian, M, shiny|100/100
|-ability|p2a: damo suzuki|Intimidate|boost
|-unboost|p1a: Mr Craw...📞 📞 📞|atk|1
|turn|8
|c| jester cheetah|tap in
|c|☆mimilimi|0 chance
|c|☆mimilimi|je dois le cheap
|
|t:|1666857844
|move|p1a: Mr Craw...📞 📞 📞|Aqua Jet|p2a: damo suzuki
|-supereffective|p2a: damo suzuki
|-damage|p2a: damo suzuki|52/100
|-damage|p1a: Mr Craw...📞 📞 📞|16/100 par|[from] item: Life Orb
|move|p2a: damo suzuki|Stealth Rock|p1a: Mr Craw...📞 📞 📞
|-sidestart|p1: zillafan69|move: Stealth Rock
|
|-weather|Hail|[upkeep]
|-damage|p2a: damo suzuki|46/100|[from] Hail
|-damage|p1a: Mr Craw...📞 📞 📞|10/100 par|[from] Hail
|-heal|p2a: damo suzuki|52/100|[from] item: Leftovers
|upkeep
|turn|9
|c| KanKi-san|ptdr
|c|☆zillafan69|Mr Craw...📞 📞 📞Mr Craw...📞 📞 📞Mr Craw...📞 📞 📞Mr Craw...📞 📞 📞Mr Craw...📞 📞 📞Mr Craw...📞 📞 📞Mr Craw...📞 📞 📞Mr Craw...📞 📞 📞
|inactive|mimilimi has 120 seconds left.
|c| jester cheetah|urshifu is just as bad though
|c| KanKi-san|il veut pas être para
|
|t:|1666857854
|switch|p2a: young sheldon|Slowking, F, shiny|100/100
|move|p1a: Mr Craw...📞 📞 📞|Aqua Jet|p2a: young sheldon
|-resisted|p2a: young sheldon
|-damage|p2a: young sheldon|91/100
|-damage|p1a: Mr Craw...📞 📞 📞|0 fnt|[from] item: Life Orb
|faint|p1a: Mr Craw...📞 📞 📞
|
|-weather|Hail|[upkeep]
|-damage|p2a: young sheldon|84/100|[from] Hail
|upkeep
|
|t:|1666857865
|switch|p1a: Weavile|Weavile, F, shiny|100/100
|-damage|p1a: Weavile|76/100|[from] Stealth Rock
|-ability|p1a: Weavile|Pressure
|turn|10
|c| KanKi-san|enfin
|
|t:|1666857873
|switch|p2a: metal auf metal|Melmetal|100/100
|-damage|p2a: metal auf metal|88/100|[from] Spikes
|move|p1a: Weavile|Knock Off|p2a: metal auf metal
|-damage|p2a: metal auf metal|46/100
|-enditem|p2a: metal auf metal|Leftovers|[from] move: Knock Off|[of] p1a: Weavile
|-damage|p1a: Weavile|66/100|[from] item: Life Orb
|
|-weather|Hail|[upkeep]
|-damage|p2a: metal auf metal|40/100|[from] Hail
|upkeep
|turn|11
|c|☆mimilimi|uh
|
|t:|1666857887
|switch|p1a: Celesteela|Celesteela, shiny|94/100
|-damage|p1a: Celesteela|82/100|[from] Stealth Rock
|move|p2a: metal auf metal|Double Iron Bash|p1a: Celesteela
|-resisted|p1a: Celesteela
|-damage|p1a: Celesteela|61/100
|-resisted|p1a: Celesteela
|-damage|p1a: Celesteela|39/100
|-hitcount|p1a: Celesteela|2
|
|-weather|none
|upkeep
|turn|12
|c|☆mimilimi|oh?
|c|☆mimilimi|thx
|c| KanKi-san|xd
|
|t:|1666857902
|switch|p2a: young sheldon|Slowking, F, shiny|100/100
|move|p1a: Celesteela|Flamethrower|p2a: young sheldon
|-resisted|p2a: young sheldon
|-damage|p2a: young sheldon|88/100
|
|upkeep
|turn|13
|
|t:|1666857909
|move|p1a: Celesteela|Meteor Beam||[still]
|-prepare|p1a: Celesteela|Meteor Beam
|-boost|p1a: Celesteela|spa|1
|-enditem|p1a: Celesteela|Power Herb
|-anim|p1a: Celesteela|Meteor Beam|p2a: young sheldon
|-damage|p2a: young sheldon|42/100
|move|p2a: young sheldon|Scald|p1a: Celesteela
|-damage|p1a: Celesteela|13/100
|-status|p1a: Celesteela|brn
|
|-damage|p1a: Celesteela|7/100 brn|[from] brn
|upkeep
|turn|14
|c| jester cheetah|very tough
|
|t:|1666857936
|switch|p2a: metal auf metal|Melmetal|40/100
|-damage|p2a: metal auf metal|28/100|[from] Spikes
|move|p1a: Celesteela|Air Slash|p2a: metal auf metal
|-resisted|p2a: metal auf metal
|-damage|p2a: metal auf metal|4/100
|
|-damage|p1a: Celesteela|0 fnt|[from] brn
|faint|p1a: Celesteela
|upkeep
|c| KanKi-san|gg
|c|☆mimilimi|nan
|c| jester cheetah|it's time fr clown
|inactive|zillafan69 has 120 seconds left.
|c|☆mimilimi|ye, sry
|c| KanKi-san|ah bon ?
|
|t:|1666857976
|switch|p1a: Blacephalon|Blacephalon, shiny|100/100
|-damage|p1a: Blacephalon|76/100|[from] Stealth Rock
|turn|15
|c| KanKi-san|je vois pas comment il win là
|c|☆mimilimi|si blace scarf j'ai lose instant
|
|t:|1666857993
|move|p1a: Blacephalon|Shadow Ball|p2a: metal auf metal
|-crit|p2a: metal auf metal
|-damage|p2a: metal auf metal|0 fnt
|faint|p2a: metal auf metal
|-ability|p1a: Blacephalon|Beast Boost|boost
|-boost|p1a: Blacephalon|spa|1
|
|upkeep
|
|t:|1666857999
|switch|p2a: damo suzuki|Landorus-Therian, M, shiny|52/100
|-ability|p2a: damo suzuki|Intimidate|boost
|-unboost|p1a: Blacephalon|atk|1
|turn|16
|inactive|zillafan69 has 120 seconds left.
|c| KanKi-san|ah oui effectivement
|c|☆zillafan69|no jet? gg
|
|t:|1666858007
|move|p1a: Blacephalon|Shadow Ball|p2a: damo suzuki
|-damage|p2a: damo suzuki|0 fnt
|faint|p2a: damo suzuki
|-ability|p1a: Blacephalon|Beast Boost|boost
|-boost|p1a: Blacephalon|spa|1
|
|upkeep
|
|t:|1666858013
|switch|p2a: alberto basalm|Urshifu-Rapid-Strike, F|88/100
|-damage|p2a: alberto basalm|76/100|[from] Spikes
|turn|17
|
|t:|1666858019
|move|p1a: Blacephalon|Shadow Ball|p2a: alberto basalm
|-damage|p2a: alberto basalm|0 fnt
|faint|p2a: alberto basalm
|-ability|p1a: Blacephalon|Beast Boost|boost
|-boost|p1a: Blacephalon|spa|1
|
|upkeep
|l| cypherstest
|c|☆mimilimi|ah
|c|☆mimilimi|gg
|-message|mimilimi forfeited.
|
|win|zillafan69
|n|☆zillafan69|zillafan69
|n|☆mimilimi|mimilimi
|n|+moondazing|moondazing
|n|+Arcadium|arcadium
|n| newplayer42343|newplayer42343
|n| KanKi-san|kankisan
|n| jester cheetah|jestercheetah
