|raw|<div class="broadcast-blue"><strong>This battle is required to be public due to a player having a name starting with 'lt92pf'.</div>
|j|☆lt92pf mind
|j|☆rheysali
|t:|1659873293
|gametype|singles
|player|p1|lt92pf mind|hilbert|1939
|player|p2|rheysali|bugcatcher-gen4dp|1938
|teamsize|p1|6
|teamsize|p2|6
|gen|8
|tier|[Gen 8] OU
|rated|
|rule|Sleep Clause Mod: Limit one foe put to sleep
|rule|Species Clause: Limit one of each Pokémon
|rule|OHKO Clause: OHKO moves are banned
|rule|Evasion Items Clause: Evasion items are banned
|rule|Evasion Moves Clause: Evasion moves are banned
|rule|Endless Battle Clause: Forcing endless battles is banned
|rule|HP Percentage Mod: HP is shown in percentages
|rule|Dynamax Clause: You cannot dynamax
|clearpoke
|poke|p1|Hippowdon, F|
|poke|p1|Toxapex, F|
|poke|p1|Tapu Lele|
|poke|p1|Corviknight, M|
|poke|p1|Dragapult, F|
|poke|p1|Zarude|
|poke|p2|Weavile, F|
|poke|p2|Zapdos|
|poke|p2|Volcarona, F|
|poke|p2|Ferrothorn, M|
|poke|p2|Garchomp, F|
|poke|p2|Clefable, F|
|teampreview
|j| LinearTheorem
|c|☆rheysali|hf
|j| newjack48
|c|☆lt92pf mind|u2
|inactive|Battle timer is ON: inactive players will automatically lose when time's up. (requested by rheysali)
|j| VAE520
|j| Rubyblood
|j| 00x00x00
|j| vo1kner
|j| LT92PF Sunny
|j| LT92PF line
|j| fishous friend ☻
|j| K6zjzzui
|j| RNN YasuKe
|j| LT92PF Ayk
|inactive|lt92pf mind has 120 seconds left.
|
|t:|1659873360
|start
|switch|p1a: Tapu Lele|Tapu Lele|100/100
|switch|p2a: Garchomp|Garchomp, F|100/100
|-fieldstart|move: Psychic Terrain|[from] ability: Psychic Surge|[of] p1a: Tapu Lele
|turn|1
|j| LT92PF Sayuri
|
|t:|1659873386
|move|p2a: Garchomp|Protect|p2a: Garchomp
|-singleturn|p2a: Garchomp|Protect
|move|p1a: Tapu Lele|Psychic|p2a: Garchomp
|-activate|p2a: Garchomp|move: Protect
|
|upkeep
|turn|2
|
|t:|1659873409
|switch|p1a: Corviknight|Corviknight, M|100/100
|-ability|p1a: Corviknight|Pressure
|move|p2a: Garchomp|Toxic|p1a: Corviknight
|-immune|p1a: Corviknight
|
|upkeep
|turn|3
|
|t:|1659873420
|move|p2a: Garchomp|Stealth Rock|p1a: Corviknight
|-sidestart|p1: lt92pf mind|move: Stealth Rock
|move|p1a: Corviknight|Brave Bird|p2a: Garchomp
|-damage|p2a: Garchomp|69/100
|-damage|p1a: Corviknight|88/100|[from] ability: Rough Skin|[of] p2a: Garchomp
|-damage|p1a: Corviknight|77/100|[from] Recoil
|
|-heal|p2a: Garchomp|75/100|[from] item: Leftovers
|upkeep
|turn|4
|j| Keblar
|
|t:|1659873439
|switch|p2a: Zapdos|Zapdos|100/100
|move|p1a: Corviknight|Defog|p2a: Zapdos
|-unboost|p2a: Zapdos|evasion|1
|-sideend|p1: lt92pf mind|Stealth Rock|[from] move: Defog|[of] p1a: Corviknight
|-fieldend|move: Psychic Terrain
|
|upkeep
|turn|5
|
|t:|1659873444
|switch|p2a: Garchomp|Garchomp, F|75/100
|switch|p1a: Hippowdon|Hippowdon, F|100/100
|-weather|Sandstorm|[from] ability: Sand Stream|[of] p1a: Hippowdon
|
|-weather|Sandstorm|[upkeep]
|-heal|p2a: Garchomp|81/100|[from] item: Leftovers
|upkeep
|turn|6
|
|t:|1659873450
|switch|p1a: Corviknight|Corviknight, M|77/100
|-ability|p1a: Corviknight|Pressure
|move|p2a: Garchomp|Toxic|p1a: Corviknight
|-immune|p1a: Corviknight
|
|-weather|Sandstorm|[upkeep]
|-heal|p2a: Garchomp|88/100|[from] item: Leftovers
|upkeep
|turn|7
|
|t:|1659873459
|move|p2a: Garchomp|Stealth Rock|p1a: Corviknight
|-sidestart|p1: lt92pf mind|move: Stealth Rock
|move|p1a: Corviknight|Brave Bird|p2a: Garchomp
|-damage|p2a: Garchomp|56/100
|-damage|p1a: Corviknight|65/100|[from] ability: Rough Skin|[of] p2a: Garchomp
|-damage|p1a: Corviknight|54/100|[from] Recoil
|
|-weather|Sandstorm|[upkeep]
|-heal|p2a: Garchomp|62/100|[from] item: Leftovers
|upkeep
|turn|8
|
|t:|1659873474
|switch|p2a: Volcarona|Volcarona, F|100/100
|move|p1a: Corviknight|Defog|p2a: Volcarona
|-unboost|p2a: Volcarona|evasion|1
|-sideend|p1: lt92pf mind|Stealth Rock|[from] move: Defog|[of] p1a: Corviknight
|
|-weather|Sandstorm|[upkeep]
|-damage|p2a: Volcarona|94/100|[from] Sandstorm
|upkeep
|turn|9
|
|t:|1659873487
|switch|p2a: Garchomp|Garchomp, F|62/100
|switch|p1a: Hippowdon|Hippowdon, F|100/100
|
|-weather|none
|-heal|p2a: Garchomp|68/100|[from] item: Leftovers
|upkeep
|turn|10
|
|t:|1659873495
|switch|p1a: Corviknight|Corviknight, M|54/100
|-ability|p1a: Corviknight|Pressure
|move|p2a: Garchomp|Stealth Rock|p1a: Corviknight
|-sidestart|p1: lt92pf mind|move: Stealth Rock
|
|-heal|p2a: Garchomp|75/100|[from] item: Leftovers
|upkeep
|turn|11
|
|t:|1659873504
|switch|p2a: Zapdos|Zapdos|100/100
|move|p1a: Corviknight|Defog|p2a: Zapdos
|-unboost|p2a: Zapdos|evasion|1
|-sideend|p1: lt92pf mind|Stealth Rock|[from] move: Defog|[of] p1a: Corviknight
|
|upkeep
|turn|12
|j| LT92PF Lio
|
|t:|1659873514
|switch|p2a: Clefable|Clefable, F|100/100
|switch|p1a: Hippowdon|Hippowdon, F|100/100
|-weather|Sandstorm|[from] ability: Sand Stream|[of] p1a: Hippowdon
|
|-weather|Sandstorm|[upkeep]
|upkeep
|turn|13
|
|t:|1659873522
|switch|p1a: Toxapex|Toxapex, F|100/100
|move|p2a: Clefable|Knock Off|p1a: Toxapex
|-damage|p1a: Toxapex|92/100
|-enditem|p1a: Toxapex|Shed Shell|[from] move: Knock Off|[of] p2a: Clefable
|
|-weather|Sandstorm|[upkeep]
|-damage|p1a: Toxapex|86/100|[from] Sandstorm
|upkeep
|turn|14
|j| siebenblattdorf
|j| lt92pf velcro
|j| 1Pyramid King
|
|t:|1659873543
|switch|p2a: Ferrothorn|Ferrothorn, M|100/100
|move|p1a: Toxapex|Knock Off|p2a: Ferrothorn
|-damage|p2a: Ferrothorn|91/100
|-damage|p1a: Toxapex|73/100|[from] ability: Iron Barbs|[of] p2a: Ferrothorn
|-enditem|p2a: Ferrothorn|Leftovers|[from] move: Knock Off|[of] p1a: Toxapex
|
|-weather|Sandstorm|[upkeep]
|-damage|p1a: Toxapex|67/100|[from] Sandstorm
|upkeep
|turn|15
|l| siebenblattdorf
|j| LT92PF OZDI
|
|t:|1659873546
|move|p1a: Toxapex|Scald|p2a: Ferrothorn
|-resisted|p2a: Ferrothorn
|-damage|p2a: Ferrothorn|84/100
|move|p2a: Ferrothorn|Spikes|p1a: Toxapex
|-sidestart|p1: lt92pf mind|Spikes
|
|-weather|Sandstorm|[upkeep]
|-damage|p1a: Toxapex|62/100|[from] Sandstorm
|upkeep
|turn|16
|
|t:|1659873548
|move|p1a: Toxapex|Scald|p2a: Ferrothorn
|-resisted|p2a: Ferrothorn
|-damage|p2a: Ferrothorn|77/100
|move|p2a: Ferrothorn|Leech Seed|p1a: Toxapex
|-start|p1a: Toxapex|move: Leech Seed
|
|-weather|none
|-damage|p1a: Toxapex|49/100|[from] Leech Seed|[of] p2a: Ferrothorn
|-heal|p2a: Ferrothorn|87/100|[silent]
|upkeep
|turn|17
|j| user1_ou
|
|t:|1659873561
|switch|p1a: Corviknight|Corviknight, M|54/100
|-ability|p1a: Corviknight|Pressure
|move|p2a: Ferrothorn|Spikes|p1a: Corviknight
|-sidestart|p1: lt92pf mind|Spikes
|
|upkeep
|turn|18
|
|t:|1659873565
|move|p1a: Corviknight|Roost|p1a: Corviknight
|-heal|p1a: Corviknight|100/100
|-singleturn|p1a: Corviknight|move: Roost
|move|p2a: Ferrothorn|Leech Seed|p1a: Corviknight|[miss]
|-miss|p2a: Ferrothorn|p1a: Corviknight
|
|upkeep
|turn|19
|
|t:|1659873568
|move|p1a: Corviknight|Defog|p2a: Ferrothorn
|-unboost|p2a: Ferrothorn|evasion|1
|-sideend|p1: lt92pf mind|Spikes|[from] move: Defog|[of] p1a: Corviknight
|move|p2a: Ferrothorn|Leech Seed|p1a: Corviknight
|-start|p1a: Corviknight|move: Leech Seed
|
|-damage|p1a: Corviknight|88/100|[from] Leech Seed|[of] p2a: Ferrothorn
|-heal|p2a: Ferrothorn|100/100|[silent]
|upkeep
|turn|20
|
|t:|1659873570
|switch|p1a: Toxapex|Toxapex, F|83/100
|move|p2a: Ferrothorn|Spikes|p1a: Toxapex
|-sidestart|p1: lt92pf mind|Spikes
|
|upkeep
|turn|21
|j| Lone Cub
|
|t:|1659873580
|switch|p2a: Zapdos|Zapdos|100/100
|move|p1a: Toxapex|Scald|p2a: Zapdos
|-damage|p2a: Zapdos|83/100
|
|upkeep
|turn|22
|
|t:|1659873588
|move|p2a: Zapdos|Hurricane|p1a: Toxapex|[miss]
|-miss|p2a: Zapdos|p1a: Toxapex
|move|p1a: Toxapex|Knock Off|p2a: Zapdos
|-damage|p2a: Zapdos|67/100
|-enditem|p2a: Zapdos|Heavy-Duty Boots|[from] move: Knock Off|[of] p1a: Toxapex
|
|upkeep
|turn|23
|
|t:|1659873595
|move|p2a: Zapdos|Hurricane|p1a: Toxapex
|-damage|p1a: Toxapex|41/100
|move|p1a: Toxapex|Scald|p2a: Zapdos
|-damage|p2a: Zapdos|51/100
|-status|p2a: Zapdos|brn
|
|-damage|p2a: Zapdos|45/100 brn|[from] brn
|upkeep
|turn|24
|
|t:|1659873600
|switch|p1a: Hippowdon|Hippowdon, F|100/100
|-damage|p1a: Hippowdon|88/100|[from] Spikes
|-weather|Sandstorm|[from] ability: Sand Stream|[of] p1a: Hippowdon
|move|p2a: Zapdos|Roost|p2a: Zapdos
|-heal|p2a: Zapdos|95/100 brn
|-singleturn|p2a: Zapdos|move: Roost
|
|-weather|Sandstorm|[upkeep]
|-damage|p2a: Zapdos|89/100 brn|[from] Sandstorm
|-heal|p1a: Hippowdon|94/100|[from] item: Leftovers
|-damage|p2a: Zapdos|83/100 brn|[from] brn
|upkeep
|turn|25
|l| Lone Cub
|
|t:|1659873605
|move|p2a: Zapdos|Hurricane|p1a: Hippowdon|[miss]
|-miss|p2a: Zapdos|p1a: Hippowdon
|move|p1a: Hippowdon|Stealth Rock|p2a: Zapdos
|-sidestart|p2: rheysali|move: Stealth Rock
|
|-weather|Sandstorm|[upkeep]
|-damage|p2a: Zapdos|77/100 brn|[from] Sandstorm
|-heal|p1a: Hippowdon|100/100|[from] item: Leftovers
|-damage|p2a: Zapdos|71/100 brn|[from] brn
|upkeep
|turn|26
|
|t:|1659873613
|switch|p2a: Ferrothorn|Ferrothorn, M|100/100
|-damage|p2a: Ferrothorn|94/100|[from] Stealth Rock
|move|p1a: Hippowdon|Slack Off||[still]
|-fail|p1a: Hippowdon|heal
|
|-weather|Sandstorm|[upkeep]
|upkeep
|turn|27
|
|t:|1659873628
|switch|p1a: Toxapex|Toxapex, F|74/100
|-damage|p1a: Toxapex|62/100|[from] Spikes
|move|p2a: Ferrothorn|Gyro Ball|p1a: Toxapex
|-resisted|p1a: Toxapex
|-crit|p1a: Toxapex
|-damage|p1a: Toxapex|55/100
|
|-weather|Sandstorm|[upkeep]
|-damage|p1a: Toxapex|49/100|[from] Sandstorm
|upkeep
|turn|28
|j| LT92PF PDC
|
|t:|1659873634
|move|p1a: Toxapex|Scald|p2a: Ferrothorn
|-resisted|p2a: Ferrothorn
|-damage|p2a: Ferrothorn|87/100
|move|p2a: Ferrothorn|Spikes|p1a: Toxapex
|-sidestart|p1: lt92pf mind|Spikes
|
|-weather|none
|upkeep
|turn|29
|
|t:|1659873638
|move|p1a: Toxapex|Scald|p2a: Ferrothorn
|-resisted|p2a: Ferrothorn
|-damage|p2a: Ferrothorn|80/100
|-status|p2a: Ferrothorn|brn
|move|p2a: Ferrothorn|Leech Seed|p1a: Toxapex
|-start|p1a: Toxapex|move: Leech Seed
|
|-damage|p1a: Toxapex|37/100|[from] Leech Seed|[of] p2a: Ferrothorn
|-heal|p2a: Ferrothorn|90/100 brn|[silent]
|-damage|p2a: Ferrothorn|84/100 brn|[from] brn
|upkeep
|turn|30
|
|t:|1659873651
|switch|p1a: Corviknight|Corviknight, M|88/100
|-ability|p1a: Corviknight|Pressure
|switch|p2a: Volcarona|Volcarona, F|94/100
|
|upkeep
|turn|31
|
|t:|1659873670
|switch|p1a: Hippowdon|Hippowdon, F|100/100
|-damage|p1a: Hippowdon|84/100|[from] Spikes
|-weather|Sandstorm|[from] ability: Sand Stream|[of] p1a: Hippowdon
|move|p2a: Volcarona|Flamethrower|p1a: Hippowdon
|-damage|p1a: Hippowdon|49/100
|
|-weather|Sandstorm|[upkeep]
|-damage|p2a: Volcarona|88/100|[from] Sandstorm
|-heal|p1a: Hippowdon|55/100|[from] item: Leftovers
|upkeep
|turn|32
|
|t:|1659873689
|move|p2a: Volcarona|Quiver Dance|p2a: Volcarona
|-boost|p2a: Volcarona|spa|1
|-boost|p2a: Volcarona|spd|1
|-boost|p2a: Volcarona|spe|1
|move|p1a: Hippowdon|Slack Off|p1a: Hippowdon
|-heal|p1a: Hippowdon|100/100
|
|-weather|Sandstorm|[upkeep]
|-damage|p2a: Volcarona|82/100|[from] Sandstorm
|upkeep
|turn|33
|
|t:|1659873692
|move|p2a: Volcarona|Substitute|p2a: Volcarona
|-start|p2a: Volcarona|Substitute
|-damage|p2a: Volcarona|57/100
|move|p1a: Hippowdon|Earthquake|p2a: Volcarona
|-end|p2a: Volcarona|Substitute
|
|-weather|Sandstorm|[upkeep]
|-damage|p2a: Volcarona|51/100|[from] Sandstorm
|upkeep
|turn|34
|j| zhou5834
|
|t:|1659873697
|move|p2a: Volcarona|Flamethrower|p1a: Hippowdon
|-damage|p1a: Hippowdon|49/100
|move|p1a: Hippowdon|Earthquake|p2a: Volcarona
|-damage|p2a: Volcarona|0 fnt
|faint|p2a: Volcarona
|
|-weather|Sandstorm|[upkeep]
|-heal|p1a: Hippowdon|55/100|[from] item: Leftovers
|upkeep
|
|t:|1659873701
|switch|p2a: Weavile|Weavile, F|100/100
|-ability|p2a: Weavile|Pressure
|turn|35
|
|t:|1659873720
|switch|p1a: Toxapex|Toxapex, F|70/100
|-damage|p1a: Toxapex|54/100|[from] Spikes
|move|p2a: Weavile|Knock Off|p1a: Toxapex
|-damage|p1a: Toxapex|31/100
|
|-weather|none
|upkeep
|turn|36
|
|t:|1659873726
|move|p2a: Weavile|Swords Dance|p2a: Weavile
|-boost|p2a: Weavile|atk|2
|move|p1a: Toxapex|Recover|p1a: Toxapex
|-heal|p1a: Toxapex|81/100
|
|upkeep
|turn|37
|
|t:|1659873728
|move|p2a: Weavile|Knock Off|p1a: Toxapex
|-damage|p1a: Toxapex|36/100
|move|p1a: Toxapex|Haze|p1a: Toxapex
|-clearallboost
|
|upkeep
|turn|38
|
|t:|1659873732
|move|p2a: Weavile|Swords Dance|p2a: Weavile
|-boost|p2a: Weavile|atk|2
|move|p1a: Toxapex|Recover|p1a: Toxapex
|-heal|p1a: Toxapex|87/100
|
|upkeep
|turn|39
|j| Referrals
|
|t:|1659873735
|move|p2a: Weavile|Knock Off|p1a: Toxapex
|-damage|p1a: Toxapex|38/100
|move|p1a: Toxapex|Haze|p1a: Toxapex
|-clearallboost
|
|upkeep
|turn|40
|j| LT92PF Aniruddh
|j| eating stone
|
|t:|1659873739
|move|p2a: Weavile|Swords Dance|p2a: Weavile
|-boost|p2a: Weavile|atk|2
|move|p1a: Toxapex|Recover|p1a: Toxapex
|-heal|p1a: Toxapex|88/100
|
|upkeep
|turn|41
|
|t:|1659873742
|move|p2a: Weavile|Knock Off|p1a: Toxapex
|-damage|p1a: Toxapex|46/100
|move|p1a: Toxapex|Haze|p1a: Toxapex
|-clearallboost
|
|upkeep
|turn|42
|j| sendpais
|j| BigBullyBoy
|l| LT92PF Aniruddh
|j| BattleBlaziken83
|
|t:|1659873764
|move|p2a: Weavile|Swords Dance|p2a: Weavile
|-boost|p2a: Weavile|atk|2
|move|p1a: Toxapex|Recover|p1a: Toxapex
|-heal|p1a: Toxapex|97/100
|
|upkeep
|turn|43
|
|t:|1659873766
|move|p2a: Weavile|Knock Off|p1a: Toxapex
|-damage|p1a: Toxapex|55/100
|move|p1a: Toxapex|Haze|p1a: Toxapex
|-clearallboost
|
|upkeep
|turn|44
|l| LinearTheorem
|
|t:|1659873772
|move|p2a: Weavile|Swords Dance|p2a: Weavile
|-boost|p2a: Weavile|atk|2
|move|p1a: Toxapex|Scald|p2a: Weavile
|-damage|p2a: Weavile|76/100
|-status|p2a: Weavile|brn
|
|-damage|p2a: Weavile|70/100 brn|[from] brn
|upkeep
|turn|45
|-message|rheysali forfeited.
|
|win|lt92pf mind
|raw|lt92pf mind's rating: 1939 &rarr; <strong>1959</strong><br />(+20 for winning)
|raw|rheysali's rating: 1938 &rarr; <strong>1918</strong><br />(-20 for losing)
|l|☆rheysali
|l| BattleBlaziken83
|l| 00x00x00
|l| fishous friend ☻
|c| newjack48|gg
|l| LT92PF line
|j|☆rheysali
|player|p2|rheysali|bugcatcher-gen4dp
|l| Rubyblood
|l| K6zjzzui
|l|☆rheysali
|player|p2|
|l|☆lt92pf mind
|l| Keblar
|l| LT92PF Lio
|l| BigBullyBoy
|l| sendpais
|j| LT92PF croo
|l| newjack48
|l| lt92pf velcro
|l| LT92PF croo
