|j|☆cold.exe
|j|☆Let's go shuckles
|player|p1|cold.exe|flannery|1429
|player|p2|Let's go shuckles|scientist-gen4dp|1364
|teamsize|p1|6
|teamsize|p2|6
|gametype|singles
|gen|8
|tier|[Gen 8] OU
|rated|
|clearpoke
|poke|p1|Cinderace, M|
|poke|p1|Gyarados, M|
|poke|p1|Dragapult, F|
|poke|p1|Hydreigon, F|
|poke|p1|Rotom-Wash|
|poke|p1|Diggersby, F|
|poke|p2|Urshifu-*, M|
|poke|p2|Slowbro, M|
|poke|p2|Marowak-Alola, M|
|poke|p2|Corviknight, M|
|poke|p2|Hydreigon, F|
|poke|p2|Clefable, M|
|rule|Sleep Clause Mod: Limit one foe put to sleep
|rule|Species Clause: Limit one of each Pokémon
|rule|OHKO Clause: OHKO moves are banned
|rule|Evasion Moves Clause: Evasion moves are banned
|rule|Endless Battle Clause: Forcing endless battles is banned
|rule|HP Percentage Mod: HP is shown in percentages
|rule|Dynamax Clause: You cannot dynamax
|teampreview
|
|start
|switch|p1a: Cinderace|Cinderace, M|100/100
|switch|p2a: Hydreigon|Hydreigon, F|100/100
|turn|1
|
|move|p2a: Hydreigon|Draco Meteor|p1a: Cinderace
|-damage|p1a: Cinderace|9/100
|-unboost|p2a: Hydreigon|spa|2
|move|p1a: Cinderace|High Jump Kick|p2a: Hydreigon
|-start|p1a: Cinderace|typechange|Fighting|[from] ability: Libero
|-supereffective|p2a: Hydreigon
|-damage|p2a: Hydreigon|0 fnt
|faint|p2a: Hydreigon
|
|upkeep
|
|switch|p2a: Slowbro|Slowbro, M|100/100
|turn|2
|
|switch|p1a: Rotom|Rotom-Wash, shiny|100/100
|move|p2a: Slowbro|Slack Off||[still]
|-fail|p2a: Slowbro|heal
|
|upkeep
|turn|3
|
|move|p1a: Rotom|Will-O-Wisp|p2a: Slowbro
|-status|p2a: Slowbro|brn
|move|p2a: Slowbro|Teleport|p2a: Slowbro
|
|switch|p2a: Clefable|Clefable, M|100/100|[from]move: Teleport
|
|upkeep
|turn|4
|
|move|p1a: Rotom|Will-O-Wisp|p2a: Clefable
|-status|p2a: Clefable|brn
|move|p2a: Clefable|Teleport|p2a: Clefable
|
|switch|p2a: Slowbro|Slowbro, M|100/100 brn|[from]move: Teleport
|
|-damage|p2a: Slowbro|94/100 brn|[from] brn
|upkeep
|turn|5
|
|move|p1a: Rotom|Hex|p2a: Slowbro
|-supereffective|p2a: Slowbro
|-damage|p2a: Slowbro|24/100 brn
|move|p2a: Slowbro|Teleport|p2a: Slowbro
|
|switch|p2a: Clefable|Clefable, M|100/100 brn|[from]move: Teleport
|
|upkeep
|turn|6
|
|move|p1a: Rotom|Volt Switch|p2a: Clefable
|-damage|p2a: Clefable|83/100 brn
|
|switch|p1a: Diggersby|Diggersby, F|100/100|[from]move: Volt Switch
|move|p2a: Clefable|Moonblast|p1a: Diggersby
|-damage|p1a: Diggersby|57/100
|
|-heal|p2a: Clefable|89/100 brn|[from] item: Leftovers
|upkeep
|turn|7
|
|switch|p2a: Corviknight|Corviknight, M|100/100
|-ability|p2a: Corviknight|Pressure
|move|p1a: Diggersby|Fire Punch|p2a: Corviknight
|-supereffective|p2a: Corviknight
|-crit|p2a: Corviknight
|-damage|p2a: Corviknight|0 fnt
|faint|p2a: Corviknight
|
|upkeep
|-message|Let's go shuckles forfeited.
|
|win|cold.exe
|l|☆Let's go shuckles
