|j|☆minimax_ai
|j|☆A3720
|t:|1662428697
|gametype|singles
|player|p1|minimax_ai|lusamine-nihilego|1483
|player|p2|A3720|101|1512
|teamsize|p1|6
|teamsize|p2|6
|gen|8
|tier|[Gen 8] OU
|rated|
|rule|Sleep Clause Mod: Limit one foe put to sleep
|rule|Species Clause: Limit one of each Pokémon
|rule|OHKO Clause: OHKO moves are banned
|rule|Evasion Items Clause: Evasion items are banned
|rule|Evasion Moves Clause: Evasion moves are banned
|rule|Endless Battle Clause: Forcing endless battles is banned
|rule|HP Percentage Mod: HP is shown in percentages
|rule|Dynamax Clause: You cannot dynamax
|clearpoke
|poke|p1|Rotom-Wash|
|poke|p1|Weavile, M|
|poke|p1|Landorus-Therian, M|
|poke|p1|Heatran, M|
|poke|p1|Tangrowth, F|
|poke|p1|Melmetal|
|poke|p2|Dragapult, M|
|poke|p2|Haxorus, M|
|poke|p2|Magnezone|
|poke|p2|Landorus-Therian, M|
|poke|p2|Rillaboom, F|
|poke|p2|Heatran, F|
|teampreview
|c|☆minimax_ai|hf
|inactive|Battle timer is ON: inactive players will automatically lose when time's up. (requested by minimax_ai)
|inactive|A3720 has 120 seconds left.
|
|t:|1662428731
|start
|switch|p1a: landorustherian|Landorus-Therian, M|100/100
|switch|p2a: Dragapult|Dragapult, M|100/100
|-ability|p1a: landorustherian|Intimidate|boost
|-fail|p2a: Dragapult|unboost|[from] ability: Clear Body|[of] p2a: Dragapult
|turn|1
|
|t:|1662428737
|switch|p2a: Landorus|Landorus-Therian, M|100/100
|-ability|p2a: Landorus|Intimidate|boost
|-unboost|p1a: landorustherian|atk|1
|move|p1a: landorustherian|Earthquake|p2a: Landorus
|-immune|p2a: Landorus
|
|upkeep
|turn|2
|
|t:|1662428756
|move|p1a: landorustherian|Toxic|p2a: Landorus
|-status|p2a: Landorus|tox
|move|p2a: Landorus|Toxic|p1a: landorustherian
|-status|p1a: landorustherian|tox
|
|-damage|p1a: landorustherian|94/100 tox|[from] psn
|-damage|p2a: Landorus|94/100 tox|[from] psn
|upkeep
|turn|3
|
|t:|1662428764
|switch|p1a: Heatran|Heatran, M|100/100
|-item|p1a: Heatran|Air Balloon
|move|p2a: Landorus|U-turn|p1a: Heatran
|-resisted|p1a: Heatran
|-damage|p1a: Heatran|96/100
|-enditem|p1a: Heatran|Air Balloon
|
|t:|1662428779
|switch|p2a: Heatran|Heatran, F|100/100|[from]move: U-turn
|-item|p2a: Heatran|Air Balloon
|
|upkeep
|turn|4
|
|t:|1662428782
|switch|p1a: rotomwash|Rotom-Wash|100/100
|move|p2a: Heatran|Stealth Rock|p1a: rotomwash
|-sidestart|p1: minimax_ai|move: Stealth Rock
|
|upkeep
|turn|5
|inactive|A3720 has 120 seconds left.
|
|t:|1662428812
|switch|p2a: Landorus|Landorus-Therian, M|94/100 tox
|-ability|p2a: Landorus|Intimidate|boost
|-unboost|p1a: rotomwash|atk|1
|move|p1a: rotomwash|Thunderbolt|p2a: Landorus
|-immune|p2a: Landorus
|
|-heal|p2a: Landorus|100/100 tox|[from] item: Leftovers
|-damage|p2a: Landorus|94/100 tox|[from] psn
|upkeep
|turn|6
|inactive|A3720 has 120 seconds left.
|
|t:|1662428825
|switch|p2a: Rillaboom|Rillaboom, F|100/100
|-fieldstart|move: Grassy Terrain|[from] ability: Grassy Surge|[of] p2a: Rillaboom
|move|p1a: rotomwash|Hydro Pump|p2a: Rillaboom
|-resisted|p2a: Rillaboom
|-damage|p2a: Rillaboom|73/100
|
|-heal|p2a: Rillaboom|79/100|[from] Grassy Terrain
|upkeep
|turn|7
|
|t:|1662428832
|switch|p1a: Tangrowth|Tangrowth, F|100/100
|-damage|p1a: Tangrowth|88/100|[from] Stealth Rock
|move|p2a: Rillaboom|Knock Off|p1a: Tangrowth
|-damage|p1a: Tangrowth|62/100
|-damage|p2a: Rillaboom|63/100|[from] item: Rocky Helmet|[of] p1a: Tangrowth
|-enditem|p1a: Tangrowth|Rocky Helmet|[from] move: Knock Off|[of] p2a: Rillaboom
|
|-heal|p2a: Rillaboom|69/100|[from] Grassy Terrain
|-heal|p1a: Tangrowth|68/100|[from] Grassy Terrain
|upkeep
|turn|8
|
|t:|1662428844
|switch|p2a: Landorus|Landorus-Therian, M|94/100 tox
|-ability|p2a: Landorus|Intimidate|boost
|-unboost|p1a: Tangrowth|atk|1
|move|p1a: Tangrowth|Knock Off|p2a: Landorus
|-damage|p2a: Landorus|84/100 tox
|-enditem|p2a: Landorus|Leftovers|[from] move: Knock Off|[of] p1a: Tangrowth
|
|-heal|p1a: Tangrowth|75/100|[from] Grassy Terrain
|-damage|p2a: Landorus|78/100 tox|[from] psn
|upkeep
|turn|9
|
|t:|1662428847
|move|p2a: Landorus|Toxic|p1a: Tangrowth
|-status|p1a: Tangrowth|tox
|move|p1a: Tangrowth|Knock Off|p2a: Landorus
|-damage|p2a: Landorus|71/100 tox
|
|-heal|p1a: Tangrowth|81/100 tox|[from] Grassy Terrain
|-damage|p2a: Landorus|59/100 tox|[from] psn
|-damage|p1a: Tangrowth|75/100 tox|[from] psn
|upkeep
|turn|10
|
|t:|1662428851
|switch|p1a: Melmetal|Melmetal|100/100
|-damage|p1a: Melmetal|94/100|[from] Stealth Rock
|move|p2a: Landorus|U-turn|p1a: Melmetal
|-resisted|p1a: Melmetal
|-damage|p1a: Melmetal|88/100
|
|t:|1662428855
|switch|p2a: Magnezone|Magnezone|100/100|[from]move: U-turn
|
|-heal|p1a: Melmetal|95/100|[from] Grassy Terrain
|-fieldend|move: Grassy Terrain
|upkeep
|turn|11
|
|t:|1662428857
|move|p2a: Magnezone|Iron Defense|p2a: Magnezone
|-boost|p2a: Magnezone|def|2
|move|p1a: Melmetal|Earthquake|p2a: Magnezone
|-supereffective|p2a: Magnezone
|-damage|p2a: Magnezone|47/100
|
|upkeep
|turn|12
|inactive|A3720 has 120 seconds left.
|
|t:|1662428888
|move|p2a: Magnezone|Body Press|p1a: Melmetal
|-supereffective|p1a: Melmetal
|-damage|p1a: Melmetal|38/100
|move|p1a: Melmetal|Earthquake|p2a: Magnezone
|-supereffective|p2a: Magnezone
|-damage|p2a: Magnezone|0 fnt
|faint|p2a: Magnezone
|
|upkeep
|inactive|A3720 has 120 seconds left.
|
|t:|1662428898
|switch|p2a: Heatran|Heatran, F|100/100
|-item|p2a: Heatran|Air Balloon
|turn|13
|
|t:|1662428902
|switch|p1a: landorustherian|Landorus-Therian, M|94/100 tox
|-damage|p1a: landorustherian|82/100 tox|[from] Stealth Rock
|-ability|p1a: landorustherian|Intimidate|boost
|-unboost|p2a: Heatran|atk|1
|move|p2a: Heatran|Magma Storm|p1a: landorustherian
|-damage|p1a: landorustherian|49/100 tox
|-activate|p1a: landorustherian|move: Magma Storm|[of] p2a: Heatran
|
|-heal|p1a: landorustherian|55/100 tox|[from] item: Leftovers
|-damage|p1a: landorustherian|49/100 tox|[from] psn
|-damage|p1a: landorustherian|37/100 tox|[from] move: Magma Storm|[partiallytrapped]
|upkeep
|turn|14
|
|t:|1662428913
|switch|p2a: Landorus|Landorus-Therian, M|59/100 tox
|-ability|p2a: Landorus|Intimidate|boost
|-unboost|p1a: landorustherian|atk|1
|move|p1a: landorustherian|Defog|p2a: Landorus
|-unboost|p2a: Landorus|evasion|1
|-sideend|p1: minimax_ai|Stealth Rock|[from] move: Defog|[of] p1a: landorustherian
|
|-heal|p1a: landorustherian|43/100 tox|[from] item: Leftovers
|-damage|p1a: landorustherian|31/100 tox|[from] psn
|-damage|p2a: Landorus|53/100 tox|[from] psn
|-end|p1a: landorustherian|Magma Storm|[partiallytrapped]|[silent]
|upkeep
|turn|15
|
|t:|1662428917
|move|p1a: landorustherian|U-turn|p2a: Landorus
|-resisted|p2a: Landorus
|-damage|p2a: Landorus|47/100 tox
|
|t:|1662428918
|switch|p1a: rotomwash|Rotom-Wash|100/100|[from]move: U-turn
|move|p2a: Landorus|U-turn|p1a: rotomwash
|-damage|p1a: rotomwash|80/100
|
|t:|1662428938
|switch|p2a: Haxorus|Haxorus, M|100/100|[from]move: U-turn
|-ability|p2a: Haxorus|Mold Breaker
|
|-heal|p1a: rotomwash|86/100|[from] item: Leftovers
|upkeep
|turn|16
|
|t:|1662428943
|switch|p1a: landorustherian|Landorus-Therian, M|31/100 tox
|-ability|p1a: landorustherian|Intimidate|boost
|-unboost|p2a: Haxorus|atk|1
|move|p2a: Haxorus|Dragon Dance|p2a: Haxorus
|-boost|p2a: Haxorus|atk|1
|-boost|p2a: Haxorus|spe|1
|
|-heal|p1a: landorustherian|37/100 tox|[from] item: Leftovers
|-damage|p1a: landorustherian|31/100 tox|[from] psn
|upkeep
|turn|17
|
|t:|1662428972
|move|p2a: Haxorus|Dragon Dance|p2a: Haxorus
|-boost|p2a: Haxorus|atk|1
|-boost|p2a: Haxorus|spe|1
|move|p1a: landorustherian|U-turn|p2a: Haxorus
|-damage|p2a: Haxorus|71/100
|
|t:|1662428972
|switch|p1a: Weavile|Weavile, M|100/100|[from]move: U-turn
|-ability|p1a: Weavile|Pressure
|
|upkeep
|turn|18
|
|t:|1662428984
|move|p1a: Weavile|Ice Shard|p2a: Haxorus
|-supereffective|p2a: Haxorus
|-damage|p2a: Haxorus|0 fnt
|faint|p2a: Haxorus
|
|upkeep
|
|t:|1662428991
|switch|p2a: Heatran|Heatran, F|100/100
|-item|p2a: Heatran|Air Balloon
|turn|19
|
|t:|1662429002
|switch|p1a: rotomwash|Rotom-Wash|86/100
|move|p2a: Heatran|Stealth Rock|p1a: rotomwash
|-sidestart|p1: minimax_ai|move: Stealth Rock
|
|-heal|p1a: rotomwash|92/100|[from] item: Leftovers
|upkeep
|turn|20
|
|t:|1662429005
|switch|p2a: Rillaboom|Rillaboom, F|69/100
|-fieldstart|move: Grassy Terrain|[from] ability: Grassy Surge|[of] p2a: Rillaboom
|move|p1a: rotomwash|Thunderbolt|p2a: Rillaboom
|-resisted|p2a: Rillaboom
|-damage|p2a: Rillaboom|46/100
|
|-heal|p1a: rotomwash|99/100|[from] item: Leftovers
|-heal|p2a: Rillaboom|52/100|[from] Grassy Terrain
|upkeep
|turn|21
|
|t:|1662429010
|switch|p1a: Heatran|Heatran, M|96/100
|-damage|p1a: Heatran|83/100|[from] Stealth Rock
|move|p2a: Rillaboom|U-turn|p1a: Heatran
|-resisted|p1a: Heatran
|-damage|p1a: Heatran|74/100
|
|t:|1662429020
|switch|p2a: Heatran|Heatran, F|100/100|[from]move: U-turn
|-item|p2a: Heatran|Air Balloon
|
|-heal|p1a: Heatran|80/100|[from] Grassy Terrain
|upkeep
|turn|22
|
|t:|1662429028
|switch|p1a: rotomwash|Rotom-Wash|99/100
|-damage|p1a: rotomwash|86/100|[from] Stealth Rock
|move|p2a: Heatran|Toxic|p1a: rotomwash
|-status|p1a: rotomwash|tox
|
|-heal|p1a: rotomwash|92/100 tox|[from] item: Leftovers
|-damage|p1a: rotomwash|86/100 tox|[from] psn
|upkeep
|turn|23
|
|t:|1662429039
|switch|p2a: Rillaboom|Rillaboom, F|52/100
|move|p1a: rotomwash|Thunderbolt|p2a: Rillaboom
|-resisted|p2a: Rillaboom
|-damage|p2a: Rillaboom|27/100
|
|-heal|p1a: rotomwash|92/100 tox|[from] item: Leftovers
|-heal|p2a: Rillaboom|33/100|[from] Grassy Terrain
|-damage|p1a: rotomwash|80/100 tox|[from] psn
|upkeep
|turn|24
|
|t:|1662429048
|switch|p1a: Heatran|Heatran, M|80/100
|-damage|p1a: Heatran|68/100|[from] Stealth Rock
|move|p2a: Rillaboom|U-turn|p1a: Heatran
|-resisted|p1a: Heatran
|-damage|p1a: Heatran|58/100
|
|t:|1662429066
|switch|p2a: Heatran|Heatran, F|100/100|[from]move: U-turn
|-item|p2a: Heatran|Air Balloon
|
|-heal|p1a: Heatran|65/100|[from] Grassy Terrain
|-fieldend|move: Grassy Terrain
|upkeep
|turn|25
|
|t:|1662429075
|switch|p1a: landorustherian|Landorus-Therian, M|31/100 tox
|-damage|p1a: landorustherian|18/100 tox|[from] Stealth Rock
|-ability|p1a: landorustherian|Intimidate|boost
|-unboost|p2a: Heatran|atk|1
|switch|p2a: Dragapult|Dragapult, M|100/100
|
|-heal|p1a: landorustherian|24/100 tox|[from] item: Leftovers
|-damage|p1a: landorustherian|18/100 tox|[from] psn
|upkeep
|turn|26
|
|t:|1662429081
|move|p2a: Dragapult|Dragon Darts|p1a: landorustherian
|-damage|p1a: landorustherian|0 fnt
|faint|p1a: landorustherian
|
|upkeep
|
|t:|1662429081
|switch|p1a: Melmetal|Melmetal|38/100
|-damage|p1a: Melmetal|32/100|[from] Stealth Rock
|turn|27
|
|t:|1662429084
|move|p2a: Dragapult|Dragon Darts|p1a: Melmetal
|-resisted|p1a: Melmetal
|-damage|p1a: Melmetal|22/100
|-anim|p2a: Dragapult|Dragon Darts|p1a: Melmetal
|-resisted|p1a: Melmetal
|-damage|p1a: Melmetal|12/100
|move|p1a: Melmetal|Double Iron Bash|p2a: Dragapult
|-damage|p2a: Dragapult|42/100
|-damage|p2a: Dragapult|0 fnt
|faint|p2a: Dragapult
|-hitcount|p2: Dragapult|2
|
|upkeep
|
|t:|1662429101
|switch|p2a: Rillaboom|Rillaboom, F|33/100
|-fieldstart|move: Grassy Terrain|[from] ability: Grassy Surge|[of] p2a: Rillaboom
|turn|28
|
|t:|1662429103
|switch|p1a: Heatran|Heatran, M|65/100
|-damage|p1a: Heatran|52/100|[from] Stealth Rock
|move|p2a: Rillaboom|Superpower|p1a: Heatran
|-supereffective|p1a: Heatran
|-damage|p1a: Heatran|0 fnt
|-unboost|p2a: Rillaboom|atk|1
|-unboost|p2a: Rillaboom|def|1
|faint|p1a: Heatran
|
|-heal|p2a: Rillaboom|39/100|[from] Grassy Terrain
|upkeep
|
|t:|1662429103
|switch|p1a: rotomwash|Rotom-Wash|80/100 tox
|-damage|p1a: rotomwash|67/100 tox|[from] Stealth Rock
|turn|29
|
|t:|1662429112
|move|p1a: rotomwash|Nasty Plot|p1a: rotomwash
|-boost|p1a: rotomwash|spa|2
|move|p2a: Rillaboom|Superpower|p1a: rotomwash
|-damage|p1a: rotomwash|19/100 tox
|-unboost|p2a: Rillaboom|atk|1
|-unboost|p2a: Rillaboom|def|1
|
|-heal|p1a: rotomwash|25/100 tox|[from] item: Leftovers
|-heal|p2a: Rillaboom|45/100|[from] Grassy Terrain
|-damage|p1a: rotomwash|19/100 tox|[from] psn
|upkeep
|turn|30
|
|t:|1662429122
|switch|p2a: Landorus|Landorus-Therian, M|47/100 tox
|-ability|p2a: Landorus|Intimidate|boost
|-unboost|p1a: rotomwash|atk|1
|move|p1a: rotomwash|Hydro Pump|p2a: Landorus
|-supereffective|p2a: Landorus
|-damage|p2a: Landorus|0 fnt
|faint|p2a: Landorus
|
|-heal|p1a: rotomwash|25/100 tox|[from] item: Leftovers
|-damage|p1a: rotomwash|12/100 tox|[from] psn
|upkeep
|
|t:|1662429126
|switch|p2a: Rillaboom|Rillaboom, F|45/100
|turn|31
|
|t:|1662429132
|move|p2a: Rillaboom|Grassy Glide|p1a: rotomwash
|-supereffective|p1a: rotomwash
|-damage|p1a: rotomwash|0 fnt
|faint|p1a: rotomwash
|
|-heal|p2a: Rillaboom|51/100|[from] Grassy Terrain
|upkeep
|
|t:|1662429132
|switch|p1a: Tangrowth|Tangrowth, F|100/100 tox
|-damage|p1a: Tangrowth|88/100 tox|[from] Stealth Rock
|turn|32
|
|t:|1662429162
|move|p2a: Rillaboom|Grassy Glide|p1a: Tangrowth
|-resisted|p1a: Tangrowth
|-damage|p1a: Tangrowth|67/100 tox
|move|p1a: Tangrowth|Sleep Powder|p2a: Rillaboom
|-immune|p2a: Rillaboom
|
|-heal|p2a: Rillaboom|57/100|[from] Grassy Terrain
|-heal|p1a: Tangrowth|73/100 tox|[from] Grassy Terrain
|-damage|p1a: Tangrowth|67/100 tox|[from] psn
|-fieldend|move: Grassy Terrain
|upkeep
|turn|33
|
|t:|1662429165
|move|p2a: Rillaboom|Grassy Glide|p1a: Tangrowth
|-resisted|p1a: Tangrowth
|-damage|p1a: Tangrowth|51/100 tox
|move|p1a: Tangrowth|Sleep Powder|p2a: Rillaboom
|-immune|p2a: Rillaboom
|
|-damage|p1a: Tangrowth|39/100 tox|[from] psn
|upkeep
|turn|34
|
|t:|1662429168
|move|p2a: Rillaboom|Grassy Glide|p1a: Tangrowth
|-resisted|p1a: Tangrowth
|-damage|p1a: Tangrowth|22/100 tox
|move|p1a: Tangrowth|Focus Blast|p2a: Rillaboom
|-damage|p2a: Rillaboom|20/100
|
|-damage|p1a: Tangrowth|4/100 tox|[from] psn
|upkeep
|turn|35
|
|t:|1662429173
|move|p2a: Rillaboom|Grassy Glide|p1a: Tangrowth
|-resisted|p1a: Tangrowth
|-damage|p1a: Tangrowth|0 fnt
|faint|p1a: Tangrowth
|
|upkeep
|
|t:|1662429173
|switch|p1a: Weavile|Weavile, M|100/100
|-damage|p1a: Weavile|76/100|[from] Stealth Rock
|-ability|p1a: Weavile|Pressure
|turn|36
|
|t:|1662429177
|move|p1a: Weavile|Low Kick|p2a: Rillaboom
|-damage|p2a: Rillaboom|0 fnt
|faint|p2a: Rillaboom
|
|upkeep
|
|t:|1662429179
|switch|p2a: Heatran|Heatran, F|100/100
|-item|p2a: Heatran|Air Balloon
|turn|37
|
|t:|1662429182
|move|p1a: Weavile|Low Kick|p2a: Heatran
|-supereffective|p2a: Heatran
|-damage|p2a: Heatran|7/100
|-enditem|p2a: Heatran|Air Balloon
|move|p2a: Heatran|Magma Storm|p1a: Weavile
|-supereffective|p1a: Weavile
|-damage|p1a: Weavile|0 fnt
|faint|p1a: Weavile
|
|upkeep
|
|t:|1662429182
|switch|p1a: Melmetal|Melmetal|12/100
|-damage|p1a: Melmetal|6/100|[from] Stealth Rock
|turn|38
|
|t:|1662429185
|move|p2a: Heatran|Earth Power|p1a: Melmetal
|-supereffective|p1a: Melmetal
|-damage|p1a: Melmetal|0 fnt
|faint|p1a: Melmetal
|
|win|A3720
|raw|minimax_ai's rating: 1483 &rarr; <strong>1464</strong><br />(-19 for losing)
|raw|A3720's rating: 1493 &rarr; <strong>1512</strong><br />(+19 for winning)
|c|☆minimax_ai|gg
