|j|☆Capfoo
|j|☆demgeilem
|t:|1667998419
|gametype|singles
|player|p1|Capfoo|blue-gen7|1591
|player|p2|demgeilem|ethan-masters|1546
|teamsize|p1|6
|teamsize|p2|6
|gen|8
|tier|[Gen 8] OU
|rated|
|rule|Sleep Clause Mod: Limit one foe put to sleep
|rule|Species Clause: Limit one of each Pokémon
|rule|OHKO Clause: OHKO moves are banned
|rule|Evasion Items Clause: Evasion items are banned
|rule|Evasion Moves Clause: Evasion moves are banned
|rule|Endless Battle Clause: Forcing endless battles is banned
|rule|HP Percentage Mod: HP is shown in percentages
|rule|Dynamax Clause: You cannot dynamax
|clearpoke
|poke|p1|Azelf|
|poke|p1|Tapu Koko|
|poke|p1|Excadrill, M|
|poke|p1|Hawlucha, F|
|poke|p1|Kartana|
|poke|p1|Dragapult, M|
|poke|p2|Melmetal|
|poke|p2|Dragapult, F|
|poke|p2|Slowbro, M|
|poke|p2|Clefable, F|
|poke|p2|Landorus-Therian, M|
|poke|p2|Buzzwole|
|teampreview
|
|t:|1667998433
|start
|switch|p1a: Miles|Azelf|100/100
|switch|p2a: Melmetal|Melmetal|100/100
|turn|1
|
|t:|1667998436
|move|p1a: Miles|Fire Blast|p2a: Melmetal
|-supereffective|p2a: Melmetal
|-damage|p2a: Melmetal|21/100
|move|p2a: Melmetal|Double Iron Bash|p1a: Miles
|-enditem|p1a: Miles|Focus Sash
|-damage|p1a: Miles|1/100
|-damage|p1a: Miles|0 fnt
|faint|p1a: Miles
|-hitcount|p1: Miles|2
|
|upkeep
|
|t:|1667998443
|switch|p1a: Shadow|Dragapult, M|100/100
|turn|2
|
|t:|1667998459
|switch|p2a: Clefable|Clefable, F|100/100
|move|p1a: Shadow|Shadow Ball|p2a: Clefable
|-damage|p2a: Clefable|73/100
|
|-heal|p2a: Clefable|79/100|[from] item: Leftovers
|upkeep
|turn|3
|
|t:|1667998469
|switch|p1a: Knuckles|Excadrill, M|100/100
|-ability|p1a: Knuckles|Mold Breaker
|move|p2a: Clefable|Wish|p2a: Clefable
|
|-heal|p2a: Clefable|85/100|[from] item: Leftovers
|upkeep
|turn|4
|
|t:|1667998477
|switch|p2a: Buzzwole|Buzzwole|100/100
|move|p1a: Knuckles|Earthquake|p2a: Buzzwole
|-resisted|p2a: Buzzwole
|-damage|p2a: Buzzwole|81/100
|
|-heal|p2a: Buzzwole|100/100|[from] move: Wish|[wisher] Clefable
|upkeep
|turn|5
|
|t:|1667998491
|switch|p1a: Shadow|Dragapult, M|100/100
|move|p2a: Buzzwole|Close Combat|p1a: Shadow
|-immune|p1a: Shadow
|
|upkeep
|turn|6
|
|t:|1667998499
|switch|p2a: Clefable|Clefable, F|85/100
|move|p1a: Shadow|U-turn|p2a: Clefable
|-resisted|p2a: Clefable
|-damage|p2a: Clefable|76/100
|
|t:|1667998503
|switch|p1a: Knuckles|Excadrill, M|100/100|[from]move: U-turn
|-ability|p1a: Knuckles|Mold Breaker
|
|-heal|p2a: Clefable|82/100|[from] item: Leftovers
|upkeep
|turn|7
|
|t:|1667998509
|switch|p2a: Buzzwole|Buzzwole|100/100
|move|p1a: Knuckles|Iron Head|p2a: Buzzwole
|-damage|p2a: Buzzwole|69/100
|
|upkeep
|turn|8
|
|t:|1667998514
|move|p2a: Buzzwole|Close Combat|p1a: Knuckles
|-supereffective|p1a: Knuckles
|-damage|p1a: Knuckles|0 fnt
|-unboost|p2a: Buzzwole|def|1
|-unboost|p2a: Buzzwole|spd|1
|faint|p1a: Knuckles
|-ability|p2a: Buzzwole|Beast Boost|boost
|-boost|p2a: Buzzwole|atk|1
|
|upkeep
|
|t:|1667998517
|switch|p1a: Shadow|Dragapult, M|100/100
|turn|9
|
|t:|1667998520
|switch|p2a: Clefable|Clefable, F|82/100
|move|p1a: Shadow|U-turn|p2a: Clefable
|-resisted|p2a: Clefable
|-damage|p2a: Clefable|73/100
|
|t:|1667998522
|switch|p1a: Sonic|Tapu Koko, shiny|100/100|[from]move: U-turn
|-fieldstart|move: Electric Terrain|[from] ability: Electric Surge|[of] p1a: Sonic
|
|-heal|p2a: Clefable|79/100|[from] item: Leftovers
|upkeep
|turn|10
|
|t:|1667998531
|move|p1a: Sonic|Thunderbolt|p2a: Clefable
|-damage|p2a: Clefable|26/100
|move|p2a: Clefable|Soft-Boiled|p2a: Clefable
|-heal|p2a: Clefable|76/100
|
|-heal|p2a: Clefable|82/100|[from] item: Leftovers
|upkeep
|turn|11
|
|t:|1667998538
|switch|p2a: Melmetal|Melmetal|21/100
|move|p1a: Sonic|Thunderbolt|p2a: Melmetal
|-damage|p2a: Melmetal|0 fnt
|faint|p2a: Melmetal
|
|upkeep
|
|t:|1667998545
|switch|p2a: Dragapult|Dragapult, F|100/100
|turn|12
|
|t:|1667998548
|move|p1a: Sonic|Thunderbolt|p2a: Dragapult
|-resisted|p2a: Dragapult
|-damage|p2a: Dragapult|50/100
|move|p2a: Dragapult|Shadow Ball|p1a: Sonic
|-damage|p1a: Sonic|19/100
|-unboost|p1a: Sonic|spd|1
|
|upkeep
|turn|13
|
|t:|1667998556
|switch|p2a: Landorus|Landorus-Therian, M|100/100
|-ability|p2a: Landorus|Intimidate|boost
|-unboost|p1a: Sonic|atk|1
|move|p1a: Sonic|Thunderbolt|p2a: Landorus
|-immune|p2a: Landorus
|
|-fieldend|move: Electric Terrain
|upkeep
|turn|14
|
|t:|1667998562
|switch|p1a: Shadow|Dragapult, M|100/100
|move|p2a: Landorus|U-turn|p1a: Shadow
|-resisted|p1a: Shadow
|-damage|p1a: Shadow|87/100
|
|t:|1667998566
|switch|p2a: Clefable|Clefable, F|82/100|[from]move: U-turn
|
|-heal|p2a: Clefable|88/100|[from] item: Leftovers
|upkeep
|turn|15
|
|t:|1667998571
|move|p1a: Shadow|U-turn|p2a: Clefable
|-resisted|p2a: Clefable
|-damage|p2a: Clefable|80/100
|
|t:|1667998573
|switch|p1a: Metal Sonic|Kartana|100/100|[from]move: U-turn
|move|p2a: Clefable|Stealth Rock|p1a: Metal Sonic
|-sidestart|p1: Capfoo|move: Stealth Rock
|
|-heal|p2a: Clefable|86/100|[from] item: Leftovers
|upkeep
|turn|16
|
|t:|1667998584
|switch|p2a: Landorus|Landorus-Therian, M|100/100
|-ability|p2a: Landorus|Intimidate|boost
|-unboost|p1a: Metal Sonic|atk|1
|move|p1a: Metal Sonic|Smart Strike|p2a: Landorus
|-damage|p2a: Landorus|72/100
|
|-heal|p2a: Landorus|78/100|[from] item: Leftovers
|upkeep
|turn|17
|
|t:|1667998593
|move|p1a: Metal Sonic|Smart Strike|p2a: Landorus
|-damage|p2a: Landorus|45/100
|move|p2a: Landorus|Knock Off|p1a: Metal Sonic
|-damage|p1a: Metal Sonic|68/100
|-enditem|p1a: Metal Sonic|Choice Scarf|[from] move: Knock Off|[of] p2a: Landorus
|
|-heal|p2a: Landorus|51/100|[from] item: Leftovers
|upkeep
|turn|18
|
|t:|1667998603
|move|p1a: Metal Sonic|Leaf Blade|p2a: Landorus
|-damage|p2a: Landorus|9/100
|move|p2a: Landorus|U-turn|p1a: Metal Sonic
|-damage|p1a: Metal Sonic|43/100
|
|t:|1667998609
|switch|p2a: Dragapult|Dragapult, F|50/100|[from]move: U-turn
|
|upkeep
|turn|19
|
|t:|1667998612
|move|p2a: Dragapult|Shadow Ball|p1a: Metal Sonic
|-damage|p1a: Metal Sonic|0 fnt
|faint|p1a: Metal Sonic
|
|upkeep
|
|t:|1667998615
|switch|p1a: Sonic|Tapu Koko, shiny|19/100
|-damage|p1a: Sonic|7/100|[from] Stealth Rock
|-fieldstart|move: Electric Terrain|[from] ability: Electric Surge|[of] p1a: Sonic
|turn|20
|
|t:|1667998628
|switch|p2a: Slowbro|Slowbro, M, shiny|100/100
|move|p1a: Sonic|Dazzling Gleam|p2a: Slowbro
|-damage|p2a: Slowbro|49/100
|
|upkeep
|turn|21
|
|t:|1667998648
|switch|p2a: Landorus|Landorus-Therian, M|9/100
|-ability|p2a: Landorus|Intimidate|boost
|-unboost|p1a: Sonic|atk|1
|move|p1a: Sonic|Dazzling Gleam|p2a: Landorus
|-damage|p2a: Landorus|0 fnt
|faint|p2a: Landorus
|
|upkeep
|
|t:|1667998661
|switch|p2a: Buzzwole|Buzzwole|69/100
|turn|22
|
|t:|1667998665
|switch|p1a: Shadow|Dragapult, M|87/100
|-damage|p1a: Shadow|74/100|[from] Stealth Rock
|move|p2a: Buzzwole|Ice Punch|p1a: Shadow
|-supereffective|p1a: Shadow
|-damage|p1a: Shadow|0 fnt
|faint|p1a: Shadow
|-ability|p2a: Buzzwole|Beast Boost|boost
|-boost|p2a: Buzzwole|atk|1
|
|upkeep
|
|t:|1667998668
|switch|p1a: Rouge|Hawlucha, F|100/100
|-damage|p1a: Rouge|88/100|[from] Stealth Rock
|-enditem|p1a: Rouge|Electric Seed
|-boost|p1a: Rouge|def|1|[from] item: Electric Seed
|turn|23
|
|t:|1667998682
|switch|p2a: Slowbro|Slowbro, M, shiny|83/100
|move|p1a: Rouge|Acrobatics|p2a: Slowbro
|-damage|p2a: Slowbro|55/100
|-damage|p1a: Rouge|72/100|[from] item: Rocky Helmet|[of] p2a: Slowbro
|
|upkeep
|turn|24
|
|t:|1667998688
|move|p1a: Rouge|Swords Dance|p1a: Rouge
|-boost|p1a: Rouge|atk|2
|move|p2a: Slowbro|Future Sight|p1a: Rouge
|-start|p2a: Slowbro|move: Future Sight
|
|-fieldend|move: Electric Terrain
|upkeep
|turn|25
|
|t:|1667998692
|switch|p2a: Dragapult|Dragapult, F|50/100
|move|p1a: Rouge|Acrobatics|p2a: Dragapult
|-damage|p2a: Dragapult|0 fnt
|faint|p2a: Dragapult
|
|upkeep
|
|t:|1667998699
|switch|p2a: Slowbro|Slowbro, M, shiny|88/100
|turn|26
|
|t:|1667998704
|move|p1a: Rouge|Acrobatics|p2a: Slowbro
|-damage|p2a: Slowbro|28/100
|-damage|p1a: Rouge|55/100|[from] item: Rocky Helmet|[of] p2a: Slowbro
|move|p2a: Slowbro|Scald|p1a: Rouge
|-damage|p1a: Rouge|12/100
|
|-end|p1a: Rouge|move: Future Sight
|-supereffective|p1a: Rouge
|-damage|p1a: Rouge|0 fnt
|faint|p1a: Rouge
|upkeep
|
|t:|1667998705
|switch|p1a: Sonic|Tapu Koko, shiny|7/100
|-damage|p1a: Sonic|0 fnt|[from] Stealth Rock
|faint|p1a: Sonic
|
|win|demgeilem
|raw|Capfoo's rating: 1591 &rarr; <strong>1568</strong><br />(-23 for losing)
|raw|demgeilem's rating: 1546 &rarr; <strong>1569</strong><br />(+23 for winning)
|l|☆Capfoo
||Ladder isn't responding, score probably updated but might not have (Request timeout).
