|j|☆iiTzAhsan
|j|‽early_human
|t:|1635223751
|gametype|singles
|player|p1|iiTzAhsan|clemont|1780
|player|p2|early_human|dancer|1939
|teamsize|p1|6
|teamsize|p2|6
|gen|8
|tier|[Gen 8] OU
|rated|
|rule|Sleep Clause Mod: Limit one foe put to sleep
|rule|Species Clause: Limit one of each Pokémon
|rule|OHKO Clause: OHKO moves are banned
|rule|Evasion Moves Clause: Evasion moves are banned
|rule|Endless Battle Clause: Forcing endless battles is banned
|rule|HP Percentage Mod: HP is shown in percentages
|rule|Dynamax Clause: You cannot dynamax
|clearpoke
|poke|p1|Copperajah, F|
|poke|p1|Urshifu-*, F|
|poke|p1|Kartana|
|poke|p1|Landorus-Therian, M|
|poke|p1|Slowking-Galar, M|
|poke|p1|Kyurem|
|poke|p2|Moltres-Galar|
|poke|p2|Aegislash, F|
|poke|p2|Buzzwole|
|poke|p2|Latios, M|
|poke|p2|Landorus-Therian, M|
|poke|p2|Bisharp, M|
|teampreview
|inactive|Battle timer is ON: inactive players will automatically lose when time's up. (requested by iiTzAhsan)
|
|t:|1635223765
|start
|switch|p1a: Urshifu|Urshifu-Rapid-Strike, F|100/100
|switch|p2a: Buzzwole|Buzzwole|100/100
|turn|1
|
|t:|1635223771
|switch|p1a: Landorus|Landorus-Therian, M|100/100
|-ability|p1a: Landorus|Intimidate|boost
|-unboost|p2a: Buzzwole|atk|1
|move|p2a: Buzzwole|Close Combat|p1a: Landorus
|-resisted|p1a: Landorus
|-damage|p1a: Landorus|75/100
|-unboost|p2a: Buzzwole|def|1
|-unboost|p2a: Buzzwole|spd|1
|
|-heal|p1a: Landorus|81/100|[from] item: Leftovers
|upkeep
|turn|2
|
|t:|1635223777
|switch|p2a: Landorus|Landorus-Therian, M|100/100
|-ability|p2a: Landorus|Intimidate|boost
|-unboost|p1a: Landorus|atk|1
|move|p1a: Landorus|Stealth Rock|p2a: Landorus
|-sidestart|p2: early_human|move: Stealth Rock
|
|-heal|p1a: Landorus|87/100|[from] item: Leftovers
|upkeep
|turn|3
|
|t:|1635223783
|move|p2a: Landorus|Stealth Rock|p1a: Landorus
|-sidestart|p1: iiTzAhsan|move: Stealth Rock
|move|p1a: Landorus|Knock Off|p2a: Landorus
|-damage|p2a: Landorus|77/100
|-enditem|p2a: Landorus|Focus Sash|[from] move: Knock Off|[of] p1a: Landorus
|
|-heal|p1a: Landorus|93/100|[from] item: Leftovers
|upkeep
|turn|4
|j| BadPokemonSets
|
|t:|1635223801
|switch|p2a: Buzzwole|Buzzwole|100/100
|-damage|p2a: Buzzwole|88/100|[from] Stealth Rock
|switch|p1a: Kyurem|Kyurem|100/100
|-ability|p1a: Kyurem|Pressure
|
|upkeep
|turn|5
|
|t:|1635223815
|switch|p1a: Slowking|Slowking-Galar, M|100/100
|-damage|p1a: Slowking|88/100|[from] Stealth Rock
|move|p2a: Buzzwole|Close Combat|p1a: Slowking
|-resisted|p1a: Slowking
|-damage|p1a: Slowking|61/100
|-unboost|p2a: Buzzwole|def|1
|-unboost|p2a: Buzzwole|spd|1
|
|upkeep
|turn|6
|
|t:|1635223825
|switch|p2a: Bisharp|Bisharp, M|100/100
|-damage|p2a: Bisharp|94/100|[from] Stealth Rock
|switch|p1a: Urshifu|Urshifu-Rapid-Strike, F|100/100
|-damage|p1a: Urshifu|94/100|[from] Stealth Rock
|
|upkeep
|turn|7
|
|t:|1635223829
|move|p2a: Bisharp|Sucker Punch|p1a: Urshifu
|-resisted|p1a: Urshifu
|-damage|p1a: Urshifu|74/100
|move|p1a: Urshifu|Surging Strikes|p2a: Bisharp
|-crit|p2a: Bisharp
|-damage|p2a: Bisharp|69/100
|-crit|p2a: Bisharp
|-damage|p2a: Bisharp|45/100
|-crit|p2a: Bisharp
|-damage|p2a: Bisharp|20/100
|-hitcount|p2a: Bisharp|3
|
|upkeep
|turn|8
|
|t:|1635223836
|move|p2a: Bisharp|Sucker Punch|p1a: Urshifu
|-resisted|p1a: Urshifu
|-damage|p1a: Urshifu|54/100
|move|p1a: Urshifu|Surging Strikes|p2a: Bisharp
|-crit|p2a: Bisharp
|-damage|p2a: Bisharp|0 fnt
|faint|p2a: Bisharp
|-hitcount|p2: Bisharp|1
|
|upkeep
|
|t:|1635223843
|switch|p2a: Aegislash|Aegislash, F|100/100
|-damage|p2a: Aegislash|94/100|[from] Stealth Rock
|turn|9
|
|t:|1635223849
|move|p1a: Urshifu|Surging Strikes|p2a: Aegislash
|-crit|p2a: Aegislash
|-damage|p2a: Aegislash|80/100
|-crit|p2a: Aegislash
|-damage|p2a: Aegislash|63/100
|-crit|p2a: Aegislash
|-damage|p2a: Aegislash|47/100
|-hitcount|p2a: Aegislash|3
|-formechange|p2a: Aegislash|Aegislash-Blade||[from] ability: Stance Change
|move|p2a: Aegislash|Shadow Ball|p1a: Urshifu
|-damage|p1a: Urshifu|0 fnt
|faint|p1a: Urshifu
|
|upkeep
|j| PS5>Xbox Series X
|
|t:|1635223861
|switch|p1a: Kartana|Kartana|100/100
|-damage|p1a: Kartana|94/100|[from] Stealth Rock
|turn|10
|
|t:|1635223865
|-formechange|p2a: Aegislash|Aegislash||[from] ability: Stance Change
|move|p2a: Aegislash|King's Shield|p2a: Aegislash
|-singleturn|p2a: Aegislash|Protect
|move|p1a: Kartana|Knock Off|p2a: Aegislash
|-activate|p2a: Aegislash|move: Protect
|-unboost|p1a: Kartana|atk|1
|
|upkeep
|turn|11
|
|t:|1635223870
|switch|p1a: Landorus|Landorus-Therian, M|93/100
|-damage|p1a: Landorus|81/100|[from] Stealth Rock
|-ability|p1a: Landorus|Intimidate|boost
|-unboost|p2a: Aegislash|atk|1
|switch|p2a: Buzzwole|Buzzwole|88/100
|-damage|p2a: Buzzwole|76/100|[from] Stealth Rock
|
|-heal|p1a: Landorus|87/100|[from] item: Leftovers
|upkeep
|turn|12
|
|t:|1635223874
|switch|p1a: Kyurem|Kyurem|100/100
|-ability|p1a: Kyurem|Pressure
|move|p2a: Buzzwole|Ice Punch|p1a: Kyurem
|-damage|p1a: Kyurem|75/100
|
|upkeep
|turn|13
|j| Nesnot
|
|t:|1635223880
|move|p2a: Buzzwole|Ice Punch|p1a: Kyurem
|-damage|p1a: Kyurem|50/100
|move|p1a: Kyurem|Ice Beam|p2a: Buzzwole
|-damage|p2a: Buzzwole|11/100
|
|upkeep
|turn|14
|
|t:|1635223886
|switch|p2a: Latios|Latios, M|100/100
|-damage|p2a: Latios|88/100|[from] Stealth Rock
|move|p1a: Kyurem|Roost|p1a: Kyurem
|-heal|p1a: Kyurem|100/100
|-singleturn|p1a: Kyurem|move: Roost
|
|upkeep
|turn|15
|
|t:|1635223891
|switch|p1a: Raj Shoot|Copperajah, F|100/100
|-damage|p1a: Raj Shoot|94/100|[from] Stealth Rock
|move|p2a: Latios|Draco Meteor|p1a: Raj Shoot
|-resisted|p1a: Raj Shoot
|-damage|p1a: Raj Shoot|44/100
|-unboost|p2a: Latios|spa|2
|
|upkeep
|turn|16
|
|t:|1635223902
|switch|p2a: Buzzwole|Buzzwole|11/100
|-damage|p2a: Buzzwole|0 fnt|[from] Stealth Rock
|faint|p2a: Buzzwole
|move|p1a: Raj Shoot|Heavy Slam|p2: Buzzwole|[notarget]
|-fail|p1a: Raj Shoot
|
|upkeep
|j| OnGroveStreet
|
|t:|1635223906
|switch|p2a: Latios|Latios, M|88/100
|-damage|p2a: Latios|76/100|[from] Stealth Rock
|turn|17
|
|t:|1635223908
|move|p2a: Latios|Mystical Fire|p1a: Raj Shoot
|-supereffective|p1a: Raj Shoot
|-damage|p1a: Raj Shoot|0 fnt
|faint|p1a: Raj Shoot
|
|upkeep
|
|t:|1635223915
|switch|p1a: Slowking|Slowking-Galar, M|95/100
|-damage|p1a: Slowking|82/100|[from] Stealth Rock
|turn|18
|
|t:|1635223921
|switch|p2a: Aegislash|Aegislash, F|47/100
|-damage|p2a: Aegislash|41/100|[from] Stealth Rock
|move|p1a: Slowking|Flamethrower|p2a: Aegislash
|-supereffective|p2a: Aegislash
|-damage|p2a: Aegislash|0 fnt
|faint|p2a: Aegislash
|
|upkeep
|
|t:|1635223923
|switch|p2a: Landorus|Landorus-Therian, M|77/100
|-damage|p2a: Landorus|65/100|[from] Stealth Rock
|-ability|p2a: Landorus|Intimidate|boost
|-unboost|p1a: Slowking|atk|1
|turn|19
|j| deadthoughts
|
|t:|1635223939
|switch|p2a: Moltres|Moltres-Galar|100/100
|switch|p1a: Landorus|Landorus-Therian, M|87/100
|-damage|p1a: Landorus|74/100|[from] Stealth Rock
|-ability|p1a: Landorus|Intimidate|boost
|-unboost|p2a: Moltres|atk|1
|
|-heal|p1a: Landorus|80/100|[from] item: Leftovers
|upkeep
|turn|20
|
|t:|1635223957
|switch|p1a: Kyurem|Kyurem|100/100
|-ability|p1a: Kyurem|Pressure
|move|p2a: Moltres|Agility|p2a: Moltres
|-boost|p2a: Moltres|spe|2
|
|upkeep
|turn|21
|
|t:|1635223966
|move|p2a: Moltres|Nasty Plot|p2a: Moltres
|-boost|p2a: Moltres|spa|2
|move|p1a: Kyurem|Body Press|p2a: Moltres
|-damage|p2a: Moltres|77/100
|
|upkeep
|turn|22
|
|t:|1635223969
|move|p2a: Moltres|Fiery Wrath|p1a: Kyurem
|-damage|p1a: Kyurem|27/100
|cant|p1a: Kyurem|flinch
|
|upkeep
|turn|23
|
|t:|1635223981
|move|p2a: Moltres|Fiery Wrath|p1a: Kyurem
|-damage|p1a: Kyurem|0 fnt
|faint|p1a: Kyurem
|
|upkeep
|
|t:|1635223983
|switch|p1a: Slowking|Slowking-Galar, M|100/100
|-damage|p1a: Slowking|88/100|[from] Stealth Rock
|turn|24
|
|t:|1635223985
|move|p2a: Moltres|Fiery Wrath|p1a: Slowking
|-supereffective|p1a: Slowking
|-damage|p1a: Slowking|0 fnt
|faint|p1a: Slowking
|
|upkeep
|-message|iiTzAhsan forfeited.
|
|win|early_human
|raw|iiTzAhsan's rating: 1780 &rarr; <strong>1769</strong><br />(-11 for losing)
|raw|early_human's rating: 1939 &rarr; <strong>1950</strong><br />(+11 for winning)
|l|☆iiTzAhsan
|l|‽early_human
|l| OnGroveStreet
|l| Nesnot
|l| BadPokemonSets
