|j|☆isheavydead
|j|☆Iam Fakee
|inactive|Battle timer is ON: inactive players will automatically lose when time's up.
|t:|1615143398
|player|p1|isheavydead|ethan|
|player|p2|Iam Fakee|ethan|
|teamsize|p1|6
|teamsize|p2|6
|gametype|singles
|gen|8
|tier|[Gen 8] OU
|rated|Tournament battle
|clearpoke
|poke|p1|Corviknight, M|
|poke|p1|Espeon, F|
|poke|p1|Tapu Lele|
|poke|p1|Polteageist|
|poke|p1|Cloyster, M|
|poke|p1|Omastar, M|
|poke|p2|Kyurem|
|poke|p2|Blissey, F|
|poke|p2|Clefable, F|
|poke|p2|Corviknight, F|
|poke|p2|Magnezone|
|poke|p2|Toxapex, M|
|rule|Sleep Clause Mod: Limit one foe put to sleep
|rule|Species Clause: Limit one of each Pokémon
|rule|OHKO Clause: OHKO moves are banned
|rule|Evasion Moves Clause: Evasion moves are banned
|rule|Endless Battle Clause: Forcing endless battles is banned
|rule|HP Percentage Mod: HP is shown in percentages
|rule|Dynamax Clause: You cannot dynamax
|teampreview
|j| epsilon_xd
|c|☆isheavydead|hf
|j| trollorddddd
|j| anesis
|c|☆Iam Fakee|likewise
|c|☆isheavydead|:))
|
|t:|1615143415
|start
|switch|p1a: Tapu Lele|Tapu Lele, shiny|100/100
|switch|p2a: Blissey|Blissey, F|100/100
|-fieldstart|move: Psychic Terrain|[from] ability: Psychic Surge|[of] p1a: Tapu Lele
|turn|1
|c| anesis|lesgo ihd
|
|t:|1615143418
|switch|p1a: Espeon|Espeon, F|100/100
|move|p2a: Blissey|Stealth Rock|p1a: Espeon
|move|p1a: Espeon|Stealth Rock|p2a: Blissey|[from]ability: Magic Bounce
|-sidestart|p2: Iam Fakee|move: Stealth Rock
|
|upkeep
|turn|2
|
|t:|1615143422
|move|p1a: Espeon|Yawn|p2a: Blissey
|-start|p2a: Blissey|move: Yawn|[of] p1a: Espeon
|move|p2a: Blissey|Seismic Toss|p1a: Espeon
|-damage|p1a: Espeon|64/100
|-enditem|p1a: Espeon|Eject Button
|j| AquaVanillla
|c| trollorddddd|damn do you just win
|c| trollorddddd|lol
|
|t:|1615143440
|switch|p1a: Cloyster|Cloyster, M|100/100
|
|upkeep
|turn|3
|c| AquaVanillla|why do yall dont use rilla
|j|#brouha
|c| trollorddddd|doesn't polteageist sweep
|
|t:|1615143459
|switch|p1a: Espeon|Espeon, F|64/100
|switch|p2a: Magnezone|Magnezone|100/100
|-damage|p2a: Magnezone|94/100|[from] Stealth Rock
|
|-heal|p2a: Magnezone|100/100|[from] item: Leftovers
|upkeep
|turn|4
|
|t:|1615143461
|move|p1a: Espeon|Expanding Force|p2a: Magnezone
|-resisted|p2a: Magnezone
|-damage|p2a: Magnezone|45/100
|move|p2a: Magnezone|Substitute|p2a: Magnezone
|-start|p2a: Magnezone|Substitute
|-damage|p2a: Magnezone|20/100
|
|-heal|p2a: Magnezone|26/100|[from] item: Leftovers
|upkeep
|turn|5
|
|t:|1615143464
|move|p1a: Espeon|Expanding Force|p2a: Magnezone
|-resisted|p2a: Magnezone
|-end|p2a: Magnezone|Substitute
|move|p2a: Magnezone|Thunderbolt|p1a: Espeon
|-damage|p1a: Espeon|9/100
|
|-heal|p2a: Magnezone|32/100|[from] item: Leftovers
|upkeep
|turn|6
|c| anesis|let them play
|
|t:|1615143477
|switch|p2a: Corviknight|Corviknight, F|100/100
|-damage|p2a: Corviknight|88/100|[from] Stealth Rock
|-ability|p2a: Corviknight|Pressure
|move|p1a: Espeon|Expanding Force|p2a: Corviknight
|-resisted|p2a: Corviknight
|-damage|p2a: Corviknight|50/100
|
|-heal|p2a: Corviknight|56/100|[from] item: Leftovers
|upkeep
|turn|7
|c|#brouha|ye pls try not to speculate
|
|t:|1615143480
|move|p1a: Espeon|Yawn|p2a: Corviknight
|-start|p2a: Corviknight|move: Yawn|[of] p1a: Espeon
|move|p2a: Corviknight|Roost|p2a: Corviknight
|-heal|p2a: Corviknight|100/100
|-singleturn|p2a: Corviknight|move: Roost
|
|upkeep
|turn|8
|
|t:|1615143485
|switch|p2a: Blissey|Blissey, F|100/100
|move|p1a: Espeon|Expanding Force|p2a: Blissey
|-damage|p2a: Blissey|71/100
|
|-fieldend|move: Psychic Terrain
|upkeep
|turn|9
|
|t:|1615143490
|switch|p1a: Tapu Lele|Tapu Lele, shiny|100/100
|-fieldstart|move: Psychic Terrain|[from] ability: Psychic Surge|[of] p1a: Tapu Lele
|move|p2a: Blissey|Teleport|p2a: Blissey
|
|t:|1615143494
|switch|p2a: Corviknight|Corviknight, F|100/100|[from]move: Teleport
|-damage|p2a: Corviknight|88/100|[from] Stealth Rock
|-ability|p2a: Corviknight|Pressure
|
|-heal|p2a: Corviknight|94/100|[from] item: Leftovers
|upkeep
|turn|10
|
|t:|1615143496
|move|p1a: Tapu Lele|Thunderbolt|p2a: Corviknight
|-supereffective|p2a: Corviknight
|-damage|p2a: Corviknight|36/100
|move|p2a: Corviknight|Defog|p1a: Tapu Lele
|-unboost|p1a: Tapu Lele|evasion|1
|-sideend|p2: Iam Fakee|Stealth Rock|[from] move: Defog|[of] p2a: Corviknight
|-fieldend|move: Psychic Terrain
|
|-heal|p2a: Corviknight|42/100|[from] item: Leftovers
|upkeep
|turn|11
|
|t:|1615143500
|switch|p2a: Blissey|Blissey, F|71/100
|move|p1a: Tapu Lele|Future Sight|p2a: Blissey
|-start|p1a: Tapu Lele|move: Future Sight
|
|upkeep
|turn|12
|
|t:|1615143504
|switch|p1a: Espeon|Espeon, F|9/100
|move|p2a: Blissey|Teleport|p2a: Blissey
|
|t:|1615143507
|switch|p2a: Corviknight|Corviknight, F|42/100|[from]move: Teleport
|-ability|p2a: Corviknight|Pressure
|
|-heal|p2a: Corviknight|49/100|[from] item: Leftovers
|upkeep
|turn|13
|
|t:|1615143510
|switch|p1a: Tapu Lele|Tapu Lele, shiny|100/100
|-fieldstart|move: Psychic Terrain|[from] ability: Psychic Surge|[of] p1a: Tapu Lele
|move|p2a: Corviknight|U-turn|p1a: Tapu Lele
|-damage|p1a: Tapu Lele|79/100
|
|t:|1615143514
|switch|p2a: Blissey|Blissey, F|71/100|[from]move: U-turn
|
|-end|p2a: Blissey|move: Future Sight
|-damage|p2a: Blissey|43/100
|upkeep
|turn|14
|
|t:|1615143517
|switch|p1a: Espeon|Espeon, F|9/100
|move|p2a: Blissey|Soft-Boiled|p2a: Blissey
|-heal|p2a: Blissey|93/100
|
|upkeep
|turn|15
|
|t:|1615143519
|move|p1a: Espeon|Yawn|p2a: Blissey
|-start|p2a: Blissey|move: Yawn|[of] p1a: Espeon
|move|p2a: Blissey|Seismic Toss|p1a: Espeon
|-damage|p1a: Espeon|0 fnt
|faint|p1a: Espeon
|
|upkeep
|
|t:|1615143526
|switch|p1a: Polteageist|Polteageist|100/100
|turn|16
|
|t:|1615143529
|move|p1a: Polteageist|Shell Smash|p1a: Polteageist
|-unboost|p1a: Polteageist|def|1
|-unboost|p1a: Polteageist|spd|1
|-boost|p1a: Polteageist|atk|2
|-boost|p1a: Polteageist|spa|2
|-boost|p1a: Polteageist|spe|2
|move|p2a: Blissey|Teleport|p2a: Blissey
|
|t:|1615143534
|switch|p2a: Toxapex|Toxapex, M|100/100|[from]move: Teleport
|
|upkeep
|turn|17
|
|t:|1615143539
|switch|p2a: Blissey|Blissey, F|93/100
|move|p1a: Polteageist|Stored Power|p2a: Blissey
|-damage|p2a: Blissey|45/100
|
|upkeep
|turn|18
|
|t:|1615143546
|switch|p2a: Corviknight|Corviknight, F|49/100
|-ability|p2a: Corviknight|Pressure
|move|p1a: Polteageist|Shell Smash|p1a: Polteageist
|-unboost|p1a: Polteageist|def|1
|-unboost|p1a: Polteageist|spd|1
|-boost|p1a: Polteageist|atk|2
|-boost|p1a: Polteageist|spa|2
|-boost|p1a: Polteageist|spe|2
|
|-heal|p2a: Corviknight|55/100|[from] item: Leftovers
|upkeep
|turn|19
|
|t:|1615143551
|switch|p2a: Magnezone|Magnezone|32/100
|move|p1a: Polteageist|Stored Power|p2a: Magnezone
|-resisted|p2a: Magnezone
|-damage|p2a: Magnezone|0 fnt
|faint|p2a: Magnezone
|
|upkeep
|
|t:|1615143553
|switch|p2a: Corviknight|Corviknight, F|55/100
|-ability|p2a: Corviknight|Pressure
|turn|20
|
|t:|1615143561
|move|p1a: Polteageist|Stored Power|p2a: Corviknight
|-resisted|p2a: Corviknight
|-damage|p2a: Corviknight|0 fnt
|faint|p2a: Corviknight
|
|-fieldend|move: Psychic Terrain
|upkeep
|
|t:|1615143565
|switch|p2a: Kyurem|Kyurem, shiny|100/100
|-ability|p2a: Kyurem|Pressure
|turn|21
|
|t:|1615143567
|move|p1a: Polteageist|Stored Power|p2a: Kyurem
|-damage|p2a: Kyurem|0 fnt
|faint|p2a: Kyurem
|
|upkeep
|
|t:|1615143569
|switch|p2a: Blissey|Blissey, F|45/100
|turn|22
|
|t:|1615143571
|move|p1a: Polteageist|Stored Power|p2a: Blissey
|-damage|p2a: Blissey|0 fnt
|faint|p2a: Blissey
|
|upkeep
|c|☆Iam Fakee|gg
|c|☆isheavydead|gg
|-message|Iam Fakee forfeited.
|
|win|isheavydead
|n|☆isheavydead|isheavydead
|n|☆Iam Fakee|iamfakee
|n| epsilon_xd|epsilonxd
|n| trollorddddd|trollorddddd
|n| anesis|anesis
|n| AquaVanillla|aquavanillla
|n| brouha|brouha
|l|☆Iam Fakee
