|raw|<div class="broadcast-blue"><strong>This battle is required to be public due to a player having a name starting with 'lt91bb'.</div>
|j|☆antarctozolt
|j|☆LT91BB Pineco
|t:|1658910383
|gametype|singles
|player|p1|antarctozolt|elesa|1759
|player|p2|LT91BB Pineco|caitlin-masters|1642
|teamsize|p1|6
|teamsize|p2|6
|gen|8
|tier|[Gen 8] OU
|rated|
|rule|Sleep Clause Mod: Limit one foe put to sleep
|rule|Species Clause: Limit one of each Pokémon
|rule|OHKO Clause: OHKO moves are banned
|rule|Evasion Moves Clause: Evasion moves are banned
|rule|Endless Battle Clause: Forcing endless battles is banned
|rule|HP Percentage Mod: HP is shown in percentages
|rule|Dynamax Clause: You cannot dynamax
|clearpoke
|poke|p1|Mew|
|poke|p1|Weavile, M|
|poke|p1|Celesteela|
|poke|p1|Crawdaunt, F|
|poke|p1|Garchomp, M|
|poke|p1|Blacephalon|
|poke|p2|Aerodactyl, F|
|poke|p2|Mew|
|poke|p2|Tornadus-Therian, M|
|poke|p2|Zeraora|
|poke|p2|Tapu Fini|
|poke|p2|Bisharp, M|
|teampreview
|inactive|Battle timer is ON: inactive players will automatically lose when time's up. (requested by LT91BB Pineco)
|j| vkhss
|
|t:|1658910394
|start
|switch|p1a: リード|Mew, shiny|100/100
|switch|p2a: Aerodactyl|Aerodactyl, F|100/100
|-ability|p2a: Aerodactyl|Pressure
|turn|1
|
|t:|1658910396
|move|p2a: Aerodactyl|Taunt|p1a: リード
|-start|p1a: リード|move: Taunt
|-enditem|p1a: リード|Mental Herb
|-end|p1a: リード|move: Taunt
|move|p1a: リード|Thunder Wave|p2a: Aerodactyl
|-status|p2a: Aerodactyl|par
|
|upkeep
|turn|2
|
|t:|1658910400
|move|p1a: リード|Taunt|p2a: Aerodactyl
|-start|p2a: Aerodactyl|move: Taunt
|cant|p2a: Aerodactyl|move: Taunt|Stealth Rock
|
|upkeep
|turn|3
|
|t:|1658910402
|switch|p2a: Zeraora|Zeraora|100/100
|move|p1a: リード|Stealth Rock|p2a: Zeraora
|-sidestart|p2: LT91BB Pineco|move: Stealth Rock
|
|upkeep
|turn|4
|
|t:|1658910404
|switch|p1a: 攻撃＃4|Garchomp, M, shiny|100/100
|move|p2a: Zeraora|Taunt|p1a: 攻撃＃4
|-start|p1a: 攻撃＃4|move: Taunt
|
|upkeep
|turn|5
|
|t:|1658910409
|switch|p2a: Tornadus|Tornadus-Therian, M|100/100
|move|p1a: 攻撃＃4|Scale Shot|p2a: Tornadus
|-damage|p2a: Tornadus|83/100
|-damage|p2a: Tornadus|66/100
|-hitcount|p2a: Tornadus|2
|-unboost|p1a: 攻撃＃4|def|1
|-boost|p1a: 攻撃＃4|spe|1
|
|upkeep
|turn|6
|
|t:|1658910412
|move|p1a: 攻撃＃4|Scale Shot|p2a: Tornadus
|-damage|p2a: Tornadus|51/100
|-damage|p2a: Tornadus|34/100
|-damage|p2a: Tornadus|18/100
|-hitcount|p2a: Tornadus|3
|-unboost|p1a: 攻撃＃4|def|1
|-boost|p1a: 攻撃＃4|spe|1
|move|p2a: Tornadus|Icy Wind|p1a: 攻撃＃4
|-supereffective|p1a: 攻撃＃4
|-damage|p1a: 攻撃＃4|22/100
|-unboost|p1a: 攻撃＃4|spe|1
|
|-end|p1a: 攻撃＃4|move: Taunt
|upkeep
|turn|7
|
|t:|1658910416
|switch|p2a: Aerodactyl|Aerodactyl, F|100/100 par
|-damage|p2a: Aerodactyl|76/100 par|[from] Stealth Rock
|-ability|p2a: Aerodactyl|Pressure
|move|p1a: 攻撃＃4|Scale Shot|p2a: Aerodactyl
|-damage|p2a: Aerodactyl|53/100 par
|-damage|p2a: Aerodactyl|31/100 par
|-damage|p2a: Aerodactyl|10/100 par
|-hitcount|p2a: Aerodactyl|3
|-unboost|p1a: 攻撃＃4|def|1
|-boost|p1a: 攻撃＃4|spe|1
|
|upkeep
|turn|8
|j| LT91BB ironwater
|
|t:|1658910418
|move|p1a: 攻撃＃4|Scale Shot|p2a: Aerodactyl|[miss]
|-miss|p1a: 攻撃＃4|p2a: Aerodactyl
|move|p2a: Aerodactyl|Earthquake|p1a: 攻撃＃4
|-damage|p1a: 攻撃＃4|0 fnt
|faint|p1a: 攻撃＃4
|
|upkeep
|j| LZZY__ARES
|
|t:|1658910425
|switch|p1a: 攻撃＃2|Celesteela, shiny|100/100
|turn|9
|
|t:|1658910427
|move|p1a: 攻撃＃2|Autotomize|p1a: 攻撃＃2
|-boost|p1a: 攻撃＃2|spe|2
|-start|p1a: 攻撃＃2|Autotomize
|cant|p2a: Aerodactyl|par
|
|upkeep
|turn|10
|
|t:|1658910429
|move|p1a: 攻撃＃2|Flamethrower|p2a: Aerodactyl
|-resisted|p2a: Aerodactyl
|-damage|p2a: Aerodactyl|0 fnt
|faint|p2a: Aerodactyl
|-ability|p1a: 攻撃＃2|Beast Boost|boost
|-boost|p1a: 攻撃＃2|spa|1
|
|upkeep
|
|t:|1658910433
|switch|p2a: Tapu Fini|Tapu Fini|100/100
|-damage|p2a: Tapu Fini|88/100|[from] Stealth Rock
|-fieldstart|move: Misty Terrain|[from] ability: Misty Surge|[of] p2a: Tapu Fini
|turn|11
|
|t:|1658910435
|move|p1a: 攻撃＃2|Air Slash|p2a: Tapu Fini
|-damage|p2a: Tapu Fini|45/100
|move|p2a: Tapu Fini|Calm Mind|p2a: Tapu Fini
|-boost|p2a: Tapu Fini|spa|1
|-boost|p2a: Tapu Fini|spd|1
|
|-heal|p2a: Tapu Fini|51/100|[from] item: Leftovers
|upkeep
|turn|12
|
|t:|1658910438
|move|p1a: 攻撃＃2|Meteor Beam||[still]
|-prepare|p1a: 攻撃＃2|Meteor Beam
|-boost|p1a: 攻撃＃2|spa|1
|-enditem|p1a: 攻撃＃2|Power Herb
|-anim|p1a: 攻撃＃2|Meteor Beam|p2a: Tapu Fini
|-damage|p2a: Tapu Fini|12/100
|move|p2a: Tapu Fini|Taunt|p1a: 攻撃＃2
|-start|p1a: 攻撃＃2|move: Taunt
|
|-heal|p2a: Tapu Fini|19/100|[from] item: Leftovers
|upkeep
|turn|13
|
|t:|1658910440
|move|p1a: 攻撃＃2|Air Slash|p2a: Tapu Fini
|-damage|p2a: Tapu Fini|0 fnt
|faint|p2a: Tapu Fini
|-ability|p1a: 攻撃＃2|Beast Boost|boost
|-boost|p1a: 攻撃＃2|spa|1
|
|upkeep
|
|t:|1658910442
|switch|p2a: Zeraora|Zeraora|100/100
|-damage|p2a: Zeraora|88/100|[from] Stealth Rock
|turn|14
|
|t:|1658910443
|move|p1a: 攻撃＃2|Flamethrower|p2a: Zeraora
|-damage|p2a: Zeraora|0 fnt
|faint|p2a: Zeraora
|-ability|p1a: 攻撃＃2|Beast Boost|boost
|-boost|p1a: 攻撃＃2|spa|1
|
|upkeep
|
|t:|1658910453
|switch|p2a: Mew|Mew|100/100
|-damage|p2a: Mew|88/100|[from] Stealth Rock
|turn|15
|-message|LT91BB Pineco forfeited.
|
|win|antarctozolt
|raw|antarctozolt's rating: 1759 &rarr; <strong>1773</strong><br />(+14 for winning)
|raw|LT91BB Pineco's rating: 1642 &rarr; <strong>1628</strong><br />(-14 for losing)
|l|☆LT91BB Pineco
|c|☆antarctozolt|gg
|c|☆antarctozolt|ur not qualifying
|j| CallMePrimal
