|j|☆Bassyxx
|j|☆Slyo
|t:|1599194097
|player|p1|Bassyxx|rocketgruntf|1176
|player|p2|Slyo|101|1119
|teamsize|p1|6
|teamsize|p2|6
|gametype|singles
|gen|8
|tier|[Gen 8] OU
|rated|
|clearpoke
|poke|p1|Rillaboom, F|
|poke|p1|Clawitzer, F|
|poke|p1|Grimmsnarl, M|
|poke|p1|Togekiss, M|
|poke|p1|Shuckle, F|
|poke|p1|Dragapult, M|
|poke|p2|Pelipper, F|
|poke|p2|Gengar, M|
|poke|p2|Excadrill, F|
|poke|p2|Torkoal, F|
|poke|p2|Blissey, F|
|poke|p2|Barraskewda, F|
|rule|Sleep Clause Mod: Limit one foe put to sleep
|rule|Species Clause: Limit one of each Pokémon
|rule|OHKO Clause: OHKO moves are banned
|rule|Evasion Moves Clause: Evasion moves are banned
|rule|Endless Battle Clause: Forcing endless battles is banned
|rule|HP Percentage Mod: HP is shown in percentages
|rule|Dynamax Clause: You cannot dynamax
|teampreview
|inactive|Battle timer is ON: inactive players will automatically lose when time's up. (requested by Bassyxx)
|
|t:|1599194120
|start
|switch|p1a: Shuckle|Shuckle, F|100/100
|switch|p2a: Pelipper|Pelipper, F|100/100
|-weather|RainDance|[from] ability: Drizzle|[of] p2a: Pelipper
|turn|1
|
|t:|1599194129
|move|p2a: Pelipper|Toxic|p1a: Shuckle
|-status|p1a: Shuckle|tox
|move|p1a: Shuckle|Sticky Web|p2a: Pelipper
|-sidestart|p2: Slyo|move: Sticky Web
|
|-weather|RainDance|[upkeep]
|-damage|p1a: Shuckle|94/100 tox|[from] psn
|upkeep
|turn|2
|
|t:|1599194141
|move|p2a: Pelipper|Scald|p1a: Shuckle
|-supereffective|p1a: Shuckle
|-crit|p1a: Shuckle
|-damage|p1a: Shuckle|5/100 tox
|-enditem|p1a: Shuckle|Red Card|[of] p2a: Pelipper
|drag|p2a: Torkoal|Torkoal, F|100/100
|-activate|p2a: Torkoal|move: Sticky Web
|-unboost|p2a: Torkoal|spe|1
|move|p1a: Shuckle|Stealth Rock|p2a: Torkoal
|-sidestart|p2: Slyo|move: Stealth Rock
|
|-weather|RainDance|[upkeep]
|-damage|p1a: Shuckle|0 fnt|[from] psn
|faint|p1a: Shuckle
|upkeep
|
|t:|1599194148
|switch|p1a: Clawitzer|Clawitzer, F|100/100
|turn|3
|
|t:|1599194161
|move|p1a: Clawitzer|Scald|p2a: Torkoal
|-supereffective|p2a: Torkoal
|-damage|p2a: Torkoal|0 fnt
|faint|p2a: Torkoal
|
|-weather|RainDance|[upkeep]
|upkeep
|
|t:|1599194170
|switch|p2a: Barraskewda|Barraskewda, F|100/100
|-activate|p2a: Barraskewda|move: Sticky Web
|-unboost|p2a: Barraskewda|spe|1
|-damage|p2a: Barraskewda|88/100|[from] Stealth Rock
|turn|4
|
|t:|1599194177
|move|p2a: Barraskewda|Poison Jab|p1a: Clawitzer
|-damage|p1a: Clawitzer|67/100
|move|p1a: Clawitzer|Scald|p2a: Barraskewda
|-resisted|p2a: Barraskewda
|-damage|p2a: Barraskewda|21/100
|
|-weather|RainDance|[upkeep]
|upkeep
|turn|5
|
|t:|1599194186
|move|p2a: Barraskewda|Waterfall|p1a: Clawitzer
|-resisted|p1a: Clawitzer
|-damage|p1a: Clawitzer|31/100
|move|p1a: Clawitzer|Scald|p2a: Barraskewda
|-resisted|p2a: Barraskewda
|-damage|p2a: Barraskewda|0 fnt
|faint|p2a: Barraskewda
|
|-weather|none
|upkeep
|
|t:|1599194200
|switch|p2a: Gengar|Gengar, M|100/100
|-activate|p2a: Gengar|move: Sticky Web
|-unboost|p2a: Gengar|spe|1
|-damage|p2a: Gengar|88/100|[from] Stealth Rock
|turn|6
|
|t:|1599194211
|move|p2a: Gengar|Giga Drain|p1a: Clawitzer
|-supereffective|p1a: Clawitzer
|-damage|p1a: Clawitzer|0 fnt
|-heal|p2a: Gengar|100/100|[from] drain|[of] p1a: Clawitzer
|-damage|p2a: Gengar|91/100|[from] item: Life Orb
|faint|p1a: Clawitzer
|
|upkeep
|
|t:|1599194214
|switch|p1a: Dragapult|Dragapult, M|100/100
|turn|7
|
|t:|1599194223
|switch|p2a: Pelipper|Pelipper, F|100/100
|-damage|p2a: Pelipper|76/100|[from] Stealth Rock
|-weather|RainDance|[from] ability: Drizzle|[of] p2a: Pelipper
|move|p1a: Dragapult|Thunder Wave|p2a: Pelipper
|-status|p2a: Pelipper|par
|
|-weather|RainDance|[upkeep]
|upkeep
|turn|8
|
|t:|1599194234
|move|p1a: Dragapult|U-turn|p2a: Pelipper
|-resisted|p2a: Pelipper
|-damage|p2a: Pelipper|64/100 par
|
|t:|1599194260
|switch|p1a: Grimmsnarl|Grimmsnarl, M|100/100|[from]move: U-turn
|move|p2a: Pelipper|Ice Beam|p1a: Grimmsnarl
|-damage|p1a: Grimmsnarl|73/100
|
|-weather|RainDance|[upkeep]
|upkeep
|turn|9
|
|t:|1599194274
|switch|p2a: Gengar|Gengar, M|91/100
|-damage|p2a: Gengar|78/100|[from] Stealth Rock
|-activate|p2a: Gengar|move: Sticky Web
|-unboost|p2a: Gengar|spe|1
|move|p1a: Grimmsnarl|Taunt|p2a: Gengar
|-start|p2a: Gengar|move: Taunt
|
|-weather|RainDance|[upkeep]
|upkeep
|turn|10
|
|t:|1599194285
|move|p1a: Grimmsnarl|Sucker Punch|p2a: Gengar
|-supereffective|p2a: Gengar
|-damage|p2a: Gengar|0 fnt
|-damage|p1a: Grimmsnarl|63/100|[from] item: Life Orb
|faint|p2a: Gengar
|
|-weather|RainDance|[upkeep]
|upkeep
|
|t:|1599194294
|switch|p2a: Pelipper|Pelipper, F|64/100 par
|-damage|p2a: Pelipper|39/100 par|[from] Stealth Rock
|turn|11
|
|t:|1599194299
|move|p1a: Grimmsnarl|Spirit Break|p2a: Pelipper
|-damage|p2a: Pelipper|0 fnt
|-damage|p1a: Grimmsnarl|54/100|[from] item: Life Orb
|faint|p2a: Pelipper
|
|-weather|none
|upkeep
|
|t:|1599194306
|switch|p2a: Excadrill|Excadrill, F|100/100
|-damage|p2a: Excadrill|97/100|[from] Stealth Rock
|-activate|p2a: Excadrill|move: Sticky Web
|-unboost|p2a: Excadrill|spe|1
|-ability|p2a: Excadrill|Mold Breaker
|turn|12
|
|t:|1599194317
|move|p2a: Excadrill|Poison Jab|p1a: Grimmsnarl
|-supereffective|p1a: Grimmsnarl
|-damage|p1a: Grimmsnarl|0 fnt
|faint|p1a: Grimmsnarl
|
|-heal|p2a: Excadrill|100/100|[from] item: Leftovers
|upkeep
|
|t:|1599194323
|switch|p1a: Rillaboom|Rillaboom, F|100/100
|-fieldstart|move: Grassy Terrain|[from] ability: Grassy Surge|[of] p1a: Rillaboom
|turn|13
|
|t:|1599194332
|switch|p2a: Blissey|Blissey, F|100/100
|-damage|p2a: Blissey|88/100|[from] Stealth Rock
|-activate|p2a: Blissey|move: Sticky Web
|-unboost|p2a: Blissey|spe|1
|move|p1a: Rillaboom|Fake Out|p2a: Blissey
|-damage|p2a: Blissey|56/100
|
|-heal|p2a: Blissey|63/100|[from] Grassy Terrain
|upkeep
|turn|14
|
|t:|1599194350
|move|p1a: Rillaboom|U-turn|p2a: Blissey
|-damage|p2a: Blissey|15/100
|-enditem|p2a: Blissey|Iapapa Berry|[eat]
|-heal|p2a: Blissey|47/100|[from] item: Iapapa Berry
|
|t:|1599194354
|switch|p1a: Dragapult|Dragapult, M|100/100|[from]move: U-turn
|move|p2a: Blissey|Flamethrower|p1a: Dragapult
|-resisted|p1a: Dragapult
|-damage|p1a: Dragapult|91/100
|-start|p2a: Blissey|Disable|Flamethrower|[from] ability: Cursed Body|[of] p1a: Dragapult
|
|-heal|p1a: Dragapult|97/100|[from] Grassy Terrain
|-heal|p2a: Blissey|54/100|[from] Grassy Terrain
|upkeep
|turn|15
|
|t:|1599194367
|move|p1a: Dragapult|U-turn|p2a: Blissey
|-damage|p2a: Blissey|18/100
|
|t:|1599194371
|switch|p1a: Togekiss|Togekiss, M|100/100|[from]move: U-turn
|move|p2a: Blissey|Wish|p2a: Blissey
|
|-heal|p2a: Blissey|24/100|[from] Grassy Terrain
|upkeep
|turn|16
|
|t:|1599194384
|move|p1a: Togekiss|Wish|p1a: Togekiss
|move|p2a: Blissey|Toxic|p1a: Togekiss
|-status|p1a: Togekiss|tox
|
|-heal|p2a: Blissey|74/100|[from] move: Wish|[wisher] Blissey
|-heal|p2a: Blissey|80/100|[from] Grassy Terrain
|-damage|p1a: Togekiss|94/100 tox|[from] psn
|upkeep
|turn|17
|
|t:|1599194395
|move|p1a: Togekiss|Air Slash|p2a: Blissey
|-damage|p2a: Blissey|68/100
|cant|p2a: Blissey|flinch
|
|-heal|p1a: Togekiss|100/100 tox|[from] move: Wish|[wisher] Togekiss
|-heal|p2a: Blissey|75/100|[from] Grassy Terrain
|-fieldend|move: Grassy Terrain
|-damage|p1a: Togekiss|88/100 tox|[from] psn
|-end|p2a: Blissey|Disable
|upkeep
|turn|18
|
|t:|1599194407
|move|p1a: Togekiss|Thunder Wave|p2a: Blissey
|-status|p2a: Blissey|par
|move|p2a: Blissey|Calm Mind|p2a: Blissey
|-boost|p2a: Blissey|spa|1
|-boost|p2a: Blissey|spd|1
|
|-heal|p1a: Togekiss|94/100 tox|[from] item: Leftovers
|-damage|p1a: Togekiss|76/100 tox|[from] psn
|upkeep
|turn|19
|
|t:|1599194418
|switch|p1a: Rillaboom|Rillaboom, F|100/100
|-fieldstart|move: Grassy Terrain|[from] ability: Grassy Surge|[of] p1a: Rillaboom
|move|p2a: Blissey|Calm Mind|p2a: Blissey
|-boost|p2a: Blissey|spa|1
|-boost|p2a: Blissey|spd|1
|
|-heal|p2a: Blissey|81/100 par|[from] Grassy Terrain
|upkeep
|turn|20
|
|t:|1599194428
|move|p1a: Rillaboom|Fake Out|p2a: Blissey
|-damage|p2a: Blissey|51/100 par
|cant|p2a: Blissey|flinch
|
|-heal|p2a: Blissey|58/100 par|[from] Grassy Terrain
|upkeep
|turn|21
|
|t:|1599194435
|move|p1a: Rillaboom|Knock Off|p2a: Blissey
|-damage|p2a: Blissey|10/100 par
|move|p2a: Blissey|Flamethrower|p1a: Rillaboom
|-supereffective|p1a: Rillaboom
|-damage|p1a: Rillaboom|26/100
|
|-heal|p1a: Rillaboom|32/100|[from] item: Leftovers
|-heal|p1a: Rillaboom|38/100|[from] Grassy Terrain
|-heal|p2a: Blissey|16/100 par|[from] Grassy Terrain
|upkeep
|turn|22
|
|t:|1599194448
|move|p1a: Rillaboom|U-turn|p2a: Blissey
|-damage|p2a: Blissey|0 fnt
|faint|p2a: Blissey
|
|t:|1599194451
|switch|p1a: Dragapult|Dragapult, M|97/100|[from]move: U-turn
|
|-heal|p1a: Dragapult|100/100|[from] Grassy Terrain
|upkeep
|
|t:|1599194457
|switch|p2a: Excadrill|Excadrill, F|100/100
|-damage|p2a: Excadrill|97/100|[from] Stealth Rock
|-activate|p2a: Excadrill|move: Sticky Web
|-unboost|p2a: Excadrill|spe|1
|-ability|p2a: Excadrill|Mold Breaker
|turn|23
|
|t:|1599194470
|move|p1a: Dragapult|Shadow Ball|p2a: Excadrill
|-damage|p2a: Excadrill|63/100
|move|p2a: Excadrill|Earthquake|p1a: Dragapult
|-damage|p1a: Dragapult|69/100
|
|-heal|p1a: Dragapult|75/100|[from] Grassy Terrain
|-heal|p2a: Excadrill|69/100|[from] item: Leftovers
|-heal|p2a: Excadrill|75/100|[from] Grassy Terrain
|-fieldend|move: Grassy Terrain
|upkeep
|turn|24
|
|t:|1599194481
|move|p1a: Dragapult|Shadow Ball|p2a: Excadrill
|-damage|p2a: Excadrill|36/100
|move|p2a: Excadrill|Swords Dance|p2a: Excadrill
|-boost|p2a: Excadrill|atk|2
|
|-heal|p2a: Excadrill|42/100|[from] item: Leftovers
|upkeep
|turn|25
|
|t:|1599194493
|move|p1a: Dragapult|Grudge|p1a: Dragapult
|-singlemove|p1a: Dragapult|Grudge
|move|p2a: Excadrill|Earthquake|p1a: Dragapult
|-crit|p1a: Dragapult
|-damage|p1a: Dragapult|0 fnt
|faint|p1a: Dragapult
|-activate|p2a: Excadrill|move: Grudge|Earthquake
|
|-heal|p2a: Excadrill|48/100|[from] item: Leftovers
|upkeep
|
|t:|1599194503
|switch|p1a: Rillaboom|Rillaboom, F|38/100
|-fieldstart|move: Grassy Terrain|[from] ability: Grassy Surge|[of] p1a: Rillaboom
|turn|26
|
|t:|1599194514
|move|p1a: Rillaboom|Fake Out|p2a: Excadrill
|-resisted|p2a: Excadrill
|-damage|p2a: Excadrill|37/100
|cant|p2a: Excadrill|flinch
|
|-heal|p1a: Rillaboom|44/100|[from] item: Leftovers
|-heal|p1a: Rillaboom|50/100|[from] Grassy Terrain
|-heal|p2a: Excadrill|43/100|[from] item: Leftovers
|-heal|p2a: Excadrill|49/100|[from] Grassy Terrain
|upkeep
|turn|27
|
|t:|1599194525
|move|p1a: Rillaboom|Grassy Glide|p2a: Excadrill
|-damage|p2a: Excadrill|0 fnt
|faint|p2a: Excadrill
|
|win|Bassyxx
|raw|Bassyxx's rating: 1176 &rarr; <strong>1197</strong><br />(+21 for winning)
|raw|Slyo's rating: 1119 &rarr; <strong>1098</strong><br />(-21 for losing)
|l|☆Slyo
