|html|<div class="broadcast-blue"><strong>[Gen 8] OU is currently suspecting Melmetal! For information on how to participate check out the <a href="https://www.smogon.com/forums/threads/np-ss-ou-suspect-process-round-12-monster-mash.3709234/">suspect thread</a>.</strong></div>
|j|☆Sombra Diurna
|j|☆minimax_ai
|t:|1666364238
|gametype|singles
|player|p1|Sombra Diurna|blue|1479
|player|p2|minimax_ai|lusamine-nihilego|1527
|teamsize|p1|6
|teamsize|p2|6
|gen|8
|tier|[Gen 8] OU
|rated|
|rule|Sleep Clause Mod: Limit one foe put to sleep
|rule|Species Clause: Limit one of each Pokémon
|rule|OHKO Clause: OHKO moves are banned
|rule|Evasion Items Clause: Evasion items are banned
|rule|Evasion Moves Clause: Evasion moves are banned
|rule|Endless Battle Clause: Forcing endless battles is banned
|rule|HP Percentage Mod: HP is shown in percentages
|rule|Dynamax Clause: You cannot dynamax
|clearpoke
|poke|p1|Marowak-Alola, M|
|poke|p1|Slowbro, M|
|poke|p1|Hatterene, F|
|poke|p1|Garchomp, M|
|poke|p1|Ferrothorn, M|
|poke|p1|Drampa, M|
|poke|p2|Rotom-Wash|
|poke|p2|Weavile, F|
|poke|p2|Landorus-Therian, M|
|poke|p2|Heatran, M|
|poke|p2|Tangrowth, F|
|poke|p2|Melmetal|
|teampreview
|c|☆minimax_ai|hf
|inactive|Battle timer is ON: inactive players will automatically lose when time's up. (requested by minimax_ai)
|
|t:|1666364256
|start
|switch|p1a: Falkor|Drampa, M|100/100
|switch|p2a: landorustherian|Landorus-Therian, M|100/100
|-ability|p2a: landorustherian|Intimidate|boost
|-unboost|p1a: Falkor|atk|1
|turn|1
|
|t:|1666364264
|move|p2a: landorustherian|U-turn|p1a: Falkor
|-damage|p1a: Falkor|77/100
|
|t:|1666364266
|switch|p2a: Heatran|Heatran, M|100/100|[from]move: U-turn
|-item|p2a: Heatran|Air Balloon
|move|p1a: Falkor|Ice Beam|p2a: Heatran
|-resisted|p2a: Heatran
|-damage|p2a: Heatran|92/100
|-status|p2a: Heatran|frz
|-enditem|p2a: Heatran|Air Balloon
|
|upkeep
|turn|2
|
|t:|1666364275
|cant|p2a: Heatran|frz
|move|p1a: Falkor|Focus Blast|p2a: Heatran|[miss]
|-miss|p1a: Falkor|p2a: Heatran
|
|upkeep
|turn|3
|
|t:|1666364280
|switch|p2a: Melmetal|Melmetal|100/100
|move|p1a: Falkor|Focus Blast|p2a: Melmetal|[miss]
|-miss|p1a: Falkor|p2a: Melmetal
|
|upkeep
|turn|4
|
|t:|1666364285
|switch|p1a: Thorns|Ferrothorn, M|100/100
|move|p2a: Melmetal|Earthquake|p1a: Thorns
|-damage|p1a: Thorns|73/100
|
|upkeep
|turn|5
|
|t:|1666364292
|switch|p2a: landorustherian|Landorus-Therian, M|100/100
|-ability|p2a: landorustherian|Intimidate|boost
|-unboost|p1a: Thorns|atk|1
|move|p1a: Thorns|Stealth Rock|p2a: landorustherian
|-sidestart|p2: minimax_ai|move: Stealth Rock
|
|upkeep
|turn|6
|
|t:|1666364299
|move|p2a: landorustherian|Earthquake|p1a: Thorns
|-damage|p1a: Thorns|39/100
|move|p1a: Thorns|Leech Seed|p2a: landorustherian
|-start|p2a: landorustherian|move: Leech Seed
|
|-damage|p2a: landorustherian|88/100|[from] Leech Seed|[of] p1a: Thorns
|-heal|p1a: Thorns|53/100|[silent]
|upkeep
|turn|7
|
|t:|1666364307
|move|p2a: landorustherian|Earthquake|p1a: Thorns
|-crit|p1a: Thorns
|-damage|p1a: Thorns|2/100
|move|p1a: Thorns|Gyro Ball|p2a: landorustherian
|-damage|p2a: landorustherian|61/100
|
|-heal|p2a: landorustherian|67/100|[from] item: Leftovers
|-damage|p2a: landorustherian|54/100|[from] Leech Seed|[of] p1a: Thorns
|-heal|p1a: Thorns|16/100|[silent]
|upkeep
|turn|8
|
|t:|1666364315
|switch|p1a: Sonso|Slowbro, M|100/100
|move|p2a: landorustherian|Earthquake|p1a: Sonso
|-damage|p1a: Sonso|75/100
|
|-heal|p2a: landorustherian|60/100|[from] item: Leftovers
|-damage|p2a: landorustherian|48/100|[from] Leech Seed|[of] p1a: Sonso
|-heal|p1a: Sonso|87/100|[silent]
|upkeep
|turn|9
|inactive|minimax_ai has 120 seconds left.
|inactive|minimax_ai has 90 seconds left.
|
|t:|1666364394
|move|p2a: landorustherian|Defog|p1a: Sonso
|-unboost|p1a: Sonso|evasion|1
|-sideend|p2: minimax_ai|Stealth Rock|[from] move: Defog|[of] p2a: landorustherian
|move|p1a: Sonso|Scald|p2a: landorustherian
|-supereffective|p2a: landorustherian
|-crit|p2a: landorustherian
|-damage|p2a: landorustherian|0 fnt
|faint|p2a: landorustherian
|
|upkeep
|
|t:|1666364395
|switch|p2a: Weavile|Weavile, F|100/100
|-ability|p2a: Weavile|Pressure
|turn|10
|
|t:|1666364405
|move|p2a: Weavile|Knock Off|p1a: Sonso
|-supereffective|p1a: Sonso
|-enditem|p1a: Sonso|Colbur Berry|[eat]
|-enditem|p1a: Sonso|Colbur Berry|[weaken]
|-damage|p1a: Sonso|44/100
|move|p1a: Sonso|Body Press|p2a: Weavile
|-supereffective|p2a: Weavile
|-damage|p2a: Weavile|0 fnt
|faint|p2a: Weavile
|
|upkeep
|
|t:|1666364405
|switch|p2a: Melmetal|Melmetal|100/100
|turn|11
|
|t:|1666364415
|switch|p2a: rotomwash|Rotom-Wash|100/100
|switch|p1a: Thorns|Ferrothorn, M|16/100
|
|upkeep
|turn|12
|
|t:|1666364421
|move|p2a: rotomwash|Hydro Pump|p1a: Thorns
|-resisted|p1a: Thorns
|-damage|p1a: Thorns|1/100
|move|p1a: Thorns|Power Whip|p2a: rotomwash
|-supereffective|p2a: rotomwash
|-damage|p2a: rotomwash|17/100
|
|-heal|p2a: rotomwash|23/100|[from] item: Leftovers
|upkeep
|turn|13
|
|t:|1666364435
|switch|p1a: Gorra|Hatterene, F, shiny|100/100
|move|p2a: rotomwash|Hydro Pump|p1a: Gorra
|-damage|p1a: Gorra|65/100
|
|-heal|p2a: rotomwash|29/100|[from] item: Leftovers
|upkeep
|turn|14
|
|t:|1666364442
|move|p2a: rotomwash|Thunderbolt|p1a: Gorra
|-damage|p1a: Gorra|34/100
|move|p1a: Gorra|Trick Room|p1a: Gorra
|-fieldstart|move: Trick Room|[of] p1a: Gorra
|
|-heal|p2a: rotomwash|36/100|[from] item: Leftovers
|upkeep
|turn|15
|
|t:|1666364449
|move|p1a: Gorra|Healing Wish|p1a: Gorra
|faint|p1a: Gorra
|move|p2a: rotomwash|Hydro Pump|p1: Gorra|[notarget]
|-fail|p2a: rotomwash
|
|-heal|p2a: rotomwash|42/100|[from] item: Leftovers
|upkeep
|
|t:|1666364454
|switch|p1a: Billy B.|Marowak-Alola, M, shiny|100/100
|turn|16
|
|t:|1666364470
|move|p1a: Billy B.|Flare Blitz|p2a: rotomwash
|-resisted|p2a: rotomwash
|-damage|p2a: rotomwash|0 fnt
|faint|p2a: rotomwash
|
|upkeep
|
|t:|1666364470
|switch|p2a: Melmetal|Melmetal|100/100
|turn|17
|
|t:|1666364476
|switch|p1a: Thorns|Ferrothorn, M|1/100
|-heal|p1a: Thorns|100/100|[from] move: Healing Wish
|move|p2a: Melmetal|Double Iron Bash|p1a: Thorns
|-resisted|p1a: Thorns
|-damage|p1a: Thorns|86/100
|-damage|p2a: Melmetal|88/100|[from] ability: Iron Barbs|[of] p1a: Thorns
|-resisted|p1a: Thorns
|-damage|p1a: Thorns|72/100
|-damage|p2a: Melmetal|76/100|[from] ability: Iron Barbs|[of] p1a: Thorns
|-hitcount|p1a: Thorns|2
|
|upkeep
|turn|18
|
|t:|1666364488
|switch|p1a: Billy B.|Marowak-Alola, M, shiny|100/100
|move|p2a: Melmetal|Earthquake|p1a: Billy B.
|-supereffective|p1a: Billy B.
|-damage|p1a: Billy B.|20/100
|
|-fieldend|move: Trick Room
|upkeep
|turn|19
|
|t:|1666364496
|switch|p2a: Heatran|Heatran, M|92/100 frz
|move|p1a: Billy B.|Flare Blitz|p2a: Heatran
|-start|p2a: Heatran|ability: Flash Fire
|
|upkeep
|turn|20
|
|t:|1666364503
|switch|p1a: Falkor|Drampa, M|77/100
|-curestatus|p2a: Heatran|frz|[msg]
|move|p2a: Heatran|Eruption|p1a: Falkor
|-resisted|p1a: Falkor
|-damage|p1a: Falkor|21/100
|-ability|p1a: Falkor|Berserk|boost
|-boost|p1a: Falkor|spa|1
|
|upkeep
|turn|21
|
|t:|1666364518
|switch|p1a: Thorns|Ferrothorn, M|72/100
|move|p2a: Heatran|Eruption|p1a: Thorns
|-supereffective|p1a: Thorns
|-damage|p1a: Thorns|0 fnt
|faint|p1a: Thorns
|
|upkeep
|
|t:|1666364525
|switch|p1a: Sharko|Garchomp, M|100/100
|turn|22
|
|t:|1666364531
|-end|p2a: Heatran|ability: Flash Fire|[silent]
|switch|p2a: Tangrowth|Tangrowth, F|100/100
|move|p1a: Sharko|Earthquake|p2a: Tangrowth
|-resisted|p2a: Tangrowth
|-damage|p2a: Tangrowth|86/100
|
|upkeep
|turn|23
|
|t:|1666364540
|switch|p1a: Sonso|Slowbro, M|77/100
|move|p2a: Tangrowth|Giga Drain|p1a: Sonso
|-supereffective|p1a: Sonso
|-damage|p1a: Sonso|15/100
|-heal|p2a: Tangrowth|100/100|[from] drain|[of] p1a: Sonso
|
|upkeep
|turn|24
|
|t:|1666364560
|move|p2a: Tangrowth|Knock Off|p1a: Sonso
|-supereffective|p1a: Sonso
|-damage|p1a: Sonso|0 fnt
|faint|p1a: Sonso
|
|upkeep
|
|t:|1666364564
|switch|p1a: Billy B.|Marowak-Alola, M, shiny|20/100
|turn|25
|
|t:|1666364568
|move|p1a: Billy B.|Flare Blitz|p2a: Tangrowth
|-supereffective|p2a: Tangrowth
|-damage|p2a: Tangrowth|3/100
|-damage|p1a: Billy B.|4/100|[from] item: Rocky Helmet|[of] p2a: Tangrowth
|move|p2a: Tangrowth|Knock Off|p1a: Billy B.
|-supereffective|p1a: Billy B.
|-crit|p1a: Billy B.
|-damage|p1a: Billy B.|0 fnt
|-enditem|p1a: Billy B.|Thick Club|[from] move: Knock Off|[of] p2a: Tangrowth
|faint|p1a: Billy B.
|
|upkeep
|
|t:|1666364577
|switch|p1a: Sharko|Garchomp, M|100/100
|turn|26
|
|t:|1666364584
|move|p1a: Sharko|Earthquake|p2a: Tangrowth
|-resisted|p2a: Tangrowth
|-damage|p2a: Tangrowth|0 fnt
|faint|p2a: Tangrowth
|
|upkeep
|
|t:|1666364584
|switch|p2a: Melmetal|Melmetal|76/100
|turn|27
|
|t:|1666364598
|move|p1a: Sharko|Earthquake|p2a: Melmetal
|-supereffective|p2a: Melmetal
|-damage|p2a: Melmetal|21/100
|move|p2a: Melmetal|Ice Punch|p1a: Sharko
|-supereffective|p1a: Sharko
|-damage|p1a: Sharko|0 fnt
|-damage|p2a: Melmetal|8/100|[from] ability: Rough Skin|[of] p1a: Sharko
|faint|p1a: Sharko
|
|upkeep
|-message|Sombra Diurna forfeited.
|
|win|minimax_ai
|raw|Sombra Diurna's rating: 1479 &rarr; <strong>1462</strong><br />(-17 for losing)
|raw|minimax_ai's rating: 1527 &rarr; <strong>1544</strong><br />(+17 for winning)
|c|☆minimax_ai|gg
|l|☆Sombra Diurna
