|j|☆Copland
|j|☆ultimategoogolplex
|t:|1667954652
|gametype|singles
|player|p1|Copland|guitarist|1665
|player|p2|ultimategoogolplex|1|1673
|teamsize|p1|6
|teamsize|p2|6
|gen|8
|tier|[Gen 8] OU
|rated|
|rule|Sleep Clause Mod: Limit one foe put to sleep
|rule|Species Clause: Limit one of each Pokémon
|rule|OHKO Clause: OHKO moves are banned
|rule|Evasion Items Clause: Evasion items are banned
|rule|Evasion Moves Clause: Evasion moves are banned
|rule|Endless Battle Clause: Forcing endless battles is banned
|rule|HP Percentage Mod: HP is shown in percentages
|rule|Dynamax Clause: You cannot dynamax
|clearpoke
|poke|p1|Urshifu-*, M|
|poke|p1|Melmetal|
|poke|p1|Landorus-Therian, M|
|poke|p1|Tapu Fini|
|poke|p1|Moltres-Galar|
|poke|p1|Slowking-Galar, M|
|poke|p2|Weavile, F|
|poke|p2|Volcanion|
|poke|p2|Zapdos|
|poke|p2|Landorus-Therian, M|
|poke|p2|Kartana|
|poke|p2|Melmetal|
|teampreview
|inactive|Battle timer is ON: inactive players will automatically lose when time's up. (requested by ultimategoogolplex)
|inactive|Copland has 120 seconds left.
|inactive|Copland has 90 seconds left.
|
|t:|1667954731
|start
|switch|p1a: Urshifu|Urshifu-Rapid-Strike, M|100/100
|switch|p2a: Kartana|Kartana|100/100
|turn|1
|
|t:|1667954753
|switch|p2a: Zapdos|Zapdos|100/100
|switch|p1a: Melmetal|Melmetal|100/100
|
|upkeep
|turn|2
|inactive|Copland has 120 seconds left.
|
|t:|1667954799
|move|p2a: Zapdos|Heat Wave|p1a: Melmetal
|-supereffective|p1a: Melmetal
|-damage|p1a: Melmetal|39/100
|move|p1a: Melmetal|Ice Punch|p2a: Zapdos
|-supereffective|p2a: Zapdos
|-damage|p2a: Zapdos|45/100
|-status|p1a: Melmetal|par|[from] ability: Static|[of] p2a: Zapdos
|
|-heal|p1a: Melmetal|45/100 par|[from] item: Leftovers
|upkeep
|turn|3
|
|t:|1667954808
|move|p2a: Zapdos|Roost|p2a: Zapdos
|-heal|p2a: Zapdos|95/100
|-singleturn|p2a: Zapdos|move: Roost
|move|p1a: Melmetal|Earthquake|p2a: Zapdos
|-supereffective|p2a: Zapdos
|-damage|p2a: Zapdos|24/100
|
|-heal|p1a: Melmetal|51/100 par|[from] item: Leftovers
|upkeep
|turn|4
|
|t:|1667954815
|switch|p1a: Landorus|Landorus-Therian, M|100/100
|-ability|p1a: Landorus|Intimidate|boost
|-unboost|p2a: Zapdos|atk|1
|move|p2a: Zapdos|Volt Switch|p1a: Landorus
|-immune|p1a: Landorus
|
|upkeep
|turn|5
|
|t:|1667954822
|switch|p2a: Landorus|Landorus-Therian, M|100/100
|-ability|p2a: Landorus|Intimidate|boost
|-unboost|p1a: Landorus|atk|1
|move|p1a: Landorus|Earthquake|p2a: Landorus
|-immune|p2a: Landorus
|
|upkeep
|turn|6
|j| t qwrhgaw
|inactive|Copland has 120 seconds left.
|
|t:|1667954830
|switch|p1a: Tapu Fini|Tapu Fini|100/100
|-fieldstart|move: Misty Terrain|[from] ability: Misty Surge|[of] p1a: Tapu Fini
|move|p2a: Landorus|Toxic|p1a: Tapu Fini
|-activate|p1a: Tapu Fini|move: Misty Terrain
|
|upkeep
|turn|7
|
|t:|1667954833
|switch|p2a: Volcanion|Volcanion|100/100
|move|p1a: Tapu Fini|Scald|p2a: Volcanion
|-immune|p2a: Volcanion|[from] ability: Water Absorb
|
|upkeep
|turn|8
|
|t:|1667954836
|switch|p2a: Weavile|Weavile, F|100/100
|-ability|p2a: Weavile|Pressure
|switch|p1a: Slowking|Slowking-Galar, M|100/100
|
|upkeep
|turn|9
|
|t:|1667954844
|move|p2a: Weavile|Triple Axel|p1a: Slowking
|-damage|p1a: Slowking|85/100
|-damage|p1a: Slowking|48/100
|-damage|p1a: Slowking|1/100
|-hitcount|p1a: Slowking|3
|move|p1a: Slowking|Trick|p2a: Weavile
|-activate|p1a: Slowking|move: Trick|[of] p2a: Weavile
|-item|p2a: Weavile|Black Sludge|[from] move: Trick
|-item|p1a: Slowking|Choice Band|[from] move: Trick
|
|-damage|p2a: Weavile|88/100|[from] item: Black Sludge
|upkeep
|turn|10
|
|t:|1667954854
|switch|p1a: Tapu Fini|Tapu Fini|100/100
|move|p2a: Weavile|Knock Off|p1a: Tapu Fini
|-resisted|p1a: Tapu Fini
|-damage|p1a: Tapu Fini|82/100
|-enditem|p1a: Tapu Fini|Leftovers|[from] move: Knock Off|[of] p2a: Weavile
|
|-damage|p2a: Weavile|76/100|[from] item: Black Sludge
|-fieldend|Misty Terrain
|upkeep
|turn|11
|
|t:|1667954859
|switch|p2a: Volcanion|Volcanion|100/100
|switch|p1a: Urshifu|Urshifu-Rapid-Strike, M|100/100
|
|upkeep
|turn|12
|
|t:|1667954865
|switch|p2a: Landorus|Landorus-Therian, M|100/100
|-ability|p2a: Landorus|Intimidate|boost
|-unboost|p1a: Urshifu|atk|1
|move|p1a: Urshifu|Close Combat|p2a: Landorus
|-resisted|p2a: Landorus
|-damage|p2a: Landorus|79/100
|-unboost|p1a: Urshifu|def|1
|-unboost|p1a: Urshifu|spd|1
|
|-heal|p2a: Landorus|85/100|[from] item: Leftovers
|upkeep
|turn|13
|
|t:|1667954870
|switch|p1a: Landorus|Landorus-Therian, M|100/100
|-ability|p1a: Landorus|Intimidate|boost
|-unboost|p2a: Landorus|atk|1
|move|p2a: Landorus|U-turn|p1a: Landorus
|-resisted|p1a: Landorus
|-damage|p1a: Landorus|93/100
|
|t:|1667954874
|switch|p2a: Weavile|Weavile, F|76/100|[from]move: U-turn
|-ability|p2a: Weavile|Pressure
|
|-damage|p2a: Weavile|63/100|[from] item: Black Sludge
|-heal|p1a: Landorus|99/100|[from] item: Leftovers
|upkeep
|turn|14
|
|t:|1667954879
|switch|p2a: Kartana|Kartana|100/100
|move|p1a: Landorus|Protect||[still]
|-fail|p1a: Landorus
|
|-heal|p1a: Landorus|100/100|[from] item: Leftovers
|upkeep
|turn|15
|
|t:|1667954886
|move|p1a: Landorus|Protect|p1a: Landorus
|-singleturn|p1a: Landorus|Protect
|move|p2a: Kartana|Leaf Blade|p1a: Landorus
|-activate|p1a: Landorus|move: Protect
|
|upkeep
|turn|16
|
|t:|1667954893
|switch|p2a: Landorus|Landorus-Therian, M|85/100
|-ability|p2a: Landorus|Intimidate|boost
|-unboost|p1a: Landorus|atk|1
|switch|p1a: Moltres|Moltres-Galar|100/100
|
|-heal|p2a: Landorus|91/100|[from] item: Leftovers
|upkeep
|turn|17
|
|t:|1667954897
|move|p1a: Moltres|Fiery Wrath|p2a: Landorus
|-damage|p2a: Landorus|18/100
|move|p2a: Landorus|Toxic|p1a: Moltres
|-status|p1a: Moltres|tox
|
|-heal|p2a: Landorus|24/100|[from] item: Leftovers
|-damage|p1a: Moltres|94/100 tox|[from] psn
|upkeep
|turn|18
|
|t:|1667954910
|move|p1a: Moltres|Fiery Wrath|p2a: Landorus
|-damage|p2a: Landorus|0 fnt
|faint|p2a: Landorus
|
|-damage|p1a: Moltres|82/100 tox|[from] psn
|upkeep
|
|t:|1667954912
|switch|p2a: Weavile|Weavile, F|63/100
|-ability|p2a: Weavile|Pressure
|turn|19
|
|t:|1667954921
|switch|p2a: Volcanion|Volcanion|100/100
|switch|p1a: Melmetal|Melmetal|51/100 par
|
|-heal|p1a: Melmetal|57/100 par|[from] item: Leftovers
|upkeep
|turn|20
|
|t:|1667954929
|move|p2a: Volcanion|Steam Eruption|p1a: Melmetal
|-damage|p1a: Melmetal|0 fnt
|faint|p1a: Melmetal
|
|upkeep
|
|t:|1667954937
|switch|p1a: Moltres|Moltres-Galar|82/100 tox
|turn|21
|
|t:|1667954940
|switch|p2a: Zapdos|Zapdos|24/100
|move|p1a: Moltres|Fiery Wrath|p2a: Zapdos
|-damage|p2a: Zapdos|0 fnt
|faint|p2a: Zapdos
|
|-damage|p1a: Moltres|76/100 tox|[from] psn
|upkeep
|
|t:|1667954942
|switch|p2a: Weavile|Weavile, F|63/100
|-ability|p2a: Weavile|Pressure
|turn|22
|
|t:|1667954946
|switch|p1a: Urshifu|Urshifu-Rapid-Strike, M|100/100
|move|p2a: Weavile|Triple Axel|p1a: Urshifu
|-resisted|p1a: Urshifu
|-damage|p1a: Urshifu|95/100
|-resisted|p1a: Urshifu
|-damage|p1a: Urshifu|84/100
|-resisted|p1a: Urshifu
|-damage|p1a: Urshifu|66/100
|-hitcount|p1a: Urshifu|3
|
|-damage|p2a: Weavile|51/100|[from] item: Black Sludge
|upkeep
|turn|23
|j| Urdnot wren
|j| Terry B bestdlc
|
|t:|1667954966
|move|p2a: Weavile|Triple Axel|p1a: Urshifu
|-resisted|p1a: Urshifu
|-damage|p1a: Urshifu|60/100
|-resisted|p1a: Urshifu
|-damage|p1a: Urshifu|49/100
|-resisted|p1a: Urshifu
|-damage|p1a: Urshifu|32/100
|-hitcount|p1a: Urshifu|3
|move|p1a: Urshifu|Close Combat|p2a: Weavile
|-supereffective|p2a: Weavile
|-damage|p2a: Weavile|0 fnt
|-unboost|p1a: Urshifu|def|1
|-unboost|p1a: Urshifu|spd|1
|faint|p2a: Weavile
|
|upkeep
|
|t:|1667954975
|switch|p2a: Kartana|Kartana|100/100
|turn|24
|
|t:|1667954982
|switch|p1a: Slowking|Slowking-Galar, M|34/100
|move|p2a: Kartana|Smart Strike|p1a: Slowking
|-damage|p1a: Slowking|0 fnt
|faint|p1a: Slowking
|-ability|p2a: Kartana|Beast Boost|boost
|-boost|p2a: Kartana|atk|1
|
|upkeep
|
|t:|1667954988
|switch|p1a: Landorus|Landorus-Therian, M|100/100
|-ability|p1a: Landorus|Intimidate|boost
|-unboost|p2a: Kartana|atk|1
|turn|25
|
|t:|1667954993
|move|p2a: Kartana|Smart Strike|p1a: Landorus
|-damage|p1a: Landorus|57/100
|move|p1a: Landorus|Earthquake|p2a: Kartana
|-damage|p2a: Kartana|52/100
|
|-heal|p1a: Landorus|63/100|[from] item: Leftovers
|upkeep
|turn|26
|
|t:|1667954999
|move|p1a: Landorus|Protect|p1a: Landorus
|-singleturn|p1a: Landorus|Protect
|move|p2a: Kartana|Smart Strike|p1a: Landorus
|-activate|p1a: Landorus|move: Protect
|
|-heal|p1a: Landorus|69/100|[from] item: Leftovers
|upkeep
|turn|27
|
|t:|1667955002
|move|p2a: Kartana|Smart Strike|p1a: Landorus
|-damage|p1a: Landorus|23/100
|move|p1a: Landorus|Earthquake|p2a: Kartana
|-damage|p2a: Kartana|6/100
|
|-heal|p1a: Landorus|29/100|[from] item: Leftovers
|upkeep
|turn|28
|
|t:|1667955007
|move|p1a: Landorus|Protect|p1a: Landorus
|-singleturn|p1a: Landorus|Protect
|move|p2a: Kartana|Smart Strike|p1a: Landorus
|-activate|p1a: Landorus|move: Protect
|
|-heal|p1a: Landorus|35/100|[from] item: Leftovers
|upkeep
|turn|29
|
|t:|1667955010
|move|p2a: Kartana|Smart Strike|p1a: Landorus
|-damage|p1a: Landorus|0 fnt
|faint|p1a: Landorus
|-ability|p2a: Kartana|Beast Boost|boost
|-boost|p2a: Kartana|atk|1
|
|upkeep
|
|t:|1667955013
|switch|p1a: Urshifu|Urshifu-Rapid-Strike, M|32/100
|turn|30
|
|t:|1667955027
|move|p2a: Kartana|Smart Strike|p1a: Urshifu
|-resisted|p1a: Urshifu
|-damage|p1a: Urshifu|0 fnt
|faint|p1a: Urshifu
|-ability|p2a: Kartana|Beast Boost|boost
|-boost|p2a: Kartana|atk|1
|
|upkeep
|c|☆Copland|gg
|-message|Copland forfeited.
|
|win|ultimategoogolplex
|raw|Copland's rating: 1665 &rarr; <strong>1645</strong><br />(-20 for losing)
|raw|ultimategoogolplex's rating: 1673 &rarr; <strong>1693</strong><br />(+20 for winning)
|l|☆Copland
