|j|☆Pinapple321
|j|☆TRowePrice
|inactive|Battle timer is ON: inactive players will automatically lose when time's up.
|t:|1662586696
|gametype|singles
|player|p1|Pinapple321|dawn|
|player|p2|TRowePrice|265|
|teamsize|p1|6
|teamsize|p2|6
|gen|8
|tier|[Gen 8] OU
|rated|Tournament battle
|rule|Sleep Clause Mod: Limit one foe put to sleep
|rule|Species Clause: Limit one of each Pokémon
|rule|OHKO Clause: OHKO moves are banned
|rule|Evasion Items Clause: Evasion items are banned
|rule|Evasion Moves Clause: Evasion moves are banned
|rule|Endless Battle Clause: Forcing endless battles is banned
|rule|HP Percentage Mod: HP is shown in percentages
|rule|Dynamax Clause: You cannot dynamax
|clearpoke
|poke|p1|Incineroar, F|
|poke|p1|Corviknight, M|
|poke|p1|Dragapult, F|
|poke|p1|Landorus-Therian, M|
|poke|p1|Slowking, M|
|poke|p1|Tapu Lele|
|poke|p2|Ninetales-Alola, F|
|poke|p2|Corviknight, F|
|poke|p2|Arctozolt|
|poke|p2|Volcanion|
|poke|p2|Landorus-Therian, M|
|poke|p2|Tornadus-Therian, M|
|teampreview
|j|*Lady Monita
|j| Shuckle15
|
|t:|1662586725
|start
|switch|p1a: Incineroar|Incineroar, F|100/100
|switch|p2a: Landorus|Landorus-Therian, M|100/100
|-ability|p2a: Landorus|Intimidate|boost
|-unboost|p1a: Incineroar|atk|1
|-ability|p1a: Incineroar|Intimidate|boost
|-unboost|p2a: Landorus|atk|1
|turn|1
|j| EGAWalreins
|j| goinforasmoke
|
|t:|1662586741
|switch|p1a: Corviknight|Corviknight, M|100/100
|-ability|p1a: Corviknight|Pressure
|move|p2a: Landorus|U-turn|p1a: Corviknight
|-resisted|p1a: Corviknight
|-damage|p1a: Corviknight|98/100
|-damage|p2a: Landorus|84/100|[from] item: Rocky Helmet|[of] p1a: Corviknight
|
|t:|1662586750
|switch|p2a: Volcanion|Volcanion|100/100|[from]move: U-turn
|
|upkeep
|turn|2
|j| MysticJJustin
|l| MysticJJustin
|
|t:|1662586774
|switch|p1a: Slowking|Slowking, M|100/100
|move|p2a: Volcanion|Steam Eruption|p1a: Slowking
|-resisted|p1a: Slowking
|-damage|p1a: Slowking|76/100
|
|upkeep
|turn|3
|inactive|TRowePrice has 120 seconds left.
|
|t:|1662586796
|switch|p2a: Tornadus|Tornadus-Therian, M|100/100
|move|p1a: Slowking|Future Sight|p2a: Tornadus
|-start|p1a: Slowking|move: Future Sight
|
|upkeep
|turn|4
|
|t:|1662586802
|move|p2a: Tornadus|Knock Off|p1a: Slowking
|-supereffective|p1a: Slowking
|-damage|p1a: Slowking|35/100
|-enditem|p1a: Slowking|Heavy-Duty Boots|[from] move: Knock Off|[of] p2a: Tornadus
|move|p1a: Slowking|Teleport|p1a: Slowking
|
|t:|1662586809
|switch|p1a: Landorus|Landorus-Therian, M|100/100|[from]move: Teleport
|-ability|p1a: Landorus|Intimidate|boost
|-unboost|p2a: Tornadus|atk|1
|
|upkeep
|turn|5
|inactive|TRowePrice has 120 seconds left.
|
|t:|1662586833
|switch|p2a: Corviknight|Corviknight, F|100/100
|-ability|p2a: Corviknight|Pressure
|move|p1a: Landorus|Stealth Rock|p2a: Corviknight
|-sidestart|p2: TRowePrice|move: Stealth Rock
|
|-end|p2a: Corviknight|move: Future Sight
|-resisted|p2a: Corviknight
|-damage|p2a: Corviknight|79/100
|upkeep
|turn|6
|
|t:|1662586842
|switch|p1a: Incineroar|Incineroar, F|100/100
|-ability|p1a: Incineroar|Intimidate|boost
|-unboost|p2a: Corviknight|atk|1
|move|p2a: Corviknight|Defog|p1a: Incineroar
|-unboost|p1a: Incineroar|evasion|1
|-sideend|p2: TRowePrice|Stealth Rock|[from] move: Defog|[of] p2a: Corviknight
|
|upkeep
|turn|7
|inactive|TRowePrice has 120 seconds left.
|
|t:|1662586859
|switch|p2a: Landorus|Landorus-Therian, M|84/100
|-ability|p2a: Landorus|Intimidate|boost
|-unboost|p1a: Incineroar|atk|1
|move|p1a: Incineroar|Earthquake|p2a: Landorus
|-immune|p2a: Landorus
|
|-heal|p2a: Landorus|90/100|[from] item: Leftovers
|upkeep
|turn|8
|inactive|TRowePrice has 120 seconds left.
|
|t:|1662586878
|switch|p1a: Corviknight|Corviknight, M|98/100
|-ability|p1a: Corviknight|Pressure
|move|p2a: Landorus|U-turn|p1a: Corviknight
|-resisted|p1a: Corviknight
|-damage|p1a: Corviknight|95/100
|-damage|p2a: Landorus|73/100|[from] item: Rocky Helmet|[of] p1a: Corviknight
|
|t:|1662586886
|switch|p2a: Volcanion|Volcanion|100/100|[from]move: U-turn
|
|upkeep
|turn|9
|inactive|TRowePrice has 120 seconds left.
|j| serperiorpro
|
|t:|1662586908
|switch|p1a: Slowking|Slowking, M|68/100
|move|p2a: Volcanion|Sludge Wave|p1a: Slowking
|-damage|p1a: Slowking|40/100
|
|upkeep
|turn|10
|
|t:|1662586921
|switch|p2a: Tornadus|Tornadus-Therian, M|100/100
|move|p1a: Slowking|Teleport|p1a: Slowking
|
|t:|1662586942
|switch|p1a: Incineroar|Incineroar, F|100/100|[from]move: Teleport
|-ability|p1a: Incineroar|Intimidate|boost
|-unboost|p2a: Tornadus|atk|1
|
|upkeep
|turn|11
|j| Kouvola
|
|t:|1662586961
|move|p2a: Tornadus|U-turn|p1a: Incineroar
|-damage|p1a: Incineroar|92/100
|
|t:|1662586964
|switch|p2a: Landorus|Landorus-Therian, M|73/100|[from]move: U-turn
|-ability|p2a: Landorus|Intimidate|boost
|-unboost|p1a: Incineroar|atk|1
|move|p1a: Incineroar|Knock Off|p2a: Landorus
|-damage|p2a: Landorus|28/100
|-enditem|p2a: Landorus|Leftovers|[from] move: Knock Off|[of] p1a: Incineroar
|
|upkeep
|turn|12
|j| JT the master
|l| JT the master
|inactive|TRowePrice has 90 seconds left.
|
|t:|1662586996
|switch|p2a: Arctozolt|Arctozolt|100/100
|switch|p1a: Corviknight|Corviknight, M|95/100
|-ability|p1a: Corviknight|Pressure
|
|upkeep
|turn|13
|inactive|TRowePrice has 90 seconds left.
|
|t:|1662587013
|switch|p1a: Incineroar|Incineroar, F|92/100
|-ability|p1a: Incineroar|Intimidate|boost
|-unboost|p2a: Arctozolt|atk|1
|move|p2a: Arctozolt|Bolt Beak|p1a: Incineroar
|-damage|p1a: Incineroar|45/100
|
|upkeep
|turn|14
|inactive|TRowePrice has 90 seconds left.
|
|t:|1662587033
|move|p2a: Arctozolt|Bolt Beak|p1a: Incineroar
|-damage|p1a: Incineroar|0 fnt
|faint|p1a: Incineroar
|
|upkeep
|
|t:|1662587036
|switch|p1a: Dragapult|Dragapult, F|100/100
|turn|15
|j| BulletRain27
|inactive|TRowePrice has 90 seconds left.
|
|t:|1662587049
|switch|p2a: Tornadus|Tornadus-Therian, M|100/100
|move|p1a: Dragapult|Shadow Ball|p2a: Tornadus
|-damage|p2a: Tornadus|64/100
|
|upkeep
|turn|16
|l| BulletRain27
|inactive|TRowePrice has 90 seconds left.
|
|t:|1662587056
|switch|p1a: Slowking|Slowking, M|73/100
|move|p2a: Tornadus|Knock Off|p1a: Slowking
|-supereffective|p1a: Slowking
|-crit|p1a: Slowking
|-damage|p1a: Slowking|30/100
|
|upkeep
|turn|17
|inactive|TRowePrice has 90 seconds left.
|
|t:|1662587071
|move|p2a: Tornadus|U-turn|p1a: Slowking
|-supereffective|p1a: Slowking
|-damage|p1a: Slowking|0 fnt
|faint|p1a: Slowking
|inactive|TRowePrice has 90 seconds left.
|j| Bradls
|
|t:|1662587080
|switch|p2a: Ninetales|Ninetales-Alola, F|100/100|[from]move: U-turn
|-weather|Hail|[from] ability: Snow Warning|[of] p2a: Ninetales
|
|-weather|Hail|[upkeep]
|upkeep
|
|t:|1662587086
|switch|p1a: Tapu Lele|Tapu Lele|100/100
|-fieldstart|move: Psychic Terrain|[from] ability: Psychic Surge|[of] p1a: Tapu Lele
|turn|18
|
|t:|1662587100
|move|p1a: Tapu Lele|Psychic|p2a: Ninetales
|-damage|p2a: Ninetales|39/100
|move|p2a: Ninetales|Aurora Veil|p2a: Ninetales
|-sidestart|p2: TRowePrice|move: Aurora Veil
|
|-weather|Hail|[upkeep]
|-damage|p1a: Tapu Lele|94/100|[from] Hail
|upkeep
|turn|19
|j| Koolcreatorx
|inactive|TRowePrice has 90 seconds left.
|
|t:|1662587116
|move|p1a: Tapu Lele|Psychic|p2a: Ninetales
|-damage|p2a: Ninetales|11/100
|move|p2a: Ninetales|Pain Split|p1a: Tapu Lele
|-sethp|p1a: Tapu Lele|54/100|[from] move: Pain Split|[silent]
|-sethp|p2a: Ninetales|44/100|[from] move: Pain Split
|
|-weather|Hail|[upkeep]
|-damage|p1a: Tapu Lele|48/100|[from] Hail
|upkeep
|turn|20
|inactive|TRowePrice has 90 seconds left.
|
|t:|1662587137
|switch|p2a: Tornadus|Tornadus-Therian, M|98/100
|move|p1a: Tapu Lele|Psychic|p2a: Tornadus
|-damage|p2a: Tornadus|76/100
|
|-weather|Hail|[upkeep]
|-damage|p1a: Tapu Lele|42/100|[from] Hail
|-damage|p2a: Tornadus|70/100|[from] Hail
|upkeep
|turn|21
|
|t:|1662587150
|switch|p1a: Landorus|Landorus-Therian, M|100/100
|-ability|p1a: Landorus|Intimidate|boost
|-unboost|p2a: Tornadus|atk|1
|move|p2a: Tornadus|Knock Off|p1a: Landorus
|-damage|p1a: Landorus|87/100
|-enditem|p1a: Landorus|Leftovers|[from] move: Knock Off|[of] p2a: Tornadus
|
|-weather|Hail|[upkeep]
|-damage|p2a: Tornadus|64/100|[from] Hail
|-damage|p1a: Landorus|81/100|[from] Hail
|upkeep
|turn|22
|
|t:|1662587159
|move|p2a: Tornadus|Weather Ball|p1a: Landorus
|-supereffective|p1a: Landorus
|-damage|p1a: Landorus|13/100
|move|p1a: Landorus|Stealth Rock|p2a: Tornadus
|-sidestart|p2: TRowePrice|move: Stealth Rock
|
|-weather|Hail|[upkeep]
|-damage|p2a: Tornadus|58/100|[from] Hail
|-damage|p1a: Landorus|7/100|[from] Hail
|-sideend|p2: TRowePrice|move: Aurora Veil
|-fieldend|move: Psychic Terrain
|upkeep
|turn|23
|inactive|TRowePrice has 90 seconds left.
|j| abcaba
|
|t:|1662587189
|move|p2a: Tornadus|Weather Ball|p1a: Landorus
|-supereffective|p1a: Landorus
|-damage|p1a: Landorus|0 fnt
|faint|p1a: Landorus
|
|-weather|Hail|[upkeep]
|-damage|p2a: Tornadus|51/100|[from] Hail
|upkeep
|j| BulletRain27
|l| abcaba
|
|t:|1662587198
|switch|p1a: Tapu Lele|Tapu Lele|42/100
|-fieldstart|move: Psychic Terrain|[from] ability: Psychic Surge|[of] p1a: Tapu Lele
|turn|24
|j| abcaba
|inactive|TRowePrice has 60 seconds left.
|l| abcaba
|
|t:|1662587227
|switch|p2a: Landorus|Landorus-Therian, M|28/100
|-damage|p2a: Landorus|16/100|[from] Stealth Rock
|-ability|p2a: Landorus|Intimidate|boost
|-unboost|p1a: Tapu Lele|atk|1
|move|p1a: Tapu Lele|Psyshock|p2a: Landorus
|-damage|p2a: Landorus|0 fnt
|faint|p2a: Landorus
|
|-weather|none
|upkeep
|
|t:|1662587236
|switch|p2a: Corviknight|Corviknight, F|79/100
|-damage|p2a: Corviknight|67/100|[from] Stealth Rock
|-ability|p2a: Corviknight|Pressure
|turn|25
|inactive|TRowePrice has 60 seconds left.
|
|t:|1662587241
|switch|p1a: Dragapult|Dragapult, F|100/100
|move|p2a: Corviknight|Defog|p1a: Dragapult
|-unboost|p1a: Dragapult|evasion|1
|-sideend|p2: TRowePrice|Stealth Rock|[from] move: Defog|[of] p2a: Corviknight
|-fieldend|move: Psychic Terrain
|
|upkeep
|turn|26
|inactive|TRowePrice has 60 seconds left.
|j| Griffballfrenzy
|
|t:|1662587256
|switch|p2a: Tornadus|Tornadus-Therian, M|85/100
|move|p1a: Dragapult|Thunderbolt|p2a: Tornadus
|-supereffective|p2a: Tornadus
|-damage|p2a: Tornadus|29/100
|
|upkeep
|turn|27
|inactive|TRowePrice has 60 seconds left.
|
|t:|1662587276
|switch|p1a: Tapu Lele|Tapu Lele|42/100
|-fieldstart|move: Psychic Terrain|[from] ability: Psychic Surge|[of] p1a: Tapu Lele
|switch|p2a: Ninetales|Ninetales-Alola, F|44/100
|-weather|Hail|[from] ability: Snow Warning|[of] p2a: Ninetales
|
|-weather|Hail|[upkeep]
|-damage|p1a: Tapu Lele|36/100|[from] Hail
|upkeep
|turn|28
|l| Griffballfrenzy
|l| Bradls
|
|t:|1662587292
|switch|p2a: Corviknight|Corviknight, F|67/100
|-ability|p2a: Corviknight|Pressure
|move|p1a: Tapu Lele|Psychic|p2a: Corviknight
|-resisted|p2a: Corviknight
|-damage|p2a: Corviknight|35/100
|
|-weather|Hail|[upkeep]
|-damage|p1a: Tapu Lele|30/100|[from] Hail
|-damage|p2a: Corviknight|29/100|[from] Hail
|upkeep
|turn|29
|inactive|TRowePrice has 30 seconds left.
|inactive|TRowePrice has 20 seconds left.
|inactive|TRowePrice has 15 seconds left.
|
|t:|1662587335
|move|p1a: Tapu Lele|Psychic|p2a: Corviknight
|-resisted|p2a: Corviknight
|-damage|p2a: Corviknight|2/100
|move|p2a: Corviknight|U-turn|p1a: Tapu Lele
|-damage|p1a: Tapu Lele|6/100
|inactive|TRowePrice has 20 seconds left this turn.
|inactive|TRowePrice has 15 seconds left.
|
|t:|1662587342
|switch|p2a: Arctozolt|Arctozolt|100/100|[from]move: U-turn
|
|-weather|Hail|[upkeep]
|-damage|p1a: Tapu Lele|0 fnt|[from] Hail
|faint|p1a: Tapu Lele
|upkeep
|inactive|TRowePrice has 20 seconds left this turn.
|c|☆Pinapple321|Gg
|
|t:|1662587352
|switch|p1a: Corviknight|Corviknight, M|95/100
|-ability|p1a: Corviknight|Pressure
|turn|30
|inactive|TRowePrice has 30 seconds left this turn.
|
|t:|1662587356
|move|p2a: Arctozolt|Bolt Beak|p1a: Corviknight
|-supereffective|p1a: Corviknight
|-damage|p1a: Corviknight|9/100
|-damage|p2a: Arctozolt|84/100|[from] item: Rocky Helmet|[of] p1a: Corviknight
|move|p1a: Corviknight|Body Press|p2a: Arctozolt
|-supereffective|p2a: Arctozolt
|-damage|p2a: Arctozolt|27/100
|
|-weather|Hail|[upkeep]
|-damage|p1a: Corviknight|3/100|[from] Hail
|-heal|p2a: Arctozolt|33/100|[from] item: Leftovers
|upkeep
|turn|31
|inactive|TRowePrice has 30 seconds left.
|
|t:|1662587368
|move|p2a: Arctozolt|Blizzard|p1a: Corviknight
|-damage|p1a: Corviknight|0 fnt
|faint|p1a: Corviknight
|
|-weather|Hail|[upkeep]
|-heal|p2a: Arctozolt|39/100|[from] item: Leftovers
|-fieldend|move: Psychic Terrain
|upkeep
|
|t:|1662587370
|switch|p1a: Dragapult|Dragapult, F|100/100
|turn|32
|j| Bradls
|
|t:|1662587376
|move|p2a: Arctozolt|Blizzard|p1a: Dragapult
|-supereffective|p1a: Dragapult
|-damage|p1a: Dragapult|0 fnt
|faint|p1a: Dragapult
|
|win|TRowePrice
|n|☆Pinapple321|pinapple321
|n|☆TRowePrice|troweprice
|n|*Lady Monita|ladymonita
|n| Shuckle15|shuckle15
|n| EGAWalreins|egawalreins
|n| goinforasmoke|goinforasmoke
|n| serperiorpro|serperiorpro
|n| Kouvola|kouvola
|n| Koolcreatorx|koolcreatorx
|n| BulletRain27|bulletrain27
|n| Bradls|bradls
