|raw|<div class="broadcast-blue"><strong>This battle is required to be public due to a player having a name starting with 'lt93oq'.</div>
|j|☆LT93OQ nuoyan
|j|‽kinetic chain
|t:|1660516770
|gametype|singles
|player|p1|LT93OQ nuoyan|dawn|1801
|player|p2|kinetic chain|silver-gen2|1827
|teamsize|p1|6
|teamsize|p2|6
|gen|8
|tier|[Gen 8] OU
|rated|
|rule|Sleep Clause Mod: Limit one foe put to sleep
|rule|Species Clause: Limit one of each Pokémon
|rule|OHKO Clause: OHKO moves are banned
|rule|Evasion Items Clause: Evasion items are banned
|rule|Evasion Moves Clause: Evasion moves are banned
|rule|Endless Battle Clause: Forcing endless battles is banned
|rule|HP Percentage Mod: HP is shown in percentages
|rule|Dynamax Clause: You cannot dynamax
|clearpoke
|poke|p1|Tornadus-Therian, M|
|poke|p1|Corviknight, M|
|poke|p1|Chansey, F|
|poke|p1|Quagsire, M|
|poke|p1|Toxapex, F|
|poke|p1|Tangrowth, M|
|poke|p2|Dragapult, F|
|poke|p2|Tapu Lele|
|poke|p2|Ferrothorn, M|
|poke|p2|Heatran, M|
|poke|p2|Landorus-Therian, M|
|poke|p2|Tornadus-Therian, M|
|teampreview
|inactive|Battle timer is ON: inactive players will automatically lose when time's up. (requested by LT93OQ nuoyan)
|
|t:|1660516789
|start
|switch|p1a: Quagsire|Quagsire, M|100/100
|switch|p2a: Ferrothorn|Ferrothorn, M|100/100
|turn|1
|
|t:|1660516797
|switch|p1a: Toxapex|Toxapex, F|100/100
|move|p2a: Ferrothorn|Knock Off|p1a: Toxapex
|-damage|p1a: Toxapex|84/100
|-enditem|p1a: Toxapex|Shed Shell|[from] move: Knock Off|[of] p2a: Ferrothorn
|
|upkeep
|turn|2
|
|t:|1660516802
|switch|p2a: Tapu Lele|Tapu Lele|100/100
|-fieldstart|move: Psychic Terrain|[from] ability: Psychic Surge|[of] p2a: Tapu Lele
|move|p1a: Toxapex|Knock Off|p2a: Tapu Lele
|-damage|p2a: Tapu Lele|76/100
|-enditem|p2a: Tapu Lele|Choice Scarf|[from] move: Knock Off|[of] p1a: Toxapex
|
|upkeep
|turn|3
|j| playa13
|l| playa13
|j| Nuzzload
|
|t:|1660516816
|switch|p1a: Chansey|Chansey, F|100/100
|move|p2a: Tapu Lele|Psychic|p1a: Chansey
|-damage|p1a: Chansey|81/100
|
|upkeep
|turn|4
|
|t:|1660516822
|switch|p2a: Ferrothorn|Ferrothorn, M|100/100
|move|p1a: Chansey|Stealth Rock|p2a: Ferrothorn
|-sidestart|p2: kinetic chain|move: Stealth Rock
|
|upkeep
|turn|5
|
|t:|1660516826
|switch|p1a: Toxapex|Toxapex, F|100/100
|move|p2a: Ferrothorn|Spikes|p1a: Toxapex
|-sidestart|p1: LT93OQ nuoyan|Spikes
|
|upkeep
|turn|6
|
|t:|1660516828
|move|p1a: Toxapex|Toxic Spikes|p2a: Ferrothorn
|-sidestart|p2: kinetic chain|move: Toxic Spikes
|move|p2a: Ferrothorn|Spikes|p1a: Toxapex
|-sidestart|p1: LT93OQ nuoyan|Spikes
|
|-fieldend|move: Psychic Terrain
|upkeep
|turn|7
|
|t:|1660516832
|move|p1a: Toxapex|Toxic Spikes|p2a: Ferrothorn
|-sidestart|p2: kinetic chain|move: Toxic Spikes
|move|p2a: Ferrothorn|Spikes|p1a: Toxapex
|-sidestart|p1: LT93OQ nuoyan|Spikes
|
|upkeep
|turn|8
|l| Nuzzload
|
|t:|1660516836
|move|p1a: Toxapex|Knock Off|p2a: Ferrothorn
|-damage|p2a: Ferrothorn|91/100
|-damage|p1a: Toxapex|88/100|[from] ability: Iron Barbs|[of] p2a: Ferrothorn
|-enditem|p2a: Ferrothorn|Leftovers|[from] move: Knock Off|[of] p1a: Toxapex
|move|p2a: Ferrothorn|Leech Seed|p1a: Toxapex
|-start|p1a: Toxapex|move: Leech Seed
|
|-damage|p1a: Toxapex|76/100|[from] Leech Seed|[of] p2a: Ferrothorn
|-heal|p2a: Ferrothorn|100/100|[silent]
|upkeep
|turn|9
|j| StupidIdiotMe
|
|t:|1660516839
|switch|p1a: Tangrowth|Tangrowth, M|100/100
|-damage|p1a: Tangrowth|76/100|[from] Spikes
|move|p2a: Ferrothorn|Knock Off|p1a: Tangrowth
|-damage|p1a: Tangrowth|63/100
|-enditem|p1a: Tangrowth|Assault Vest|[from] move: Knock Off|[of] p2a: Ferrothorn
|
|upkeep
|turn|10
|
|t:|1660516846
|switch|p2a: Landorus|Landorus-Therian, M|100/100
|-damage|p2a: Landorus|88/100|[from] Stealth Rock
|-ability|p2a: Landorus|Intimidate|boost
|-unboost|p1a: Tangrowth|atk|1
|move|p1a: Tangrowth|Knock Off|p2a: Landorus
|-damage|p2a: Landorus|74/100
|-enditem|p2a: Landorus|Leftovers|[from] move: Knock Off|[of] p1a: Tangrowth
|
|upkeep
|turn|11
|
|t:|1660516853
|move|p2a: Landorus|Stealth Rock|p1a: Tangrowth
|-sidestart|p1: LT93OQ nuoyan|move: Stealth Rock
|move|p1a: Tangrowth|Knock Off|p2a: Landorus
|-damage|p2a: Landorus|65/100
|
|upkeep
|turn|12
|
|t:|1660516857
|move|p2a: Landorus|U-turn|p1a: Tangrowth
|-supereffective|p1a: Tangrowth
|-damage|p1a: Tangrowth|37/100
|
|t:|1660516859
|switch|p2a: Ferrothorn|Ferrothorn, M|100/100|[from]move: U-turn
|-damage|p2a: Ferrothorn|95/100|[from] Stealth Rock
|move|p1a: Tangrowth|Knock Off|p2a: Ferrothorn
|-damage|p2a: Ferrothorn|89/100
|-damage|p1a: Tangrowth|25/100|[from] ability: Iron Barbs|[of] p2a: Ferrothorn
|
|upkeep
|turn|13
|
|t:|1660516865
|switch|p1a: Tornadus|Tornadus-Therian, M|100/100
|switch|p2a: Heatran|Heatran, M|100/100
|-damage|p2a: Heatran|88/100|[from] Stealth Rock
|
|-heal|p2a: Heatran|94/100|[from] item: Leftovers
|upkeep
|turn|14
|j| Wee Hours
|
|t:|1660516874
|move|p1a: Tornadus|Defog|p2a: Heatran
|-unboost|p2a: Heatran|evasion|1
|-sideend|p2: kinetic chain|Toxic Spikes|[from] move: Defog|[of] p1a: Tornadus
|-sideend|p2: kinetic chain|Stealth Rock|[from] move: Defog|[of] p1a: Tornadus
|-sideend|p1: LT93OQ nuoyan|Spikes|[from] move: Defog|[of] p1a: Tornadus
|-sideend|p1: LT93OQ nuoyan|Stealth Rock|[from] move: Defog|[of] p1a: Tornadus
|move|p2a: Heatran|Magma Storm|p1a: Tornadus
|-damage|p1a: Tornadus|60/100
|-activate|p1a: Tornadus|move: Magma Storm|[of] p2a: Heatran
|
|-heal|p2a: Heatran|100/100|[from] item: Leftovers
|-damage|p1a: Tornadus|47/100|[from] move: Magma Storm|[partiallytrapped]
|upkeep
|turn|15
|
|t:|1660516882
|move|p1a: Tornadus|U-turn|p2a: Heatran
|-resisted|p2a: Heatran
|-damage|p2a: Heatran|98/100
|
|t:|1660516891
|switch|p1a: Quagsire|Quagsire, M|100/100|[from]move: U-turn
|move|p2a: Heatran|Magma Storm|p1a: Quagsire
|-resisted|p1a: Quagsire
|-damage|p1a: Quagsire|76/100
|-activate|p1a: Quagsire|move: Magma Storm|[of] p2a: Heatran
|
|-heal|p2a: Heatran|100/100|[from] item: Leftovers
|-heal|p1a: Quagsire|82/100|[from] item: Leftovers
|-damage|p1a: Quagsire|70/100|[from] move: Magma Storm|[partiallytrapped]
|upkeep
|turn|16
|j| LT93OQ Bee
|
|t:|1660516900
|switch|p2a: Ferrothorn|Ferrothorn, M|89/100
|move|p1a: Quagsire|Scald|p2a: Ferrothorn
|-resisted|p2a: Ferrothorn
|-damage|p2a: Ferrothorn|81/100
|
|-heal|p1a: Quagsire|76/100|[from] item: Leftovers
|-end|p1a: Quagsire|Magma Storm|[partiallytrapped]|[silent]
|upkeep
|turn|17
|
|t:|1660516906
|switch|p1a: Toxapex|Toxapex, F|100/100
|move|p2a: Ferrothorn|Spikes|p1a: Toxapex
|-sidestart|p1: LT93OQ nuoyan|Spikes
|
|upkeep
|turn|18
|j| markus3362
|
|t:|1660516920
|move|p1a: Toxapex|Toxic Spikes|p2a: Ferrothorn
|-sidestart|p2: kinetic chain|move: Toxic Spikes
|move|p2a: Ferrothorn|Spikes|p1a: Toxapex
|-sidestart|p1: LT93OQ nuoyan|Spikes
|
|upkeep
|turn|19
|j| oakdeon
|
|t:|1660516932
|switch|p1a: Tornadus|Tornadus-Therian, M|81/100
|move|p2a: Ferrothorn|Spikes|p1a: Tornadus
|-sidestart|p1: LT93OQ nuoyan|Spikes
|
|upkeep
|turn|20
|
|t:|1660516935
|move|p1a: Tornadus|Hurricane|p2a: Ferrothorn
|-damage|p2a: Ferrothorn|46/100
|-start|p2a: Ferrothorn|confusion
|-activate|p2a: Ferrothorn|confusion
|move|p2a: Ferrothorn|Knock Off|p1a: Tornadus
|-crit|p1a: Tornadus
|-damage|p1a: Tornadus|42/100
|-enditem|p1a: Tornadus|Heavy-Duty Boots|[from] move: Knock Off|[of] p2a: Ferrothorn
|
|upkeep
|turn|21
|
|t:|1660516947
|switch|p2a: Heatran|Heatran, M|100/100
|move|p1a: Tornadus|Hurricane|p2a: Heatran
|-resisted|p2a: Heatran
|-damage|p2a: Heatran|89/100
|
|-heal|p2a: Heatran|95/100|[from] item: Leftovers
|upkeep
|turn|22
|
|t:|1660516954
|move|p1a: Tornadus|U-turn|p2a: Heatran
|-resisted|p2a: Heatran
|-damage|p2a: Heatran|92/100
|
|t:|1660516958
|switch|p1a: Toxapex|Toxapex, F|100/100|[from]move: U-turn
|-damage|p1a: Toxapex|76/100|[from] Spikes
|move|p2a: Heatran|Magma Storm|p1a: Toxapex
|-resisted|p1a: Toxapex
|-damage|p1a: Toxapex|62/100
|-activate|p1a: Toxapex|move: Magma Storm|[of] p2a: Heatran
|
|-heal|p2a: Heatran|98/100|[from] item: Leftovers
|-damage|p1a: Toxapex|50/100|[from] move: Magma Storm|[partiallytrapped]
|upkeep
|turn|23
|
|t:|1660516964
|move|p2a: Heatran|Taunt|p1a: Toxapex
|-start|p1a: Toxapex|move: Taunt
|cant|p1a: Toxapex|move: Taunt|Recover
|
|-heal|p2a: Heatran|100/100|[from] item: Leftovers
|-damage|p1a: Toxapex|37/100|[from] move: Magma Storm|[partiallytrapped]
|upkeep
|turn|24
|
|t:|1660516966
|move|p2a: Heatran|Earth Power|p1a: Toxapex
|-supereffective|p1a: Toxapex
|-damage|p1a: Toxapex|4/100
|move|p1a: Toxapex|Knock Off|p2a: Heatran
|-damage|p2a: Heatran|88/100
|-enditem|p2a: Heatran|Leftovers|[from] move: Knock Off|[of] p1a: Toxapex
|
|-damage|p1a: Toxapex|0 fnt|[from] move: Magma Storm|[partiallytrapped]
|faint|p1a: Toxapex
|upkeep
|j| LT93OQ Lillia
|
|t:|1660516972
|switch|p1a: Chansey|Chansey, F|81/100
|-damage|p1a: Chansey|56/100|[from] Spikes
|turn|25
|
|t:|1660516976
|move|p2a: Heatran|Taunt|p1a: Chansey
|-start|p1a: Chansey|move: Taunt
|move|p1a: Chansey|Seismic Toss|p2a: Heatran
|-damage|p2a: Heatran|62/100
|
|upkeep
|turn|26
|
|t:|1660516979
|move|p2a: Heatran|Heavy Slam|p1a: Chansey
|-damage|p1a: Chansey|31/100
|move|p1a: Chansey|Seismic Toss|p2a: Heatran
|-damage|p2a: Heatran|36/100
|
|upkeep
|turn|27
|
|t:|1660516985
|move|p2a: Heatran|Heavy Slam|p1a: Chansey
|-damage|p1a: Chansey|9/100
|move|p1a: Chansey|Seismic Toss|p2a: Heatran
|-damage|p2a: Heatran|10/100
|
|-end|p1a: Chansey|move: Taunt
|upkeep
|turn|28
|
|t:|1660516992
|move|p2a: Heatran|Earth Power|p1a: Chansey
|-crit|p1a: Chansey
|-damage|p1a: Chansey|0 fnt
|faint|p1a: Chansey
|
|upkeep
|
|t:|1660516995
|switch|p1a: Tornadus|Tornadus-Therian, M|75/100
|turn|29
|
|t:|1660517000
|switch|p2a: Landorus|Landorus-Therian, M|65/100
|-ability|p2a: Landorus|Intimidate|boost
|-unboost|p1a: Tornadus|atk|1
|move|p1a: Tornadus|Hurricane|p2a: Landorus
|-damage|p2a: Landorus|31/100
|
|upkeep
|turn|30
|j| Nuzzload
|
|t:|1660517017
|move|p1a: Tornadus|Defog|p2a: Landorus
|-unboost|p2a: Landorus|evasion|1
|-sideend|p2: kinetic chain|Toxic Spikes|[from] move: Defog|[of] p1a: Tornadus
|-sideend|p1: LT93OQ nuoyan|Spikes|[from] move: Defog|[of] p1a: Tornadus
|move|p2a: Landorus|Toxic|p1a: Tornadus
|-status|p1a: Tornadus|tox
|
|-damage|p1a: Tornadus|69/100 tox|[from] psn
|upkeep
|turn|31
|j| Littlegreatape
|
|t:|1660517028
|switch|p2a: Tornadus|Tornadus-Therian, M|100/100
|move|p1a: Tornadus|Hurricane|p2a: Tornadus
|-damage|p2a: Tornadus|57/100
|-start|p2a: Tornadus|confusion
|
|-damage|p1a: Tornadus|57/100 tox|[from] psn
|upkeep
|turn|32
|j| LT93OQ TBK
|l| Nuzzload
|
|t:|1660517037
|switch|p2a: Landorus|Landorus-Therian, M|31/100
|-ability|p2a: Landorus|Intimidate|boost
|-unboost|p1a: Tornadus|atk|1
|move|p1a: Tornadus|U-turn|p2a: Landorus
|-resisted|p2a: Landorus
|-damage|p2a: Landorus|28/100
|j| xray
|j| LT93OQ Ash
|
|t:|1660517044
|switch|p1a: Corviknight|Corviknight, M|100/100|[from]move: U-turn
|-ability|p1a: Corviknight|Pressure
|
|upkeep
|turn|33
|j| randobandoditotito
|
|t:|1660517047
|move|p2a: Landorus|Stealth Rock|p1a: Corviknight
|-sidestart|p1: LT93OQ nuoyan|move: Stealth Rock
|move|p1a: Corviknight|Body Press|p2a: Landorus
|-resisted|p2a: Landorus
|-crit|p2a: Landorus
|-damage|p2a: Landorus|9/100
|
|upkeep
|turn|34
|
|t:|1660517052
|switch|p2a: Tornadus|Tornadus-Therian, M|91/100
|move|p1a: Corviknight|Defog|p2a: Tornadus
|-unboost|p2a: Tornadus|evasion|1
|-sideend|p1: LT93OQ nuoyan|Stealth Rock|[from] move: Defog|[of] p1a: Corviknight
|
|upkeep
|turn|35
|
|t:|1660517057
|switch|p1a: Tornadus|Tornadus-Therian, M|90/100 tox
|move|p2a: Tornadus|Nasty Plot|p2a: Tornadus
|-boost|p2a: Tornadus|spa|2
|
|-damage|p1a: Tornadus|84/100 tox|[from] psn
|upkeep
|turn|36
|
|t:|1660517065
|move|p2a: Tornadus|Hurricane|p1a: Tornadus
|-damage|p1a: Tornadus|0 fnt
|faint|p1a: Tornadus
|
|upkeep
|
|t:|1660517069
|switch|p1a: Corviknight|Corviknight, M|100/100
|-ability|p1a: Corviknight|Pressure
|turn|37
|j| LT93OQ Templario
|
|t:|1660517078
|move|p2a: Tornadus|Focus Blast|p1a: Corviknight|[miss]
|-miss|p2a: Tornadus|p1a: Corviknight
|move|p1a: Corviknight|Iron Defense|p1a: Corviknight
|-boost|p1a: Corviknight|def|2
|
|upkeep
|turn|38
|l| LT93OQ Templario
|
|t:|1660517087
|move|p2a: Tornadus|Defog|p1a: Corviknight
|-unboost|p1a: Corviknight|evasion|1
|move|p1a: Corviknight|Iron Defense|p1a: Corviknight
|-boost|p1a: Corviknight|def|2
|
|upkeep
|turn|39
|
|t:|1660517092
|move|p2a: Tornadus|Nasty Plot|p2a: Tornadus
|-boost|p2a: Tornadus|spa|2
|move|p1a: Corviknight|Body Press|p2a: Tornadus
|-resisted|p2a: Tornadus
|-damage|p2a: Tornadus|50/100
|
|upkeep
|turn|40
|
|t:|1660517097
|move|p2a: Tornadus|Hurricane|p1a: Corviknight
|-resisted|p1a: Corviknight
|-damage|p1a: Corviknight|33/100
|move|p1a: Corviknight|Body Press|p2a: Tornadus
|-resisted|p2a: Tornadus
|-damage|p2a: Tornadus|7/100
|
|-heal|p1a: Corviknight|39/100|[from] item: Leftovers
|upkeep
|turn|41
|j| flash1115
|
|t:|1660517106
|switch|p1a: Tangrowth|Tangrowth, M|58/100
|move|p2a: Tornadus|Hurricane|p1a: Tangrowth|[miss]
|-miss|p2a: Tornadus|p1a: Tangrowth
|
|upkeep
|turn|42
|
|t:|1660517114
|move|p2a: Tornadus|Hurricane|p1a: Tangrowth
|-supereffective|p1a: Tangrowth
|-damage|p1a: Tangrowth|0 fnt
|faint|p1a: Tangrowth
|
|upkeep
|
|t:|1660517116
|switch|p1a: Quagsire|Quagsire, M|76/100
|turn|43
|c| oakdeon|le cancer sera batue se soir sur la place public
|j| doctor droppa
|
|t:|1660517124
|switch|p2a: Tapu Lele|Tapu Lele|76/100
|-fieldstart|move: Psychic Terrain|[from] ability: Psychic Surge|[of] p2a: Tapu Lele
|move|p1a: Quagsire|Scald|p2a: Tapu Lele
|-damage|p2a: Tapu Lele|56/100
|
|-heal|p1a: Quagsire|82/100|[from] item: Leftovers
|upkeep
|turn|44
|c| LT93OQ TBK|kinetic big brain for real
|l| randobandoditotito
|-message|LT93OQ nuoyan forfeited.
|
|win|kinetic chain
|raw|LT93OQ nuoyan's rating: 1801 &rarr; <strong>1782</strong><br />(-19 for losing)
|raw|kinetic chain's rating: 1827 &rarr; <strong>1846</strong><br />(+19 for winning)
|l|☆LT93OQ nuoyan
|l|‽kinetic chain
|l| LT93OQ Lillia
|l| LT93OQ TBK
|l| Littlegreatape
