|j|☆GaijinEagle
|j|☆Scarlettable
|t:|1598891959
|player|p1|GaijinEagle|1|1389
|player|p2|Scarlettable|marley|1394
|teamsize|p1|6
|teamsize|p2|6
|gametype|singles
|gen|8
|tier|[Gen 8] OU
|rated|
|clearpoke
|poke|p1|Dragapult, M|
|poke|p1|Hippowdon, F|
|poke|p1|Clefable, F|
|poke|p1|Ferrothorn, F|
|poke|p1|Excadrill, M|
|poke|p1|Urshifu-*, M|
|poke|p2|Clefable, M|
|poke|p2|Toxapex, F|
|poke|p2|Slowbro, F|
|poke|p2|Magnezone|
|poke|p2|Scizor, M|
|poke|p2|Volcarona, F|
|rule|Sleep Clause Mod: Limit one foe put to sleep
|rule|Species Clause: Limit one of each Pokémon
|rule|OHKO Clause: OHKO moves are banned
|rule|Evasion Moves Clause: Evasion moves are banned
|rule|Endless Battle Clause: Forcing endless battles is banned
|rule|HP Percentage Mod: HP is shown in percentages
|rule|Dynamax Clause: You cannot dynamax
|teampreview
|inactive|Battle timer is ON: inactive players will automatically lose when time's up. (requested by GaijinEagle)
|inactive|GaijinEagle has 120 seconds left.
|inactiveoff|Battle timer is now OFF.
|
|t:|1598892018
|start
|switch|p1a: Urshifu|Urshifu, M|100/100
|switch|p2a: Scizor|Scizor, M|100/100
|turn|1
|
|t:|1598892045
|move|p1a: Urshifu|Poison Jab|p2a: Scizor
|-immune|p2a: Scizor
|move|p2a: Scizor|U-turn|p1a: Urshifu
|-damage|p1a: Urshifu|70/100
|inactive|Battle timer is ON: inactive players will automatically lose when time's up. (requested by GaijinEagle)
|
|t:|1598892060
|switch|p2a: Clefable|Clefable, M|100/100|[from]move: U-turn
|
|upkeep
|turn|2
|
|t:|1598892065
|switch|p1a: Hippowdon|Hippowdon, F|100/100
|-weather|Sandstorm|[from] ability: Sand Stream|[of] p1a: Hippowdon
|move|p2a: Clefable|Moonblast|p1a: Hippowdon
|-damage|p1a: Hippowdon|70/100
|
|-weather|Sandstorm|[upkeep]
|-damage|p2a: Clefable|94/100|[from] Sandstorm
|-heal|p2a: Clefable|100/100|[from] item: Leftovers
|upkeep
|turn|3
|
|t:|1598892073
|switch|p2a: Slowbro|Slowbro, F|100/100
|move|p1a: Hippowdon|Stealth Rock|p2a: Slowbro
|-sidestart|p2: Scarlettable|move: Stealth Rock
|
|-weather|Sandstorm|[upkeep]
|-damage|p2a: Slowbro|94/100|[from] Sandstorm
|-heal|p2a: Slowbro|100/100|[from] item: Leftovers
|upkeep
|turn|4
|
|t:|1598892094
|move|p2a: Slowbro|Flamethrower|p1a: Hippowdon
|-damage|p1a: Hippowdon|48/100
|move|p1a: Hippowdon|Whirlwind|p2a: Slowbro
|drag|p2a: Volcarona|Volcarona, F|100/100
|
|-weather|Sandstorm|[upkeep]
|-damage|p2a: Volcarona|94/100|[from] Sandstorm
|upkeep
|turn|5
|
|t:|1598892109
|move|p2a: Volcarona|Will-O-Wisp|p1a: Hippowdon
|-status|p1a: Hippowdon|brn
|move|p1a: Hippowdon|Earthquake|p2a: Volcarona
|-damage|p2a: Volcarona|68/100
|
|-weather|Sandstorm|[upkeep]
|-damage|p2a: Volcarona|62/100|[from] Sandstorm
|-damage|p1a: Hippowdon|42/100 brn|[from] brn
|upkeep
|turn|6
|
|t:|1598892113
|move|p2a: Volcarona|Roost|p2a: Volcarona
|-heal|p2a: Volcarona|100/100
|-singleturn|p2a: Volcarona|move: Roost
|move|p1a: Hippowdon|Whirlwind|p2a: Volcarona
|drag|p2a: Toxapex|Toxapex, F|100/100
|-damage|p2a: Toxapex|88/100|[from] Stealth Rock
|
|-weather|Sandstorm|[upkeep]
|-damage|p2a: Toxapex|82/100|[from] Sandstorm
|-heal|p2a: Toxapex|88/100|[from] item: Leftovers
|-damage|p1a: Hippowdon|36/100 brn|[from] brn
|upkeep
|turn|7
|
|t:|1598892119
|switch|p1a: Dragapult|Dragapult, M|100/100
|move|p2a: Toxapex|Scald|p1a: Dragapult
|-resisted|p1a: Dragapult
|-damage|p1a: Dragapult|88/100
|
|-weather|Sandstorm|[upkeep]
|-damage|p1a: Dragapult|82/100|[from] Sandstorm
|-damage|p2a: Toxapex|82/100|[from] Sandstorm
|-heal|p2a: Toxapex|88/100|[from] item: Leftovers
|upkeep
|turn|8
|
|t:|1598892122
|move|p1a: Dragapult|Thunderbolt|p2a: Toxapex
|-supereffective|p2a: Toxapex
|-crit|p2a: Toxapex
|-damage|p2a: Toxapex|25/100
|-damage|p1a: Dragapult|72/100|[from] item: Life Orb
|move|p2a: Toxapex|Toxic|p1a: Dragapult
|-status|p1a: Dragapult|tox
|
|-weather|Sandstorm|[upkeep]
|-damage|p1a: Dragapult|66/100 tox|[from] Sandstorm
|-damage|p2a: Toxapex|19/100|[from] Sandstorm
|-heal|p2a: Toxapex|25/100|[from] item: Leftovers
|-damage|p1a: Dragapult|60/100 tox|[from] psn
|upkeep
|turn|9
|
|t:|1598892127
|switch|p2a: Clefable|Clefable, M|100/100
|-damage|p2a: Clefable|88/100|[from] Stealth Rock
|move|p1a: Dragapult|Thunderbolt|p2a: Clefable
|-damage|p2a: Clefable|55/100
|-damage|p1a: Dragapult|51/100 tox|[from] item: Life Orb
|
|-weather|none
|-heal|p2a: Clefable|61/100|[from] item: Leftovers
|-damage|p1a: Dragapult|39/100 tox|[from] psn
|upkeep
|turn|10
|
|t:|1598892148
|switch|p1a: Ferrothorn|Ferrothorn, F|100/100
|move|p2a: Clefable|Protect||[still]
|-fail|p2a: Clefable
|
|-heal|p2a: Clefable|67/100|[from] item: Leftovers
|upkeep
|turn|11
|
|t:|1598892155
|switch|p2a: Magnezone|Magnezone|100/100
|-damage|p2a: Magnezone|94/100|[from] Stealth Rock
|move|p1a: Ferrothorn|Knock Off|p2a: Magnezone
|-damage|p2a: Magnezone|75/100
|-enditem|p2a: Magnezone|Leftovers|[from] move: Knock Off|[of] p1a: Ferrothorn
|
|upkeep
|turn|12
|
|t:|1598892170
|move|p2a: Magnezone|Substitute|p2a: Magnezone
|-start|p2a: Magnezone|Substitute
|-damage|p2a: Magnezone|50/100
|move|p1a: Ferrothorn|Body Press|p2a: Magnezone
|-supereffective|p2a: Magnezone
|-end|p2a: Magnezone|Substitute
|
|upkeep
|turn|13
|
|t:|1598892174
|move|p2a: Magnezone|Iron Defense|p2a: Magnezone
|-boost|p2a: Magnezone|def|2
|move|p1a: Ferrothorn|Body Press|p2a: Magnezone
|-supereffective|p2a: Magnezone
|-damage|p2a: Magnezone|20/100
|
|upkeep
|turn|14
|
|t:|1598892184
|move|p2a: Magnezone|Body Press|p1a: Ferrothorn
|-supereffective|p1a: Ferrothorn
|-damage|p1a: Ferrothorn|50/100
|-damage|p2a: Magnezone|8/100|[from] ability: Iron Barbs|[of] p1a: Ferrothorn
|move|p1a: Ferrothorn|Body Press|p2a: Magnezone
|-supereffective|p2a: Magnezone
|-damage|p2a: Magnezone|0 fnt
|faint|p2a: Magnezone
|
|-heal|p1a: Ferrothorn|56/100|[from] item: Leftovers
|upkeep
|
|t:|1598892189
|switch|p2a: Volcarona|Volcarona, F|100/100
|turn|15
|
|t:|1598892209
|switch|p1a: Hippowdon|Hippowdon, F|36/100 brn
|-weather|Sandstorm|[from] ability: Sand Stream|[of] p1a: Hippowdon
|move|p2a: Volcarona|Will-O-Wisp|p1a: Hippowdon
|-fail|p1a: Hippowdon|brn
|
|-weather|Sandstorm|[upkeep]
|-damage|p2a: Volcarona|94/100|[from] Sandstorm
|-damage|p1a: Hippowdon|29/100 brn|[from] brn
|upkeep
|turn|16
|
|t:|1598892212
|move|p2a: Volcarona|Fiery Dance|p1a: Hippowdon
|-damage|p1a: Hippowdon|0 fnt
|faint|p1a: Hippowdon
|
|-weather|Sandstorm|[upkeep]
|-damage|p2a: Volcarona|88/100|[from] Sandstorm
|upkeep
|
|t:|1598892219
|switch|p1a: Excadrill|Excadrill, M|100/100
|turn|17
|
|t:|1598892224
|switch|p2a: Slowbro|Slowbro, F|100/100
|-damage|p2a: Slowbro|88/100|[from] Stealth Rock
|move|p1a: Excadrill|Rock Slide|p2a: Slowbro
|-damage|p2a: Slowbro|67/100
|-damage|p1a: Excadrill|91/100|[from] item: Life Orb
|
|-weather|Sandstorm|[upkeep]
|-damage|p2a: Slowbro|61/100|[from] Sandstorm
|-heal|p2a: Slowbro|67/100|[from] item: Leftovers
|upkeep
|turn|18
|
|t:|1598892245
|move|p1a: Excadrill|Earthquake|p2a: Slowbro
|-damage|p2a: Slowbro|26/100
|-damage|p1a: Excadrill|81/100|[from] item: Life Orb
|move|p2a: Slowbro|Scald|p1a: Excadrill
|-supereffective|p1a: Excadrill
|-damage|p1a: Excadrill|2/100
|
|-weather|Sandstorm|[upkeep]
|-damage|p2a: Slowbro|20/100|[from] Sandstorm
|-heal|p2a: Slowbro|26/100|[from] item: Leftovers
|upkeep
|turn|19
|
|t:|1598892263
|move|p1a: Excadrill|Earthquake|p2a: Slowbro
|-damage|p2a: Slowbro|0 fnt
|-damage|p1a: Excadrill|0 fnt|[from] item: Life Orb
|faint|p2a: Slowbro
|faint|p1a: Excadrill
|
|-weather|Sandstorm|[upkeep]
|upkeep
|inactive|GaijinEagle has 120 seconds left.
|
|t:|1598892311
|switch|p1a: Urshifu|Urshifu, M|70/100
|switch|p2a: Scizor|Scizor, M|100/100
|-damage|p2a: Scizor|88/100|[from] Stealth Rock
|turn|20
|
|t:|1598892323
|move|p1a: Urshifu|Close Combat|p2a: Scizor
|-damage|p2a: Scizor|28/100
|-unboost|p1a: Urshifu|def|1
|-unboost|p1a: Urshifu|spd|1
|-damage|p1a: Urshifu|53/100|[from] item: Rocky Helmet|[of] p2a: Scizor
|-damage|p1a: Urshifu|43/100|[from] item: Life Orb
|move|p2a: Scizor|Defog|p1a: Urshifu
|-unboost|p1a: Urshifu|evasion|1
|-sideend|p2: Scarlettable|Stealth Rock|[from] move: Defog|[of] p2a: Scizor
|
|-weather|Sandstorm|[upkeep]
|-damage|p1a: Urshifu|37/100|[from] Sandstorm
|upkeep
|turn|21
|
|t:|1598892330
|switch|p2a: Toxapex|Toxapex, F|59/100
|move|p1a: Urshifu|Close Combat|p2a: Toxapex
|-resisted|p2a: Toxapex
|-damage|p2a: Toxapex|28/100
|-unboost|p1a: Urshifu|def|1
|-unboost|p1a: Urshifu|spd|1
|-damage|p1a: Urshifu|27/100|[from] item: Life Orb
|
|-weather|Sandstorm|[upkeep]
|-damage|p1a: Urshifu|21/100|[from] Sandstorm
|-damage|p2a: Toxapex|22/100|[from] Sandstorm
|-heal|p2a: Toxapex|28/100|[from] item: Leftovers
|upkeep
|turn|22
|
|t:|1598892345
|switch|p2a: Clefable|Clefable, M|67/100
|move|p1a: Urshifu|Wicked Blow|p2a: Clefable
|-resisted|p2a: Clefable
|-crit|p2a: Clefable
|-damage|p2a: Clefable|37/100
|-damage|p1a: Urshifu|11/100|[from] item: Life Orb
|
|-weather|none
|-heal|p2a: Clefable|43/100|[from] item: Leftovers
|upkeep
|turn|23
|
|t:|1598892362
|switch|p2a: Scizor|Scizor, M|28/100
|move|p1a: Urshifu|Close Combat|p2a: Scizor
|-damage|p2a: Scizor|0 fnt
|-unboost|p1a: Urshifu|def|1
|-unboost|p1a: Urshifu|spd|1
|-damage|p1a: Urshifu|0 fnt|[from] item: Rocky Helmet|[of] p2a: Scizor
|faint|p2a: Scizor
|faint|p1a: Urshifu
|
|upkeep
|
|t:|1598892375
|switch|p1a: Clefable|Clefable, F|100/100
|switch|p2a: Clefable|Clefable, M|43/100
|turn|24
|
|t:|1598892385
|move|p2a: Clefable|Wish|p2a: Clefable
|move|p1a: Clefable|Moonblast|p2a: Clefable
|-damage|p2a: Clefable|7/100
|
|-heal|p2a: Clefable|13/100|[from] item: Leftovers
|upkeep
|turn|25
|
|t:|1598892404
|switch|p1a: Dragapult|Dragapult, M|39/100 tox
|move|p2a: Clefable|Protect||[still]
|-fail|p2a: Clefable
|
|-heal|p2a: Clefable|63/100|[from] move: Wish|[wisher] Clefable
|-heal|p2a: Clefable|69/100|[from] item: Leftovers
|-damage|p1a: Dragapult|33/100 tox|[from] psn
|upkeep
|turn|26
|
|t:|1598892412
|switch|p1a: Ferrothorn|Ferrothorn, F|56/100
|move|p2a: Clefable|Wish|p2a: Clefable
|
|-heal|p2a: Clefable|75/100|[from] item: Leftovers
|-heal|p1a: Ferrothorn|62/100|[from] item: Leftovers
|upkeep
|turn|27
|
|t:|1598892415
|move|p2a: Clefable|Protect|p2a: Clefable
|-singleturn|p2a: Clefable|Protect
|move|p1a: Ferrothorn|Knock Off|p2a: Clefable
|-activate|p2a: Clefable|move: Protect
|
|-heal|p2a: Clefable|100/100|[from] move: Wish|[wisher] Clefable
|-heal|p1a: Ferrothorn|69/100|[from] item: Leftovers
|upkeep
|turn|28
|
|t:|1598892419
|move|p2a: Clefable|Wish|p2a: Clefable
|move|p1a: Ferrothorn|Stealth Rock|p2a: Clefable
|-sidestart|p2: Scarlettable|move: Stealth Rock
|
|-heal|p1a: Ferrothorn|75/100|[from] item: Leftovers
|upkeep
|turn|29
|
|t:|1598892424
|switch|p2a: Volcarona|Volcarona, F|88/100
|move|p1a: Ferrothorn|Knock Off|p2a: Volcarona
|-damage|p2a: Volcarona|59/100
|-enditem|p2a: Volcarona|Heavy-Duty Boots|[from] move: Knock Off|[of] p1a: Ferrothorn
|
|-heal|p2a: Volcarona|100/100|[from] move: Wish|[wisher] Clefable
|-heal|p1a: Ferrothorn|81/100|[from] item: Leftovers
|upkeep
|turn|30
|
|t:|1598892443
|move|p2a: Volcarona|Fiery Dance|p1a: Ferrothorn
|-supereffective|p1a: Ferrothorn
|-damage|p1a: Ferrothorn|0 fnt
|-boost|p2a: Volcarona|spa|1
|faint|p1a: Ferrothorn
|
|upkeep
|
|t:|1598892446
|switch|p1a: Dragapult|Dragapult, M|33/100 tox
|turn|31
|
|t:|1598892468
|move|p1a: Dragapult|Dragon Darts|p2a: Volcarona
|-damage|p2a: Volcarona|69/100
|-anim|p1a: Dragapult|Dragon Darts|p2a: Volcarona
|-crit|p2a: Volcarona
|-damage|p2a: Volcarona|21/100
|-damage|p1a: Dragapult|23/100 tox|[from] item: Life Orb
|move|p2a: Volcarona|Defog|p1a: Dragapult
|-unboost|p1a: Dragapult|evasion|1
|-sideend|p2: Scarlettable|Stealth Rock|[from] move: Defog|[of] p2a: Volcarona
|
|-damage|p1a: Dragapult|17/100 tox|[from] psn
|upkeep
|turn|32
|inactive|GaijinEagle has 120 seconds left.
|
|t:|1598892489
|move|p1a: Dragapult|Thunderbolt|p2a: Volcarona
|-damage|p2a: Volcarona|0 fnt
|-damage|p1a: Dragapult|7/100 tox|[from] item: Life Orb
|faint|p2a: Volcarona
|
|-damage|p1a: Dragapult|0 fnt|[from] psn
|faint|p1a: Dragapult
|upkeep
|inactive|GaijinEagle has 120 seconds left.
|
|t:|1598892496
|switch|p1a: Clefable|Clefable, F|100/100
|switch|p2a: Toxapex|Toxapex, F|62/100
|turn|33
|inactive|GaijinEagle has 120 seconds left.
|
|t:|1598892514
|move|p1a: Clefable|Thunderbolt|p2a: Toxapex
|-supereffective|p2a: Toxapex
|-damage|p2a: Toxapex|28/100
|move|p2a: Toxapex|Toxic|p1a: Clefable
|-status|p1a: Clefable|tox
|
|-heal|p2a: Toxapex|35/100|[from] item: Leftovers
|upkeep
|turn|34
|
|t:|1598892521
|switch|p2a: Clefable|Clefable, M|100/100
|move|p1a: Clefable|Thunderbolt|p2a: Clefable
|-damage|p2a: Clefable|78/100
|
|-heal|p2a: Clefable|84/100|[from] item: Leftovers
|upkeep
|turn|35
|
|t:|1598892525
|move|p1a: Clefable|Calm Mind|p1a: Clefable
|-boost|p1a: Clefable|spa|1
|-boost|p1a: Clefable|spd|1
|move|p2a: Clefable|Wish|p2a: Clefable
|
|-heal|p2a: Clefable|90/100|[from] item: Leftovers
|upkeep
|turn|36
|
|t:|1598892533
|move|p1a: Clefable|Thunderbolt|p2a: Clefable
|-crit|p2a: Clefable
|-damage|p2a: Clefable|50/100
|move|p2a: Clefable|Calm Mind|p2a: Clefable
|-boost|p2a: Clefable|spa|1
|-boost|p2a: Clefable|spd|1
|
|-heal|p2a: Clefable|100/100|[from] move: Wish|[wisher] Clefable
|upkeep
|turn|37
|
|t:|1598892536
|move|p2a: Clefable|Calm Mind|p2a: Clefable
|-boost|p2a: Clefable|spa|1
|-boost|p2a: Clefable|spd|1
|move|p1a: Clefable|Thunderbolt|p2a: Clefable
|-damage|p2a: Clefable|88/100
|
|-heal|p2a: Clefable|94/100|[from] item: Leftovers
|upkeep
|turn|38
|
|t:|1598892541
|move|p2a: Clefable|Calm Mind|p2a: Clefable
|-boost|p2a: Clefable|spa|1
|-boost|p2a: Clefable|spd|1
|move|p1a: Clefable|Moonblast|p2a: Clefable
|-damage|p2a: Clefable|78/100
|
|-heal|p2a: Clefable|85/100|[from] item: Leftovers
|upkeep
|turn|39
|
|t:|1598892546
|move|p1a: Clefable|Calm Mind|p1a: Clefable
|-boost|p1a: Clefable|spa|1
|-boost|p1a: Clefable|spd|1
|move|p2a: Clefable|Calm Mind|p2a: Clefable
|-boost|p2a: Clefable|spa|1
|-boost|p2a: Clefable|spd|1
|
|-heal|p2a: Clefable|91/100|[from] item: Leftovers
|upkeep
|turn|40
|
|t:|1598892548
|move|p2a: Clefable|Calm Mind|p2a: Clefable
|-boost|p2a: Clefable|spa|1
|-boost|p2a: Clefable|spd|1
|move|p1a: Clefable|Calm Mind|p1a: Clefable
|-boost|p1a: Clefable|spa|1
|-boost|p1a: Clefable|spd|1
|
|-heal|p2a: Clefable|97/100|[from] item: Leftovers
|upkeep
|turn|41
|
|t:|1598892556
|move|p2a: Clefable|Calm Mind|p2a: Clefable
|-boost|p2a: Clefable|spa|1
|-boost|p2a: Clefable|spd|1
|move|p1a: Clefable|Moonblast|p2a: Clefable
|-damage|p2a: Clefable|87/100
|
|-heal|p2a: Clefable|93/100|[from] item: Leftovers
|upkeep
|turn|42
|
|t:|1598892560
|move|p2a: Clefable|Wish|p2a: Clefable
|move|p1a: Clefable|Calm Mind|p1a: Clefable
|-boost|p1a: Clefable|spa|1
|-boost|p1a: Clefable|spd|1
|
|-heal|p2a: Clefable|99/100|[from] item: Leftovers
|upkeep
|turn|43
|
|t:|1598892563
|move|p2a: Clefable|Protect|p2a: Clefable
|-singleturn|p2a: Clefable|Protect
|move|p1a: Clefable|Calm Mind|p1a: Clefable
|-boost|p1a: Clefable|spa|1
|-boost|p1a: Clefable|spd|1
|
|-heal|p2a: Clefable|100/100|[from] move: Wish|[wisher] Clefable
|upkeep
|turn|44
|
|t:|1598892568
|move|p2a: Clefable|Wish|p2a: Clefable
|move|p1a: Clefable|Calm Mind|p1a: Clefable
|-boost|p1a: Clefable|spa|1
|-boost|p1a: Clefable|spd|1
|
|upkeep
|turn|45
|
|t:|1598892572
|move|p1a: Clefable|Moonblast|p2a: Clefable
|-damage|p2a: Clefable|91/100
|move|p2a: Clefable|Moonblast|p1a: Clefable
|-damage|p1a: Clefable|0 fnt
|faint|p1a: Clefable
|
|win|Scarlettable
||Ladder (probably) updated, but score could not be retrieved (Request timeout).
