|j|☆Kevinskie
|j|☆vagmak
|t:|1621269400
|gametype|singles
|player|p1|Kevinskie|102|1727
|player|p2|vagmak|brawly|1751
|teamsize|p1|6
|teamsize|p2|6
|gen|8
|tier|[Gen 8] OU
|rated|
|rule|Sleep Clause Mod: Limit one foe put to sleep
|rule|Species Clause: Limit one of each Pokémon
|rule|OHKO Clause: OHKO moves are banned
|rule|Evasion Moves Clause: Evasion moves are banned
|rule|Endless Battle Clause: Forcing endless battles is banned
|rule|HP Percentage Mod: HP is shown in percentages
|rule|Dynamax Clause: You cannot dynamax
|clearpoke
|poke|p1|Togedemaru, L1, F|
|poke|p1|Ferrothorn, M|
|poke|p1|Dragapult, M|
|poke|p1|Excadrill, F|
|poke|p1|Hippowdon, M|
|poke|p1|Toxapex, F|
|poke|p2|Azumarill, F|
|poke|p2|Garchomp, F|
|poke|p2|Melmetal|
|poke|p2|Latios, M|
|poke|p2|Blaziken, M|
|poke|p2|Zeraora|
|teampreview
|inactive|Battle timer is ON: inactive players will automatically lose when time's up. (requested by vagmak)
|
|t:|1621269414
|start
|switch|p1a: Togedemaru|Togedemaru, L1, F|100/100
|switch|p2a: Zeraora|Zeraora|100/100
|turn|1
|
|t:|1621269420
|move|p1a: Togedemaru|Spiky Shield|p1a: Togedemaru
|-singleturn|p1a: Togedemaru|move: Protect
|move|p2a: Zeraora|Close Combat|p1a: Togedemaru
|-activate|p1a: Togedemaru|move: Protect
|-damage|p2a: Zeraora|88/100|[from] Spiky Shield|[of] p1a: Togedemaru
|
|upkeep
|turn|2
|
|t:|1621269428
|move|p2a: Zeraora|Close Combat|p1a: Togedemaru
|-supereffective|p1a: Togedemaru
|-ability|p1a: Togedemaru|Sturdy
|-damage|p1a: Togedemaru|9/100
|-unboost|p2a: Zeraora|def|1
|-unboost|p2a: Zeraora|spd|1
|-damage|p2a: Zeraora|78/100|[from] item: Life Orb
|move|p1a: Togedemaru|Endeavor|p2a: Zeraora
|-damage|p2a: Zeraora|1/100
|-heal|p1a: Togedemaru|100/100|[from] item: Shell Bell|[of] p2a: Zeraora
|
|upkeep
|turn|3
|
|t:|1621269452
|switch|p1a: Hippowdon|Hippowdon, M|100/100
|-weather|Sandstorm|[from] ability: Sand Stream|[of] p1a: Hippowdon
|move|p2a: Zeraora|Knock Off|p1a: Hippowdon
|-damage|p1a: Hippowdon|72/100
|-enditem|p1a: Hippowdon|Smooth Rock|[from] move: Knock Off|[of] p2a: Zeraora
|-damage|p2a: Zeraora|0 fnt|[from] item: Life Orb
|faint|p2a: Zeraora
|
|-weather|Sandstorm|[upkeep]
|upkeep
|
|t:|1621269465
|switch|p2a: Latios|Latios, M|100/100
|turn|4
|
|t:|1621269471
|move|p2a: Latios|Ice Beam|p1a: Hippowdon
|-supereffective|p1a: Hippowdon
|-damage|p1a: Hippowdon|6/100
|move|p1a: Hippowdon|Toxic|p2a: Latios|[miss]
|-miss|p1a: Hippowdon|p2a: Latios
|
|-weather|Sandstorm|[upkeep]
|-damage|p2a: Latios|95/100|[from] Sandstorm
|upkeep
|turn|5
|
|t:|1621269483
|switch|p1a: Ferrothorn|Ferrothorn, M|100/100
|move|p2a: Latios|Ice Beam|p1a: Ferrothorn
|-damage|p1a: Ferrothorn|70/100
|
|-weather|Sandstorm|[upkeep]
|-damage|p2a: Latios|89/100|[from] Sandstorm
|-heal|p1a: Ferrothorn|76/100|[from] item: Leftovers
|upkeep
|turn|6
|
|t:|1621269494
|switch|p2a: Blaziken|Blaziken, M, shiny|100/100
|move|p1a: Ferrothorn|Leech Seed|p2a: Blaziken
|-start|p2a: Blaziken|move: Leech Seed
|
|-weather|Sandstorm|[upkeep]
|-damage|p2a: Blaziken|95/100|[from] Sandstorm
|-heal|p1a: Ferrothorn|83/100|[from] item: Leftovers
|-damage|p2a: Blaziken|82/100|[from] Leech Seed|[of] p1a: Ferrothorn
|-heal|p1a: Ferrothorn|93/100|[silent]
|upkeep
|turn|7
|
|t:|1621269505
|switch|p1a: Togedemaru|Togedemaru, L1, F|100/100
|move|p2a: Blaziken|Swords Dance|p2a: Blaziken
|-boost|p2a: Blaziken|atk|2
|
|-weather|Sandstorm|[upkeep]
|-damage|p2a: Blaziken|76/100|[from] Sandstorm
|-damage|p2a: Blaziken|64/100|[from] Leech Seed|[of] p1a: Togedemaru
|-ability|p2a: Blaziken|Speed Boost|boost
|-boost|p2a: Blaziken|spe|1
|upkeep
|turn|8
|
|t:|1621269516
|move|p2a: Blaziken|Earthquake|p1a: Togedemaru
|-supereffective|p1a: Togedemaru
|-ability|p1a: Togedemaru|Sturdy
|-damage|p1a: Togedemaru|9/100
|-damage|p2a: Blaziken|54/100|[from] item: Life Orb
|move|p1a: Togedemaru|Endeavor|p2a: Blaziken
|-damage|p2a: Blaziken|1/100
|-heal|p1a: Togedemaru|100/100|[from] item: Shell Bell|[of] p2a: Blaziken
|
|-weather|Sandstorm|[upkeep]
|-damage|p2a: Blaziken|0 fnt|[from] Sandstorm
|faint|p2a: Blaziken
|upkeep
|inactive|vagmak has 120 seconds left.
|
|t:|1621269548
|switch|p2a: Garchomp|Garchomp, F|100/100
|turn|9
|
|t:|1621269561
|switch|p1a: Ferrothorn|Ferrothorn, M|93/100
|move|p2a: Garchomp|Fire Fang|p1a: Ferrothorn
|-supereffective|p1a: Ferrothorn
|-damage|p1a: Ferrothorn|4/100
|-damage|p2a: Garchomp|88/100|[from] ability: Iron Barbs|[of] p1a: Ferrothorn
|-damage|p2a: Garchomp|78/100|[from] item: Life Orb
|
|-weather|Sandstorm|[upkeep]
|-heal|p1a: Ferrothorn|11/100|[from] item: Leftovers
|upkeep
|turn|10
|inactive|vagmak has 120 seconds left.
|
|t:|1621269572
|move|p2a: Garchomp|Earthquake|p1a: Ferrothorn
|-damage|p1a: Ferrothorn|0 fnt
|faint|p1a: Ferrothorn
|-damage|p2a: Garchomp|69/100|[from] item: Life Orb
|
|-weather|none
|upkeep
|
|t:|1621269582
|switch|p1a: Togedemaru|Togedemaru, L1, F|100/100
|turn|11
|
|t:|1621269586
|move|p2a: Garchomp|Earthquake|p1a: Togedemaru
|-supereffective|p1a: Togedemaru
|-ability|p1a: Togedemaru|Sturdy
|-damage|p1a: Togedemaru|9/100
|-damage|p2a: Garchomp|59/100|[from] item: Life Orb
|move|p1a: Togedemaru|Endeavor|p2a: Garchomp
|-damage|p2a: Garchomp|1/100
|-damage|p1a: Togedemaru|0 fnt|[from] ability: Rough Skin|[of] p2a: Garchomp
|faint|p1a: Togedemaru
|
|upkeep
|
|t:|1621269590
|switch|p1a: Dragapult|Dragapult, M|100/100
|turn|12
|
|t:|1621269604
|switch|p2a: Melmetal|Melmetal|100/100
|move|p1a: Dragapult|U-turn|p2a: Melmetal
|-resisted|p2a: Melmetal
|-damage|p2a: Melmetal|95/100
|j| ISimpForNessa
|
|t:|1621269611
|switch|p1a: Toxapex|Toxapex, F|100/100|[from]move: U-turn
|
|upkeep
|turn|13
|
|t:|1621269617
|move|p1a: Toxapex|Toxic Spikes|p2a: Melmetal
|-sidestart|p2: vagmak|move: Toxic Spikes
|move|p2a: Melmetal|Earthquake|p1a: Toxapex
|-supereffective|p1a: Toxapex
|-damage|p1a: Toxapex|54/100
|
|upkeep
|turn|14
|j| mikejkowalczyk
|
|t:|1621269624
|move|p1a: Toxapex|Recover|p1a: Toxapex
|-heal|p1a: Toxapex|100/100
|move|p2a: Melmetal|Earthquake|p1a: Toxapex
|-supereffective|p1a: Toxapex
|-damage|p1a: Toxapex|49/100
|
|upkeep
|turn|15
|
|t:|1621269631
|switch|p2a: Latios|Latios, M|89/100
|move|p1a: Toxapex|Recover|p1a: Toxapex
|-heal|p1a: Toxapex|99/100
|
|upkeep
|turn|16
|
|t:|1621269638
|switch|p1a: Hippowdon|Hippowdon, M|6/100
|-weather|Sandstorm|[from] ability: Sand Stream|[of] p1a: Hippowdon
|move|p2a: Latios|Psychic|p1a: Hippowdon
|-damage|p1a: Hippowdon|0 fnt
|faint|p1a: Hippowdon
|
|-weather|Sandstorm|[upkeep]
|-damage|p2a: Latios|83/100|[from] Sandstorm
|upkeep
|
|t:|1621269642
|switch|p1a: Dragapult|Dragapult, M|100/100
|turn|17
|
|t:|1621269651
|switch|p2a: Melmetal|Melmetal|95/100
|move|p1a: Dragapult|Shadow Ball|p2a: Melmetal
|-damage|p2a: Melmetal|64/100
|
|-weather|Sandstorm|[upkeep]
|-damage|p1a: Dragapult|95/100|[from] Sandstorm
|upkeep
|turn|18
|
|t:|1621269670
|switch|p1a: Toxapex|Toxapex, F|100/100
|move|p2a: Melmetal|Double Iron Bash|p1a: Toxapex
|-resisted|p1a: Toxapex
|-damage|p1a: Toxapex|87/100
|-damage|p2a: Melmetal|47/100|[from] item: Rocky Helmet|[of] p1a: Toxapex
|-resisted|p1a: Toxapex
|-damage|p1a: Toxapex|74/100
|-damage|p2a: Melmetal|31/100|[from] item: Rocky Helmet|[of] p1a: Toxapex
|-hitcount|p1a: Toxapex|2
|
|-weather|Sandstorm|[upkeep]
|-damage|p1a: Toxapex|67/100|[from] Sandstorm
|upkeep
|turn|19
|l| ISimpForNessa
|j| Whammy696969
|l| mikejkowalczyk
|
|t:|1621269697
|switch|p2a: Latios|Latios, M|83/100
|move|p1a: Toxapex|Recover|p1a: Toxapex
|-heal|p1a: Toxapex|100/100
|
|-weather|Sandstorm|[upkeep]
|-damage|p2a: Latios|77/100|[from] Sandstorm
|-damage|p1a: Toxapex|94/100|[from] Sandstorm
|upkeep
|turn|20
|
|t:|1621269707
|switch|p1a: Dragapult|Dragapult, M|95/100
|move|p2a: Latios|Psychic|p1a: Dragapult
|-damage|p1a: Dragapult|6/100
|
|-weather|none
|upkeep
|turn|21
|
|t:|1621269714
|move|p1a: Dragapult|Shadow Ball|p2a: Latios
|-supereffective|p2a: Latios
|-damage|p2a: Latios|0 fnt
|faint|p2a: Latios
|
|upkeep
|j| Beginner_PS
|
|t:|1621269720
|switch|p2a: Azumarill|Azumarill, F|100/100
|-status|p2a: Azumarill|psn
|turn|22
|l| Beginner_PS
|j| Beginner_PS
|l| Beginner_PS
|
|t:|1621269732
|move|p1a: Dragapult|Shadow Ball|p2a: Azumarill
|-damage|p2a: Azumarill|46/100 psn
|-enditem|p2a: Azumarill|Sitrus Berry|[eat]
|-heal|p2a: Azumarill|71/100 psn|[from] item: Sitrus Berry
|move|p2a: Azumarill|Belly Drum|p2a: Azumarill
|-damage|p2a: Azumarill|21/100 psn
|-setboost|p2a: Azumarill|atk|6|[from] move: Belly Drum
|
|-damage|p2a: Azumarill|9/100 psn|[from] psn
|upkeep
|turn|23
|
|t:|1621269745
|switch|p1a: Toxapex|Toxapex, F|100/100
|move|p2a: Azumarill|Aqua Jet|p1a: Toxapex
|-resisted|p1a: Toxapex
|-damage|p1a: Toxapex|69/100
|-damage|p2a: Azumarill|0 fnt|[from] item: Rocky Helmet|[of] p1a: Toxapex
|faint|p2a: Azumarill
|
|upkeep
|
|t:|1621269753
|switch|p2a: Garchomp|Garchomp, F|1/100
|-status|p2a: Garchomp|psn
|turn|24
|
|t:|1621269758
|move|p2a: Garchomp|Earthquake|p1a: Toxapex
|-supereffective|p1a: Toxapex
|-damage|p1a: Toxapex|0 fnt
|faint|p1a: Toxapex
|-damage|p2a: Garchomp|0 fnt|[from] item: Life Orb
|faint|p2a: Garchomp
|
|upkeep
|
|t:|1621269764
|switch|p2a: Melmetal|Melmetal|31/100
|switch|p1a: Excadrill|Excadrill, F|100/100
|-item|p1a: Excadrill|Air Balloon
|turn|25
|c|☆Kevinskie|gg
|
|t:|1621269771
|move|p1a: Excadrill|Earthquake|p2a: Melmetal
|-supereffective|p2a: Melmetal
|-damage|p2a: Melmetal|0 fnt
|faint|p2a: Melmetal
|
|win|Kevinskie
|raw|Kevinskie's rating: 1727 &rarr; <strong>1748</strong><br />(+21 for winning)
|raw|vagmak's rating: 1751 &rarr; <strong>1730</strong><br />(-21 for losing)
|j| dzekone
|l|☆vagmak
||Ladder isn't responding, score probably updated but might not have (Request timeout).
