|j|☆2CPhoenix
|j|☆gaenisalbino
|t:|1627306693
|gametype|singles
|player|p1|2CPhoenix|flannery|1398
|player|p2|gaenisalbino|1|1439
|teamsize|p1|6
|teamsize|p2|6
|gen|8
|tier|[Gen 8] OU
|rated|
|rule|Sleep Clause Mod: Limit one foe put to sleep
|rule|Species Clause: Limit one of each Pokémon
|rule|OHKO Clause: OHKO moves are banned
|rule|Evasion Moves Clause: Evasion moves are banned
|rule|Endless Battle Clause: Forcing endless battles is banned
|rule|HP Percentage Mod: HP is shown in percentages
|rule|Dynamax Clause: You cannot dynamax
|clearpoke
|poke|p1|Tyranitar, M|
|poke|p1|Cobalion|
|poke|p1|Mew|
|poke|p1|Excadrill, M|
|poke|p1|Rillaboom, M|
|poke|p1|Drapion, F|
|poke|p2|Mew|
|poke|p2|Dragonite, F|
|poke|p2|Magnezone|
|poke|p2|Landorus-Therian, M|
|poke|p2|Tapu Fini|
|poke|p2|Slowking-Galar, M|
|teampreview
|inactive|Battle timer is ON: inactive players will automatically lose when time's up. (requested by 2CPhoenix)
|
|t:|1627306740
|start
|switch|p1a: Tyranitar|Tyranitar, M|100/100
|switch|p2a: Landorus|Landorus-Therian, M|100/100
|-ability|p2a: Landorus|Intimidate|boost
|-unboost|p1a: Tyranitar|atk|1
|-weather|Sandstorm|[from] ability: Sand Stream|[of] p1a: Tyranitar
|turn|1
|
|t:|1627306749
|move|p2a: Landorus|U-turn|p1a: Tyranitar
|-supereffective|p1a: Tyranitar
|-damage|p1a: Tyranitar|53/100
|
|t:|1627306770
|switch|p2a: Tapu Fini|Tapu Fini|100/100|[from]move: U-turn
|-fieldstart|move: Misty Terrain|[from] ability: Misty Surge|[of] p2a: Tapu Fini
|move|p1a: Tyranitar|Stealth Rock|p2a: Tapu Fini
|-sidestart|p2: gaenisalbino|move: Stealth Rock
|
|-weather|Sandstorm|[upkeep]
|-damage|p2a: Tapu Fini|94/100|[from] Sandstorm
|-heal|p2a: Tapu Fini|100/100|[from] item: Leftovers
|upkeep
|turn|2
|inactive|gaenisalbino has 120 seconds left.
|
|t:|1627306790
|switch|p1a: Rillaboom|Rillaboom, M|100/100
|-fieldstart|move: Grassy Terrain|[from] ability: Grassy Surge|[of] p1a: Rillaboom
|move|p2a: Tapu Fini|Calm Mind|p2a: Tapu Fini
|-boost|p2a: Tapu Fini|spa|1
|-boost|p2a: Tapu Fini|spd|1
|
|-weather|Sandstorm|[upkeep]
|-damage|p2a: Tapu Fini|94/100|[from] Sandstorm
|-damage|p1a: Rillaboom|94/100|[from] Sandstorm
|-heal|p2a: Tapu Fini|100/100|[from] Grassy Terrain
|-heal|p1a: Rillaboom|100/100|[from] Grassy Terrain
|upkeep
|turn|3
|inactive|gaenisalbino has 120 seconds left.
|
|t:|1627306806
|move|p2a: Tapu Fini|Draining Kiss|p1a: Rillaboom
|-damage|p1a: Rillaboom|71/100
|move|p1a: Rillaboom|U-turn|p2a: Tapu Fini
|-resisted|p2a: Tapu Fini
|-damage|p2a: Tapu Fini|86/100
|
|t:|1627306811
|switch|p1a: Excadrill|Excadrill, M|100/100|[from]move: U-turn
|
|-weather|Sandstorm|[upkeep]
|-damage|p2a: Tapu Fini|80/100|[from] Sandstorm
|-heal|p2a: Tapu Fini|86/100|[from] Grassy Terrain
|-heal|p2a: Tapu Fini|92/100|[from] item: Leftovers
|upkeep
|turn|4
|
|t:|1627306821
|move|p1a: Excadrill|Swords Dance|p1a: Excadrill
|-boost|p1a: Excadrill|atk|2
|move|p2a: Tapu Fini|Calm Mind|p2a: Tapu Fini
|-boost|p2a: Tapu Fini|spa|1
|-boost|p2a: Tapu Fini|spd|1
|
|-weather|Sandstorm|[upkeep]
|-damage|p2a: Tapu Fini|86/100|[from] Sandstorm
|-heal|p2a: Tapu Fini|92/100|[from] Grassy Terrain
|-heal|p2a: Tapu Fini|98/100|[from] item: Leftovers
|upkeep
|turn|5
|
|t:|1627306824
|move|p1a: Excadrill|Iron Head|p2a: Tapu Fini
|-damage|p2a: Tapu Fini|9/100
|-damage|p1a: Excadrill|91/100|[from] item: Life Orb
|move|p2a: Tapu Fini|Surf|p1a: Excadrill
|-supereffective|p1a: Excadrill
|-crit|p1a: Excadrill
|-damage|p1a: Excadrill|0 fnt
|faint|p1a: Excadrill
|
|-weather|Sandstorm|[upkeep]
|-damage|p2a: Tapu Fini|3/100|[from] Sandstorm
|-heal|p2a: Tapu Fini|9/100|[from] Grassy Terrain
|-heal|p2a: Tapu Fini|15/100|[from] item: Leftovers
|upkeep
|
|t:|1627306838
|switch|p1a: Cobalion|Cobalion|100/100
|turn|6
|
|t:|1627306848
|move|p1a: Cobalion|Sacred Sword|p2a: Tapu Fini
|-resisted|p2a: Tapu Fini
|-damage|p2a: Tapu Fini|0 fnt
|faint|p2a: Tapu Fini
|-damage|p1a: Cobalion|91/100|[from] item: Life Orb
|
|-weather|Sandstorm|[upkeep]
|-heal|p1a: Cobalion|97/100|[from] Grassy Terrain
|-fieldend|move: Grassy Terrain
|upkeep
|
|t:|1627306868
|switch|p2a: Mew|Mew|100/100
|-damage|p2a: Mew|88/100|[from] Stealth Rock
|turn|7
|
|t:|1627306873
|move|p1a: Cobalion|Swords Dance|p1a: Cobalion
|-boost|p1a: Cobalion|atk|2
|move|p2a: Mew|Cosmic Power|p2a: Mew
|-boost|p2a: Mew|def|1
|-boost|p2a: Mew|spd|1
|
|-weather|Sandstorm|[upkeep]
|-damage|p2a: Mew|82/100|[from] Sandstorm
|upkeep
|turn|8
|
|t:|1627306880
|move|p1a: Cobalion|Stone Edge|p2a: Mew
|-damage|p2a: Mew|51/100
|-damage|p1a: Cobalion|87/100|[from] item: Life Orb
|move|p2a: Mew|Cosmic Power|p2a: Mew
|-boost|p2a: Mew|def|1
|-boost|p2a: Mew|spd|1
|
|-weather|none
|upkeep
|turn|9
|
|t:|1627306883
|switch|p1a: Drapion|Drapion, F|100/100
|move|p2a: Mew|Roost|p2a: Mew
|-heal|p2a: Mew|100/100
|-singleturn|p2a: Mew|move: Roost
|
|upkeep
|turn|10
|
|t:|1627306885
|move|p2a: Mew|Cosmic Power|p2a: Mew
|-boost|p2a: Mew|def|1
|-boost|p2a: Mew|spd|1
|move|p1a: Drapion|Iron Defense|p1a: Drapion
|-boost|p1a: Drapion|def|2
|
|upkeep
|turn|11
|
|t:|1627306891
|move|p2a: Mew|Cosmic Power|p2a: Mew
|-boost|p2a: Mew|def|1
|-boost|p2a: Mew|spd|1
|move|p1a: Drapion|Iron Defense|p1a: Drapion
|-boost|p1a: Drapion|def|2
|
|upkeep
|turn|12
|
|t:|1627306894
|move|p2a: Mew|Stored Power|p1a: Drapion
|-immune|p1a: Drapion
|move|p1a: Drapion|Iron Defense|p1a: Drapion
|-boost|p1a: Drapion|def|2
|
|upkeep
|turn|13
|
|t:|1627306898
|move|p2a: Mew|Body Press|p1a: Drapion
|-damage|p1a: Drapion|85/100
|move|p1a: Drapion|Acupressure|p1a: Drapion
|-boost|p1a: Drapion|accuracy|2
|
|-heal|p1a: Drapion|91/100|[from] item: Black Sludge
|upkeep
|turn|14
|
|t:|1627306908
|move|p2a: Mew|Cosmic Power|p2a: Mew
|-boost|p2a: Mew|def|1
|-boost|p2a: Mew|spd|1
|move|p1a: Drapion|Acupressure|p1a: Drapion
|-boost|p1a: Drapion|spd|2
|
|-heal|p1a: Drapion|97/100|[from] item: Black Sludge
|upkeep
|turn|15
|
|t:|1627306910
|move|p2a: Mew|Cosmic Power|p2a: Mew
|-boost|p2a: Mew|def|1
|-boost|p2a: Mew|spd|1
|move|p1a: Drapion|Acupressure|p1a: Drapion
|-boost|p1a: Drapion|accuracy|2
|
|-heal|p1a: Drapion|100/100|[from] item: Black Sludge
|upkeep
|turn|16
|
|t:|1627306914
|move|p2a: Mew|Body Press|p1a: Drapion
|-damage|p1a: Drapion|80/100
|move|p1a: Drapion|Acupressure|p1a: Drapion
|-boost|p1a: Drapion|evasion|2
|
|-heal|p1a: Drapion|87/100|[from] item: Black Sludge
|upkeep
|turn|17
|
|t:|1627306923
|move|p2a: Mew|Body Press|p1a: Drapion|[miss]
|-miss|p2a: Mew|p1a: Drapion
|move|p1a: Drapion|Acupressure|p1a: Drapion
|-boost|p1a: Drapion|spd|2
|
|-heal|p1a: Drapion|93/100|[from] item: Black Sludge
|upkeep
|turn|18
|
|t:|1627306930
|move|p2a: Mew|Body Press|p1a: Drapion|[miss]
|-miss|p2a: Mew|p1a: Drapion
|move|p1a: Drapion|Acupressure|p1a: Drapion
|-boost|p1a: Drapion|spe|2
|
|-heal|p1a: Drapion|99/100|[from] item: Black Sludge
|upkeep
|turn|19
|
|t:|1627306936
|move|p1a: Drapion|Acupressure|p1a: Drapion
|-boost|p1a: Drapion|evasion|2
|move|p2a: Mew|Body Press|p1a: Drapion|[miss]
|-miss|p2a: Mew|p1a: Drapion
|
|-heal|p1a: Drapion|100/100|[from] item: Black Sludge
|upkeep
|turn|20
|
|t:|1627306939
|move|p1a: Drapion|Acupressure|p1a: Drapion
|-boost|p1a: Drapion|atk|2
|move|p2a: Mew|Body Press|p1a: Drapion
|-damage|p1a: Drapion|79/100
|
|-heal|p1a: Drapion|85/100|[from] item: Black Sludge
|upkeep
|turn|21
|
|t:|1627306952
|move|p1a: Drapion|Acupressure|p1a: Drapion
|-boost|p1a: Drapion|spe|2
|move|p2a: Mew|Body Press|p1a: Drapion
|-damage|p1a: Drapion|63/100
|
|-heal|p1a: Drapion|69/100|[from] item: Black Sludge
|upkeep
|turn|22
|
|t:|1627306961
|move|p1a: Drapion|Acupressure|p1a: Drapion
|-boost|p1a: Drapion|evasion|2
|move|p2a: Mew|Body Press|p1a: Drapion|[miss]
|-miss|p2a: Mew|p1a: Drapion
|
|-heal|p1a: Drapion|75/100|[from] item: Black Sludge
|upkeep
|turn|23
|
|t:|1627306963
|move|p1a: Drapion|Acupressure|p1a: Drapion
|-boost|p1a: Drapion|accuracy|2
|move|p2a: Mew|Body Press|p1a: Drapion|[miss]
|-miss|p2a: Mew|p1a: Drapion
|
|-heal|p1a: Drapion|81/100|[from] item: Black Sludge
|upkeep
|turn|24
|
|t:|1627306967
|move|p1a: Drapion|Acupressure|p1a: Drapion
|-boost|p1a: Drapion|spa|2
|move|p2a: Mew|Body Press|p1a: Drapion
|-damage|p1a: Drapion|62/100
|
|-heal|p1a: Drapion|68/100|[from] item: Black Sludge
|upkeep
|turn|25
|
|t:|1627306968
|move|p1a: Drapion|Acupressure|p1a: Drapion
|-boost|p1a: Drapion|atk|2
|move|p2a: Mew|Body Press|p1a: Drapion|[miss]
|-miss|p2a: Mew|p1a: Drapion
|
|-heal|p1a: Drapion|74/100|[from] item: Black Sludge
|upkeep
|turn|26
|
|t:|1627306972
|move|p1a: Drapion|Acupressure|p1a: Drapion
|-boost|p1a: Drapion|spe|2
|move|p2a: Mew|Body Press|p1a: Drapion|[miss]
|-miss|p2a: Mew|p1a: Drapion
|
|-heal|p1a: Drapion|80/100|[from] item: Black Sludge
|upkeep
|turn|27
|
|t:|1627306974
|move|p1a: Drapion|Acupressure|p1a: Drapion
|-boost|p1a: Drapion|atk|2
|move|p2a: Mew|Body Press|p1a: Drapion|[miss]
|-miss|p2a: Mew|p1a: Drapion
|
|-heal|p1a: Drapion|86/100|[from] item: Black Sludge
|upkeep
|turn|28
|
|t:|1627306976
|move|p1a: Drapion|Acupressure|p1a: Drapion
|-boost|p1a: Drapion|spd|2
|move|p2a: Mew|Body Press|p1a: Drapion
|-damage|p1a: Drapion|66/100
|
|-heal|p1a: Drapion|72/100|[from] item: Black Sludge
|upkeep
|turn|29
|
|t:|1627306984
|move|p1a: Drapion|Night Slash|p2a: Mew
|-supereffective|p2a: Mew
|-crit|p2a: Mew
|-damage|p2a: Mew|0 fnt
|faint|p2a: Mew
|
|-heal|p1a: Drapion|78/100|[from] item: Black Sludge
|upkeep
|-message|gaenisalbino forfeited.
|
|win|2CPhoenix
|raw|2CPhoenix's rating: 1398 &rarr; <strong>1420</strong><br />(+22 for winning)
|raw|gaenisalbino's rating: 1439 &rarr; <strong>1417</strong><br />(-22 for losing)
|l|☆gaenisalbino
