|j|☆hrtbrkn
|j|☆ultimategoogolplex
|t:|1667521445
|gametype|singles
|player|p1|hrtbrkn|shadowtriad|1699
|player|p2|ultimategoogolplex|2|1721
|teamsize|p1|6
|teamsize|p2|6
|gen|8
|tier|[Gen 8] OU
|rated|
|rule|Sleep Clause Mod: Limit one foe put to sleep
|rule|Species Clause: Limit one of each Pokémon
|rule|OHKO Clause: OHKO moves are banned
|rule|Evasion Items Clause: Evasion items are banned
|rule|Evasion Moves Clause: Evasion moves are banned
|rule|Endless Battle Clause: Forcing endless battles is banned
|rule|HP Percentage Mod: HP is shown in percentages
|rule|Dynamax Clause: You cannot dynamax
|clearpoke
|poke|p1|Mew|
|poke|p1|Bisharp, M|
|poke|p1|Volcarona, M|
|poke|p1|Landorus-Therian, M|
|poke|p1|Tapu Lele|
|poke|p1|Tapu Fini|
|poke|p2|Weavile, M|
|poke|p2|Volcanion|
|poke|p2|Zapdos|
|poke|p2|Landorus-Therian, M|
|poke|p2|Kartana|
|poke|p2|Melmetal|
|teampreview
|inactive|Battle timer is ON: inactive players will automatically lose when time's up. (requested by ultimategoogolplex)
|
|t:|1667521450
|start
|switch|p1a: Mew|Mew|100/100
|switch|p2a: Weavile|Weavile, M|100/100
|-ability|p2a: Weavile|Pressure
|turn|1
|
|t:|1667521456
|switch|p1a: Tapu Fini|Tapu Fini|100/100
|-fieldstart|move: Misty Terrain|[from] ability: Misty Surge|[of] p1a: Tapu Fini
|move|p2a: Weavile|Beat Up|p1a: Tapu Fini
|-resisted|p1a: Tapu Fini
|-damage|p1a: Tapu Fini|93/100
|-resisted|p1a: Tapu Fini
|-damage|p1a: Tapu Fini|86/100
|-resisted|p1a: Tapu Fini
|-damage|p1a: Tapu Fini|80/100
|-resisted|p1a: Tapu Fini
|-damage|p1a: Tapu Fini|72/100
|-resisted|p1a: Tapu Fini
|-damage|p1a: Tapu Fini|61/100
|-resisted|p1a: Tapu Fini
|-damage|p1a: Tapu Fini|53/100
|-hitcount|p1a: Tapu Fini|6
|
|upkeep
|turn|2
|
|t:|1667521460
|switch|p1a: Mew|Mew|100/100
|switch|p2a: Volcanion|Volcanion|100/100
|
|upkeep
|turn|3
|
|t:|1667521465
|move|p1a: Mew|Stealth Rock|p2a: Volcanion
|-sidestart|p2: ultimategoogolplex|move: Stealth Rock
|move|p2a: Volcanion|Steam Eruption|p1a: Mew
|-damage|p1a: Mew|27/100
|
|upkeep
|turn|4
|
|t:|1667521469
|move|p1a: Mew|Spikes|p2a: Volcanion
|-sidestart|p2: ultimategoogolplex|Spikes
|move|p2a: Volcanion|Steam Eruption|p1a: Mew
|-damage|p1a: Mew|0 fnt
|faint|p1a: Mew
|
|upkeep
|
|t:|1667521477
|switch|p1a: Tapu Lele|Tapu Lele|100/100
|-fieldstart|move: Psychic Terrain|[from] ability: Psychic Surge|[of] p1a: Tapu Lele
|turn|5
|
|t:|1667521480
|switch|p2a: Melmetal|Melmetal|100/100
|-damage|p2a: Melmetal|94/100|[from] Stealth Rock
|-damage|p2a: Melmetal|82/100|[from] Spikes
|move|p1a: Tapu Lele|Calm Mind|p1a: Tapu Lele
|-boost|p1a: Tapu Lele|spa|1
|-boost|p1a: Tapu Lele|spd|1
|
|upkeep
|turn|6
|
|t:|1667521483
|move|p1a: Tapu Lele|Focus Blast|p2a: Melmetal
|-supereffective|p2a: Melmetal
|-damage|p2a: Melmetal|0 fnt
|faint|p2a: Melmetal
|-damage|p1a: Tapu Lele|91/100|[from] item: Life Orb
|
|upkeep
|
|t:|1667521492
|switch|p2a: Weavile|Weavile, M|100/100
|-damage|p2a: Weavile|76/100|[from] Stealth Rock
|-damage|p2a: Weavile|63/100|[from] Spikes
|-ability|p2a: Weavile|Pressure
|turn|7
|
|t:|1667521499
|switch|p1a: Tapu Fini|Tapu Fini|53/100
|-fieldstart|move: Misty Terrain|[from] ability: Misty Surge|[of] p1a: Tapu Fini
|move|p2a: Weavile|Knock Off|p1a: Tapu Fini
|-resisted|p1a: Tapu Fini
|-damage|p1a: Tapu Fini|14/100
|-enditem|p1a: Tapu Fini|Choice Scarf|[from] move: Knock Off|[of] p2a: Weavile
|
|upkeep
|turn|8
|
|t:|1667521503
|switch|p2a: Zapdos|Zapdos|100/100
|move|p1a: Tapu Fini|Moonblast|p2a: Zapdos
|-crit|p2a: Zapdos
|-damage|p2a: Zapdos|46/100
|
|upkeep
|turn|9
|j| jjhyvn
|
|t:|1667521512
|switch|p1a: Bisharp|Bisharp, M|100/100
|move|p2a: Zapdos|Defog|p1a: Bisharp
|-unboost|p1a: Bisharp|evasion|1
|-ability|p1a: Bisharp|Defiant|boost
|-boost|p1a: Bisharp|atk|2
|-sideend|p2: ultimategoogolplex|Spikes|[from] move: Defog|[of] p2a: Zapdos
|-sideend|p2: ultimategoogolplex|Stealth Rock|[from] move: Defog|[of] p2a: Zapdos
|-fieldend|Misty Terrain
|
|upkeep
|turn|10
|
|t:|1667521517
|move|p2a: Zapdos|Volt Switch|p1a: Bisharp
|-damage|p1a: Bisharp|48/100
|j| RedBxy
|
|t:|1667521527
|switch|p2a: Kartana|Kartana|100/100|[from]move: Volt Switch
|move|p1a: Bisharp|Knock Off|p2a: Kartana
|-crit|p2a: Kartana
|-damage|p2a: Kartana|0 fnt
|-enditem|p2a: Kartana|Choice Scarf|[from] move: Knock Off|[of] p1a: Bisharp
|faint|p2a: Kartana
|
|upkeep
|
|t:|1667521535
|switch|p2a: Landorus|Landorus-Therian, M|100/100
|-ability|p2a: Landorus|Intimidate|boost
|-unboost|p1a: Bisharp|atk|1
|-ability|p1a: Bisharp|Defiant|boost
|-boost|p1a: Bisharp|atk|2
|turn|11
|
|t:|1667521537
|move|p1a: Bisharp|Sucker Punch|p2a: Landorus
|-damage|p2a: Landorus|13/100
|move|p2a: Landorus|Earthquake|p1a: Bisharp
|-supereffective|p1a: Bisharp
|-damage|p1a: Bisharp|0 fnt
|faint|p1a: Bisharp
|
|-heal|p2a: Landorus|19/100|[from] item: Leftovers
|upkeep
|c| jjhyvn|gg
|
|t:|1667521555
|switch|p1a: Volcarona|Volcarona, M|100/100
|turn|12
|
|t:|1667521559
|move|p1a: Volcarona|Flamethrower|p2a: Landorus
|-damage|p2a: Landorus|0 fnt
|faint|p2a: Landorus
|
|upkeep
|
|t:|1667521563
|switch|p2a: Volcanion|Volcanion|100/100
|turn|13
|
|t:|1667521567
|switch|p1a: Tapu Fini|Tapu Fini|14/100
|-fieldstart|move: Misty Terrain|[from] ability: Misty Surge|[of] p1a: Tapu Fini
|move|p2a: Volcanion|Steam Eruption|p1a: Tapu Fini
|-resisted|p1a: Tapu Fini
|-damage|p1a: Tapu Fini|0 fnt
|faint|p1a: Tapu Fini
|
|upkeep
|
|t:|1667521585
|switch|p1a: Landorus|Landorus-Therian, M|100/100
|-ability|p1a: Landorus|Intimidate|boost
|-unboost|p2a: Volcanion|atk|1
|turn|14
|
|t:|1667521592
|switch|p2a: Zapdos|Zapdos|46/100
|move|p1a: Landorus|Earthquake|p2a: Zapdos
|-immune|p2a: Zapdos
|
|upkeep
|turn|15
|
|t:|1667521596
|move|p1a: Landorus|Stone Edge|p2a: Zapdos|[miss]
|-miss|p1a: Landorus|p2a: Zapdos
|move|p2a: Zapdos|Hurricane|p1a: Landorus
|-damage|p1a: Landorus|43/100
|
|upkeep
|turn|16
|
|t:|1667521601
|move|p1a: Landorus|Stone Edge|p2a: Zapdos
|-supereffective|p2a: Zapdos
|-damage|p2a: Zapdos|0 fnt
|faint|p2a: Zapdos
|
|upkeep
|
|t:|1667521606
|switch|p2a: Weavile|Weavile, M|63/100
|-ability|p2a: Weavile|Pressure
|turn|17
|
|t:|1667521614
|move|p2a: Weavile|Knock Off|p1a: Landorus
|-damage|p1a: Landorus|0 fnt
|-enditem|p1a: Landorus|Power Herb|[from] move: Knock Off|[of] p2a: Weavile
|faint|p1a: Landorus
|
|-fieldend|Misty Terrain
|upkeep
|
|t:|1667521618
|switch|p1a: Volcarona|Volcarona, M|100/100
|turn|18
|
|t:|1667521637
|switch|p1a: Tapu Lele|Tapu Lele|91/100
|-fieldstart|move: Psychic Terrain|[from] ability: Psychic Surge|[of] p1a: Tapu Lele
|move|p2a: Weavile|Knock Off|p1a: Tapu Lele
|-damage|p1a: Tapu Lele|0 fnt
|-enditem|p1a: Tapu Lele|Life Orb|[from] move: Knock Off|[of] p2a: Weavile
|faint|p1a: Tapu Lele
|
|upkeep
|
|t:|1667521642
|switch|p1a: Volcarona|Volcarona, M|100/100
|turn|19
|c| jjhyvn|gg fr tho
|
|t:|1667521645
|move|p2a: Weavile|Knock Off|p1a: Volcarona
|-damage|p1a: Volcarona|0 fnt
|-enditem|p1a: Volcarona|Heavy-Duty Boots|[from] move: Knock Off|[of] p2a: Weavile
|faint|p1a: Volcarona
|
|win|ultimategoogolplex
|raw|hrtbrkn's rating: 1699 &rarr; <strong>1680</strong><br />(-19 for losing)
|raw|ultimategoogolplex's rating: 1721 &rarr; <strong>1740</strong><br />(+19 for winning)
|l|☆hrtbrkn
