|j|☆Deadpool say
|j|☆knexhawk2
|t:|1665616441
|gametype|singles
|player|p1|Deadpool say|cyclist|1670
|player|p2|knexhawk2|red-masters|1759
|teamsize|p1|6
|teamsize|p2|6
|gen|8
|tier|[Gen 8] OU
|rated|
|rule|Sleep Clause Mod: Limit one foe put to sleep
|rule|Species Clause: Limit one of each Pokémon
|rule|OHKO Clause: OHKO moves are banned
|rule|Evasion Items Clause: Evasion items are banned
|rule|Evasion Moves Clause: Evasion moves are banned
|rule|Endless Battle Clause: Forcing endless battles is banned
|rule|HP Percentage Mod: HP is shown in percentages
|rule|Dynamax Clause: You cannot dynamax
|clearpoke
|poke|p1|Pelipper, F|
|poke|p1|Ludicolo, F|
|poke|p1|Keldeo-Resolute|
|poke|p1|Seismitoad, F|
|poke|p1|Kingdra, F|
|poke|p1|Zapdos|
|poke|p2|Xurkitree|
|poke|p2|Slowbro, F|
|poke|p2|Rillaboom, M|
|poke|p2|Melmetal|
|poke|p2|Tornadus-Therian, M|
|poke|p2|Landorus-Therian, M|
|teampreview
|inactive|Battle timer is ON: inactive players will automatically lose when time's up. (requested by Deadpool say)
|
|t:|1665616447
|start
|switch|p1a: Pelipper|Pelipper, F|100/100
|switch|p2a: christmas lights|Xurkitree, shiny|100/100
|-weather|RainDance|[from] ability: Drizzle|[of] p1a: Pelipper
|turn|1
|
|t:|1665616450
|switch|p1a: Seismitoad|Seismitoad, F|100/100
|move|p2a: christmas lights|Energy Ball|p1a: Seismitoad
|-supereffective|p1a: Seismitoad
|-damage|p1a: Seismitoad|0 fnt
|faint|p1a: Seismitoad
|-ability|p2a: christmas lights|Beast Boost|boost
|-boost|p2a: christmas lights|spa|1
|
|-weather|RainDance|[upkeep]
|upkeep
|
|t:|1665616459
|switch|p1a: Ludicolo|Ludicolo, F|100/100
|turn|2
|
|t:|1665616464
|move|p1a: Ludicolo|Scald|p2a: christmas lights
|-damage|p2a: christmas lights|0 fnt
|faint|p2a: christmas lights
|-damage|p1a: Ludicolo|91/100|[from] item: Life Orb
|
|-weather|RainDance|[upkeep]
|upkeep
|
|t:|1665616468
|switch|p2a: Tornadus|Tornadus-Therian, M|100/100
|turn|3
|
|t:|1665616473
|move|p1a: Ludicolo|Scald|p2a: Tornadus
|-damage|p2a: Tornadus|57/100
|-damage|p1a: Ludicolo|81/100|[from] item: Life Orb
|move|p2a: Tornadus|Hurricane|p1a: Ludicolo
|-supereffective|p1a: Ludicolo
|-damage|p1a: Ludicolo|0 fnt
|faint|p1a: Ludicolo
|
|-weather|RainDance|[upkeep]
|upkeep
|
|t:|1665616477
|switch|p1a: Zapdos|Zapdos|100/100
|turn|4
|
|t:|1665616484
|switch|p2a: Melmetal|Melmetal|100/100
|move|p1a: Zapdos|Hurricane|p2a: Melmetal
|-resisted|p2a: Melmetal
|-damage|p2a: Melmetal|72/100
|-start|p2a: Melmetal|confusion
|-damage|p1a: Zapdos|91/100|[from] item: Life Orb
|
|-weather|RainDance|[upkeep]
|-heal|p2a: Melmetal|78/100|[from] item: Leftovers
|upkeep
|turn|5
|
|t:|1665616490
|switch|p2a: Landorus|Landorus-Therian, M|100/100
|-ability|p2a: Landorus|Intimidate|boost
|-unboost|p1a: Zapdos|atk|1
|move|p1a: Zapdos|Thunder|p2a: Landorus
|-immune|p2a: Landorus
|
|-weather|RainDance|[upkeep]
|upkeep
|turn|6
|
|t:|1665616494
|switch|p2a: Tornadus|Tornadus-Therian, M|91/100
|move|p1a: Zapdos|Weather Ball|p2a: Tornadus
|-damage|p2a: Tornadus|47/100
|-damage|p1a: Zapdos|81/100|[from] item: Life Orb
|
|-weather|RainDance|[upkeep]
|upkeep
|turn|7
|
|t:|1665616498
|switch|p2a: Landorus|Landorus-Therian, M|100/100
|-ability|p2a: Landorus|Intimidate|boost
|-unboost|p1a: Zapdos|atk|1
|move|p1a: Zapdos|Thunder|p2a: Landorus
|-immune|p2a: Landorus
|
|-weather|RainDance|[upkeep]
|upkeep
|turn|8
|
|t:|1665616504
|switch|p2a: Melmetal|Melmetal|78/100
|move|p1a: Zapdos|Weather Ball|p2a: Melmetal
|-damage|p2a: Melmetal|31/100
|-damage|p1a: Zapdos|71/100|[from] item: Life Orb
|
|-weather|none
|-heal|p2a: Melmetal|38/100|[from] item: Leftovers
|upkeep
|turn|9
|
|t:|1665616509
|switch|p1a: Pelipper|Pelipper, F|100/100
|-weather|RainDance|[from] ability: Drizzle|[of] p1a: Pelipper
|move|p2a: Melmetal|Protect||[still]
|-fail|p2a: Melmetal
|
|-weather|RainDance|[upkeep]
|-heal|p2a: Melmetal|44/100|[from] item: Leftovers
|upkeep
|turn|10
|
|t:|1665616516
|move|p1a: Pelipper|Scald|p2a: Melmetal
|-damage|p2a: Melmetal|16/100
|-status|p2a: Melmetal|brn
|move|p2a: Melmetal|Toxic|p1a: Pelipper
|-status|p1a: Pelipper|tox
|
|-weather|RainDance|[upkeep]
|-heal|p2a: Melmetal|22/100 brn|[from] item: Leftovers
|-damage|p1a: Pelipper|94/100 tox|[from] psn
|-damage|p2a: Melmetal|16/100 brn|[from] brn
|upkeep
|turn|11
|
|t:|1665616521
|switch|p1a: Keldeo|Keldeo-Resolute|100/100
|move|p2a: Melmetal|Toxic|p1a: Keldeo
|-status|p1a: Keldeo|tox
|
|-weather|RainDance|[upkeep]
|-heal|p2a: Melmetal|22/100 brn|[from] item: Leftovers
|-damage|p1a: Keldeo|94/100 tox|[from] psn
|-damage|p2a: Melmetal|16/100 brn|[from] brn
|upkeep
|turn|12
|
|t:|1665616528
|switch|p2a: Slowbro|Slowbro, F|100/100
|move|p1a: Keldeo|Substitute|p1a: Keldeo
|-start|p1a: Keldeo|Substitute
|-damage|p1a: Keldeo|70/100 tox
|
|-weather|RainDance|[upkeep]
|-heal|p1a: Keldeo|76/100 tox|[from] item: Leftovers
|-damage|p1a: Keldeo|63/100 tox|[from] psn
|upkeep
|turn|13
|
|t:|1665616543
|switch|p1a: Zapdos|Zapdos|71/100
|move|p2a: Slowbro|Slack Off||[still]
|-fail|p2a: Slowbro|heal
|
|-weather|RainDance|[upkeep]
|upkeep
|turn|14
|
|t:|1665616547
|switch|p2a: Melmetal|Melmetal|16/100 brn
|move|p1a: Zapdos|Weather Ball|p2a: Melmetal
|-damage|p2a: Melmetal|0 fnt
|faint|p2a: Melmetal
|-damage|p1a: Zapdos|61/100|[from] item: Life Orb
|
|-weather|RainDance|[upkeep]
|upkeep
|
|t:|1665616552
|switch|p2a: Tornadus|Tornadus-Therian, M|80/100
|turn|15
|
|t:|1665616556
|switch|p2a: Landorus|Landorus-Therian, M|100/100
|-ability|p2a: Landorus|Intimidate|boost
|-unboost|p1a: Zapdos|atk|1
|move|p1a: Zapdos|Weather Ball|p2a: Landorus
|-supereffective|p2a: Landorus
|-damage|p2a: Landorus|6/100
|-damage|p1a: Zapdos|51/100|[from] item: Life Orb
|
|-weather|RainDance|[upkeep]
|-heal|p2a: Landorus|12/100|[from] item: Leftovers
|upkeep
|turn|16
|
|t:|1665616565
|move|p1a: Zapdos|Hurricane|p2a: Landorus
|-crit|p2a: Landorus
|-damage|p2a: Landorus|0 fnt
|faint|p2a: Landorus
|-damage|p1a: Zapdos|41/100|[from] item: Life Orb
|
|-weather|none
|upkeep
|
|t:|1665616566
|switch|p2a: Rillaboom|Rillaboom, M|100/100
|-fieldstart|move: Grassy Terrain|[from] ability: Grassy Surge|[of] p2a: Rillaboom
|turn|17
|
|t:|1665616571
|switch|p1a: Pelipper|Pelipper, F|94/100 tox
|-weather|RainDance|[from] ability: Drizzle|[of] p1a: Pelipper
|move|p2a: Rillaboom|Grassy Glide|p1a: Pelipper
|-damage|p1a: Pelipper|37/100 tox
|
|-weather|RainDance|[upkeep]
|-damage|p1a: Pelipper|31/100 tox|[from] psn
|upkeep
|turn|18
|
|t:|1665616573
|move|p2a: Rillaboom|Grassy Glide|p1a: Pelipper
|-damage|p1a: Pelipper|0 fnt
|faint|p1a: Pelipper
|
|-weather|RainDance|[upkeep]
|upkeep
|
|t:|1665616578
|switch|p1a: Kingdra|Kingdra, F|100/100
|turn|19
|
|t:|1665616580
|move|p2a: Rillaboom|Grassy Glide|p1a: Kingdra
|-damage|p1a: Kingdra|3/100
|move|p1a: Kingdra|Hurricane|p2a: Rillaboom
|-supereffective|p2a: Rillaboom
|-damage|p2a: Rillaboom|0 fnt
|faint|p2a: Rillaboom
|-damage|p1a: Kingdra|0 fnt|[from] item: Life Orb
|faint|p1a: Kingdra
|
|-weather|RainDance|[upkeep]
|upkeep
|
|t:|1665616585
|switch|p2a: Tornadus|Tornadus-Therian, M|100/100
|switch|p1a: Zapdos|Zapdos|41/100
|turn|20
|
|t:|1665616588
|move|p2a: Tornadus|Icy Wind|p1a: Zapdos|[miss]
|-miss|p2a: Tornadus|p1a: Zapdos
|move|p1a: Zapdos|Thunder|p2a: Tornadus
|-supereffective|p2a: Tornadus
|-damage|p2a: Tornadus|6/100
|-status|p2a: Tornadus|par
|-damage|p1a: Zapdos|31/100|[from] item: Life Orb
|
|-weather|RainDance|[upkeep]
|upkeep
|turn|21
|c|☆knexhawk2|the one way i lose
|
|t:|1665616595
|move|p1a: Zapdos|Thunder|p2a: Tornadus
|-supereffective|p2a: Tornadus
|-damage|p2a: Tornadus|0 fnt
|faint|p2a: Tornadus
|-damage|p1a: Zapdos|21/100|[from] item: Life Orb
|
|-weather|RainDance|[upkeep]
|-fieldend|move: Grassy Terrain
|upkeep
|c|☆Deadpool say|rekt
|c|☆knexhawk2|awesome
|c|☆Deadpool say|nice double thou
|c|☆knexhawk2|mhm
|
|t:|1665616617
|switch|p2a: Slowbro|Slowbro, F|100/100
|turn|22
|
|t:|1665616620
|move|p1a: Zapdos|Thunder|p2a: Slowbro
|-supereffective|p2a: Slowbro
|-damage|p2a: Slowbro|0 fnt
|faint|p2a: Slowbro
|-damage|p1a: Zapdos|11/100|[from] item: Life Orb
|
|win|Deadpool say
|raw|Deadpool say's rating: 1670 &rarr; <strong>1695</strong><br />(+25 for winning)
|raw|knexhawk2's rating: 1759 &rarr; <strong>1734</strong><br />(-25 for losing)
|c|☆knexhawk2|95 accuracy fuck off
|l|☆knexhawk2
