|raw|<div class="broadcast-blue"><strong>This battle is required to be public due to a player having a name starting with 'lt91bb'.</div>
|j|☆Trogba Trogba
|j|☆LT91BB Ahsan
|t:|1658927243
|gametype|singles
|player|p1|Trogba Trogba|lance|1572
|player|p2|LT91BB Ahsan|elesa-masters|1561
|teamsize|p1|6
|teamsize|p2|6
|gen|8
|tier|[Gen 8] OU
|rated|
|rule|Sleep Clause Mod: Limit one foe put to sleep
|rule|Species Clause: Limit one of each Pokémon
|rule|OHKO Clause: OHKO moves are banned
|rule|Evasion Moves Clause: Evasion moves are banned
|rule|Endless Battle Clause: Forcing endless battles is banned
|rule|HP Percentage Mod: HP is shown in percentages
|rule|Dynamax Clause: You cannot dynamax
|clearpoke
|poke|p1|Landorus-Therian, M|
|poke|p1|Ferrothorn, F|
|poke|p1|Weavile, F|
|poke|p1|Dragapult, M|
|poke|p1|Heatran, M|
|poke|p1|Tornadus-Therian, M|
|poke|p2|Garchomp, F|
|poke|p2|Corviknight, M|
|poke|p2|Rotom-Wash|
|poke|p2|Slowking-Galar, M|
|poke|p2|Buzzwole|
|poke|p2|Weavile, F|
|teampreview
|inactive|Battle timer is ON: inactive players will automatically lose when time's up. (requested by LT91BB Ahsan)
|j| RNN YasuKe
|inactive|Trogba Trogba has 120 seconds left.
|j| LT91BB ong
|j| LT91BB AU
|j| Pais
|j| Ultimate ou
|
|t:|1658927294
|start
|switch|p1a: Ferrothorn|Ferrothorn, F|100/100
|switch|p2a: UNCLE DREW|Garchomp, F|100/100
|turn|1
|j| LT91BB Raizen
|
|t:|1658927297
|move|p2a: UNCLE DREW|Stealth Rock|p1a: Ferrothorn
|-sidestart|p1: Trogba Trogba|move: Stealth Rock
|move|p1a: Ferrothorn|Spikes|p2a: UNCLE DREW
|-sidestart|p2: LT91BB Ahsan|Spikes
|
|upkeep
|turn|2
|
|t:|1658927302
|switch|p2a: ZION W (ZANOS)|Buzzwole|100/100
|-damage|p2a: ZION W (ZANOS)|88/100|[from] Spikes
|move|p1a: Ferrothorn|Knock Off|p2a: ZION W (ZANOS)
|-resisted|p2a: ZION W (ZANOS)
|-damage|p2a: ZION W (ZANOS)|81/100
|-enditem|p2a: ZION W (ZANOS)|Choice Band|[from] move: Knock Off|[of] p1a: Ferrothorn
|
|upkeep
|turn|3
|
|t:|1658927306
|switch|p1a: Tornadus|Tornadus-Therian, M|100/100
|move|p2a: ZION W (ZANOS)|Ice Punch|p1a: Tornadus
|-supereffective|p1a: Tornadus
|-damage|p1a: Tornadus|36/100
|
|upkeep
|turn|4
|l| LT91BB AU
|j| LT91BB Tace
|j| LT91BB AlI
|l| LT91BB AlI
|
|t:|1658927318
|switch|p2a: DRIP BAYLESS|Rotom-Wash|100/100
|move|p1a: Tornadus|U-turn|p2a: DRIP BAYLESS
|-damage|p2a: DRIP BAYLESS|86/100
|j| crosschampion
|
|t:|1658927329
|switch|p1a: Dragapult|Dragapult, M|100/100|[from]move: U-turn
|-damage|p1a: Dragapult|88/100|[from] Stealth Rock
|
|upkeep
|turn|5
|
|t:|1658927334
|move|p2a: DRIP BAYLESS|Volt Switch|p1a: Dragapult
|-resisted|p1a: Dragapult
|-crit|p1a: Dragapult
|-damage|p1a: Dragapult|60/100
|
|t:|1658927338
|switch|p2a: SLO MO|Slowking-Galar, M|100/100|[from]move: Volt Switch
|-damage|p2a: SLO MO|88/100|[from] Spikes
|move|p1a: Dragapult|Shadow Ball|p2a: SLO MO
|-supereffective|p2a: SLO MO
|-damage|p2a: SLO MO|36/100
|
|upkeep
|turn|6
|
|t:|1658927345
|switch|p2a: UNCLE DREW|Garchomp, F|100/100
|-damage|p2a: UNCLE DREW|88/100|[from] Spikes
|move|p1a: Dragapult|Shadow Ball|p2a: UNCLE DREW
|-damage|p2a: UNCLE DREW|53/100
|
|-heal|p2a: UNCLE DREW|59/100|[from] item: Leftovers
|upkeep
|turn|7
|
|t:|1658927354
|switch|p1a: Ferrothorn|Ferrothorn, F|100/100
|-damage|p1a: Ferrothorn|94/100|[from] Stealth Rock
|move|p2a: UNCLE DREW|Toxic|p1a: Ferrothorn
|-immune|p1a: Ferrothorn
|
|-heal|p2a: UNCLE DREW|65/100|[from] item: Leftovers
|-heal|p1a: Ferrothorn|100/100|[from] item: Leftovers
|upkeep
|turn|8
|
|t:|1658927366
|switch|p2a: SPICY P|Corviknight, M|100/100
|-ability|p2a: SPICY P|Pressure
|move|p1a: Ferrothorn|Leech Seed|p2a: SPICY P
|-start|p2a: SPICY P|move: Leech Seed
|
|-damage|p2a: SPICY P|88/100|[from] Leech Seed|[of] p1a: Ferrothorn
|upkeep
|turn|9
|
|t:|1658927369
|move|p2a: SPICY P|U-turn|p1a: Ferrothorn
|-damage|p1a: Ferrothorn|93/100
|-damage|p2a: SPICY P|76/100|[from] ability: Iron Barbs|[of] p1a: Ferrothorn
|
|t:|1658927371
|switch|p2a: ZION W (ZANOS)|Buzzwole|81/100|[from]move: U-turn
|-damage|p2a: ZION W (ZANOS)|68/100|[from] Spikes
|move|p1a: Ferrothorn|Knock Off|p2a: ZION W (ZANOS)
|-resisted|p2a: ZION W (ZANOS)
|-damage|p2a: ZION W (ZANOS)|64/100
|
|-heal|p1a: Ferrothorn|99/100|[from] item: Leftovers
|upkeep
|turn|10
|
|t:|1658927382
|switch|p1a: Tornadus|Tornadus-Therian, M|69/100
|move|p2a: ZION W (ZANOS)|Close Combat|p1a: Tornadus
|-resisted|p1a: Tornadus
|-damage|p1a: Tornadus|36/100
|-unboost|p2a: ZION W (ZANOS)|def|1
|-unboost|p2a: ZION W (ZANOS)|spd|1
|
|upkeep
|turn|11
|
|t:|1658927391
|switch|p2a: DRIP BAYLESS|Rotom-Wash|86/100
|move|p1a: Tornadus|Knock Off|p2a: DRIP BAYLESS
|-damage|p2a: DRIP BAYLESS|64/100
|-enditem|p2a: DRIP BAYLESS|Choice Scarf|[from] move: Knock Off|[of] p1a: Tornadus
|
|upkeep
|turn|12
|
|t:|1658927399
|move|p1a: Tornadus|U-turn|p2a: DRIP BAYLESS
|-damage|p2a: DRIP BAYLESS|48/100
|
|t:|1658927401
|switch|p1a: Ferrothorn|Ferrothorn, F|99/100|[from]move: U-turn
|-damage|p1a: Ferrothorn|93/100|[from] Stealth Rock
|move|p2a: DRIP BAYLESS|Volt Switch|p1a: Ferrothorn
|-resisted|p1a: Ferrothorn
|-damage|p1a: Ferrothorn|81/100
|
|t:|1658927403
|switch|p2a: ZION W (ZANOS)|Buzzwole|64/100|[from]move: Volt Switch
|-damage|p2a: ZION W (ZANOS)|51/100|[from] Spikes
|
|-heal|p1a: Ferrothorn|88/100|[from] item: Leftovers
|upkeep
|turn|13
|
|t:|1658927406
|switch|p1a: Tornadus|Tornadus-Therian, M|69/100
|move|p2a: ZION W (ZANOS)|Close Combat|p1a: Tornadus
|-resisted|p1a: Tornadus
|-damage|p1a: Tornadus|31/100
|-unboost|p2a: ZION W (ZANOS)|def|1
|-unboost|p2a: ZION W (ZANOS)|spd|1
|
|upkeep
|turn|14
|
|t:|1658927415
|switch|p2a: DRIP BAYLESS|Rotom-Wash|48/100
|move|p1a: Tornadus|Hurricane|p2a: DRIP BAYLESS
|-resisted|p2a: DRIP BAYLESS
|-damage|p2a: DRIP BAYLESS|26/100
|
|upkeep
|turn|15
|
|t:|1658927424
|move|p1a: Tornadus|U-turn|p2a: DRIP BAYLESS
|-crit|p2a: DRIP BAYLESS
|-damage|p2a: DRIP BAYLESS|1/100
|
|t:|1658927430
|switch|p1a: Ferrothorn|Ferrothorn, F|88/100|[from]move: U-turn
|-damage|p1a: Ferrothorn|81/100|[from] Stealth Rock
|move|p2a: DRIP BAYLESS|Hydro Pump|p1a: Ferrothorn
|-resisted|p1a: Ferrothorn
|-damage|p1a: Ferrothorn|65/100
|
|-heal|p1a: Ferrothorn|71/100|[from] item: Leftovers
|upkeep
|turn|16
|
|t:|1658927434
|move|p2a: DRIP BAYLESS|Trick|p1a: Ferrothorn
|-activate|p2a: DRIP BAYLESS|move: Trick|[of] p1a: Ferrothorn
|-enditem|p1a: Ferrothorn|Leftovers|[silent]|[from] move: Trick
|-item|p2a: DRIP BAYLESS|Leftovers|[from] move: Trick
|move|p1a: Ferrothorn|Spikes|p2a: DRIP BAYLESS
|-sidestart|p2: LT91BB Ahsan|Spikes
|
|-heal|p2a: DRIP BAYLESS|7/100|[from] item: Leftovers
|upkeep
|turn|17
|
|t:|1658927437
|move|p2a: DRIP BAYLESS|Volt Switch|p1a: Ferrothorn
|-resisted|p1a: Ferrothorn
|-crit|p1a: Ferrothorn
|-damage|p1a: Ferrothorn|55/100
|
|t:|1658927441
|switch|p2a: SLO MO|Slowking-Galar, M|69/100|[from]move: Volt Switch
|-damage|p2a: SLO MO|53/100|[from] Spikes
|move|p1a: Ferrothorn|Leech Seed|p2a: SLO MO
|-start|p2a: SLO MO|move: Leech Seed
|
|-damage|p2a: SLO MO|40/100|[from] Leech Seed|[of] p1a: Ferrothorn
|-heal|p1a: Ferrothorn|69/100|[silent]
|upkeep
|turn|18
|
|t:|1658927447
|switch|p1a: Heatran|Heatran, M|100/100
|-damage|p1a: Heatran|88/100|[from] Stealth Rock
|-item|p1a: Heatran|Air Balloon
|switch|p2a: ZION W (ZANOS)|Buzzwole|51/100
|-damage|p2a: ZION W (ZANOS)|35/100|[from] Spikes
|
|upkeep
|turn|19
|l| LT91BB ong
|
|t:|1658927457
|switch|p1a: Tornadus|Tornadus-Therian, M|64/100
|move|p2a: ZION W (ZANOS)|Ice Punch|p1a: Tornadus
|-supereffective|p1a: Tornadus
|-crit|p1a: Tornadus
|-damage|p1a: Tornadus|0 fnt
|faint|p1a: Tornadus
|-ability|p2a: ZION W (ZANOS)|Beast Boost|boost
|-boost|p2a: ZION W (ZANOS)|atk|1
|
|upkeep
|
|t:|1658927460
|switch|p1a: Dragapult|Dragapult, M|60/100
|-damage|p1a: Dragapult|48/100|[from] Stealth Rock
|turn|20
|j| Aniruddh Chidar
|
|t:|1658927469
|switch|p2a: DRIP BAYLESS|Rotom-Wash|7/100
|move|p1a: Dragapult|Shadow Ball|p2a: DRIP BAYLESS
|-damage|p2a: DRIP BAYLESS|0 fnt
|faint|p2a: DRIP BAYLESS
|
|upkeep
|
|t:|1658927471
|switch|p2a: DLO (ICE IN MY)|Weavile, F|100/100
|-ability|p2a: DLO (ICE IN MY)|Pressure
|turn|21
|
|t:|1658927474
|switch|p1a: Ferrothorn|Ferrothorn, F|69/100
|-damage|p1a: Ferrothorn|63/100|[from] Stealth Rock
|move|p2a: DLO (ICE IN MY)|Swords Dance|p2a: DLO (ICE IN MY)
|-boost|p2a: DLO (ICE IN MY)|atk|2
|
|upkeep
|turn|22
|
|t:|1658927476
|move|p2a: DLO (ICE IN MY)|Triple Axel|p1a: Ferrothorn
|-damage|p1a: Ferrothorn|50/100
|-damage|p2a: DLO (ICE IN MY)|88/100|[from] ability: Iron Barbs|[of] p1a: Ferrothorn
|-damage|p1a: Ferrothorn|24/100
|-damage|p2a: DLO (ICE IN MY)|76/100|[from] ability: Iron Barbs|[of] p1a: Ferrothorn
|-damage|p1a: Ferrothorn|0 fnt
|-damage|p2a: DLO (ICE IN MY)|63/100|[from] ability: Iron Barbs|[of] p1a: Ferrothorn
|faint|p1a: Ferrothorn
|-hitcount|p1: Ferrothorn|3
|
|upkeep
|
|t:|1658927489
|switch|p1a: Weavile|Weavile, F|100/100
|-damage|p1a: Weavile|76/100|[from] Stealth Rock
|-ability|p1a: Weavile|Pressure
|turn|23
|l| Aniruddh Chidar
|
|t:|1658927494
|switch|p2a: SPICY P|Corviknight, M|76/100
|-ability|p2a: SPICY P|Pressure
|move|p1a: Weavile|Low Kick|p2a: SPICY P
|-damage|p2a: SPICY P|54/100
|-damage|p1a: Weavile|59/100|[from] item: Rocky Helmet|[of] p2a: SPICY P
|
|upkeep
|turn|24
|j| Lost123456789
|l| Lost123456789
|
|t:|1658927500
|switch|p1a: Dragapult|Dragapult, M|48/100
|-damage|p1a: Dragapult|36/100|[from] Stealth Rock
|move|p2a: SPICY P|U-turn|p1a: Dragapult
|-resisted|p1a: Dragapult
|-damage|p1a: Dragapult|26/100
|
|t:|1658927504
|switch|p2a: DLO (ICE IN MY)|Weavile, F|63/100|[from]move: U-turn
|-ability|p2a: DLO (ICE IN MY)|Pressure
|
|upkeep
|turn|25
|
|t:|1658927508
|switch|p1a: Heatran|Heatran, M|88/100
|-damage|p1a: Heatran|76/100|[from] Stealth Rock
|-item|p1a: Heatran|Air Balloon
|move|p2a: DLO (ICE IN MY)|Ice Shard|p1a: Heatran
|-resisted|p1a: Heatran
|-damage|p1a: Heatran|70/100
|-enditem|p1a: Heatran|Air Balloon
|
|upkeep
|turn|26
|
|t:|1658927520
|switch|p2a: UNCLE DREW|Garchomp, F|65/100
|-damage|p2a: UNCLE DREW|49/100|[from] Spikes
|switch|p1a: Landorus|Landorus-Therian, M|100/100
|-damage|p1a: Landorus|88/100|[from] Stealth Rock
|-ability|p1a: Landorus|Intimidate|boost
|-unboost|p2a: UNCLE DREW|atk|1
|
|-heal|p2a: UNCLE DREW|55/100|[from] item: Leftovers
|-heal|p1a: Landorus|94/100|[from] item: Leftovers
|upkeep
|turn|27
|
|t:|1658927527
|move|p2a: UNCLE DREW|Toxic|p1a: Landorus
|-status|p1a: Landorus|tox
|move|p1a: Landorus|Earthquake|p2a: UNCLE DREW
|-damage|p2a: UNCLE DREW|16/100
|
|-heal|p2a: UNCLE DREW|22/100|[from] item: Leftovers
|-heal|p1a: Landorus|99/100 tox|[from] item: Leftovers
|-damage|p1a: Landorus|94/100 tox|[from] psn
|upkeep
|turn|28
|
|t:|1658927529
|move|p2a: UNCLE DREW|Protect|p2a: UNCLE DREW
|-singleturn|p2a: UNCLE DREW|Protect
|move|p1a: Landorus|Stealth Rock|p2a: UNCLE DREW
|-sidestart|p2: LT91BB Ahsan|move: Stealth Rock
|
|-heal|p2a: UNCLE DREW|28/100|[from] item: Leftovers
|-heal|p1a: Landorus|99/100 tox|[from] item: Leftovers
|-damage|p1a: Landorus|88/100 tox|[from] psn
|upkeep
|turn|29
|
|t:|1658927536
|move|p2a: UNCLE DREW|Protect||[still]
|-fail|p2a: UNCLE DREW
|move|p1a: Landorus|Earthquake|p2a: UNCLE DREW
|-damage|p2a: UNCLE DREW|0 fnt
|faint|p2a: UNCLE DREW
|
|-heal|p1a: Landorus|94/100 tox|[from] item: Leftovers
|-damage|p1a: Landorus|76/100 tox|[from] psn
|upkeep
|
|t:|1658927549
|switch|p2a: SPICY P|Corviknight, M|54/100
|-damage|p2a: SPICY P|41/100|[from] Stealth Rock
|-ability|p2a: SPICY P|Pressure
|turn|30
|
|t:|1658927553
|switch|p1a: Heatran|Heatran, M|70/100
|-damage|p1a: Heatran|57/100|[from] Stealth Rock
|move|p2a: SPICY P|Defog|p1a: Heatran
|-unboost|p1a: Heatran|evasion|1
|-sideend|p1: Trogba Trogba|Stealth Rock|[from] move: Defog|[of] p2a: SPICY P
|-sideend|p2: LT91BB Ahsan|Spikes|[from] move: Defog|[of] p2a: SPICY P
|-sideend|p2: LT91BB Ahsan|Stealth Rock|[from] move: Defog|[of] p2a: SPICY P
|
|upkeep
|turn|31
|
|t:|1658927562
|switch|p2a: SLO MO|Slowking-Galar, M|74/100
|move|p1a: Heatran|Magma Storm|p2a: SLO MO|[miss]
|-miss|p1a: Heatran|p2a: SLO MO
|
|upkeep
|turn|32
|
|t:|1658927568
|switch|p1a: Weavile|Weavile, F|59/100
|-ability|p1a: Weavile|Pressure
|move|p2a: SLO MO|Scald|p1a: Weavile
|-damage|p1a: Weavile|23/100
|
|upkeep
|turn|33
|
|t:|1658927577
|switch|p2a: SPICY P|Corviknight, M|41/100
|-ability|p2a: SPICY P|Pressure
|move|p1a: Weavile|Knock Off|p2a: SPICY P
|-damage|p2a: SPICY P|0 fnt
|-damage|p1a: Weavile|7/100|[from] item: Rocky Helmet|[of] p2a: SPICY P
|-enditem|p2a: SPICY P|Rocky Helmet|[from] move: Knock Off|[of] p1a: Weavile
|faint|p2a: SPICY P
|
|upkeep
|
|t:|1658927581
|switch|p2a: ZION W (ZANOS)|Buzzwole|35/100
|turn|34
|
|t:|1658927595
|switch|p1a: Landorus|Landorus-Therian, M|76/100 tox
|-ability|p1a: Landorus|Intimidate|boost
|-unboost|p2a: ZION W (ZANOS)|atk|1
|move|p2a: ZION W (ZANOS)|Ice Punch|p1a: Landorus
|-supereffective|p1a: Landorus
|-damage|p1a: Landorus|0 fnt
|faint|p1a: Landorus
|-ability|p2a: ZION W (ZANOS)|Beast Boost|boost
|-boost|p2a: ZION W (ZANOS)|atk|1
|
|upkeep
|
|t:|1658927604
|switch|p1a: Dragapult|Dragapult, M|26/100
|turn|35
|
|t:|1658927612
|switch|p2a: SLO MO|Slowking-Galar, M|100/100
|move|p1a: Dragapult|Draco Meteor|p2a: SLO MO
|-damage|p2a: SLO MO|55/100
|-unboost|p1a: Dragapult|spa|2
|
|upkeep
|turn|36
|l| Ultimate ou
|
|t:|1658927621
|move|p1a: Dragapult|Draco Meteor|p2a: SLO MO
|-damage|p2a: SLO MO|33/100
|-unboost|p1a: Dragapult|spa|2
|move|p2a: SLO MO|Scald|p1a: Dragapult
|-resisted|p1a: Dragapult
|-damage|p1a: Dragapult|7/100
|-status|p1a: Dragapult|brn
|
|-damage|p1a: Dragapult|1/100 brn|[from] brn
|upkeep
|turn|37
|
|t:|1658927632
|move|p1a: Dragapult|Draco Meteor|p2a: SLO MO
|-damage|p2a: SLO MO|19/100
|-unboost|p1a: Dragapult|spa|2
|move|p2a: SLO MO|Scald|p1a: Dragapult
|-resisted|p1a: Dragapult
|-damage|p1a: Dragapult|0 fnt
|faint|p1a: Dragapult
|
|upkeep
|
|t:|1658927636
|switch|p1a: Heatran|Heatran, M|57/100
|turn|38
|
|t:|1658927648
|switch|p2a: ZION W (ZANOS)|Buzzwole|35/100
|move|p1a: Heatran|Earth Power|p2a: ZION W (ZANOS)
|-resisted|p2a: ZION W (ZANOS)
|-damage|p2a: ZION W (ZANOS)|11/100
|
|upkeep
|turn|39
|j| Bug-T
|
|t:|1658927651
|move|p1a: Heatran|Eruption|p2a: ZION W (ZANOS)
|-supereffective|p2a: ZION W (ZANOS)
|-damage|p2a: ZION W (ZANOS)|0 fnt
|faint|p2a: ZION W (ZANOS)
|
|upkeep
|
|t:|1658927653
|switch|p2a: SLO MO|Slowking-Galar, M|52/100
|turn|40
|
|t:|1658927664
|move|p1a: Heatran|Earth Power|p2a: SLO MO
|-supereffective|p2a: SLO MO
|-damage|p2a: SLO MO|20/100
|move|p2a: SLO MO|Scald|p1a: Heatran
|-supereffective|p1a: Heatran
|-damage|p1a: Heatran|0 fnt
|faint|p1a: Heatran
|
|upkeep
|
|t:|1658927667
|switch|p1a: Weavile|Weavile, F|7/100
|-ability|p1a: Weavile|Pressure
|turn|41
|
|t:|1658927670
|move|p1a: Weavile|Triple Axel|p2a: SLO MO
|-damage|p2a: SLO MO|4/100
|-damage|p2a: SLO MO|0 fnt
|faint|p2a: SLO MO
|-hitcount|p2: SLO MO|2
|
|upkeep
|
|t:|1658927671
|switch|p2a: DLO (ICE IN MY)|Weavile, F|63/100
|-ability|p2a: DLO (ICE IN MY)|Pressure
|turn|42
|
|t:|1658927673
|move|p2a: DLO (ICE IN MY)|Ice Shard|p1a: Weavile
|-resisted|p1a: Weavile
|-damage|p1a: Weavile|0 fnt
|faint|p1a: Weavile
|
|win|LT91BB Ahsan
|raw|Trogba Trogba's rating: 1572 &rarr; <strong>1551</strong><br />(-21 for losing)
|raw|LT91BB Ahsan's rating: 1561 &rarr; <strong>1582</strong><br />(+21 for winning)
|l|☆LT91BB Ahsan
|l|☆Trogba Trogba
|l| LT91BB Tace
|l| RNN YasuKe
