|j|☆Rxj
|j|☆willcoxw
|player|p1|Rxj|kiawe|1697
|player|p2|willcoxw|karen|1637
|teamsize|p1|6
|teamsize|p2|6
|gametype|singles
|gen|8
|tier|[Gen 8] OU
|rated|
|clearpoke
|poke|p1|Primarina, M|
|poke|p1|Toxapex, F|
|poke|p1|Ferrothorn, F|
|poke|p1|Mandibuzz, F|
|poke|p1|Clefable, F|
|poke|p1|Dragapult, F|
|poke|p2|Shuckle, M|
|poke|p2|Togekiss, M|
|poke|p2|Cinderace, M|
|poke|p2|Dragapult, M|
|poke|p2|Kyurem|
|poke|p2|Zeraora|
|rule|Sleep Clause Mod: Limit one foe put to sleep
|rule|Species Clause: Limit one of each Pokémon
|rule|OHKO Clause: OHKO moves are banned
|rule|Evasion Moves Clause: Evasion moves are banned
|rule|Endless Battle Clause: Forcing endless battles is banned
|rule|HP Percentage Mod: HP is shown in percentages
|rule|Dynamax Clause: You cannot dynamax
|teampreview
|inactive|Battle timer is ON: inactive players will automatically lose when time's up. (requested by Rxj)
|j| lvalvalva
|
|start
|switch|p1a: Primarina|Primarina, M|100/100
|switch|p2a: Shuckle|Shuckle, M|100/100
|turn|1
|j| 2 xs 2 Many
|
|move|p1a: Primarina|Substitute|p1a: Primarina
|-start|p1a: Primarina|Substitute
|-damage|p1a: Primarina|76/100
|move|p2a: Shuckle|Sticky Web|p1a: Primarina
|-sidestart|p1: Rxj|move: Sticky Web
|
|-heal|p1a: Primarina|82/100|[from] item: Leftovers
|upkeep
|turn|2
|
|move|p1a: Primarina|Scald|p2a: Shuckle
|-supereffective|p2a: Shuckle
|-damage|p2a: Shuckle|56/100
|-enditem|p2a: Shuckle|Red Card|[of] p1a: Primarina
|drag|p1a: Mandibuzz|Mandibuzz, F|100/100
|move|p2a: Shuckle|Stealth Rock|p1a: Mandibuzz
|-sidestart|p1: Rxj|move: Stealth Rock
|
|upkeep
|turn|3
|
|move|p1a: Mandibuzz|Defog|p2a: Shuckle
|-unboost|p2a: Shuckle|evasion|1
|-sideend|p1: Rxj|Stealth Rock|[from] move: Defog|[of] p1a: Mandibuzz
|-sideend|p1: Rxj|Sticky Web|[from] move: Defog|[of] p1a: Mandibuzz
|move|p2a: Shuckle|Encore|p1a: Mandibuzz
|-start|p1a: Mandibuzz|Encore
|
|upkeep
|turn|4
|
|switch|p1a: Primarina|Primarina, M|82/100
|move|p2a: Shuckle|Sticky Web|p1a: Primarina
|-sidestart|p1: Rxj|move: Sticky Web
|
|-heal|p1a: Primarina|88/100|[from] item: Leftovers
|upkeep
|turn|5
|
|move|p1a: Primarina|Scald|p2a: Shuckle
|-supereffective|p2a: Shuckle
|-damage|p2a: Shuckle|14/100
|move|p2a: Shuckle|Final Gambit|p1a: Primarina
|-damage|p1a: Primarina|78/100
|faint|p2a: Shuckle
|
|-heal|p1a: Primarina|85/100|[from] item: Leftovers
|upkeep
|
|switch|p2a: Togekiss|Togekiss, M|100/100
|turn|6
|
|move|p2a: Togekiss|Nasty Plot|p2a: Togekiss
|-boost|p2a: Togekiss|spa|2
|move|p1a: Primarina|Calm Mind|p1a: Primarina
|-boost|p1a: Primarina|spa|1
|-boost|p1a: Primarina|spd|1
|
|-heal|p1a: Primarina|91/100|[from] item: Leftovers
|upkeep
|turn|7
|j| fat skank
|
|move|p2a: Togekiss|Air Slash|p1a: Primarina
|-damage|p1a: Primarina|50/100
|cant|p1a: Primarina|flinch
|
|-heal|p1a: Primarina|56/100|[from] item: Leftovers
|upkeep
|turn|8
|
|move|p2a: Togekiss|Air Slash|p1a: Primarina
|-damage|p1a: Primarina|18/100
|move|p1a: Primarina|Moonblast|p2a: Togekiss
|-damage|p2a: Togekiss|42/100
|
|-heal|p2a: Togekiss|48/100|[from] item: Leftovers
|-heal|p1a: Primarina|24/100|[from] item: Leftovers
|upkeep
|turn|9
|
|move|p2a: Togekiss|Air Slash|p1a: Primarina
|-damage|p1a: Primarina|0 fnt
|faint|p1a: Primarina
|
|-heal|p2a: Togekiss|55/100|[from] item: Leftovers
|upkeep
|
|switch|p1a: Mandibuzz|Mandibuzz, F|100/100
|turn|10
|
|move|p2a: Togekiss|Air Slash|p1a: Mandibuzz
|-damage|p1a: Mandibuzz|59/100
|cant|p1a: Mandibuzz|flinch
|
|-heal|p2a: Togekiss|61/100|[from] item: Leftovers
|upkeep
|turn|11
|
|move|p2a: Togekiss|Air Slash|p1a: Mandibuzz
|-damage|p1a: Mandibuzz|13/100
|move|p1a: Mandibuzz|Defog|p2a: Togekiss
|-unboost|p2a: Togekiss|evasion|1
|-sideend|p1: Rxj|Sticky Web|[from] move: Defog|[of] p1a: Mandibuzz
|
|-heal|p2a: Togekiss|67/100|[from] item: Leftovers
|upkeep
|turn|12
|
|move|p2a: Togekiss|Substitute|p2a: Togekiss
|-start|p2a: Togekiss|Substitute
|-damage|p2a: Togekiss|42/100
|move|p1a: Mandibuzz|U-turn|p2a: Togekiss
|-resisted|p2a: Togekiss
|-activate|p2a: Togekiss|move: Substitute|[damage]
|
|switch|p1a: Dragapult|Dragapult, F|100/100|[from]move: U-turn
|
|-heal|p2a: Togekiss|48/100|[from] item: Leftovers
|upkeep
|turn|13
|
|move|p1a: Dragapult|Shadow Ball|p2a: Togekiss
|-damage|p2a: Togekiss|0 fnt
|faint|p2a: Togekiss
|
|upkeep
|
|switch|p2a: Cinderace|Cinderace, M|100/100
|turn|14
|
|move|p1a: Dragapult|Shadow Ball|p2a: Cinderace
|-damage|p2a: Cinderace|21/100
|move|p2a: Cinderace|U-turn|p1a: Dragapult
|-start|p2a: Cinderace|typechange|Bug|[from] ability: Libero
|-resisted|p1a: Dragapult
|-damage|p1a: Dragapult|76/100
|
|switch|p2a: Zeraora|Zeraora|100/100|[from]move: U-turn
|
|upkeep
|turn|15
|
|switch|p1a: Ferrothorn|Ferrothorn, F|100/100
|move|p2a: Zeraora|Knock Off|p1a: Ferrothorn
|-damage|p1a: Ferrothorn|79/100
|-damage|p2a: Zeraora|88/100|[from] ability: Iron Barbs|[of] p1a: Ferrothorn
|-damage|p2a: Zeraora|72/100|[from] item: Rocky Helmet|[of] p1a: Ferrothorn
|-enditem|p1a: Ferrothorn|Rocky Helmet|[from] move: Knock Off|[of] p2a: Zeraora
|-damage|p2a: Zeraora|62/100|[from] item: Life Orb
|
|upkeep
|turn|16
|
|move|p2a: Zeraora|Close Combat|p1a: Ferrothorn
|-supereffective|p1a: Ferrothorn
|-damage|p1a: Ferrothorn|22/100
|-unboost|p2a: Zeraora|def|1
|-unboost|p2a: Zeraora|spd|1
|-damage|p2a: Zeraora|50/100|[from] ability: Iron Barbs|[of] p1a: Ferrothorn
|-damage|p2a: Zeraora|40/100|[from] item: Life Orb
|move|p1a: Ferrothorn|Body Press|p2a: Zeraora
|-damage|p2a: Zeraora|0 fnt
|faint|p2a: Zeraora
|
|upkeep
|
|switch|p2a: Cinderace|Cinderace, M|21/100
|turn|17
|
|switch|p1a: Toxapex|Toxapex, F|100/100
|move|p2a: Cinderace|Pyro Ball|p1a: Toxapex
|-resisted|p1a: Toxapex
|-damage|p1a: Toxapex|83/100
|
|-heal|p1a: Toxapex|89/100|[from] item: Black Sludge
|upkeep
|turn|18
|l| 2 xs 2 Many
|
|switch|p1a: Clefable|Clefable, F|100/100
|move|p2a: Cinderace|U-turn|p1a: Clefable
|-start|p2a: Cinderace|typechange|Bug|[from] ability: Libero
|-resisted|p1a: Clefable
|-damage|p1a: Clefable|81/100
|
|switch|p2a: Kyurem|Kyurem|100/100|[from]move: U-turn
|-ability|p2a: Kyurem|Pressure
|
|-heal|p1a: Clefable|87/100|[from] item: Leftovers
|upkeep
|turn|19
|
|move|p2a: Kyurem|Ice Beam|p1a: Clefable
|-damage|p1a: Clefable|50/100
|move|p1a: Clefable|Wish|p1a: Clefable
|
|-heal|p1a: Clefable|57/100|[from] item: Leftovers
|upkeep
|turn|20
|
|move|p2a: Kyurem|Ice Beam|p1a: Clefable
|-damage|p1a: Clefable|15/100
|move|p1a: Clefable|Moonblast|p2a: Kyurem
|-supereffective|p2a: Kyurem
|-damage|p2a: Kyurem|44/100
|-unboost|p2a: Kyurem|spa|1
|
|-heal|p1a: Clefable|65/100|[from] move: Wish|[wisher] Clefable
|-heal|p1a: Clefable|71/100|[from] item: Leftovers
|upkeep
|turn|21
|
|move|p2a: Kyurem|Ice Beam|p1a: Clefable
|-damage|p1a: Clefable|36/100
|move|p1a: Clefable|Wish|p1a: Clefable
|
|-heal|p1a: Clefable|42/100|[from] item: Leftovers
|upkeep
|turn|22
|
|move|p1a: Clefable|Protect|p1a: Clefable
|-singleturn|p1a: Clefable|Protect
|move|p2a: Kyurem|Ice Beam|p1a: Clefable
|-activate|p1a: Clefable|move: Protect
|
|-heal|p1a: Clefable|92/100|[from] move: Wish|[wisher] Clefable
|-heal|p1a: Clefable|98/100|[from] item: Leftovers
|upkeep
|turn|23
|j| Sonic112233
|-message|willcoxw forfeited.
|
|win|Rxj
|l|☆willcoxw
|l| lvalvalva
|l| Sonic112233
||Ladder (probably) updated, but score could not be retrieved (Request timeout).
|l| fat skank
