|html|<div class="broadcast-blue"><strong>[Gen 8] OU is currently suspecting Melmetal! For information on how to participate check out the <a href="https://www.smogon.com/forums/threads/np-ss-ou-suspect-process-round-12-monster-mash.3709234/">suspect thread</a>.</strong></div>
|j|☆OUTD idiot
|j|☆Steez Ibanez
|t:|1666192926
|gametype|singles
|player|p1|OUTD idiot|serena-masters|1642
|player|p2|Steez Ibanez|acetrainer-gen7|1841
|teamsize|p1|6
|teamsize|p2|6
|gen|8
|tier|[Gen 8] OU
|rated|
|rule|Sleep Clause Mod: Limit one foe put to sleep
|rule|Species Clause: Limit one of each Pokémon
|rule|OHKO Clause: OHKO moves are banned
|rule|Evasion Items Clause: Evasion items are banned
|rule|Evasion Moves Clause: Evasion moves are banned
|rule|Endless Battle Clause: Forcing endless battles is banned
|rule|HP Percentage Mod: HP is shown in percentages
|rule|Dynamax Clause: You cannot dynamax
|clearpoke
|poke|p1|Skarmory, M|
|poke|p1|Stakataka|
|poke|p1|Garchomp, M|
|poke|p1|Polteageist|
|poke|p1|Volcarona, M|
|poke|p1|Dragapult, M|
|poke|p2|Urshifu-*, M|
|poke|p2|Garchomp, M|
|poke|p2|Zapdos|
|poke|p2|Weezing-Galar, M|
|poke|p2|Moltres-Galar|
|poke|p2|Ferrothorn, M|
|teampreview
|inactive|Battle timer is ON: inactive players will automatically lose when time's up. (requested by OUTD idiot)
|c|☆OUTD idiot|hf
|j| Sino pacific
|c|☆Steez Ibanez|Hf
|j| Pokeemon noob
|
|t:|1666192947
|start
|switch|p1a: Skarmory|Skarmory, M|100/100
|switch|p2a: Bolt|Zapdos|100/100
|turn|1
|
|t:|1666192955
|move|p1a: Skarmory|Stealth Rock|p2a: Bolt
|-sidestart|p2: Steez Ibanez|move: Stealth Rock
|move|p2a: Bolt|Discharge|p1a: Skarmory
|-supereffective|p1a: Skarmory
|-damage|p1a: Skarmory|7/100
|
|upkeep
|turn|2
|-enditem|p1a: Skarmory|Custap Berry|[eat]
|-activate|p1a: Skarmory|item: Custap Berry|[consumed]
|
|t:|1666192961
|move|p1a: Skarmory|Taunt|p2a: Bolt
|-start|p2a: Bolt|move: Taunt
|move|p2a: Bolt|Discharge|p1a: Skarmory
|-supereffective|p1a: Skarmory
|-damage|p1a: Skarmory|0 fnt
|faint|p1a: Skarmory
|
|upkeep
|
|t:|1666192968
|switch|p1a: Garchomp|Garchomp, M|100/100
|turn|3
|
|t:|1666192979
|switch|p1a: Volcarona|Volcarona, M|100/100
|switch|p2a: Speedwagon|Weezing-Galar, M|100/100
|-damage|p2a: Speedwagon|88/100|[from] Stealth Rock
|
|-heal|p2a: Speedwagon|94/100|[from] item: Black Sludge
|upkeep
|turn|4
|
|t:|1666192983
|switch|p2a: Samehada|Garchomp, M|100/100
|-damage|p2a: Samehada|94/100|[from] Stealth Rock
|move|p1a: Volcarona|Quiver Dance|p1a: Volcarona
|-boost|p1a: Volcarona|spa|1
|-boost|p1a: Volcarona|spd|1
|-boost|p1a: Volcarona|spe|1
|
|-heal|p2a: Samehada|100/100|[from] item: Leftovers
|upkeep
|turn|5
|
|t:|1666192987
|move|p1a: Volcarona|Bug Buzz|p2a: Samehada
|-damage|p2a: Samehada|39/100
|move|p2a: Samehada|Toxic|p1a: Volcarona
|-status|p1a: Volcarona|tox
|
|-heal|p2a: Samehada|45/100|[from] item: Leftovers
|-damage|p1a: Volcarona|94/100 tox|[from] psn
|upkeep
|turn|6
|
|t:|1666192993
|move|p1a: Volcarona|Psychic|p2a: Samehada
|-damage|p2a: Samehada|0 fnt
|faint|p2a: Samehada
|
|-damage|p1a: Volcarona|82/100 tox|[from] psn
|upkeep
|
|t:|1666192998
|switch|p2a: Phoenix Force|Moltres-Galar|100/100
|-damage|p2a: Phoenix Force|76/100|[from] Stealth Rock
|turn|7
|
|t:|1666193002
|move|p1a: Volcarona|Flamethrower|p2a: Phoenix Force
|-damage|p2a: Phoenix Force|28/100
|-ability|p2a: Phoenix Force|Berserk|boost
|-boost|p2a: Phoenix Force|spa|1
|move|p2a: Phoenix Force|Agility|p2a: Phoenix Force
|-boost|p2a: Phoenix Force|spe|2
|
|-heal|p2a: Phoenix Force|34/100|[from] item: Leftovers
|-damage|p1a: Volcarona|64/100 tox|[from] psn
|upkeep
|turn|8
|
|t:|1666193013
|move|p1a: Volcarona|Flamethrower|p2a: Phoenix Force
|-damage|p2a: Phoenix Force|0 fnt
|faint|p2a: Phoenix Force
|
|-damage|p1a: Volcarona|39/100 tox|[from] psn
|upkeep
|
|t:|1666193019
|switch|p2a: Bolt|Zapdos|100/100
|turn|9
|
|t:|1666193023
|move|p1a: Volcarona|Flamethrower|p2a: Bolt
|-damage|p2a: Bolt|29/100
|move|p2a: Bolt|Roost|p2a: Bolt
|-heal|p2a: Bolt|79/100
|-singleturn|p2a: Bolt|move: Roost
|
|-damage|p1a: Volcarona|9/100 tox|[from] psn
|upkeep
|turn|10
|
|t:|1666193032
|switch|p2a: Tanjiro Kun|Urshifu-Rapid-Strike, M|100/100
|-damage|p2a: Tanjiro Kun|94/100|[from] Stealth Rock
|move|p1a: Volcarona|Flamethrower|p2a: Tanjiro Kun
|-resisted|p2a: Tanjiro Kun
|-damage|p2a: Tanjiro Kun|36/100
|
|-damage|p1a: Volcarona|0 fnt|[from] psn
|faint|p1a: Volcarona
|upkeep
|
|t:|1666193036
|switch|p1a: Dragapult|Dragapult, M|100/100
|turn|11
|
|t:|1666193040
|move|p1a: Dragapult|Dragon Dance|p1a: Dragapult
|-boost|p1a: Dragapult|atk|1
|-boost|p1a: Dragapult|spe|1
|move|p2a: Tanjiro Kun|Surging Strikes|p1a: Dragapult
|-resisted|p1a: Dragapult
|-crit|p1a: Dragapult
|-damage|p1a: Dragapult|86/100
|-resisted|p1a: Dragapult
|-crit|p1a: Dragapult
|-damage|p1a: Dragapult|72/100
|-resisted|p1a: Dragapult
|-crit|p1a: Dragapult
|-damage|p1a: Dragapult|59/100
|-hitcount|p1a: Dragapult|3
|
|upkeep
|turn|12
|
|t:|1666193043
|switch|p2a: Speedwagon|Weezing-Galar, M|94/100
|-damage|p2a: Speedwagon|82/100|[from] Stealth Rock
|move|p1a: Dragapult|Phantom Force||[still]
|-prepare|p1a: Dragapult|Phantom Force
|
|-heal|p2a: Speedwagon|88/100|[from] item: Black Sludge
|upkeep
|turn|13
|
|t:|1666193046
|move|p1a: Dragapult|Phantom Force|p2a: Speedwagon|[from]lockedmove
|-crit|p2a: Speedwagon
|-damage|p2a: Speedwagon|0 fnt
|faint|p2a: Speedwagon
|-damage|p1a: Dragapult|49/100|[from] item: Life Orb
|
|upkeep
|
|t:|1666193054
|switch|p2a: Bolt|Zapdos|79/100
|turn|14
|
|t:|1666193056
|move|p1a: Dragapult|Dragon Darts|p2a: Bolt
|-damage|p2a: Bolt|41/100
|-anim|p1a: Dragapult|Dragon Darts|p2a: Bolt
|-damage|p2a: Bolt|2/100
|-damage|p1a: Dragapult|40/100|[from] item: Life Orb
|move|p2a: Bolt|Discharge|p1a: Dragapult
|-resisted|p1a: Dragapult
|-damage|p1a: Dragapult|19/100
|
|upkeep
|turn|15
|
|t:|1666193059
|switch|p2a: Abomination|Ferrothorn, M|100/100
|-damage|p2a: Abomination|95/100|[from] Stealth Rock
|move|p1a: Dragapult|Dragon Darts|p2a: Abomination
|-resisted|p2a: Abomination
|-damage|p2a: Abomination|79/100
|-anim|p1a: Dragapult|Dragon Darts|p2a: Abomination
|-resisted|p2a: Abomination
|-damage|p2a: Abomination|63/100
|-damage|p1a: Dragapult|9/100|[from] item: Life Orb
|
|upkeep
|turn|16
|
|t:|1666193062
|switch|p2a: Bolt|Zapdos|2/100
|move|p1a: Dragapult|Phantom Force||[still]
|-prepare|p1a: Dragapult|Phantom Force
|
|upkeep
|turn|17
|
|t:|1666193064
|move|p1a: Dragapult|Phantom Force|p2a: Bolt|[from]lockedmove
|-damage|p2a: Bolt|0 fnt
|-status|p1a: Dragapult|par|[from] ability: Static|[of] p2a: Bolt
|faint|p2a: Bolt
|-damage|p1a: Dragapult|0 fnt|[from] item: Life Orb
|faint|p1a: Dragapult
|
|upkeep
|
|t:|1666193069
|switch|p1a: Garchomp|Garchomp, M|100/100
|switch|p2a: Abomination|Ferrothorn, M|63/100
|-damage|p2a: Abomination|57/100|[from] Stealth Rock
|turn|18
|
|t:|1666193071
|move|p1a: Garchomp|Fire Fang|p2a: Abomination
|-supereffective|p2a: Abomination
|-damage|p2a: Abomination|8/100
|-status|p2a: Abomination|brn
|-damage|p1a: Garchomp|88/100|[from] ability: Iron Barbs|[of] p2a: Abomination
|-damage|p1a: Garchomp|72/100|[from] item: Rocky Helmet|[of] p2a: Abomination
|move|p2a: Abomination|Leech Seed|p1a: Garchomp
|-start|p1a: Garchomp|move: Leech Seed
|
|-damage|p1a: Garchomp|59/100|[from] Leech Seed|[of] p2a: Abomination
|-heal|p2a: Abomination|20/100 brn|[silent]
|-damage|p2a: Abomination|14/100 brn|[from] brn
|upkeep
|turn|19
|
|t:|1666193075
|move|p1a: Garchomp|Earthquake|p2a: Abomination
|-damage|p2a: Abomination|0 fnt
|faint|p2a: Abomination
|
|upkeep
|
|t:|1666193076
|switch|p2a: Tanjiro Kun|Urshifu-Rapid-Strike, M|36/100
|-damage|p2a: Tanjiro Kun|30/100|[from] Stealth Rock
|turn|20
|c|☆OUTD idiot|gg
|
|t:|1666193081
|move|p1a: Garchomp|Earthquake|p2a: Tanjiro Kun
|-damage|p2a: Tanjiro Kun|0 fnt
|faint|p2a: Tanjiro Kun
|
|win|OUTD idiot
|raw|OUTD idiot's rating: 1642 &rarr; <strong>1672</strong><br />(+30 for winning)
|raw|Steez Ibanez's rating: 1841 &rarr; <strong>1811</strong><br />(-30 for losing)
