|j|☆Seigneur-Fou
|j|☆BOX MUNCHER
|t:|1658416214
|gametype|singles
|player|p1|Seigneur-Fou|101|1529
|player|p2|BOX MUNCHER|scientist|1583
|teamsize|p1|6
|teamsize|p2|6
|gen|8
|tier|[Gen 8] OU
|rated|
|rule|Sleep Clause Mod: Limit one foe put to sleep
|rule|Species Clause: Limit one of each Pokémon
|rule|OHKO Clause: OHKO moves are banned
|rule|Evasion Moves Clause: Evasion moves are banned
|rule|Endless Battle Clause: Forcing endless battles is banned
|rule|HP Percentage Mod: HP is shown in percentages
|rule|Dynamax Clause: You cannot dynamax
|clearpoke
|poke|p1|Dragapult, F|
|poke|p1|Tapu Bulu|
|poke|p1|Cobalion|
|poke|p1|Hawlucha, M|
|poke|p1|Aegislash, F|
|poke|p1|Urshifu-*, M|
|poke|p2|Heliolisk, M|
|poke|p2|Golurk|
|poke|p2|Shedinja|
|poke|p2|Heatran, M|
|poke|p2|Weezing-Galar, F|
|poke|p2|Terrakion|
|teampreview
|inactive|Battle timer is ON: inactive players will automatically lose when time's up. (requested by Seigneur-Fou)
|
|t:|1658416225
|start
|switch|p1a: Cobalion|Cobalion|100/100
|switch|p2a: Heliolisk|Heliolisk, M|100/100
|-item|p1a: Cobalion|Air Balloon
|turn|1
|
|t:|1658416231
|move|p2a: Heliolisk|U-turn|p1a: Cobalion
|-resisted|p1a: Cobalion
|-damage|p1a: Cobalion|99/100
|-enditem|p1a: Cobalion|Air Balloon
|
|t:|1658416242
|switch|p2a: Golurk|Golurk|100/100|[from]move: U-turn
|move|p1a: Cobalion|Stealth Rock|p2a: Golurk
|-sidestart|p2: BOX MUNCHER|move: Stealth Rock
|
|upkeep
|turn|2
|
|t:|1658416251
|move|p1a: Cobalion|Taunt|p2a: Golurk
|-start|p2a: Golurk|move: Taunt
|move|p2a: Golurk|Poltergeist||[still]
|-fail|p2a: Golurk
|
|upkeep
|turn|3
|
|t:|1658416267
|switch|p1a: Tapu Bulu|Tapu Bulu|100/100
|-fieldstart|move: Grassy Terrain|[from] ability: Grassy Surge|[of] p1a: Tapu Bulu
|switch|p2a: Shedinja|Shedinja|100/100
|
|upkeep
|turn|4
|
|t:|1658416278
|switch|p1a: Aegislash|Aegislash, F|100/100
|switch|p2a: Weezing|Weezing-Galar, F|100/100
|-damage|p2a: Weezing|88/100|[from] Stealth Rock
|
|-heal|p2a: Weezing|94/100|[from] item: Black Sludge
|upkeep
|turn|5
|
|t:|1658416287
|switch|p2a: Heliolisk|Heliolisk, M|100/100
|-formechange|p1a: Aegislash|Aegislash-Blade||[from] ability: Stance Change
|move|p1a: Aegislash|Shadow Ball|p2a: Heliolisk
|-immune|p2a: Heliolisk
|
|upkeep
|turn|6
|
|t:|1658416307
|switch|p1a: Cobalion|Cobalion|99/100
|move|p2a: Heliolisk|Glare|p1a: Cobalion
|-status|p1a: Cobalion|par
|
|-heal|p1a: Cobalion|100/100 par|[from] Grassy Terrain
|upkeep
|turn|7
|
|t:|1658416318
|move|p2a: Heliolisk|U-turn|p1a: Cobalion
|-resisted|p1a: Cobalion
|-damage|p1a: Cobalion|99/100 par
|
|t:|1658416320
|switch|p2a: Golurk|Golurk|100/100|[from]move: U-turn
|-damage|p2a: Golurk|94/100|[from] Stealth Rock
|move|p1a: Cobalion|Stealth Rock||[still]
|-fail|p1a: Cobalion
|
|-heal|p1a: Cobalion|100/100 par|[from] Grassy Terrain
|-heal|p2a: Golurk|100/100|[from] Grassy Terrain
|upkeep
|turn|8
|
|t:|1658416331
|move|p1a: Cobalion|Taunt|p2a: Golurk
|-start|p2a: Golurk|move: Taunt
|move|p2a: Golurk|Dynamic Punch|p1a: Cobalion
|-supereffective|p1a: Cobalion
|-damage|p1a: Cobalion|22/100 par
|-start|p1a: Cobalion|confusion
|
|-heal|p1a: Cobalion|28/100 par|[from] Grassy Terrain
|upkeep
|turn|9
|
|t:|1658416344
|switch|p2a: Heatran|Heatran, M|100/100
|-damage|p2a: Heatran|88/100|[from] Stealth Rock
|-item|p2a: Heatran|Air Balloon
|-activate|p1a: Cobalion|confusion
|-damage|p1a: Cobalion|21/100 par|[from] confusion
|
|-heal|p1a: Cobalion|27/100 par|[from] Grassy Terrain
|upkeep
|turn|10
|
|t:|1658416352
|move|p2a: Heatran|Eruption|p1a: Cobalion
|-supereffective|p1a: Cobalion
|-damage|p1a: Cobalion|0 fnt
|faint|p1a: Cobalion
|
|-fieldend|move: Grassy Terrain
|upkeep
|
|t:|1658416359
|switch|p1a: Urshifu|Urshifu-Rapid-Strike, M|100/100
|turn|11
|
|t:|1658416371
|switch|p2a: Shedinja|Shedinja|100/100
|switch|p1a: Dragapult|Dragapult, F|100/100
|
|upkeep
|turn|12
|
|t:|1658416376
|switch|p2a: Heliolisk|Heliolisk, M|100/100
|move|p1a: Dragapult|Substitute|p1a: Dragapult
|-start|p1a: Dragapult|Substitute
|-damage|p1a: Dragapult|76/100
|
|-heal|p1a: Dragapult|82/100|[from] item: Leftovers
|upkeep
|turn|13
|
|t:|1658416384
|switch|p2a: Weezing|Weezing-Galar, F|94/100
|-damage|p2a: Weezing|82/100|[from] Stealth Rock
|move|p1a: Dragapult|Dragon Dance|p1a: Dragapult
|-boost|p1a: Dragapult|atk|1
|-boost|p1a: Dragapult|spe|1
|
|-heal|p1a: Dragapult|88/100|[from] item: Leftovers
|-heal|p2a: Weezing|88/100|[from] item: Black Sludge
|upkeep
|turn|14
|
|t:|1658416396
|move|p1a: Dragapult|Dragon Dance|p1a: Dragapult
|-boost|p1a: Dragapult|atk|1
|-boost|p1a: Dragapult|spe|1
|move|p2a: Weezing|Toxic Spikes|p1a: Dragapult
|-sidestart|p1: Seigneur-Fou|move: Toxic Spikes
|
|-heal|p1a: Dragapult|94/100|[from] item: Leftovers
|-heal|p2a: Weezing|94/100|[from] item: Black Sludge
|upkeep
|turn|15
|
|t:|1658416405
|move|p1a: Dragapult|Phantom Force||[still]
|-prepare|p1a: Dragapult|Phantom Force
|move|p2a: Weezing|Strange Steam|p1a: Dragapult|[miss]
|-miss|p2a: Weezing|p1a: Dragapult
|
|-heal|p1a: Dragapult|99/100|[from] item: Leftovers
|-heal|p2a: Weezing|99/100|[from] item: Black Sludge
|upkeep
|turn|16
|
|t:|1658416411
|switch|p2a: Heliolisk|Heliolisk, M|100/100
|move|p1a: Dragapult|Phantom Force|p2a: Heliolisk|[from]lockedmove
|-immune|p2a: Heliolisk
|
|-heal|p1a: Dragapult|100/100|[from] item: Leftovers
|upkeep
|turn|17
|
|t:|1658416424
|switch|p2a: Weezing|Weezing-Galar, F|99/100
|-damage|p2a: Weezing|88/100|[from] Stealth Rock
|move|p1a: Dragapult|Dragon Darts|p2a: Weezing
|-immune|p2a: Weezing
|
|-heal|p2a: Weezing|94/100|[from] item: Black Sludge
|upkeep
|turn|18
|
|t:|1658416434
|move|p1a: Dragapult|Dragon Dance|p1a: Dragapult
|-boost|p1a: Dragapult|atk|1
|-boost|p1a: Dragapult|spe|1
|move|p2a: Weezing|Toxic Spikes|p1a: Dragapult
|-sidestart|p1: Seigneur-Fou|move: Toxic Spikes
|
|-heal|p2a: Weezing|99/100|[from] item: Black Sludge
|upkeep
|turn|19
|
|t:|1658416442
|move|p1a: Dragapult|Phantom Force||[still]
|-prepare|p1a: Dragapult|Phantom Force
|move|p2a: Weezing|Strange Steam|p1a: Dragapult|[miss]
|-miss|p2a: Weezing|p1a: Dragapult
|
|-heal|p2a: Weezing|100/100|[from] item: Black Sludge
|upkeep
|turn|20
|
|t:|1658416448
|switch|p2a: Heliolisk|Heliolisk, M|100/100
|move|p1a: Dragapult|Phantom Force|p2a: Heliolisk|[from]lockedmove
|-immune|p2a: Heliolisk
|
|upkeep
|turn|21
|
|t:|1658416454
|switch|p2a: Weezing|Weezing-Galar, F|100/100
|-damage|p2a: Weezing|88/100|[from] Stealth Rock
|move|p1a: Dragapult|Phantom Force||[still]
|-prepare|p1a: Dragapult|Phantom Force
|
|-heal|p2a: Weezing|94/100|[from] item: Black Sludge
|upkeep
|turn|22
|
|t:|1658416461
|switch|p2a: Heliolisk|Heliolisk, M|100/100
|move|p1a: Dragapult|Phantom Force|p2a: Heliolisk|[from]lockedmove
|-immune|p2a: Heliolisk
|
|upkeep
|turn|23
|
|t:|1658416469
|switch|p2a: Weezing|Weezing-Galar, F|94/100
|-damage|p2a: Weezing|82/100|[from] Stealth Rock
|move|p1a: Dragapult|Phantom Force||[still]
|-prepare|p1a: Dragapult|Phantom Force
|
|-heal|p2a: Weezing|88/100|[from] item: Black Sludge
|upkeep
|turn|24
|
|t:|1658416477
|switch|p2a: Heliolisk|Heliolisk, M|100/100
|move|p1a: Dragapult|Phantom Force|p2a: Heliolisk|[from]lockedmove
|-immune|p2a: Heliolisk
|
|upkeep
|turn|25
|
|t:|1658416484
|switch|p2a: Weezing|Weezing-Galar, F|88/100
|-damage|p2a: Weezing|76/100|[from] Stealth Rock
|move|p1a: Dragapult|Phantom Force||[still]
|-prepare|p1a: Dragapult|Phantom Force
|
|-heal|p2a: Weezing|82/100|[from] item: Black Sludge
|upkeep
|turn|26
|
|t:|1658416491
|switch|p2a: Heliolisk|Heliolisk, M|100/100
|move|p1a: Dragapult|Phantom Force|p2a: Heliolisk|[from]lockedmove
|-immune|p2a: Heliolisk
|
|upkeep
|turn|27
|
|t:|1658416499
|move|p1a: Dragapult|Phantom Force||[still]
|-prepare|p1a: Dragapult|Phantom Force
|move|p2a: Heliolisk|U-turn|p1a: Dragapult|[miss]
|-miss|p2a: Heliolisk|p1a: Dragapult
|
|upkeep
|turn|28
|
|t:|1658416511
|move|p1a: Dragapult|Phantom Force|p2a: Heliolisk|[from]lockedmove
|-immune|p2a: Heliolisk
|move|p2a: Heliolisk|Surf|p1a: Dragapult
|-resisted|p1a: Dragapult
|-activate|p1a: Dragapult|move: Substitute|[damage]
|
|upkeep
|turn|29
|
|t:|1658416519
|switch|p2a: Weezing|Weezing-Galar, F|82/100
|-damage|p2a: Weezing|69/100|[from] Stealth Rock
|move|p1a: Dragapult|Dragon Darts|p2a: Weezing
|-immune|p2a: Weezing
|
|-heal|p2a: Weezing|75/100|[from] item: Black Sludge
|upkeep
|turn|30
|
|t:|1658416528
|switch|p2a: Heliolisk|Heliolisk, M|100/100
|move|p1a: Dragapult|Phantom Force||[still]
|-prepare|p1a: Dragapult|Phantom Force
|
|upkeep
|turn|31
|
|t:|1658416535
|move|p1a: Dragapult|Phantom Force|p2a: Heliolisk|[from]lockedmove
|-immune|p2a: Heliolisk
|move|p2a: Heliolisk|Surf|p1a: Dragapult
|-resisted|p1a: Dragapult
|-end|p1a: Dragapult|Substitute
|
|upkeep
|turn|32
|
|t:|1658416542
|switch|p2a: Shedinja|Shedinja|100/100
|move|p1a: Dragapult|Substitute|p1a: Dragapult
|-start|p1a: Dragapult|Substitute
|-damage|p1a: Dragapult|76/100
|
|-heal|p1a: Dragapult|82/100|[from] item: Leftovers
|upkeep
|turn|33
|
|t:|1658416552
|move|p2a: Shedinja|Shadow Sneak|p1a: Dragapult
|-supereffective|p1a: Dragapult
|-end|p1a: Dragapult|Substitute
|move|p1a: Dragapult|Phantom Force||[still]
|-prepare|p1a: Dragapult|Phantom Force
|
|-heal|p1a: Dragapult|88/100|[from] item: Leftovers
|upkeep
|turn|34
|
|t:|1658416559
|switch|p2a: Heliolisk|Heliolisk, M|100/100
|move|p1a: Dragapult|Phantom Force|p2a: Heliolisk|[from]lockedmove
|-immune|p2a: Heliolisk
|
|-heal|p1a: Dragapult|94/100|[from] item: Leftovers
|upkeep
|turn|35
|
|t:|1658416568
|switch|p2a: Shedinja|Shedinja|100/100
|move|p1a: Dragapult|Substitute|p1a: Dragapult
|-start|p1a: Dragapult|Substitute
|-damage|p1a: Dragapult|69/100
|
|-heal|p1a: Dragapult|75/100|[from] item: Leftovers
|upkeep
|turn|36
|
|t:|1658416580
|move|p2a: Shedinja|Shadow Sneak|p1a: Dragapult
|-supereffective|p1a: Dragapult
|-end|p1a: Dragapult|Substitute
|move|p1a: Dragapult|Dragon Darts|p2a: Shedinja
|-immune|p2a: Shedinja|[from] ability: Wonder Guard
|
|-heal|p1a: Dragapult|81/100|[from] item: Leftovers
|upkeep
|turn|37
|
|t:|1658416590
|switch|p1a: Tapu Bulu|Tapu Bulu|100/100
|-status|p1a: Tapu Bulu|tox
|-fieldstart|move: Grassy Terrain|[from] ability: Grassy Surge|[of] p1a: Tapu Bulu
|move|p2a: Shedinja|Shadow Sneak|p1a: Tapu Bulu
|-damage|p1a: Tapu Bulu|84/100 tox
|
|-heal|p1a: Tapu Bulu|90/100 tox|[from] Grassy Terrain
|-damage|p1a: Tapu Bulu|84/100 tox|[from] psn
|upkeep
|turn|38
|
|t:|1658416610
|switch|p1a: Aegislash|Aegislash, F|100/100
|switch|p2a: Weezing|Weezing-Galar, F|75/100
|-damage|p2a: Weezing|63/100|[from] Stealth Rock
|
|-heal|p2a: Weezing|69/100|[from] item: Black Sludge
|upkeep
|turn|39
|
|t:|1658416619
|move|p2a: Weezing|Protect|p2a: Weezing
|-singleturn|p2a: Weezing|Protect
|-formechange|p1a: Aegislash|Aegislash-Blade||[from] ability: Stance Change
|move|p1a: Aegislash|Steel Beam|p2a: Weezing
|-activate|p2a: Weezing|move: Protect
|-damage|p1a: Aegislash|50/100|[from] steelbeam
|
|-heal|p1a: Aegislash|56/100|[from] Grassy Terrain
|-heal|p2a: Weezing|75/100|[from] item: Black Sludge
|upkeep
|turn|40
|
|t:|1658416631
|switch|p2a: Shedinja|Shedinja|100/100
|move|p1a: Aegislash|Steel Beam|p2a: Shedinja
|-immune|p2a: Shedinja|[from] ability: Wonder Guard
|-damage|p1a: Aegislash|6/100|[from] steelbeam
|
|-heal|p1a: Aegislash|12/100|[from] Grassy Terrain
|upkeep
|turn|41
|
|t:|1658416641
|move|p2a: Shedinja|Shadow Sneak|p1a: Aegislash
|-supereffective|p1a: Aegislash
|-damage|p1a: Aegislash|0 fnt
|faint|p1a: Aegislash
|
|upkeep
|
|t:|1658416645
|switch|p1a: Hawlucha|Hawlucha, M|100/100
|-enditem|p1a: Hawlucha|Grassy Seed
|-boost|p1a: Hawlucha|def|1|[from] item: Grassy Seed
|turn|42
|inactive|BOX MUNCHER has 120 seconds left.
|
|t:|1658416681
|switch|p2a: Golurk|Golurk|100/100
|-damage|p2a: Golurk|94/100|[from] Stealth Rock
|move|p1a: Hawlucha|Substitute|p1a: Hawlucha
|-start|p1a: Hawlucha|Substitute
|-damage|p1a: Hawlucha|76/100
|
|-heal|p2a: Golurk|100/100|[from] Grassy Terrain
|upkeep
|turn|43
|
|t:|1658416689
|move|p1a: Hawlucha|Swords Dance|p1a: Hawlucha
|-boost|p1a: Hawlucha|atk|2
|move|p2a: Golurk|Stone Edge|p1a: Hawlucha
|-end|p1a: Hawlucha|Substitute
|
|upkeep
|turn|44
|
|t:|1658416695
|move|p1a: Hawlucha|Substitute|p1a: Hawlucha
|-start|p1a: Hawlucha|Substitute
|-damage|p1a: Hawlucha|51/100
|move|p2a: Golurk|Stone Edge|p1a: Hawlucha
|-end|p1a: Hawlucha|Substitute
|
|-fieldend|move: Grassy Terrain
|upkeep
|turn|45
|
|t:|1658416701
|move|p1a: Hawlucha|Substitute|p1a: Hawlucha
|-start|p1a: Hawlucha|Substitute
|-damage|p1a: Hawlucha|26/100
|move|p2a: Golurk|Stone Edge|p1a: Hawlucha
|-end|p1a: Hawlucha|Substitute
|
|upkeep
|turn|46
|
|t:|1658416707
|move|p1a: Hawlucha|Acrobatics|p2a: Golurk
|-damage|p2a: Golurk|2/100
|move|p2a: Golurk|Stone Edge|p1a: Hawlucha
|-damage|p1a: Hawlucha|0 fnt
|faint|p1a: Hawlucha
|
|upkeep
|
|t:|1658416718
|switch|p1a: Tapu Bulu|Tapu Bulu|84/100 tox
|-fieldstart|move: Grassy Terrain|[from] ability: Grassy Surge|[of] p1a: Tapu Bulu
|turn|47
|
|t:|1658416732
|switch|p1a: Dragapult|Dragapult, F|81/100
|-status|p1a: Dragapult|tox
|switch|p2a: Heatran|Heatran, M|88/100
|-damage|p2a: Heatran|76/100|[from] Stealth Rock
|-item|p2a: Heatran|Air Balloon
|
|-heal|p1a: Dragapult|87/100 tox|[from] Grassy Terrain
|-heal|p1a: Dragapult|93/100 tox|[from] item: Leftovers
|-damage|p1a: Dragapult|87/100 tox|[from] psn
|upkeep
|turn|48
|-message|Seigneur-Fou forfeited.
|
|win|BOX MUNCHER
|raw|Seigneur-Fou's rating: 1529 &rarr; <strong>1512</strong><br />(-17 for losing)
|raw|BOX MUNCHER's rating: 1583 &rarr; <strong>1600</strong><br />(+17 for winning)
|l|☆Seigneur-Fou
||Ladder isn't responding, score probably updated but might not have (Request timeout).
