|j|☆Kazt_5
|j|☆readyoueverymuch
|inactive|Battle timer is ON: inactive players will automatically lose when time's up.
|t:|1615350807
|player|p1|Kazt_5|dawn|
|player|p2|readyoueverymuch|youngster-gen4|
|teamsize|p1|6
|teamsize|p2|6
|gametype|singles
|gen|8
|tier|[Gen 8] OU
|rated|Tournament battle
|clearpoke
|poke|p1|Dragapult, F|
|poke|p1|Clefable, M|
|poke|p1|Moltres-Galar|
|poke|p1|Heatran, F|
|poke|p1|Landorus-Therian, M|
|poke|p1|Rillaboom, M|
|poke|p2|Landorus-Therian, M|
|poke|p2|Ferrothorn, M|
|poke|p2|Slowking, F|
|poke|p2|Dragonite, F|
|poke|p2|Bisharp, F|
|poke|p2|Tapu Koko|
|rule|Sleep Clause Mod: Limit one foe put to sleep
|rule|Species Clause: Limit one of each Pokémon
|rule|OHKO Clause: OHKO moves are banned
|rule|Evasion Moves Clause: Evasion moves are banned
|rule|Endless Battle Clause: Forcing endless battles is banned
|rule|HP Percentage Mod: HP is shown in percentages
|rule|Dynamax Clause: You cannot dynamax
|teampreview
|j| lost again
|c|☆Kazt_5|hf
|j|+myjava
|j| epsilon_xd
|inactive|readyoueverymuch has 120 seconds left.
|
|t:|1615350843
|start
|switch|p1a: Rillaboom|Rillaboom, M|100/100
|switch|p2a: Landorus|Landorus-Therian, M|100/100
|-fieldstart|move: Grassy Terrain|[from] ability: Grassy Surge|[of] p1a: Rillaboom
|-ability|p2a: Landorus|Intimidate|boost
|-unboost|p1a: Rillaboom|atk|1
|turn|1
|
|t:|1615350851
|move|p1a: Rillaboom|Grassy Glide|p2a: Landorus
|-damage|p2a: Landorus|67/100
|-damage|p1a: Rillaboom|91/100|[from] item: Life Orb
|move|p2a: Landorus|Toxic|p1a: Rillaboom
|-status|p1a: Rillaboom|tox
|
|-heal|p1a: Rillaboom|97/100 tox|[from] Grassy Terrain
|-heal|p2a: Landorus|73/100|[from] item: Leftovers
|-damage|p1a: Rillaboom|91/100 tox|[from] psn
|upkeep
|turn|2
|
|t:|1615350863
|move|p1a: Rillaboom|Grassy Glide|p2a: Landorus
|-damage|p2a: Landorus|41/100
|-damage|p1a: Rillaboom|81/100 tox|[from] item: Life Orb
|move|p2a: Landorus|Stealth Rock|p1a: Rillaboom
|-sidestart|p1: Kazt_5|move: Stealth Rock
|
|-heal|p1a: Rillaboom|87/100 tox|[from] Grassy Terrain
|-heal|p2a: Landorus|47/100|[from] item: Leftovers
|-damage|p1a: Rillaboom|75/100 tox|[from] psn
|upkeep
|turn|3
|
|t:|1615350867
|switch|p1a: Landorus|Landorus-Therian, M|100/100
|-damage|p1a: Landorus|88/100|[from] Stealth Rock
|-ability|p1a: Landorus|Intimidate|boost
|-unboost|p2a: Landorus|atk|1
|switch|p2a: Dragonite|Dragonite, F|100/100
|
|-heal|p1a: Landorus|94/100|[from] item: Leftovers
|upkeep
|turn|4
|
|t:|1615350870
|move|p1a: Landorus|Defog|p2a: Dragonite
|-unboost|p2a: Dragonite|evasion|1
|-sideend|p1: Kazt_5|Stealth Rock|[from] move: Defog|[of] p1a: Landorus
|-fieldend|move: Grassy Terrain
|move|p2a: Dragonite|Ice Beam|p1a: Landorus
|-supereffective|p1a: Landorus
|-damage|p1a: Landorus|5/100
|
|-heal|p1a: Landorus|11/100|[from] item: Leftovers
|upkeep
|turn|5
|
|t:|1615350877
|move|p1a: Landorus|U-turn|p2a: Dragonite
|-resisted|p2a: Dragonite
|-damage|p2a: Dragonite|96/100
|
|t:|1615350881
|switch|p1a: Clefable|Clefable, M|100/100|[from]move: U-turn
|move|p2a: Dragonite|Ice Beam|p1a: Clefable
|-damage|p1a: Clefable|80/100
|
|upkeep
|turn|6
|
|t:|1615350889
|switch|p2a: Slowking|Slowking, F|100/100
|switch|p1a: Heatran|Heatran, F|100/100
|
|upkeep
|turn|7
|
|t:|1615350899
|move|p1a: Heatran|Stealth Rock|p2a: Slowking
|-sidestart|p2: readyoueverymuch|move: Stealth Rock
|move|p2a: Slowking|Teleport|p2a: Slowking
|
|t:|1615350906
|switch|p2a: Landorus|Landorus-Therian, M|47/100|[from]move: Teleport
|-damage|p2a: Landorus|35/100|[from] Stealth Rock
|-ability|p2a: Landorus|Intimidate|boost
|-unboost|p1a: Heatran|atk|1
|
|-heal|p2a: Landorus|41/100|[from] item: Leftovers
|upkeep
|turn|8
|
|t:|1615350910
|switch|p1a: Landorus|Landorus-Therian, M|11/100
|-ability|p1a: Landorus|Intimidate|boost
|-unboost|p2a: Landorus|atk|1
|move|p2a: Landorus|Stealth Rock|p1a: Landorus
|-sidestart|p1: Kazt_5|move: Stealth Rock
|
|-heal|p1a: Landorus|17/100|[from] item: Leftovers
|-heal|p2a: Landorus|47/100|[from] item: Leftovers
|upkeep
|turn|9
|
|t:|1615350917
|switch|p2a: Dragonite|Dragonite, F|96/100
|move|p1a: Landorus|Knock Off|p2a: Dragonite
|-damage|p2a: Dragonite|74/100
|-enditem|p2a: Dragonite|Heavy-Duty Boots|[from] move: Knock Off|[of] p1a: Landorus
|
|-heal|p1a: Landorus|23/100|[from] item: Leftovers
|upkeep
|turn|10
|
|t:|1615350923
|move|p1a: Landorus|U-turn|p2a: Dragonite
|-resisted|p2a: Dragonite
|-damage|p2a: Dragonite|66/100
|
|t:|1615350934
|switch|p1a: Clefable|Clefable, M|80/100|[from]move: U-turn
|move|p2a: Dragonite|Roost|p2a: Dragonite
|-heal|p2a: Dragonite|100/100
|-singleturn|p2a: Dragonite|move: Roost
|
|upkeep
|turn|11
|j| 2weed
|c| 2weed|pog
|
|t:|1615350949
|switch|p2a: Slowking|Slowking, F|100/100
|switch|p1a: Rillaboom|Rillaboom, M|75/100 tox
|-damage|p1a: Rillaboom|62/100 tox|[from] Stealth Rock
|-fieldstart|move: Grassy Terrain|[from] ability: Grassy Surge|[of] p1a: Rillaboom
|
|-heal|p1a: Rillaboom|69/100 tox|[from] Grassy Terrain
|-damage|p1a: Rillaboom|62/100 tox|[from] psn
|upkeep
|turn|12
|
|t:|1615350962
|switch|p2a: Dragonite|Dragonite, F|100/100
|-damage|p2a: Dragonite|76/100|[from] Stealth Rock
|move|p1a: Rillaboom|Drain Punch|p2a: Dragonite
|-resisted|p2a: Dragonite
|-damage|p2a: Dragonite|63/100
|-heal|p1a: Rillaboom|69/100 tox|[from] drain|[of] p2a: Dragonite
|-damage|p1a: Rillaboom|59/100 tox|[from] item: Life Orb
|
|-heal|p1a: Rillaboom|65/100 tox|[from] Grassy Terrain
|-damage|p1a: Rillaboom|53/100 tox|[from] psn
|upkeep
|turn|13
|
|t:|1615350972
|switch|p1a: Dragapult|Dragapult, F|100/100
|-damage|p1a: Dragapult|88/100|[from] Stealth Rock
|move|p2a: Dragonite|Roost|p2a: Dragonite
|-heal|p2a: Dragonite|100/100
|-singleturn|p2a: Dragonite|move: Roost
|
|-heal|p1a: Dragapult|94/100|[from] Grassy Terrain
|-heal|p1a: Dragapult|99/100|[from] item: Leftovers
|upkeep
|turn|14
|
|t:|1615350980
|switch|p2a: Ferrothorn|Ferrothorn, M|100/100
|-damage|p2a: Ferrothorn|94/100|[from] Stealth Rock
|move|p1a: Dragapult|Thunder Wave|p2a: Ferrothorn
|-status|p2a: Ferrothorn|par
|
|-heal|p1a: Dragapult|100/100|[from] Grassy Terrain
|-heal|p2a: Ferrothorn|100/100 par|[from] Grassy Terrain
|upkeep
|turn|15
|
|t:|1615350987
|switch|p1a: Heatran|Heatran, F|100/100
|-damage|p1a: Heatran|88/100|[from] Stealth Rock
|cant|p2a: Ferrothorn|par
|
|-heal|p1a: Heatran|94/100|[from] Grassy Terrain
|-heal|p1a: Heatran|100/100|[from] item: Leftovers
|-fieldend|move: Grassy Terrain
|upkeep
|turn|16
|l| 2weed
|
|t:|1615350997
|switch|p2a: Dragonite|Dragonite, F|100/100
|-damage|p2a: Dragonite|76/100|[from] Stealth Rock
|move|p1a: Heatran|Toxic|p2a: Dragonite
|-status|p2a: Dragonite|tox
|
|-damage|p2a: Dragonite|69/100 tox|[from] psn
|upkeep
|turn|17
|
|t:|1615351010
|switch|p1a: Dragapult|Dragapult, F|100/100
|-damage|p1a: Dragapult|88/100|[from] Stealth Rock
|move|p2a: Dragonite|Heal Bell|p2a: Dragonite
|-activate|p2a: Dragonite|move: Heal Bell
|-curestatus|p2a: Dragonite|tox|[msg]
|-curestatus|p2: Ferrothorn|par|[msg]
|
|-heal|p1a: Dragapult|94/100|[from] item: Leftovers
|upkeep
|turn|18
|
|t:|1615351016
|switch|p2a: Ferrothorn|Ferrothorn, M|100/100
|-damage|p2a: Ferrothorn|94/100|[from] Stealth Rock
|move|p1a: Dragapult|Thunder Wave|p2a: Ferrothorn|[miss]
|-miss|p1a: Dragapult|p2a: Ferrothorn
|
|-heal|p1a: Dragapult|99/100|[from] item: Leftovers
|-heal|p2a: Ferrothorn|100/100|[from] item: Leftovers
|upkeep
|turn|19
|
|t:|1615351030
|switch|p1a: Heatran|Heatran, F|100/100
|-damage|p1a: Heatran|88/100|[from] Stealth Rock
|move|p2a: Ferrothorn|Knock Off|p1a: Heatran
|-crit|p1a: Heatran
|-damage|p1a: Heatran|60/100
|-enditem|p1a: Heatran|Leftovers|[from] move: Knock Off|[of] p2a: Ferrothorn
|
|upkeep
|turn|20
|
|t:|1615351036
|switch|p1a: Moltres|Moltres-Galar|100/100
|-damage|p1a: Moltres|76/100|[from] Stealth Rock
|switch|p2a: Slowking|Slowking, F|100/100
|
|-heal|p1a: Moltres|82/100|[from] item: Leftovers
|upkeep
|turn|21
|
|t:|1615351041
|move|p1a: Moltres|Fiery Wrath|p2a: Slowking
|-supereffective|p2a: Slowking
|-damage|p2a: Slowking|55/100
|move|p2a: Slowking|Teleport|p2a: Slowking
|
|t:|1615351045
|switch|p2a: Tapu Koko|Tapu Koko|100/100|[from]move: Teleport
|-fieldstart|move: Electric Terrain|[from] ability: Electric Surge|[of] p2a: Tapu Koko
|
|-heal|p1a: Moltres|88/100|[from] item: Leftovers
|upkeep
|turn|22
|
|t:|1615351053
|switch|p1a: Heatran|Heatran, F|60/100
|-damage|p1a: Heatran|47/100|[from] Stealth Rock
|move|p2a: Tapu Koko|Thunderbolt|p1a: Heatran
|-damage|p1a: Heatran|17/100
|
|upkeep
|turn|23
|
|t:|1615351056
|move|p2a: Tapu Koko|Thunderbolt|p1a: Heatran
|-damage|p1a: Heatran|0 fnt
|faint|p1a: Heatran
|
|upkeep
|
|t:|1615351062
|switch|p1a: Rillaboom|Rillaboom, M|53/100 tox
|-damage|p1a: Rillaboom|41/100 tox|[from] Stealth Rock
|-fieldstart|move: Grassy Terrain|[from] ability: Grassy Surge|[of] p1a: Rillaboom
|turn|24
|c|☆Kazt_5|that dnite pretty much cteam my whole time
|inactive|Kazt_5 has 120 seconds left.
|
|t:|1615351096
|switch|p2a: Dragonite|Dragonite, F|69/100
|-damage|p2a: Dragonite|44/100|[from] Stealth Rock
|move|p1a: Rillaboom|Grassy Glide|p2a: Dragonite
|-resisted|p2a: Dragonite
|-damage|p2a: Dragonite|32/100
|-damage|p1a: Rillaboom|31/100 tox|[from] item: Life Orb
|
|-heal|p1a: Rillaboom|37/100 tox|[from] Grassy Terrain
|-damage|p1a: Rillaboom|31/100 tox|[from] psn
|upkeep
|turn|25
|j| 1300ELO???????
|
|t:|1615351106
|switch|p1a: Dragapult|Dragapult, F|99/100
|-damage|p1a: Dragapult|88/100|[from] Stealth Rock
|move|p2a: Dragonite|Roost|p2a: Dragonite
|-heal|p2a: Dragonite|82/100
|-singleturn|p2a: Dragonite|move: Roost
|
|-heal|p1a: Dragapult|94/100|[from] Grassy Terrain
|-heal|p1a: Dragapult|99/100|[from] item: Leftovers
|-heal|p2a: Dragonite|88/100|[from] Grassy Terrain
|upkeep
|turn|26
|
|t:|1615351111
|switch|p2a: Tapu Koko|Tapu Koko|100/100
|-fieldstart|move: Electric Terrain|[from] ability: Electric Surge|[of] p2a: Tapu Koko
|move|p1a: Dragapult|Thunder Wave|p2a: Tapu Koko
|-immune|p2a: Tapu Koko
|
|-heal|p1a: Dragapult|100/100|[from] item: Leftovers
|upkeep
|turn|27
|
|t:|1615351117
|move|p1a: Dragapult|Hex|p2a: Tapu Koko
|-damage|p2a: Tapu Koko|63/100
|move|p2a: Tapu Koko|Dazzling Gleam|p1a: Dragapult
|-supereffective|p1a: Dragapult
|-damage|p1a: Dragapult|0 fnt
|faint|p1a: Dragapult
|
|upkeep
|c|☆readyoueverymuch|gg
|c|☆Kazt_5|gg
|l| 1300ELO???????
|-message|Kazt_5 forfeited.
|
|win|readyoueverymuch
|n|☆Kazt_5|kazt5
|n|☆readyoueverymuch|readyoueverymuch
|n| lost again|lostagain
|n| myjava|myjava
|n| epsilon_xd|epsilonxd
|l|☆Kazt_5
|l| myjava
|l|☆readyoueverymuch
