|raw|<div class="broadcast-blue"><strong>This battle is required to be public due to a player having a name starting with 'lt93oq'.</div>
|j|☆LT93OQ Lio
|j|☆tolstoy
|t:|1660334619
|gametype|singles
|player|p1|LT93OQ Lio|2|1638
|player|p2|tolstoy|#lax|1743
|teamsize|p1|6
|teamsize|p2|6
|gen|8
|tier|[Gen 8] OU
|rated|
|rule|Sleep Clause Mod: Limit one foe put to sleep
|rule|Species Clause: Limit one of each Pokémon
|rule|OHKO Clause: OHKO moves are banned
|rule|Evasion Items Clause: Evasion items are banned
|rule|Evasion Moves Clause: Evasion moves are banned
|rule|Endless Battle Clause: Forcing endless battles is banned
|rule|HP Percentage Mod: HP is shown in percentages
|rule|Dynamax Clause: You cannot dynamax
|clearpoke
|poke|p1|Victini|
|poke|p1|Ferrothorn, F|
|poke|p1|Dragonite, M|
|poke|p1|Landorus-Therian, M|
|poke|p1|Dragapult, F|
|poke|p1|Clefable, M|
|poke|p2|Melmetal|
|poke|p2|Weavile, F|
|poke|p2|Magnezone|
|poke|p2|Landorus-Therian, M|
|poke|p2|Tapu Fini|
|poke|p2|Tapu Lele|
|teampreview
|inactive|Battle timer is ON: inactive players will automatically lose when time's up. (requested by tolstoy)
|
|t:|1660334637
|start
|switch|p1a: Clefable|Clefable, M|100/100
|switch|p2a: Tapu Lele|Tapu Lele, shiny|100/100
|-fieldstart|move: Psychic Terrain|[from] ability: Psychic Surge|[of] p2a: Tapu Lele
|turn|1
|
|t:|1660334641
|move|p2a: Tapu Lele|Moonblast|p1a: Clefable
|-damage|p1a: Clefable|42/100
|move|p1a: Clefable|Thunder Wave|p2a: Tapu Lele
|-status|p2a: Tapu Lele|par
|
|-heal|p1a: Clefable|48/100|[from] item: Leftovers
|upkeep
|turn|2
|
|t:|1660334644
|move|p2a: Tapu Lele|Moonblast|p1a: Clefable
|-damage|p1a: Clefable|0 fnt
|faint|p1a: Clefable
|
|upkeep
|
|t:|1660334649
|switch|p1a: Victini|Victini|100/100
|turn|3
|j| chokst du
|
|t:|1660334653
|switch|p2a: Landorus|Landorus-Therian, M, shiny|100/100
|-ability|p2a: Landorus|Intimidate|boost
|-unboost|p1a: Victini|atk|1
|move|p1a: Victini|Bolt Strike|p2a: Landorus
|-immune|p2a: Landorus
|
|upkeep
|turn|4
|
|t:|1660334659
|switch|p1a: Landorus|Landorus-Therian, M|100/100
|-ability|p1a: Landorus|Intimidate|boost
|-unboost|p2a: Landorus|atk|1
|move|p2a: Landorus|Stealth Rock|p1a: Landorus
|-sidestart|p1: LT93OQ Lio|move: Stealth Rock
|
|upkeep
|turn|5
|
|t:|1660334663
|switch|p2a: Tapu Fini|Tapu Fini, shiny|100/100
|-fieldstart|move: Misty Terrain|[from] ability: Misty Surge|[of] p2a: Tapu Fini
|move|p1a: Landorus|Toxic|p2a: Tapu Fini
|-activate|p2a: Tapu Fini|move: Misty Terrain
|
|upkeep
|turn|6
|
|t:|1660334668
|move|p2a: Tapu Fini|Scald|p1a: Landorus
|-supereffective|p1a: Landorus
|-damage|p1a: Landorus|42/100
|move|p1a: Landorus|Earthquake|p2a: Tapu Fini
|-damage|p2a: Tapu Fini|69/100
|
|-heal|p2a: Tapu Fini|75/100|[from] item: Leftovers
|-heal|p1a: Landorus|48/100|[from] item: Leftovers
|upkeep
|turn|7
|j| Momentary Life
|j| InfernapeTheGreat
|
|t:|1660334672
|switch|p1a: Ferrothorn|Ferrothorn, F|100/100
|-damage|p1a: Ferrothorn|94/100|[from] Stealth Rock
|move|p2a: Tapu Fini|Scald|p1a: Ferrothorn
|-resisted|p1a: Ferrothorn
|-damage|p1a: Ferrothorn|83/100
|
|-heal|p2a: Tapu Fini|81/100|[from] item: Leftovers
|-heal|p1a: Ferrothorn|89/100|[from] item: Leftovers
|upkeep
|turn|8
|
|t:|1660334675
|switch|p2a: Magnezone|Magnezone, shiny|100/100
|switch|p1a: Landorus|Landorus-Therian, M|48/100
|-damage|p1a: Landorus|36/100|[from] Stealth Rock
|-ability|p1a: Landorus|Intimidate|boost
|-unboost|p2a: Magnezone|atk|1
|
|-heal|p1a: Landorus|42/100|[from] item: Leftovers
|upkeep
|turn|9
|l| InfernapeTheGreat
|
|t:|1660334679
|switch|p2a: Tapu Fini|Tapu Fini, shiny|81/100
|move|p1a: Landorus|Defog|p2a: Tapu Fini
|-unboost|p2a: Tapu Fini|evasion|1
|-sideend|p1: LT93OQ Lio|Stealth Rock|[from] move: Defog|[of] p1a: Landorus
|-fieldend|Misty Terrain
|
|-heal|p2a: Tapu Fini|87/100|[from] item: Leftovers
|-heal|p1a: Landorus|48/100|[from] item: Leftovers
|upkeep
|turn|10
|j| Mimilucha
|
|t:|1660334684
|switch|p1a: Ferrothorn|Ferrothorn, F|89/100
|move|p2a: Tapu Fini|Scald|p1a: Ferrothorn
|-resisted|p1a: Ferrothorn
|-crit|p1a: Ferrothorn
|-damage|p1a: Ferrothorn|73/100
|
|-heal|p2a: Tapu Fini|93/100|[from] item: Leftovers
|-heal|p1a: Ferrothorn|79/100|[from] item: Leftovers
|upkeep
|turn|11
|j|+kino
|l| Mimilucha
|
|t:|1660334694
|switch|p2a: Magnezone|Magnezone, shiny|100/100
|switch|p1a: Victini|Victini|100/100
|
|upkeep
|turn|12
|
|t:|1660334700
|switch|p2a: Landorus|Landorus-Therian, M, shiny|100/100
|-ability|p2a: Landorus|Intimidate|boost
|-unboost|p1a: Victini|atk|1
|move|p1a: Victini|V-create|p2a: Landorus
|-damage|p2a: Landorus|53/100
|-unboost|p1a: Victini|spe|1
|-unboost|p1a: Victini|def|1
|-unboost|p1a: Victini|spd|1
|
|-heal|p2a: Landorus|59/100|[from] item: Leftovers
|upkeep
|turn|13
|
|t:|1660334705
|switch|p1a: Landorus|Landorus-Therian, M|48/100
|-ability|p1a: Landorus|Intimidate|boost
|-unboost|p2a: Landorus|atk|1
|move|p2a: Landorus|Stealth Rock|p1a: Landorus
|-sidestart|p1: LT93OQ Lio|move: Stealth Rock
|
|-heal|p1a: Landorus|54/100|[from] item: Leftovers
|-heal|p2a: Landorus|65/100|[from] item: Leftovers
|upkeep
|turn|14
|j| PLACE NINE
|j| Nick.see
|
|t:|1660334711
|move|p1a: Landorus|Defog|p2a: Landorus
|-unboost|p2a: Landorus|evasion|1
|-sideend|p1: LT93OQ Lio|Stealth Rock|[from] move: Defog|[of] p1a: Landorus
|move|p2a: Landorus|U-turn|p1a: Landorus
|-resisted|p1a: Landorus
|-damage|p1a: Landorus|49/100
|
|t:|1660334713
|switch|p2a: Weavile|Weavile, F|100/100|[from]move: U-turn
|-ability|p2a: Weavile|Pressure
|
|-heal|p1a: Landorus|55/100|[from] item: Leftovers
|upkeep
|turn|15
|j| Luthier
|
|t:|1660334721
|switch|p1a: Ferrothorn|Ferrothorn, F|79/100
|move|p2a: Weavile|Knock Off|p1a: Ferrothorn
|-damage|p1a: Ferrothorn|50/100
|-damage|p2a: Weavile|88/100|[from] ability: Iron Barbs|[of] p1a: Ferrothorn
|-enditem|p1a: Ferrothorn|Leftovers|[from] move: Knock Off|[of] p2a: Weavile
|
|upkeep
|turn|16
|
|t:|1660334728
|switch|p2a: Magnezone|Magnezone, shiny|100/100
|switch|p1a: Victini|Victini|100/100
|
|upkeep
|turn|17
|
|t:|1660334734
|switch|p2a: Tapu Fini|Tapu Fini, shiny|93/100
|-fieldstart|move: Misty Terrain|[from] ability: Misty Surge|[of] p2a: Tapu Fini
|move|p1a: Victini|V-create|p2a: Tapu Fini
|-resisted|p2a: Tapu Fini
|-damage|p2a: Tapu Fini|65/100
|-unboost|p1a: Victini|spe|1
|-unboost|p1a: Victini|def|1
|-unboost|p1a: Victini|spd|1
|
|-heal|p2a: Tapu Fini|71/100|[from] item: Leftovers
|upkeep
|turn|18
|l| Nick.see
|
|t:|1660334741
|move|p2a: Tapu Fini|Scald|p1a: Victini
|-supereffective|p1a: Victini
|-damage|p1a: Victini|23/100
|move|p1a: Victini|Bolt Strike|p2a: Tapu Fini
|-supereffective|p2a: Tapu Fini
|-damage|p2a: Tapu Fini|14/100
|
|-heal|p2a: Tapu Fini|21/100|[from] item: Leftovers
|upkeep
|turn|19
|
|t:|1660334749
|switch|p1a: Ferrothorn|Ferrothorn, F|50/100
|move|p2a: Tapu Fini|Scald|p1a: Ferrothorn
|-resisted|p1a: Ferrothorn
|-damage|p1a: Ferrothorn|38/100
|
|-heal|p2a: Tapu Fini|27/100|[from] item: Leftovers
|upkeep
|turn|20
|
|t:|1660334753
|switch|p2a: Magnezone|Magnezone, shiny|100/100
|move|p1a: Ferrothorn|Spikes|p2a: Magnezone
|-sidestart|p2: tolstoy|Spikes
|
|upkeep
|turn|21
|
|t:|1660334758
|move|p2a: Magnezone|Iron Defense|p2a: Magnezone
|-boost|p2a: Magnezone|def|2
|move|p1a: Ferrothorn|Spikes|p2a: Magnezone
|-sidestart|p2: tolstoy|Spikes
|
|-fieldend|Misty Terrain
|upkeep
|turn|22
|
|t:|1660334762
|move|p2a: Magnezone|Body Press|p1a: Ferrothorn
|-supereffective|p1a: Ferrothorn
|-damage|p1a: Ferrothorn|0 fnt
|-damage|p2a: Magnezone|88/100|[from] ability: Iron Barbs|[of] p1a: Ferrothorn
|faint|p1a: Ferrothorn
|
|upkeep
|
|t:|1660334764
|switch|p1a: Dragonite|Dragonite, M|100/100
|turn|23
|
|t:|1660334770
|switch|p2a: Melmetal|Melmetal, shiny|100/100
|-damage|p2a: Melmetal|84/100|[from] Spikes
|move|p1a: Dragonite|Dragon Dance|p1a: Dragonite
|-boost|p1a: Dragonite|atk|1
|-boost|p1a: Dragonite|spe|1
|
|upkeep
|turn|24
|j| lt93oq empo
|
|t:|1660334774
|move|p1a: Dragonite|Earthquake|p2a: Melmetal
|-supereffective|p2a: Melmetal
|-damage|p2a: Melmetal|22/100
|move|p2a: Melmetal|Ice Punch|p1a: Dragonite
|-supereffective|p1a: Dragonite
|-damage|p1a: Dragonite|19/100
|-status|p1a: Dragonite|frz
|
|upkeep
|turn|25
|
|t:|1660334780
|-curestatus|p1a: Dragonite|frz|[msg]
|move|p1a: Dragonite|Earthquake|p2a: Melmetal
|-supereffective|p2a: Melmetal
|-damage|p2a: Melmetal|0 fnt
|faint|p2a: Melmetal
|
|upkeep
|
|t:|1660334782
|switch|p2a: Weavile|Weavile, F|88/100
|-ability|p2a: Weavile|Pressure
|turn|26
|
|t:|1660334791
|switch|p1a: Landorus|Landorus-Therian, M|55/100
|-ability|p1a: Landorus|Intimidate|boost
|-unboost|p2a: Weavile|atk|1
|move|p2a: Weavile|Ice Shard|p1a: Landorus
|-supereffective|p1a: Landorus
|-damage|p1a: Landorus|14/100
|
|-heal|p1a: Landorus|20/100|[from] item: Leftovers
|upkeep
|turn|27
|
|t:|1660334795
|move|p2a: Weavile|Knock Off|p1a: Landorus
|-damage|p1a: Landorus|0 fnt
|-enditem|p1a: Landorus|Leftovers|[from] move: Knock Off|[of] p2a: Weavile
|faint|p1a: Landorus
|
|upkeep
|
|t:|1660334796
|switch|p1a: Dragapult|Dragapult, F|100/100
|turn|28
|
|t:|1660334800
|switch|p2a: Magnezone|Magnezone, shiny|88/100
|-damage|p2a: Magnezone|71/100|[from] Spikes
|move|p1a: Dragapult|Will-O-Wisp|p2a: Magnezone
|-status|p2a: Magnezone|brn
|
|-damage|p2a: Magnezone|65/100 brn|[from] brn
|upkeep
|turn|29
|
|t:|1660334811
|move|p1a: Dragapult|Hex|p2a: Magnezone
|-damage|p2a: Magnezone|0 fnt
|faint|p2a: Magnezone
|
|upkeep
|j| zodivk
|
|t:|1660334819
|switch|p2a: Weavile|Weavile, F|88/100
|-ability|p2a: Weavile|Pressure
|turn|30
|
|t:|1660334829
|move|p1a: Dragapult|Will-O-Wisp|p2a: Weavile
|-status|p2a: Weavile|brn
|move|p2a: Weavile|Knock Off|p1a: Dragapult
|-supereffective|p1a: Dragapult
|-damage|p1a: Dragapult|30/100
|-enditem|p1a: Dragapult|Heavy-Duty Boots|[from] move: Knock Off|[of] p2a: Weavile
|
|-damage|p2a: Weavile|82/100 brn|[from] brn
|upkeep
|turn|31
|
|t:|1660334856
|move|p1a: Dragapult|Draco Meteor|p2a: Weavile
|-damage|p2a: Weavile|8/100 brn
|-unboost|p1a: Dragapult|spa|2
|move|p2a: Weavile|Knock Off|p1a: Dragapult
|-supereffective|p1a: Dragapult
|-damage|p1a: Dragapult|0 fnt
|faint|p1a: Dragapult
|
|-damage|p2a: Weavile|2/100 brn|[from] brn
|upkeep
|
|t:|1660334872
|switch|p1a: Dragonite|Dragonite, M|19/100
|turn|32
|
|t:|1660334881
|switch|p1a: Victini|Victini|23/100
|move|p2a: Weavile|Triple Axel|p1a: Victini
|-resisted|p1a: Victini
|-damage|p1a: Victini|20/100
|-resisted|p1a: Victini
|-damage|p1a: Victini|15/100
|-resisted|p1a: Victini
|-damage|p1a: Victini|8/100
|-hitcount|p1a: Victini|3
|
|-damage|p2a: Weavile|0 fnt|[from] brn
|faint|p2a: Weavile
|upkeep
|
|t:|1660334886
|switch|p2a: Landorus|Landorus-Therian, M, shiny|65/100
|-ability|p2a: Landorus|Intimidate|boost
|-unboost|p1a: Victini|atk|1
|turn|33
|
|t:|1660334893
|move|p1a: Victini|V-create|p2a: Landorus
|-damage|p2a: Landorus|11/100
|-unboost|p1a: Victini|spe|1
|-unboost|p1a: Victini|def|1
|-unboost|p1a: Victini|spd|1
|move|p2a: Landorus|U-turn|p1a: Victini
|-damage|p1a: Victini|0 fnt
|faint|p1a: Victini
|
|t:|1660334896
|switch|p2a: Tapu Lele|Tapu Lele, shiny|100/100 par|[from]move: U-turn
|-damage|p2a: Tapu Lele|84/100 par|[from] Spikes
|-fieldstart|move: Psychic Terrain|[from] ability: Psychic Surge|[of] p2a: Tapu Lele
|
|upkeep
|
|t:|1660334898
|switch|p1a: Dragonite|Dragonite, M|19/100
|turn|34
|
|t:|1660334900
|move|p1a: Dragonite|Earthquake|p2a: Tapu Lele
|-damage|p2a: Tapu Lele|25/100 par
|cant|p2a: Tapu Lele|par
|
|upkeep
|turn|35
|
|t:|1660334903
|switch|p2a: Landorus|Landorus-Therian, M, shiny|11/100
|-ability|p2a: Landorus|Intimidate|boost
|-unboost|p1a: Dragonite|atk|1
|move|p1a: Dragonite|Earthquake|p2a: Landorus
|-immune|p2a: Landorus
|
|-heal|p2a: Landorus|18/100|[from] item: Leftovers
|upkeep
|turn|36
|j| LT93OQ Ado
|
|t:|1660334908
|switch|p2a: Tapu Lele|Tapu Lele, shiny|25/100 par
|-damage|p2a: Tapu Lele|8/100 par|[from] Spikes
|move|p1a: Dragonite|Ice Punch|p2a: Tapu Lele
|-damage|p2a: Tapu Lele|0 fnt
|faint|p2a: Tapu Lele
|
|upkeep
|
|t:|1660334916
|switch|p2a: Landorus|Landorus-Therian, M, shiny|18/100
|-ability|p2a: Landorus|Intimidate|boost
|-unboost|p1a: Dragonite|atk|1
|turn|37
|
|t:|1660334918
|move|p1a: Dragonite|Ice Punch|p2a: Landorus
|-supereffective|p2a: Landorus
|-damage|p2a: Landorus|0 fnt
|faint|p2a: Landorus
|
|-fieldend|move: Psychic Terrain
|upkeep
|
|t:|1660334920
|switch|p2a: Tapu Fini|Tapu Fini, shiny|27/100
|-damage|p2a: Tapu Fini|10/100|[from] Spikes
|-fieldstart|move: Misty Terrain|[from] ability: Misty Surge|[of] p2a: Tapu Fini
|turn|38
|
|t:|1660334922
|move|p1a: Dragonite|Earthquake|p2a: Tapu Fini
|-damage|p2a: Tapu Fini|0 fnt
|faint|p2a: Tapu Fini
|
|win|LT93OQ Lio
|raw|LT93OQ Lio's rating: 1638 &rarr; <strong>1664</strong><br />(+26 for winning)
|raw|tolstoy's rating: 1743 &rarr; <strong>1717</strong><br />(-26 for losing)
|l|☆tolstoy
|l| LT93OQ Ado
|l| lt93oq empo
|l| PLACE NINE
|l| chokst du
|l| Luthier
||Ladder isn't responding, score probably updated but might not have (Request timeout).
|l|+kino
