|j|☆Unskilled2004
|j|☆CoconutCrabs
|t:|1656513146
|gametype|singles
|player|p1|Unskilled2004|hilda|1694
|player|p2|CoconutCrabs|chuck|1941
|teamsize|p1|6
|teamsize|p2|6
|gen|8
|tier|[Gen 8] OU
|rated|
|rule|Sleep Clause Mod: Limit one foe put to sleep
|rule|Species Clause: Limit one of each Pokémon
|rule|OHKO Clause: OHKO moves are banned
|rule|Evasion Moves Clause: Evasion moves are banned
|rule|Endless Battle Clause: Forcing endless battles is banned
|rule|HP Percentage Mod: HP is shown in percentages
|rule|Dynamax Clause: You cannot dynamax
|clearpoke
|poke|p1|Ferrothorn, M|
|poke|p1|Rillaboom, F|
|poke|p1|Weavile, M|
|poke|p1|Heatran, F|
|poke|p1|Dragapult, M|
|poke|p1|Hawlucha, M|
|poke|p2|Tyranitar, F|
|poke|p2|Excadrill, M|
|poke|p2|Tornadus-Therian, M|
|poke|p2|Toxapex, M|
|poke|p2|Heatran, M|
|poke|p2|Tangrowth, F|
|teampreview
|inactive|Battle timer is ON: inactive players will automatically lose when time's up. (requested by Unskilled2004)
|
|t:|1656513157
|start
|switch|p1a: Dragapult|Dragapult, M|100/100
|switch|p2a: Paloma|Tornadus-Therian, M|100/100
|turn|1
|
|t:|1656513160
|switch|p2a: Baby|Toxapex, M|100/100
|move|p1a: Dragapult|Draco Meteor|p2a: Baby
|-damage|p2a: Baby|25/100
|-unboost|p1a: Dragapult|spa|2
|
|upkeep
|turn|2
|j| AI with the braids
|
|t:|1656513164
|switch|p2a: Boogers|Tyranitar, F|100/100
|-weather|Sandstorm|[from] ability: Sand Stream|[of] p2a: Boogers
|move|p1a: Dragapult|Draco Meteor|p2a: Boogers
|-damage|p2a: Boogers|80/100
|-unboost|p1a: Dragapult|spa|2
|
|-weather|Sandstorm|[upkeep]
|-damage|p1a: Dragapult|95/100|[from] Sandstorm
|-heal|p2a: Boogers|87/100|[from] item: Leftovers
|upkeep
|turn|3
|
|t:|1656513167
|switch|p1a: Ferrothorn|Ferrothorn, M|100/100
|move|p2a: Boogers|Stealth Rock|p1a: Ferrothorn
|-sidestart|p1: Unskilled2004|move: Stealth Rock
|
|-weather|Sandstorm|[upkeep]
|-heal|p2a: Boogers|93/100|[from] item: Leftovers
|upkeep
|turn|4
|
|t:|1656513170
|switch|p2a: Paloma|Tornadus-Therian, M|100/100
|move|p1a: Ferrothorn|Leech Seed|p2a: Paloma|[miss]
|-miss|p1a: Ferrothorn|p2a: Paloma
|
|-weather|Sandstorm|[upkeep]
|-damage|p2a: Paloma|94/100|[from] Sandstorm
|upkeep
|turn|5
|
|t:|1656513177
|move|p2a: Paloma|Focus Blast|p1a: Ferrothorn|[miss]
|-miss|p2a: Paloma|p1a: Ferrothorn
|move|p1a: Ferrothorn|Leech Seed|p2a: Paloma
|-start|p2a: Paloma|move: Leech Seed
|
|-weather|Sandstorm|[upkeep]
|-damage|p2a: Paloma|88/100|[from] Sandstorm
|-damage|p2a: Paloma|76/100|[from] Leech Seed|[of] p1a: Ferrothorn
|upkeep
|turn|6
|
|t:|1656513183
|switch|p2a: Baby|Toxapex, M|58/100
|switch|p1a: Dragapult|Dragapult, M|95/100
|-damage|p1a: Dragapult|82/100|[from] Stealth Rock
|
|-weather|none
|upkeep
|turn|7
|
|t:|1656513188
|switch|p2a: Boogers|Tyranitar, F|93/100
|-weather|Sandstorm|[from] ability: Sand Stream|[of] p2a: Boogers
|move|p1a: Dragapult|Draco Meteor|p2a: Boogers
|-damage|p2a: Boogers|54/100
|-unboost|p1a: Dragapult|spa|2
|
|-weather|Sandstorm|[upkeep]
|-damage|p1a: Dragapult|76/100|[from] Sandstorm
|-heal|p2a: Boogers|60/100|[from] item: Leftovers
|upkeep
|turn|8
|
|t:|1656513195
|switch|p1a: Rillaboom|Rillaboom, F|100/100
|-damage|p1a: Rillaboom|88/100|[from] Stealth Rock
|-fieldstart|move: Grassy Terrain|[from] ability: Grassy Surge|[of] p1a: Rillaboom
|switch|p2a: Paloma|Tornadus-Therian, M|100/100
|
|-weather|Sandstorm|[upkeep]
|-damage|p2a: Paloma|94/100|[from] Sandstorm
|-damage|p1a: Rillaboom|82/100|[from] Sandstorm
|-heal|p1a: Rillaboom|88/100|[from] Grassy Terrain
|upkeep
|turn|9
|
|t:|1656513204
|switch|p1a: Heatran|Heatran, F|100/100
|-damage|p1a: Heatran|88/100|[from] Stealth Rock
|-item|p1a: Heatran|Air Balloon
|move|p2a: Paloma|Heat Wave|p1a: Heatran
|-start|p1a: Heatran|ability: Flash Fire
|
|-weather|Sandstorm|[upkeep]
|-damage|p2a: Paloma|88/100|[from] Sandstorm
|upkeep
|turn|10
|
|t:|1656513213
|switch|p2a: Boogers|Tyranitar, F|60/100
|-end|p1a: Heatran|ability: Flash Fire|[silent]
|switch|p1a: Ferrothorn|Ferrothorn, M|100/100
|-damage|p1a: Ferrothorn|94/100|[from] Stealth Rock
|
|-weather|Sandstorm|[upkeep]
|-heal|p2a: Boogers|67/100|[from] Grassy Terrain
|-heal|p2a: Boogers|73/100|[from] item: Leftovers
|-heal|p1a: Ferrothorn|100/100|[from] Grassy Terrain
|upkeep
|turn|11
|
|t:|1656513221
|switch|p2a: Paloma|Tornadus-Therian, M|100/100
|move|p1a: Ferrothorn|Stealth Rock|p2a: Paloma
|-sidestart|p2: CoconutCrabs|move: Stealth Rock
|
|-weather|none
|upkeep
|turn|12
|
|t:|1656513227
|move|p2a: Paloma|Heat Wave|p1a: Ferrothorn
|-supereffective|p1a: Ferrothorn
|-damage|p1a: Ferrothorn|0 fnt
|faint|p1a: Ferrothorn
|
|-fieldend|move: Grassy Terrain
|upkeep
|
|t:|1656513231
|switch|p1a: Dragapult|Dragapult, M|76/100
|-damage|p1a: Dragapult|64/100|[from] Stealth Rock
|turn|13
|
|t:|1656513234
|switch|p2a: Baby|Toxapex, M|92/100
|-damage|p2a: Baby|79/100|[from] Stealth Rock
|move|p1a: Dragapult|Draco Meteor|p2a: Baby
|-damage|p2a: Baby|2/100
|-unboost|p1a: Dragapult|spa|2
|
|upkeep
|turn|14
|
|t:|1656513242
|switch|p1a: Rillaboom|Rillaboom, F|88/100
|-damage|p1a: Rillaboom|76/100|[from] Stealth Rock
|-fieldstart|move: Grassy Terrain|[from] ability: Grassy Surge|[of] p1a: Rillaboom
|move|p2a: Baby|Recover|p2a: Baby
|-heal|p2a: Baby|52/100
|
|-heal|p1a: Rillaboom|82/100|[from] Grassy Terrain
|-heal|p2a: Baby|58/100|[from] Grassy Terrain
|upkeep
|turn|15
|
|t:|1656513248
|switch|p2a: Pretty|Tangrowth, F|100/100
|-damage|p2a: Pretty|88/100|[from] Stealth Rock
|move|p1a: Rillaboom|Knock Off|p2a: Pretty
|-damage|p2a: Pretty|63/100
|-damage|p1a: Rillaboom|66/100|[from] item: Rocky Helmet|[of] p2a: Pretty
|-enditem|p2a: Pretty|Rocky Helmet|[from] move: Knock Off|[of] p1a: Rillaboom
|-damage|p1a: Rillaboom|56/100|[from] item: Life Orb
|
|-heal|p1a: Rillaboom|62/100|[from] Grassy Terrain
|-heal|p2a: Pretty|69/100|[from] Grassy Terrain
|upkeep
|turn|16
|
|t:|1656513251
|move|p1a: Rillaboom|U-turn|p2a: Pretty
|-supereffective|p2a: Pretty
|-damage|p2a: Pretty|36/100
|-damage|p1a: Rillaboom|52/100|[from] item: Life Orb
|
|t:|1656513257
|switch|p1a: Heatran|Heatran, F|88/100|[from]move: U-turn
|-damage|p1a: Heatran|75/100|[from] Stealth Rock
|-item|p1a: Heatran|Air Balloon
|move|p2a: Pretty|Knock Off|p1a: Heatran
|-damage|p1a: Heatran|59/100
|-enditem|p1a: Heatran|Air Balloon
|
|-heal|p1a: Heatran|65/100|[from] Grassy Terrain
|-heal|p2a: Pretty|43/100|[from] Grassy Terrain
|upkeep
|turn|17
|
|t:|1656513271
|switch|p1a: Weavile|Weavile, M|100/100
|-ability|p1a: Weavile|Pressure
|switch|p2a: Boogers|Tyranitar, F|73/100
|-damage|p2a: Boogers|60/100|[from] Stealth Rock
|-weather|Sandstorm|[from] ability: Sand Stream|[of] p2a: Boogers
|
|-weather|Sandstorm|[upkeep]
|-damage|p1a: Weavile|94/100|[from] Sandstorm
|-heal|p1a: Weavile|100/100|[from] Grassy Terrain
|-heal|p2a: Boogers|67/100|[from] Grassy Terrain
|-heal|p2a: Boogers|73/100|[from] item: Leftovers
|upkeep
|turn|18
|j| xiao123
|
|t:|1656513293
|switch|p1a: Rillaboom|Rillaboom, F|52/100
|-damage|p1a: Rillaboom|40/100|[from] Stealth Rock
|switch|p2a: Baby|Toxapex, M|92/100
|-damage|p2a: Baby|79/100|[from] Stealth Rock
|
|-weather|Sandstorm|[upkeep]
|-damage|p1a: Rillaboom|33/100|[from] Sandstorm
|-damage|p2a: Baby|73/100|[from] Sandstorm
|-heal|p1a: Rillaboom|40/100|[from] Grassy Terrain
|-heal|p2a: Baby|79/100|[from] Grassy Terrain
|-fieldend|move: Grassy Terrain
|upkeep
|turn|19
|
|t:|1656513301
|switch|p1a: Heatran|Heatran, F|65/100
|-damage|p1a: Heatran|53/100|[from] Stealth Rock
|move|p2a: Baby|Recover|p2a: Baby
|-heal|p2a: Baby|100/100
|
|-weather|Sandstorm|[upkeep]
|-damage|p2a: Baby|95/100|[from] Sandstorm
|upkeep
|turn|20
|
|t:|1656513310
|switch|p2a: Little Man|Heatran, M|100/100
|-damage|p2a: Little Man|88/100|[from] Stealth Rock
|move|p1a: Heatran|Magma Storm|p2a: Little Man
|-start|p2a: Little Man|ability: Flash Fire
|
|-weather|Sandstorm|[upkeep]
|upkeep
|turn|21
|
|t:|1656513315
|move|p2a: Little Man|Earth Power|p1a: Heatran
|-supereffective|p1a: Heatran
|-damage|p1a: Heatran|0 fnt
|faint|p1a: Heatran
|
|-weather|none
|upkeep
|
|t:|1656513326
|switch|p1a: Rillaboom|Rillaboom, F|40/100
|-damage|p1a: Rillaboom|27/100|[from] Stealth Rock
|-fieldstart|move: Grassy Terrain|[from] ability: Grassy Surge|[of] p1a: Rillaboom
|turn|22
|
|t:|1656513330
|-end|p2a: Little Man|ability: Flash Fire|[silent]
|switch|p2a: Pretty|Tangrowth, F|76/100
|-damage|p2a: Pretty|63/100|[from] Stealth Rock
|move|p1a: Rillaboom|High Horsepower|p2a: Pretty
|-resisted|p2a: Pretty
|-damage|p2a: Pretty|51/100
|-damage|p1a: Rillaboom|17/100|[from] item: Life Orb
|
|-heal|p1a: Rillaboom|23/100|[from] Grassy Terrain
|-heal|p2a: Pretty|57/100|[from] Grassy Terrain
|upkeep
|turn|23
|
|t:|1656513334
|move|p1a: Rillaboom|U-turn|p2a: Pretty
|-supereffective|p2a: Pretty
|-damage|p2a: Pretty|24/100
|-damage|p1a: Rillaboom|13/100|[from] item: Life Orb
|
|t:|1656513337
|switch|p1a: Dragapult|Dragapult, M|64/100|[from]move: U-turn
|-damage|p1a: Dragapult|52/100|[from] Stealth Rock
|move|p2a: Pretty|Sleep Powder|p1a: Dragapult
|-status|p1a: Dragapult|slp|[from] move: Sleep Powder
|
|-heal|p1a: Dragapult|58/100 slp|[from] Grassy Terrain
|-heal|p2a: Pretty|30/100|[from] Grassy Terrain
|upkeep
|turn|24
|
|t:|1656513342
|cant|p1a: Dragapult|slp
|move|p2a: Pretty|Knock Off|p1a: Dragapult
|-supereffective|p1a: Dragapult
|-damage|p1a: Dragapult|0 fnt
|-enditem|p1a: Dragapult|Choice Specs|[from] move: Knock Off|[of] p2a: Pretty
|faint|p1a: Dragapult
|
|-heal|p2a: Pretty|36/100|[from] Grassy Terrain
|upkeep
|
|t:|1656513352
|switch|p1a: Weavile|Weavile, M|100/100
|-ability|p1a: Weavile|Pressure
|turn|25
|
|t:|1656513356
|move|p1a: Weavile|Knock Off|p2a: Pretty
|-damage|p2a: Pretty|20/100
|move|p2a: Pretty|Giga Drain|p1a: Weavile
|-damage|p1a: Weavile|46/100
|-heal|p2a: Pretty|39/100|[from] drain|[of] p1a: Weavile
|
|-heal|p1a: Weavile|52/100|[from] Grassy Terrain
|-heal|p2a: Pretty|45/100|[from] Grassy Terrain
|upkeep
|turn|26
|
|t:|1656513360
|move|p1a: Weavile|Triple Axel|p2a: Pretty
|-supereffective|p2a: Pretty
|-damage|p2a: Pretty|36/100
|-supereffective|p2a: Pretty
|-damage|p2a: Pretty|13/100
|-supereffective|p2a: Pretty
|-damage|p2a: Pretty|0 fnt
|faint|p2a: Pretty
|-hitcount|p2: Pretty|3
|
|-heal|p1a: Weavile|58/100|[from] Grassy Terrain
|-fieldend|move: Grassy Terrain
|upkeep
|
|t:|1656513370
|switch|p2a: Little Man|Heatran, M|88/100
|-damage|p2a: Little Man|76/100|[from] Stealth Rock
|turn|27
|
|t:|1656513373
|move|p2a: Little Man|Flamethrower|p1a: Weavile
|-supereffective|p1a: Weavile
|-damage|p1a: Weavile|0 fnt
|faint|p1a: Weavile
|
|upkeep
|
|t:|1656513377
|switch|p1a: Rillaboom|Rillaboom, F|13/100
|-damage|p1a: Rillaboom|1/100|[from] Stealth Rock
|-fieldstart|move: Grassy Terrain|[from] ability: Grassy Surge|[of] p1a: Rillaboom
|turn|28
|
|t:|1656513381
|move|p2a: Little Man|Flamethrower|p1a: Rillaboom
|-supereffective|p1a: Rillaboom
|-damage|p1a: Rillaboom|0 fnt
|faint|p1a: Rillaboom
|
|-heal|p2a: Little Man|82/100|[from] Grassy Terrain
|upkeep
|
|t:|1656513383
|switch|p1a: Hawlucha|Hawlucha, M|100/100
|-damage|p1a: Hawlucha|88/100|[from] Stealth Rock
|-enditem|p1a: Hawlucha|Grassy Seed
|-boost|p1a: Hawlucha|def|1|[from] item: Grassy Seed
|turn|29
|
|t:|1656513385
|move|p1a: Hawlucha|Swords Dance|p1a: Hawlucha
|-boost|p1a: Hawlucha|atk|2
|move|p2a: Little Man|Flamethrower|p1a: Hawlucha
|-damage|p1a: Hawlucha|20/100
|
|-heal|p2a: Little Man|88/100|[from] Grassy Terrain
|upkeep
|turn|30
|
|t:|1656513387
|move|p1a: Hawlucha|Close Combat|p2a: Little Man
|-supereffective|p2a: Little Man
|-damage|p2a: Little Man|0 fnt
|-unboost|p1a: Hawlucha|def|1
|-unboost|p1a: Hawlucha|spd|1
|faint|p2a: Little Man
|
|upkeep
|inactive|CoconutCrabs has 120 seconds left.
|
|t:|1656513442
|switch|p2a: Baby|Toxapex, M|100/100
|-damage|p2a: Baby|88/100|[from] Stealth Rock
|turn|31
|
|t:|1656513445
|move|p1a: Hawlucha|Acrobatics|p2a: Baby
|-damage|p2a: Baby|27/100
|-damage|p1a: Hawlucha|3/100|[from] item: Rocky Helmet|[of] p2a: Baby
|move|p2a: Baby|Scald|p1a: Hawlucha
|-damage|p1a: Hawlucha|0 fnt
|faint|p1a: Hawlucha
|
|win|CoconutCrabs
|raw|Unskilled2004's rating: 1694 &rarr; <strong>1686</strong><br />(-8 for losing)
|raw|CoconutCrabs's rating: 1941 &rarr; <strong>1949</strong><br />(+8 for winning)
|l|☆CoconutCrabs
|c|☆Unskilled2004|gg
|l|☆Unskilled2004
||Ladder isn't responding, score probably updated but might not have (Request timeout).
|l| xiao123
