|j|☆El Stefano
|j|☆iopkj09
|t:|1667481005
|gametype|singles
|player|p1|El Stefano|169|1797
|player|p2|iopkj09|nate|1719
|teamsize|p1|6
|teamsize|p2|6
|gen|8
|tier|[Gen 8] OU
|rated|
|rule|Sleep Clause Mod: Limit one foe put to sleep
|rule|Species Clause: Limit one of each Pokémon
|rule|OHKO Clause: OHKO moves are banned
|rule|Evasion Items Clause: Evasion items are banned
|rule|Evasion Moves Clause: Evasion moves are banned
|rule|Endless Battle Clause: Forcing endless battles is banned
|rule|HP Percentage Mod: HP is shown in percentages
|rule|Dynamax Clause: You cannot dynamax
|clearpoke
|poke|p1|Reuniclus, F|
|poke|p1|Umbreon, F|
|poke|p1|Quagsire, M|
|poke|p1|Dragonite, F|
|poke|p1|Toxapex, M|
|poke|p1|Tornadus-Therian, M|
|poke|p2|Garchomp, M|
|poke|p2|Zapdos|
|poke|p2|Rillaboom, M|
|poke|p2|Tapu Lele|
|poke|p2|Volcanion|
|poke|p2|Weavile, F|
|teampreview
|inactive|Battle timer is ON: inactive players will automatically lose when time's up. (requested by iopkj09)
|
|t:|1667481016
|start
|switch|p1a: Stefan|Reuniclus, F|100/100
|switch|p2a: Tapu Lele|Tapu Lele|100/100
|-fieldstart|move: Psychic Terrain|[from] ability: Psychic Surge|[of] p2a: Tapu Lele
|turn|1
|
|t:|1667481029
|move|p2a: Tapu Lele|Moonblast|p1a: Stefan
|-damage|p1a: Stefan|69/100
|-unboost|p1a: Stefan|spa|1
|move|p1a: Stefan|Knock Off|p2a: Tapu Lele
|-damage|p2a: Tapu Lele|76/100
|-enditem|p2a: Tapu Lele|Choice Specs|[from] move: Knock Off|[of] p1a: Stefan
|
|upkeep
|turn|2
|
|t:|1667481039
|move|p2a: Tapu Lele|Moonblast|p1a: Stefan
|-damage|p1a: Stefan|49/100
|move|p1a: Stefan|Infestation|p2a: Tapu Lele
|-damage|p2a: Tapu Lele|71/100
|-activate|p2a: Tapu Lele|move: Infestation|[of] p1a: Stefan
|
|-damage|p2a: Tapu Lele|59/100|[from] move: Infestation|[partiallytrapped]
|upkeep
|turn|3
|
|t:|1667481047
|move|p2a: Tapu Lele|Psyshock|p1a: Stefan
|-resisted|p1a: Stefan
|-damage|p1a: Stefan|22/100
|move|p1a: Stefan|Future Sight|p2a: Tapu Lele
|-start|p1a: Stefan|move: Future Sight
|
|-damage|p2a: Tapu Lele|46/100|[from] move: Infestation|[partiallytrapped]
|upkeep
|turn|4
|j| Carlosdelavega
|
|t:|1667481058
|switch|p1a: Opa|Tornadus-Therian, M|100/100
|move|p2a: Tapu Lele|Psyshock|p1a: Opa
|-damage|p1a: Opa|44/100
|
|-end|p2a: Tapu Lele|Infestation|[partiallytrapped]|[silent]
|upkeep
|turn|5
|l| Carlosdelavega
|
|t:|1667481066
|switch|p1a: Stefan|Reuniclus, F|55/100
|switch|p2a: Zapdos|Zapdos, shiny|100/100
|
|-end|p2a: Zapdos|move: Future Sight
|-damage|p2a: Zapdos|32/100
|-fieldend|move: Psychic Terrain
|upkeep
|turn|6
|
|t:|1667481074
|move|p1a: Stefan|Knock Off|p2a: Zapdos
|-damage|p2a: Zapdos|11/100
|-enditem|p2a: Zapdos|Wide Lens|[from] move: Knock Off|[of] p1a: Stefan
|move|p2a: Zapdos|Whirlwind|p1a: Stefan
|drag|p1a: Opa|Tornadus-Therian, M|77/100
|
|upkeep
|turn|7
|j| Liminal Rain
|
|t:|1667481081
|switch|p1a: Stefan|Reuniclus, F|88/100
|move|p2a: Zapdos|Thunderbolt|p1a: Stefan
|-damage|p1a: Stefan|68/100
|
|upkeep
|turn|8
|
|t:|1667481086
|move|p2a: Zapdos|Hurricane|p1a: Stefan|[miss]
|-miss|p2a: Zapdos|p1a: Stefan
|move|p1a: Stefan|Psyshock|p2a: Zapdos
|-damage|p2a: Zapdos|0 fnt
|faint|p2a: Zapdos
|
|upkeep
|
|t:|1667481090
|switch|p2a: Weavile|Weavile, F|100/100
|-ability|p2a: Weavile|Pressure
|turn|9
|
|t:|1667481100
|switch|p1a: Oma|Toxapex, M|100/100
|move|p2a: Weavile|Knock Off|p1a: Oma
|-damage|p1a: Oma|70/100
|-damage|p2a: Weavile|84/100|[from] item: Rocky Helmet|[of] p1a: Oma
|-enditem|p1a: Oma|Rocky Helmet|[from] move: Knock Off|[of] p2a: Weavile
|
|upkeep
|turn|10
|
|t:|1667481108
|switch|p2a: Tapu Lele|Tapu Lele|46/100
|-fieldstart|move: Psychic Terrain|[from] ability: Psychic Surge|[of] p2a: Tapu Lele
|move|p1a: Oma|Toxic Spikes|p2a: Tapu Lele
|-sidestart|p2: iopkj09|move: Toxic Spikes
|
|upkeep
|turn|11
|
|t:|1667481112
|switch|p1a: Stefan|Reuniclus, F|100/100
|move|p2a: Tapu Lele|Psychic|p1a: Stefan
|-resisted|p1a: Stefan
|-damage|p1a: Stefan|88/100
|
|upkeep
|turn|12
|
|t:|1667481117
|move|p2a: Tapu Lele|Psyshock|p1a: Stefan
|-resisted|p1a: Stefan
|-damage|p1a: Stefan|60/100
|move|p1a: Stefan|Infestation|p2a: Tapu Lele
|-damage|p2a: Tapu Lele|40/100
|-activate|p2a: Tapu Lele|move: Infestation|[of] p1a: Stefan
|
|-damage|p2a: Tapu Lele|27/100|[from] move: Infestation|[partiallytrapped]
|upkeep
|turn|13
|
|t:|1667481123
|move|p2a: Tapu Lele|Psyshock|p1a: Stefan
|-resisted|p1a: Stefan
|-damage|p1a: Stefan|34/100
|move|p1a: Stefan|Psyshock|p2a: Tapu Lele
|-resisted|p2a: Tapu Lele
|-damage|p2a: Tapu Lele|0 fnt
|faint|p2a: Tapu Lele
|
|upkeep
|
|t:|1667481132
|switch|p2a: Rillaboom|Rillaboom, M|100/100
|-status|p2a: Rillaboom|psn
|-fieldstart|move: Grassy Terrain|[from] ability: Grassy Surge|[of] p2a: Rillaboom
|turn|14
|
|t:|1667481136
|switch|p1a: Opa|Tornadus-Therian, M|100/100
|move|p2a: Rillaboom|Swords Dance|p2a: Rillaboom
|-boost|p2a: Rillaboom|atk|2
|
|-damage|p2a: Rillaboom|88/100 psn|[from] psn
|upkeep
|turn|15
|
|t:|1667481144
|move|p2a: Rillaboom|Grassy Glide|p1a: Opa
|-resisted|p1a: Opa
|-damage|p1a: Opa|36/100
|-damage|p2a: Rillaboom|78/100 psn|[from] item: Life Orb
|move|p1a: Opa|Hurricane|p2a: Rillaboom
|-supereffective|p2a: Rillaboom
|-crit|p2a: Rillaboom
|-damage|p2a: Rillaboom|0 fnt
|faint|p2a: Rillaboom
|
|upkeep
|
|t:|1667481149
|switch|p2a: Weavile|Weavile, F|84/100
|-status|p2a: Weavile|psn
|-ability|p2a: Weavile|Pressure
|turn|16
|
|t:|1667481154
|switch|p1a: Oma|Toxapex, M|100/100
|move|p2a: Weavile|Swords Dance|p2a: Weavile
|-boost|p2a: Weavile|atk|2
|
|-heal|p2a: Weavile|90/100 psn|[from] Grassy Terrain
|-damage|p2a: Weavile|77/100 psn|[from] psn
|upkeep
|turn|17
|
|t:|1667481159
|move|p2a: Weavile|Knock Off|p1a: Oma
|-damage|p1a: Oma|62/100
|move|p1a: Oma|Knock Off|p2a: Weavile
|-resisted|p2a: Weavile
|-damage|p2a: Weavile|65/100 psn
|-enditem|p2a: Weavile|Focus Sash|[from] move: Knock Off|[of] p1a: Oma
|
|-heal|p2a: Weavile|71/100 psn|[from] Grassy Terrain
|-heal|p1a: Oma|68/100|[from] Grassy Terrain
|-damage|p2a: Weavile|58/100 psn|[from] psn
|upkeep
|turn|18
|
|t:|1667481164
|move|p2a: Weavile|Swords Dance|p2a: Weavile
|-boost|p2a: Weavile|atk|2
|move|p1a: Oma|Recover|p1a: Oma
|-heal|p1a: Oma|100/100
|
|-heal|p2a: Weavile|64/100 psn|[from] Grassy Terrain
|-damage|p2a: Weavile|52/100 psn|[from] psn
|-fieldend|move: Grassy Terrain
|upkeep
|turn|19
|
|t:|1667481168
|move|p2a: Weavile|Knock Off|p1a: Oma
|-damage|p1a: Oma|40/100
|move|p1a: Oma|Recover|p1a: Oma
|-heal|p1a: Oma|90/100
|
|-damage|p2a: Weavile|40/100 psn|[from] psn
|upkeep
|turn|20
|
|t:|1667481172
|move|p2a: Weavile|Swords Dance|p2a: Weavile
|-boost|p2a: Weavile|atk|2
|move|p1a: Oma|Recover|p1a: Oma
|-heal|p1a: Oma|100/100
|
|-damage|p2a: Weavile|27/100 psn|[from] psn
|upkeep
|turn|21
|
|t:|1667481174
|move|p2a: Weavile|Knock Off|p1a: Oma
|-damage|p1a: Oma|22/100
|move|p1a: Oma|Recover|p1a: Oma
|-heal|p1a: Oma|72/100
|
|-damage|p2a: Weavile|15/100 psn|[from] psn
|upkeep
|turn|22
|
|t:|1667481178
|move|p2a: Weavile|Knock Off|p1a: Oma
|-damage|p1a: Oma|0 fnt
|faint|p1a: Oma
|
|-damage|p2a: Weavile|2/100 psn|[from] psn
|upkeep
|
|t:|1667481182
|switch|p1a: Toni|Umbreon, F|100/100
|turn|23
|l| Liminal Rain
|
|t:|1667481187
|move|p1a: Toni|Protect|p1a: Toni
|-singleturn|p1a: Toni|Protect
|move|p2a: Weavile|Knock Off|p1a: Toni
|-activate|p1a: Toni|move: Protect
|
|-damage|p2a: Weavile|0 fnt|[from] psn
|faint|p2a: Weavile
|upkeep
|
|t:|1667481190
|switch|p2a: Volcanion|Volcanion|100/100
|-status|p2a: Volcanion|psn
|turn|24
|-message|iopkj09 forfeited.
|
|win|El Stefano
|raw|El Stefano's rating: 1797 &rarr; <strong>1811</strong><br />(+14 for winning)
|raw|iopkj09's rating: 1697 &rarr; <strong>1683</strong><br />(-14 for losing)
|l|☆iopkj09
||Ladder isn't responding, score probably updated but might not have (Request timeout).
|l|☆El Stefano
