|j|☆brettfavreguilty
|j|☆rahole
|t:|1665031888
|gametype|singles
|player|p1|brettfavreguilty|harlequin|1564
|player|p2|rahole|265|1588
|teamsize|p1|6
|teamsize|p2|6
|gen|8
|tier|[Gen 8] OU
|rated|
|rule|Sleep Clause Mod: Limit one foe put to sleep
|rule|Species Clause: Limit one of each Pokémon
|rule|OHKO Clause: OHKO moves are banned
|rule|Evasion Items Clause: Evasion items are banned
|rule|Evasion Moves Clause: Evasion moves are banned
|rule|Endless Battle Clause: Forcing endless battles is banned
|rule|HP Percentage Mod: HP is shown in percentages
|rule|Dynamax Clause: You cannot dynamax
|clearpoke
|poke|p1|Landorus-Therian, M|
|poke|p1|Silvally-*|
|poke|p1|Cursola, F|
|poke|p1|Ferrothorn, F|
|poke|p1|Kartana|
|poke|p1|Tyranitar, M|
|poke|p2|Gastrodon-East, F|
|poke|p2|Zapdos|
|poke|p2|Heatran, F|
|poke|p2|Buzzwole|
|poke|p2|Dragonite, F|
|poke|p2|Urshifu-*, M|
|teampreview
|inactive|Battle timer is ON: inactive players will automatically lose when time's up. (requested by brettfavreguilty)
|
|t:|1665031898
|start
|switch|p1a: Landorus|Landorus-Therian, M|100/100
|switch|p2a: kung fu panda|Urshifu-Rapid-Strike, M|100/100
|-ability|p1a: Landorus|Intimidate|boost
|-unboost|p2a: kung fu panda|atk|1
|turn|1
|
|t:|1665031909
|switch|p1a: Ferrothorn|Ferrothorn, F|100/100
|move|p2a: kung fu panda|Close Combat|p1a: Ferrothorn
|-supereffective|p1a: Ferrothorn
|-damage|p1a: Ferrothorn|1/100
|-unboost|p2a: kung fu panda|def|1
|-unboost|p2a: kung fu panda|spd|1
|-damage|p2a: kung fu panda|88/100|[from] ability: Iron Barbs|[of] p1a: Ferrothorn
|-damage|p2a: kung fu panda|72/100|[from] item: Rocky Helmet|[of] p1a: Ferrothorn
|
|upkeep
|turn|2
|
|t:|1665031925
|switch|p2a: big mouth|Heatran, F|100/100
|move|p1a: Ferrothorn|Spikes|p2a: big mouth
|-sidestart|p2: rahole|Spikes
|
|upkeep
|turn|3
|
|t:|1665031932
|switch|p1a: Tyranitar|Tyranitar, M|100/100
|-weather|Sandstorm|[from] ability: Sand Stream|[of] p1a: Tyranitar
|move|p2a: big mouth|Stealth Rock|p1a: Tyranitar
|-sidestart|p1: brettfavreguilty|move: Stealth Rock
|
|-weather|Sandstorm|[upkeep]
|upkeep
|turn|4
|
|t:|1665031940
|switch|p2a: no rest days|Buzzwole, shiny|100/100
|-damage|p2a: no rest days|88/100|[from] Spikes
|move|p1a: Tyranitar|Stone Edge|p2a: no rest days
|-damage|p2a: no rest days|33/100
|
|-weather|Sandstorm|[upkeep]
|-damage|p2a: no rest days|27/100|[from] Sandstorm
|upkeep
|turn|5
|
|t:|1665031951
|switch|p1a: Landorus|Landorus-Therian, M|100/100
|-damage|p1a: Landorus|88/100|[from] Stealth Rock
|-ability|p1a: Landorus|Intimidate|boost
|-unboost|p2a: no rest days|atk|1
|move|p2a: no rest days|Close Combat|p1a: Landorus
|-resisted|p1a: Landorus
|-damage|p1a: Landorus|67/100
|-unboost|p2a: no rest days|def|1
|-unboost|p2a: no rest days|spd|1
|-damage|p2a: no rest days|10/100|[from] item: Rocky Helmet|[of] p1a: Landorus
|
|-weather|Sandstorm|[upkeep]
|-damage|p2a: no rest days|4/100|[from] Sandstorm
|upkeep
|turn|6
|
|t:|1665031964
|move|p2a: no rest days|Roost|p2a: no rest days
|-heal|p2a: no rest days|54/100
|-singleturn|p2a: no rest days|move: Roost
|move|p1a: Landorus|Stealth Rock|p2a: no rest days
|-sidestart|p2: rahole|move: Stealth Rock
|
|-weather|Sandstorm|[upkeep]
|-damage|p2a: no rest days|48/100|[from] Sandstorm
|upkeep
|turn|7
|
|t:|1665031971
|switch|p1a: Ferrothorn|Ferrothorn, F|1/100
|-damage|p1a: Ferrothorn|0 fnt|[from] Stealth Rock
|faint|p1a: Ferrothorn
|move|p2a: no rest days|Ice Punch|p1: Ferrothorn|[notarget]
|-fail|p2a: no rest days
|
|-weather|none
|upkeep
|
|t:|1665031974
|switch|p1a: Silvally|Silvally-Fairy|100/100
|-damage|p1a: Silvally|88/100|[from] Stealth Rock
|turn|8
|
|t:|1665031983
|switch|p2a: big mouth|Heatran, F|100/100
|-damage|p2a: big mouth|88/100|[from] Spikes
|-damage|p2a: big mouth|76/100|[from] Stealth Rock
|move|p1a: Silvally|Multi-Attack|p2a: big mouth
|-resisted|p2a: big mouth
|-crit|p2a: big mouth
|-damage|p2a: big mouth|58/100
|
|-heal|p2a: big mouth|64/100|[from] item: Leftovers
|upkeep
|turn|9
|
|t:|1665031996
|switch|p1a: Tyranitar|Tyranitar, M|100/100
|-damage|p1a: Tyranitar|88/100|[from] Stealth Rock
|-weather|Sandstorm|[from] ability: Sand Stream|[of] p1a: Tyranitar
|switch|p2a: Zapdos|Zapdos|100/100
|
|-weather|Sandstorm|[upkeep]
|-damage|p2a: Zapdos|94/100|[from] Sandstorm
|upkeep
|turn|10
|
|t:|1665032006
|move|p2a: Zapdos|Defog|p1a: Tyranitar
|-unboost|p1a: Tyranitar|evasion|1
|-sideend|p1: brettfavreguilty|Stealth Rock|[from] move: Defog|[of] p2a: Zapdos
|-sideend|p2: rahole|Spikes|[from] move: Defog|[of] p2a: Zapdos
|-sideend|p2: rahole|Stealth Rock|[from] move: Defog|[of] p2a: Zapdos
|move|p1a: Tyranitar|Stone Edge|p2a: Zapdos|[miss]
|-miss|p1a: Tyranitar|p2a: Zapdos
|
|-weather|Sandstorm|[upkeep]
|-damage|p2a: Zapdos|88/100|[from] Sandstorm
|upkeep
|turn|11
|
|t:|1665032015
|move|p2a: Zapdos|Volt Switch|p1a: Tyranitar
|-damage|p1a: Tyranitar|72/100
|
|t:|1665032019
|switch|p2a: gary|Gastrodon-East, F, shiny|100/100|[from]move: Volt Switch
|move|p1a: Tyranitar|Stone Edge|p2a: gary
|-resisted|p2a: gary
|-damage|p2a: gary|52/100
|
|-weather|Sandstorm|[upkeep]
|upkeep
|turn|12
|
|t:|1665032027
|switch|p1a: Landorus|Landorus-Therian, M|67/100
|-ability|p1a: Landorus|Intimidate|boost
|-unboost|p2a: gary|atk|1
|move|p2a: gary|Scald|p1a: Landorus
|-supereffective|p1a: Landorus
|-damage|p1a: Landorus|27/100
|
|-weather|Sandstorm|[upkeep]
|upkeep
|turn|13
|
|t:|1665032034
|move|p1a: Landorus|Stealth Rock|p2a: gary
|-sidestart|p2: rahole|move: Stealth Rock
|move|p2a: gary|Scald|p1a: Landorus
|-supereffective|p1a: Landorus
|-damage|p1a: Landorus|0 fnt
|faint|p1a: Landorus
|
|-weather|none
|upkeep
|
|t:|1665032040
|switch|p1a: Silvally|Silvally-Fairy|88/100
|turn|14
|
|t:|1665032044
|switch|p2a: big mouth|Heatran, F|64/100
|-damage|p2a: big mouth|52/100|[from] Stealth Rock
|move|p1a: Silvally|Swords Dance|p1a: Silvally
|-boost|p1a: Silvally|atk|2
|
|-heal|p2a: big mouth|58/100|[from] item: Leftovers
|upkeep
|turn|15
|
|t:|1665032051
|move|p1a: Silvally|Rock Slide|p2a: big mouth
|-damage|p2a: big mouth|21/100
|cant|p2a: big mouth|flinch
|
|-heal|p2a: big mouth|27/100|[from] item: Leftovers
|upkeep
|turn|16
|
|t:|1665032063
|move|p1a: Silvally|Rock Slide|p2a: big mouth
|-damage|p2a: big mouth|0 fnt
|faint|p2a: big mouth
|
|upkeep
|
|t:|1665032067
|switch|p2a: kung fu panda|Urshifu-Rapid-Strike, M|72/100
|-damage|p2a: kung fu panda|66/100|[from] Stealth Rock
|turn|17
|
|t:|1665032073
|switch|p1a: Kartana|Kartana|100/100
|move|p2a: kung fu panda|Surging Strikes|p1a: Kartana
|-resisted|p1a: Kartana
|-crit|p1a: Kartana
|-damage|p1a: Kartana|89/100
|-resisted|p1a: Kartana
|-crit|p1a: Kartana
|-damage|p1a: Kartana|76/100
|-resisted|p1a: Kartana
|-crit|p1a: Kartana
|-damage|p1a: Kartana|64/100
|-hitcount|p1a: Kartana|3
|
|upkeep
|turn|18
|
|t:|1665032083
|switch|p2a: Zapdos|Zapdos|88/100
|move|p1a: Kartana|Swords Dance|p1a: Kartana
|-boost|p1a: Kartana|atk|2
|
|upkeep
|turn|19
|
|t:|1665032088
|move|p1a: Kartana|Knock Off|p2a: Zapdos
|-damage|p2a: Zapdos|23/100
|-enditem|p2a: Zapdos|Heavy-Duty Boots|[from] move: Knock Off|[of] p1a: Kartana
|-damage|p1a: Kartana|54/100|[from] item: Life Orb
|move|p2a: Zapdos|Hurricane|p1a: Kartana
|-damage|p1a: Kartana|0 fnt
|faint|p1a: Kartana
|
|upkeep
|
|t:|1665032101
|switch|p1a: Silvally|Silvally-Fairy|88/100
|turn|20
|
|t:|1665032104
|move|p1a: Silvally|Swords Dance|p1a: Silvally
|-boost|p1a: Silvally|atk|2
|move|p2a: Zapdos|Defog|p1a: Silvally
|-unboost|p1a: Silvally|evasion|1
|-sideend|p2: rahole|Stealth Rock|[from] move: Defog|[of] p2a: Zapdos
|
|upkeep
|turn|21
|
|t:|1665032110
|move|p1a: Silvally|Flame Charge|p2a: Zapdos
|-damage|p2a: Zapdos|0 fnt
|-boost|p1a: Silvally|spe|1
|faint|p2a: Zapdos
|
|upkeep
|
|t:|1665032117
|switch|p2a: the dragon warrior|Dragonite, F|100/100
|turn|22
|
|t:|1665032125
|move|p1a: Silvally|Multi-Attack|p2a: the dragon warrior
|-supereffective|p2a: the dragon warrior
|-damage|p2a: the dragon warrior|7/100
|move|p2a: the dragon warrior|Dual Wingbeat|p1a: Silvally
|-damage|p1a: Silvally|65/100
|-damage|p1a: Silvally|43/100
|-hitcount|p1a: Silvally|2
|
|upkeep
|turn|23
|
|t:|1665032134
|switch|p2a: no rest days|Buzzwole, shiny|48/100
|move|p1a: Silvally|Multi-Attack|p2a: no rest days
|-supereffective|p2a: no rest days
|-damage|p2a: no rest days|0 fnt
|-damage|p1a: Silvally|26/100|[from] item: Rocky Helmet|[of] p2a: no rest days
|faint|p2a: no rest days
|
|upkeep
|
|t:|1665032141
|switch|p2a: kung fu panda|Urshifu-Rapid-Strike, M|66/100
|turn|24
|
|t:|1665032144
|move|p2a: kung fu panda|Aqua Jet|p1a: Silvally
|-damage|p1a: Silvally|0 fnt
|faint|p1a: Silvally
|
|upkeep
|
|t:|1665032158
|switch|p1a: Cursola|Cursola, F|100/100
|turn|25
|
|t:|1665032163
|switch|p2a: gary|Gastrodon-East, F, shiny|52/100
|move|p1a: Cursola|Meteor Beam||[still]
|-prepare|p1a: Cursola|Meteor Beam
|-boost|p1a: Cursola|spa|1
|-enditem|p1a: Cursola|Power Herb
|-anim|p1a: Cursola|Meteor Beam|p2a: gary
|-resisted|p2a: gary
|-damage|p2a: gary|33/100
|
|upkeep
|turn|26
|
|t:|1665032174
|move|p1a: Cursola|Shadow Ball|p2a: gary
|-damage|p2a: gary|0 fnt
|faint|p2a: gary
|
|upkeep
|
|t:|1665032178
|switch|p2a: the dragon warrior|Dragonite, F|7/100
|turn|27
|
|t:|1665032185
|move|p2a: the dragon warrior|Dual Wingbeat|p1a: Cursola
|-damage|p1a: Cursola|65/100
|-ability|p1a: Cursola|Weak Armor|boost
|-unboost|p1a: Cursola|def|1
|-boost|p1a: Cursola|spe|2
|-damage|p1a: Cursola|15/100
|-ability|p1a: Cursola|Weak Armor|boost
|-unboost|p1a: Cursola|def|1
|-boost|p1a: Cursola|spe|2
|-hitcount|p1a: Cursola|2
|move|p1a: Cursola|Shadow Ball|p2a: the dragon warrior
|-damage|p2a: the dragon warrior|0 fnt
|faint|p2a: the dragon warrior
|
|upkeep
|
|t:|1665032197
|switch|p2a: kung fu panda|Urshifu-Rapid-Strike, M|66/100
|turn|28
|
|t:|1665032200
|move|p1a: Cursola|Shadow Ball|p2a: kung fu panda
|-damage|p2a: kung fu panda|0 fnt
|faint|p2a: kung fu panda
|
|win|brettfavreguilty
|raw|brettfavreguilty's rating: 1564 &rarr; <strong>1585</strong><br />(+21 for winning)
|raw|rahole's rating: 1588 &rarr; <strong>1567</strong><br />(-21 for losing)
|l|☆rahole
