|j|☆Steez Ibanez
|j|☆TrynBuy
|inactive|Battle timer is ON: inactive players will automatically lose when time's up.
|t:|1667607695
|gametype|singles
|player|p1|Steez Ibanez|acetrainer-gen7|
|player|p2|TrynBuy|2|
|teamsize|p1|6
|teamsize|p2|6
|gen|8
|tier|[Gen 8] OU
|rated|Tournament battle
|rule|Sleep Clause Mod: Limit one foe put to sleep
|rule|Species Clause: Limit one of each Pokémon
|rule|OHKO Clause: OHKO moves are banned
|rule|Evasion Items Clause: Evasion items are banned
|rule|Evasion Moves Clause: Evasion moves are banned
|rule|Endless Battle Clause: Forcing endless battles is banned
|rule|HP Percentage Mod: HP is shown in percentages
|rule|Dynamax Clause: You cannot dynamax
|clearpoke
|poke|p1|Weezing-Galar, M|
|poke|p1|Hydreigon, M|
|poke|p1|Ferrothorn, M|
|poke|p1|Zapdos|
|poke|p1|Primarina, F|
|poke|p1|Heatran, M|
|poke|p2|Pelipper, F|
|poke|p2|Seismitoad, F|
|poke|p2|Zapdos|
|poke|p2|Ferrothorn, M|
|poke|p2|Barraskewda, M|
|poke|p2|Crawdaunt, F|
|teampreview
|inactive|Steez Ibanez also wants the timer to be on.
|j|@SetsuStsna
|j| lowelofunn
|j| PilarMan
|c|☆Steez Ibanez|Hf
|j| nis298
|c|☆TrynBuy|u2
|
|t:|1667607707
|start
|switch|p1a: Speedwagon|Weezing-Galar, M|100/100
|switch|p2a: Crawdaunt|Crawdaunt, F|100/100
|turn|1
|j| Onnoku
|j| GoatNoir
|j| Aftx
|j| TheNewBrends11
|j| testingteams888
|j| MaxComfy
|j| jetsons
|
|t:|1667607717
|move|p2a: Crawdaunt|Liquidation|p1a: Speedwagon
|-damage|p1a: Speedwagon|50/100
|-damage|p2a: Crawdaunt|91/100|[from] item: Life Orb
|move|p1a: Speedwagon|Strange Steam|p2a: Crawdaunt
|-supereffective|p2a: Crawdaunt
|-damage|p2a: Crawdaunt|0 fnt
|faint|p2a: Crawdaunt
|
|-heal|p1a: Speedwagon|56/100|[from] item: Black Sludge
|upkeep
|c| TheNewBrends11|wow
|
|t:|1667607725
|switch|p2a: Seismitoad|Seismitoad, F|100/100
|turn|2
|j|+sufys12
|c| Onnoku|USE THE BATHWATER!
|c|☆Steez Ibanez|Crabhammer bro
|
|t:|1667607732
|switch|p2a: Pelican|Pelipper, F|100/100
|-weather|RainDance|[from] ability: Drizzle|[of] p2a: Pelican
|move|p1a: Speedwagon|Pain Split|p2a: Pelican
|-sethp|p2a: Pelican|79/100|[from] move: Pain Split|[silent]
|-sethp|p1a: Speedwagon|77/100|[from] move: Pain Split
|
|-weather|RainDance|[upkeep]
|-heal|p1a: Speedwagon|83/100|[from] item: Black Sludge
|upkeep
|turn|3
|c|☆TrynBuy|bro I gotta go out to eat
|j| zubitop
|c| TheNewBrends11|weezing-g is not the mon i think of when i think of power
|j| 39Fantail
|c| GoatNoir|it just tanked crawdaunt thats insane
|
|t:|1667607737
|move|p1a: Speedwagon|Toxic Spikes|p2a: Pelican
|-sidestart|p2: TrynBuy|move: Toxic Spikes
|move|p2a: Pelican|U-turn|p1a: Speedwagon
|-resisted|p1a: Speedwagon
|-damage|p1a: Speedwagon|81/100
|j| Youtalkin
|
|t:|1667607742
|switch|p2a: Zapdos|Zapdos|100/100|[from]move: U-turn
|
|-weather|RainDance|[upkeep]
|-heal|p1a: Speedwagon|87/100|[from] item: Black Sludge
|upkeep
|turn|4
|
|t:|1667607752
|switch|p1a: Hephaestus|Heatran, M|100/100
|-item|p1a: Hephaestus|Air Balloon
|move|p2a: Zapdos|Thunder|p1a: Hephaestus
|-damage|p1a: Hephaestus|19/100
|-enditem|p1a: Hephaestus|Air Balloon
|
|-weather|RainDance|[upkeep]
|upkeep
|turn|5
|
|t:|1667607755
|move|p2a: Zapdos|Thunder|p1a: Hephaestus
|-damage|p1a: Hephaestus|0 fnt
|faint|p1a: Hephaestus
|
|-weather|RainDance|[upkeep]
|upkeep
|
|t:|1667607757
|switch|p1a: Hades|Hydreigon, M|100/100
|turn|6
|
|t:|1667607758
|move|p2a: Zapdos|Thunder|p1a: Hades
|-resisted|p1a: Hades
|-damage|p1a: Hades|57/100
|-status|p1a: Hades|par
|move|p1a: Hades|Dark Pulse|p2a: Zapdos
|-damage|p2a: Zapdos|57/100
|
|-weather|RainDance|[upkeep]
|-heal|p1a: Hades|63/100 par|[from] item: Leftovers
|upkeep
|turn|7
|
|t:|1667607762
|move|p2a: Zapdos|Thunder|p1a: Hades
|-resisted|p1a: Hades
|-damage|p1a: Hades|18/100 par
|move|p1a: Hades|Dark Pulse|p2a: Zapdos
|-damage|p2a: Zapdos|10/100
|
|-weather|RainDance|[upkeep]
|-heal|p1a: Hades|24/100 par|[from] item: Leftovers
|upkeep
|turn|8
|
|t:|1667607769
|move|p2a: Zapdos|Thunder|p1a: Hades
|-resisted|p1a: Hades
|-damage|p1a: Hades|0 fnt
|faint|p1a: Hades
|
|-weather|RainDance|[upkeep]
|upkeep
|
|t:|1667607772
|switch|p1a: Bolt|Zapdos|100/100
|turn|9
|
|t:|1667607773
|move|p2a: Zapdos|Thunder|p1a: Bolt
|-damage|p1a: Bolt|13/100
|move|p1a: Bolt|Volt Switch|p2a: Zapdos
|-damage|p2a: Zapdos|0 fnt
|faint|p2a: Zapdos
|
|t:|1667607776
|switch|p1a: Siren|Primarina, F|100/100|[from]move: Volt Switch
|
|-weather|none
|upkeep
|j| MetaNite1
|
|t:|1667607784
|switch|p2a: Pelican|Pelipper, F|79/100
|-weather|RainDance|[from] ability: Drizzle|[of] p2a: Pelican
|turn|10
|j| smoolic alt
|
|t:|1667607789
|move|p1a: Siren|Calm Mind|p1a: Siren
|-boost|p1a: Siren|spa|1
|-boost|p1a: Siren|spd|1
|move|p2a: Pelican|Hurricane|p1a: Siren
|-damage|p1a: Siren|80/100
|-start|p1a: Siren|confusion
|
|-weather|RainDance|[upkeep]
|-heal|p1a: Siren|86/100|[from] item: Leftovers
|upkeep
|turn|11
|
|t:|1667607792
|-activate|p1a: Siren|confusion
|move|p1a: Siren|Scald|p2a: Pelican
|-resisted|p2a: Pelican
|-damage|p2a: Pelican|45/100
|move|p2a: Pelican|Defog|p1a: Siren
|-unboost|p1a: Siren|evasion|1
|-sideend|p2: TrynBuy|Toxic Spikes|[from] move: Defog|[of] p2a: Pelican
|
|-weather|RainDance|[upkeep]
|-heal|p1a: Siren|92/100|[from] item: Leftovers
|upkeep
|turn|12
|
|t:|1667607799
|-end|p1a: Siren|confusion
|move|p1a: Siren|Substitute|p1a: Siren
|-start|p1a: Siren|Substitute
|-damage|p1a: Siren|67/100
|move|p2a: Pelican|U-turn|p1a: Siren
|-resisted|p1a: Siren
|-activate|p1a: Siren|move: Substitute|[damage]
|
|t:|1667607805
|switch|p2a: Ferrothorn|Ferrothorn, M|100/100|[from]move: U-turn
|
|-weather|RainDance|[upkeep]
|-heal|p1a: Siren|73/100|[from] item: Leftovers
|upkeep
|turn|13
|
|t:|1667607806
|move|p1a: Siren|Scald|p2a: Ferrothorn
|-resisted|p2a: Ferrothorn
|-damage|p2a: Ferrothorn|72/100
|-status|p2a: Ferrothorn|brn
|-enditem|p2a: Ferrothorn|Eject Button
|
|t:|1667607811
|switch|p2a: Barraskewda|Barraskewda, M|100/100
|
|-weather|RainDance|[upkeep]
|-heal|p1a: Siren|79/100|[from] item: Leftovers
|upkeep
|turn|14
|
|t:|1667607813
|move|p2a: Barraskewda|Flip Turn|p1a: Siren
|-resisted|p1a: Siren
|-end|p1a: Siren|Substitute
|
|t:|1667607816
|switch|p2a: Seismitoad|Seismitoad, F|100/100|[from]move: Flip Turn
|move|p1a: Siren|Substitute|p1a: Siren
|-start|p1a: Siren|Substitute
|-damage|p1a: Siren|54/100
|
|-weather|RainDance|[upkeep]
|-heal|p1a: Siren|61/100|[from] item: Leftovers
|upkeep
|turn|15
|j| IExistYouDont
|
|t:|1667607819
|move|p2a: Seismitoad|Earth Power|p1a: Siren
|-end|p1a: Siren|Substitute
|-damage|p2a: Seismitoad|91/100|[from] item: Life Orb
|move|p1a: Siren|Scald|p2a: Seismitoad
|-damage|p2a: Seismitoad|0 fnt
|faint|p2a: Seismitoad
|
|-weather|RainDance|[upkeep]
|-heal|p1a: Siren|67/100|[from] item: Leftovers
|upkeep
|
|t:|1667607824
|switch|p2a: Barraskewda|Barraskewda, M|100/100
|turn|16
|
|t:|1667607831
|move|p2a: Barraskewda|Flip Turn|p1a: Siren
|-resisted|p1a: Siren
|-damage|p1a: Siren|37/100
|c| Onnoku|does the double fairy ever run into issues outside of melmetal?
|
|t:|1667607835
|switch|p2a: Pelican|Pelipper, F|45/100|[from]move: Flip Turn
|move|p1a: Siren|Draining Kiss|p2a: Pelican
|-damage|p2a: Pelican|13/100
|-heal|p1a: Siren|58/100|[from] drain|[of] p2a: Pelican
|
|-weather|RainDance|[upkeep]
|-heal|p1a: Siren|64/100|[from] item: Leftovers
|upkeep
|turn|17
|
|t:|1667607838
|move|p1a: Siren|Calm Mind|p1a: Siren
|-boost|p1a: Siren|spa|1
|-boost|p1a: Siren|spd|1
|move|p2a: Pelican|Hurricane|p1a: Siren
|-damage|p1a: Siren|50/100
|-start|p1a: Siren|confusion
|
|-weather|none
|-heal|p1a: Siren|56/100|[from] item: Leftovers
|upkeep
|turn|18
|
|t:|1667607844
|switch|p2a: Ferrothorn|Ferrothorn, M|72/100 brn
|-activate|p1a: Siren|confusion
|move|p1a: Siren|Substitute|p1a: Siren
|-start|p1a: Siren|Substitute
|-damage|p1a: Siren|31/100
|
|-heal|p1a: Siren|37/100|[from] item: Leftovers
|-damage|p2a: Ferrothorn|66/100 brn|[from] brn
|upkeep
|turn|19
|
|t:|1667607848
|switch|p2a: Pelican|Pelipper, F|13/100
|-weather|RainDance|[from] ability: Drizzle|[of] p2a: Pelican
|-activate|p1a: Siren|confusion
|-damage|p1a: Siren|33/100|[from] confusion
|
|-weather|RainDance|[upkeep]
|-heal|p1a: Siren|39/100|[from] item: Leftovers
|upkeep
|turn|20
|j| nimed beatches
|
|t:|1667607852
|-activate|p1a: Siren|confusion
|move|p1a: Siren|Scald|p2a: Pelican
|-resisted|p2a: Pelican
|-damage|p2a: Pelican|0 fnt
|faint|p2a: Pelican
|
|-weather|RainDance|[upkeep]
|-heal|p1a: Siren|45/100|[from] item: Leftovers
|upkeep
|l| nimed beatches
|
|t:|1667607854
|switch|p2a: Barraskewda|Barraskewda, M|100/100
|turn|21
|
|t:|1667607857
|move|p2a: Barraskewda|Flip Turn|p1a: Siren
|-resisted|p1a: Siren
|-end|p1a: Siren|Substitute
|
|t:|1667607859
|switch|p2a: Ferrothorn|Ferrothorn, M|66/100 brn|[from]move: Flip Turn
|-end|p1a: Siren|confusion
|move|p1a: Siren|Substitute|p1a: Siren
|-start|p1a: Siren|Substitute
|-damage|p1a: Siren|20/100
|
|-weather|RainDance|[upkeep]
|-heal|p1a: Siren|26/100|[from] item: Leftovers
|-damage|p2a: Ferrothorn|60/100 brn|[from] brn
|upkeep
|turn|22
|j| nimed beatches
|
|t:|1667607862
|switch|p2a: Barraskewda|Barraskewda, M|100/100
|move|p1a: Siren|Scald|p2a: Barraskewda
|-resisted|p2a: Barraskewda
|-damage|p2a: Barraskewda|0 fnt
|faint|p2a: Barraskewda
|
|-weather|RainDance|[upkeep]
|-heal|p1a: Siren|32/100|[from] item: Leftovers
|upkeep
|c|☆TrynBuy|gg
|c|☆TrynBuy|gtg
|l| nimed beatches
|-message|TrynBuy forfeited.
|
|win|Steez Ibanez
|n|☆Steez Ibanez|steezibanez
|n|☆TrynBuy|trynbuy
|n| SetsuStsna|setsustsna
|n| lowelofunn|lowelofunn
|n| PilarMan|pilarman
|n| nis298|nis298
|n| Onnoku|onnoku
|n| GoatNoir|goatnoir
|n| Aftx|aftx
|n| TheNewBrends11|thenewbrends11
|n| testingteams888|testingteams888
|n| MaxComfy|maxcomfy
|n| jetsons|jetsons
|n| sufys12|sufys12
|n| zubitop|zubitop
|n| 39Fantail|39fantail
|n| Youtalkin|youtalkin
|n| MetaNite1|metanite1
|n| smoolic alt|smoolicalt
|n| IExistYouDont|iexistyoudont
