|j|☆jeandonis02
|j|☆Makuryu
|t:|1658765133
|gametype|singles
|player|p1|jeandonis02|lucas|1724
|player|p2|Makuryu|koga|1751
|teamsize|p1|6
|teamsize|p2|6
|gen|8
|tier|[Gen 8] OU
|rated|
|rule|Sleep Clause Mod: Limit one foe put to sleep
|rule|Species Clause: Limit one of each Pokémon
|rule|OHKO Clause: OHKO moves are banned
|rule|Evasion Moves Clause: Evasion moves are banned
|rule|Endless Battle Clause: Forcing endless battles is banned
|rule|HP Percentage Mod: HP is shown in percentages
|rule|Dynamax Clause: You cannot dynamax
|clearpoke
|poke|p1|Zeraora|
|poke|p1|Toxapex, M|
|poke|p1|Garchomp, M|
|poke|p1|Rotom-Wash|
|poke|p1|Ferrothorn, M|
|poke|p1|Charizard, M|
|poke|p2|Landorus-Therian, M|
|poke|p2|Tapu Koko|
|poke|p2|Victini|
|poke|p2|Tapu Fini|
|poke|p2|Weavile, F|
|poke|p2|Corviknight, F|
|teampreview
|inactive|Battle timer is ON: inactive players will automatically lose when time's up. (requested by Makuryu)
|
|t:|1658765142
|start
|switch|p1a: Ferrothorn|Ferrothorn, M|100/100
|switch|p2a: Landorus|Landorus-Therian, M|100/100
|-ability|p2a: Landorus|Intimidate|boost
|-unboost|p1a: Ferrothorn|atk|1
|turn|1
|
|t:|1658765148
|move|p2a: Landorus|Knock Off|p1a: Ferrothorn
|-damage|p1a: Ferrothorn|82/100
|-damage|p2a: Landorus|88/100|[from] ability: Iron Barbs|[of] p1a: Ferrothorn
|-damage|p2a: Landorus|72/100|[from] item: Rocky Helmet|[of] p1a: Ferrothorn
|-enditem|p1a: Ferrothorn|Rocky Helmet|[from] move: Knock Off|[of] p2a: Landorus
|move|p1a: Ferrothorn|Stealth Rock|p2a: Landorus
|-sidestart|p2: Makuryu|move: Stealth Rock
|
|-heal|p2a: Landorus|78/100|[from] item: Leftovers
|upkeep
|turn|2
|
|t:|1658765157
|move|p2a: Landorus|Stealth Rock|p1a: Ferrothorn
|-sidestart|p1: jeandonis02|move: Stealth Rock
|move|p1a: Ferrothorn|Leech Seed|p2a: Landorus
|-start|p2a: Landorus|move: Leech Seed
|
|-heal|p2a: Landorus|84/100|[from] item: Leftovers
|-damage|p2a: Landorus|71/100|[from] Leech Seed|[of] p1a: Ferrothorn
|-heal|p1a: Ferrothorn|96/100|[silent]
|upkeep
|turn|3
|
|t:|1658765166
|switch|p2a: Victini|Victini|100/100
|move|p1a: Ferrothorn|Leech Seed|p2a: Victini
|-start|p2a: Victini|move: Leech Seed
|
|-damage|p2a: Victini|88/100|[from] Leech Seed|[of] p1a: Ferrothorn
|-heal|p1a: Ferrothorn|100/100|[silent]
|upkeep
|turn|4
|
|t:|1658765172
|move|p2a: Victini|U-turn|p1a: Ferrothorn
|-damage|p1a: Ferrothorn|88/100
|-damage|p2a: Victini|76/100|[from] ability: Iron Barbs|[of] p1a: Ferrothorn
|
|t:|1658765176
|switch|p2a: Corviknight|Corviknight, F|100/100|[from]move: U-turn
|-damage|p2a: Corviknight|88/100|[from] Stealth Rock
|-ability|p2a: Corviknight|Pressure
|move|p1a: Ferrothorn|Leech Seed|p2a: Corviknight
|-start|p2a: Corviknight|move: Leech Seed
|
|-damage|p2a: Corviknight|75/100|[from] Leech Seed|[of] p1a: Ferrothorn
|-heal|p1a: Ferrothorn|100/100|[silent]
|upkeep
|turn|5
|
|t:|1658765185
|move|p2a: Corviknight|U-turn|p1a: Ferrothorn
|-crit|p1a: Ferrothorn
|-damage|p1a: Ferrothorn|88/100
|-damage|p2a: Corviknight|63/100|[from] ability: Iron Barbs|[of] p1a: Ferrothorn
|
|t:|1658765189
|switch|p2a: Victini|Victini|76/100|[from]move: U-turn
|move|p1a: Ferrothorn|Thunder Wave|p2a: Victini
|-status|p2a: Victini|par
|
|upkeep
|turn|6
|
|t:|1658765195
|switch|p1a: Toxapex|Toxapex, M|100/100
|-damage|p1a: Toxapex|88/100|[from] Stealth Rock
|cant|p2a: Victini|par
|
|-heal|p1a: Toxapex|94/100|[from] item: Black Sludge
|upkeep
|turn|7
|j| sdiubfgadfig
|
|t:|1658765203
|switch|p2a: Tapu Koko|Tapu Koko|100/100
|-fieldstart|move: Electric Terrain|[from] ability: Electric Surge|[of] p2a: Tapu Koko
|move|p1a: Toxapex|Scald|p2a: Tapu Koko
|-damage|p2a: Tapu Koko|75/100
|
|-heal|p1a: Toxapex|100/100|[from] item: Black Sludge
|upkeep
|turn|8
|
|t:|1658765212
|move|p2a: Tapu Koko|U-turn|p1a: Toxapex
|-resisted|p1a: Toxapex
|-damage|p1a: Toxapex|95/100
|
|t:|1658765219
|switch|p2a: Victini|Victini|76/100 par|[from]move: U-turn
|move|p1a: Toxapex|Toxic||[still]
|-fail|p1a: Toxapex
|
|-heal|p1a: Toxapex|100/100|[from] item: Black Sludge
|upkeep
|turn|9
|
|t:|1658765227
|move|p1a: Toxapex|Baneful Bunker|p1a: Toxapex
|-singleturn|p1a: Toxapex|move: Protect
|move|p2a: Victini|Bolt Strike|p1a: Toxapex
|-activate|p1a: Toxapex|move: Protect
|
|upkeep
|turn|10
|
|t:|1658765233
|switch|p1a: Garchomp|Garchomp, M|100/100
|-damage|p1a: Garchomp|94/100|[from] Stealth Rock
|cant|p2a: Victini|par
|
|upkeep
|turn|11
|
|t:|1658765239
|switch|p2a: Landorus|Landorus-Therian, M|71/100
|-damage|p2a: Landorus|59/100|[from] Stealth Rock
|-ability|p2a: Landorus|Intimidate|boost
|-unboost|p1a: Garchomp|atk|1
|move|p1a: Garchomp|Fire Fang|p2a: Landorus
|-damage|p2a: Landorus|35/100
|
|-heal|p2a: Landorus|41/100|[from] item: Leftovers
|-fieldend|move: Electric Terrain
|upkeep
|turn|12
|
|t:|1658765251
|move|p1a: Garchomp|Fire Fang|p2a: Landorus
|-damage|p2a: Landorus|19/100
|move|p2a: Landorus|Knock Off|p1a: Garchomp
|-damage|p1a: Garchomp|64/100
|-damage|p2a: Landorus|7/100|[from] ability: Rough Skin|[of] p1a: Garchomp
|-enditem|p1a: Garchomp|Choice Band|[from] move: Knock Off|[of] p2a: Landorus
|
|-heal|p2a: Landorus|13/100|[from] item: Leftovers
|upkeep
|turn|13
|
|t:|1658765260
|move|p1a: Garchomp|Iron Head|p2a: Landorus
|-damage|p2a: Landorus|0 fnt
|faint|p2a: Landorus
|
|upkeep
|
|t:|1658765265
|switch|p2a: Tapu Koko|Tapu Koko|75/100
|-fieldstart|move: Electric Terrain|[from] ability: Electric Surge|[of] p2a: Tapu Koko
|turn|14
|
|t:|1658765268
|switch|p1a: Toxapex|Toxapex, M|100/100
|-damage|p1a: Toxapex|88/100|[from] Stealth Rock
|move|p2a: Tapu Koko|Dazzling Gleam|p1a: Toxapex
|-resisted|p1a: Toxapex
|-crit|p1a: Toxapex
|-damage|p1a: Toxapex|73/100
|
|-heal|p1a: Toxapex|79/100|[from] item: Black Sludge
|upkeep
|turn|15
|
|t:|1658765278
|move|p2a: Tapu Koko|Thunderbolt|p1a: Toxapex
|-supereffective|p1a: Toxapex
|-damage|p1a: Toxapex|19/100
|move|p1a: Toxapex|Toxic|p2a: Tapu Koko
|-status|p2a: Tapu Koko|tox
|
|-heal|p1a: Toxapex|25/100|[from] item: Black Sludge
|-damage|p2a: Tapu Koko|68/100 tox|[from] psn
|upkeep
|turn|16
|
|t:|1658765286
|move|p1a: Toxapex|Baneful Bunker|p1a: Toxapex
|-singleturn|p1a: Toxapex|move: Protect
|move|p2a: Tapu Koko|Roost|p2a: Tapu Koko
|-heal|p2a: Tapu Koko|100/100 tox
|-singleturn|p2a: Tapu Koko|move: Roost
|
|-heal|p1a: Toxapex|31/100|[from] item: Black Sludge
|-damage|p2a: Tapu Koko|88/100 tox|[from] psn
|upkeep
|turn|17
|
|t:|1658765293
|switch|p1a: Ferrothorn|Ferrothorn, M|88/100
|-damage|p1a: Ferrothorn|82/100|[from] Stealth Rock
|move|p2a: Tapu Koko|U-turn|p1a: Ferrothorn
|-damage|p1a: Ferrothorn|71/100
|-damage|p2a: Tapu Koko|76/100 tox|[from] ability: Iron Barbs|[of] p1a: Ferrothorn
|
|t:|1658765304
|switch|p2a: Tapu Fini|Tapu Fini|100/100|[from]move: U-turn
|-damage|p2a: Tapu Fini|88/100|[from] Stealth Rock
|-fieldstart|move: Misty Terrain|[from] ability: Misty Surge|[of] p2a: Tapu Fini
|
|-heal|p2a: Tapu Fini|94/100|[from] item: Leftovers
|upkeep
|turn|18
|
|t:|1658765331
|switch|p1a: Rotom|Rotom-Wash|100/100
|-damage|p1a: Rotom|88/100|[from] Stealth Rock
|move|p2a: Tapu Fini|Taunt|p1a: Rotom
|-start|p1a: Rotom|move: Taunt
|
|-heal|p1a: Rotom|94/100|[from] item: Leftovers
|-heal|p2a: Tapu Fini|99/100|[from] item: Leftovers
|upkeep
|turn|19
|j| hanzir mijej np
|
|t:|1658765340
|move|p1a: Rotom|Volt Switch|p2a: Tapu Fini
|-supereffective|p2a: Tapu Fini
|-damage|p2a: Tapu Fini|65/100
|
|t:|1658765348
|switch|p1a: Garchomp|Garchomp, M|64/100|[from]move: Volt Switch
|-damage|p1a: Garchomp|58/100|[from] Stealth Rock
|move|p2a: Tapu Fini|Nature's Madness|p1a: Garchomp
|-damage|p1a: Garchomp|29/100
|
|-heal|p2a: Tapu Fini|71/100|[from] item: Leftovers
|upkeep
|turn|20
|
|t:|1658765356
|move|p1a: Garchomp|Earthquake|p2a: Tapu Fini
|-damage|p2a: Tapu Fini|30/100
|move|p2a: Tapu Fini|Moonblast|p1a: Garchomp
|-supereffective|p1a: Garchomp
|-damage|p1a: Garchomp|0 fnt
|faint|p1a: Garchomp
|
|-heal|p2a: Tapu Fini|37/100|[from] item: Leftovers
|upkeep
|
|t:|1658765363
|switch|p1a: Ferrothorn|Ferrothorn, M|71/100
|-damage|p1a: Ferrothorn|65/100|[from] Stealth Rock
|turn|21
|
|t:|1658765367
|move|p2a: Tapu Fini|Nature's Madness|p1a: Ferrothorn
|-damage|p1a: Ferrothorn|33/100
|move|p1a: Ferrothorn|Gyro Ball|p2a: Tapu Fini
|-damage|p2a: Tapu Fini|4/100
|
|-heal|p2a: Tapu Fini|10/100|[from] item: Leftovers
|-fieldend|Misty Terrain
|upkeep
|turn|22
|
|t:|1658765374
|move|p2a: Tapu Fini|Nature's Madness|p1a: Ferrothorn
|-damage|p1a: Ferrothorn|17/100
|move|p1a: Ferrothorn|Gyro Ball|p2a: Tapu Fini
|-damage|p2a: Tapu Fini|0 fnt
|faint|p2a: Tapu Fini
|
|upkeep
|
|t:|1658765383
|switch|p2a: Weavile|Weavile, F|100/100
|-ability|p2a: Weavile|Pressure
|turn|23
|
|t:|1658765387
|move|p2a: Weavile|Knock Off|p1a: Ferrothorn
|-damage|p1a: Ferrothorn|0 fnt
|-damage|p2a: Weavile|88/100|[from] ability: Iron Barbs|[of] p1a: Ferrothorn
|faint|p1a: Ferrothorn
|
|upkeep
|
|t:|1658765391
|switch|p1a: Zeraora|Zeraora|100/100
|-damage|p1a: Zeraora|88/100|[from] Stealth Rock
|turn|24
|
|t:|1658765398
|switch|p2a: Corviknight|Corviknight, F|63/100
|-damage|p2a: Corviknight|50/100|[from] Stealth Rock
|-ability|p2a: Corviknight|Pressure
|move|p1a: Zeraora|Close Combat|p2a: Corviknight
|-damage|p2a: Corviknight|27/100
|-unboost|p1a: Zeraora|def|1
|-unboost|p1a: Zeraora|spd|1
|-damage|p1a: Zeraora|72/100|[from] item: Rocky Helmet|[of] p2a: Corviknight
|
|upkeep
|turn|25
|
|t:|1658765409
|move|p1a: Zeraora|Plasma Fists|p2a: Corviknight
|-supereffective|p2a: Corviknight
|-damage|p2a: Corviknight|0 fnt
|-fieldactivate|move: Ion Deluge
|-hint|Normal-type moves become Electric-type after using Plasma Fists.
|-damage|p1a: Zeraora|55/100|[from] item: Rocky Helmet|[of] p2a: Corviknight
|faint|p2a: Corviknight
|
|upkeep
|
|t:|1658765418
|switch|p2a: Tapu Koko|Tapu Koko|76/100 tox
|-fieldstart|move: Electric Terrain|[from] ability: Electric Surge|[of] p2a: Tapu Koko
|turn|26
|
|t:|1658765433
|switch|p1a: Toxapex|Toxapex, M|65/100
|-damage|p1a: Toxapex|52/100|[from] Stealth Rock
|move|p2a: Tapu Koko|Thunderbolt|p1a: Toxapex
|-supereffective|p1a: Toxapex
|-damage|p1a: Toxapex|0 fnt
|faint|p1a: Toxapex
|
|-damage|p2a: Tapu Koko|70/100 tox|[from] psn
|upkeep
|
|t:|1658765441
|switch|p1a: Rotom|Rotom-Wash|94/100
|-damage|p1a: Rotom|82/100|[from] Stealth Rock
|turn|27
|
|t:|1658765453
|move|p2a: Tapu Koko|U-turn|p1a: Rotom
|-damage|p1a: Rotom|66/100
|
|t:|1658765456
|switch|p2a: Weavile|Weavile, F|88/100|[from]move: U-turn
|-ability|p2a: Weavile|Pressure
|move|p1a: Rotom|Defog|p2a: Weavile
|-unboost|p2a: Weavile|evasion|1
|-sideend|p2: Makuryu|Stealth Rock|[from] move: Defog|[of] p1a: Rotom
|-sideend|p1: jeandonis02|Stealth Rock|[from] move: Defog|[of] p1a: Rotom
|-fieldend|move: Electric Terrain
|
|-heal|p1a: Rotom|73/100|[from] item: Leftovers
|upkeep
|turn|28
|inactive|Makuryu has 120 seconds left.
|
|t:|1658765499
|move|p2a: Weavile|Swords Dance|p2a: Weavile
|-boost|p2a: Weavile|atk|2
|move|p1a: Rotom|Will-O-Wisp|p2a: Weavile
|-status|p2a: Weavile|brn
|
|-heal|p1a: Rotom|79/100|[from] item: Leftovers
|-damage|p2a: Weavile|82/100 brn|[from] brn
|upkeep
|turn|29
|
|t:|1658765515
|move|p2a: Weavile|Knock Off|p1a: Rotom
|-damage|p1a: Rotom|37/100
|-enditem|p1a: Rotom|Leftovers|[from] move: Knock Off|[of] p2a: Weavile
|move|p1a: Rotom|Volt Switch|p2a: Weavile
|-damage|p2a: Weavile|46/100 brn
|
|t:|1658765517
|switch|p1a: Charizard|Charizard, M|100/100|[from]move: Volt Switch
|
|-damage|p2a: Weavile|40/100 brn|[from] brn
|upkeep
|turn|30
|
|t:|1658765529
|move|p2a: Weavile|Triple Axel|p1a: Charizard|[miss]
|-miss|p2a: Weavile|p1a: Charizard
|move|p1a: Charizard|Flame Charge|p2a: Weavile
|-supereffective|p2a: Weavile
|-damage|p2a: Weavile|0 fnt
|-boost|p1a: Charizard|spe|1
|faint|p2a: Weavile
|
|upkeep
|
|t:|1658765538
|switch|p2a: Victini|Victini|76/100 par
|turn|31
|
|t:|1658765543
|switch|p1a: Rotom|Rotom-Wash|37/100
|move|p2a: Victini|Bolt Strike|p1a: Rotom
|-damage|p1a: Rotom|6/100
|
|upkeep
|turn|32
|
|t:|1658765552
|move|p1a: Rotom|Hydro Pump|p2a: Victini
|-supereffective|p2a: Victini
|-damage|p2a: Victini|3/100 par
|cant|p2a: Victini|par
|
|upkeep
|turn|33
|
|t:|1658765557
|move|p1a: Rotom|Volt Switch|p2a: Victini
|-damage|p2a: Victini|0 fnt
|faint|p2a: Victini
|
|t:|1658765561
|switch|p1a: Charizard|Charizard, M|100/100|[from]move: Volt Switch
|
|upkeep
|
|t:|1658765564
|switch|p2a: Tapu Koko|Tapu Koko|70/100 tox
|-fieldstart|move: Electric Terrain|[from] ability: Electric Surge|[of] p2a: Tapu Koko
|turn|34
|
|t:|1658765569
|move|p2a: Tapu Koko|Thunderbolt|p1a: Charizard
|-supereffective|p1a: Charizard
|-damage|p1a: Charizard|0 fnt
|faint|p1a: Charizard
|
|-damage|p2a: Tapu Koko|64/100 tox|[from] psn
|upkeep
|
|t:|1658765574
|switch|p1a: Rotom|Rotom-Wash|6/100
|turn|35
|
|t:|1658765586
|move|p2a: Tapu Koko|Dazzling Gleam|p1a: Rotom
|-damage|p1a: Rotom|0 fnt
|faint|p1a: Rotom
|
|-damage|p2a: Tapu Koko|52/100 tox|[from] psn
|upkeep
|
|t:|1658765590
|switch|p1a: Zeraora|Zeraora|55/100
|turn|36
|
|t:|1658765593
|move|p1a: Zeraora|Plasma Fists|p2a: Tapu Koko
|-resisted|p2a: Tapu Koko
|-damage|p2a: Tapu Koko|12/100 tox
|-fieldactivate|move: Ion Deluge
|-hint|Normal-type moves become Electric-type after using Plasma Fists.
|move|p2a: Tapu Koko|Roost|p2a: Tapu Koko
|-heal|p2a: Tapu Koko|62/100 tox
|-singleturn|p2a: Tapu Koko|move: Roost
|
|-damage|p2a: Tapu Koko|44/100 tox|[from] psn
|upkeep
|turn|37
|
|t:|1658765606
|move|p1a: Zeraora|Plasma Fists|p2a: Tapu Koko
|-resisted|p2a: Tapu Koko
|-damage|p2a: Tapu Koko|2/100 tox
|-fieldactivate|move: Ion Deluge
|-hint|Normal-type moves become Electric-type after using Plasma Fists.
|move|p2a: Tapu Koko|Dazzling Gleam|p1a: Zeraora
|-damage|p1a: Zeraora|10/100
|
|-damage|p2a: Tapu Koko|0 fnt|[from] psn
|faint|p2a: Tapu Koko
|
|win|jeandonis02
|upkeep
|raw|jeandonis02's rating: 1724 &rarr; <strong>1746</strong><br />(+22 for winning)
|raw|Makuryu's rating: 1751 &rarr; <strong>1729</strong><br />(-22 for losing)
|l|☆Makuryu
|l| hanzir mijej np
||Ladder isn't responding, score probably updated but might not have (Request timeout).
