|j|☆cogonahorse
|j|☆Sww-Suwa
|inactive|Battle timer is ON: inactive players will automatically lose when time's up.
|t:|1660787716
|gametype|singles
|player|p1|cogonahorse|workerice|
|player|p2|Sww-Suwa|dawn-masters|
|teamsize|p1|6
|teamsize|p2|6
|gen|8
|tier|[Gen 8] OU
|rated|Tournament battle
|rule|Sleep Clause Mod: Limit one foe put to sleep
|rule|Species Clause: Limit one of each Pokémon
|rule|OHKO Clause: OHKO moves are banned
|rule|Evasion Items Clause: Evasion items are banned
|rule|Evasion Moves Clause: Evasion moves are banned
|rule|Endless Battle Clause: Forcing endless battles is banned
|rule|HP Percentage Mod: HP is shown in percentages
|rule|Dynamax Clause: You cannot dynamax
|clearpoke
|poke|p1|Snorlax, M|
|poke|p1|Zapdos|
|poke|p1|Slowbro, M|
|poke|p1|Nidoking, M|
|poke|p1|Jynx, F|
|poke|p1|Tyranitar, M|
|poke|p2|Porygon2|
|poke|p2|Machamp, M|
|poke|p2|Tyranitar, M|
|poke|p2|Gyarados, M|
|poke|p2|Nidoking, M|
|poke|p2|Slowbro, F|
|teampreview
|c|☆Sww-Suwa|hf
|j| TheNewBrends11
|c|☆cogonahorse|hf
|j|%Vittorioso ✿
|
|t:|1660787740
|start
|switch|p1a: Slowbro|Slowbro, M|100/100
|switch|p2a: Tyranitar|Tyranitar, M|100/100
|-weather|Sandstorm|[from] ability: Sand Stream|[of] p2a: Tyranitar
|turn|1
|j| Pikablu007
|l| Pikablu007
|
|t:|1660787745
|move|p2a: Tyranitar|Crunch|p1a: Slowbro
|-supereffective|p1a: Slowbro
|-damage|p1a: Slowbro|23/100
|-damage|p2a: Tyranitar|84/100|[from] item: Rocky Helmet|[of] p1a: Slowbro
|move|p1a: Slowbro|Thunder Wave|p2a: Tyranitar
|-status|p2a: Tyranitar|par
|
|-weather|Sandstorm|[upkeep]
|-damage|p1a: Slowbro|17/100|[from] Sandstorm
|upkeep
|turn|2
|
|t:|1660787755
|switch|p1a: Tyranitar|Tyranitar, M|100/100
|move|p2a: Tyranitar|Crunch|p1a: Tyranitar
|-resisted|p1a: Tyranitar
|-damage|p1a: Tyranitar|71/100
|-unboost|p1a: Tyranitar|def|1
|
|-weather|Sandstorm|[upkeep]
|-heal|p1a: Tyranitar|77/100|[from] item: Leftovers
|upkeep
|turn|3
|
|t:|1660787770
|switch|p1a: Nidoking|Nidoking, M|100/100
|switch|p2a: Machamp|Machamp, M|100/100
|
|-weather|Sandstorm|[upkeep]
|-damage|p2a: Machamp|94/100|[from] Sandstorm
|upkeep
|turn|4
|
|t:|1660787776
|switch|p2a: Porygon2|Porygon2, shiny|100/100
|-ability|p2a: Porygon2|Download|boost
|-boost|p2a: Porygon2|atk|1
|move|p1a: Nidoking|Earthquake|p2a: Porygon2
|-damage|p2a: Porygon2|71/100
|-damage|p1a: Nidoking|91/100|[from] item: Life Orb
|
|-weather|Sandstorm|[upkeep]
|-damage|p2a: Porygon2|65/100|[from] Sandstorm
|upkeep
|turn|5
|
|t:|1660787783
|switch|p1a: Snorlax|Snorlax, M|100/100
|move|p2a: Porygon2|Recover|p2a: Porygon2
|-heal|p2a: Porygon2|100/100
|
|-weather|none
|upkeep
|turn|6
|
|t:|1660787788
|move|p1a: Snorlax|Double-Edge|p2a: Porygon2
|-damage|p2a: Porygon2|68/100
|-damage|p1a: Snorlax|93/100|[from] Recoil
|move|p2a: Porygon2|Teleport|p2a: Porygon2
|
|t:|1660787792
|switch|p2a: Machamp|Machamp, M|94/100|[from]move: Teleport
|
|-heal|p1a: Snorlax|99/100|[from] item: Leftovers
|upkeep
|turn|7
|j| 1234bst❀
|
|t:|1660787798
|switch|p1a: Slowbro|Slowbro, M|50/100
|move|p2a: Machamp|Dynamic Punch|p1a: Slowbro
|-resisted|p1a: Slowbro
|-damage|p1a: Slowbro|26/100
|-start|p1a: Slowbro|confusion
|-damage|p2a: Machamp|78/100|[from] item: Rocky Helmet|[of] p1a: Slowbro
|
|upkeep
|turn|8
|
|t:|1660787805
|switch|p2a: Tyranitar|Tyranitar, M|84/100 par
|-weather|Sandstorm|[from] ability: Sand Stream|[of] p2a: Tyranitar
|switch|p1a: Zapdos|Zapdos|100/100
|
|-weather|Sandstorm|[upkeep]
|-damage|p1a: Zapdos|94/100|[from] Sandstorm
|-heal|p1a: Zapdos|100/100|[from] item: Leftovers
|upkeep
|turn|9
|
|t:|1660787812
|switch|p1a: Nidoking|Nidoking, M|91/100
|cant|p2a: Tyranitar|par
|
|-weather|Sandstorm|[upkeep]
|upkeep
|turn|10
|c|☆Sww-Suwa|fffff
|c|☆cogonahorse|yeah that's unfort
|
|t:|1660787826
|switch|p2a: Slowbro|Slowbro, F|100/100
|move|p1a: Nidoking|Earthquake|p2a: Slowbro
|-damage|p2a: Slowbro|73/100
|-enditem|p2a: Slowbro|Eject Button
|-damage|p1a: Nidoking|81/100|[from] item: Life Orb
|j| berunkasuteruuuu
|j| SDK04
|
|t:|1660787837
|switch|p2a: Gyarados|Gyarados, M, shiny|100/100
|
|-weather|Sandstorm|[upkeep]
|-damage|p2a: Gyarados|94/100|[from] Sandstorm
|upkeep
|turn|11
|
|t:|1660787843
|move|p2a: Gyarados|Waterfall|p1a: Nidoking
|-supereffective|p1a: Nidoking
|-damage|p1a: Nidoking|0 fnt
|faint|p1a: Nidoking
|-ability|p2a: Gyarados|Moxie|boost
|-boost|p2a: Gyarados|atk|1
|
|-weather|Sandstorm|[upkeep]
|-damage|p2a: Gyarados|88/100|[from] Sandstorm
|upkeep
|
|t:|1660787849
|switch|p1a: Zapdos|Zapdos|100/100
|turn|12
|
|t:|1660787853
|switch|p2a: Nidoking|Nidoking, M, shiny|100/100
|move|p1a: Zapdos|Thunder|p2a: Nidoking
|-immune|p2a: Nidoking
|
|-weather|none
|upkeep
|turn|13
|
|t:|1660787861
|switch|p1a: Jynx|Jynx, F|100/100
|move|p2a: Nidoking|Ice Beam|p1a: Jynx
|-resisted|p1a: Jynx
|-damage|p1a: Jynx|75/100
|
|upkeep
|turn|14
|j|%htcl (>◡<)
|
|t:|1660787867
|switch|p2a: Tyranitar|Tyranitar, M|84/100 par
|-weather|Sandstorm|[from] ability: Sand Stream|[of] p2a: Tyranitar
|move|p1a: Jynx|Lovely Kiss||[still]
|-fail|p1a: Jynx
|
|-weather|Sandstorm|[upkeep]
|-damage|p1a: Jynx|70/100|[from] Sandstorm
|upkeep
|turn|15
|c|☆cogonahorse|oh wait
|c|☆cogonahorse|why did I do that
|c|☆cogonahorse|lol
|
|t:|1660787884
|move|p1a: Jynx|Ice Beam|p2a: Tyranitar
|-damage|p2a: Tyranitar|55/100 par
|move|p2a: Tyranitar|Rock Slide|p1a: Jynx
|-supereffective|p1a: Jynx
|-damage|p1a: Jynx|0 fnt
|faint|p1a: Jynx
|
|-weather|Sandstorm|[upkeep]
|upkeep
|c| berunkasuteruuuu|omg suwa
|c| berunkasuteruuuu|same hat!!!!
|c|☆Sww-Suwa|hey
|
|t:|1660787901
|switch|p1a: Tyranitar|Tyranitar, M|77/100
|turn|16
|
|t:|1660787910
|switch|p2a: Machamp|Machamp, M|78/100
|move|p1a: Tyranitar|Earthquake|p2a: Machamp
|-damage|p2a: Machamp|24/100
|
|-weather|Sandstorm|[upkeep]
|-damage|p2a: Machamp|18/100|[from] Sandstorm
|-heal|p1a: Tyranitar|83/100|[from] item: Leftovers
|upkeep
|turn|17
|
|t:|1660787928
|switch|p1a: Slowbro|Slowbro, M|60/100
|move|p2a: Machamp|Thunder Punch|p1a: Slowbro
|-supereffective|p1a: Slowbro
|-damage|p1a: Slowbro|12/100
|-damage|p2a: Machamp|1/100|[from] item: Rocky Helmet|[of] p1a: Slowbro
|
|-weather|Sandstorm|[upkeep]
|-damage|p2a: Machamp|0 fnt|[from] Sandstorm
|-damage|p1a: Slowbro|6/100|[from] Sandstorm
|faint|p2a: Machamp
|upkeep
|
|t:|1660787935
|switch|p2a: Nidoking|Nidoking, M, shiny|100/100
|turn|18
|
|t:|1660787945
|switch|p1a: Tyranitar|Tyranitar, M|83/100
|move|p2a: Nidoking|Sludge Bomb|p1a: Tyranitar
|-resisted|p1a: Tyranitar
|-crit|p1a: Tyranitar
|-damage|p1a: Tyranitar|59/100
|
|-weather|none
|-heal|p1a: Tyranitar|65/100|[from] item: Leftovers
|upkeep
|turn|19
|
|t:|1660787951
|switch|p2a: Gyarados|Gyarados, M, shiny|88/100
|move|p1a: Tyranitar|Earthquake|p2a: Gyarados
|-immune|p2a: Gyarados
|
|-heal|p1a: Tyranitar|71/100|[from] item: Leftovers
|upkeep
|turn|20
|
|t:|1660787960
|switch|p2a: Tyranitar|Tyranitar, M|55/100 par
|-weather|Sandstorm|[from] ability: Sand Stream|[of] p2a: Tyranitar
|switch|p1a: Zapdos|Zapdos|100/100
|
|-weather|Sandstorm|[upkeep]
|-damage|p1a: Zapdos|94/100|[from] Sandstorm
|-heal|p1a: Zapdos|100/100|[from] item: Leftovers
|upkeep
|turn|21
|
|t:|1660787966
|move|p1a: Zapdos|Thunder|p2a: Tyranitar|[miss]
|-miss|p1a: Zapdos|p2a: Tyranitar
|move|p2a: Tyranitar|Rock Slide|p1a: Zapdos
|-supereffective|p1a: Zapdos
|-damage|p1a: Zapdos|1/100
|
|-weather|Sandstorm|[upkeep]
|-damage|p1a: Zapdos|0 fnt|[from] Sandstorm
|faint|p1a: Zapdos
|upkeep
|
|t:|1660787969
|switch|p1a: Snorlax|Snorlax, M|99/100
|turn|22
|
|t:|1660787978
|move|p2a: Tyranitar|Rock Slide|p1a: Snorlax
|-damage|p1a: Snorlax|40/100
|move|p1a: Snorlax|Curse|p1a: Snorlax
|-unboost|p1a: Snorlax|spe|1
|-boost|p1a: Snorlax|atk|1
|-boost|p1a: Snorlax|def|1
|
|-weather|Sandstorm|[upkeep]
|-damage|p1a: Snorlax|34/100|[from] Sandstorm
|-heal|p1a: Snorlax|40/100|[from] item: Leftovers
|upkeep
|turn|23
|
|t:|1660787984
|move|p2a: Tyranitar|Rock Slide|p1a: Snorlax
|-damage|p1a: Snorlax|1/100
|move|p1a: Snorlax|Rest|p1a: Snorlax
|-status|p1a: Snorlax|slp|[from] move: Rest
|-heal|p1a: Snorlax|100/100 slp|[silent]
|
|-weather|Sandstorm|[upkeep]
|-damage|p1a: Snorlax|94/100 slp|[from] Sandstorm
|-heal|p1a: Snorlax|100/100 slp|[from] item: Leftovers
|upkeep
|turn|24
|
|t:|1660788001
|cant|p2a: Tyranitar|par
|cant|p1a: Snorlax|slp
|move|p1a: Snorlax|Sleep Talk|p1a: Snorlax
|move|p1a: Snorlax|Curse|p1a: Snorlax|[from]move: Sleep Talk
|-unboost|p1a: Snorlax|spe|1
|-boost|p1a: Snorlax|atk|1
|-boost|p1a: Snorlax|def|1
|
|-weather|none
|upkeep
|turn|25
|
|t:|1660788009
|switch|p2a: Nidoking|Nidoking, M, shiny|100/100
|cant|p1a: Snorlax|slp
|move|p1a: Snorlax|Sleep Talk|p1a: Snorlax
|move|p1a: Snorlax|Curse|p1a: Snorlax|[from]move: Sleep Talk
|-unboost|p1a: Snorlax|spe|1
|-boost|p1a: Snorlax|atk|1
|-boost|p1a: Snorlax|def|1
|
|upkeep
|turn|26
|
|t:|1660788018
|move|p2a: Nidoking|Sludge Bomb|p1a: Snorlax
|-damage|p1a: Snorlax|76/100 slp
|-curestatus|p1a: Snorlax|slp|[msg]
|move|p1a: Snorlax|Double-Edge|p2a: Nidoking
|-damage|p2a: Nidoking|0 fnt
|faint|p2a: Nidoking
|-damage|p1a: Snorlax|57/100|[from] Recoil
|
|-heal|p1a: Snorlax|63/100|[from] item: Leftovers
|upkeep
|j| maxxxnuel
|c| berunkasuteruuuu|gg
|c|☆Sww-Suwa|man
|
|t:|1660788025
|switch|p2a: Tyranitar|Tyranitar, M|55/100 par
|-weather|Sandstorm|[from] ability: Sand Stream|[of] p2a: Tyranitar
|turn|27
|l|%Vittorioso ✿
|
|t:|1660788029
|move|p2a: Tyranitar|Crunch|p1a: Snorlax
|-damage|p1a: Snorlax|37/100
|move|p1a: Snorlax|Rest|p1a: Snorlax
|-status|p1a: Snorlax|slp|[from] move: Rest
|-heal|p1a: Snorlax|100/100 slp|[silent]
|
|-weather|Sandstorm|[upkeep]
|-damage|p1a: Snorlax|94/100 slp|[from] Sandstorm
|-heal|p1a: Snorlax|100/100 slp|[from] item: Leftovers
|upkeep
|turn|28
|
|t:|1660788034
|move|p2a: Tyranitar|Crunch|p1a: Snorlax
|-damage|p1a: Snorlax|75/100 slp
|cant|p1a: Snorlax|slp
|move|p1a: Snorlax|Sleep Talk|p1a: Snorlax
|move|p1a: Snorlax|Double-Edge|p2a: Tyranitar|[from]move: Sleep Talk
|-resisted|p2a: Tyranitar
|-damage|p2a: Tyranitar|1/100 par
|-damage|p1a: Snorlax|64/100 slp|[from] Recoil
|
|-weather|Sandstorm|[upkeep]
|-damage|p1a: Snorlax|58/100 slp|[from] Sandstorm
|-heal|p1a: Snorlax|64/100 slp|[from] item: Leftovers
|upkeep
|turn|29
|
|t:|1660788042
|move|p2a: Tyranitar|Crunch|p1a: Snorlax
|-damage|p1a: Snorlax|38/100 slp
|-unboost|p1a: Snorlax|def|1
|cant|p1a: Snorlax|slp
|move|p1a: Snorlax|Sleep Talk|p1a: Snorlax
|move|p1a: Snorlax|Curse|p1a: Snorlax|[from]move: Sleep Talk
|-unboost|p1a: Snorlax|spe|1
|-boost|p1a: Snorlax|atk|1
|-boost|p1a: Snorlax|def|1
|
|-weather|Sandstorm|[upkeep]
|-damage|p1a: Snorlax|32/100 slp|[from] Sandstorm
|-heal|p1a: Snorlax|38/100 slp|[from] item: Leftovers
|upkeep
|turn|30
|
|t:|1660788054
|cant|p2a: Tyranitar|par
|-curestatus|p1a: Snorlax|slp|[msg]
|move|p1a: Snorlax|Rest|p1a: Snorlax
|-status|p1a: Snorlax|slp|[from] move: Rest
|-heal|p1a: Snorlax|100/100 slp|[silent]
|
|-weather|Sandstorm|[upkeep]
|-damage|p1a: Snorlax|94/100 slp|[from] Sandstorm
|-heal|p1a: Snorlax|100/100 slp|[from] item: Leftovers
|upkeep
|turn|31
|
|t:|1660788057
|move|p2a: Tyranitar|Crunch|p1a: Snorlax
|-damage|p1a: Snorlax|76/100 slp
|cant|p1a: Snorlax|slp
|move|p1a: Snorlax|Sleep Talk|p1a: Snorlax
|move|p1a: Snorlax|Rest||[from]move: Sleep Talk|[still]
|-fail|p1a: Snorlax
|
|-weather|none
|-heal|p1a: Snorlax|82/100 slp|[from] item: Leftovers
|upkeep
|turn|32
|c|%htcl (>◡<)|Sww-Suwa its just like they used to say
|c|%htcl (>◡<)|a gen 2 team without lax
|c|%htcl (>◡<)|is just bad
|c|%htcl (>◡<)|:)
|
|t:|1660788066
|move|p2a: Tyranitar|Crunch|p1a: Snorlax
|-damage|p1a: Snorlax|55/100 slp
|cant|p1a: Snorlax|slp
|move|p1a: Snorlax|Sleep Talk|p1a: Snorlax
|move|p1a: Snorlax|Curse|p1a: Snorlax|[from]move: Sleep Talk
|-unboost|p1a: Snorlax|spe|1
|-boost|p1a: Snorlax|atk|1
|-boost|p1a: Snorlax|def|1
|
|-heal|p1a: Snorlax|61/100 slp|[from] item: Leftovers
|upkeep
|turn|33
|c|☆Sww-Suwa|i outplay every turn thoguh x.x
|
|t:|1660788075
|move|p2a: Tyranitar|Crunch|p1a: Snorlax
|-damage|p1a: Snorlax|40/100 slp
|-unboost|p1a: Snorlax|def|1
|-curestatus|p1a: Snorlax|slp|[msg]
|move|p1a: Snorlax|Rest|p1a: Snorlax
|-status|p1a: Snorlax|slp|[from] move: Rest
|-heal|p1a: Snorlax|100/100 slp|[silent]
|
|upkeep
|turn|34
|c|%htcl (>◡<)|doesn't matter tho
|c|%htcl (>◡<)|ur laxless
|c|%htcl (>◡<)|:(
|
|t:|1660788091
|move|p2a: Tyranitar|Crunch|p1a: Snorlax
|-crit|p1a: Snorlax
|-damage|p1a: Snorlax|0 fnt
|faint|p1a: Snorlax
|
|upkeep
|c|%htcl (>◡<)|nvm
|c|☆Sww-Suwa|deserved
|c|%htcl (>◡<)|ur the best player
|inactive|cogonahorse has 120 seconds left.
|c|☆cogonahorse|yeah I should just edged ealier
|
|t:|1660788119
|switch|p1a: Slowbro|Slowbro, M|39/100
|turn|35
|
|t:|1660788123
|cant|p2a: Tyranitar|par
|move|p1a: Slowbro|Surf|p2a: Tyranitar
|-supereffective|p2a: Tyranitar
|-damage|p2a: Tyranitar|0 fnt
|faint|p2a: Tyranitar
|
|upkeep
|c|☆Sww-Suwa|x.x
|
|t:|1660788132
|switch|p2a: Slowbro|Slowbro, F|100/100
|turn|36
|
|t:|1660788137
|move|p1a: Slowbro|Thunder Wave|p2a: Slowbro
|-status|p2a: Slowbro|par
|move|p2a: Slowbro|Surf|p1a: Slowbro
|-resisted|p1a: Slowbro
|-damage|p1a: Slowbro|23/100
|
|upkeep
|turn|37
|
|t:|1660788142
|move|p1a: Slowbro|Surf|p2a: Slowbro
|-resisted|p2a: Slowbro
|-damage|p2a: Slowbro|83/100 par
|move|p2a: Slowbro|Teleport|p2a: Slowbro
|
|t:|1660788146
|switch|p2a: Porygon2|Porygon2, shiny|68/100|[from]move: Teleport
|-ability|p2a: Porygon2|Download|boost
|-boost|p2a: Porygon2|spa|1
|
|upkeep
|turn|38
|
|t:|1660788169
|move|p1a: Slowbro|Thunder Wave|p2a: Porygon2
|-status|p2a: Porygon2|par
|move|p2a: Porygon2|Teleport|p2a: Porygon2
|
|t:|1660788172
|switch|p2a: Slowbro|Slowbro, F|100/100 par|[from]move: Teleport
|
|upkeep
|turn|39
|
|t:|1660788176
|move|p1a: Slowbro|Surf|p2a: Slowbro
|-resisted|p2a: Slowbro
|-damage|p2a: Slowbro|83/100 par
|move|p2a: Slowbro|Surf|p1a: Slowbro
|-resisted|p1a: Slowbro
|-damage|p1a: Slowbro|7/100
|
|upkeep
|turn|40
|l| maxxxnuel
|
|t:|1660788189
|switch|p1a: Tyranitar|Tyranitar, M|71/100
|-weather|Sandstorm|[from] ability: Sand Stream|[of] p1a: Tyranitar
|move|p2a: Slowbro|Surf|p1a: Tyranitar
|-supereffective|p1a: Tyranitar
|-damage|p1a: Tyranitar|38/100
|
|-weather|Sandstorm|[upkeep]
|-damage|p2a: Slowbro|77/100 par|[from] Sandstorm
|-heal|p1a: Tyranitar|45/100|[from] item: Leftovers
|upkeep
|turn|41
|
|t:|1660788198
|-activate|p2a: Slowbro|move: Pursuit
|move|p1a: Tyranitar|Pursuit|p2a: Slowbro|[from]Pursuit
|-supereffective|p2a: Slowbro
|-crit|p2a: Slowbro
|-damage|p2a: Slowbro|0 fnt
|faint|p2a: Slowbro
|-hint|A Pokemon can't switch between when it runs out of HP and when it faints
|
|-weather|Sandstorm|[upkeep]
|-heal|p1a: Tyranitar|51/100|[from] item: Leftovers
|upkeep
|
|t:|1660788200
|switch|p2a: Gyarados|Gyarados, M, shiny|88/100
|turn|42
|
|t:|1660788205
|switch|p1a: Slowbro|Slowbro, M|40/100
|move|p2a: Gyarados|Earthquake|p1a: Slowbro
|-damage|p1a: Slowbro|21/100
|
|-weather|Sandstorm|[upkeep]
|-damage|p2a: Gyarados|82/100|[from] Sandstorm
|-damage|p1a: Slowbro|15/100|[from] Sandstorm
|upkeep
|turn|43
|
|t:|1660788210
|switch|p1a: Tyranitar|Tyranitar, M|51/100
|move|p2a: Gyarados|Earthquake|p1a: Tyranitar
|-supereffective|p1a: Tyranitar
|-damage|p1a: Tyranitar|0 fnt
|faint|p1a: Tyranitar
|-ability|p2a: Gyarados|Moxie|boost
|-boost|p2a: Gyarados|atk|1
|
|-weather|Sandstorm|[upkeep]
|-damage|p2a: Gyarados|76/100|[from] Sandstorm
|upkeep
|
|t:|1660788212
|switch|p1a: Slowbro|Slowbro, M|48/100
|turn|44
|
|t:|1660788214
|move|p2a: Gyarados|Earthquake|p1a: Slowbro
|-damage|p1a: Slowbro|17/100
|move|p1a: Slowbro|Thunder Wave|p2a: Gyarados|[miss]
|-miss|p1a: Slowbro|p2a: Gyarados
|
|-weather|none
|upkeep
|turn|45
|l| 1234bst❀
|
|t:|1660788219
|move|p2a: Gyarados|Earthquake|p1a: Slowbro
|-damage|p1a: Slowbro|0 fnt
|faint|p1a: Slowbro
|
|win|Sww-Suwa
|n|☆cogonahorse|cogonahorse
|n|☆Sww-Suwa|swwsuwa
|n| TheNewBrends11|thenewbrends11
|n| berunkasuteruuuu|berunkasuteruuuu
|n| SDK04|sdk04
|n| htcl (>◡<)|htcl
|c|☆cogonahorse|gg
|c|☆Sww-Suwa|yes
|l|☆Sww-Suwa
|l|☆cogonahorse
