|j|☆gaenisalbino
|j|☆TimmyEastside
|t:|1628084222
|gametype|singles
|player|p1|gaenisalbino|169|1383
|player|p2|TimmyEastside|steven|1353
|teamsize|p1|6
|teamsize|p2|6
|gen|8
|tier|[Gen 8] OU
|rated|
|rule|Sleep Clause Mod: Limit one foe put to sleep
|rule|Species Clause: Limit one of each Pokémon
|rule|OHKO Clause: OHKO moves are banned
|rule|Evasion Moves Clause: Evasion moves are banned
|rule|Endless Battle Clause: Forcing endless battles is banned
|rule|HP Percentage Mod: HP is shown in percentages
|rule|Dynamax Clause: You cannot dynamax
|clearpoke
|poke|p1|Kartana|
|poke|p1|Blacephalon|
|poke|p1|Melmetal|
|poke|p1|Heatran, M|
|poke|p1|Zeraora|
|poke|p1|Mew|
|poke|p2|Urshifu-*, M|
|poke|p2|Kartana|
|poke|p2|Hydreigon, M|
|poke|p2|Aegislash, M|
|poke|p2|Tapu Fini|
|poke|p2|Landorus-Therian, M|
|teampreview
|
|t:|1628084237
|start
|switch|p1a: Mew|Mew|100/100
|switch|p2a: Hydreigon|Hydreigon, M|100/100
|turn|1
|
|t:|1628084249
|move|p2a: Hydreigon|Nasty Plot|p2a: Hydreigon
|-boost|p2a: Hydreigon|spa|2
|move|p1a: Mew|Ice Beam|p2a: Hydreigon
|-supereffective|p2a: Hydreigon
|-damage|p2a: Hydreigon|51/100
|
|upkeep
|turn|2
|inactive|Battle timer is ON: inactive players will automatically lose when time's up. (requested by TimmyEastside)
|inactive|gaenisalbino has 120 seconds left.
|
|t:|1628084346
|move|p2a: Hydreigon|Earth Power|p1a: Mew
|-damage|p1a: Mew|37/100
|-damage|p2a: Hydreigon|41/100|[from] item: Life Orb
|move|p1a: Mew|Ice Beam|p2a: Hydreigon
|-supereffective|p2a: Hydreigon
|-damage|p2a: Hydreigon|0 fnt
|faint|p2a: Hydreigon
|
|-heal|p1a: Mew|43/100|[from] item: Leftovers
|upkeep
|
|t:|1628084367
|switch|p2a: Aegislash|Aegislash, M|100/100
|turn|3
|c|☆gaenisalbino|I am banded melm so I would not have made that switch
|
|t:|1628084376
|switch|p1a: Melmetal|Melmetal|100/100
|-formechange|p2a: Aegislash|Aegislash-Blade||[from] ability: Stance Change
|move|p2a: Aegislash|Shadow Ball|p1a: Melmetal
|-damage|p1a: Melmetal|55/100
|
|upkeep
|turn|4
|
|t:|1628084398
|switch|p1a: Mew|Mew|43/100
|move|p2a: Aegislash|Shadow Ball|p1a: Mew
|-supereffective|p1a: Mew
|-damage|p1a: Mew|0 fnt
|faint|p1a: Mew
|
|upkeep
|
|t:|1628084412
|switch|p1a: Heatran|Heatran, M|100/100
|turn|5
|
|t:|1628084416
|switch|p2a: Tapu Fini|Tapu Fini|100/100
|-fieldstart|move: Misty Terrain|[from] ability: Misty Surge|[of] p2a: Tapu Fini
|move|p1a: Heatran|Eruption|p2a: Tapu Fini
|-resisted|p2a: Tapu Fini
|-damage|p2a: Tapu Fini|37/100
|
|upkeep
|turn|6
|inactive|gaenisalbino has 120 seconds left.
|inactive|gaenisalbino has 90 seconds left.
|
|t:|1628084486
|switch|p1a: Melmetal|Melmetal|55/100
|move|p2a: Tapu Fini|Hydro Pump|p1a: Melmetal|[miss]
|-miss|p2a: Tapu Fini|p1a: Melmetal
|
|upkeep
|turn|7
|c|☆gaenisalbino|Sorry
|
|t:|1628084505
|switch|p2a: Landorus|Landorus-Therian, M|100/100
|-ability|p2a: Landorus|Intimidate|boost
|-unboost|p1a: Melmetal|atk|1
|move|p1a: Melmetal|Double Iron Bash|p2a: Landorus
|-damage|p2a: Landorus|80/100
|-damage|p2a: Landorus|59/100
|-hitcount|p2a: Landorus|2
|
|-heal|p2a: Landorus|65/100|[from] item: Leftovers
|upkeep
|turn|8
|
|t:|1628084514
|move|p2a: Landorus|Earthquake|p1a: Melmetal
|-supereffective|p1a: Melmetal
|-damage|p1a: Melmetal|6/100
|move|p1a: Melmetal|Ice Punch|p2a: Landorus
|-supereffective|p2a: Landorus
|-damage|p2a: Landorus|0 fnt
|faint|p2a: Landorus
|
|upkeep
|inactive|TimmyEastside has 120 seconds left.
|c|☆TimmyEastside|Happens bro
|
|t:|1628084561
|switch|p2a: Tapu Fini|Tapu Fini|37/100
|turn|9
|inactive|gaenisalbino has 90 seconds left.
|inactive|gaenisalbino has 60 seconds left.
|
|t:|1628084608
|move|p2a: Tapu Fini|Knock Off|p1a: Melmetal
|-crit|p1a: Melmetal
|-damage|p1a: Melmetal|0 fnt
|-enditem|p1a: Melmetal|Assault Vest|[from] move: Knock Off|[of] p2a: Tapu Fini
|faint|p1a: Melmetal
|
|-fieldend|Misty Terrain
|upkeep
|
|t:|1628084638
|switch|p1a: Kartana|Kartana|100/100
|turn|10
|
|t:|1628084646
|move|p2a: Tapu Fini|Knock Off|p1a: Kartana
|-damage|p1a: Kartana|83/100
|-enditem|p1a: Kartana|Life Orb|[from] move: Knock Off|[of] p2a: Tapu Fini
|move|p1a: Kartana|Leaf Blade|p2a: Tapu Fini
|-supereffective|p2a: Tapu Fini
|-damage|p2a: Tapu Fini|0 fnt
|faint|p2a: Tapu Fini
|-ability|p1a: Kartana|Beast Boost|boost
|-boost|p1a: Kartana|atk|1
|
|upkeep
|
|t:|1628084658
|switch|p2a: Kartana|Kartana|100/100
|turn|11
|
|t:|1628084669
|move|p2a: Kartana|Sacred Sword|p1a: Kartana
|-supereffective|p1a: Kartana
|-damage|p1a: Kartana|0 fnt
|faint|p1a: Kartana
|-ability|p2a: Kartana|Beast Boost|boost
|-boost|p2a: Kartana|atk|1
|
|upkeep
|inactive|gaenisalbino has 30 seconds left.
|inactive|gaenisalbino has 20 seconds left.
|
|t:|1628084706
|switch|p1a: Blacephalon|Blacephalon|100/100
|turn|12
|inactive|gaenisalbino has 30 seconds left this turn.
|inactive|TimmyEastside has 120 seconds left.
|inactive|gaenisalbino has 20 seconds left.
|
|t:|1628084718
|switch|p2a: Aegislash|Aegislash, M|100/100
|move|p1a: Blacephalon|Shadow Ball|p2a: Aegislash
|-supereffective|p2a: Aegislash
|-damage|p2a: Aegislash|15/100
|-unboost|p2a: Aegislash|spd|1
|
|upkeep
|turn|13
|inactive|gaenisalbino has 30 seconds left this turn.
|inactive|gaenisalbino has 20 seconds left.
|
|t:|1628084731
|-formechange|p2a: Aegislash|Aegislash-Blade||[from] ability: Stance Change
|move|p2a: Aegislash|Shadow Sneak|p1a: Blacephalon
|-supereffective|p1a: Blacephalon
|-crit|p1a: Blacephalon
|-damage|p1a: Blacephalon|0 fnt
|faint|p1a: Blacephalon
|
|upkeep
|inactive|gaenisalbino has 25 seconds left this turn.
|inactive|gaenisalbino has 20 seconds left.
|inactive|gaenisalbino has 15 seconds left.
|inactive|gaenisalbino has 10 seconds left.
|inactive|gaenisalbino has 5 seconds left.
|
|t:|1628084751
|switch|p1a: Zeraora|Zeraora|100/100
|turn|14
|inactive|gaenisalbino has 15 seconds left this turn.
|inactive|gaenisalbino has 10 seconds left.
|inactive|gaenisalbino has 5 seconds left.
|
|t:|1628084763
|move|p2a: Aegislash|Shadow Sneak|p1a: Zeraora
|-damage|p1a: Zeraora|74/100
|move|p1a: Zeraora|Plasma Fists|p2a: Aegislash
|-damage|p2a: Aegislash|0 fnt
|faint|p2a: Aegislash
|-damage|p1a: Zeraora|64/100|[from] item: Life Orb
|
|upkeep
|inactive|gaenisalbino has 10 seconds left this turn.
|
|t:|1628084765
|switch|p2a: Urshifu|Urshifu-Rapid-Strike, M|100/100
|turn|15
|inactive|gaenisalbino has 20 seconds left this turn.
|
|t:|1628084769
|move|p2a: Urshifu|Aqua Jet|p1a: Zeraora
|-damage|p1a: Zeraora|21/100
|move|p1a: Zeraora|Plasma Fists|p2a: Urshifu
|-supereffective|p2a: Urshifu
|-damage|p2a: Urshifu|0 fnt
|faint|p2a: Urshifu
|-damage|p1a: Zeraora|12/100|[from] item: Life Orb
|
|upkeep
|inactive|gaenisalbino has 25 seconds left this turn.
|
|t:|1628084789
|switch|p2a: Kartana|Kartana|100/100
|turn|16
|inactive|gaenisalbino has 30 seconds left.
|inactive|gaenisalbino has 20 seconds left.
|inactive|gaenisalbino has 15 seconds left.
|inactive|gaenisalbino has 10 seconds left.
|
|t:|1628084818
|move|p2a: Kartana|Sacred Sword|p1a: Zeraora
|-damage|p1a: Zeraora|0 fnt
|faint|p1a: Zeraora
|-ability|p2a: Kartana|Beast Boost|boost
|-boost|p2a: Kartana|atk|1
|
|upkeep
|inactive|gaenisalbino has 15 seconds left this turn.
|inactive|gaenisalbino has 10 seconds left.
|c|☆gaenisalbino|Gg
|
|t:|1628084825
|switch|p1a: Heatran|Heatran, M|100/100
|turn|17
|inactive|gaenisalbino has 20 seconds left this turn.
|
|t:|1628084828
|move|p2a: Kartana|Sacred Sword|p1a: Heatran
|-supereffective|p1a: Heatran
|-damage|p1a: Heatran|0 fnt
|faint|p1a: Heatran
|
|win|TimmyEastside
|inactive|gaenisalbino has 25 seconds left this turn.
|raw|gaenisalbino's rating: 1383 &rarr; <strong>1361</strong><br />(-22 for losing)
|raw|TimmyEastside's rating: 1353 &rarr; <strong>1375</strong><br />(+22 for winning)
|c|☆TimmyEastside|Gg
|l|☆gaenisalbino
||Ladder isn't responding, score probably updated but might not have (Request timeout).
