|raw|<div class="broadcast-blue"><strong>This battle is required to be public due to a player having a name starting with 'lt81yl'.</div>
|j|☆LT81YL YOVAN FILMO
|j|☆BestixL
|t:|1625528409
|gametype|singles
|player|p1|LT81YL YOVAN FILMO|ghetsis-gen5bw|1884
|player|p2|BestixL|262|1945
|teamsize|p1|6
|teamsize|p2|6
|gen|8
|tier|[Gen 8] OU
|rated|
|rule|Sleep Clause Mod: Limit one foe put to sleep
|rule|Species Clause: Limit one of each Pokémon
|rule|OHKO Clause: OHKO moves are banned
|rule|Evasion Moves Clause: Evasion moves are banned
|rule|Endless Battle Clause: Forcing endless battles is banned
|rule|HP Percentage Mod: HP is shown in percentages
|rule|Dynamax Clause: You cannot dynamax
|clearpoke
|poke|p1|Ditto|
|poke|p1|Blissey, F|
|poke|p1|Skarmory, M|
|poke|p1|Toxapex, F|
|poke|p1|Zeraora|
|poke|p1|Clefable, F|
|poke|p2|Tornadus-Therian, M|
|poke|p2|Heatran, M|
|poke|p2|Tapu Fini|
|poke|p2|Hippowdon, M|
|poke|p2|Corviknight, M|
|poke|p2|Clefable, F|
|teampreview
|j| isa200bela!
|j| Gkenfvhgg4
|inactive|Battle timer is ON: inactive players will automatically lose when time's up. (requested by BestixL)
|j| LT81YL JHONX
|j| Uyhbbhg
|j| Heracrossed Up
|j| burgerCute
|j| regnite ◕‿◕
|
|t:|1625528432
|start
|switch|p1a: Zeraora|Zeraora|100/100
|switch|p2a: Tornadus|Tornadus-Therian, M|100/100
|turn|1
|j| IamFakee
|j| LT81YL Ruby
|j| Skyrio
|j| HYper
|j| Sugar K Leonard
|l| Sugar K Leonard
|n|+ez|lt81ylez
|inactive|BestixL has 120 seconds left.
|j| Menacce17
|
|t:|1625528489
|switch|p2a: Hippowdon|Hippowdon, M|100/100
|-weather|Sandstorm|[from] ability: Sand Stream|[of] p2a: Hippowdon
|move|p1a: Zeraora|Plasma Fists|p2a: Hippowdon
|-immune|p2a: Hippowdon
|
|-weather|Sandstorm|[upkeep]
|-damage|p1a: Zeraora|95/100|[from] Sandstorm
|upkeep
|turn|2
|
|t:|1625528494
|switch|p1a: Skarmory|Skarmory, M|100/100
|move|p2a: Hippowdon|Earthquake|p1a: Skarmory
|-immune|p1a: Skarmory
|
|-weather|Sandstorm|[upkeep]
|upkeep
|turn|3
|l|+ez
|
|t:|1625528509
|switch|p2a: Corviknight|Corviknight, M|100/100
|-ability|p2a: Corviknight|Pressure
|move|p1a: Skarmory|Spikes|p2a: Corviknight
|-sidestart|p2: BestixL|Spikes
|
|-weather|Sandstorm|[upkeep]
|upkeep
|turn|4
|
|t:|1625528514
|switch|p1a: Ditto|Ditto|100/100
|-transform|p1a: Ditto|p2a: Corviknight|[from] ability: Imposter
|-ability|p1a: Ditto|Pressure
|move|p2a: Corviknight|Iron Defense|p2a: Corviknight
|-boost|p2a: Corviknight|def|2
|
|-weather|Sandstorm|[upkeep]
|upkeep
|turn|5
|inactive|BestixL has 120 seconds left.
|
|t:|1625528520
|move|p1a: Ditto|Iron Defense|p1a: Ditto
|-boost|p1a: Ditto|def|2
|move|p2a: Corviknight|Defog|p1a: Ditto
|-unboost|p1a: Ditto|evasion|1
|-sideend|p2: BestixL|Spikes|[from] move: Defog|[of] p2a: Corviknight
|
|-weather|none
|upkeep
|turn|6
|inactive|BestixL has 120 seconds left.
|
|t:|1625528530
|switch|p1a: Skarmory|Skarmory, M|100/100
|switch|p2a: Tornadus|Tornadus-Therian, M|100/100
|
|upkeep
|turn|7
|
|t:|1625528534
|switch|p1a: Ditto|Ditto|100/100
|-transform|p1a: Ditto|p2a: Tornadus|[from] ability: Imposter
|move|p2a: Tornadus|Knock Off|p1a: Ditto
|-damage|p1a: Ditto|70/100
|-enditem|p1a: Ditto|Choice Scarf|[from] move: Knock Off|[of] p2a: Tornadus
|
|upkeep
|turn|8
|
|t:|1625528541
|move|p2a: Tornadus|U-turn|p1a: Ditto
|-resisted|p1a: Ditto
|-damage|p1a: Ditto|60/100
|
|t:|1625528544
|switch|p2a: Corviknight|Corviknight, M|100/100|[from]move: U-turn
|-ability|p2a: Corviknight|Pressure
|move|p1a: Ditto|Knock Off|p2a: Corviknight
|-damage|p2a: Corviknight|89/100
|-enditem|p2a: Corviknight|Leftovers|[from] move: Knock Off|[of] p1a: Ditto
|
|upkeep
|turn|9
|
|t:|1625528551
|move|p1a: Ditto|Heat Wave|p2a: Corviknight
|-supereffective|p2a: Corviknight
|-damage|p2a: Corviknight|45/100
|move|p2a: Corviknight|Roost|p2a: Corviknight
|-heal|p2a: Corviknight|95/100
|-singleturn|p2a: Corviknight|move: Roost
|
|upkeep
|turn|10
|
|t:|1625528555
|switch|p2a: Hippowdon|Hippowdon, M|100/100
|-weather|Sandstorm|[from] ability: Sand Stream|[of] p2a: Hippowdon
|move|p1a: Ditto|Knock Off|p2a: Hippowdon
|-damage|p2a: Hippowdon|87/100
|-enditem|p2a: Hippowdon|Leftovers|[from] move: Knock Off|[of] p1a: Ditto
|
|-weather|Sandstorm|[upkeep]
|-damage|p1a: Ditto|54/100|[from] Sandstorm
|upkeep
|turn|11
|
|t:|1625528565
|switch|p2a: Corviknight|Corviknight, M|95/100
|-ability|p2a: Corviknight|Pressure
|move|p1a: Ditto|Toxic|p2a: Corviknight
|-immune|p2a: Corviknight
|
|-weather|Sandstorm|[upkeep]
|-damage|p1a: Ditto|48/100|[from] Sandstorm
|upkeep
|turn|12
|
|t:|1625528569
|move|p1a: Ditto|Toxic|p2a: Corviknight
|-immune|p2a: Corviknight
|move|p2a: Corviknight|Iron Defense|p2a: Corviknight
|-boost|p2a: Corviknight|def|2
|
|-weather|Sandstorm|[upkeep]
|-damage|p1a: Ditto|42/100|[from] Sandstorm
|upkeep
|turn|13
|
|t:|1625528573
|move|p1a: Ditto|U-turn|p2a: Corviknight
|-resisted|p2a: Corviknight
|-damage|p2a: Corviknight|94/100
|
|t:|1625528577
|switch|p1a: Toxapex|Toxapex, F|100/100|[from]move: U-turn
|move|p2a: Corviknight|Iron Defense|p2a: Corviknight
|-boost|p2a: Corviknight|def|2
|
|-weather|Sandstorm|[upkeep]
|-damage|p1a: Toxapex|94/100|[from] Sandstorm
|-heal|p1a: Toxapex|100/100|[from] item: Black Sludge
|upkeep
|turn|14
|
|t:|1625528585
|switch|p2a: Tornadus|Tornadus-Therian, M|100/100
|move|p1a: Toxapex|Knock Off|p2a: Tornadus
|-damage|p2a: Tornadus|86/100
|-enditem|p2a: Tornadus|Heavy-Duty Boots|[from] move: Knock Off|[of] p1a: Toxapex
|
|-weather|none
|upkeep
|turn|15
|j| lt81yl raizen
|
|t:|1625528600
|switch|p1a: Ditto|Ditto|75/100
|-transform|p1a: Ditto|p2a: Tornadus|[from] ability: Imposter
|move|p2a: Tornadus|Knock Off|p1a: Ditto
|-damage|p1a: Ditto|55/100
|
|upkeep
|turn|16
|
|t:|1625528606
|move|p2a: Tornadus|Toxic|p1a: Ditto
|-status|p1a: Ditto|tox
|move|p1a: Ditto|U-turn|p2a: Tornadus
|-resisted|p2a: Tornadus
|-damage|p2a: Tornadus|77/100
|j| Remi25
|
|t:|1625528610
|switch|p1a: Zeraora|Zeraora|95/100|[from]move: U-turn
|
|upkeep
|turn|17
|
|t:|1625528613
|switch|p1a: Blissey|Blissey, F|100/100
|switch|p2a: Hippowdon|Hippowdon, M|87/100
|-weather|Sandstorm|[from] ability: Sand Stream|[of] p2a: Hippowdon
|
|-weather|Sandstorm|[upkeep]
|-damage|p1a: Blissey|94/100|[from] Sandstorm
|upkeep
|turn|18
|l| Remi25
|
|t:|1625528620
|move|p1a: Blissey|Stealth Rock|p2a: Hippowdon
|-sidestart|p2: BestixL|move: Stealth Rock
|move|p2a: Hippowdon|Stealth Rock|p1a: Blissey
|-sidestart|p1: LT81YL YOVAN FILMO|move: Stealth Rock
|
|-weather|Sandstorm|[upkeep]
|-damage|p1a: Blissey|88/100|[from] Sandstorm
|upkeep
|turn|19
|
|t:|1625528633
|switch|p1a: Clefable|Clefable, F|100/100
|switch|p2a: Corviknight|Corviknight, M|94/100
|-damage|p2a: Corviknight|82/100|[from] Stealth Rock
|-ability|p2a: Corviknight|Pressure
|
|-weather|Sandstorm|[upkeep]
|upkeep
|turn|20
|
|t:|1625528649
|switch|p2a: Heatran|Heatran, M|100/100
|-damage|p2a: Heatran|88/100|[from] Stealth Rock
|move|p1a: Clefable|Thunderbolt|p2a: Heatran
|-damage|p2a: Heatran|73/100
|
|-weather|Sandstorm|[upkeep]
|-heal|p2a: Heatran|79/100|[from] item: Leftovers
|upkeep
|turn|21
|
|t:|1625528656
|switch|p1a: Zeraora|Zeraora|95/100
|move|p2a: Heatran|Magma Storm|p1a: Zeraora
|-damage|p1a: Zeraora|38/100
|-activate|p1a: Zeraora|move: Magma Storm|[of] p2a: Heatran
|
|-weather|none
|-heal|p2a: Heatran|85/100|[from] item: Leftovers
|-damage|p1a: Zeraora|25/100|[from] move: Magma Storm|[partiallytrapped]
|upkeep
|turn|22
|
|t:|1625528661
|switch|p2a: Hippowdon|Hippowdon, M|87/100
|-damage|p2a: Hippowdon|81/100|[from] Stealth Rock
|-weather|Sandstorm|[from] ability: Sand Stream|[of] p2a: Hippowdon
|move|p1a: Zeraora|Knock Off|p2a: Hippowdon
|-damage|p2a: Hippowdon|67/100
|
|-weather|Sandstorm|[upkeep]
|-damage|p1a: Zeraora|19/100|[from] Sandstorm
|-end|p1a: Zeraora|Magma Storm|[partiallytrapped]|[silent]
|upkeep
|turn|23
|
|t:|1625528666
|switch|p1a: Clefable|Clefable, F|100/100
|move|p2a: Hippowdon|Slack Off|p2a: Hippowdon
|-heal|p2a: Hippowdon|100/100
|
|-weather|Sandstorm|[upkeep]
|upkeep
|turn|24
|
|t:|1625528673
|switch|p2a: Heatran|Heatran, M|85/100
|-damage|p2a: Heatran|73/100|[from] Stealth Rock
|move|p1a: Clefable|Calm Mind|p1a: Clefable
|-boost|p1a: Clefable|spa|1
|-boost|p1a: Clefable|spd|1
|
|-weather|Sandstorm|[upkeep]
|-heal|p2a: Heatran|79/100|[from] item: Leftovers
|upkeep
|turn|25
|l| Heracrossed Up
|
|t:|1625528678
|move|p2a: Heatran|Magma Storm|p1a: Clefable
|-damage|p1a: Clefable|73/100
|-activate|p1a: Clefable|move: Magma Storm|[of] p2a: Heatran
|move|p1a: Clefable|Thunderbolt|p2a: Heatran
|-damage|p2a: Heatran|54/100
|
|-weather|Sandstorm|[upkeep]
|-heal|p2a: Heatran|60/100|[from] item: Leftovers
|upkeep
|turn|26
|
|t:|1625528681
|move|p2a: Heatran|Heavy Slam|p1a: Clefable
|-supereffective|p1a: Clefable
|-damage|p1a: Clefable|10/100
|move|p1a: Clefable|Thunderbolt|p2a: Heatran
|-damage|p2a: Heatran|36/100
|
|-weather|none
|-heal|p2a: Heatran|42/100|[from] item: Leftovers
|upkeep
|turn|27
|
|t:|1625528686
|move|p2a: Heatran|Heavy Slam|p1a: Clefable
|-supereffective|p1a: Clefable
|-damage|p1a: Clefable|0 fnt
|faint|p1a: Clefable
|
|-heal|p2a: Heatran|49/100|[from] item: Leftovers
|upkeep
|
|t:|1625528697
|switch|p1a: Zeraora|Zeraora|19/100
|turn|28
|
|t:|1625528707
|switch|p1a: Skarmory|Skarmory, M|100/100
|-damage|p1a: Skarmory|88/100|[from] Stealth Rock
|switch|p2a: Hippowdon|Hippowdon, M|100/100
|-damage|p2a: Hippowdon|94/100|[from] Stealth Rock
|-weather|Sandstorm|[from] ability: Sand Stream|[of] p2a: Hippowdon
|
|-weather|Sandstorm|[upkeep]
|upkeep
|turn|29
|
|t:|1625528711
|switch|p2a: Corviknight|Corviknight, M|82/100
|-damage|p2a: Corviknight|70/100|[from] Stealth Rock
|-ability|p2a: Corviknight|Pressure
|move|p1a: Skarmory|Spikes|p2a: Corviknight
|-sidestart|p2: BestixL|Spikes
|
|-weather|Sandstorm|[upkeep]
|upkeep
|turn|30
|l| IamFakee
|
|t:|1625528715
|switch|p1a: Ditto|Ditto|88/100 tox
|-damage|p1a: Ditto|76/100 tox|[from] Stealth Rock
|-transform|p1a: Ditto|p2a: Corviknight|[from] ability: Imposter
|-ability|p1a: Ditto|Pressure
|move|p2a: Corviknight|Iron Defense|p2a: Corviknight
|-boost|p2a: Corviknight|def|2
|
|-weather|Sandstorm|[upkeep]
|-damage|p1a: Ditto|70/100 tox|[from] psn
|upkeep
|turn|31
|
|t:|1625528722
|switch|p1a: Toxapex|Toxapex, F|100/100
|-damage|p1a: Toxapex|88/100|[from] Stealth Rock
|move|p2a: Corviknight|Body Press|p1a: Toxapex
|-resisted|p1a: Toxapex
|-damage|p1a: Toxapex|71/100
|
|-weather|Sandstorm|[upkeep]
|-damage|p1a: Toxapex|65/100|[from] Sandstorm
|-heal|p1a: Toxapex|71/100|[from] item: Black Sludge
|upkeep
|turn|32
|
|t:|1625528729
|switch|p2a: Tornadus|Tornadus-Therian, M|100/100
|-damage|p2a: Tornadus|76/100|[from] Stealth Rock
|move|p1a: Toxapex|Scald|p2a: Tornadus
|-damage|p2a: Tornadus|60/100
|-status|p2a: Tornadus|brn
|
|-weather|none
|-heal|p1a: Toxapex|77/100|[from] item: Black Sludge
|-damage|p2a: Tornadus|54/100 brn|[from] brn
|upkeep
|turn|33
|
|t:|1625528732
|switch|p1a: Ditto|Ditto|70/100 tox
|-damage|p1a: Ditto|57/100 tox|[from] Stealth Rock
|-transform|p1a: Ditto|p2a: Tornadus|[from] ability: Imposter
|move|p2a: Tornadus|Knock Off|p1a: Ditto
|-damage|p1a: Ditto|48/100 tox
|
|-damage|p1a: Ditto|42/100 tox|[from] psn
|-damage|p2a: Tornadus|48/100 brn|[from] brn
|upkeep
|turn|34
|
|t:|1625528737
|move|p1a: Ditto|U-turn|p2a: Tornadus
|-resisted|p2a: Tornadus
|-damage|p2a: Tornadus|39/100 brn
|
|t:|1625528740
|switch|p1a: Toxapex|Toxapex, F|100/100|[from]move: U-turn
|-damage|p1a: Toxapex|88/100|[from] Stealth Rock
|move|p2a: Tornadus|Heat Wave|p1a: Toxapex
|-resisted|p1a: Toxapex
|-damage|p1a: Toxapex|79/100
|
|-heal|p1a: Toxapex|85/100|[from] item: Black Sludge
|-damage|p2a: Tornadus|33/100 brn|[from] brn
|upkeep
|turn|35
|
|t:|1625528745
|move|p2a: Tornadus|U-turn|p1a: Toxapex
|-resisted|p1a: Toxapex
|-damage|p1a: Toxapex|83/100
|
|t:|1625528773
|switch|p2a: Clefable|Clefable, F|100/100|[from]move: U-turn
|move|p1a: Toxapex|Knock Off|p2a: Clefable
|-resisted|p2a: Clefable
|-damage|p2a: Clefable|95/100
|-enditem|p2a: Clefable|Life Orb|[from] move: Knock Off|[of] p1a: Toxapex
|
|-heal|p1a: Toxapex|89/100|[from] item: Black Sludge
|upkeep
|turn|36
|
|t:|1625528780
|switch|p1a: Blissey|Blissey, F|88/100
|move|p2a: Clefable|Calm Mind|p2a: Clefable
|-boost|p2a: Clefable|spa|1
|-boost|p2a: Clefable|spd|1
|
|upkeep
|turn|37
|
|t:|1625528784
|switch|p2a: Corviknight|Corviknight, M|70/100
|-damage|p2a: Corviknight|58/100|[from] Stealth Rock
|-ability|p2a: Corviknight|Pressure
|switch|p1a: Toxapex|Toxapex, F|100/100
|-damage|p1a: Toxapex|88/100|[from] Stealth Rock
|
|-heal|p1a: Toxapex|94/100|[from] item: Black Sludge
|upkeep
|turn|38
|
|t:|1625528789
|switch|p2a: Clefable|Clefable, F|95/100
|move|p1a: Toxapex|Scald|p2a: Clefable
|-damage|p2a: Clefable|79/100
|-status|p2a: Clefable|brn
|
|-heal|p1a: Toxapex|100/100|[from] item: Black Sludge
|upkeep
|turn|39
|
|t:|1625528793
|move|p2a: Clefable|Calm Mind|p2a: Clefable
|-boost|p2a: Clefable|spa|1
|-boost|p2a: Clefable|spd|1
|move|p1a: Toxapex|Haze|p1a: Toxapex
|-clearallboost
|
|upkeep
|turn|40
|
|t:|1625528796
|move|p2a: Clefable|Thunder|p1a: Toxapex
|-supereffective|p1a: Toxapex
|-damage|p1a: Toxapex|58/100
|move|p1a: Toxapex|Haze|p1a: Toxapex
|-clearallboost
|
|-heal|p1a: Toxapex|65/100|[from] item: Black Sludge
|upkeep
|turn|41
|
|t:|1625528801
|move|p2a: Clefable|Calm Mind|p2a: Clefable
|-boost|p2a: Clefable|spa|1
|-boost|p2a: Clefable|spd|1
|move|p1a: Toxapex|Haze|p1a: Toxapex
|-clearallboost
|
|-heal|p1a: Toxapex|71/100|[from] item: Black Sludge
|upkeep
|turn|42
|
|t:|1625528804
|switch|p1a: Zeraora|Zeraora|19/100
|move|p2a: Clefable|Thunder|p1a: Zeraora
|-heal|p1a: Zeraora|44/100|[from] ability: Volt Absorb|[of] p2a: Clefable
|
|upkeep
|turn|43
|
|t:|1625528808
|switch|p2a: Hippowdon|Hippowdon, M|94/100
|-damage|p2a: Hippowdon|88/100|[from] Stealth Rock
|-damage|p2a: Hippowdon|75/100|[from] Spikes
|-weather|Sandstorm|[from] ability: Sand Stream|[of] p2a: Hippowdon
|move|p1a: Zeraora|Volt Switch|p2a: Hippowdon
|-immune|p2a: Hippowdon
|
|-weather|Sandstorm|[upkeep]
|-damage|p1a: Zeraora|38/100|[from] Sandstorm
|upkeep
|turn|44
|
|t:|1625528813
|switch|p1a: Toxapex|Toxapex, F|100/100
|-damage|p1a: Toxapex|88/100|[from] Stealth Rock
|move|p2a: Hippowdon|Earthquake|p1a: Toxapex
|-supereffective|p1a: Toxapex
|-damage|p1a: Toxapex|44/100
|
|-weather|Sandstorm|[upkeep]
|-damage|p1a: Toxapex|38/100|[from] Sandstorm
|-heal|p1a: Toxapex|44/100|[from] item: Black Sludge
|upkeep
|turn|45
|j| Okayu supremacy
|
|t:|1625528819
|switch|p2a: Corviknight|Corviknight, M|58/100
|-damage|p2a: Corviknight|45/100|[from] Stealth Rock
|-ability|p2a: Corviknight|Pressure
|switch|p1a: Blissey|Blissey, F|88/100
|
|-weather|Sandstorm|[upkeep]
|-damage|p1a: Blissey|82/100|[from] Sandstorm
|upkeep
|turn|46
|
|t:|1625528823
|move|p2a: Corviknight|Defog|p1a: Blissey
|-unboost|p1a: Blissey|evasion|1
|-sideend|p1: LT81YL YOVAN FILMO|Stealth Rock|[from] move: Defog|[of] p2a: Corviknight
|-sideend|p2: BestixL|Spikes|[from] move: Defog|[of] p2a: Corviknight
|-sideend|p2: BestixL|Stealth Rock|[from] move: Defog|[of] p2a: Corviknight
|move|p1a: Blissey|Seismic Toss|p2a: Corviknight
|-damage|p2a: Corviknight|20/100
|
|-weather|Sandstorm|[upkeep]
|-damage|p1a: Blissey|76/100|[from] Sandstorm
|upkeep
|turn|47
|j| LT81YL Manolo
|
|t:|1625528827
|move|p2a: Corviknight|Roost|p2a: Corviknight
|-heal|p2a: Corviknight|70/100
|-singleturn|p2a: Corviknight|move: Roost
|move|p1a: Blissey|Seismic Toss|p2a: Corviknight
|-damage|p2a: Corviknight|45/100
|
|-weather|none
|upkeep
|turn|48
|
|t:|1625528830
|move|p2a: Corviknight|Roost|p2a: Corviknight
|-heal|p2a: Corviknight|95/100
|-singleturn|p2a: Corviknight|move: Roost
|move|p1a: Blissey|Stealth Rock|p2a: Corviknight
|-sidestart|p2: BestixL|move: Stealth Rock
|
|upkeep
|turn|49
|
|t:|1625528838
|switch|p1a: Skarmory|Skarmory, M|88/100
|move|p2a: Corviknight|Iron Defense|p2a: Corviknight
|-boost|p2a: Corviknight|def|2
|
|upkeep
|turn|50
|
|t:|1625528842
|move|p1a: Skarmory|Spikes|p2a: Corviknight
|-sidestart|p2: BestixL|Spikes
|move|p2a: Corviknight|Defog|p1a: Skarmory
|-unboost|p1a: Skarmory|evasion|1
|-sideend|p2: BestixL|Spikes|[from] move: Defog|[of] p2a: Corviknight
|-sideend|p2: BestixL|Stealth Rock|[from] move: Defog|[of] p2a: Corviknight
|
|upkeep
|turn|51
|inactive|BestixL has 120 seconds left.
|l| burgerCute
|inactive|BestixL has 90 seconds left.
|j| luckshere
|
|t:|1625528926
|move|p1a: Skarmory|Body Press|p2a: Corviknight
|-damage|p2a: Corviknight|86/100
|move|p2a: Corviknight|Iron Defense|p2a: Corviknight
|-boost|p2a: Corviknight|def|2
|
|upkeep
|turn|52
|
|t:|1625528932
|switch|p1a: Toxapex|Toxapex, F|77/100
|move|p2a: Corviknight|Body Press|p1a: Toxapex
|-resisted|p1a: Toxapex
|-damage|p1a: Toxapex|54/100
|
|-heal|p1a: Toxapex|60/100|[from] item: Black Sludge
|upkeep
|turn|53
|
|t:|1625528937
|switch|p2a: Tornadus|Tornadus-Therian, M|66/100 brn
|switch|p1a: Skarmory|Skarmory, M|88/100
|
|-damage|p2a: Tornadus|60/100 brn|[from] brn
|upkeep
|turn|54
|
|t:|1625528940
|switch|p1a: Ditto|Ditto|75/100 tox
|-transform|p1a: Ditto|p2a: Tornadus|[from] ability: Imposter
|move|p2a: Tornadus|Heat Wave|p1a: Ditto|[miss]
|-miss|p2a: Tornadus|p1a: Ditto
|
|-damage|p1a: Ditto|69/100 tox|[from] psn
|-damage|p2a: Tornadus|54/100 brn|[from] brn
|upkeep
|turn|55
|
|t:|1625528943
|move|p1a: Ditto|U-turn|p2a: Tornadus
|-resisted|p2a: Tornadus
|-damage|p2a: Tornadus|46/100 brn
|
|t:|1625528947
|switch|p1a: Blissey|Blissey, F|76/100|[from]move: U-turn
|move|p2a: Tornadus|U-turn|p1a: Blissey
|-damage|p1a: Blissey|70/100
|
|t:|1625528955
|switch|p2a: Heatran|Heatran, M|49/100|[from]move: U-turn
|
|-heal|p2a: Heatran|55/100|[from] item: Leftovers
|upkeep
|turn|56
|
|t:|1625528962
|switch|p2a: Tornadus|Tornadus-Therian, M|79/100 brn
|switch|p1a: Ditto|Ditto|100/100 tox
|-transform|p1a: Ditto|p2a: Tornadus|[from] ability: Imposter
|
|-damage|p1a: Ditto|94/100 tox|[from] psn
|-damage|p2a: Tornadus|73/100 brn|[from] brn
|upkeep
|turn|57
|
|t:|1625528965
|move|p1a: Ditto|U-turn|p2a: Tornadus
|-resisted|p2a: Tornadus
|-crit|p2a: Tornadus
|-damage|p2a: Tornadus|60/100 brn
|-message|LT81YL YOVAN FILMO forfeited.
|
|win|BestixL
|raw|LT81YL YOVAN FILMO's rating: 1884 &rarr; <strong>1868</strong><br />(-16 for losing)
|raw|BestixL's rating: 1946 &rarr; <strong>1962</strong><br />(+16 for winning)
|l|☆LT81YL YOVAN FILMO
|l| Uyhbbhg
|l| isa200bela!
