|j|☆user1_ou
|j|☆corumba
|t:|1608140484
|player|p1|user1_ou|eusine|1813
|player|p2|corumba|schoolkid-gen4|1835
|teamsize|p1|6
|teamsize|p2|6
|gametype|singles
|gen|8
|tier|[Gen 8] OU
|rated|
|clearpoke
|poke|p1|Nidoking, M|
|poke|p1|Clefable, M|
|poke|p1|Pheromosa|
|poke|p1|Latios, M|
|poke|p1|Ferrothorn, M|
|poke|p1|Landorus-Therian, M|
|poke|p2|Hydreigon, F|
|poke|p2|Landorus-Therian, M|
|poke|p2|Tapu Fini|
|poke|p2|Urshifu-*, M|
|poke|p2|Thundurus, M|
|poke|p2|Magearna|
|rule|Sleep Clause Mod: Limit one foe put to sleep
|rule|Species Clause: Limit one of each Pokémon
|rule|OHKO Clause: OHKO moves are banned
|rule|Evasion Moves Clause: Evasion moves are banned
|rule|Endless Battle Clause: Forcing endless battles is banned
|rule|HP Percentage Mod: HP is shown in percentages
|rule|Dynamax Clause: You cannot dynamax
|teampreview
|inactive|Battle timer is ON: inactive players will automatically lose when time's up. (requested by user1_ou)
|j| Yoda Spin
|
|t:|1608140505
|start
|switch|p1a: Nidoking|Nidoking, M|100/100
|switch|p2a: Magearna|Magearna|100/100
|turn|1
|
|t:|1608140510
|switch|p2a: Landorus|Landorus-Therian, M|100/100
|-ability|p2a: Landorus|Intimidate|boost
|-unboost|p1a: Nidoking|atk|1
|move|p1a: Nidoking|Ice Beam|p2a: Landorus
|-supereffective|p2a: Landorus
|-crit|p2a: Landorus
|-damage|p2a: Landorus|0 fnt
|faint|p2a: Landorus
|
|upkeep
|j| Accountstolenagain
|
|t:|1608140521
|switch|p2a: Urshifu|Urshifu, M|100/100
|turn|2
|c| Yoda Spin|wow
|
|t:|1608140529
|switch|p2a: Magearna|Magearna|100/100
|move|p1a: Nidoking|Earth Power|p2a: Magearna
|-supereffective|p2a: Magearna
|-damage|p2a: Magearna|0 fnt
|faint|p2a: Magearna
|
|upkeep
|c| Yoda Spin|how
|
|t:|1608140539
|switch|p2a: Thundurus|Thundurus, M|100/100
|turn|3
|
|t:|1608140543
|switch|p2a: Tapu Fini|Tapu Fini|100/100
|-fieldstart|move: Misty Terrain|[from] ability: Misty Surge|[of] p2a: Tapu Fini
|move|p1a: Nidoking|Ice Beam|p2a: Tapu Fini
|-resisted|p2a: Tapu Fini
|-damage|p2a: Tapu Fini|80/100
|
|upkeep
|turn|4
|c|☆corumba|lame
|j| Spaciousbeak
|c|☆corumba|should have sludged
|
|t:|1608140556
|move|p2a: Tapu Fini|Trick|p1a: Nidoking
|-activate|p2a: Tapu Fini|move: Trick|[of] p1a: Nidoking
|-item|p1a: Nidoking|Choice Scarf|[from] move: Trick
|-item|p2a: Tapu Fini|Life Orb|[from] move: Trick
|move|p1a: Nidoking|Sludge Wave|p2a: Tapu Fini
|-supereffective|p2a: Tapu Fini
|-damage|p2a: Tapu Fini|0 fnt
|faint|p2a: Tapu Fini
|
|upkeep
|j| Celtis
|j| AdamPi
|
|t:|1608140563
|switch|p2a: Thundurus|Thundurus, M|100/100
|turn|5
|j| zoltdrac
|
|t:|1608140566
|move|p1a: Nidoking|Sludge Wave|p2a: Thundurus
|-damage|p2a: Thundurus|31/100
|move|p2a: Thundurus|Psychic|p1a: Nidoking
|-supereffective|p1a: Nidoking
|-damage|p1a: Nidoking|20/100
|
|upkeep
|turn|6
|
|t:|1608140572
|move|p1a: Nidoking|Sludge Wave|p2a: Thundurus
|-damage|p2a: Thundurus|0 fnt
|faint|p2a: Thundurus
|
|upkeep
|c| Yoda Spin|gg
|
|t:|1608140575
|switch|p2a: Hydreigon|Hydreigon, F|100/100
|turn|7
|
|t:|1608140578
|move|p1a: Nidoking|Sludge Wave|p2a: Hydreigon
|-damage|p2a: Hydreigon|40/100
|move|p2a: Hydreigon|Nasty Plot|p2a: Hydreigon
|-boost|p2a: Hydreigon|spa|2
|
|-fieldend|Misty Terrain
|upkeep
|turn|8
|
|t:|1608140585
|move|p1a: Nidoking|Sludge Wave|p2a: Hydreigon
|-damage|p2a: Hydreigon|0 fnt
|faint|p2a: Hydreigon
|
|upkeep
|
|t:|1608140588
|switch|p2a: Urshifu|Urshifu, M|100/100
|turn|9
|
|t:|1608140591
|switch|p1a: Clefable|Clefable, M|100/100
|move|p2a: Urshifu|Bulk Up|p2a: Urshifu
|-boost|p2a: Urshifu|atk|1
|-boost|p2a: Urshifu|def|1
|
|upkeep
|turn|10
|c| Accountstolenagain|1 mon left.
|c|☆corumba|lame
|c|☆corumba|why did you switch
|
|t:|1608140603
|move|p2a: Urshifu|Substitute|p2a: Urshifu
|-start|p2a: Urshifu|Substitute
|-damage|p2a: Urshifu|76/100
|move|p1a: Clefable|Moonblast|p2a: Urshifu
|-supereffective|p2a: Urshifu
|-end|p2a: Urshifu|Substitute
|
|upkeep
|turn|11
|c| Yoda Spin|to 6-0 u
|
|t:|1608140607
|move|p2a: Urshifu|Substitute|p2a: Urshifu
|-start|p2a: Urshifu|Substitute
|-damage|p2a: Urshifu|51/100
|move|p1a: Clefable|Moonblast|p2a: Urshifu
|-supereffective|p2a: Urshifu
|-end|p2a: Urshifu|Substitute
|
|upkeep
|turn|12
|
|t:|1608140612
|move|p2a: Urshifu|Substitute|p2a: Urshifu
|-start|p2a: Urshifu|Substitute
|-damage|p2a: Urshifu|26/100
|move|p1a: Clefable|Moonblast|p2a: Urshifu
|-supereffective|p2a: Urshifu
|-end|p2a: Urshifu|Substitute
|
|upkeep
|turn|13
|
|t:|1608140616
|move|p2a: Urshifu|Substitute|p2a: Urshifu
|-start|p2a: Urshifu|Substitute
|-damage|p2a: Urshifu|1/100
|-enditem|p2a: Urshifu|Salac Berry|[eat]
|-boost|p2a: Urshifu|spe|1|[from] item: Salac Berry
|move|p1a: Clefable|Moonblast|p2a: Urshifu
|-supereffective|p2a: Urshifu
|-end|p2a: Urshifu|Substitute
|
|upkeep
|turn|14
|c| Accountstolenagain|Aw I wanted to see Nidoking solo
|
|t:|1608140623
|move|p2a: Urshifu|Wicked Blow|p1a: Clefable
|-resisted|p1a: Clefable
|-crit|p1a: Clefable
|-damage|p1a: Clefable|64/100
|move|p1a: Clefable|Moonblast|p2a: Urshifu
|-supereffective|p2a: Urshifu
|-damage|p2a: Urshifu|0 fnt
|faint|p2a: Urshifu
|
|win|user1_ou
|l|☆corumba
|c| Yoda Spin|yay 6-0
|l| Yoda Spin
|l| Accountstolenagain
|l| Spaciousbeak
|player|p1|user1_ou|eusine
||Ladder (probably) updated, but score could not be retrieved (Request timeout).
|l| Celtis
