|j|☆N30N3
|j|☆ostia el teclado
|player|p1|N30N3|170|1807
|player|p2|ostia el teclado|winona-gen6|1765
|teamsize|p1|6
|teamsize|p2|6
|gametype|singles
|gen|8
|tier|[Gen 8] OU
|rated|
|clearpoke
|poke|p1|Kyurem|
|poke|p1|Hippowdon, F|
|poke|p1|Excadrill, M|
|poke|p1|Tyranitar, M|
|poke|p1|Dragapult, M|
|poke|p1|Ferrothorn, F|
|poke|p2|Clefable, F|
|poke|p2|Seismitoad, F|
|poke|p2|Reuniclus, F|
|poke|p2|Hydreigon, F|
|poke|p2|Zeraora|
|poke|p2|Corviknight, M|
|rule|Sleep Clause Mod: Limit one foe put to sleep
|rule|Species Clause: Limit one of each Pokémon
|rule|OHKO Clause: OHKO moves are banned
|rule|Evasion Moves Clause: Evasion moves are banned
|rule|Endless Battle Clause: Forcing endless battles is banned
|rule|HP Percentage Mod: HP is shown in percentages
|rule|Dynamax Clause: You cannot dynamax
|teampreview
|j| AgressivEbolAidCOV
|inactive|Battle timer is ON: inactive players will automatically lose when time's up. (requested by N30N3)
|
|start
|switch|p1a: Kyurem|Kyurem|100/100
|switch|p2a: Reuniclus|Reuniclus, F|100/100
|-ability|p1a: Kyurem|Pressure
|turn|1
|
|move|p1a: Kyurem|Ice Beam|p2a: Reuniclus
|-damage|p2a: Reuniclus|56/100
|move|p2a: Reuniclus|Knock Off|p1a: Kyurem
|-damage|p1a: Kyurem|86/100
|-enditem|p1a: Kyurem|Choice Specs|[from] move: Knock Off|[of] p2a: Reuniclus
|
|upkeep
|turn|2
|
|switch|p1a: Tyranitar|Tyranitar, M|100/100
|-weather|Sandstorm|[from] ability: Sand Stream|[of] p1a: Tyranitar
|move|p2a: Reuniclus|Focus Blast|p1a: Tyranitar
|-supereffective|p1a: Tyranitar
|-damage|p1a: Tyranitar|11/100
|
|-weather|Sandstorm|[upkeep]
|-damage|p2a: Reuniclus|50/100|[from] Sandstorm
|upkeep
|turn|3
|
|switch|p2a: Seismitoad|Seismitoad, F|100/100
|move|p1a: Tyranitar|Stealth Rock|p2a: Seismitoad
|-sidestart|p2: ostia el teclado|move: Stealth Rock
|
|-weather|Sandstorm|[upkeep]
|upkeep
|turn|4
|
|switch|p1a: Kyurem|Kyurem|86/100
|-ability|p1a: Kyurem|Pressure
|move|p2a: Seismitoad|Stealth Rock|p1a: Kyurem
|-sidestart|p1: N30N3|move: Stealth Rock
|
|-weather|Sandstorm|[upkeep]
|-damage|p1a: Kyurem|80/100|[from] Sandstorm
|upkeep
|turn|5
|
|switch|p2a: Clefable|Clefable, F|100/100
|move|p1a: Kyurem|Ice Beam|p2a: Clefable
|-damage|p2a: Clefable|68/100
|
|-weather|Sandstorm|[upkeep]
|-damage|p1a: Kyurem|74/100|[from] Sandstorm
|-heal|p2a: Clefable|74/100|[from] item: Leftovers
|upkeep
|turn|6
|
|switch|p1a: Ferrothorn|Ferrothorn, F|100/100
|-damage|p1a: Ferrothorn|94/100|[from] Stealth Rock
|move|p2a: Clefable|Wish|p2a: Clefable
|
|-weather|none
|-heal|p2a: Clefable|80/100|[from] item: Leftovers
|-heal|p1a: Ferrothorn|100/100|[from] item: Leftovers
|upkeep
|turn|7
|
|switch|p2a: Corviknight|Corviknight, M|100/100
|-damage|p2a: Corviknight|88/100|[from] Stealth Rock
|-ability|p2a: Corviknight|Pressure
|move|p1a: Ferrothorn|Spikes|p2a: Corviknight
|-sidestart|p2: ostia el teclado|Spikes
|
|-heal|p2a: Corviknight|100/100|[from] move: Wish|[wisher] Clefable
|upkeep
|turn|8
|
|move|p2a: Corviknight|Body Press|p1a: Ferrothorn
|-supereffective|p1a: Ferrothorn
|-damage|p1a: Ferrothorn|72/100
|-damage|p2a: Corviknight|88/100|[from] ability: Iron Barbs|[of] p1a: Ferrothorn
|move|p1a: Ferrothorn|Knock Off|p2a: Corviknight
|-crit|p2a: Corviknight
|-damage|p2a: Corviknight|68/100
|-enditem|p2a: Corviknight|Leftovers|[from] move: Knock Off|[of] p1a: Ferrothorn
|
|-heal|p1a: Ferrothorn|78/100|[from] item: Leftovers
|upkeep
|turn|9
|
|move|p2a: Corviknight|Roost|p2a: Corviknight
|-heal|p2a: Corviknight|100/100
|-singleturn|p2a: Corviknight|move: Roost
|move|p1a: Ferrothorn|Leech Seed|p2a: Corviknight
|-start|p2a: Corviknight|move: Leech Seed
|
|-heal|p1a: Ferrothorn|84/100|[from] item: Leftovers
|-damage|p2a: Corviknight|88/100|[from] Leech Seed|[of] p1a: Ferrothorn
|-heal|p1a: Ferrothorn|98/100|[silent]
|upkeep
|turn|10
|
|switch|p2a: Hydreigon|Hydreigon, F|100/100
|-damage|p2a: Hydreigon|88/100|[from] Stealth Rock
|switch|p1a: Dragapult|Dragapult, M|100/100
|-damage|p1a: Dragapult|88/100|[from] Stealth Rock
|
|upkeep
|turn|11
|
|move|p2a: Hydreigon|Dark Pulse|p1a: Dragapult
|-supereffective|p1a: Dragapult
|-damage|p1a: Dragapult|0 fnt
|faint|p1a: Dragapult
|
|upkeep
|
|switch|p1a: Ferrothorn|Ferrothorn, F|98/100
|-damage|p1a: Ferrothorn|92/100|[from] Stealth Rock
|turn|12
|inactive|ostia el teclado has 120 seconds left.
|
|switch|p2a: Corviknight|Corviknight, M|88/100
|-damage|p2a: Corviknight|76/100|[from] Stealth Rock
|-ability|p2a: Corviknight|Pressure
|move|p1a: Ferrothorn|Leech Seed|p2a: Corviknight
|-start|p2a: Corviknight|move: Leech Seed
|
|-heal|p1a: Ferrothorn|98/100|[from] item: Leftovers
|-damage|p2a: Corviknight|64/100|[from] Leech Seed|[of] p1a: Ferrothorn
|-heal|p1a: Ferrothorn|100/100|[silent]
|upkeep
|turn|13
|
|move|p2a: Corviknight|Defog|p1a: Ferrothorn
|-unboost|p1a: Ferrothorn|evasion|1
|-sideend|p1: N30N3|Stealth Rock|[from] move: Defog|[of] p2a: Corviknight
|-sideend|p2: ostia el teclado|Spikes|[from] move: Defog|[of] p2a: Corviknight
|-sideend|p2: ostia el teclado|Stealth Rock|[from] move: Defog|[of] p2a: Corviknight
|move|p1a: Ferrothorn|Spikes|p2a: Corviknight
|-sidestart|p2: ostia el teclado|Spikes
|
|-damage|p2a: Corviknight|51/100|[from] Leech Seed|[of] p1a: Ferrothorn
|upkeep
|turn|14
|
|move|p2a: Corviknight|Roost|p2a: Corviknight
|-heal|p2a: Corviknight|100/100
|-singleturn|p2a: Corviknight|move: Roost
|move|p1a: Ferrothorn|Spikes|p2a: Corviknight
|-sidestart|p2: ostia el teclado|Spikes
|
|-damage|p2a: Corviknight|88/100|[from] Leech Seed|[of] p1a: Ferrothorn
|upkeep
|turn|15
|
|switch|p1a: Tyranitar|Tyranitar, M|11/100
|-weather|Sandstorm|[from] ability: Sand Stream|[of] p1a: Tyranitar
|move|p2a: Corviknight|Roost|p2a: Corviknight
|-heal|p2a: Corviknight|100/100
|-singleturn|p2a: Corviknight|move: Roost
|
|-weather|Sandstorm|[upkeep]
|-damage|p2a: Corviknight|88/100|[from] Leech Seed|[of] p1a: Tyranitar
|-heal|p1a: Tyranitar|25/100|[silent]
|upkeep
|turn|16
|
|move|p1a: Tyranitar|Stone Edge|p2a: Corviknight
|-damage|p2a: Corviknight|33/100
|move|p2a: Corviknight|Body Press|p1a: Tyranitar
|-supereffective|p1a: Tyranitar
|-damage|p1a: Tyranitar|0 fnt
|faint|p1a: Tyranitar
|
|-weather|Sandstorm|[upkeep]
|upkeep
|
|switch|p1a: Kyurem|Kyurem|74/100
|-ability|p1a: Kyurem|Pressure
|turn|17
|
|switch|p2a: Reuniclus|Reuniclus, F|83/100
|-damage|p2a: Reuniclus|67/100|[from] Spikes
|move|p1a: Kyurem|Ice Beam|p2a: Reuniclus
|-damage|p2a: Reuniclus|37/100
|-status|p2a: Reuniclus|frz
|
|-weather|Sandstorm|[upkeep]
|-damage|p1a: Kyurem|68/100|[from] Sandstorm
|-damage|p2a: Reuniclus|31/100 frz|[from] Sandstorm
|upkeep
|turn|18
|
|switch|p1a: Excadrill|Excadrill, M|100/100
|cant|p2a: Reuniclus|frz
|
|-weather|Sandstorm|[upkeep]
|-damage|p2a: Reuniclus|25/100 frz|[from] Sandstorm
|upkeep
|turn|19
|
|move|p1a: Excadrill|Rapid Spin|p2a: Reuniclus
|-damage|p2a: Reuniclus|3/100 frz
|-boost|p1a: Excadrill|spe|1
|-damage|p1a: Excadrill|91/100|[from] item: Life Orb
|cant|p2a: Reuniclus|frz
|
|-weather|none
|upkeep
|turn|20
|
|move|p1a: Excadrill|Iron Head|p2a: Reuniclus
|-damage|p2a: Reuniclus|0 fnt
|-damage|p1a: Excadrill|81/100|[from] item: Life Orb
|faint|p2a: Reuniclus
|
|upkeep
|
|switch|p2a: Corviknight|Corviknight, M|33/100
|-ability|p2a: Corviknight|Pressure
|turn|21
|
|move|p1a: Excadrill|Rock Slide|p2a: Corviknight
|-damage|p2a: Corviknight|11/100
|-damage|p1a: Excadrill|71/100|[from] item: Life Orb
|cant|p2a: Corviknight|flinch
|
|upkeep
|turn|22
|
|move|p1a: Excadrill|Iron Head|p2a: Corviknight
|-resisted|p2a: Corviknight
|-damage|p2a: Corviknight|0 fnt
|-damage|p1a: Excadrill|61/100|[from] item: Life Orb
|faint|p2a: Corviknight
|
|upkeep
|-message|ostia el teclado forfeited.
|
|win|N30N3
|l|☆ostia el teclado
|l|☆N30N3
|raw|N30N3's rating: 1807 &rarr; <strong>1823</strong><br />(+16 for winning)
|raw|ostia el teclado's rating: 1729 &rarr; <strong>1713</strong><br />(-16 for losing)
