|j|☆smoovBert
|j|☆testotesto321
|player|p1|smoovBert|waiter|1664
|player|p2|testotesto321|bellelba|1630
|teamsize|p1|6
|teamsize|p2|6
|gametype|singles
|gen|8
|tier|[Gen 8] OU
|rated|
|html|<div class="broadcast-red"><strong>OU is currently suspecting Melmetal! For information on how to participate check out the <a href="https://www.smogon.com/forums/threads/3662190/">suspect thread</a>.</strong></div>
|clearpoke
|poke|p1|Hydreigon, M|
|poke|p1|Flygon, M|
|poke|p1|Gyarados, M|
|poke|p1|Gengar, M|
|poke|p1|Bisharp, M|
|poke|p1|Aegislash, M|
|poke|p2|Weavile, M|
|poke|p2|Zeraora|
|poke|p2|Gengar, F|
|poke|p2|Seismitoad, F|
|poke|p2|Corviknight, F|
|poke|p2|Toxapex, F|
|rule|Sleep Clause Mod: Limit one foe put to sleep
|rule|Species Clause: Limit one of each Pokémon
|rule|OHKO Clause: OHKO moves are banned
|rule|Evasion Moves Clause: Evasion moves are banned
|rule|Endless Battle Clause: Forcing endless battles is banned
|rule|HP Percentage Mod: HP is shown in percentages
|rule|Dynamax Clause: You cannot dynamax
|teampreview
|
|start
|switch|p1a: Gairadose|Gyarados, M|100/100
|switch|p2a: Toxapex|Toxapex, F, shiny|100/100
|-ability|p1a: Gairadose|Intimidate|boost
|-unboost|p2a: Toxapex|atk|1
|turn|1
|
|move|p1a: Gairadose|Thunder Wave|p2a: Toxapex
|-status|p2a: Toxapex|par
|move|p2a: Toxapex|Toxic|p1a: Gairadose
|-status|p1a: Gairadose|tox
|
|-damage|p1a: Gairadose|94/100 tox|[from] psn
|upkeep
|turn|2
|
|switch|p1a: Hydreigon|Hydreigon, M|100/100
|cant|p2a: Toxapex|par
|
|upkeep
|turn|3
|
|move|p1a: Hydreigon|Nasty Plot|p1a: Hydreigon
|-boost|p1a: Hydreigon|spa|2
|move|p2a: Toxapex|Toxic|p1a: Hydreigon
|-status|p1a: Hydreigon|tox
|
|-damage|p1a: Hydreigon|94/100 tox|[from] psn
|upkeep
|turn|4
|
|switch|p2a: Corviknight|Corviknight, F, shiny|100/100
|-ability|p2a: Corviknight|Pressure
|move|p1a: Hydreigon|Draco Meteor|p2a: Corviknight
|-resisted|p2a: Corviknight
|-damage|p2a: Corviknight|46/100
|-unboost|p1a: Hydreigon|spa|2
|-damage|p1a: Hydreigon|84/100 tox|[from] item: Life Orb
|
|-heal|p2a: Corviknight|52/100|[from] item: Leftovers
|-damage|p1a: Hydreigon|72/100 tox|[from] psn
|upkeep
|turn|5
|
|move|p1a: Hydreigon|Flamethrower|p2a: Corviknight
|-supereffective|p2a: Corviknight
|-damage|p2a: Corviknight|0 fnt
|-damage|p1a: Hydreigon|62/100 tox|[from] item: Life Orb
|faint|p2a: Corviknight
|
|-damage|p1a: Hydreigon|44/100 tox|[from] psn
|upkeep
|
|switch|p2a: Weavile|Weavile, M|100/100
|-ability|p2a: Weavile|Pressure
|turn|6
|
|switch|p1a: Gairadose|Gyarados, M|94/100 tox
|-ability|p1a: Gairadose|Intimidate|boost
|-unboost|p2a: Weavile|atk|1
|move|p2a: Weavile|Knock Off|p1a: Gairadose
|-damage|p1a: Gairadose|57/100 tox
|-damage|p2a: Weavile|84/100|[from] item: Rocky Helmet|[of] p1a: Gairadose
|-enditem|p1a: Gairadose|Rocky Helmet|[from] move: Knock Off|[of] p2a: Weavile
|
|-damage|p1a: Gairadose|51/100 tox|[from] psn
|upkeep
|turn|7
|j|‽fushunha
|
|switch|p2a: Toxapex|Toxapex, F, shiny|100/100 par
|switch|p1a: Hydreigon|Hydreigon, M|44/100 tox
|
|-damage|p1a: Hydreigon|38/100 tox|[from] psn
|upkeep
|turn|8
|
|move|p1a: Hydreigon|Nasty Plot|p1a: Hydreigon
|-boost|p1a: Hydreigon|spa|2
|move|p2a: Toxapex|Haze|p2a: Toxapex
|-clearallboost
|
|-damage|p1a: Hydreigon|25/100 tox|[from] psn
|upkeep
|turn|9
|
|move|p1a: Hydreigon|Nasty Plot|p1a: Hydreigon
|-boost|p1a: Hydreigon|spa|2
|move|p2a: Toxapex|Haze|p2a: Toxapex
|-clearallboost
|
|-damage|p1a: Hydreigon|7/100 tox|[from] psn
|upkeep
|turn|10
|
|move|p1a: Hydreigon|Draco Meteor|p2a: Toxapex
|-damage|p2a: Toxapex|26/100 par
|-unboost|p1a: Hydreigon|spa|2
|-damage|p1a: Hydreigon|0 fnt|[from] item: Life Orb
|faint|p1a: Hydreigon
|move|p2a: Toxapex|Recover|p2a: Toxapex
|-heal|p2a: Toxapex|76/100 par
|
|-heal|p2a: Toxapex|82/100 par|[from] item: Black Sludge
|upkeep
|inactive|Battle timer is ON: inactive players will automatically lose when time's up. (requested by testotesto321)
|
|switch|p1a: Gang Gang|Gengar, M|100/100
|turn|11
|
|move|p1a: Gang Gang|Nasty Plot|p1a: Gang Gang
|-boost|p1a: Gang Gang|spa|2
|move|p2a: Toxapex|Scald|p1a: Gang Gang
|-damage|p1a: Gang Gang|74/100
|
|-heal|p2a: Toxapex|89/100 par|[from] item: Black Sludge
|upkeep
|turn|12
|
|move|p1a: Gang Gang|Shadow Ball|p2a: Toxapex
|-damage|p2a: Toxapex|11/100 par
|move|p2a: Toxapex|Haze|p2a: Toxapex
|-clearallboost
|
|-heal|p2a: Toxapex|18/100 par|[from] item: Black Sludge
|upkeep
|turn|13
|
|switch|p2a: Weavile|Weavile, M|84/100
|-ability|p2a: Weavile|Pressure
|move|p1a: Gang Gang|Hypnosis|p2a: Weavile|[miss]
|-miss|p1a: Gang Gang|p2a: Weavile
|-enditem|p1a: Gang Gang|Blunder Policy
|-boost|p1a: Gang Gang|spe|2
|
|upkeep
|turn|14
|inactive|smoovBert has 120 seconds left.
|
|move|p2a: Weavile|Ice Shard|p1a: Gang Gang
|-damage|p1a: Gang Gang|14/100
|move|p1a: Gang Gang|Hypnosis|p2a: Weavile|[miss]
|-miss|p1a: Gang Gang|p2a: Weavile
|
|upkeep
|turn|15
|
|move|p2a: Weavile|Ice Shard|p1a: Gang Gang
|-damage|p1a: Gang Gang|0 fnt
|faint|p1a: Gang Gang
|
|upkeep
|inactive|smoovBert has 120 seconds left.
|
|switch|p1a: Gairadose|Gyarados, M|51/100 tox
|-ability|p1a: Gairadose|Intimidate|boost
|-unboost|p2a: Weavile|atk|1
|turn|16
|inactive|smoovBert has 120 seconds left.
|
|switch|p2a: Zeraora|Zeraora|100/100
|move|p1a: Gairadose|Waterfall|p2a: Zeraora
|-damage|p2a: Zeraora|52/100
|
|-heal|p2a: Zeraora|58/100|[from] item: Leftovers
|-damage|p1a: Gairadose|45/100 tox|[from] psn
|upkeep
|turn|17
|
|move|p2a: Zeraora|Plasma Fists|p1a: Gairadose
|-supereffective|p1a: Gairadose
|-damage|p1a: Gairadose|0 fnt
|-fieldactivate|move: Ion Deluge
|faint|p1a: Gairadose
|
|-heal|p2a: Zeraora|64/100|[from] item: Leftovers
|upkeep
|
|switch|p1a: (Salamence)|Flygon, M|100/100
|turn|18
|
|switch|p2a: Seismitoad|Seismitoad, F|100/100
|move|p1a: (Salamence)|Dragon Dance|p1a: (Salamence)
|-boost|p1a: (Salamence)|atk|1
|-boost|p1a: (Salamence)|spe|1
|
|upkeep
|turn|19
|
|move|p1a: (Salamence)|Earthquake|p2a: Seismitoad
|-crit|p2a: Seismitoad
|-damage|p2a: Seismitoad|3/100
|-damage|p1a: (Salamence)|91/100|[from] item: Life Orb
|move|p2a: Seismitoad|Toxic|p1a: (Salamence)|[miss]
|-miss|p2a: Seismitoad|p1a: (Salamence)
|
|-heal|p2a: Seismitoad|9/100|[from] item: Leftovers
|upkeep
|turn|20
|
|move|p1a: (Salamence)|Earthquake|p2a: Seismitoad
|-damage|p2a: Seismitoad|0 fnt
|-damage|p1a: (Salamence)|81/100|[from] item: Life Orb
|faint|p2a: Seismitoad
|
|upkeep
|
|switch|p2a: Weavile|Weavile, M|84/100
|-ability|p2a: Weavile|Pressure
|turn|21
|
|switch|p1a: Aegislash|Aegislash, M|100/100
|move|p2a: Weavile|Low Kick|p1a: Aegislash
|-immune|p1a: Aegislash
|
|upkeep
|turn|22
|
|switch|p2a: Toxapex|Toxapex, F, shiny|51/100 par
|move|p1a: Aegislash|King's Shield||[still]
|-fail|p1a: Aegislash
|
|-heal|p2a: Toxapex|57/100 par|[from] item: Black Sludge
|upkeep
|turn|23
|
|move|p1a: Aegislash|Swords Dance|p1a: Aegislash
|-boost|p1a: Aegislash|atk|2
|cant|p2a: Toxapex|par
|
|-heal|p2a: Toxapex|63/100 par|[from] item: Black Sludge
|upkeep
|turn|24
|
|-formechange|p1a: Aegislash|Aegislash-Blade||[from] ability: Stance Change
|move|p1a: Aegislash|Shadow Sneak|p2a: Toxapex
|-damage|p2a: Toxapex|28/100 par
|-damage|p1a: Aegislash|91/100|[from] item: Life Orb
|move|p2a: Toxapex|Haze|p2a: Toxapex
|-clearallboost
|
|-heal|p2a: Toxapex|34/100 par|[from] item: Black Sludge
|upkeep
|turn|25
|
|switch|p1a: (Salamence)|Flygon, M|81/100
|move|p2a: Toxapex|Recover|p2a: Toxapex
|-heal|p2a: Toxapex|84/100 par
|
|-heal|p2a: Toxapex|91/100 par|[from] item: Black Sludge
|upkeep
|turn|26
|
|move|p1a: (Salamence)|Earthquake|p2a: Toxapex
|-supereffective|p2a: Toxapex
|-damage|p2a: Toxapex|13/100 par
|-damage|p1a: (Salamence)|71/100|[from] item: Life Orb
|move|p2a: Toxapex|Toxic|p1a: (Salamence)
|-status|p1a: (Salamence)|tox
|
|-heal|p2a: Toxapex|19/100 par|[from] item: Black Sludge
|-damage|p1a: (Salamence)|65/100 tox|[from] psn
|upkeep
|turn|27
|
|switch|p2a: Gengar|Gengar, F|100/100
|move|p1a: (Salamence)|Earthquake|p2a: Gengar
|-supereffective|p2a: Gengar
|-damage|p2a: Gengar|0 fnt
|-damage|p1a: (Salamence)|55/100 tox|[from] item: Life Orb
|faint|p2a: Gengar
|
|-damage|p1a: (Salamence)|43/100 tox|[from] psn
|upkeep
|
|switch|p2a: Zeraora|Zeraora|64/100
|turn|28
|
|move|p2a: Zeraora|Play Rough|p1a: (Salamence)|[miss]
|-miss|p2a: Zeraora|p1a: (Salamence)
|move|p1a: (Salamence)|Earthquake|p2a: Zeraora
|-supereffective|p2a: Zeraora
|-damage|p2a: Zeraora|0 fnt
|-damage|p1a: (Salamence)|34/100 tox|[from] item: Life Orb
|faint|p2a: Zeraora
|
|-damage|p1a: (Salamence)|16/100 tox|[from] psn
|upkeep
|
|switch|p2a: Weavile|Weavile, M|84/100
|-ability|p2a: Weavile|Pressure
|turn|29
|
|move|p2a: Weavile|Ice Shard|p1a: (Salamence)
|-supereffective|p1a: (Salamence)
|-damage|p1a: (Salamence)|0 fnt
|faint|p1a: (Salamence)
|
|upkeep
|
|switch|p1a: Aegislash|Aegislash, M|91/100
|turn|30
|
|switch|p2a: Toxapex|Toxapex, F, shiny|52/100 par
|move|p1a: Aegislash|Swords Dance|p1a: Aegislash
|-boost|p1a: Aegislash|atk|2
|
|-heal|p2a: Toxapex|58/100 par|[from] item: Black Sludge
|upkeep
|turn|31
|
|-formechange|p1a: Aegislash|Aegislash-Blade||[from] ability: Stance Change
|move|p1a: Aegislash|Shadow Sneak|p2a: Toxapex
|-crit|p2a: Toxapex
|-damage|p2a: Toxapex|1/100 par
|-damage|p1a: Aegislash|81/100|[from] item: Life Orb
|cant|p2a: Toxapex|par
|
|-heal|p2a: Toxapex|7/100 par|[from] item: Black Sludge
|upkeep
|turn|32
|
|move|p1a: Aegislash|Swords Dance|p1a: Aegislash
|-boost|p1a: Aegislash|atk|2
|move|p2a: Toxapex|Haze|p2a: Toxapex
|-clearallboost
|
|-heal|p2a: Toxapex|13/100 par|[from] item: Black Sludge
|upkeep
|turn|33
|
|move|p1a: Aegislash|Close Combat|p2a: Toxapex
|-resisted|p2a: Toxapex
|-damage|p2a: Toxapex|0 fnt
|-unboost|p1a: Aegislash|def|1
|-unboost|p1a: Aegislash|spd|1
|-damage|p1a: Aegislash|71/100|[from] item: Life Orb
|faint|p2a: Toxapex
|
|upkeep
|
|switch|p2a: Weavile|Weavile, M|84/100
|-ability|p2a: Weavile|Pressure
|turn|34
|
|-formechange|p1a: Aegislash|Aegislash||[from] ability: Stance Change
|move|p1a: Aegislash|King's Shield|p1a: Aegislash
|-singleturn|p1a: Aegislash|Protect
|move|p2a: Weavile|Icicle Crash|p1a: Aegislash
|-activate|p1a: Aegislash|move: Protect
|
|upkeep
|turn|35
|inactive|smoovBert has 120 seconds left.
|
|switch|p1a: Bisharp|Bisharp, M|100/100
|move|p2a: Weavile|Icicle Crash|p1a: Bisharp
|-resisted|p1a: Bisharp
|-damage|p1a: Bisharp|72/100
|
|upkeep
|turn|36
|
|move|p1a: Bisharp|Sucker Punch|p2a: Weavile
|-resisted|p2a: Weavile
|-damage|p2a: Weavile|34/100
|move|p2a: Weavile|Icicle Crash|p1a: Bisharp
|-resisted|p1a: Bisharp
|-damage|p1a: Bisharp|43/100
|
|upkeep
|turn|37
|
|move|p1a: Bisharp|Sucker Punch|p2a: Weavile
|-resisted|p2a: Weavile
|-damage|p2a: Weavile|0 fnt
|faint|p2a: Weavile
|
|win|smoovBert
|l|☆testotesto321
|raw|smoovBert's rating: 1664 &rarr; <strong>1682</strong><br />(+18 for winning)
|raw|testotesto321's rating: 1630 &rarr; <strong>1612</strong><br />(-18 for losing)
|l|☆smoovBert
