|j|☆gotsnsd
|j|☆jeanmilapipe
|t:|1656767883
|gametype|singles
|player|p1|gotsnsd|beauty-gen2jp|1561
|player|p2|jeanmilapipe|n|1842
|teamsize|p1|6
|teamsize|p2|6
|gen|8
|tier|[Gen 8] OU
|rated|
|rule|Sleep Clause Mod: Limit one foe put to sleep
|rule|Species Clause: Limit one of each Pokémon
|rule|OHKO Clause: OHKO moves are banned
|rule|Evasion Moves Clause: Evasion moves are banned
|rule|Endless Battle Clause: Forcing endless battles is banned
|rule|HP Percentage Mod: HP is shown in percentages
|rule|Dynamax Clause: You cannot dynamax
|clearpoke
|poke|p1|Landorus-Therian, M|
|poke|p1|Kartana|
|poke|p1|Heatran, F|
|poke|p1|Weavile, F|
|poke|p1|Urshifu-*, M|
|poke|p1|Gengar, F|
|poke|p2|Aegislash, F|
|poke|p2|Corviknight, F|
|poke|p2|Blaziken, F|
|poke|p2|Haxorus, M|
|poke|p2|Nidoking, M|
|poke|p2|Inteleon, F|
|teampreview
|
|t:|1656767900
|start
|switch|p1a: Landorus|Landorus-Therian, M|100/100
|switch|p2a: Corviknight|Corviknight, F|100/100
|-ability|p1a: Landorus|Intimidate|boost
|-ability|p2a: Corviknight|Mirror Armor
|-unboost|p1a: Landorus|atk|1
|turn|1
|
|t:|1656767908
|move|p1a: Landorus|Gravity|p1a: Landorus
|-fieldstart|move: Gravity
|move|p2a: Corviknight|Brave Bird|p1a: Landorus
|-damage|p1a: Landorus|65/100
|-damage|p2a: Corviknight|89/100|[from] Recoil
|
|-heal|p1a: Landorus|71/100|[from] item: Leftovers
|upkeep
|turn|2
|
|t:|1656767920
|move|p1a: Landorus|Earthquake|p2a: Corviknight
|-supereffective|p2a: Corviknight
|-damage|p2a: Corviknight|43/100
|move|p2a: Corviknight|U-turn|p1a: Landorus
|-resisted|p1a: Landorus
|-damage|p1a: Landorus|64/100
|
|t:|1656767927
|switch|p2a: Inteleon|Inteleon, F|100/100|[from]move: U-turn
|
|-heal|p1a: Landorus|70/100|[from] item: Leftovers
|upkeep
|turn|3
|inactive|Battle timer is ON: inactive players will automatically lose when time's up. (requested by jeanmilapipe)
|
|t:|1656767961
|switch|p1a: Gengar|Gengar, F|100/100
|move|p2a: Inteleon|Snipe Shot|p1a: Gengar
|-damage|p1a: Gengar|37/100
|
|upkeep
|turn|4
|
|t:|1656767968
|switch|p1a: Urshifu|Urshifu-Rapid-Strike, M|100/100
|move|p2a: Inteleon|Snipe Shot|p1a: Urshifu
|-resisted|p1a: Urshifu
|-damage|p1a: Urshifu|70/100
|
|upkeep
|turn|5
|
|t:|1656767987
|switch|p2a: Corviknight|Corviknight, F|43/100
|move|p1a: Urshifu|Thunder Punch|p2a: Corviknight
|-supereffective|p2a: Corviknight
|-damage|p2a: Corviknight|6/100
|
|-fieldend|move: Gravity
|upkeep
|turn|6
|inactive|gotsnsd has 120 seconds left.
|
|t:|1656768018
|move|p1a: Urshifu|Surging Strikes|p2a: Corviknight
|-crit|p2a: Corviknight
|-damage|p2a: Corviknight|0 fnt
|faint|p2a: Corviknight
|-hitcount|p2: Corviknight|1
|
|upkeep
|
|t:|1656768026
|switch|p2a: Haxorus|Haxorus, M|100/100
|-ability|p2a: Haxorus|Mold Breaker
|turn|7
|inactive|gotsnsd has 120 seconds left.
|
|t:|1656768046
|switch|p1a: Landorus|Landorus-Therian, M|70/100
|-ability|p1a: Landorus|Intimidate|boost
|-unboost|p2a: Haxorus|atk|1
|move|p2a: Haxorus|Dragon Dance|p2a: Haxorus
|-boost|p2a: Haxorus|atk|1
|-boost|p2a: Haxorus|spe|1
|
|-heal|p1a: Landorus|76/100|[from] item: Leftovers
|upkeep
|turn|8
|
|t:|1656768056
|move|p2a: Haxorus|Dragon Claw|p1a: Landorus
|-damage|p1a: Landorus|30/100
|move|p1a: Landorus|Earthquake|p2a: Haxorus
|-crit|p2a: Haxorus
|-damage|p2a: Haxorus|14/100
|
|-heal|p1a: Landorus|36/100|[from] item: Leftovers
|upkeep
|turn|9
|
|t:|1656768064
|switch|p1a: Kartana|Kartana|100/100
|move|p2a: Haxorus|Dragon Claw|p1a: Kartana
|-resisted|p1a: Kartana
|-damage|p1a: Kartana|79/100
|-damage|p2a: Haxorus|0 fnt|[from] item: Rocky Helmet|[of] p1a: Kartana
|faint|p2a: Haxorus
|
|upkeep
|
|t:|1656768081
|switch|p2a: Blaziken|Blaziken, F|100/100
|turn|10
|inactive|gotsnsd has 120 seconds left.
|
|t:|1656768135
|move|p1a: Kartana|Knock Off|p2a: Blaziken
|-resisted|p2a: Blaziken
|-damage|p2a: Blaziken|71/100
|-enditem|p2a: Blaziken|Protective Pads|[from] move: Knock Off|[of] p1a: Kartana
|move|p2a: Blaziken|Swords Dance|p2a: Blaziken
|-boost|p2a: Blaziken|atk|2
|
|-ability|p2a: Blaziken|Speed Boost|boost
|-boost|p2a: Blaziken|spe|1
|upkeep
|turn|11
|inactive|gotsnsd has 90 seconds left.
|
|t:|1656768162
|move|p2a: Blaziken|Swords Dance|p2a: Blaziken
|-boost|p2a: Blaziken|atk|2
|move|p1a: Kartana|Knock Off|p2a: Blaziken
|-resisted|p2a: Blaziken
|-damage|p2a: Blaziken|51/100
|
|-ability|p2a: Blaziken|Speed Boost|boost
|-boost|p2a: Blaziken|spe|1
|upkeep
|turn|12
|
|t:|1656768170
|move|p2a: Blaziken|Close Combat|p1a: Kartana
|-supereffective|p1a: Kartana
|-damage|p1a: Kartana|0 fnt
|-unboost|p2a: Blaziken|def|1
|-unboost|p2a: Blaziken|spd|1
|-damage|p2a: Blaziken|35/100|[from] item: Rocky Helmet|[of] p1a: Kartana
|faint|p1a: Kartana
|
|-ability|p2a: Blaziken|Speed Boost|boost
|-boost|p2a: Blaziken|spe|1
|upkeep
|inactive|gotsnsd has 90 seconds left.
|
|t:|1656768194
|switch|p1a: Urshifu|Urshifu-Rapid-Strike, M|70/100
|turn|13
|
|t:|1656768197
|move|p1a: Urshifu|Aqua Jet|p2a: Blaziken
|-supereffective|p2a: Blaziken
|-damage|p2a: Blaziken|0 fnt
|faint|p2a: Blaziken
|
|upkeep
|
|t:|1656768209
|switch|p2a: Aegislash|Aegislash, F|100/100
|turn|14
|
|t:|1656768224
|switch|p1a: Heatran|Heatran, F|100/100
|-formechange|p2a: Aegislash|Aegislash-Blade||[from] ability: Stance Change
|move|p2a: Aegislash|Shadow Claw|p1a: Heatran
|-damage|p1a: Heatran|62/100
|
|-heal|p1a: Heatran|69/100|[from] item: Leftovers
|upkeep
|turn|15
|
|t:|1656768234
|switch|p2a: Nidoking|Nidoking, M|100/100
|move|p1a: Heatran|Earth Power|p2a: Nidoking
|-supereffective|p2a: Nidoking
|-damage|p2a: Nidoking|33/100
|
|-heal|p1a: Heatran|75/100|[from] item: Leftovers
|upkeep
|turn|16
|
|t:|1656768243
|switch|p1a: Weavile|Weavile, F|100/100
|-ability|p1a: Weavile|Pressure
|move|p2a: Nidoking|Flamethrower|p1a: Weavile
|-supereffective|p1a: Weavile
|-damage|p1a: Weavile|0 fnt
|faint|p1a: Weavile
|
|upkeep
|
|t:|1656768262
|switch|p1a: Gengar|Gengar, F|37/100
|turn|17
|
|t:|1656768266
|move|p1a: Gengar|Shadow Ball|p2a: Nidoking
|-damage|p2a: Nidoking|0 fnt
|faint|p2a: Nidoking
|
|upkeep
|
|t:|1656768272
|switch|p2a: Aegislash|Aegislash, F|100/100
|turn|18
|inactive|gotsnsd has 120 seconds left.
|
|t:|1656768305
|-formechange|p2a: Aegislash|Aegislash-Blade||[from] ability: Stance Change
|move|p2a: Aegislash|Shadow Sneak|p1a: Gengar
|-supereffective|p1a: Gengar
|-damage|p1a: Gengar|0 fnt
|faint|p1a: Gengar
|
|upkeep
|
|t:|1656768313
|switch|p1a: Landorus|Landorus-Therian, M|36/100
|-ability|p1a: Landorus|Intimidate|boost
|-unboost|p2a: Aegislash|atk|1
|turn|19
|
|t:|1656768319
|-formechange|p2a: Aegislash|Aegislash||[from] ability: Stance Change
|move|p2a: Aegislash|King's Shield|p2a: Aegislash
|-singleturn|p2a: Aegislash|Protect
|move|p1a: Landorus|Earthquake|p2a: Aegislash
|-activate|p2a: Aegislash|move: Protect
|
|-heal|p1a: Landorus|42/100|[from] item: Leftovers
|upkeep
|turn|20
|
|t:|1656768329
|move|p1a: Landorus|Earthquake|p2a: Aegislash
|-supereffective|p2a: Aegislash
|-damage|p2a: Aegislash|23/100
|-formechange|p2a: Aegislash|Aegislash-Blade||[from] ability: Stance Change
|move|p2a: Aegislash|Shadow Claw|p1a: Landorus
|-damage|p1a: Landorus|13/100
|
|-heal|p1a: Landorus|19/100|[from] item: Leftovers
|-heal|p2a: Aegislash|29/100|[from] item: Leftovers
|upkeep
|turn|21
|inactive|gotsnsd has 120 seconds left.
|
|t:|1656768350
|switch|p1a: Urshifu|Urshifu-Rapid-Strike, M|70/100
|move|p2a: Aegislash|Shadow Sneak|p1a: Urshifu
|-damage|p1a: Urshifu|53/100
|
|-heal|p2a: Aegislash|35/100|[from] item: Leftovers
|upkeep
|turn|22
|
|t:|1656768357
|move|p2a: Aegislash|Shadow Sneak|p1a: Urshifu
|-damage|p1a: Urshifu|36/100
|move|p1a: Urshifu|Surging Strikes|p2a: Aegislash
|-crit|p2a: Aegislash
|-damage|p2a: Aegislash|0 fnt
|faint|p2a: Aegislash
|-hitcount|p2: Aegislash|1
|
|upkeep
|
|t:|1656768365
|switch|p2a: Inteleon|Inteleon, F|100/100
|turn|23
|
|t:|1656768373
|switch|p1a: Landorus|Landorus-Therian, M|19/100
|-ability|p1a: Landorus|Intimidate|boost
|-unboost|p2a: Inteleon|atk|1
|move|p2a: Inteleon|Snipe Shot|p1a: Landorus
|-supereffective|p1a: Landorus
|-crit|p1a: Landorus
|-damage|p1a: Landorus|0 fnt
|faint|p1a: Landorus
|
|upkeep
|
|t:|1656768382
|switch|p1a: Urshifu|Urshifu-Rapid-Strike, M|36/100
|turn|24
|
|t:|1656768391
|move|p2a: Inteleon|Snipe Shot|p1a: Urshifu
|-resisted|p1a: Urshifu
|-damage|p1a: Urshifu|6/100
|move|p1a: Urshifu|Close Combat|p2a: Inteleon
|-damage|p2a: Inteleon|0 fnt
|-unboost|p1a: Urshifu|def|1
|-unboost|p1a: Urshifu|spd|1
|faint|p2a: Inteleon
|
|win|gotsnsd
|raw|gotsnsd's rating: 1561 &rarr; <strong>1594</strong><br />(+33 for winning)
|raw|jeanmilapipe's rating: 1842 &rarr; <strong>1809</strong><br />(-33 for losing)
|j| mmuuuu
||Ladder isn't responding, score probably updated but might not have (Request timeout).
