|j|☆ez2beatu
|j|☆early_human
|t:|1634702129
|gametype|singles
|player|p1|ez2beatu|102|1939
|player|p2|early_human|dancer|1862
|teamsize|p1|6
|teamsize|p2|6
|gen|8
|tier|[Gen 8] OU
|rated|
|rule|Sleep Clause Mod: Limit one foe put to sleep
|rule|Species Clause: Limit one of each Pokémon
|rule|OHKO Clause: OHKO moves are banned
|rule|Evasion Moves Clause: Evasion moves are banned
|rule|Endless Battle Clause: Forcing endless battles is banned
|rule|HP Percentage Mod: HP is shown in percentages
|rule|Dynamax Clause: You cannot dynamax
|clearpoke
|poke|p1|Clefable, M|
|poke|p1|Quagsire, F|
|poke|p1|Toxapex, F|
|poke|p1|Skarmory, M|
|poke|p1|Gastrodon, M|
|poke|p1|Mew|
|poke|p2|Moltres-Galar|
|poke|p2|Aegislash, M|
|poke|p2|Buzzwole|
|poke|p2|Latios, M|
|poke|p2|Landorus-Therian, M|
|poke|p2|Bisharp, M|
|teampreview
|
|t:|1634702150
|start
|switch|p1a: Toxapex|Toxapex, F|100/100
|switch|p2a: Latios|Latios, M|100/100
|turn|1
|j| westcottike
|
|t:|1634702161
|move|p2a: Latios|Psychic|p1a: Toxapex
|-supereffective|p1a: Toxapex
|-damage|p1a: Toxapex|3/100
|-unboost|p1a: Toxapex|spd|1
|move|p1a: Toxapex|Knock Off|p2a: Latios
|-supereffective|p2a: Latios
|-damage|p2a: Latios|55/100
|-enditem|p2a: Latios|Soul Dew|[from] move: Knock Off|[of] p1a: Toxapex
|
|upkeep
|turn|2
|j| Ava<3@!
|j| ready for the lose
|
|t:|1634702169
|switch|p1a: Mew|Mew|100/100
|move|p2a: Latios|Future Sight|p1a: Mew
|-start|p2a: Latios|move: Future Sight
|
|upkeep
|turn|3
|j| GenuineKing
|
|t:|1634702191
|switch|p2a: Aegislash|Aegislash, M|100/100
|move|p1a: Mew|Cosmic Power|p1a: Mew
|-boost|p1a: Mew|def|1
|-boost|p1a: Mew|spd|1
|
|upkeep
|turn|4
|
|t:|1634702198
|switch|p2a: Moltres|Moltres-Galar|100/100
|move|p1a: Mew|Cosmic Power|p1a: Mew
|-boost|p1a: Mew|def|1
|-boost|p1a: Mew|spd|1
|
|-end|p1a: Mew|move: Future Sight
|-resisted|p1a: Mew
|-damage|p1a: Mew|91/100
|-heal|p1a: Mew|97/100|[from] item: Leftovers
|upkeep
|turn|5
|j| Noob 0_o
|
|t:|1634702210
|switch|p1a: Toxapex|Toxapex, F|36/100
|move|p2a: Moltres|Agility|p2a: Moltres
|-boost|p2a: Moltres|spe|2
|
|upkeep
|turn|6
|j| Volc is for pssys
|
|t:|1634702216
|switch|p1a: Clefable|Clefable, M|100/100
|move|p2a: Moltres|Fiery Wrath|p1a: Clefable
|-resisted|p1a: Clefable
|-damage|p1a: Clefable|86/100
|
|-heal|p1a: Clefable|92/100|[from] item: Leftovers
|upkeep
|turn|7
|j| nkks's biggest fan
|
|t:|1634702235
|switch|p2a: Bisharp|Bisharp, M|100/100
|move|p1a: Clefable|Moonblast|p2a: Bisharp
|-damage|p2a: Bisharp|72/100
|
|-heal|p1a: Clefable|98/100|[from] item: Leftovers
|upkeep
|turn|8
|
|t:|1634702243
|switch|p2a: Latios|Latios, M|55/100
|switch|p1a: Quagsire|Quagsire, F|100/100
|
|upkeep
|turn|9
|l| GenuineKing
|
|t:|1634702262
|switch|p1a: Gastrodon|Gastrodon, M|100/100
|move|p2a: Latios|Future Sight|p1a: Gastrodon
|-start|p2a: Latios|move: Future Sight
|
|upkeep
|turn|10
|
|t:|1634702269
|switch|p2a: Buzzwole|Buzzwole|100/100
|move|p1a: Gastrodon|Scald|p2a: Buzzwole
|-damage|p2a: Buzzwole|60/100
|
|upkeep
|turn|11
|j| Teddy Montana
|c| Volc is for pssys|oh you run soul dew
|c| Volc is for pssys|crazy
|j| keep6ftplaya
|
|t:|1634702295
|move|p2a: Buzzwole|Close Combat|p1a: Gastrodon
|-damage|p1a: Gastrodon|0 fnt
|-unboost|p2a: Buzzwole|def|1
|-unboost|p2a: Buzzwole|spd|1
|faint|p1a: Gastrodon
|-ability|p2a: Buzzwole|Beast Boost|boost
|-boost|p2a: Buzzwole|atk|1
|
|-hint|Future Sight did not hit because the target is fainted.
|upkeep
|c|☆ez2beatu|oh wow
|c|☆ez2beatu|lol
|c|☆ez2beatu|hm
|c| Volc is for pssys|in pokemon
|c| Volc is for pssys|bug squashes you
|
|t:|1634702327
|switch|p1a: Toxapex|Toxapex, F|70/100
|turn|12
|
|t:|1634702350
|switch|p2a: Moltres|Moltres-Galar|100/100
|move|p1a: Toxapex|Knock Off|p2a: Moltres
|-resisted|p2a: Moltres
|-damage|p2a: Moltres|92/100
|-enditem|p2a: Moltres|Heavy-Duty Boots|[from] move: Knock Off|[of] p1a: Toxapex
|
|upkeep
|turn|13
|
|t:|1634702361
|move|p2a: Moltres|Hurricane|p1a: Toxapex
|-damage|p1a: Toxapex|29/100
|-start|p1a: Toxapex|confusion
|-activate|p1a: Toxapex|confusion
|move|p1a: Toxapex|Toxic Spikes|p2a: Moltres
|-sidestart|p2: early_human|move: Toxic Spikes
|
|upkeep
|turn|14
|
|t:|1634702374
|switch|p2a: Bisharp|Bisharp, M|72/100
|switch|p1a: Clefable|Clefable, M|98/100
|
|-heal|p1a: Clefable|100/100|[from] item: Leftovers
|upkeep
|turn|15
|
|t:|1634702381
|switch|p1a: Quagsire|Quagsire, F|100/100
|move|p2a: Bisharp|Knock Off|p1a: Quagsire
|-damage|p1a: Quagsire|67/100
|-enditem|p1a: Quagsire|Leftovers|[from] move: Knock Off|[of] p2a: Bisharp
|
|upkeep
|turn|16
|
|t:|1634702389
|switch|p2a: Latios|Latios, M|55/100
|move|p1a: Quagsire|Recover|p1a: Quagsire
|-heal|p1a: Quagsire|100/100
|
|upkeep
|turn|17
|
|t:|1634702412
|switch|p1a: Mew|Mew|97/100
|move|p2a: Latios|Future Sight|p1a: Mew
|-start|p2a: Latios|move: Future Sight
|
|-heal|p1a: Mew|100/100|[from] item: Leftovers
|upkeep
|turn|18
|
|t:|1634702422
|switch|p2a: Moltres|Moltres-Galar|92/100
|move|p1a: Mew|Cosmic Power|p1a: Mew
|-boost|p1a: Mew|def|1
|-boost|p1a: Mew|spd|1
|
|upkeep
|turn|19
|
|t:|1634702426
|move|p2a: Moltres|Agility|p2a: Moltres
|-boost|p2a: Moltres|spe|2
|move|p1a: Mew|Cosmic Power|p1a: Mew
|-boost|p1a: Mew|def|1
|-boost|p1a: Mew|spd|1
|
|-end|p1a: Mew|move: Future Sight
|-resisted|p1a: Mew
|-damage|p1a: Mew|91/100
|-heal|p1a: Mew|97/100|[from] item: Leftovers
|upkeep
|turn|20
|
|t:|1634702430
|switch|p1a: Clefable|Clefable, M|100/100
|move|p2a: Moltres|Nasty Plot|p2a: Moltres
|-boost|p2a: Moltres|spa|2
|
|upkeep
|turn|21
|
|t:|1634702434
|switch|p2a: Bisharp|Bisharp, M|72/100
|move|p1a: Clefable|Moonblast|p2a: Bisharp
|-crit|p2a: Bisharp
|-damage|p2a: Bisharp|28/100
|
|upkeep
|turn|22
|
|t:|1634702449
|switch|p1a: Quagsire|Quagsire, F|100/100
|move|p2a: Bisharp|Iron Head|p1a: Quagsire
|-resisted|p1a: Quagsire
|-damage|p1a: Quagsire|84/100
|
|upkeep
|turn|23
|
|t:|1634702465
|switch|p2a: Moltres|Moltres-Galar|92/100
|move|p1a: Quagsire|Toxic|p2a: Moltres
|-status|p2a: Moltres|tox
|
|-damage|p2a: Moltres|86/100 tox|[from] psn
|upkeep
|turn|24
|l| Noob 0_o
|
|t:|1634702475
|switch|p1a: Clefable|Clefable, M|100/100
|move|p2a: Moltres|Hurricane|p1a: Clefable
|-damage|p1a: Clefable|69/100
|
|-heal|p1a: Clefable|75/100|[from] item: Leftovers
|-damage|p2a: Moltres|74/100 tox|[from] psn
|upkeep
|turn|25
|j| TheGrink
|
|t:|1634702486
|switch|p2a: Landorus|Landorus-Therian, M|100/100
|-ability|p2a: Landorus|Intimidate|boost
|-unboost|p1a: Clefable|atk|1
|move|p1a: Clefable|Moonblast|p2a: Landorus
|-damage|p2a: Landorus|64/100
|-unboost|p2a: Landorus|spa|1
|
|-heal|p1a: Clefable|81/100|[from] item: Leftovers
|upkeep
|turn|26
|
|t:|1634702492
|switch|p1a: Skarmory|Skarmory, M|100/100
|move|p2a: Landorus|Stealth Rock|p1a: Skarmory
|-sidestart|p1: ez2beatu|move: Stealth Rock
|
|upkeep
|turn|27
|
|t:|1634702497
|switch|p2a: Aegislash|Aegislash, M|100/100
|move|p1a: Skarmory|Stealth Rock|p2a: Aegislash
|-sidestart|p2: early_human|move: Stealth Rock
|
|upkeep
|turn|28
|c|☆ez2beatu|hm
|
|t:|1634702537
|switch|p1a: Toxapex|Toxapex, F|62/100
|-damage|p1a: Toxapex|50/100|[from] Stealth Rock
|-formechange|p2a: Aegislash|Aegislash-Blade||[from] ability: Stance Change
|move|p2a: Aegislash|Shadow Ball|p1a: Toxapex
|-damage|p1a: Toxapex|12/100
|
|upkeep
|turn|29
|c| Volc is for pssys|time to test the guatamala theory lol
|c|☆ez2beatu|well my gastro is done so this may be too hard
|c|☆ez2beatu|lol
|
|t:|1634702563
|move|p2a: Aegislash|Shadow Ball|p1a: Toxapex
|-damage|p1a: Toxapex|0 fnt
|faint|p1a: Toxapex
|
|upkeep
|
|t:|1634702568
|switch|p1a: Quagsire|Quagsire, F|84/100
|-damage|p1a: Quagsire|78/100|[from] Stealth Rock
|turn|30
|j| Clueless Oofles
|
|t:|1634702585
|switch|p2a: Moltres|Moltres-Galar|74/100 tox
|-damage|p2a: Moltres|49/100 tox|[from] Stealth Rock
|move|p1a: Quagsire|Earthquake|p2a: Moltres
|-immune|p2a: Moltres
|
|-damage|p2a: Moltres|43/100 tox|[from] psn
|upkeep
|turn|31
|
|t:|1634702595
|switch|p1a: Clefable|Clefable, M|81/100
|-damage|p1a: Clefable|69/100|[from] Stealth Rock
|move|p2a: Moltres|Hurricane|p1a: Clefable
|-damage|p1a: Clefable|33/100
|
|-heal|p1a: Clefable|40/100|[from] item: Leftovers
|-damage|p2a: Moltres|31/100 tox|[from] psn
|upkeep
|turn|32
|c| ready for the lose|shadow balls are too hard when u dont have blissey
|c|☆ez2beatu|blissey doesnt even really work cause most of the time they run cc
|
|t:|1634702619
|switch|p2a: Bisharp|Bisharp, M|28/100
|-damage|p2a: Bisharp|21/100|[from] Stealth Rock
|move|p1a: Clefable|Soft-Boiled|p1a: Clefable
|-heal|p1a: Clefable|90/100
|
|-heal|p1a: Clefable|96/100|[from] item: Leftovers
|upkeep
|turn|33
|c| Volc is for pssys|yeah true
|
|t:|1634702631
|switch|p1a: Skarmory|Skarmory, M|100/100
|-damage|p1a: Skarmory|88/100|[from] Stealth Rock
|move|p2a: Bisharp|Iron Head|p1a: Skarmory
|-resisted|p1a: Skarmory
|-damage|p1a: Skarmory|76/100
|
|-heal|p1a: Skarmory|82/100|[from] item: Leftovers
|upkeep
|turn|34
|
|t:|1634702640
|switch|p2a: Aegislash|Aegislash, M|100/100
|-damage|p2a: Aegislash|94/100|[from] Stealth Rock
|switch|p1a: Quagsire|Quagsire, F|78/100
|-damage|p1a: Quagsire|72/100|[from] Stealth Rock
|
|upkeep
|turn|35
|c| ready for the lose|yeah, u would need to predict
|
|t:|1634702660
|switch|p2a: Latios|Latios, M|55/100
|-damage|p2a: Latios|42/100|[from] Stealth Rock
|move|p1a: Quagsire|Recover|p1a: Quagsire
|-heal|p1a: Quagsire|100/100
|
|upkeep
|turn|36
|c|☆ez2beatu|hm
|c| Volc is for pssys|no hazard control kinda sucks
|j| thats my mojo
|c| Volc is for pssys|might still just be able to stall
|j| GalaxyGamer2
|
|t:|1634702706
|switch|p1a: Mew|Mew|97/100
|-damage|p1a: Mew|85/100|[from] Stealth Rock
|move|p2a: Latios|Psychic|p1a: Mew
|-resisted|p1a: Mew
|-damage|p1a: Mew|69/100
|-unboost|p1a: Mew|spd|1
|
|-heal|p1a: Mew|75/100|[from] item: Leftovers
|upkeep
|turn|37
|
|t:|1634702716
|switch|p2a: Aegislash|Aegislash, M|94/100
|-damage|p2a: Aegislash|88/100|[from] Stealth Rock
|move|p1a: Mew|Roost|p1a: Mew
|-heal|p1a: Mew|100/100
|-singleturn|p1a: Mew|move: Roost
|
|upkeep
|turn|38
|
|t:|1634702735
|switch|p1a: Clefable|Clefable, M|96/100
|-damage|p1a: Clefable|83/100|[from] Stealth Rock
|-formechange|p2a: Aegislash|Aegislash-Blade||[from] ability: Stance Change
|move|p2a: Aegislash|Shadow Ball|p1a: Clefable
|-damage|p1a: Clefable|52/100
|
|-heal|p1a: Clefable|58/100|[from] item: Leftovers
|upkeep
|turn|39
|
|t:|1634702741
|move|p1a: Clefable|Soft-Boiled|p1a: Clefable
|-heal|p1a: Clefable|100/100
|move|p2a: Aegislash|Shadow Ball|p1a: Clefable
|-damage|p1a: Clefable|71/100
|-unboost|p1a: Clefable|spd|1
|
|-heal|p1a: Clefable|77/100|[from] item: Leftovers
|upkeep
|turn|40
|
|t:|1634702751
|move|p1a: Clefable|Calm Mind|p1a: Clefable
|-boost|p1a: Clefable|spa|1
|-boost|p1a: Clefable|spd|1
|move|p2a: Aegislash|Shadow Ball|p1a: Clefable
|-damage|p1a: Clefable|43/100
|
|-heal|p1a: Clefable|49/100|[from] item: Leftovers
|upkeep
|turn|41
|
|t:|1634702760
|switch|p2a: Bisharp|Bisharp, M|21/100
|-damage|p2a: Bisharp|15/100|[from] Stealth Rock
|move|p1a: Clefable|Soft-Boiled|p1a: Clefable
|-heal|p1a: Clefable|99/100
|
|-heal|p1a: Clefable|100/100|[from] item: Leftovers
|upkeep
|turn|42
|
|t:|1634702774
|switch|p2a: Aegislash|Aegislash, M|88/100
|-damage|p2a: Aegislash|82/100|[from] Stealth Rock
|switch|p1a: Quagsire|Quagsire, F|100/100
|-damage|p1a: Quagsire|94/100|[from] Stealth Rock
|
|upkeep
|turn|43
|
|t:|1634702789
|switch|p2a: Moltres|Moltres-Galar|31/100 tox
|-damage|p2a: Moltres|6/100 tox|[from] Stealth Rock
|move|p1a: Quagsire|Earthquake|p2a: Moltres
|-immune|p2a: Moltres
|
|-damage|p2a: Moltres|0 fnt|[from] psn
|faint|p2a: Moltres
|upkeep
|
|t:|1634702794
|switch|p2a: Latios|Latios, M|42/100
|-damage|p2a: Latios|30/100|[from] Stealth Rock
|turn|44
|
|t:|1634702800
|switch|p1a: Mew|Mew|100/100
|-damage|p1a: Mew|88/100|[from] Stealth Rock
|move|p2a: Latios|Future Sight|p1a: Mew
|-start|p2a: Latios|move: Future Sight
|
|-heal|p1a: Mew|94/100|[from] item: Leftovers
|upkeep
|turn|45
|
|t:|1634702809
|switch|p2a: Buzzwole|Buzzwole|60/100
|-damage|p2a: Buzzwole|47/100|[from] Stealth Rock
|-status|p2a: Buzzwole|psn
|move|p1a: Mew|Cosmic Power|p1a: Mew
|-boost|p1a: Mew|def|1
|-boost|p1a: Mew|spd|1
|
|-heal|p1a: Mew|100/100|[from] item: Leftovers
|-damage|p2a: Buzzwole|35/100 psn|[from] psn
|upkeep
|turn|46
|c|☆ez2beatu|hm
|
|t:|1634702872
|switch|p1a: Skarmory|Skarmory, M|82/100
|-damage|p1a: Skarmory|70/100|[from] Stealth Rock
|move|p2a: Buzzwole|Leech Life|p1a: Skarmory
|-resisted|p1a: Skarmory
|-damage|p1a: Skarmory|61/100
|-heal|p2a: Buzzwole|39/100 psn|[from] drain|[of] p1a: Skarmory
|
|-end|p1a: Skarmory|move: Future Sight
|-resisted|p1a: Skarmory
|-damage|p1a: Skarmory|21/100
|-heal|p1a: Skarmory|27/100|[from] item: Leftovers
|-damage|p2a: Buzzwole|27/100 psn|[from] psn
|upkeep
|turn|47
|
|t:|1634702900
|switch|p2a: Aegislash|Aegislash, M|82/100
|-damage|p2a: Aegislash|76/100|[from] Stealth Rock
|switch|p1a: Clefable|Clefable, M|100/100
|-damage|p1a: Clefable|88/100|[from] Stealth Rock
|
|-heal|p1a: Clefable|94/100|[from] item: Leftovers
|upkeep
|turn|48
|
|t:|1634702931
|switch|p2a: Landorus|Landorus-Therian, M|64/100
|-damage|p2a: Landorus|51/100|[from] Stealth Rock
|-ability|p2a: Landorus|Intimidate|boost
|-unboost|p1a: Clefable|atk|1
|move|p1a: Clefable|Calm Mind|p1a: Clefable
|-boost|p1a: Clefable|spa|1
|-boost|p1a: Clefable|spd|1
|
|-heal|p1a: Clefable|99/100|[from] item: Leftovers
|upkeep
|turn|49
|j| GenuineKing
|
|t:|1634702971
|switch|p1a: Skarmory|Skarmory, M|27/100
|-damage|p1a: Skarmory|14/100|[from] Stealth Rock
|move|p2a: Landorus|Earthquake|p1a: Skarmory
|-immune|p1a: Skarmory
|
|-heal|p1a: Skarmory|20/100|[from] item: Leftovers
|upkeep
|turn|50
|l| GenuineKing
|
|t:|1634702990
|switch|p2a: Latios|Latios, M|30/100
|-damage|p2a: Latios|18/100|[from] Stealth Rock
|move|p1a: Skarmory|Roost|p1a: Skarmory
|-heal|p1a: Skarmory|70/100
|-singleturn|p1a: Skarmory|move: Roost
|
|-heal|p1a: Skarmory|76/100|[from] item: Leftovers
|upkeep
|turn|51
|
|t:|1634702998
|switch|p1a: Mew|Mew|100/100
|-damage|p1a: Mew|88/100|[from] Stealth Rock
|move|p2a: Latios|Mystical Fire|p1a: Mew
|-damage|p1a: Mew|70/100
|-unboost|p1a: Mew|spa|1
|
|-heal|p1a: Mew|76/100|[from] item: Leftovers
|upkeep
|turn|52
|
|t:|1634703018
|move|p2a: Latios|Draco Meteor|p1a: Mew
|-damage|p1a: Mew|36/100
|-unboost|p2a: Latios|spa|2
|move|p1a: Mew|Cosmic Power|p1a: Mew
|-boost|p1a: Mew|def|1
|-boost|p1a: Mew|spd|1
|
|-heal|p1a: Mew|42/100|[from] item: Leftovers
|upkeep
|turn|53
|
|t:|1634703037
|switch|p2a: Buzzwole|Buzzwole|27/100 psn
|-damage|p2a: Buzzwole|14/100 psn|[from] Stealth Rock
|move|p1a: Mew|Roost|p1a: Mew
|-heal|p1a: Mew|92/100
|-singleturn|p1a: Mew|move: Roost
|
|-heal|p1a: Mew|99/100|[from] item: Leftovers
|-damage|p2a: Buzzwole|2/100 psn|[from] psn
|upkeep
|turn|54
|
|t:|1634703050
|switch|p1a: Skarmory|Skarmory, M|76/100
|-damage|p1a: Skarmory|64/100|[from] Stealth Rock
|move|p2a: Buzzwole|Close Combat|p1a: Skarmory
|-damage|p1a: Skarmory|5/100
|-unboost|p2a: Buzzwole|def|1
|-unboost|p2a: Buzzwole|spd|1
|
|-heal|p1a: Skarmory|11/100|[from] item: Leftovers
|-damage|p2a: Buzzwole|0 fnt|[from] psn
|faint|p2a: Buzzwole
|upkeep
|j| Ikukik
|
|t:|1634703076
|switch|p2a: Bisharp|Bisharp, M|15/100
|-damage|p2a: Bisharp|9/100|[from] Stealth Rock
|turn|55
|
|t:|1634703112
|switch|p1a: Quagsire|Quagsire, F|94/100
|-damage|p1a: Quagsire|88/100|[from] Stealth Rock
|move|p2a: Bisharp|Knock Off|p1a: Quagsire
|-damage|p1a: Quagsire|65/100
|
|upkeep
|turn|56
|
|t:|1634703131
|switch|p2a: Latios|Latios, M|18/100
|-damage|p2a: Latios|5/100|[from] Stealth Rock
|move|p1a: Quagsire|Recover|p1a: Quagsire
|-heal|p1a: Quagsire|100/100
|
|upkeep
|turn|57
|
|t:|1634703151
|switch|p1a: Mew|Mew|99/100
|-damage|p1a: Mew|86/100|[from] Stealth Rock
|move|p2a: Latios|Draco Meteor|p1a: Mew
|-damage|p1a: Mew|42/100
|-unboost|p2a: Latios|spa|2
|
|-heal|p1a: Mew|49/100|[from] item: Leftovers
|upkeep
|turn|58
|
|t:|1634703155
|switch|p2a: Aegislash|Aegislash, M|76/100
|-damage|p2a: Aegislash|70/100|[from] Stealth Rock
|move|p1a: Mew|Roost|p1a: Mew
|-heal|p1a: Mew|99/100
|-singleturn|p1a: Mew|move: Roost
|
|-heal|p1a: Mew|100/100|[from] item: Leftovers
|upkeep
|turn|59
|
|t:|1634703169
|switch|p1a: Skarmory|Skarmory, M|11/100
|-damage|p1a: Skarmory|0 fnt|[from] Stealth Rock
|faint|p1a: Skarmory
|-formechange|p2a: Aegislash|Aegislash-Blade||[from] ability: Stance Change
|move|p2a: Aegislash|Shadow Ball|p1: Skarmory|[notarget]
|-fail|p2a: Aegislash
|
|upkeep
|
|t:|1634703186
|switch|p1a: Quagsire|Quagsire, F|100/100
|-damage|p1a: Quagsire|94/100|[from] Stealth Rock
|turn|60
|
|t:|1634703207
|-formechange|p2a: Aegislash|Aegislash||[from] ability: Stance Change
|move|p2a: Aegislash|King's Shield|p2a: Aegislash
|-singleturn|p2a: Aegislash|Protect
|move|p1a: Quagsire|Earthquake|p2a: Aegislash
|-activate|p2a: Aegislash|move: Protect
|
|upkeep
|turn|61
|
|t:|1634703238
|-formechange|p2a: Aegislash|Aegislash-Blade||[from] ability: Stance Change
|move|p2a: Aegislash|Shadow Ball|p1a: Quagsire
|-damage|p1a: Quagsire|35/100
|move|p1a: Quagsire|Earthquake|p2a: Aegislash
|-supereffective|p2a: Aegislash
|-damage|p2a: Aegislash|0 fnt
|faint|p2a: Aegislash
|
|upkeep
|
|t:|1634703240
|switch|p2a: Landorus|Landorus-Therian, M|51/100
|-damage|p2a: Landorus|39/100|[from] Stealth Rock
|-ability|p2a: Landorus|Intimidate|boost
|-unboost|p1a: Quagsire|atk|1
|turn|62
|c| Volc is for pssys|coming down to it
|
|t:|1634703269
|move|p2a: Landorus|Earthquake|p1a: Quagsire
|-damage|p1a: Quagsire|0 fnt
|faint|p1a: Quagsire
|
|upkeep
|c|☆early_human|fuck
|c|☆early_human|its over noo
|c|☆early_human|im finna die
|c| Volc is for pssys|rip
|c|☆ez2beatu|hm
|c| Volc is for pssys|every mon dies to clef now
|l| Ikukik
|c| nkks's biggest fan|just flinch clef
|c| Volc is for pssys|eq flinch clef lol
|j| Cup Licker
|c| ready for the lose|iron head
|c|☆ez2beatu|i think u have this tbh
|c| ready for the lose|with bisharp
|c|☆ez2beatu|think
|c| ready for the lose|i guess
|j| kprf
|c|☆early_human|bro wtf u talkin bout
|c|☆early_human|i win
|c|☆early_human|u win*
|c| Volc is for pssys|no one runs body press on mew anymore right
|inactive|Battle timer is ON: inactive players will automatically lose when time's up. (requested by early_human)
|c| Volc is for pssys|its all mono stored power
|c|☆early_human|i mean if he isnt body bress i can win then i guess
|c|☆early_human|but thats some retareded shit nobody would run that
|inactive|ez2beatu has 120 seconds left.
|c| Volc is for pssys|most people do lol
|
|t:|1634703418
|switch|p1a: Mew|Mew|100/100
|-damage|p1a: Mew|88/100|[from] Stealth Rock
|turn|63
|c|☆early_human|i think i just try to flinch clefable
|
|t:|1634703433
|move|p2a: Landorus|Earthquake|p1a: Mew
|-crit|p1a: Mew
|-damage|p1a: Mew|10/100
|move|p1a: Mew|Roost|p1a: Mew
|-heal|p1a: Mew|60/100
|-singleturn|p1a: Mew|move: Roost
|
|-heal|p1a: Mew|66/100|[from] item: Leftovers
|upkeep
|turn|64
|c|☆ez2beatu|ugh
|c|☆early_human|or not
|c| Volc is for pssys|lol
|
|t:|1634703442
|move|p2a: Landorus|Earthquake|p1a: Mew
|-damage|p1a: Mew|18/100
|move|p1a: Mew|Roost|p1a: Mew
|-heal|p1a: Mew|68/100
|-singleturn|p1a: Mew|move: Roost
|
|-heal|p1a: Mew|74/100|[from] item: Leftovers
|upkeep
|turn|65
|
|t:|1634703446
|move|p2a: Landorus|Earthquake|p1a: Mew
|-damage|p1a: Mew|29/100
|move|p1a: Mew|Roost|p1a: Mew
|-heal|p1a: Mew|79/100
|-singleturn|p1a: Mew|move: Roost
|
|-heal|p1a: Mew|85/100|[from] item: Leftovers
|upkeep
|turn|66
|j| Nidokyurem2
|
|t:|1634703456
|move|p2a: Landorus|Earthquake|p1a: Mew
|-damage|p1a: Mew|37/100
|move|p1a: Mew|Roost|p1a: Mew
|-heal|p1a: Mew|87/100
|-singleturn|p1a: Mew|move: Roost
|
|-heal|p1a: Mew|93/100|[from] item: Leftovers
|upkeep
|turn|67
|
|t:|1634703467
|move|p2a: Landorus|Earthquake|p1a: Mew
|-damage|p1a: Mew|46/100
|move|p1a: Mew|Roost|p1a: Mew
|-heal|p1a: Mew|96/100
|-singleturn|p1a: Mew|move: Roost
|
|-heal|p1a: Mew|100/100|[from] item: Leftovers
|upkeep
|turn|68
|
|t:|1634703474
|move|p2a: Landorus|Earthquake|p1a: Mew
|-damage|p1a: Mew|54/100
|move|p1a: Mew|Cosmic Power|p1a: Mew
|-boost|p1a: Mew|def|1
|-boost|p1a: Mew|spd|1
|
|-heal|p1a: Mew|61/100|[from] item: Leftovers
|upkeep
|turn|69
|
|t:|1634703490
|move|p2a: Landorus|Earthquake|p1a: Mew
|-damage|p1a: Mew|30/100
|move|p1a: Mew|Roost|p1a: Mew
|-heal|p1a: Mew|80/100
|-singleturn|p1a: Mew|move: Roost
|
|-heal|p1a: Mew|86/100|[from] item: Leftovers
|upkeep
|turn|70
|
|t:|1634703495
|move|p2a: Landorus|Earthquake|p1a: Mew
|-damage|p1a: Mew|56/100
|move|p1a: Mew|Cosmic Power|p1a: Mew
|-boost|p1a: Mew|def|1
|-boost|p1a: Mew|spd|1
|
|-heal|p1a: Mew|63/100|[from] item: Leftovers
|upkeep
|turn|71
|
|t:|1634703499
|move|p2a: Landorus|Earthquake|p1a: Mew
|-damage|p1a: Mew|39/100
|move|p1a: Mew|Roost|p1a: Mew
|-heal|p1a: Mew|89/100
|-singleturn|p1a: Mew|move: Roost
|
|-heal|p1a: Mew|96/100|[from] item: Leftovers
|upkeep
|turn|72
|
|t:|1634703501
|move|p2a: Landorus|Earthquake|p1a: Mew
|-damage|p1a: Mew|71/100
|move|p1a: Mew|Stored Power|p2a: Landorus
|-damage|p2a: Landorus|0 fnt
|faint|p2a: Landorus
|
|-heal|p1a: Mew|77/100|[from] item: Leftovers
|upkeep
|
|t:|1634703504
|switch|p2a: Bisharp|Bisharp, M|9/100
|-damage|p2a: Bisharp|3/100|[from] Stealth Rock
|turn|73
|c| Nidokyurem2|should've ran max attack soft sand lando smh
|c|☆early_human|gg
|c| Cup Licker|gg
|inactive|ez2beatu has 120 seconds left.
|
|t:|1634703547
|move|p1a: Mew|Roost|p1a: Mew
|-heal|p1a: Mew|100/100
|-singleturn|p1a: Mew|move: Roost
|move|p2a: Bisharp|Knock Off|p1a: Mew
|-supereffective|p1a: Mew
|-damage|p1a: Mew|56/100
|-enditem|p1a: Mew|Leftovers|[from] move: Knock Off|[of] p2a: Bisharp
|
|upkeep
|turn|74
|
|t:|1634703555
|move|p1a: Mew|Roost|p1a: Mew
|-heal|p1a: Mew|100/100
|-singleturn|p1a: Mew|move: Roost
|move|p2a: Bisharp|Knock Off|p1a: Mew
|-supereffective|p1a: Mew
|-damage|p1a: Mew|70/100
|
|upkeep
|turn|75
|inactive|ez2beatu has 120 seconds left.
|c|☆early_human|bro no way
|c| Volc is for pssys|yeah his last move is taunt
|
|t:|1634703570
|move|p1a: Mew|Cosmic Power|p1a: Mew
|-boost|p1a: Mew|def|1
|-boost|p1a: Mew|spd|1
|move|p2a: Bisharp|Knock Off|p1a: Mew
|-supereffective|p1a: Mew
|-damage|p1a: Mew|46/100
|
|upkeep
|turn|76
|c| ready for the lose|if u flinch clefable...
|c| thats my mojo|crit hit
|
|t:|1634703581
|move|p1a: Mew|Taunt|p2a: Bisharp
|-start|p2a: Bisharp|move: Taunt
|move|p2a: Bisharp|Knock Off|p1a: Mew
|-supereffective|p1a: Mew
|-damage|p1a: Mew|23/100
|
|upkeep
|turn|77
|c|☆early_human|ye if i flinch clef i win
|
|t:|1634703586
|move|p1a: Mew|Roost|p1a: Mew
|-heal|p1a: Mew|73/100
|-singleturn|p1a: Mew|move: Roost
|move|p2a: Bisharp|Knock Off|p1a: Mew
|-supereffective|p1a: Mew
|-damage|p1a: Mew|50/100
|
|upkeep
|turn|78
|c| GalaxyGamer2|crit
|
|t:|1634703592
|move|p1a: Mew|Cosmic Power|p1a: Mew
|-boost|p1a: Mew|def|1
|-boost|p1a: Mew|spd|1
|move|p2a: Bisharp|Knock Off|p1a: Mew
|-supereffective|p1a: Mew
|-damage|p1a: Mew|31/100
|
|-end|p2a: Bisharp|move: Taunt
|upkeep
|turn|79
|
|t:|1634703597
|move|p1a: Mew|Taunt|p2a: Bisharp
|-start|p2a: Bisharp|move: Taunt
|move|p2a: Bisharp|Knock Off|p1a: Mew
|-supereffective|p1a: Mew
|-damage|p1a: Mew|10/100
|
|upkeep
|turn|80
|
|t:|1634703599
|move|p1a: Mew|Roost|p1a: Mew
|-heal|p1a: Mew|60/100
|-singleturn|p1a: Mew|move: Roost
|move|p2a: Bisharp|Knock Off|p1a: Mew
|-supereffective|p1a: Mew
|-damage|p1a: Mew|40/100
|
|upkeep
|turn|81
|
|t:|1634703609
|move|p1a: Mew|Cosmic Power|p1a: Mew
|-boost|p1a: Mew|def|1
|-boost|p1a: Mew|spd|1
|move|p2a: Bisharp|Knock Off|p1a: Mew
|-supereffective|p1a: Mew
|-damage|p1a: Mew|22/100
|
|-end|p2a: Bisharp|move: Taunt
|upkeep
|turn|82
|
|t:|1634703624
|move|p1a: Mew|Taunt|p2a: Bisharp
|-start|p2a: Bisharp|move: Taunt
|move|p2a: Bisharp|Knock Off|p1a: Mew
|-supereffective|p1a: Mew
|-damage|p1a: Mew|6/100
|
|upkeep
|turn|83
|
|t:|1634703628
|move|p1a: Mew|Roost|p1a: Mew
|-heal|p1a: Mew|56/100
|-singleturn|p1a: Mew|move: Roost
|move|p2a: Bisharp|Knock Off|p1a: Mew
|-supereffective|p1a: Mew
|-crit|p1a: Mew
|-damage|p1a: Mew|0 fnt
|faint|p1a: Mew
|
|upkeep
|c| Cup Licker|OMG
|c| Cup Licker|LOL
|c| Volc is for pssys|alright
|c| Volc is for pssys|here it goes
|c| Volc is for pssys|this game was intense lmao
|c|☆ez2beatu|damn
|inactive|ez2beatu has 120 seconds left.
|c|☆early_human|dude if went bisharp vs mew i won
|c|☆early_human|o well
|c| Nidokyurem2|just flinch this
|c| GalaxyGamer2|hmm
|c| Volc is for pssys|just flinch it bitch
|n|!early_human|earlyhuman
|c|☆ez2beatu|LOL
|c| Nidokyurem2|30% of the time
|c| Volc is for pssys|lmao
|c| Nidokyurem2|you win 100% of the time
|c| Volc is for pssys|^
|c| thats my mojo|flinch, flinch, flinch, lol
|inactive|ez2beatu has 90 seconds left.
|c|☆ez2beatu|always flinches if it is game winning
|
|t:|1634703697
|switch|p1a: Clefable|Clefable, M|99/100
|-damage|p1a: Clefable|88/100|[from] Stealth Rock
|turn|84
|inactive|ez2beatu has 90 seconds left.
|c| Volc is for pssys|wait
|c| Volc is for pssys|do like a countdown
|c| Volc is for pssys|10
|c| Volc is for pssys|9
|c| Volc is for pssys|8
|c| Volc is for pssys|7
|c| Volc is for pssys|6
|c| Volc is for pssys|5
|c| Volc is for pssys|4
|c| Volc is for pssys|3
|c| Volc is for pssys|2
|c| Volc is for pssys|1
|
|t:|1634703722
|move|p2a: Bisharp|Iron Head|p1a: Clefable
|-supereffective|p1a: Clefable
|-damage|p1a: Clefable|0 fnt
|faint|p1a: Clefable
|
|win|early_human
|raw|ez2beatu's rating: 1939 &rarr; <strong>1915</strong><br />(-24 for losing)
|raw|early_human's rating: 1862 &rarr; <strong>1886</strong><br />(+24 for winning)
|c| ready for the lose|LOL
|c| Volc is for pssys|DAMN
|c|☆ez2beatu|not max def
|c| Ava<3|wow
|c|☆ez2beatu|lol
|c| Volc is for pssys|lol
|l| nkks's biggest fan
|c| GalaxyGamer2|lol
|c| Volc is for pssys|gg wp
|c|☆ez2beatu|gg
|c| Volc is for pssys|crazy game
|l|☆ez2beatu
|l|!early_human
|c| Nidokyurem2|wow that ohko'ed
|c| thats my mojo|wow
|l| ready for the lose
|c| thats my mojo|thats a ton of damage
|l| Nidokyurem2
|c| Volc is for pssys|bisharp does not joke
|l| Cup Licker
|l| thats my mojo
