|j|☆FIRE LORD AESON!
|j|☆64j3t3hrt3h
|t:|1662511076
|gametype|singles
|player|p1|FIRE LORD AESON!|red-gen1|1607
|player|p2|64j3t3hrt3h|266|1678
|teamsize|p1|6
|teamsize|p2|6
|gen|8
|tier|[Gen 8] OU
|rated|
|rule|Sleep Clause Mod: Limit one foe put to sleep
|rule|Species Clause: Limit one of each Pokémon
|rule|OHKO Clause: OHKO moves are banned
|rule|Evasion Items Clause: Evasion items are banned
|rule|Evasion Moves Clause: Evasion moves are banned
|rule|Endless Battle Clause: Forcing endless battles is banned
|rule|HP Percentage Mod: HP is shown in percentages
|rule|Dynamax Clause: You cannot dynamax
|clearpoke
|poke|p1|Torkoal, M|
|poke|p1|Venusaur, M|
|poke|p1|Blacephalon|
|poke|p1|Victini|
|poke|p1|Garchomp, F|
|poke|p1|Corviknight, M|
|poke|p2|Buzzwole|
|poke|p2|Landorus-Therian, M|
|poke|p2|Magnezone|
|poke|p2|Tyranitar, F|
|poke|p2|Tapu Lele|
|poke|p2|Toxapex, M|
|teampreview
|
|t:|1662511094
|start
|switch|p1a: Torkoal|Torkoal, M|100/100
|switch|p2a: Tapu Lele|Tapu Lele, shiny|100/100
|-fieldstart|move: Psychic Terrain|[from] ability: Psychic Surge|[of] p2a: Tapu Lele
|-weather|SunnyDay|[from] ability: Drought|[of] p1a: Torkoal
|turn|1
|
|t:|1662511106
|switch|p1a: Victini|Victini|100/100
|move|p2a: Tapu Lele|Psychic|p1a: Victini
|-resisted|p1a: Victini
|-damage|p1a: Victini|49/100
|
|-weather|SunnyDay|[upkeep]
|upkeep
|turn|2
|
|t:|1662511115
|switch|p2a: Toxapex|Toxapex, M|100/100
|move|p1a: Victini|V-create|p2a: Toxapex
|-resisted|p2a: Toxapex
|-damage|p2a: Toxapex|65/100
|-unboost|p1a: Victini|spe|1
|-unboost|p1a: Victini|def|1
|-unboost|p1a: Victini|spd|1
|-damage|p1a: Victini|32/100|[from] item: Rocky Helmet|[of] p2a: Toxapex
|
|-weather|SunnyDay|[upkeep]
|upkeep
|turn|3
|j| KiLlUsIoNiSt
|
|t:|1662511125
|switch|p1a: Venusaur|Venusaur, M|100/100
|move|p2a: Toxapex|Recover|p2a: Toxapex
|-heal|p2a: Toxapex|100/100
|
|-weather|SunnyDay|[upkeep]
|upkeep
|turn|4
|
|t:|1662511130
|move|p1a: Venusaur|Growth|p1a: Venusaur
|-boost|p1a: Venusaur|atk|2
|-boost|p1a: Venusaur|spa|2
|move|p2a: Toxapex|Knock Off|p1a: Venusaur
|-damage|p1a: Venusaur|80/100
|-enditem|p1a: Venusaur|Life Orb|[from] move: Knock Off|[of] p2a: Toxapex
|
|-weather|SunnyDay|[upkeep]
|upkeep
|turn|5
|
|t:|1662511141
|move|p1a: Venusaur|Earth Power|p2a: Toxapex
|-supereffective|p2a: Toxapex
|-damage|p2a: Toxapex|16/100
|move|p2a: Toxapex|Haze|p2a: Toxapex
|-clearallboost
|
|-weather|SunnyDay|[upkeep]
|-fieldend|move: Psychic Terrain
|upkeep
|turn|6
|
|t:|1662511149
|switch|p2a: Landorus|Landorus-Therian, M|100/100
|-ability|p2a: Landorus|Intimidate|boost
|-unboost|p1a: Venusaur|atk|1
|move|p1a: Venusaur|Growth|p1a: Venusaur
|-boost|p1a: Venusaur|atk|2
|-boost|p1a: Venusaur|spa|2
|
|-weather|SunnyDay|[upkeep]
|upkeep
|turn|7
|
|t:|1662511156
|move|p1a: Venusaur|Weather Ball|p2a: Landorus
|-damage|p2a: Landorus|32/100
|move|p2a: Landorus|Earthquake|p1a: Venusaur
|-damage|p1a: Venusaur|19/100
|
|-weather|SunnyDay|[upkeep]
|-heal|p2a: Landorus|38/100|[from] item: Leftovers
|upkeep
|turn|8
|
|t:|1662511165
|switch|p2a: Tyranitar|Tyranitar, F|100/100
|-weather|Sandstorm|[from] ability: Sand Stream|[of] p2a: Tyranitar
|move|p1a: Venusaur|Giga Drain|p2a: Tyranitar
|-supereffective|p2a: Tyranitar
|-damage|p2a: Tyranitar|51/100
|-heal|p1a: Venusaur|52/100|[from] drain|[of] p2a: Tyranitar
|
|-weather|Sandstorm|[upkeep]
|-damage|p1a: Venusaur|46/100|[from] Sandstorm
|-heal|p2a: Tyranitar|58/100|[from] item: Leftovers
|upkeep
|turn|9
|
|t:|1662511179
|move|p1a: Venusaur|Giga Drain|p2a: Tyranitar
|-supereffective|p2a: Tyranitar
|-damage|p2a: Tyranitar|3/100
|-heal|p1a: Venusaur|83/100|[from] drain|[of] p2a: Tyranitar
|move|p2a: Tyranitar|Thunder Wave|p1a: Venusaur
|-status|p1a: Venusaur|par
|
|-weather|Sandstorm|[upkeep]
|-damage|p1a: Venusaur|77/100 par|[from] Sandstorm
|-heal|p2a: Tyranitar|9/100|[from] item: Leftovers
|upkeep
|turn|10
|
|t:|1662511187
|move|p2a: Tyranitar|Rock Blast|p1a: Venusaur
|-damage|p1a: Venusaur|62/100 par
|-damage|p1a: Venusaur|47/100 par
|-damage|p1a: Venusaur|31/100 par
|-damage|p1a: Venusaur|16/100 par
|-hitcount|p1a: Venusaur|4
|cant|p1a: Venusaur|par
|
|-weather|Sandstorm|[upkeep]
|-damage|p1a: Venusaur|10/100 par|[from] Sandstorm
|-heal|p2a: Tyranitar|15/100|[from] item: Leftovers
|upkeep
|turn|11
|l|☆FIRE LORD AESON!
|player|p1|
|
|t:|1662511196
|move|p2a: Tyranitar|Rock Blast|p1a: Venusaur|[miss]
|-miss|p2a: Tyranitar|p1a: Venusaur
|cant|p1a: Venusaur|par
|
|-weather|Sandstorm|[upkeep]
|-damage|p1a: Venusaur|4/100 par|[from] Sandstorm
|-heal|p2a: Tyranitar|21/100|[from] item: Leftovers
|upkeep
|turn|12
|j|☆FIRE LORD AESON!
|player|p1|FIRE LORD AESON!|red-gen1
|
|t:|1662511203
|move|p2a: Tyranitar|Rock Blast|p1a: Venusaur
|-damage|p1a: Venusaur|0 fnt
|faint|p1a: Venusaur
|-hitcount|p1: Venusaur|1
|
|-weather|none
|-heal|p2a: Tyranitar|27/100|[from] item: Leftovers
|upkeep
|
|t:|1662511209
|switch|p1a: Garchomp|Garchomp, F|100/100
|turn|13
|
|t:|1662511212
|switch|p2a: Buzzwole|Buzzwole|100/100
|move|p1a: Garchomp|Swords Dance|p1a: Garchomp
|-boost|p1a: Garchomp|atk|2
|
|upkeep
|turn|14
|
|t:|1662511218
|switch|p1a: Torkoal|Torkoal, M|100/100
|-weather|SunnyDay|[from] ability: Drought|[of] p1a: Torkoal
|move|p2a: Buzzwole|Ice Punch|p1a: Torkoal
|-resisted|p1a: Torkoal
|-damage|p1a: Torkoal|93/100
|
|-weather|SunnyDay|[upkeep]
|upkeep
|turn|15
|
|t:|1662511224
|switch|p2a: Toxapex|Toxapex, M|49/100
|move|p1a: Torkoal|Stealth Rock|p2a: Toxapex
|-sidestart|p2: 64j3t3hrt3h|move: Stealth Rock
|
|-weather|SunnyDay|[upkeep]
|upkeep
|turn|16
|
|t:|1662511240
|move|p2a: Toxapex|Toxic|p1a: Torkoal
|-status|p1a: Torkoal|tox
|move|p1a: Torkoal|Yawn|p2a: Toxapex
|-start|p2a: Toxapex|move: Yawn|[of] p1a: Torkoal
|
|-weather|SunnyDay|[upkeep]
|-damage|p1a: Torkoal|87/100 tox|[from] psn
|upkeep
|turn|17
|
|t:|1662511245
|switch|p2a: Landorus|Landorus-Therian, M|38/100
|-damage|p2a: Landorus|26/100|[from] Stealth Rock
|-ability|p2a: Landorus|Intimidate|boost
|-unboost|p1a: Torkoal|atk|1
|move|p1a: Torkoal|Weather Ball|p2a: Landorus
|-damage|p2a: Landorus|0 fnt
|faint|p2a: Landorus
|
|-weather|SunnyDay|[upkeep]
|-damage|p1a: Torkoal|75/100 tox|[from] psn
|upkeep
|
|t:|1662511249
|switch|p2a: Tapu Lele|Tapu Lele, shiny|100/100
|-damage|p2a: Tapu Lele|88/100|[from] Stealth Rock
|-fieldstart|move: Psychic Terrain|[from] ability: Psychic Surge|[of] p2a: Tapu Lele
|turn|18
|
|t:|1662511265
|switch|p1a: Corviknight|Corviknight, M|100/100
|-ability|p1a: Corviknight|Pressure
|move|p2a: Tapu Lele|Psychic|p1a: Corviknight
|-resisted|p1a: Corviknight
|-damage|p1a: Corviknight|58/100
|
|-weather|SunnyDay|[upkeep]
|-heal|p1a: Corviknight|64/100|[from] item: Leftovers
|upkeep
|turn|19
|
|t:|1662511270
|switch|p2a: Magnezone|Magnezone|100/100
|-damage|p2a: Magnezone|94/100|[from] Stealth Rock
|move|p1a: Corviknight|U-turn|p2a: Magnezone
|-resisted|p2a: Magnezone
|-damage|p2a: Magnezone|89/100
|j| isabela000◥▶_◀◤
|l| isabela000◥▶_◀◤
|
|t:|1662511292
|switch|p1a: Blacephalon|Blacephalon|100/100|[from]move: U-turn
|
|-weather|SunnyDay|[upkeep]
|-heal|p2a: Magnezone|95/100|[from] item: Leftovers
|upkeep
|turn|20
|
|t:|1662511296
|switch|p2a: Tyranitar|Tyranitar, F|27/100
|-damage|p2a: Tyranitar|15/100|[from] Stealth Rock
|-weather|Sandstorm|[from] ability: Sand Stream|[of] p2a: Tyranitar
|move|p1a: Blacephalon|Flamethrower|p2a: Tyranitar
|-resisted|p2a: Tyranitar
|-damage|p2a: Tyranitar|5/100
|
|-weather|Sandstorm|[upkeep]
|-damage|p1a: Blacephalon|94/100|[from] Sandstorm
|-heal|p2a: Tyranitar|11/100|[from] item: Leftovers
|upkeep
|turn|21
|
|t:|1662511307
|move|p1a: Blacephalon|Flamethrower|p2a: Tyranitar
|-resisted|p2a: Tyranitar
|-damage|p2a: Tyranitar|0 fnt
|faint|p2a: Tyranitar
|-ability|p1a: Blacephalon|Beast Boost|boost
|-boost|p1a: Blacephalon|spa|1
|
|-weather|Sandstorm|[upkeep]
|-damage|p1a: Blacephalon|88/100|[from] Sandstorm
|upkeep
|
|t:|1662511312
|switch|p2a: Buzzwole|Buzzwole|100/100
|-damage|p2a: Buzzwole|88/100|[from] Stealth Rock
|turn|22
|
|t:|1662511320
|move|p1a: Blacephalon|Flamethrower|p2a: Buzzwole
|-supereffective|p2a: Buzzwole
|-damage|p2a: Buzzwole|0 fnt
|faint|p2a: Buzzwole
|-ability|p1a: Blacephalon|Beast Boost|boost
|-boost|p1a: Blacephalon|spa|1
|
|-weather|Sandstorm|[upkeep]
|-damage|p1a: Blacephalon|82/100|[from] Sandstorm
|-fieldend|move: Psychic Terrain
|upkeep
|-message|64j3t3hrt3h forfeited.
|
|win|FIRE LORD AESON!
|raw|FIRE LORD AESON!'s rating: 1607 &rarr; <strong>1631</strong><br />(+24 for winning)
|raw|64j3t3hrt3h's rating: 1678 &rarr; <strong>1654</strong><br />(-24 for losing)
|l|☆64j3t3hrt3h
|l| KiLlUsIoNiSt
||Ladder isn't responding, score probably updated but might not have (Request timeout).
|l|☆FIRE LORD AESON!
|j|☆FIRE LORD AESON!
|player|p1|FIRE LORD AESON!|red-gen1
