|j|☆Kwaga
|j|☆Down$hift
|t:|1664583986
|gametype|singles
|player|p1|Kwaga|elesa|1652
|player|p2|Down$hift|teamrocket|1699
|teamsize|p1|6
|teamsize|p2|6
|gen|8
|tier|[Gen 8] OU
|rated|
|rule|Sleep Clause Mod: Limit one foe put to sleep
|rule|Species Clause: Limit one of each Pokémon
|rule|OHKO Clause: OHKO moves are banned
|rule|Evasion Items Clause: Evasion items are banned
|rule|Evasion Moves Clause: Evasion moves are banned
|rule|Endless Battle Clause: Forcing endless battles is banned
|rule|HP Percentage Mod: HP is shown in percentages
|rule|Dynamax Clause: You cannot dynamax
|clearpoke
|poke|p1|Tyranitar, F|
|poke|p1|Excadrill, M|
|poke|p1|Urshifu-*, M|
|poke|p1|Tapu Lele|
|poke|p1|Zapdos|
|poke|p1|Ferrothorn, M|
|poke|p2|Regigigas|
|poke|p2|Weezing-Galar, F|
|poke|p2|Landorus-Therian, M|
|poke|p2|Dragapult, F|
|poke|p2|Slowbro, F|
|poke|p2|Tapu Lele|
|teampreview
|c|☆Down$hift|hf
|c|☆Kwaga|u2
|
|t:|1664584019
|start
|switch|p1a: Urshifu|Urshifu-Rapid-Strike, M|100/100
|switch|p2a: LandOUrus-T|Landorus-Therian, M|100/100
|-ability|p2a: LandOUrus-T|Intimidate|boost
|-unboost|p1a: Urshifu|atk|1
|turn|1
|
|t:|1664584024
|switch|p2a: Dimmadome|Weezing-Galar, F|100/100
|move|p1a: Urshifu|U-turn|p2a: Dimmadome
|-resisted|p2a: Dimmadome
|-damage|p2a: Dimmadome|98/100
|
|t:|1664584027
|switch|p1a: Tapu Lele|Tapu Lele|100/100|[from]move: U-turn
|-fieldstart|move: Psychic Terrain|[from] ability: Psychic Surge|[of] p1a: Tapu Lele
|
|upkeep
|turn|2
|
|t:|1664584032
|switch|p2a: ur slow|Slowbro, F|100/100
|move|p1a: Tapu Lele|Moonblast|p2a: ur slow
|-damage|p2a: ur slow|62/100
|
|upkeep
|turn|3
|
|t:|1664584038
|move|p1a: Tapu Lele|Moonblast|p2a: ur slow
|-damage|p2a: ur slow|21/100
|-unboost|p2a: ur slow|spa|1
|move|p2a: ur slow|Slack Off|p2a: ur slow
|-heal|p2a: ur slow|71/100
|
|upkeep
|turn|4
|
|t:|1664584043
|switch|p1a: Ferrothorn|Ferrothorn, M|100/100
|move|p2a: ur slow|Teleport|p2a: ur slow
|
|t:|1664584048
|switch|p2a: Dimmadome|Weezing-Galar, F|98/100|[from]move: Teleport
|
|upkeep
|turn|5
|
|t:|1664584058
|switch|p1a: Zapdos|Zapdos|100/100
|move|p2a: Dimmadome|Will-O-Wisp|p1a: Zapdos
|-status|p1a: Zapdos|brn
|
|-damage|p1a: Zapdos|94/100 brn|[from] brn
|-fieldend|move: Psychic Terrain
|upkeep
|turn|6
|
|t:|1664584061
|switch|p2a: BIacephaIon|Regigigas, shiny|100/100
|-start|p2a: BIacephaIon|ability: Slow Start
|move|p1a: Zapdos|Hurricane|p2a: BIacephaIon
|-damage|p2a: BIacephaIon|73/100
|
|-heal|p2a: BIacephaIon|80/100|[from] item: Leftovers
|-damage|p1a: Zapdos|88/100 brn|[from] brn
|upkeep
|turn|7
|inactive|Battle timer is ON: inactive players will automatically lose when time's up. (requested by Down$hift)
|
|t:|1664584067
|move|p1a: Zapdos|Volt Switch|p2a: BIacephaIon
|-damage|p2a: BIacephaIon|62/100
|
|t:|1664584070
|switch|p1a: Ferrothorn|Ferrothorn, M|100/100|[from]move: Volt Switch
|move|p2a: BIacephaIon|Knock Off|p1a: Ferrothorn
|-damage|p1a: Ferrothorn|89/100
|-damage|p2a: BIacephaIon|49/100|[from] ability: Iron Barbs|[of] p1a: Ferrothorn
|-enditem|p1a: Ferrothorn|Leftovers|[from] move: Knock Off|[of] p2a: BIacephaIon
|
|-heal|p2a: BIacephaIon|55/100|[from] item: Leftovers
|upkeep
|turn|8
|
|t:|1664584079
|-end|p2a: BIacephaIon|Slow Start|[silent]
|switch|p2a: Dimmadome|Weezing-Galar, F|98/100
|move|p1a: Ferrothorn|Stealth Rock|p2a: Dimmadome
|-sidestart|p2: Down$hift|move: Stealth Rock
|
|upkeep
|turn|9
|
|t:|1664584081
|move|p2a: Dimmadome|Defog|p1a: Ferrothorn
|-unboost|p1a: Ferrothorn|evasion|1
|-sideend|p2: Down$hift|Stealth Rock|[from] move: Defog|[of] p2a: Dimmadome
|move|p1a: Ferrothorn|Leech Seed|p2a: Dimmadome
|-start|p2a: Dimmadome|move: Leech Seed
|
|-damage|p2a: Dimmadome|86/100|[from] Leech Seed|[of] p1a: Ferrothorn
|-heal|p1a: Ferrothorn|100/100|[silent]
|upkeep
|turn|10
|
|t:|1664584089
|switch|p2a: LandOUrus-T|Landorus-Therian, M|100/100
|-ability|p2a: LandOUrus-T|Intimidate|boost
|-unboost|p1a: Ferrothorn|atk|1
|move|p1a: Ferrothorn|Stealth Rock|p2a: LandOUrus-T
|-sidestart|p2: Down$hift|move: Stealth Rock
|
|upkeep
|turn|11
|
|t:|1664584094
|switch|p2a: ur slow|Slowbro, F|100/100
|move|p1a: Ferrothorn|Knock Off|p2a: ur slow
|-supereffective|p2a: ur slow
|-damage|p2a: ur slow|79/100
|-enditem|p2a: ur slow|Heavy-Duty Boots|[from] move: Knock Off|[of] p1a: Ferrothorn
|
|upkeep
|turn|12
|
|t:|1664584098
|move|p1a: Ferrothorn|Leech Seed|p2a: ur slow
|-start|p2a: ur slow|move: Leech Seed
|move|p2a: ur slow|Teleport|p2a: ur slow
|
|t:|1664584104
|switch|p2a: Dimmadome|Weezing-Galar, F|86/100|[from]move: Teleport
|-damage|p2a: Dimmadome|73/100|[from] Stealth Rock
|
|upkeep
|turn|13
|
|t:|1664584108
|switch|p1a: Zapdos|Zapdos|88/100 brn
|move|p2a: Dimmadome|Defog|p1a: Zapdos
|-unboost|p1a: Zapdos|evasion|1
|-sideend|p2: Down$hift|Stealth Rock|[from] move: Defog|[of] p2a: Dimmadome
|
|-damage|p1a: Zapdos|82/100 brn|[from] brn
|upkeep
|turn|14
|
|t:|1664584113
|switch|p2a: BIacephaIon|Regigigas, shiny|55/100
|-start|p2a: BIacephaIon|ability: Slow Start
|move|p1a: Zapdos|Hurricane|p2a: BIacephaIon
|-damage|p2a: BIacephaIon|27/100
|-start|p2a: BIacephaIon|confusion
|
|-heal|p2a: BIacephaIon|33/100|[from] item: Leftovers
|-damage|p1a: Zapdos|76/100 brn|[from] brn
|upkeep
|turn|15
|
|t:|1664584117
|move|p1a: Zapdos|Volt Switch|p2a: BIacephaIon
|-damage|p2a: BIacephaIon|15/100
|
|t:|1664584120
|switch|p1a: Urshifu|Urshifu-Rapid-Strike, M|100/100|[from]move: Volt Switch
|-activate|p2a: BIacephaIon|confusion
|move|p2a: BIacephaIon|Rest|p2a: BIacephaIon
|-status|p2a: BIacephaIon|slp|[from] move: Rest
|-heal|p2a: BIacephaIon|100/100 slp|[silent]
|
|upkeep
|turn|16
|
|t:|1664584124
|-end|p2a: BIacephaIon|Slow Start|[silent]
|switch|p2a: ur slow|Slowbro, F|100/100
|move|p1a: Urshifu|U-turn|p2a: ur slow
|-supereffective|p2a: ur slow
|-damage|p2a: ur slow|62/100
|
|t:|1664584127
|switch|p1a: Tapu Lele|Tapu Lele|100/100|[from]move: U-turn
|-fieldstart|move: Psychic Terrain|[from] ability: Psychic Surge|[of] p1a: Tapu Lele
|
|upkeep
|turn|17
|
|t:|1664584131
|move|p1a: Tapu Lele|Thunderbolt|p2a: ur slow
|-supereffective|p2a: ur slow
|-damage|p2a: ur slow|13/100
|move|p2a: ur slow|Slack Off|p2a: ur slow
|-heal|p2a: ur slow|63/100
|
|upkeep
|turn|18
|
|t:|1664584135
|switch|p1a: Urshifu|Urshifu-Rapid-Strike, M|100/100
|move|p2a: ur slow|Slack Off|p2a: ur slow
|-heal|p2a: ur slow|100/100
|
|upkeep
|turn|19
|
|t:|1664584138
|move|p1a: Urshifu|U-turn|p2a: ur slow
|-supereffective|p2a: ur slow
|-damage|p2a: ur slow|63/100
|
|t:|1664584140
|switch|p1a: Ferrothorn|Ferrothorn, M|100/100|[from]move: U-turn
|move|p2a: ur slow|Future Sight|p1a: Ferrothorn
|-start|p2a: ur slow|move: Future Sight
|
|upkeep
|turn|20
|
|t:|1664584144
|move|p1a: Ferrothorn|Stealth Rock|p2a: ur slow
|-sidestart|p2: Down$hift|move: Stealth Rock
|move|p2a: ur slow|Teleport|p2a: ur slow
|
|t:|1664584148
|switch|p2a: Canned Calamari|Tapu Lele|100/100|[from]move: Teleport
|-damage|p2a: Canned Calamari|88/100|[from] Stealth Rock
|
|-fieldend|move: Psychic Terrain
|upkeep
|turn|21
|
|t:|1664584152
|move|p2a: Canned Calamari|Focus Blast|p1a: Ferrothorn
|-supereffective|p1a: Ferrothorn
|-damage|p1a: Ferrothorn|0 fnt
|faint|p1a: Ferrothorn
|
|-hint|Future Sight did not hit because the target is fainted.
|upkeep
|c|☆Down$hift|I HIT
|c|☆Kwaga|lol
|
|t:|1664584174
|switch|p1a: Tapu Lele|Tapu Lele|100/100
|-fieldstart|move: Psychic Terrain|[from] ability: Psychic Surge|[of] p1a: Tapu Lele
|turn|22
|
|t:|1664584179
|switch|p2a: ur slow|Slowbro, F|96/100
|-damage|p2a: ur slow|84/100|[from] Stealth Rock
|move|p1a: Tapu Lele|Moonblast|p2a: ur slow
|-damage|p2a: ur slow|42/100
|-unboost|p2a: ur slow|spa|1
|
|upkeep
|turn|23
|
|t:|1664584182
|move|p1a: Tapu Lele|Moonblast|p2a: ur slow
|-damage|p2a: ur slow|0 fnt
|faint|p2a: ur slow
|
|upkeep
|
|t:|1664584187
|switch|p2a: Dimmadome|Weezing-Galar, F|73/100
|-damage|p2a: Dimmadome|61/100|[from] Stealth Rock
|turn|24
|
|t:|1664584191
|move|p1a: Tapu Lele|Moonblast|p2a: Dimmadome
|-resisted|p2a: Dimmadome
|-damage|p2a: Dimmadome|25/100
|-unboost|p2a: Dimmadome|spa|1
|move|p2a: Dimmadome|Defog|p1a: Tapu Lele
|-unboost|p1a: Tapu Lele|evasion|1
|-sideend|p2: Down$hift|Stealth Rock|[from] move: Defog|[of] p2a: Dimmadome
|-fieldend|move: Psychic Terrain
|
|upkeep
|turn|25
|
|t:|1664584195
|switch|p2a: BIacephaIon|Regigigas, shiny|100/100 slp
|-start|p2a: BIacephaIon|ability: Slow Start
|move|p1a: Tapu Lele|Moonblast|p2a: BIacephaIon
|-damage|p2a: BIacephaIon|68/100 slp
|
|-heal|p2a: BIacephaIon|74/100 slp|[from] item: Leftovers
|upkeep
|turn|26
|
|t:|1664584204
|move|p1a: Tapu Lele|Moonblast|p2a: BIacephaIon
|-damage|p2a: BIacephaIon|42/100 slp
|cant|p2a: BIacephaIon|slp
|
|-heal|p2a: BIacephaIon|48/100 slp|[from] item: Leftovers
|upkeep
|turn|27
|
|t:|1664584209
|move|p1a: Tapu Lele|Moonblast|p2a: BIacephaIon
|-damage|p2a: BIacephaIon|19/100 slp
|-unboost|p2a: BIacephaIon|spa|1
|cant|p2a: BIacephaIon|slp
|
|-heal|p2a: BIacephaIon|25/100 slp|[from] item: Leftovers
|upkeep
|turn|28
|
|t:|1664584212
|move|p1a: Tapu Lele|Moonblast|p2a: BIacephaIon
|-damage|p2a: BIacephaIon|0 fnt
|faint|p2a: BIacephaIon
|-end|p2a: BIacephaIon|Slow Start|[silent]
|
|upkeep
|
|t:|1664584214
|switch|p2a: LandOUrus-T|Landorus-Therian, M|100/100
|-ability|p2a: LandOUrus-T|Intimidate|boost
|-unboost|p1a: Tapu Lele|atk|1
|turn|29
|
|t:|1664584218
|switch|p1a: Zapdos|Zapdos|76/100 brn
|move|p2a: LandOUrus-T|Stealth Rock|p1a: Zapdos
|-sidestart|p1: Kwaga|move: Stealth Rock
|
|-damage|p1a: Zapdos|70/100 brn|[from] brn
|upkeep
|turn|30
|
|t:|1664584221
|move|p2a: LandOUrus-T|U-turn|p1a: Zapdos
|-resisted|p1a: Zapdos
|-damage|p1a: Zapdos|63/100 brn
|
|t:|1664584225
|switch|p2a: Canned Calamari|Tapu Lele|88/100|[from]move: U-turn
|-fieldstart|move: Psychic Terrain|[from] ability: Psychic Surge|[of] p2a: Canned Calamari
|move|p1a: Zapdos|Hurricane|p2a: Canned Calamari
|-damage|p2a: Canned Calamari|38/100
|-start|p2a: Canned Calamari|confusion
|
|-damage|p1a: Zapdos|57/100 brn|[from] brn
|upkeep
|turn|31
|
|t:|1664584229
|-activate|p2a: Canned Calamari|confusion
|move|p2a: Canned Calamari|Moonblast|p1a: Zapdos
|-damage|p1a: Zapdos|0 fnt
|faint|p1a: Zapdos
|
|upkeep
|
|t:|1664584232
|switch|p1a: Excadrill|Excadrill, M|100/100
|-damage|p1a: Excadrill|97/100|[from] Stealth Rock
|turn|32
|
|t:|1664584236
|switch|p2a: LandOUrus-T|Landorus-Therian, M|100/100
|-ability|p2a: LandOUrus-T|Intimidate|boost
|-unboost|p1a: Excadrill|atk|1
|move|p1a: Excadrill|Rapid Spin|p2a: LandOUrus-T
|-damage|p2a: LandOUrus-T|84/100
|-boost|p1a: Excadrill|spe|1
|-sideend|p1: Kwaga|Stealth Rock|[from] move: Rapid Spin|[of] p1a: Excadrill
|
|-heal|p2a: LandOUrus-T|90/100|[from] item: Leftovers
|upkeep
|turn|33
|
|t:|1664584242
|switch|p1a: Urshifu|Urshifu-Rapid-Strike, M|100/100
|move|p2a: LandOUrus-T|U-turn|p1a: Urshifu
|-resisted|p1a: Urshifu
|-damage|p1a: Urshifu|89/100
|
|t:|1664584245
|switch|p2a: Dreepy Airlines|Dragapult, F|100/100|[from]move: U-turn
|
|upkeep
|turn|34
|
|t:|1664584254
|move|p2a: Dreepy Airlines|Thunder Wave|p1a: Urshifu
|-status|p1a: Urshifu|par
|move|p1a: Urshifu|U-turn|p2a: Dreepy Airlines
|-resisted|p2a: Dreepy Airlines
|-crit|p2a: Dreepy Airlines
|-damage|p2a: Dreepy Airlines|72/100
|
|t:|1664584256
|switch|p1a: Tapu Lele|Tapu Lele|100/100|[from]move: U-turn
|
|-fieldend|move: Psychic Terrain
|upkeep
|turn|35
|
|t:|1664584260
|switch|p2a: LandOUrus-T|Landorus-Therian, M|90/100
|-ability|p2a: LandOUrus-T|Intimidate|boost
|-unboost|p1a: Tapu Lele|atk|1
|move|p1a: Tapu Lele|Moonblast|p2a: LandOUrus-T
|-damage|p2a: LandOUrus-T|37/100
|
|-heal|p2a: LandOUrus-T|43/100|[from] item: Leftovers
|upkeep
|turn|36
|c|☆Down$hift|gg
|c|☆Kwaga|gg
|c|☆Down$hift|i played this very poorly
|c|☆Down$hift|tilt
|-message|Down$hift forfeited.
|
|win|Kwaga
|raw|Kwaga's rating: 1652 &rarr; <strong>1675</strong><br />(+23 for winning)
|raw|Down$hift's rating: 1699 &rarr; <strong>1676</strong><br />(-23 for losing)
|c|☆Kwaga|i mean u using heat team
|l|☆Down$hift
|c|☆Kwaga|props
