|j|☆cogonahorse
|j|☆SuperTheoryBros
|t:|1639619234
|gametype|singles
|player|p1|cogonahorse|hilbert-wonderlauncher|1585
|player|p2|SuperTheoryBros|265|1832
|teamsize|p1|6
|teamsize|p2|6
|gen|8
|tier|[Gen 8] OU
|rated|
|rule|Sleep Clause Mod: Limit one foe put to sleep
|rule|Species Clause: Limit one of each Pokémon
|rule|OHKO Clause: OHKO moves are banned
|rule|Evasion Moves Clause: Evasion moves are banned
|rule|Endless Battle Clause: Forcing endless battles is banned
|rule|HP Percentage Mod: HP is shown in percentages
|rule|Dynamax Clause: You cannot dynamax
|clearpoke
|poke|p1|Tornadus-Therian, M|
|poke|p1|Melmetal|
|poke|p1|Zeraora|
|poke|p1|Aromatisse, M|
|poke|p1|Gyarados, M|
|poke|p1|Ferrothorn, M|
|poke|p2|Shedinja|
|poke|p2|Avalugg, F|
|poke|p2|Landorus-Therian, M|
|poke|p2|Heatran, M|
|poke|p2|Skarmory, F|
|poke|p2|Blissey, F|
|teampreview
|inactive|Battle timer is ON: inactive players will automatically lose when time's up. (requested by SuperTheoryBros)
|
|t:|1639619253
|start
|switch|p1a: Tornadus|Tornadus-Therian, M|100/100
|switch|p2a: Blissey|Blissey, F|100/100
|turn|1
|
|t:|1639619260
|move|p1a: Tornadus|Knock Off|p2a: Blissey
|-damage|p2a: Blissey|83/100
|-enditem|p2a: Blissey|Heavy-Duty Boots|[from] move: Knock Off|[of] p1a: Tornadus
|move|p2a: Blissey|Thunder Wave|p1a: Tornadus
|-status|p1a: Tornadus|par
|
|upkeep
|turn|2
|j| EAlejandro ☭
|
|t:|1639619266
|move|p1a: Tornadus|U-turn|p2a: Blissey
|-damage|p2a: Blissey|71/100
|
|t:|1639619268
|switch|p1a: Ferrothorn|Ferrothorn, M|100/100|[from]move: U-turn
|move|p2a: Blissey|Teleport|p2a: Blissey
|
|t:|1639619294
|switch|p2a: Heatran|Heatran, M|100/100|[from]move: Teleport
|-item|p2a: Heatran|Air Balloon
|
|upkeep
|turn|3
|
|t:|1639619305
|switch|p1a: Gyarados|Gyarados, M|100/100
|move|p2a: Heatran|Magma Storm|p1a: Gyarados
|-resisted|p1a: Gyarados
|-damage|p1a: Gyarados|78/100
|-activate|p1a: Gyarados|move: Magma Storm|[of] p2a: Heatran
|
|-heal|p1a: Gyarados|84/100|[from] item: Leftovers
|-damage|p1a: Gyarados|72/100|[from] move: Magma Storm|[partiallytrapped]
|upkeep
|turn|4
|
|t:|1639619318
|switch|p2a: Shedinja|Shedinja|100/100
|move|p1a: Gyarados|Waterfall|p2a: Shedinja
|-immune|p2a: Shedinja|[from] ability: Wonder Guard
|
|-heal|p1a: Gyarados|78/100|[from] item: Leftovers
|-end|p1a: Gyarados|Magma Storm|[partiallytrapped]|[silent]
|upkeep
|turn|5
|j| ZeeKuP
|
|t:|1639619331
|switch|p1a: Tornadus|Tornadus-Therian, M|100/100 par
|switch|p2a: Landorus|Landorus-Therian, M|100/100
|-ability|p2a: Landorus|Intimidate|boost
|-unboost|p1a: Tornadus|atk|1
|
|upkeep
|turn|6
|inactive|SuperTheoryBros has 120 seconds left.
|
|t:|1639619349
|move|p2a: Landorus|Stone Edge|p1a: Tornadus
|-supereffective|p1a: Tornadus
|-damage|p1a: Tornadus|2/100 par
|move|p1a: Tornadus|Knock Off|p2a: Landorus
|-damage|p2a: Landorus|86/100
|-enditem|p2a: Landorus|Scope Lens|[from] move: Knock Off|[of] p1a: Tornadus
|
|upkeep
|turn|7
|inactive|SuperTheoryBros has 120 seconds left.
|
|t:|1639619364
|switch|p1a: Ferrothorn|Ferrothorn, M|100/100
|move|p2a: Landorus|Stealth Rock|p1a: Ferrothorn
|-sidestart|p1: cogonahorse|move: Stealth Rock
|
|upkeep
|turn|8
|inactive|SuperTheoryBros has 120 seconds left.
|
|t:|1639619383
|switch|p2a: Heatran|Heatran, M|100/100
|-item|p2a: Heatran|Air Balloon
|move|p1a: Ferrothorn|Stealth Rock|p2a: Heatran
|-sidestart|p2: SuperTheoryBros|move: Stealth Rock
|
|upkeep
|turn|9
|inactive|SuperTheoryBros has 120 seconds left.
|
|t:|1639619392
|switch|p1a: Gyarados|Gyarados, M|78/100
|-damage|p1a: Gyarados|53/100|[from] Stealth Rock
|move|p2a: Heatran|Magma Storm|p1a: Gyarados|[miss]
|-miss|p2a: Heatran|p1a: Gyarados
|
|-heal|p1a: Gyarados|59/100|[from] item: Leftovers
|upkeep
|turn|10
|
|t:|1639619401
|switch|p1a: Zeraora|Zeraora|100/100
|-damage|p1a: Zeraora|88/100|[from] Stealth Rock
|move|p2a: Heatran|Magma Storm|p1a: Zeraora|[miss]
|-miss|p2a: Heatran|p1a: Zeraora
|
|-heal|p1a: Zeraora|94/100|[from] item: Leftovers
|upkeep
|turn|11
|c|☆SuperTheoryBros|omg
|c|☆cogonahorse|sorry
|inactive|SuperTheoryBros has 120 seconds left.
|
|t:|1639619422
|switch|p2a: Landorus|Landorus-Therian, M|86/100
|-damage|p2a: Landorus|74/100|[from] Stealth Rock
|-ability|p2a: Landorus|Intimidate|boost
|-unboost|p1a: Zeraora|atk|1
|move|p1a: Zeraora|Knock Off|p2a: Landorus
|-damage|p2a: Landorus|59/100
|
|-heal|p1a: Zeraora|99/100|[from] item: Leftovers
|upkeep
|turn|12
|inactive|SuperTheoryBros has 120 seconds left.
|
|t:|1639619432
|switch|p1a: Aromatisse|Aromatisse, M|100/100
|-damage|p1a: Aromatisse|88/100|[from] Stealth Rock
|move|p2a: Landorus|Swords Dance|p2a: Landorus
|-boost|p2a: Landorus|atk|2
|
|-heal|p1a: Aromatisse|94/100|[from] item: Leftovers
|upkeep
|turn|13
|inactive|SuperTheoryBros has 120 seconds left.
|
|t:|1639619440
|move|p2a: Landorus|Earthquake|p1a: Aromatisse
|-damage|p1a: Aromatisse|9/100
|move|p1a: Aromatisse|Moonblast|p2a: Landorus
|-damage|p2a: Landorus|22/100
|
|-heal|p1a: Aromatisse|15/100|[from] item: Leftovers
|upkeep
|turn|14
|inactive|SuperTheoryBros has 120 seconds left.
|
|t:|1639619455
|move|p2a: Landorus|Earthquake|p1a: Aromatisse
|-damage|p1a: Aromatisse|0 fnt
|faint|p1a: Aromatisse
|
|upkeep
|
|t:|1639619457
|switch|p1a: Zeraora|Zeraora|99/100
|-damage|p1a: Zeraora|88/100|[from] Stealth Rock
|turn|15
|inactive|SuperTheoryBros has 120 seconds left.
|
|t:|1639619481
|move|p1a: Zeraora|Knock Off|p2a: Landorus
|-damage|p2a: Landorus|0 fnt
|faint|p2a: Landorus
|
|-heal|p1a: Zeraora|94/100|[from] item: Leftovers
|upkeep
|
|t:|1639619493
|switch|p2a: Avalugg|Avalugg, F|100/100
|turn|16
|
|t:|1639619503
|move|p1a: Zeraora|Volt Switch|p2a: Avalugg
|-damage|p2a: Avalugg|72/100
|
|t:|1639619507
|switch|p1a: Melmetal|Melmetal|100/100|[from]move: Volt Switch
|-damage|p1a: Melmetal|94/100|[from] Stealth Rock
|move|p2a: Avalugg|Avalanche|p1a: Melmetal
|-resisted|p1a: Melmetal
|-damage|p1a: Melmetal|88/100
|
|upkeep
|turn|17
|inactive|SuperTheoryBros has 120 seconds left.
|j| FatPumpkinHead
|j| Sixty6sixshit
|inactive|SuperTheoryBros has 90 seconds left.
|
|t:|1639619553
|switch|p2a: Shedinja|Shedinja|100/100
|move|p1a: Melmetal|Thunder Punch|p2a: Shedinja
|-immune|p2a: Shedinja|[from] ability: Wonder Guard
|
|upkeep
|turn|18
|j| Treejay91
|inactive|cogonahorse has 120 seconds left.
|
|t:|1639619586
|switch|p1a: Tornadus|Tornadus-Therian, M|35/100 par
|move|p2a: Shedinja|Will-O-Wisp||[still]
|-fail|p2a: Shedinja
|
|upkeep
|turn|19
|
|t:|1639619597
|move|p2a: Shedinja|Shadow Sneak|p1a: Tornadus
|-damage|p1a: Tornadus|14/100 par
|cant|p1a: Tornadus|par
|
|upkeep
|turn|20
|c|☆SuperTheoryBros|woops
|c|☆cogonahorse|its all good
|
|t:|1639619608
|switch|p1a: Ferrothorn|Ferrothorn, M|100/100
|-damage|p1a: Ferrothorn|94/100|[from] Stealth Rock
|move|p2a: Shedinja|Poltergeist|p1a: Ferrothorn
|-activate|p1a: Ferrothorn|move: Poltergeist|Leftovers
|-damage|p1a: Ferrothorn|59/100
|
|-heal|p1a: Ferrothorn|65/100|[from] item: Leftovers
|upkeep
|turn|21
|l| EAlejandro ☭
|l| ZeeKuP
|
|t:|1639619624
|switch|p2a: Skarmory|Skarmory, F|100/100
|-damage|p2a: Skarmory|88/100|[from] Stealth Rock
|move|p1a: Ferrothorn|Leech Seed|p2a: Skarmory
|-start|p2a: Skarmory|move: Leech Seed
|
|-heal|p1a: Ferrothorn|72/100|[from] item: Leftovers
|-damage|p2a: Skarmory|76/100|[from] Leech Seed|[of] p1a: Ferrothorn
|-heal|p1a: Ferrothorn|83/100|[silent]
|upkeep
|turn|22
|
|t:|1639619636
|switch|p1a: Zeraora|Zeraora|94/100
|-damage|p1a: Zeraora|82/100|[from] Stealth Rock
|move|p2a: Skarmory|Spikes|p1a: Zeraora
|-sidestart|p1: cogonahorse|Spikes
|
|-heal|p1a: Zeraora|88/100|[from] item: Leftovers
|-damage|p2a: Skarmory|64/100|[from] Leech Seed|[of] p1a: Zeraora
|-heal|p1a: Zeraora|100/100|[silent]
|upkeep
|turn|23
|
|t:|1639619653
|switch|p2a: Blissey|Blissey, F|71/100
|-damage|p2a: Blissey|58/100|[from] Stealth Rock
|move|p1a: Zeraora|Plasma Fists|p2a: Blissey
|-damage|p2a: Blissey|16/100
|
|upkeep
|turn|24
|l| FatPumpkinHead
|
|t:|1639619667
|move|p1a: Zeraora|Plasma Fists|p2a: Blissey
|-damage|p2a: Blissey|0 fnt
|faint|p2a: Blissey
|
|upkeep
|
|t:|1639619669
|switch|p2a: Avalugg|Avalugg, F|72/100
|turn|25
|
|t:|1639619684
|move|p1a: Zeraora|Volt Switch|p2a: Avalugg
|-damage|p2a: Avalugg|43/100
|
|t:|1639619691
|switch|p1a: Ferrothorn|Ferrothorn, M|83/100|[from]move: Volt Switch
|-damage|p1a: Ferrothorn|77/100|[from] Stealth Rock
|-damage|p1a: Ferrothorn|64/100|[from] Spikes
|move|p2a: Avalugg|Rapid Spin|p1a: Ferrothorn
|-resisted|p1a: Ferrothorn
|-damage|p1a: Ferrothorn|60/100
|-boost|p2a: Avalugg|spe|1
|-damage|p2a: Avalugg|31/100|[from] ability: Iron Barbs|[of] p1a: Ferrothorn
|-sideend|p2: SuperTheoryBros|Stealth Rock|[from] move: Rapid Spin|[of] p2a: Avalugg
|
|-heal|p1a: Ferrothorn|66/100|[from] item: Leftovers
|upkeep
|turn|26
|
|t:|1639619707
|switch|p2a: Heatran|Heatran, M|100/100
|-item|p2a: Heatran|Air Balloon
|move|p1a: Ferrothorn|Stealth Rock|p2a: Heatran
|-sidestart|p2: SuperTheoryBros|move: Stealth Rock
|
|-heal|p1a: Ferrothorn|72/100|[from] item: Leftovers
|upkeep
|turn|27
|j| EAlejandro ☭
|
|t:|1639619722
|move|p2a: Heatran|Magma Storm|p1a: Ferrothorn
|-supereffective|p1a: Ferrothorn
|-damage|p1a: Ferrothorn|0 fnt
|faint|p1a: Ferrothorn
|
|upkeep
|
|t:|1639619729
|switch|p1a: Zeraora|Zeraora|100/100
|-damage|p1a: Zeraora|88/100|[from] Stealth Rock
|-damage|p1a: Zeraora|76/100|[from] Spikes
|turn|28
|inactive|SuperTheoryBros has 90 seconds left.
|
|t:|1639619752
|move|p1a: Zeraora|Close Combat|p2a: Heatran
|-supereffective|p2a: Heatran
|-damage|p2a: Heatran|41/100
|-unboost|p1a: Zeraora|def|1
|-unboost|p1a: Zeraora|spd|1
|-enditem|p2a: Heatran|Air Balloon
|move|p2a: Heatran|Earth Power|p1a: Zeraora
|-supereffective|p1a: Zeraora
|-damage|p1a: Zeraora|0 fnt
|faint|p1a: Zeraora
|
|upkeep
|
|t:|1639619756
|switch|p1a: Gyarados|Gyarados, M|59/100
|-damage|p1a: Gyarados|34/100|[from] Stealth Rock
|turn|29
|
|t:|1639619783
|switch|p1a: Tornadus|Tornadus-Therian, M|47/100 par
|switch|p2a: Shedinja|Shedinja|100/100
|
|upkeep
|turn|30
|l| EAlejandro ☭
|inactive|SuperTheoryBros has 60 seconds left.
|j| FatPumpkinHead
|
|t:|1639619815
|switch|p2a: Avalugg|Avalugg, F|31/100
|cant|p1a: Tornadus|par
|
|upkeep
|turn|31
|
|t:|1639619823
|move|p1a: Tornadus|Hurricane|p2a: Avalugg
|-damage|p2a: Avalugg|0 fnt
|faint|p2a: Avalugg
|
|upkeep
|
|t:|1639619826
|switch|p2a: Heatran|Heatran, M|41/100
|-damage|p2a: Heatran|28/100|[from] Stealth Rock
|turn|32
|
|t:|1639619831
|switch|p1a: Gyarados|Gyarados, M|34/100
|-damage|p1a: Gyarados|10/100|[from] Stealth Rock
|move|p2a: Heatran|Magma Storm|p1a: Gyarados|[miss]
|-miss|p2a: Heatran|p1a: Gyarados
|
|-heal|p1a: Gyarados|16/100|[from] item: Leftovers
|upkeep
|turn|33
|
|t:|1639619844
|move|p1a: Gyarados|Waterfall|p2a: Heatran
|-supereffective|p2a: Heatran
|-damage|p2a: Heatran|0 fnt
|faint|p2a: Heatran
|-ability|p1a: Gyarados|Moxie|boost
|-boost|p1a: Gyarados|atk|1
|
|-heal|p1a: Gyarados|22/100|[from] item: Leftovers
|upkeep
|
|t:|1639619847
|switch|p2a: Shedinja|Shedinja|100/100
|turn|34
|
|t:|1639619857
|move|p1a: Gyarados|Earthquake|p2a: Shedinja
|-immune|p2a: Shedinja|[from] ability: Wonder Guard
|move|p2a: Shedinja|Poltergeist|p1a: Gyarados
|-activate|p1a: Gyarados|move: Poltergeist|Leftovers
|-damage|p1a: Gyarados|0 fnt
|faint|p1a: Gyarados
|
|upkeep
|
|t:|1639619861
|switch|p1a: Tornadus|Tornadus-Therian, M|81/100 par
|turn|35
|inactive|SuperTheoryBros has 90 seconds left.
|
|t:|1639619868
|move|p1a: Tornadus|Knock Off|p2a: Shedinja
|-supereffective|p2a: Shedinja
|-damage|p2a: Shedinja|0 fnt
|-enditem|p2a: Shedinja|Heavy-Duty Boots|[from] move: Knock Off|[of] p1a: Tornadus
|faint|p2a: Shedinja
|
|upkeep
|inactive|SuperTheoryBros has 90 seconds left.
|
|t:|1639619878
|switch|p2a: Skarmory|Skarmory, F|64/100
|-damage|p2a: Skarmory|51/100|[from] Stealth Rock
|turn|36
|
|t:|1639619886
|move|p1a: Tornadus|Hurricane|p2a: Skarmory
|-resisted|p2a: Skarmory
|-damage|p2a: Skarmory|23/100
|-start|p2a: Skarmory|confusion
|-activate|p2a: Skarmory|confusion
|move|p2a: Skarmory|Roost|p2a: Skarmory
|-heal|p2a: Skarmory|73/100
|-singleturn|p2a: Skarmory|move: Roost
|
|upkeep
|turn|37
|l| FatPumpkinHead
|
|t:|1639619899
|move|p1a: Tornadus|Hurricane|p2a: Skarmory
|-resisted|p2a: Skarmory
|-damage|p2a: Skarmory|45/100
|-activate|p2a: Skarmory|confusion
|move|p2a: Skarmory|Iron Defense|p2a: Skarmory
|-boost|p2a: Skarmory|def|2
|
|upkeep
|turn|38
|
|t:|1639619904
|move|p1a: Tornadus|Hurricane|p2a: Skarmory
|-resisted|p2a: Skarmory
|-damage|p2a: Skarmory|15/100
|-end|p2a: Skarmory|confusion
|move|p2a: Skarmory|Roost|p2a: Skarmory
|-heal|p2a: Skarmory|65/100
|-singleturn|p2a: Skarmory|move: Roost
|
|upkeep
|turn|39
|inactive|SuperTheoryBros has 120 seconds left.
|
|t:|1639619914
|move|p1a: Tornadus|Defog|p2a: Skarmory
|-unboost|p2a: Skarmory|evasion|1
|-sideend|p2: SuperTheoryBros|Stealth Rock|[from] move: Defog|[of] p1a: Tornadus
|-sideend|p1: cogonahorse|Spikes|[from] move: Defog|[of] p1a: Tornadus
|-sideend|p1: cogonahorse|Stealth Rock|[from] move: Defog|[of] p1a: Tornadus
|move|p2a: Skarmory|Roost|p2a: Skarmory
|-heal|p2a: Skarmory|100/100
|-singleturn|p2a: Skarmory|move: Roost
|
|upkeep
|turn|40
|inactive|SuperTheoryBros has 120 seconds left.
|
|t:|1639619924
|move|p1a: Tornadus|Knock Off|p2a: Skarmory
|-damage|p2a: Skarmory|94/100
|-enditem|p2a: Skarmory|Shed Shell|[from] move: Knock Off|[of] p1a: Tornadus
|move|p2a: Skarmory|Iron Defense|p2a: Skarmory
|-boost|p2a: Skarmory|def|2
|
|upkeep
|turn|41
|j| EAlejandro ☭
|inactive|SuperTheoryBros has 120 seconds left.
|
|t:|1639619938
|cant|p1a: Tornadus|par
|move|p2a: Skarmory|Iron Defense|p2a: Skarmory
|-boost|p2a: Skarmory|def|2
|
|upkeep
|turn|42
|
|t:|1639619947
|cant|p1a: Tornadus|par
|move|p2a: Skarmory|Body Press|p1a: Tornadus
|-resisted|p1a: Tornadus
|-damage|p1a: Tornadus|12/100 par
|
|upkeep
|turn|43
|
|t:|1639619953
|move|p1a: Tornadus|Hurricane|p2a: Skarmory
|-resisted|p2a: Skarmory
|-damage|p2a: Skarmory|65/100
|move|p2a: Skarmory|Body Press|p1a: Tornadus
|-resisted|p1a: Tornadus
|-damage|p1a: Tornadus|0 fnt
|faint|p1a: Tornadus
|
|upkeep
|
|t:|1639619956
|switch|p1a: Melmetal|Melmetal|88/100
|turn|44
|
|t:|1639619961
|move|p2a: Skarmory|Body Press|p1a: Melmetal
|-supereffective|p1a: Melmetal
|-damage|p1a: Melmetal|0 fnt
|faint|p1a: Melmetal
|
|win|SuperTheoryBros
|raw|cogonahorse's rating: 1585 &rarr; <strong>1577</strong><br />(-8 for losing)
|raw|SuperTheoryBros's rating: 1832 &rarr; <strong>1840</strong><br />(+8 for winning)
|c|☆cogonahorse|gg
|l| Treejay91
|l| Sixty6sixshit
|c|☆SuperTheoryBros|ok
|j| FatPumpkinHead
|c|☆cogonahorse|?
|c|☆cogonahorse|was it that bad?
|l| EAlejandro ☭
|c|☆cogonahorse|anyways sorry if the magma storm misses bothered you
|c|☆cogonahorse|have a nice day
