|j|☆Spectre Ace
|j|☆UwUKingUwU
|t:|1664637211
|gametype|singles
|player|p1|Spectre Ace|juggler|1617
|player|p2|UwUKingUwU|cynthia|1605
|teamsize|p1|6
|teamsize|p2|6
|gen|8
|tier|[Gen 8] OU
|rated|
|rule|Sleep Clause Mod: Limit one foe put to sleep
|rule|Species Clause: Limit one of each Pokémon
|rule|OHKO Clause: OHKO moves are banned
|rule|Evasion Items Clause: Evasion items are banned
|rule|Evasion Moves Clause: Evasion moves are banned
|rule|Endless Battle Clause: Forcing endless battles is banned
|rule|HP Percentage Mod: HP is shown in percentages
|rule|Dynamax Clause: You cannot dynamax
|clearpoke
|poke|p1|Landorus-Therian, M|
|poke|p1|Ferrothorn, M|
|poke|p1|Volcanion|
|poke|p1|Raichu-Alola, F|
|poke|p1|Tapu Koko|
|poke|p1|Clefable, F|
|poke|p2|Nihilego|
|poke|p2|Zapdos-Galar|
|poke|p2|Kartana|
|poke|p2|Celesteela|
|poke|p2|Garchomp, F|
|poke|p2|Tapu Fini|
|teampreview
|inactive|Battle timer is ON: inactive players will automatically lose when time's up. (requested by UwUKingUwU)
|l|☆Spectre Ace
|inactive|Spectre Ace disconnected and has a minute to reconnect!
|player|p1|
|inactive|Spectre Ace has 30 seconds to reconnect!
|inactive|Spectre Ace has 20 seconds to reconnect!
|inactive|Spectre Ace has 15 seconds to reconnect!
|inactive|Spectre Ace has 10 seconds to reconnect!
|j|☆Spectre Ace
|inactive|Spectre Ace reconnected and has 95 seconds left.
|player|p1|Spectre Ace|juggler
|inactive|Spectre Ace has 90 seconds left.
|
|t:|1664637276
|start
|switch|p1a: Clefable|Clefable, F|100/100
|switch|p2a: Garchomp|Garchomp, F|100/100
|turn|1
|
|t:|1664637280
|switch|p2a: Nihilego|Nihilego|100/100
|move|p1a: Clefable|Moonblast|p2a: Nihilego
|-resisted|p2a: Nihilego
|-damage|p2a: Nihilego|90/100
|
|upkeep
|turn|2
|
|t:|1664637287
|switch|p2a: Celesteela|Celesteela|100/100
|switch|p1a: Sundowner|Ferrothorn, M, shiny|100/100
|
|upkeep
|turn|3
|
|t:|1664637291
|move|p2a: Celesteela|Flamethrower|p1a: Sundowner
|-supereffective|p1a: Sundowner
|-damage|p1a: Sundowner|19/100
|move|p1a: Sundowner|Leech Seed|p2a: Celesteela
|-start|p2a: Celesteela|move: Leech Seed
|
|-heal|p1a: Sundowner|25/100|[from] item: Leftovers
|-damage|p2a: Celesteela|88/100|[from] Leech Seed|[of] p1a: Sundowner
|-heal|p1a: Sundowner|37/100|[silent]
|upkeep
|turn|4
|
|t:|1664637296
|switch|p2a: Zapdos|Zapdos-Galar|100/100
|switch|p1a: Amadeus|Landorus-Therian, M|100/100
|-ability|p1a: Amadeus|Intimidate|boost
|-unboost|p2a: Zapdos|atk|1
|-ability|p2a: Zapdos|Defiant
|-boost|p2a: Zapdos|atk|2
|
|upkeep
|turn|5
|
|t:|1664637299
|move|p2a: Zapdos|Brave Bird|p1a: Amadeus
|-damage|p1a: Amadeus|0 fnt
|faint|p1a: Amadeus
|-damage|p2a: Zapdos|61/100|[from] Recoil
|
|upkeep
|
|t:|1664637302
|switch|p1a: Booker|Tapu Koko|100/100
|-fieldstart|move: Electric Terrain|[from] ability: Electric Surge|[of] p1a: Booker
|turn|6
|
|t:|1664637310
|switch|p2a: Garchomp|Garchomp, F|100/100
|move|p1a: Booker|Dazzling Gleam|p2a: Garchomp
|-supereffective|p2a: Garchomp
|-damage|p2a: Garchomp|36/100
|
|upkeep
|turn|7
|
|t:|1664637318
|move|p1a: Booker|Dazzling Gleam|p2a: Garchomp
|-supereffective|p2a: Garchomp
|-damage|p2a: Garchomp|0 fnt
|faint|p2a: Garchomp
|
|upkeep
|
|t:|1664637320
|switch|p2a: Nihilego|Nihilego|90/100
|turn|8
|
|t:|1664637325
|move|p1a: Booker|U-turn|p2a: Nihilego
|-resisted|p2a: Nihilego
|-damage|p2a: Nihilego|77/100
|
|t:|1664637326
|switch|p1a: Sundowner|Ferrothorn, M, shiny|37/100|[from]move: U-turn
|move|p2a: Nihilego|Meteor Beam||[still]
|-prepare|p2a: Nihilego|Meteor Beam
|-boost|p2a: Nihilego|spa|1
|-enditem|p2a: Nihilego|Power Herb
|-anim|p2a: Nihilego|Meteor Beam|p1a: Sundowner
|-resisted|p1a: Sundowner
|-damage|p1a: Sundowner|9/100
|
|-heal|p1a: Sundowner|16/100|[from] item: Leftovers
|upkeep
|turn|9
|
|t:|1664637333
|move|p2a: Nihilego|Power Gem|p1a: Sundowner
|-resisted|p1a: Sundowner
|-damage|p1a: Sundowner|0 fnt
|faint|p1a: Sundowner
|-ability|p2a: Nihilego|Beast Boost|boost
|-boost|p2a: Nihilego|spe|1
|
|upkeep
|
|t:|1664637336
|switch|p1a: Valentine|Raichu-Alola, F, shiny|100/100
|turn|10
|
|t:|1664637339
|move|p1a: Valentine|Psyshock|p2a: Nihilego
|-supereffective|p2a: Nihilego
|-damage|p2a: Nihilego|0 fnt
|faint|p2a: Nihilego
|-damage|p1a: Valentine|91/100|[from] item: Life Orb
|
|upkeep
|
|t:|1664637348
|switch|p2a: Tapu Fini|Tapu Fini|100/100
|-fieldstart|move: Misty Terrain|[from] ability: Misty Surge|[of] p2a: Tapu Fini
|turn|11
|
|t:|1664637353
|move|p1a: Valentine|Nasty Plot|p1a: Valentine
|-boost|p1a: Valentine|spa|2
|move|p2a: Tapu Fini|Calm Mind|p2a: Tapu Fini
|-boost|p2a: Tapu Fini|spa|1
|-boost|p2a: Tapu Fini|spd|1
|
|upkeep
|turn|12
|
|t:|1664637356
|move|p1a: Valentine|Rising Voltage|p2a: Tapu Fini
|-supereffective|p2a: Tapu Fini
|-damage|p2a: Tapu Fini|11/100
|-damage|p1a: Valentine|81/100|[from] item: Life Orb
|move|p2a: Tapu Fini|Draining Kiss|p1a: Valentine
|-damage|p1a: Valentine|44/100
|-heal|p2a: Tapu Fini|32/100|[from] drain|[of] p1a: Valentine
|
|-heal|p2a: Tapu Fini|38/100|[from] item: Leftovers
|upkeep
|turn|13
|
|t:|1664637364
|move|p1a: Valentine|Psyshock|p2a: Tapu Fini
|-damage|p2a: Tapu Fini|0 fnt
|faint|p2a: Tapu Fini
|-damage|p1a: Valentine|34/100|[from] item: Life Orb
|
|upkeep
|
|t:|1664637367
|switch|p2a: Kartana|Kartana|100/100
|turn|14
|
|t:|1664637371
|switch|p1a: Clefable|Clefable, F|100/100
|move|p2a: Kartana|Leaf Blade|p1a: Clefable
|-damage|p1a: Clefable|43/100
|
|upkeep
|turn|15
|
|t:|1664637381
|switch|p1a: Booker|Tapu Koko|100/100
|-fieldstart|move: Electric Terrain|[from] ability: Electric Surge|[of] p1a: Booker
|move|p2a: Kartana|Leaf Blade|p1a: Booker
|-damage|p1a: Booker|10/100
|
|upkeep
|turn|16
|
|t:|1664637385
|switch|p1a: Clefable|Clefable, F|43/100
|move|p2a: Kartana|Leaf Blade|p1a: Clefable
|-damage|p1a: Clefable|0 fnt
|faint|p1a: Clefable
|-ability|p2a: Kartana|Beast Boost|boost
|-boost|p2a: Kartana|atk|1
|
|upkeep
|
|t:|1664637387
|switch|p1a: Valentine|Raichu-Alola, F, shiny|34/100
|turn|17
|
|t:|1664637392
|move|p1a: Valentine|Rising Voltage|p2a: Kartana
|-hint|Rising Voltage's BP doubled on grounded target.
|-resisted|p2a: Kartana
|-damage|p2a: Kartana|0 fnt
|faint|p2a: Kartana
|-damage|p1a: Valentine|24/100|[from] item: Life Orb
|
|upkeep
|
|t:|1664637394
|switch|p2a: Celesteela|Celesteela|88/100
|turn|18
|
|t:|1664637396
|move|p1a: Valentine|Rising Voltage|p2a: Celesteela
|-supereffective|p2a: Celesteela
|-damage|p2a: Celesteela|0 fnt
|faint|p2a: Celesteela
|-damage|p1a: Valentine|14/100|[from] item: Life Orb
|
|upkeep
|
|t:|1664637398
|switch|p2a: Zapdos|Zapdos-Galar|61/100
|turn|19
|
|t:|1664637400
|move|p1a: Valentine|Rising Voltage|p2a: Zapdos
|-supereffective|p2a: Zapdos
|-damage|p2a: Zapdos|0 fnt
|faint|p2a: Zapdos
|-damage|p1a: Valentine|4/100|[from] item: Life Orb
|
|win|Spectre Ace
|raw|Spectre Ace's rating: 1617 &rarr; <strong>1636</strong><br />(+19 for winning)
|raw|UwUKingUwU's rating: 1605 &rarr; <strong>1586</strong><br />(-19 for losing)
|c|☆UwUKingUwU|gg
|l|☆UwUKingUwU
|c|☆Spectre Ace|Gg
||Ladder isn't responding, score probably updated but might not have (Request timeout).
