|html|<div class="broadcast-blue"><strong>[Gen 8] OU is currently suspecting Melmetal! For information on how to participate check out the <a href="https://www.smogon.com/forums/threads/np-ss-ou-suspect-process-round-12-monster-mash.3709234/">suspect thread</a>.</strong></div>
|j|☆Down$hift
|j|☆Mangostein
|t:|1665862057
|gametype|singles
|player|p1|Down$hift|teamrocket|1788
|player|p2|Mangostein|flannery|1828
|teamsize|p1|6
|teamsize|p2|6
|gen|8
|tier|[Gen 8] OU
|rated|
|rule|Sleep Clause Mod: Limit one foe put to sleep
|rule|Species Clause: Limit one of each Pokémon
|rule|OHKO Clause: OHKO moves are banned
|rule|Evasion Items Clause: Evasion items are banned
|rule|Evasion Moves Clause: Evasion moves are banned
|rule|Endless Battle Clause: Forcing endless battles is banned
|rule|HP Percentage Mod: HP is shown in percentages
|rule|Dynamax Clause: You cannot dynamax
|clearpoke
|poke|p1|Alakazam, F|
|poke|p1|Tapu Lele|
|poke|p1|Flygon, F|
|poke|p1|Buzzwole|
|poke|p1|Ferrothorn, F|
|poke|p1|Heatran, M|
|poke|p2|Porygon-Z|
|poke|p2|Dragapult, F|
|poke|p2|Heatran, F|
|poke|p2|Mandibuzz, F|
|poke|p2|Clefable, F|
|poke|p2|Gastrodon, M|
|teampreview
|j| lalelosido
|c|☆Down$hift|hf
|j| rich sil
|c| lalelosido|hf
|c|☆Mangostein|u2
|
|t:|1665862086
|start
|switch|p1a: Canned Calamari|Tapu Lele|100/100
|switch|p2a: Clefable|Clefable, F|100/100
|-fieldstart|move: Psychic Terrain|[from] ability: Psychic Surge|[of] p1a: Canned Calamari
|turn|1
|
|t:|1665862094
|switch|p1a: Yeetran|Heatran, M|100/100
|move|p2a: Clefable|Stealth Rock|p1a: Yeetran
|-sidestart|p1: Down$hift|move: Stealth Rock
|
|upkeep
|turn|2
|
|t:|1665862098
|switch|p2a: Gastrodon|Gastrodon, M|100/100
|move|p1a: Yeetran|Stealth Rock|p2a: Gastrodon
|-sidestart|p2: Mangostein|move: Stealth Rock
|
|upkeep
|turn|3
|
|t:|1665862103
|switch|p1a: Muscle Sprout|Ferrothorn, F|100/100
|-damage|p1a: Muscle Sprout|94/100|[from] Stealth Rock
|move|p2a: Gastrodon|Scald|p1a: Muscle Sprout
|-resisted|p1a: Muscle Sprout
|-damage|p1a: Muscle Sprout|85/100
|-status|p1a: Muscle Sprout|brn
|
|-heal|p1a: Muscle Sprout|92/100 brn|[from] item: Leftovers
|-damage|p1a: Muscle Sprout|85/100 brn|[from] brn
|upkeep
|turn|4
|
|t:|1665862108
|switch|p2a: Heatran|Heatran, F|100/100
|-damage|p2a: Heatran|88/100|[from] Stealth Rock
|move|p1a: Muscle Sprout|Knock Off|p2a: Heatran
|-damage|p2a: Heatran|81/100
|-enditem|p2a: Heatran|Leftovers|[from] move: Knock Off|[of] p1a: Muscle Sprout
|
|-heal|p1a: Muscle Sprout|92/100 brn|[from] item: Leftovers
|-damage|p1a: Muscle Sprout|85/100 brn|[from] brn
|upkeep
|turn|5
|
|t:|1665862111
|switch|p1a: Sandwing|Flygon, F|100/100
|-damage|p1a: Sandwing|94/100|[from] Stealth Rock
|move|p2a: Heatran|Earth Power|p1a: Sandwing
|-immune|p1a: Sandwing|[from] ability: Levitate
|
|-heal|p1a: Sandwing|100/100|[from] item: Leftovers
|-fieldend|move: Psychic Terrain
|upkeep
|turn|6
|
|t:|1665862116
|move|p2a: Heatran|Toxic|p1a: Sandwing
|-status|p1a: Sandwing|tox
|move|p1a: Sandwing|U-turn|p2a: Heatran
|-resisted|p2a: Heatran
|-damage|p2a: Heatran|79/100
|
|t:|1665862125
|switch|p1a: Canned Calamari|Tapu Lele|100/100|[from]move: U-turn
|-damage|p1a: Canned Calamari|88/100|[from] Stealth Rock
|-fieldstart|move: Psychic Terrain|[from] ability: Psychic Surge|[of] p1a: Canned Calamari
|
|upkeep
|turn|7
|
|t:|1665862132
|switch|p1a: Sandwing|Flygon, F|100/100 tox
|-damage|p1a: Sandwing|94/100 tox|[from] Stealth Rock
|move|p2a: Heatran|Magma Storm|p1a: Sandwing
|-resisted|p1a: Sandwing
|-damage|p1a: Sandwing|76/100 tox
|-activate|p1a: Sandwing|move: Magma Storm|[of] p2a: Heatran
|
|-heal|p1a: Sandwing|82/100 tox|[from] item: Leftovers
|-damage|p1a: Sandwing|76/100 tox|[from] psn
|-damage|p1a: Sandwing|64/100 tox|[from] move: Magma Storm|[partiallytrapped]
|upkeep
|turn|8
|
|t:|1665862136
|switch|p2a: Mandibuzz|Mandibuzz, F|100/100
|move|p1a: Sandwing|U-turn|p2a: Mandibuzz
|-damage|p2a: Mandibuzz|92/100
|j| RazorForce21
|
|t:|1665862142
|switch|p1a: Yeetran|Heatran, M|100/100|[from]move: U-turn
|-damage|p1a: Yeetran|88/100|[from] Stealth Rock
|
|-heal|p1a: Yeetran|94/100|[from] item: Leftovers
|upkeep
|turn|9
|
|t:|1665862145
|switch|p2a: Gastrodon|Gastrodon, M|100/100
|move|p1a: Yeetran|Magma Storm|p2a: Gastrodon
|-resisted|p2a: Gastrodon
|-damage|p2a: Gastrodon|86/100
|-activate|p2a: Gastrodon|move: Magma Storm|[of] p1a: Yeetran
|
|-heal|p1a: Yeetran|100/100|[from] item: Leftovers
|-damage|p2a: Gastrodon|73/100|[from] move: Magma Storm|[partiallytrapped]
|upkeep
|turn|10
|
|t:|1665862151
|switch|p1a: Muscle Sprout|Ferrothorn, F|85/100 brn
|-damage|p1a: Muscle Sprout|79/100 brn|[from] Stealth Rock
|move|p2a: Gastrodon|Earthquake|p1a: Muscle Sprout
|-damage|p1a: Muscle Sprout|58/100 brn
|
|-heal|p1a: Muscle Sprout|64/100 brn|[from] item: Leftovers
|-damage|p1a: Muscle Sprout|58/100 brn|[from] brn
|-end|p2a: Gastrodon|Magma Storm|[partiallytrapped]|[silent]
|-fieldend|move: Psychic Terrain
|upkeep
|turn|11
|
|t:|1665862154
|move|p2a: Gastrodon|Earthquake|p1a: Muscle Sprout
|-damage|p1a: Muscle Sprout|35/100 brn
|move|p1a: Muscle Sprout|Leech Seed|p2a: Gastrodon|[miss]
|-miss|p1a: Muscle Sprout|p2a: Gastrodon
|
|-heal|p1a: Muscle Sprout|42/100 brn|[from] item: Leftovers
|-damage|p1a: Muscle Sprout|35/100 brn|[from] brn
|upkeep
|turn|12
|
|t:|1665862158
|move|p2a: Gastrodon|Earthquake|p1a: Muscle Sprout
|-damage|p1a: Muscle Sprout|16/100 brn
|move|p1a: Muscle Sprout|Leech Seed|p2a: Gastrodon
|-start|p2a: Gastrodon|move: Leech Seed
|
|-heal|p1a: Muscle Sprout|22/100 brn|[from] item: Leftovers
|-damage|p2a: Gastrodon|61/100|[from] Leech Seed|[of] p1a: Muscle Sprout
|-heal|p1a: Muscle Sprout|37/100 brn|[silent]
|-damage|p1a: Muscle Sprout|31/100 brn|[from] brn
|upkeep
|turn|13
|
|t:|1665862161
|switch|p2a: Clefable|Clefable, F|100/100
|move|p1a: Muscle Sprout|Spikes|p2a: Clefable
|-sidestart|p2: Mangostein|Spikes
|
|-heal|p1a: Muscle Sprout|37/100 brn|[from] item: Leftovers
|-damage|p1a: Muscle Sprout|31/100 brn|[from] brn
|upkeep
|turn|14
|
|t:|1665862165
|move|p2a: Clefable|Knock Off|p1a: Muscle Sprout
|-damage|p1a: Muscle Sprout|20/100 brn
|-activate|p1a: Muscle Sprout|ability: Iron Barbs
|-enditem|p1a: Muscle Sprout|Leftovers|[from] move: Knock Off|[of] p2a: Clefable
|move|p1a: Muscle Sprout|Knock Off|p2a: Clefable
|-resisted|p2a: Clefable
|-damage|p2a: Clefable|96/100
|-enditem|p2a: Clefable|Leftovers|[from] move: Knock Off|[of] p1a: Muscle Sprout
|
|-damage|p1a: Muscle Sprout|13/100 brn|[from] brn
|upkeep
|turn|15
|
|t:|1665862170
|switch|p1a: Yeetran|Heatran, M|100/100
|-damage|p1a: Yeetran|88/100|[from] Stealth Rock
|move|p2a: Clefable|Knock Off|p1a: Yeetran
|-damage|p1a: Yeetran|75/100
|-enditem|p1a: Yeetran|Leftovers|[from] move: Knock Off|[of] p2a: Clefable
|
|upkeep
|turn|16
|
|t:|1665862174
|switch|p2a: Gastrodon|Gastrodon, M|61/100
|move|p1a: Yeetran|Magma Storm|p2a: Gastrodon|[miss]
|-miss|p1a: Yeetran|p2a: Gastrodon
|
|upkeep
|turn|17
|
|t:|1665862178
|move|p1a: Yeetran|Magma Storm|p2a: Gastrodon
|-resisted|p2a: Gastrodon
|-damage|p2a: Gastrodon|46/100
|-activate|p2a: Gastrodon|move: Magma Storm|[of] p1a: Yeetran
|move|p2a: Gastrodon|Recover|p2a: Gastrodon
|-heal|p2a: Gastrodon|96/100
|
|-damage|p2a: Gastrodon|83/100|[from] move: Magma Storm|[partiallytrapped]
|upkeep
|turn|18
|
|t:|1665862183
|switch|p1a: Canned Calamari|Tapu Lele|88/100
|-damage|p1a: Canned Calamari|76/100|[from] Stealth Rock
|-fieldstart|move: Psychic Terrain|[from] ability: Psychic Surge|[of] p1a: Canned Calamari
|move|p2a: Gastrodon|Earthquake|p1a: Canned Calamari
|-damage|p1a: Canned Calamari|32/100
|
|-end|p2a: Gastrodon|Magma Storm|[partiallytrapped]|[silent]
|upkeep
|turn|19
|
|t:|1665862189
|switch|p1a: Matrix|Alakazam, F|100/100
|switch|p2a: Heatran|Heatran, F|79/100
|-damage|p2a: Heatran|66/100|[from] Stealth Rock
|-damage|p2a: Heatran|54/100|[from] Spikes
|
|upkeep
|turn|20
|
|t:|1665862193
|move|p1a: Matrix|Nasty Plot|p1a: Matrix
|-boost|p1a: Matrix|spa|2
|move|p2a: Heatran|Magma Storm|p1a: Matrix|[miss]
|-miss|p2a: Heatran|p1a: Matrix
|
|upkeep
|turn|21
|
|t:|1665862196
|move|p1a: Matrix|Expanding Force|p2a: Heatran
|-resisted|p2a: Heatran
|-damage|p2a: Heatran|0 fnt
|faint|p2a: Heatran
|
|upkeep
|
|t:|1665862198
|switch|p2a: Dragapult|Dragapult, F|100/100
|-damage|p2a: Dragapult|88/100|[from] Stealth Rock
|-damage|p2a: Dragapult|76/100|[from] Spikes
|turn|22
|
|t:|1665862204
|switch|p1a: Muscle Sprout|Ferrothorn, F|13/100 brn
|-damage|p1a: Muscle Sprout|7/100 brn|[from] Stealth Rock
|move|p2a: Dragapult|Dragon Darts|p1a: Muscle Sprout
|-resisted|p1a: Muscle Sprout
|-damage|p1a: Muscle Sprout|0 fnt
|faint|p1a: Muscle Sprout
|
|-fieldend|move: Psychic Terrain
|upkeep
|
|t:|1665862210
|switch|p1a: Canned Calamari|Tapu Lele|32/100
|-damage|p1a: Canned Calamari|19/100|[from] Stealth Rock
|-fieldstart|move: Psychic Terrain|[from] ability: Psychic Surge|[of] p1a: Canned Calamari
|turn|23
|
|t:|1665862218
|switch|p2a: Clefable|Clefable, F|96/100
|move|p1a: Canned Calamari|Psyshock|p2a: Clefable
|-damage|p2a: Clefable|44/100
|
|upkeep
|turn|24
|j| Youressi
|
|t:|1665862238
|switch|p1a: NachoThighJuice|Buzzwole|100/100
|-damage|p1a: NachoThighJuice|88/100|[from] Stealth Rock
|switch|p2a: Mandibuzz|Mandibuzz, F|92/100
|
|upkeep
|turn|25
|j| Aimuji17
|
|t:|1665862248
|move|p2a: Mandibuzz|U-turn|p1a: NachoThighJuice
|-resisted|p1a: NachoThighJuice
|-damage|p1a: NachoThighJuice|85/100
|-damage|p2a: Mandibuzz|75/100|[from] item: Rocky Helmet|[of] p1a: NachoThighJuice
|
|t:|1665862250
|switch|p2a: Clefable|Clefable, F|44/100|[from]move: U-turn
|move|p1a: NachoThighJuice|Close Combat|p2a: Clefable
|-resisted|p2a: Clefable
|-damage|p2a: Clefable|17/100
|-unboost|p1a: NachoThighJuice|def|1
|-unboost|p1a: NachoThighJuice|spd|1
|
|upkeep
|turn|26
|
|t:|1665862261
|move|p1a: NachoThighJuice|Ice Punch|p2a: Clefable
|-damage|p2a: Clefable|0 fnt
|faint|p2a: Clefable
|-ability|p1a: NachoThighJuice|Beast Boost|boost
|-boost|p1a: NachoThighJuice|atk|1
|
|upkeep
|
|t:|1665862263
|switch|p2a: Porygon-Z|Porygon-Z|100/100
|-damage|p2a: Porygon-Z|88/100|[from] Stealth Rock
|-damage|p2a: Porygon-Z|76/100|[from] Spikes
|turn|27
|
|t:|1665862269
|switch|p1a: Yeetran|Heatran, M|75/100
|-damage|p1a: Yeetran|63/100|[from] Stealth Rock
|move|p2a: Porygon-Z|Tri Attack|p1a: Yeetran
|-resisted|p1a: Yeetran
|-damage|p1a: Yeetran|40/100
|
|-fieldend|move: Psychic Terrain
|upkeep
|turn|28
|
|t:|1665862276
|switch|p2a: Gastrodon|Gastrodon, M|83/100
|move|p1a: Yeetran|Magma Storm|p2a: Gastrodon
|-resisted|p2a: Gastrodon
|-damage|p2a: Gastrodon|69/100
|-activate|p2a: Gastrodon|move: Magma Storm|[of] p1a: Yeetran
|
|-damage|p2a: Gastrodon|56/100|[from] move: Magma Storm|[partiallytrapped]
|upkeep
|turn|29
|
|t:|1665862278
|move|p1a: Yeetran|Taunt|p2a: Gastrodon
|-start|p2a: Gastrodon|move: Taunt
|move|p2a: Gastrodon|Scald|p1a: Yeetran
|-supereffective|p1a: Yeetran
|-damage|p1a: Yeetran|3/100
|
|-damage|p2a: Gastrodon|44/100|[from] move: Magma Storm|[partiallytrapped]
|upkeep
|turn|30
|
|t:|1665862281
|move|p1a: Yeetran|Earth Power|p2a: Gastrodon
|-damage|p2a: Gastrodon|25/100
|-unboost|p2a: Gastrodon|spd|1
|move|p2a: Gastrodon|Scald|p1a: Yeetran
|-supereffective|p1a: Yeetran
|-damage|p1a: Yeetran|0 fnt
|faint|p1a: Yeetran
|
|-end|p2a: Gastrodon|Magma Storm|[partiallytrapped]|[silent]
|upkeep
|j| FernandoTA
|
|t:|1665862290
|switch|p1a: Canned Calamari|Tapu Lele|19/100
|-damage|p1a: Canned Calamari|7/100|[from] Stealth Rock
|-fieldstart|move: Psychic Terrain|[from] ability: Psychic Surge|[of] p1a: Canned Calamari
|turn|31
|
|t:|1665862295
|move|p1a: Canned Calamari|Moonblast|p2a: Gastrodon
|-damage|p2a: Gastrodon|0 fnt
|faint|p2a: Gastrodon
|
|upkeep
|
|t:|1665862304
|switch|p2a: Mandibuzz|Mandibuzz, F|75/100
|turn|32
|
|t:|1665862306
|move|p1a: Canned Calamari|Moonblast|p2a: Mandibuzz
|-supereffective|p2a: Mandibuzz
|-damage|p2a: Mandibuzz|0 fnt
|faint|p2a: Mandibuzz
|
|upkeep
|
|t:|1665862309
|switch|p2a: Porygon-Z|Porygon-Z|76/100
|-damage|p2a: Porygon-Z|63/100|[from] Stealth Rock
|-damage|p2a: Porygon-Z|51/100|[from] Spikes
|turn|33
|
|t:|1665862312
|move|p1a: Canned Calamari|Moonblast|p2a: Porygon-Z
|-damage|p2a: Porygon-Z|0 fnt
|faint|p2a: Porygon-Z
|
|upkeep
|
|t:|1665862314
|switch|p2a: Dragapult|Dragapult, F|76/100
|-damage|p2a: Dragapult|64/100|[from] Stealth Rock
|-damage|p2a: Dragapult|51/100|[from] Spikes
|turn|34
|
|t:|1665862319
|move|p1a: Canned Calamari|Moonblast|p2a: Dragapult
|-supereffective|p2a: Dragapult
|-crit|p2a: Dragapult
|-damage|p2a: Dragapult|0 fnt
|faint|p2a: Dragapult
|
|win|Down$hift
|raw|Down$hift's rating: 1788 &rarr; <strong>1810</strong><br />(+22 for winning)
|raw|Mangostein's rating: 1828 &rarr; <strong>1806</strong><br />(-22 for losing)
|c|☆Down$hift|gg
|c|☆Mangostein|gg
|l|☆Mangostein
|l| lalelosido
|l| rich sil
||Ladder isn't responding, score probably updated but might not have (Request timeout).
