|raw|<div class="broadcast-blue"><strong>This battle is required to be public due to a player having a name prefixed by 'LT71LX'.</div>
|j|☆LT71LX Enrique
|j|☆Ayante
|t:|1596931340
|player|p1|LT71LX Enrique|ethan|1647
|player|p2|Ayante|koga|1661
|teamsize|p1|6
|teamsize|p2|6
|gametype|singles
|gen|8
|tier|[Gen 8] OU
|rated|
|clearpoke
|poke|p1|Kyurem|
|poke|p1|Corviknight, F|
|poke|p1|Blissey, F|
|poke|p1|Tangrowth, F|
|poke|p1|Clefable, F|
|poke|p1|Toxapex, F|
|poke|p2|Togekiss, F|
|poke|p2|Necrozma|
|poke|p2|Excadrill, M|
|poke|p2|Urshifu-*, F|
|poke|p2|Rillaboom, F|
|poke|p2|Rotom-Heat|
|rule|Sleep Clause Mod: Limit one foe put to sleep
|rule|Species Clause: Limit one of each Pokémon
|rule|OHKO Clause: OHKO moves are banned
|rule|Evasion Moves Clause: Evasion moves are banned
|rule|Endless Battle Clause: Forcing endless battles is banned
|rule|HP Percentage Mod: HP is shown in percentages
|rule|Dynamax Clause: You cannot dynamax
|teampreview
|
|t:|1596931361
|start
|switch|p1a: Clefable|Clefable, F|100/100
|switch|p2a: Rotom|Rotom-Heat|100/100
|turn|1
|
|t:|1596931369
|move|p1a: Clefable|Trick|p2a: Rotom
|-activate|p1a: Clefable|move: Trick|[of] p2a: Rotom
|-item|p2a: Rotom|Choice Scarf|[from] move: Trick
|-item|p1a: Clefable|Heavy-Duty Boots|[from] move: Trick
|move|p2a: Rotom|Nasty Plot|p2a: Rotom
|-boost|p2a: Rotom|spa|2
|
|upkeep
|turn|2
|
|t:|1596931377
|switch|p2a: Excadrill|Excadrill, M|100/100
|-ability|p2a: Excadrill|Mold Breaker
|move|p1a: Clefable|Soft-Boiled||[still]
|-fail|p1a: Clefable|heal
|
|upkeep
|turn|3
|
|t:|1596931387
|switch|p1a: Tangrowth|Tangrowth, F|100/100
|move|p2a: Excadrill|Stealth Rock|p1a: Tangrowth
|-sidestart|p1: LT71LX Enrique|move: Stealth Rock
|
|upkeep
|turn|4
|
|t:|1596931397
|switch|p2a: Rotom|Rotom-Heat|100/100
|move|p1a: Tangrowth|Sleep Powder|p2a: Rotom
|-status|p2a: Rotom|slp|[from] move: Sleep Powder
|
|upkeep
|turn|5
|
|t:|1596931412
|switch|p2a: Necrozma|Necrozma|100/100
|switch|p1a: Clefable|Clefable, F|100/100
|
|upkeep
|turn|6
|
|t:|1596931419
|move|p2a: Necrozma|Photon Geyser|p1a: Clefable
|-damage|p1a: Clefable|51/100
|move|p1a: Clefable|Stealth Rock|p2a: Necrozma
|-sidestart|p2: Ayante|move: Stealth Rock
|
|upkeep
|turn|7
|
|t:|1596931428
|switch|p1a: Blissey|Blissey, F|100/100
|move|p2a: Necrozma|Meteor Beam||[still]
|-prepare|p2a: Necrozma|Meteor Beam
|-boost|p2a: Necrozma|spa|1
|-enditem|p2a: Necrozma|Power Herb
|-anim|p2a: Necrozma|Meteor Beam|p1a: Blissey
|-damage|p1a: Blissey|77/100
|
|upkeep
|turn|8
|
|t:|1596931439
|move|p2a: Necrozma|Photon Geyser|p1a: Blissey
|-damage|p1a: Blissey|50/100
|move|p1a: Blissey|Seismic Toss|p2a: Necrozma
|-damage|p2a: Necrozma|71/100
|
|upkeep
|turn|9
|
|t:|1596931452
|switch|p2a: Excadrill|Excadrill, M|100/100
|-damage|p2a: Excadrill|97/100|[from] Stealth Rock
|-ability|p2a: Excadrill|Mold Breaker
|move|p1a: Blissey|Soft-Boiled|p1a: Blissey
|-heal|p1a: Blissey|99/100
|
|-heal|p2a: Excadrill|100/100|[from] item: Leftovers
|upkeep
|turn|10
|
|t:|1596931463
|switch|p1a: Tangrowth|Tangrowth, F|100/100
|-damage|p1a: Tangrowth|88/100|[from] Stealth Rock
|move|p2a: Excadrill|Rapid Spin|p1a: Tangrowth
|-damage|p1a: Tangrowth|78/100
|-boost|p2a: Excadrill|spe|1
|-damage|p2a: Excadrill|84/100|[from] item: Rocky Helmet|[of] p1a: Tangrowth
|-sideend|p2: Ayante|Stealth Rock|[from] move: Rapid Spin|[of] p2a: Excadrill
|
|-heal|p2a: Excadrill|90/100|[from] item: Leftovers
|upkeep
|turn|11
|
|t:|1596931475
|switch|p2a: Rotom|Rotom-Heat|100/100 slp
|move|p1a: Tangrowth|Giga Drain|p2a: Rotom
|-resisted|p2a: Rotom
|-damage|p2a: Rotom|86/100 slp
|-heal|p1a: Tangrowth|84/100|[from] drain|[of] p2a: Rotom
|
|upkeep
|turn|12
|
|t:|1596931483
|switch|p2a: Togekiss|Togekiss, F|100/100
|switch|p1a: Clefable|Clefable, F|51/100
|
|upkeep
|turn|13
|
|t:|1596931490
|switch|p1a: Blissey|Blissey, F|99/100
|move|p2a: Togekiss|Substitute|p2a: Togekiss
|-start|p2a: Togekiss|Substitute
|-damage|p2a: Togekiss|76/100
|
|-heal|p2a: Togekiss|82/100|[from] item: Leftovers
|upkeep
|turn|14
|
|t:|1596931499
|move|p2a: Togekiss|Nasty Plot|p2a: Togekiss
|-boost|p2a: Togekiss|spa|2
|move|p1a: Blissey|Seismic Toss|p2a: Togekiss
|-end|p2a: Togekiss|Substitute
|
|-heal|p2a: Togekiss|88/100|[from] item: Leftovers
|upkeep
|turn|15
|
|t:|1596931509
|move|p2a: Togekiss|Air Slash|p1a: Blissey
|-damage|p1a: Blissey|73/100
|move|p1a: Blissey|Seismic Toss|p2a: Togekiss
|-damage|p2a: Togekiss|56/100
|
|-heal|p2a: Togekiss|62/100|[from] item: Leftovers
|upkeep
|turn|16
|
|t:|1596931521
|move|p2a: Togekiss|Draining Kiss|p1a: Blissey
|-damage|p1a: Blissey|55/100
|-heal|p2a: Togekiss|92/100|[from] drain|[of] p1a: Blissey
|move|p1a: Blissey|Soft-Boiled|p1a: Blissey
|-heal|p1a: Blissey|100/100
|
|-heal|p2a: Togekiss|98/100|[from] item: Leftovers
|upkeep
|turn|17
|
|t:|1596931531
|move|p2a: Togekiss|Substitute|p2a: Togekiss
|-start|p2a: Togekiss|Substitute
|-damage|p2a: Togekiss|73/100
|move|p1a: Blissey|Teleport|p1a: Blissey
|
|t:|1596931536
|switch|p1a: Kyurem|Kyurem|100/100|[from]move: Teleport
|-damage|p1a: Kyurem|76/100|[from] Stealth Rock
|-ability|p1a: Kyurem|Pressure
|
|-heal|p2a: Togekiss|79/100|[from] item: Leftovers
|upkeep
|turn|18
|
|t:|1596931545
|move|p1a: Kyurem|Icicle Spear|p2a: Togekiss
|-supereffective|p2a: Togekiss
|-activate|p2a: Togekiss|move: Substitute|[damage]
|-supereffective|p2a: Togekiss
|-end|p2a: Togekiss|Substitute
|-supereffective|p2a: Togekiss
|-damage|p2a: Togekiss|58/100
|-supereffective|p2a: Togekiss
|-damage|p2a: Togekiss|34/100
|-supereffective|p2a: Togekiss
|-damage|p2a: Togekiss|11/100
|-hitcount|p2a: Togekiss|5
|move|p2a: Togekiss|Draining Kiss|p1a: Kyurem
|-supereffective|p1a: Kyurem
|-damage|p1a: Kyurem|0 fnt
|-heal|p2a: Togekiss|82/100|[from] drain|[of] p1a: Kyurem
|faint|p1a: Kyurem
|
|-heal|p2a: Togekiss|88/100|[from] item: Leftovers
|upkeep
|
|t:|1596931553
|switch|p1a: Blissey|Blissey, F|100/100
|turn|19
|j| OAO2222
|
|t:|1596931570
|move|p2a: Togekiss|Substitute|p2a: Togekiss
|-start|p2a: Togekiss|Substitute
|-damage|p2a: Togekiss|64/100
|move|p1a: Blissey|Seismic Toss|p2a: Togekiss
|-end|p2a: Togekiss|Substitute
|
|-heal|p2a: Togekiss|69/100|[from] item: Leftovers
|upkeep
|turn|20
|
|t:|1596931580
|move|p2a: Togekiss|Nasty Plot|p2a: Togekiss
|-boost|p2a: Togekiss|spa|2
|move|p1a: Blissey|Seismic Toss|p2a: Togekiss
|-damage|p2a: Togekiss|38/100
|
|-heal|p2a: Togekiss|44/100|[from] item: Leftovers
|upkeep
|turn|21
|
|t:|1596931589
|move|p2a: Togekiss|Air Slash|p1a: Blissey
|-damage|p1a: Blissey|57/100
|cant|p1a: Blissey|flinch
|
|-heal|p2a: Togekiss|50/100|[from] item: Leftovers
|upkeep
|turn|22
|
|t:|1596931596
|switch|p1a: Corviknight|Corviknight, F|100/100
|-damage|p1a: Corviknight|88/100|[from] Stealth Rock
|-ability|p1a: Corviknight|Pressure
|move|p2a: Togekiss|Air Slash|p1a: Corviknight
|-resisted|p1a: Corviknight
|-damage|p1a: Corviknight|43/100
|
|-heal|p2a: Togekiss|56/100|[from] item: Leftovers
|-heal|p1a: Corviknight|49/100|[from] item: Leftovers
|upkeep
|turn|23
|-message|LT71LX Enrique forfeited.
|
|win|Ayante
|l|☆LT71LX Enrique
|raw|LT71LX Enrique's rating: 1647 &rarr; <strong>1628</strong><br />(-19 for losing)
|raw|Ayante's rating: 1661 &rarr; <strong>1680</strong><br />(+19 for winning)
