|j|☆minimax_ai
|j|☆soap776
|t:|1663368160
|gametype|singles
|player|p1|minimax_ai|lusamine-nihilego|1438
|player|p2|soap776|265|1424
|teamsize|p1|6
|teamsize|p2|6
|gen|8
|tier|[Gen 8] OU
|rated|
|rule|Sleep Clause Mod: Limit one foe put to sleep
|rule|Species Clause: Limit one of each Pokémon
|rule|OHKO Clause: OHKO moves are banned
|rule|Evasion Items Clause: Evasion items are banned
|rule|Evasion Moves Clause: Evasion moves are banned
|rule|Endless Battle Clause: Forcing endless battles is banned
|rule|HP Percentage Mod: HP is shown in percentages
|rule|Dynamax Clause: You cannot dynamax
|clearpoke
|poke|p1|Rotom-Wash|
|poke|p1|Weavile, F|
|poke|p1|Landorus-Therian, M|
|poke|p1|Heatran, M|
|poke|p1|Tangrowth, M|
|poke|p1|Melmetal|
|poke|p2|Heatran, F|
|poke|p2|Tornadus-Therian, M|
|poke|p2|Urshifu-*, M|
|poke|p2|Gastrodon, M|
|poke|p2|Weezing-Galar, F|
|poke|p2|Rillaboom, F|
|teampreview
|inactive|Battle timer is ON: inactive players will automatically lose when time's up. (requested by soap776)
|c|☆minimax_ai|hf
|inactive|minimax_ai also wants the timer to be on.
|c|☆soap776|u2
|
|t:|1663368188
|start
|switch|p1a: landorustherian|Landorus-Therian, M|100/100
|switch|p2a: Urshifu|Urshifu-Rapid-Strike, M|100/100
|-ability|p1a: landorustherian|Intimidate|boost
|-unboost|p2a: Urshifu|atk|1
|turn|1
|
|t:|1663368191
|switch|p1a: Tangrowth|Tangrowth, M|100/100
|move|p2a: Urshifu|Surging Strikes|p1a: Tangrowth
|-resisted|p1a: Tangrowth
|-crit|p1a: Tangrowth
|-damage|p1a: Tangrowth|95/100
|-damage|p2a: Urshifu|84/100|[from] item: Rocky Helmet|[of] p1a: Tangrowth
|-resisted|p1a: Tangrowth
|-crit|p1a: Tangrowth
|-damage|p1a: Tangrowth|90/100
|-damage|p2a: Urshifu|68/100|[from] item: Rocky Helmet|[of] p1a: Tangrowth
|-resisted|p1a: Tangrowth
|-crit|p1a: Tangrowth
|-damage|p1a: Tangrowth|84/100
|-damage|p2a: Urshifu|51/100|[from] item: Rocky Helmet|[of] p1a: Tangrowth
|-hitcount|p1a: Tangrowth|3
|
|upkeep
|turn|2
|
|t:|1663368198
|switch|p2a: Tornadus|Tornadus-Therian, M|100/100
|move|p1a: Tangrowth|Knock Off|p2a: Tornadus
|-damage|p2a: Tornadus|78/100
|-enditem|p2a: Tornadus|Heavy-Duty Boots|[from] move: Knock Off|[of] p1a: Tangrowth
|
|upkeep
|turn|3
|
|t:|1663368200
|switch|p1a: Heatran|Heatran, M|100/100
|-item|p1a: Heatran|Air Balloon
|move|p2a: Tornadus|Knock Off|p1a: Heatran
|-damage|p1a: Heatran|82/100
|-enditem|p1a: Heatran|Air Balloon
|
|upkeep
|turn|4
|
|t:|1663368209
|move|p2a: Tornadus|U-turn|p1a: Heatran
|-resisted|p1a: Heatran
|-damage|p1a: Heatran|79/100
|
|t:|1663368212
|switch|p2a: Gastrodon|Gastrodon, M|100/100|[from]move: U-turn
|move|p1a: Heatran|Stealth Rock|p2a: Gastrodon
|-sidestart|p2: soap776|move: Stealth Rock
|
|upkeep
|turn|5
|
|t:|1663368216
|switch|p1a: rotomwash|Rotom-Wash|100/100
|move|p2a: Gastrodon|Toxic|p1a: rotomwash
|-status|p1a: rotomwash|tox
|
|-damage|p1a: rotomwash|94/100 tox|[from] psn
|upkeep
|turn|6
|
|t:|1663368225
|move|p1a: rotomwash|Nasty Plot|p1a: rotomwash
|-boost|p1a: rotomwash|spa|2
|move|p2a: Gastrodon|Toxic|p1a: rotomwash
|-fail|p1a: rotomwash|tox
|
|-heal|p1a: rotomwash|100/100 tox|[from] item: Leftovers
|-damage|p1a: rotomwash|88/100 tox|[from] psn
|upkeep
|turn|7
|
|t:|1663368230
|move|p1a: rotomwash|Hydro Pump|p2a: Gastrodon
|-ability|p2a: Gastrodon|Storm Drain|boost
|-boost|p2a: Gastrodon|spa|1
|move|p2a: Gastrodon|Scald|p1a: rotomwash
|-resisted|p1a: rotomwash
|-damage|p1a: rotomwash|67/100 tox
|
|-heal|p1a: rotomwash|74/100 tox|[from] item: Leftovers
|-damage|p1a: rotomwash|55/100 tox|[from] psn
|upkeep
|turn|8
|
|t:|1663368233
|move|p1a: rotomwash|Thunderbolt|p2a: Gastrodon
|-immune|p2a: Gastrodon
|move|p2a: Gastrodon|Toxic|p1a: rotomwash
|-fail|p1a: rotomwash|tox
|
|-heal|p1a: rotomwash|61/100 tox|[from] item: Leftovers
|-damage|p1a: rotomwash|36/100 tox|[from] psn
|upkeep
|turn|9
|
|t:|1663368234
|move|p1a: rotomwash|Pain Split|p2a: Gastrodon
|-sethp|p2a: Gastrodon|63/100|[from] move: Pain Split|[silent]
|-sethp|p1a: rotomwash|88/100 tox|[from] move: Pain Split
|move|p2a: Gastrodon|Toxic|p1a: rotomwash
|-fail|p1a: rotomwash|tox
|
|-heal|p1a: rotomwash|95/100 tox|[from] item: Leftovers
|-heal|p2a: Gastrodon|69/100|[from] item: Leftovers
|-damage|p1a: rotomwash|63/100 tox|[from] psn
|upkeep
|turn|10
|
|t:|1663368237
|switch|p1a: Tangrowth|Tangrowth, M|100/100
|move|p2a: Gastrodon|Toxic|p1a: Tangrowth
|-status|p1a: Tangrowth|tox
|
|-heal|p2a: Gastrodon|75/100|[from] item: Leftovers
|-damage|p1a: Tangrowth|94/100 tox|[from] psn
|upkeep
|turn|11
|
|t:|1663368245
|switch|p2a: Tornadus|Tornadus-Therian, M|100/100
|-damage|p2a: Tornadus|76/100|[from] Stealth Rock
|move|p1a: Tangrowth|Giga Drain|p2a: Tornadus
|-resisted|p2a: Tornadus
|-damage|p2a: Tornadus|62/100
|-heal|p1a: Tangrowth|100/100 tox|[from] drain|[of] p2a: Tornadus
|
|-damage|p1a: Tangrowth|88/100 tox|[from] psn
|upkeep
|turn|12
|
|t:|1663368250
|switch|p1a: Heatran|Heatran, M|79/100
|move|p2a: Tornadus|Knock Off|p1a: Heatran
|-damage|p1a: Heatran|64/100
|
|upkeep
|turn|13
|
|t:|1663368252
|move|p2a: Tornadus|U-turn|p1a: Heatran
|-resisted|p1a: Heatran
|-damage|p1a: Heatran|61/100
|
|t:|1663368254
|switch|p2a: Gastrodon|Gastrodon, M|75/100|[from]move: U-turn
|-damage|p2a: Gastrodon|69/100|[from] Stealth Rock
|move|p1a: Heatran|Magma Storm|p2a: Gastrodon
|-resisted|p2a: Gastrodon
|-damage|p2a: Gastrodon|52/100
|-activate|p2a: Gastrodon|move: Magma Storm|[of] p1a: Heatran
|
|-heal|p2a: Gastrodon|58/100|[from] item: Leftovers
|-damage|p2a: Gastrodon|46/100|[from] move: Magma Storm|[partiallytrapped]
|upkeep
|turn|14
|
|t:|1663368255
|switch|p1a: rotomwash|Rotom-Wash|63/100 tox
|move|p2a: Gastrodon|Recover|p2a: Gastrodon
|-heal|p2a: Gastrodon|96/100
|
|-heal|p1a: rotomwash|70/100 tox|[from] item: Leftovers
|-heal|p2a: Gastrodon|100/100|[from] item: Leftovers
|-damage|p1a: rotomwash|63/100 tox|[from] psn
|-end|p2a: Gastrodon|Magma Storm|[partiallytrapped]|[silent]
|upkeep
|turn|15
|
|t:|1663368262
|move|p1a: rotomwash|Thunderbolt|p2a: Gastrodon
|-immune|p2a: Gastrodon
|move|p2a: Gastrodon|Scald|p1a: rotomwash
|-resisted|p1a: rotomwash
|-damage|p1a: rotomwash|50/100 tox
|
|-heal|p1a: rotomwash|56/100 tox|[from] item: Leftovers
|-damage|p1a: rotomwash|44/100 tox|[from] psn
|upkeep
|turn|16
|
|t:|1663368264
|move|p1a: rotomwash|Thunderbolt|p2a: Gastrodon
|-immune|p2a: Gastrodon
|move|p2a: Gastrodon|Toxic|p1a: rotomwash
|-fail|p1a: rotomwash|tox
|
|-heal|p1a: rotomwash|50/100 tox|[from] item: Leftovers
|-damage|p1a: rotomwash|31/100 tox|[from] psn
|upkeep
|turn|17
|
|t:|1663368265
|switch|p1a: Tangrowth|Tangrowth, M|100/100 tox
|move|p2a: Gastrodon|Toxic|p1a: Tangrowth
|-fail|p1a: Tangrowth|tox
|
|-damage|p1a: Tangrowth|94/100 tox|[from] psn
|upkeep
|turn|18
|
|t:|1663368268
|switch|p2a: Tornadus|Tornadus-Therian, M|95/100
|-damage|p2a: Tornadus|70/100|[from] Stealth Rock
|move|p1a: Tangrowth|Giga Drain|p2a: Tornadus
|-resisted|p2a: Tornadus
|-damage|p2a: Tornadus|55/100
|-heal|p1a: Tangrowth|100/100 tox|[from] drain|[of] p2a: Tornadus
|
|-damage|p1a: Tangrowth|88/100 tox|[from] psn
|upkeep
|turn|19
|
|t:|1663368273
|switch|p1a: Heatran|Heatran, M|61/100
|move|p2a: Tornadus|Knock Off|p1a: Heatran
|-damage|p1a: Heatran|47/100
|
|upkeep
|turn|20
|
|t:|1663368275
|move|p2a: Tornadus|U-turn|p1a: Heatran
|-resisted|p1a: Heatran
|-damage|p1a: Heatran|43/100
|
|t:|1663368276
|switch|p2a: Gastrodon|Gastrodon, M|100/100|[from]move: U-turn
|-damage|p2a: Gastrodon|94/100|[from] Stealth Rock
|move|p1a: Heatran|Magma Storm|p2a: Gastrodon
|-resisted|p2a: Gastrodon
|-damage|p2a: Gastrodon|77/100
|-activate|p2a: Gastrodon|move: Magma Storm|[of] p1a: Heatran
|
|-heal|p2a: Gastrodon|83/100|[from] item: Leftovers
|-damage|p2a: Gastrodon|71/100|[from] move: Magma Storm|[partiallytrapped]
|upkeep
|turn|21
|
|t:|1663368280
|switch|p1a: rotomwash|Rotom-Wash|31/100 tox
|move|p2a: Gastrodon|Scald|p1a: rotomwash
|-resisted|p1a: rotomwash
|-damage|p1a: rotomwash|18/100 tox
|
|-heal|p1a: rotomwash|24/100 tox|[from] item: Leftovers
|-heal|p2a: Gastrodon|77/100|[from] item: Leftovers
|-damage|p1a: rotomwash|18/100 tox|[from] psn
|-end|p2a: Gastrodon|Magma Storm|[partiallytrapped]|[silent]
|upkeep
|turn|22
|
|t:|1663368282
|move|p1a: rotomwash|Pain Split|p2a: Gastrodon
|-sethp|p2a: Gastrodon|45/100|[from] move: Pain Split|[silent]
|-sethp|p1a: rotomwash|63/100 tox|[from] move: Pain Split
|move|p2a: Gastrodon|Recover|p2a: Gastrodon
|-heal|p2a: Gastrodon|95/100
|
|-heal|p1a: rotomwash|69/100 tox|[from] item: Leftovers
|-heal|p2a: Gastrodon|100/100|[from] item: Leftovers
|-damage|p1a: rotomwash|56/100 tox|[from] psn
|upkeep
|turn|23
|
|t:|1663368285
|move|p1a: rotomwash|Hydro Pump|p2a: Gastrodon
|-ability|p2a: Gastrodon|Storm Drain|boost
|-boost|p2a: Gastrodon|spa|1
|move|p2a: Gastrodon|Recover||[still]
|-fail|p2a: Gastrodon|heal
|
|-heal|p1a: rotomwash|63/100 tox|[from] item: Leftovers
|-damage|p1a: rotomwash|44/100 tox|[from] psn
|upkeep
|turn|24
|
|t:|1663368287
|move|p1a: rotomwash|Thunderbolt|p2a: Gastrodon
|-immune|p2a: Gastrodon
|move|p2a: Gastrodon|Scald|p1a: rotomwash
|-resisted|p1a: rotomwash
|-damage|p1a: rotomwash|23/100 tox
|
|-heal|p1a: rotomwash|29/100 tox|[from] item: Leftovers
|-damage|p1a: rotomwash|4/100 tox|[from] psn
|upkeep
|turn|25
|
|t:|1663368289
|move|p1a: rotomwash|Pain Split|p2a: Gastrodon
|-sethp|p2a: Gastrodon|52/100|[from] move: Pain Split|[silent]
|-sethp|p1a: rotomwash|72/100 tox|[from] move: Pain Split
|move|p2a: Gastrodon|Scald|p1a: rotomwash
|-resisted|p1a: rotomwash
|-damage|p1a: rotomwash|53/100 tox
|
|-heal|p1a: rotomwash|60/100 tox|[from] item: Leftovers
|-heal|p2a: Gastrodon|58/100|[from] item: Leftovers
|-damage|p1a: rotomwash|28/100 tox|[from] psn
|upkeep
|turn|26
|
|t:|1663368290
|switch|p1a: Tangrowth|Tangrowth, M|100/100 tox
|move|p2a: Gastrodon|Recover|p2a: Gastrodon
|-heal|p2a: Gastrodon|100/100
|
|-damage|p1a: Tangrowth|94/100 tox|[from] psn
|upkeep
|turn|27
|
|t:|1663368292
|switch|p2a: Tornadus|Tornadus-Therian, M|88/100
|-damage|p2a: Tornadus|63/100|[from] Stealth Rock
|move|p1a: Tangrowth|Giga Drain|p2a: Tornadus
|-resisted|p2a: Tornadus
|-damage|p2a: Tornadus|49/100
|-heal|p1a: Tangrowth|100/100 tox|[from] drain|[of] p2a: Tornadus
|
|-damage|p1a: Tangrowth|88/100 tox|[from] psn
|upkeep
|turn|28
|
|t:|1663368294
|switch|p1a: Heatran|Heatran, M|43/100
|move|p2a: Tornadus|Knock Off|p1a: Heatran
|-damage|p1a: Heatran|30/100
|
|upkeep
|turn|29
|
|t:|1663368296
|move|p2a: Tornadus|U-turn|p1a: Heatran
|-resisted|p1a: Heatran
|-damage|p1a: Heatran|26/100
|
|t:|1663368297
|switch|p2a: Gastrodon|Gastrodon, M|100/100|[from]move: U-turn
|-damage|p2a: Gastrodon|94/100|[from] Stealth Rock
|move|p1a: Heatran|Magma Storm|p2a: Gastrodon
|-resisted|p2a: Gastrodon
|-damage|p2a: Gastrodon|77/100
|-activate|p2a: Gastrodon|move: Magma Storm|[of] p1a: Heatran
|
|-heal|p2a: Gastrodon|83/100|[from] item: Leftovers
|-damage|p2a: Gastrodon|70/100|[from] move: Magma Storm|[partiallytrapped]
|upkeep
|turn|30
|
|t:|1663368299
|switch|p1a: rotomwash|Rotom-Wash|28/100 tox
|move|p2a: Gastrodon|Scald|p1a: rotomwash
|-resisted|p1a: rotomwash
|-damage|p1a: rotomwash|14/100 tox
|
|-heal|p1a: rotomwash|20/100 tox|[from] item: Leftovers
|-heal|p2a: Gastrodon|76/100|[from] item: Leftovers
|-damage|p1a: rotomwash|14/100 tox|[from] psn
|-end|p2a: Gastrodon|Magma Storm|[partiallytrapped]|[silent]
|upkeep
|turn|31
|
|t:|1663368305
|move|p1a: rotomwash|Pain Split|p2a: Gastrodon
|-sethp|p2a: Gastrodon|43/100|[from] move: Pain Split|[silent]
|-sethp|p1a: rotomwash|60/100 tox|[from] move: Pain Split
|move|p2a: Gastrodon|Scald|p1a: rotomwash
|-resisted|p1a: rotomwash
|-damage|p1a: rotomwash|47/100 tox
|
|-heal|p1a: rotomwash|53/100 tox|[from] item: Leftovers
|-heal|p2a: Gastrodon|49/100|[from] item: Leftovers
|-damage|p1a: rotomwash|41/100 tox|[from] psn
|upkeep
|turn|32
|
|t:|1663368307
|move|p1a: rotomwash|Nasty Plot|p1a: rotomwash
|-boost|p1a: rotomwash|spa|2
|move|p2a: Gastrodon|Recover|p2a: Gastrodon
|-heal|p2a: Gastrodon|99/100
|
|-heal|p1a: rotomwash|47/100 tox|[from] item: Leftovers
|-heal|p2a: Gastrodon|100/100|[from] item: Leftovers
|-damage|p1a: rotomwash|28/100 tox|[from] psn
|upkeep
|turn|33
|
|t:|1663368311
|switch|p1a: Tangrowth|Tangrowth, M|100/100 tox
|move|p2a: Gastrodon|Scald|p1a: Tangrowth
|-resisted|p1a: Tangrowth
|-damage|p1a: Tangrowth|81/100 tox
|
|-damage|p1a: Tangrowth|75/100 tox|[from] psn
|upkeep
|turn|34
|
|t:|1663368313
|switch|p2a: Tornadus|Tornadus-Therian, M|82/100
|-damage|p2a: Tornadus|57/100|[from] Stealth Rock
|move|p1a: Tangrowth|Giga Drain|p2a: Tornadus
|-resisted|p2a: Tornadus
|-damage|p2a: Tornadus|43/100
|-heal|p1a: Tangrowth|81/100 tox|[from] drain|[of] p2a: Tornadus
|
|-damage|p1a: Tangrowth|69/100 tox|[from] psn
|upkeep
|turn|35
|
|t:|1663368315
|switch|p1a: Heatran|Heatran, M|26/100
|move|p2a: Tornadus|Knock Off|p1a: Heatran
|-damage|p1a: Heatran|13/100
|
|upkeep
|turn|36
|
|t:|1663368316
|move|p2a: Tornadus|U-turn|p1a: Heatran
|-resisted|p1a: Heatran
|-damage|p1a: Heatran|9/100
|
|t:|1663368318
|switch|p2a: Gastrodon|Gastrodon, M|100/100|[from]move: U-turn
|-damage|p2a: Gastrodon|94/100|[from] Stealth Rock
|move|p1a: Heatran|Magma Storm|p2a: Gastrodon
|-resisted|p2a: Gastrodon
|-damage|p2a: Gastrodon|76/100
|-activate|p2a: Gastrodon|move: Magma Storm|[of] p1a: Heatran
|
|-heal|p2a: Gastrodon|82/100|[from] item: Leftovers
|-damage|p2a: Gastrodon|70/100|[from] move: Magma Storm|[partiallytrapped]
|upkeep
|turn|37
|
|t:|1663368319
|switch|p1a: rotomwash|Rotom-Wash|28/100 tox
|move|p2a: Gastrodon|Scald|p1a: rotomwash
|-resisted|p1a: rotomwash
|-damage|p1a: rotomwash|15/100 tox
|
|-heal|p1a: rotomwash|22/100 tox|[from] item: Leftovers
|-heal|p2a: Gastrodon|76/100|[from] item: Leftovers
|-damage|p1a: rotomwash|15/100 tox|[from] psn
|-end|p2a: Gastrodon|Magma Storm|[partiallytrapped]|[silent]
|upkeep
|turn|38
|
|t:|1663368330
|move|p1a: rotomwash|Pain Split|p2a: Gastrodon
|-sethp|p2a: Gastrodon|43/100|[from] move: Pain Split|[silent]
|-sethp|p1a: rotomwash|60/100 tox|[from] move: Pain Split
|move|p2a: Gastrodon|Scald|p1a: rotomwash
|-resisted|p1a: rotomwash
|-damage|p1a: rotomwash|47/100 tox
|
|-heal|p1a: rotomwash|53/100 tox|[from] item: Leftovers
|-heal|p2a: Gastrodon|49/100|[from] item: Leftovers
|-damage|p1a: rotomwash|40/100 tox|[from] psn
|upkeep
|turn|39
|
|t:|1663368332
|move|p1a: rotomwash|Nasty Plot|p1a: rotomwash
|-boost|p1a: rotomwash|spa|2
|move|p2a: Gastrodon|Recover|p2a: Gastrodon
|-heal|p2a: Gastrodon|99/100
|
|-heal|p1a: rotomwash|47/100 tox|[from] item: Leftovers
|-heal|p2a: Gastrodon|100/100|[from] item: Leftovers
|-damage|p1a: rotomwash|28/100 tox|[from] psn
|upkeep
|turn|40
|
|t:|1663368334
|switch|p1a: Tangrowth|Tangrowth, M|100/100 tox
|move|p2a: Gastrodon|Scald|p1a: Tangrowth
|-resisted|p1a: Tangrowth
|-damage|p1a: Tangrowth|81/100 tox
|
|-damage|p1a: Tangrowth|75/100 tox|[from] psn
|upkeep
|turn|41
|
|t:|1663368336
|switch|p2a: Tornadus|Tornadus-Therian, M|76/100
|-damage|p2a: Tornadus|51/100|[from] Stealth Rock
|move|p1a: Tangrowth|Giga Drain|p2a: Tornadus
|-resisted|p2a: Tornadus
|-damage|p2a: Tornadus|36/100
|-heal|p1a: Tangrowth|82/100 tox|[from] drain|[of] p2a: Tornadus
|
|-damage|p1a: Tangrowth|70/100 tox|[from] psn
|upkeep
|turn|42
|
|t:|1663368337
|switch|p1a: rotomwash|Rotom-Wash|28/100 tox
|move|p2a: Tornadus|Knock Off|p1a: rotomwash
|-damage|p1a: rotomwash|8/100 tox
|-enditem|p1a: rotomwash|Leftovers|[from] move: Knock Off|[of] p2a: Tornadus
|
|-damage|p1a: rotomwash|1/100 tox|[from] psn
|upkeep
|turn|43
|
|t:|1663368340
|move|p2a: Tornadus|Knock Off|p1a: rotomwash
|-crit|p1a: rotomwash
|-damage|p1a: rotomwash|0 fnt
|faint|p1a: rotomwash
|
|upkeep
|
|t:|1663368340
|switch|p1a: Weavile|Weavile, F|100/100
|-ability|p1a: Weavile|Pressure
|turn|44
|
|t:|1663368342
|switch|p2a: Heatran|Heatran, F|100/100
|-damage|p2a: Heatran|88/100|[from] Stealth Rock
|move|p1a: Weavile|Triple Axel|p2a: Heatran|[miss]
|-miss|p1a: Weavile|p2a: Heatran
|
|-heal|p2a: Heatran|94/100|[from] item: Leftovers
|upkeep
|turn|45
|
|t:|1663368348
|switch|p1a: Heatran|Heatran, M|9/100
|move|p2a: Heatran|Stealth Rock|p1a: Heatran
|-sidestart|p1: minimax_ai|move: Stealth Rock
|
|-heal|p2a: Heatran|100/100|[from] item: Leftovers
|upkeep
|turn|46
|
|t:|1663368353
|switch|p2a: Gastrodon|Gastrodon, M|100/100
|-damage|p2a: Gastrodon|94/100|[from] Stealth Rock
|move|p1a: Heatran|Earth Power|p2a: Gastrodon
|-damage|p2a: Gastrodon|73/100
|
|-heal|p2a: Gastrodon|79/100|[from] item: Leftovers
|upkeep
|turn|47
|
|t:|1663368359
|switch|p1a: Tangrowth|Tangrowth, M|100/100 tox
|-damage|p1a: Tangrowth|88/100 tox|[from] Stealth Rock
|move|p2a: Gastrodon|Scald|p1a: Tangrowth
|-resisted|p1a: Tangrowth
|-damage|p1a: Tangrowth|69/100 tox
|
|-heal|p2a: Gastrodon|85/100|[from] item: Leftovers
|-damage|p1a: Tangrowth|62/100 tox|[from] psn
|upkeep
|turn|48
|
|t:|1663368361
|switch|p2a: Tornadus|Tornadus-Therian, M|69/100
|-damage|p2a: Tornadus|44/100|[from] Stealth Rock
|move|p1a: Tangrowth|Giga Drain|p2a: Tornadus
|-resisted|p2a: Tornadus
|-damage|p2a: Tornadus|29/100
|-heal|p1a: Tangrowth|69/100 tox|[from] drain|[of] p2a: Tornadus
|
|-damage|p1a: Tangrowth|57/100 tox|[from] psn
|upkeep
|turn|49
|
|t:|1663368362
|switch|p1a: landorustherian|Landorus-Therian, M|100/100
|-damage|p1a: landorustherian|88/100|[from] Stealth Rock
|-ability|p1a: landorustherian|Intimidate|boost
|-unboost|p2a: Tornadus|atk|1
|move|p2a: Tornadus|Knock Off|p1a: landorustherian
|-damage|p1a: landorustherian|75/100
|-enditem|p1a: landorustherian|Leftovers|[from] move: Knock Off|[of] p2a: Tornadus
|
|upkeep
|turn|50
|
|t:|1663368366
|switch|p1a: Melmetal|Melmetal|100/100
|-damage|p1a: Melmetal|94/100|[from] Stealth Rock
|move|p2a: Tornadus|U-turn|p1a: Melmetal
|-resisted|p1a: Melmetal
|-damage|p1a: Melmetal|92/100
|
|t:|1663368369
|switch|p2a: Heatran|Heatran, F|100/100|[from]move: U-turn
|-damage|p2a: Heatran|88/100|[from] Stealth Rock
|
|-heal|p2a: Heatran|94/100|[from] item: Leftovers
|upkeep
|turn|51
|
|t:|1663368369
|move|p2a: Heatran|Magma Storm|p1a: Melmetal
|-supereffective|p1a: Melmetal
|-damage|p1a: Melmetal|47/100
|-activate|p1a: Melmetal|move: Magma Storm|[of] p2a: Heatran
|move|p1a: Melmetal|Earthquake|p2a: Heatran
|-supereffective|p2a: Heatran
|-damage|p2a: Heatran|0 fnt
|faint|p2a: Heatran
|
|-end|p1a: Melmetal|Magma Storm|[partiallytrapped]|[silent]
|upkeep
|
|t:|1663368386
|switch|p2a: Gastrodon|Gastrodon, M|85/100
|-damage|p2a: Gastrodon|79/100|[from] Stealth Rock
|turn|52
|
|t:|1663368389
|switch|p1a: Tangrowth|Tangrowth, M|90/100 tox
|-damage|p1a: Tangrowth|77/100 tox|[from] Stealth Rock
|move|p2a: Gastrodon|Earth Power|p1a: Tangrowth
|-resisted|p1a: Tangrowth
|-damage|p1a: Tangrowth|56/100 tox
|
|-heal|p2a: Gastrodon|85/100|[from] item: Leftovers
|-damage|p1a: Tangrowth|50/100 tox|[from] psn
|upkeep
|turn|53
|
|t:|1663368393
|switch|p2a: Tornadus|Tornadus-Therian, M|63/100
|-damage|p2a: Tornadus|38/100|[from] Stealth Rock
|move|p1a: Tangrowth|Giga Drain|p2a: Tornadus
|-resisted|p2a: Tornadus
|-damage|p2a: Tornadus|24/100
|-heal|p1a: Tangrowth|56/100 tox|[from] drain|[of] p2a: Tornadus
|
|-damage|p1a: Tangrowth|44/100 tox|[from] psn
|upkeep
|turn|54
|
|t:|1663368396
|switch|p1a: Melmetal|Melmetal|47/100
|-damage|p1a: Melmetal|41/100|[from] Stealth Rock
|move|p2a: Tornadus|Hurricane|p1a: Melmetal
|-resisted|p1a: Melmetal
|-damage|p1a: Melmetal|30/100
|
|upkeep
|turn|55
|
|t:|1663368399
|move|p2a: Tornadus|U-turn|p1a: Melmetal
|-resisted|p1a: Melmetal
|-damage|p1a: Melmetal|26/100
|
|t:|1663368402
|switch|p2a: Gastrodon|Gastrodon, M|85/100|[from]move: U-turn
|-damage|p2a: Gastrodon|79/100|[from] Stealth Rock
|move|p1a: Melmetal|Ice Punch|p2a: Gastrodon
|-damage|p2a: Gastrodon|40/100
|
|-heal|p2a: Gastrodon|47/100|[from] item: Leftovers
|upkeep
|turn|56
|
|t:|1663368404
|switch|p1a: Tangrowth|Tangrowth, M|77/100 tox
|-damage|p1a: Tangrowth|65/100 tox|[from] Stealth Rock
|move|p2a: Gastrodon|Recover|p2a: Gastrodon
|-heal|p2a: Gastrodon|97/100
|
|-heal|p2a: Gastrodon|100/100|[from] item: Leftovers
|-damage|p1a: Tangrowth|58/100 tox|[from] psn
|upkeep
|turn|57
|
|t:|1663368406
|switch|p2a: Tornadus|Tornadus-Therian, M|57/100
|-damage|p2a: Tornadus|32/100|[from] Stealth Rock
|move|p1a: Tangrowth|Giga Drain|p2a: Tornadus
|-resisted|p2a: Tornadus
|-damage|p2a: Tornadus|19/100
|-heal|p1a: Tangrowth|65/100 tox|[from] drain|[of] p2a: Tornadus
|
|-damage|p1a: Tangrowth|52/100 tox|[from] psn
|upkeep
|turn|58
|
|t:|1663368408
|switch|p1a: Melmetal|Melmetal|26/100
|-damage|p1a: Melmetal|20/100|[from] Stealth Rock
|move|p2a: Tornadus|Hurricane|p1a: Melmetal|[miss]
|-miss|p2a: Tornadus|p1a: Melmetal
|
|upkeep
|turn|59
|
|t:|1663368422
|move|p2a: Tornadus|Knock Off|p1a: Melmetal
|-damage|p1a: Melmetal|8/100
|-enditem|p1a: Melmetal|Assault Vest|[from] move: Knock Off|[of] p2a: Tornadus
|move|p1a: Melmetal|Ice Punch|p2a: Tornadus
|-supereffective|p2a: Tornadus
|-damage|p2a: Tornadus|0 fnt
|faint|p2a: Tornadus
|
|upkeep
|
|t:|1663368429
|switch|p2a: Rillaboom|Rillaboom, F|100/100
|-damage|p2a: Rillaboom|88/100|[from] Stealth Rock
|-fieldstart|move: Grassy Terrain|[from] ability: Grassy Surge|[of] p2a: Rillaboom
|turn|60
|
|t:|1663368431
|move|p2a: Rillaboom|Knock Off|p1a: Melmetal
|-damage|p1a: Melmetal|0 fnt
|faint|p1a: Melmetal
|
|-heal|p2a: Rillaboom|94/100|[from] Grassy Terrain
|-heal|p2a: Rillaboom|99/100|[from] item: Leftovers
|upkeep
|
|t:|1663368431
|switch|p1a: landorustherian|Landorus-Therian, M|75/100
|-damage|p1a: landorustherian|62/100|[from] Stealth Rock
|-ability|p1a: landorustherian|Intimidate|boost
|-unboost|p2a: Rillaboom|atk|1
|turn|61
|
|t:|1663368443
|switch|p2a: Weezing|Weezing-Galar, F|100/100
|-ability|p2a: Weezing|Neutralizing Gas
|-damage|p2a: Weezing|88/100|[from] Stealth Rock
|switch|p1a: Tangrowth|Tangrowth, M|85/100 tox
|-damage|p1a: Tangrowth|73/100 tox|[from] Stealth Rock
|
|-heal|p2a: Weezing|94/100|[from] Grassy Terrain
|-heal|p2a: Weezing|99/100|[from] item: Black Sludge
|-heal|p1a: Tangrowth|79/100 tox|[from] Grassy Terrain
|-damage|p1a: Tangrowth|73/100 tox|[from] psn
|upkeep
|turn|62
|
|t:|1663368446
|switch|p1a: landorustherian|Landorus-Therian, M|62/100
|-damage|p1a: landorustherian|50/100|[from] Stealth Rock
|move|p2a: Weezing|Infestation|p1a: landorustherian
|-resisted|p1a: landorustherian
|-damage|p1a: landorustherian|48/100
|-activate|p1a: landorustherian|move: Infestation|[of] p2a: Weezing
|
|-heal|p2a: Weezing|100/100|[from] Grassy Terrain
|-damage|p1a: landorustherian|36/100|[from] move: Infestation|[partiallytrapped]
|upkeep
|turn|63
|
|t:|1663368453
|-end|p2a: Weezing|ability: Neutralizing Gas
|-ability|p1a: landorustherian|Intimidate|boost
|-unboost|p2a: Weezing|atk|1
|switch|p2a: Gastrodon|Gastrodon, M|100/100
|-damage|p2a: Gastrodon|94/100|[from] Stealth Rock
|move|p1a: landorustherian|Defog|p2a: Gastrodon
|-unboost|p2a: Gastrodon|evasion|1
|-sideend|p2: soap776|Stealth Rock|[from] move: Defog|[of] p1a: landorustherian
|-sideend|p1: minimax_ai|Stealth Rock|[from] move: Defog|[of] p1a: landorustherian
|-fieldend|move: Grassy Terrain
|
|-heal|p2a: Gastrodon|100/100|[from] item: Leftovers
|-end|p1a: landorustherian|Infestation|[partiallytrapped]|[silent]
|upkeep
|turn|64
|
|t:|1663368463
|move|p1a: landorustherian|U-turn|p2a: Gastrodon
|-damage|p2a: Gastrodon|77/100
|
|t:|1663368463
|switch|p1a: Tangrowth|Tangrowth, M|73/100 tox|[from]move: U-turn
|move|p2a: Gastrodon|Scald|p1a: Tangrowth
|-resisted|p1a: Tangrowth
|-damage|p1a: Tangrowth|55/100 tox
|
|-heal|p2a: Gastrodon|84/100|[from] item: Leftovers
|-damage|p1a: Tangrowth|49/100 tox|[from] psn
|upkeep
|turn|65
|
|t:|1663368470
|switch|p2a: Rillaboom|Rillaboom, F|99/100
|-fieldstart|move: Grassy Terrain|[from] ability: Grassy Surge|[of] p2a: Rillaboom
|move|p1a: Tangrowth|Sleep Powder|p2a: Rillaboom
|-immune|p2a: Rillaboom
|
|-heal|p2a: Rillaboom|100/100|[from] Grassy Terrain
|-heal|p1a: Tangrowth|55/100 tox|[from] Grassy Terrain
|-damage|p1a: Tangrowth|43/100 tox|[from] psn
|upkeep
|turn|66
|
|t:|1663368471
|switch|p1a: landorustherian|Landorus-Therian, M|36/100
|-ability|p1a: landorustherian|Intimidate|boost
|-unboost|p2a: Rillaboom|atk|1
|move|p2a: Rillaboom|Swords Dance|p2a: Rillaboom
|-boost|p2a: Rillaboom|atk|2
|
|upkeep
|turn|67
|
|t:|1663368473
|switch|p1a: Tangrowth|Tangrowth, M|76/100 tox
|move|p2a: Rillaboom|Grassy Glide|p1a: Tangrowth
|-resisted|p1a: Tangrowth
|-crit|p1a: Tangrowth
|-damage|p1a: Tangrowth|44/100 tox
|-damage|p2a: Rillaboom|84/100|[from] item: Rocky Helmet|[of] p1a: Tangrowth
|
|-heal|p2a: Rillaboom|90/100|[from] Grassy Terrain
|-heal|p2a: Rillaboom|96/100|[from] item: Leftovers
|-heal|p1a: Tangrowth|50/100 tox|[from] Grassy Terrain
|-damage|p1a: Tangrowth|44/100 tox|[from] psn
|upkeep
|turn|68
|
|t:|1663368475
|switch|p1a: Heatran|Heatran, M|9/100
|move|p2a: Rillaboom|Swords Dance|p2a: Rillaboom
|-boost|p2a: Rillaboom|atk|2
|
|-heal|p1a: Heatran|16/100|[from] Grassy Terrain
|-heal|p2a: Rillaboom|100/100|[from] Grassy Terrain
|upkeep
|turn|69
|
|t:|1663368478
|move|p1a: Heatran|Magma Storm|p2a: Rillaboom
|-supereffective|p2a: Rillaboom
|-damage|p2a: Rillaboom|0 fnt
|faint|p2a: Rillaboom
|
|-heal|p1a: Heatran|22/100|[from] Grassy Terrain
|-fieldend|move: Grassy Terrain
|upkeep
|
|t:|1663368487
|switch|p2a: Urshifu|Urshifu-Rapid-Strike, M|51/100
|turn|70
|
|t:|1663368487
|switch|p1a: Tangrowth|Tangrowth, M|77/100 tox
|move|p2a: Urshifu|Close Combat|p1a: Tangrowth
|-damage|p1a: Tangrowth|47/100 tox
|-unboost|p2a: Urshifu|def|1
|-unboost|p2a: Urshifu|spd|1
|-damage|p2a: Urshifu|35/100|[from] item: Rocky Helmet|[of] p1a: Tangrowth
|
|-damage|p1a: Tangrowth|40/100 tox|[from] psn
|upkeep
|turn|71
|
|t:|1663368491
|switch|p2a: Weezing|Weezing-Galar, F|100/100
|-ability|p2a: Weezing|Neutralizing Gas
|move|p1a: Tangrowth|Giga Drain|p2a: Weezing
|-resisted|p2a: Weezing
|-damage|p2a: Weezing|87/100
|-heal|p1a: Tangrowth|46/100 tox|[from] drain|[of] p2a: Weezing
|
|-heal|p2a: Weezing|93/100|[from] item: Black Sludge
|-damage|p1a: Tangrowth|34/100 tox|[from] psn
|upkeep
|turn|72
|
|t:|1663368495
|switch|p1a: landorustherian|Landorus-Therian, M|36/100
|move|p2a: Weezing|Infestation|p1a: landorustherian
|-resisted|p1a: landorustherian
|-damage|p1a: landorustherian|34/100
|-activate|p1a: landorustherian|move: Infestation|[of] p2a: Weezing
|
|-heal|p2a: Weezing|99/100|[from] item: Black Sludge
|-damage|p1a: landorustherian|22/100|[from] move: Infestation|[partiallytrapped]
|upkeep
|turn|73
|
|t:|1663368498
|-end|p2a: Weezing|ability: Neutralizing Gas
|-ability|p1a: landorustherian|Intimidate|boost
|-unboost|p2a: Weezing|atk|1
|switch|p2a: Gastrodon|Gastrodon, M|84/100
|move|p1a: landorustherian|Earthquake|p2a: Gastrodon
|-damage|p2a: Gastrodon|34/100
|
|-heal|p2a: Gastrodon|40/100|[from] item: Leftovers
|-end|p1a: landorustherian|Infestation|[partiallytrapped]|[silent]
|upkeep
|turn|74
|
|t:|1663368501
|move|p1a: landorustherian|Earthquake|p2a: Gastrodon
|-damage|p2a: Gastrodon|0 fnt
|faint|p2a: Gastrodon
|
|upkeep
|
|t:|1663368510
|switch|p2a: Urshifu|Urshifu-Rapid-Strike, M|35/100
|turn|75
|
|t:|1663368511
|switch|p1a: Tangrowth|Tangrowth, M|34/100 tox
|move|p2a: Urshifu|Ice Punch|p1a: Tangrowth
|-supereffective|p1a: Tangrowth
|-damage|p1a: Tangrowth|4/100 tox
|-damage|p2a: Urshifu|18/100|[from] item: Rocky Helmet|[of] p1a: Tangrowth
|
|-damage|p1a: Tangrowth|0 fnt|[from] psn
|faint|p1a: Tangrowth
|upkeep
|
|t:|1663368511
|switch|p1a: Heatran|Heatran, M|22/100
|turn|76
|
|t:|1663368515
|switch|p2a: Weezing|Weezing-Galar, F|99/100
|-ability|p2a: Weezing|Neutralizing Gas
|move|p1a: Heatran|Earth Power|p2a: Weezing
|-supereffective|p2a: Weezing
|-damage|p2a: Weezing|43/100
|
|-heal|p2a: Weezing|49/100|[from] item: Black Sludge
|upkeep
|turn|77
|
|t:|1663368537
|move|p1a: Heatran|Earth Power|p2a: Weezing
|-supereffective|p2a: Weezing
|-damage|p2a: Weezing|0 fnt
|faint|p2a: Weezing
|-end|p2a: Weezing|ability: Neutralizing Gas
|
|upkeep
|inactive|soap776 has 120 seconds left.
|
|t:|1663368554
|switch|p2a: Urshifu|Urshifu-Rapid-Strike, M|18/100
|turn|78
|inactive|soap776 has 120 seconds left.
|
|t:|1663368582
|move|p2a: Urshifu|Surging Strikes|p1a: Heatran
|-supereffective|p1a: Heatran
|-crit|p1a: Heatran
|-damage|p1a: Heatran|0 fnt
|faint|p1a: Heatran
|-hitcount|p1: Heatran|1
|
|upkeep
|
|t:|1663368582
|switch|p1a: Weavile|Weavile, F|100/100
|-ability|p1a: Weavile|Pressure
|turn|79
|
|t:|1663368584
|move|p2a: Urshifu|Surging Strikes|p1a: Weavile
|-crit|p1a: Weavile
|-damage|p1a: Weavile|66/100
|-crit|p1a: Weavile
|-damage|p1a: Weavile|30/100
|-crit|p1a: Weavile
|-damage|p1a: Weavile|0 fnt
|faint|p1a: Weavile
|-hitcount|p1: Weavile|3
|
|upkeep
|
|t:|1663368584
|switch|p1a: landorustherian|Landorus-Therian, M|22/100
|-ability|p1a: landorustherian|Intimidate|boost
|-unboost|p2a: Urshifu|atk|1
|turn|80
|
|t:|1663368588
|move|p2a: Urshifu|Surging Strikes|p1a: landorustherian
|-supereffective|p1a: landorustherian
|-crit|p1a: landorustherian
|-damage|p1a: landorustherian|0 fnt
|faint|p1a: landorustherian
|-hitcount|p1: landorustherian|1
|
|win|soap776
|raw|minimax_ai's rating: 1438 &rarr; <strong>1418</strong><br />(-20 for losing)
|raw|soap776's rating: 1444 &rarr; <strong>1464</strong><br />(+20 for winning)
|c|☆minimax_ai|gg
