|j|☆Wheezer
|j|☆Pindustry
|inactive|Battle timer is ON: inactive players will automatically lose when time's up.
|t:|1641281764
|gametype|singles
|player|p1|Wheezer|petrel|
|player|p2|Pindustry|candice|
|teamsize|p1|6
|teamsize|p2|6
|gen|8
|tier|[Gen 8] OU
|rated|Tournament battle
|rule|Sleep Clause Mod: Limit one foe put to sleep
|rule|Species Clause: Limit one of each Pokémon
|rule|OHKO Clause: OHKO moves are banned
|rule|Evasion Moves Clause: Evasion moves are banned
|rule|Endless Battle Clause: Forcing endless battles is banned
|rule|HP Percentage Mod: HP is shown in percentages
|rule|Dynamax Clause: You cannot dynamax
|clearpoke
|poke|p1|Garchomp, F|
|poke|p1|Zapdos-Galar|
|poke|p1|Hatterene, F|
|poke|p1|Heatran, F|
|poke|p1|Octillery, F|
|poke|p1|Corsola-Galar, F|
|poke|p2|Heliolisk, F|
|poke|p2|Torkoal, F|
|poke|p2|Venusaur, F|
|poke|p2|Xatu, M|
|poke|p2|Darmanitan, F|
|poke|p2|Toxapex, F|
|teampreview
|j| Kyurem
|j| fruityiscool423
|j| BonkFace
|j| Orneus
|j| gewwge
|inactive|Wheezer has 120 seconds left.
|j| Vampirism
|inactive|Pindustry has 120 seconds left.
|l| Vampirism
|
|t:|1641281818
|start
|switch|p1a: Heatran|Heatran, F|100/100
|switch|p2a: Torkoal|Torkoal, F|100/100
|-weather|SunnyDay|[from] ability: Drought|[of] p2a: Torkoal
|turn|1
|
|t:|1641281837
|switch|p1a: Garchomp|Garchomp, F|100/100
|switch|p2a: Xatu|Xatu, M|100/100
|
|-weather|SunnyDay|[upkeep]
|upkeep
|turn|2
|
|t:|1641281854
|switch|p1a: Hatterene|Hatterene, F|100/100
|move|p2a: Xatu|Psychic|p1a: Hatterene
|-resisted|p1a: Hatterene
|-damage|p1a: Hatterene|85/100
|
|-weather|SunnyDay|[upkeep]
|-heal|p1a: Hatterene|91/100|[from] item: Leftovers
|upkeep
|turn|3
|
|t:|1641281861
|switch|p2a: Toxapex|Toxapex, F|100/100
|move|p1a: Hatterene|Nuzzle|p2a: Toxapex
|-supereffective|p2a: Toxapex
|-damage|p2a: Toxapex|95/100
|-status|p2a: Toxapex|par
|-enditem|p2a: Toxapex|Eject Button
|
|t:|1641281864
|switch|p2a: Venusaur|Venusaur, F|100/100
|
|-weather|SunnyDay|[upkeep]
|-heal|p1a: Hatterene|97/100|[from] item: Leftovers
|upkeep
|turn|4
|j| VanillaTwilight23
|
|t:|1641281871
|move|p2a: Venusaur|Sludge Bomb|p1a: Hatterene
|-supereffective|p1a: Hatterene
|-damage|p1a: Hatterene|0 fnt
|faint|p1a: Hatterene
|-damage|p2a: Venusaur|91/100|[from] item: Life Orb
|
|-weather|SunnyDay|[upkeep]
|upkeep
|
|t:|1641281873
|switch|p1a: Heatran|Heatran, F|100/100
|turn|5
|j| Anonymous43567
|
|t:|1641281883
|switch|p2a: Xatu|Xatu, M|100/100
|move|p1a: Heatran|Magma Storm|p2a: Xatu|[miss]
|-miss|p1a: Heatran|p2a: Xatu
|
|-weather|SunnyDay|[upkeep]
|upkeep
|turn|6
|
|t:|1641281892
|move|p1a: Heatran|Magma Storm|p2a: Xatu
|-damage|p2a: Xatu|0 fnt
|faint|p2a: Xatu
|
|-weather|SunnyDay|[upkeep]
|upkeep
|j| q201201
|
|t:|1641281899
|switch|p2a: Darmanitan|Darmanitan, F|100/100
|turn|7
|
|t:|1641281912
|switch|p1a: Garchomp|Garchomp, F|100/100
|move|p2a: Darmanitan|Earthquake|p1a: Garchomp
|-damage|p1a: Garchomp|70/100
|
|-weather|SunnyDay|[upkeep]
|upkeep
|turn|8
|
|t:|1641281936
|switch|p2a: Venusaur|Venusaur, F|91/100
|move|p1a: Garchomp|Earthquake|p2a: Venusaur
|-damage|p2a: Venusaur|29/100
|
|-weather|none
|upkeep
|turn|9
|
|t:|1641281944
|switch|p2a: Torkoal|Torkoal, F|100/100
|-weather|SunnyDay|[from] ability: Drought|[of] p2a: Torkoal
|move|p1a: Garchomp|Earthquake|p2a: Torkoal
|-supereffective|p2a: Torkoal
|-damage|p2a: Torkoal|50/100
|
|-weather|SunnyDay|[upkeep]
|upkeep
|turn|10
|inactive|Wheezer has 120 seconds left.
|j| hmgmsam vte
|
|t:|1641281997
|move|p1a: Garchomp|Earthquake|p2a: Torkoal
|-supereffective|p2a: Torkoal
|-damage|p2a: Torkoal|1/100
|move|p2a: Torkoal|Yawn|p1a: Garchomp
|-start|p1a: Garchomp|move: Yawn|[of] p2a: Torkoal
|
|-weather|SunnyDay|[upkeep]
|upkeep
|turn|11
|
|t:|1641282014
|switch|p1a: Octillery|Octillery, F|100/100
|move|p2a: Torkoal|Stealth Rock|p1a: Octillery
|-sidestart|p1: Wheezer|move: Stealth Rock
|
|-weather|SunnyDay|[upkeep]
|-ability|p1a: Octillery|Moody|boost
|-boost|p1a: Octillery|def|2
|-unboost|p1a: Octillery|spa|1
|upkeep
|turn|12
|j| salmonelephant
|inactive|Wheezer has 90 seconds left.
|
|t:|1641282062
|switch|p2a: Heliolisk|Heliolisk, F|100/100
|move|p1a: Octillery|Substitute|p1a: Octillery
|-start|p1a: Octillery|Substitute
|-damage|p1a: Octillery|76/100
|
|-weather|SunnyDay|[upkeep]
|-heal|p1a: Octillery|82/100|[from] item: Leftovers
|-ability|p1a: Octillery|Moody|boost
|-boost|p1a: Octillery|spe|2
|-unboost|p1a: Octillery|def|1
|upkeep
|turn|13
|inactive|Wheezer has 60 seconds left.
|c|☆Wheezer|ur no fun
|c|☆Pindustry|hehe
|inactive|Wheezer has 30 seconds left.
|inactive|Wheezer has 20 seconds left.
|
|t:|1641282128
|move|p1a: Octillery|Protect|p1a: Octillery
|-singleturn|p1a: Octillery|Protect
|move|p2a: Heliolisk|Volt Switch|p1a: Octillery
|-activate|p1a: Octillery|move: Protect
|
|-weather|SunnyDay|[upkeep]
|-heal|p1a: Octillery|88/100|[from] item: Leftovers
|-ability|p1a: Octillery|Moody|boost
|-boost|p1a: Octillery|atk|2
|-unboost|p1a: Octillery|spd|1
|upkeep
|turn|14
|inactive|Wheezer has 30 seconds left this turn.
|
|t:|1641282133
|move|p2a: Heliolisk|Grass Knot|p1a: Octillery
|-supereffective|p1a: Octillery
|-end|p1a: Octillery|Substitute
|move|p1a: Octillery|Scald|p2a: Heliolisk
|-immune|p2a: Heliolisk|[from] ability: Dry Skin
|
|-weather|SunnyDay|[upkeep]
|-heal|p1a: Octillery|94/100|[from] item: Leftovers
|-ability|p1a: Octillery|Moody|boost
|-boost|p1a: Octillery|spa|2
|-unboost|p1a: Octillery|def|1
|upkeep
|turn|15
|inactive|Wheezer has 30 seconds left.
|
|t:|1641282145
|move|p2a: Heliolisk|Thunderbolt|p1a: Octillery
|-supereffective|p1a: Octillery
|-damage|p1a: Octillery|0 fnt
|faint|p1a: Octillery
|
|-weather|SunnyDay|[upkeep]
|upkeep
|inactive|Wheezer has 30 seconds left this turn.
|j| snsdlive
|inactive|Wheezer has 20 seconds left.
|inactive|Wheezer has 15 seconds left.
|
|t:|1641282161
|switch|p1a: Corsola|Corsola-Galar, F, shiny|100/100
|-damage|p1a: Corsola|88/100|[from] Stealth Rock
|turn|16
|inactive|Wheezer has 25 seconds left this turn.
|
|t:|1641282167
|switch|p2a: Torkoal|Torkoal, F|1/100
|move|p1a: Corsola|Stealth Rock|p2a: Torkoal
|-sidestart|p2: Pindustry|move: Stealth Rock
|
|-weather|none
|upkeep
|turn|17
|c| Kyurem|am i dumb, does dry skin not make sun deal dmg every turn?
|
|t:|1641282176
|switch|p2a: Toxapex|Toxapex, F|100/100 par
|-damage|p2a: Toxapex|88/100 par|[from] Stealth Rock
|move|p1a: Corsola|Night Shade|p2a: Toxapex
|-damage|p2a: Toxapex|55/100 par
|
|upkeep
|turn|18
|c|☆Wheezer|thats solar power
|c|☆Wheezer|the thing charizard has
|c| Kyurem|o lmao
|c| gewwge|Utility Umbrella
|
|t:|1641282186
|move|p1a: Corsola|Night Shade|p2a: Toxapex
|-damage|p2a: Toxapex|22/100 par
|move|p2a: Toxapex|Toxic|p1a: Corsola
|-status|p1a: Corsola|tox
|
|-damage|p1a: Corsola|82/100 tox|[from] psn
|upkeep
|turn|19
|c| gewwge|no
|
|t:|1641282193
|switch|p2a: Torkoal|Torkoal, F|1/100
|-damage|p2a: Torkoal|0 fnt|[from] Stealth Rock
|faint|p2a: Torkoal
|move|p1a: Corsola|Night Shade|p2: Torkoal|[notarget]
|-fail|p1a: Corsola
|
|-damage|p1a: Corsola|70/100 tox|[from] psn
|upkeep
|c| gewwge|drought hurts dry skin
|c| Kyurem|dude wtf that item exists
|
|t:|1641282203
|switch|p2a: Venusaur|Venusaur, F|29/100
|-damage|p2a: Venusaur|16/100|[from] Stealth Rock
|turn|20
|j| RipReckful
|inactive|Wheezer has 60 seconds left.
|c|☆Wheezer|kyurem what was ur name befoe
|c|☆Wheezer|before
|c| Kyurem|Kyurem
|c|☆Wheezer|:/
|
|t:|1641282232
|move|p2a: Venusaur|Giga Drain|p1a: Corsola
|-damage|p1a: Corsola|38/100 tox
|-heal|p2a: Venusaur|33/100|[from] drain|[of] p1a: Corsola
|-start|p2a: Venusaur|Disable|Giga Drain|[from] ability: Cursed Body|[of] p1a: Corsola
|-damage|p2a: Venusaur|23/100|[from] item: Life Orb
|move|p1a: Corsola|Night Shade|p2a: Venusaur
|-damage|p2a: Venusaur|0 fnt
|faint|p2a: Venusaur
|
|-damage|p1a: Corsola|20/100 tox|[from] psn
|upkeep
|n| RipReckful|ripreckful
|
|t:|1641282245
|switch|p2a: Heliolisk|Heliolisk, F|100/100
|-damage|p2a: Heliolisk|88/100|[from] Stealth Rock
|turn|21
|
|t:|1641282254
|move|p2a: Heliolisk|Dragon Pulse|p1a: Corsola
|-damage|p1a: Corsola|1/100 tox
|-start|p2a: Heliolisk|Disable|Dragon Pulse|[from] ability: Cursed Body|[of] p1a: Corsola
|move|p1a: Corsola|Strength Sap|p2a: Heliolisk
|-unboost|p2a: Heliolisk|atk|1
|-heal|p1a: Corsola|33/100 tox
|
|-damage|p1a: Corsola|8/100 tox|[from] psn
|upkeep
|turn|22
|n| RipReckful|ripreckful
|n| RipReckful|ripreckful
|
|t:|1641282269
|move|p2a: Heliolisk|Thunderbolt|p1a: Corsola
|-damage|p1a: Corsola|0 fnt
|faint|p1a: Corsola
|
|upkeep
|l| hmgmsam vte
|
|t:|1641282271
|switch|p1a: Heatran|Heatran, F|100/100
|-damage|p1a: Heatran|88/100|[from] Stealth Rock
|turn|23
|l| salmonelephant
|inactive|Pindustry has 120 seconds left.
|
|t:|1641282328
|move|p2a: Heliolisk|Thunderbolt|p1a: Heatran
|-damage|p1a: Heatran|46/100
|move|p1a: Heatran|Magma Storm|p2a: Heliolisk|[miss]
|-miss|p1a: Heatran|p2a: Heliolisk
|
|-heal|p1a: Heatran|52/100|[from] item: Leftovers
|upkeep
|turn|24
|inactive|Pindustry has 90 seconds left.
|c| gewwge|man, this is the first time I see someone using the Utility Umbrella
|inactive|Wheezer has 60 seconds left.
|c| gewwge|does it really work?
|inactive|Pindustry has 60 seconds left.
|
|t:|1641282382
|move|p2a: Heliolisk|Thunderbolt|p1a: Heatran
|-damage|p1a: Heatran|8/100
|move|p1a: Heatran|Earth Power|p2a: Heliolisk
|-supereffective|p2a: Heliolisk
|-damage|p2a: Heliolisk|7/100
|-unboost|p2a: Heliolisk|spd|1
|
|-heal|p1a: Heatran|14/100|[from] item: Leftovers
|-end|p2a: Heliolisk|Disable
|upkeep
|turn|25
|inactive|Pindustry has 60 seconds left.
|c| Kyurem|i dont really think its worth the slot tbh
|inactive|Wheezer has 60 seconds left.
|inactive|Pindustry has 30 seconds left.
|j| Vampirism
|
|t:|1641282423
|move|p2a: Heliolisk|Thunderbolt|p1a: Heatran
|-damage|p1a: Heatran|0 fnt
|faint|p1a: Heatran
|
|upkeep
|
|t:|1641282428
|switch|p1a: Garchomp|Garchomp, F|70/100
|-damage|p1a: Garchomp|64/100|[from] Stealth Rock
|turn|26
|
|t:|1641282434
|move|p2a: Heliolisk|Dragon Pulse|p1a: Garchomp
|-supereffective|p1a: Garchomp
|-damage|p1a: Garchomp|14/100
|move|p1a: Garchomp|Earthquake|p2a: Heliolisk
|-supereffective|p2a: Heliolisk
|-damage|p2a: Heliolisk|0 fnt
|faint|p2a: Heliolisk
|
|upkeep
|c| gewwge|ya me too
|
|t:|1641282441
|switch|p2a: Darmanitan|Darmanitan, F|100/100
|-damage|p2a: Darmanitan|75/100|[from] Stealth Rock
|turn|27
|
|t:|1641282446
|move|p2a: Darmanitan|Flare Blitz|p1a: Garchomp
|-resisted|p1a: Garchomp
|-damage|p1a: Garchomp|0 fnt
|-damage|p2a: Darmanitan|63/100|[from] ability: Rough Skin|[of] p1a: Garchomp
|-damage|p2a: Darmanitan|47/100|[from] item: Rocky Helmet|[of] p1a: Garchomp
|faint|p1a: Garchomp
|-damage|p2a: Darmanitan|41/100|[from] Recoil
|
|upkeep
|
|t:|1641282450
|switch|p1a: Zapdos|Zapdos-Galar|100/100
|-damage|p1a: Zapdos|88/100|[from] Stealth Rock
|turn|28
|c| Vampirism|whos using utility umbrella?
|
|t:|1641282455
|move|p2a: Darmanitan|Flare Blitz|p1a: Zapdos
|-damage|p1a: Zapdos|0 fnt
|faint|p1a: Zapdos
|-damage|p2a: Darmanitan|15/100|[from] Recoil
|
|win|Pindustry
|n|☆Wheezer|wheezer
|n|☆Pindustry|pindustry
|n| Kyurem|kyurem
|n| fruityiscool423|fruityiscool423
|n| BonkFace|bonkface
|n| Orneus|orneus
|n| gewwge|gewwge
|n| VanillaTwilight23|vanillatwilight23
|n| Anonymous43567|anonymous43567
|n| q201201|q201201
|n| snsdlive|snsdlive
|n| RipReckful|ripreckful
|n| Vampirism|vampirism
