|j|☆Contorted Lies
|j|☆MrBanana45_SA22
|t:|1642547377
|gametype|singles
|player|p1|Contorted Lies|102|1678
|player|p2|MrBanana45_SA22|swimmerf-gen4|1510
|teamsize|p1|6
|teamsize|p2|6
|gen|8
|tier|[Gen 8] OU
|rated|
|rule|Sleep Clause Mod: Limit one foe put to sleep
|rule|Species Clause: Limit one of each Pokémon
|rule|OHKO Clause: OHKO moves are banned
|rule|Evasion Moves Clause: Evasion moves are banned
|rule|Endless Battle Clause: Forcing endless battles is banned
|rule|HP Percentage Mod: HP is shown in percentages
|rule|Dynamax Clause: You cannot dynamax
|clearpoke
|poke|p1|Weavile, F|
|poke|p1|Landorus-Therian, M|
|poke|p1|Ferrothorn, F|
|poke|p1|Urshifu-*, M|
|poke|p1|Heatran, F|
|poke|p1|Latios, M|
|poke|p2|Terrakion|
|poke|p2|Garchomp, F|
|poke|p2|Tapu Lele|
|poke|p2|Corviknight, M|
|poke|p2|Blacephalon|
|poke|p2|Volcanion|
|teampreview
|c|☆MrBanana45_SA22|Glhf
|
|t:|1642547394
|start
|switch|p1a: Weavile|Weavile, F|100/100
|switch|p2a: Terra|Terrakion, shiny|100/100
|-ability|p1a: Weavile|Pressure
|turn|1
|
|t:|1642547400
|move|p1a: Weavile|Low Kick|p2a: Terra
|-supereffective|p2a: Terra
|-damage|p2a: Terra|0 fnt
|faint|p2a: Terra
|
|upkeep
|
|t:|1642547405
|switch|p2a: Chomp|Garchomp, F|100/100
|turn|2
|
|t:|1642547409
|switch|p1a: Landorus|Landorus-Therian, M|100/100
|-ability|p1a: Landorus|Intimidate|boost
|-unboost|p2a: Chomp|atk|1
|move|p2a: Chomp|Stealth Rock|p1a: Landorus
|-sidestart|p1: Contorted Lies|move: Stealth Rock
|
|upkeep
|turn|3
|
|t:|1642547416
|move|p1a: Landorus|U-turn|p2a: Chomp
|-damage|p2a: Chomp|80/100
|-damage|p1a: Landorus|88/100|[from] ability: Rough Skin|[of] p2a: Chomp
|
|t:|1642547422
|switch|p1a: Urshifu|Urshifu-Rapid-Strike, M|100/100|[from]move: U-turn
|-damage|p1a: Urshifu|94/100|[from] Stealth Rock
|move|p2a: Chomp|Toxic|p1a: Urshifu
|-status|p1a: Urshifu|tox
|
|-heal|p1a: Urshifu|100/100 tox|[from] item: Leftovers
|-heal|p2a: Chomp|86/100|[from] item: Leftovers
|-damage|p1a: Urshifu|94/100 tox|[from] psn
|upkeep
|turn|4
|
|t:|1642547426
|switch|p2a: Volgcanion|Volcanion|100/100
|move|p1a: Urshifu|Bulk Up|p1a: Urshifu
|-boost|p1a: Urshifu|atk|1
|-boost|p1a: Urshifu|def|1
|
|-heal|p1a: Urshifu|100/100 tox|[from] item: Leftovers
|-damage|p1a: Urshifu|88/100 tox|[from] psn
|upkeep
|turn|5
|
|t:|1642547432
|switch|p2a: Opacandastar|Blacephalon, shiny|100/100
|move|p1a: Urshifu|Close Combat|p2a: Opacandastar
|-immune|p2a: Opacandastar
|
|-heal|p1a: Urshifu|94/100 tox|[from] item: Leftovers
|-damage|p1a: Urshifu|76/100 tox|[from] psn
|upkeep
|turn|6
|
|t:|1642547435
|switch|p2a: Tapu Lerdo|Tapu Lele, shiny|100/100
|-fieldstart|move: Psychic Terrain|[from] ability: Psychic Surge|[of] p2a: Tapu Lerdo
|move|p1a: Urshifu|Aqua Jet|p2a: Tapu Lerdo
|-activate|p2a: Tapu Lerdo|move: Psychic Terrain
|
|-heal|p1a: Urshifu|82/100 tox|[from] item: Leftovers
|-damage|p1a: Urshifu|57/100 tox|[from] psn
|upkeep
|turn|7
|
|t:|1642547440
|switch|p2a: Volgcanion|Volcanion|100/100
|move|p1a: Urshifu|Surging Strikes|p2a: Volgcanion
|-immune|p2a: Volgcanion|[from] ability: Water Absorb
|
|-heal|p1a: Urshifu|64/100 tox|[from] item: Leftovers
|-damage|p1a: Urshifu|33/100 tox|[from] psn
|upkeep
|turn|8
|
|t:|1642547444
|move|p1a: Urshifu|Surging Strikes|p2a: Volgcanion
|-immune|p2a: Volgcanion|[from] ability: Water Absorb
|move|p2a: Volgcanion|Steam Eruption|p1a: Urshifu
|-resisted|p1a: Urshifu
|-damage|p1a: Urshifu|0 fnt
|faint|p1a: Urshifu
|
|upkeep
|
|t:|1642547447
|switch|p1a: Latios|Latios, M|100/100
|-damage|p1a: Latios|88/100|[from] Stealth Rock
|turn|9
|
|t:|1642547450
|switch|p2a: Corvi|Corviknight, M, shiny|100/100
|-ability|p2a: Corvi|Pressure
|move|p1a: Latios|Defog|p2a: Corvi
|-unboost|p2a: Corvi|evasion|1
|-sideend|p1: Contorted Lies|Stealth Rock|[from] move: Defog|[of] p1a: Latios
|-fieldend|move: Psychic Terrain
|
|-heal|p1a: Latios|94/100|[from] item: Leftovers
|upkeep
|turn|10
|
|t:|1642547458
|switch|p1a: Landorus|Landorus-Therian, M|88/100
|-ability|p1a: Landorus|Intimidate|boost
|-unboost|p2a: Corvi|atk|1
|move|p2a: Corvi|U-turn|p1a: Landorus
|-resisted|p1a: Landorus
|-damage|p1a: Landorus|83/100
|
|t:|1642547463
|switch|p2a: Chomp|Garchomp, F|86/100|[from]move: U-turn
|
|-heal|p2a: Chomp|92/100|[from] item: Leftovers
|upkeep
|turn|11
|
|t:|1642547467
|move|p1a: Landorus|U-turn|p2a: Chomp
|-damage|p2a: Chomp|73/100
|-damage|p1a: Landorus|71/100|[from] ability: Rough Skin|[of] p2a: Chomp
|
|t:|1642547468
|switch|p1a: Weavile|Weavile, F|100/100|[from]move: U-turn
|-ability|p1a: Weavile|Pressure
|move|p2a: Chomp|Stealth Rock|p1a: Weavile
|-sidestart|p1: Contorted Lies|move: Stealth Rock
|
|-heal|p2a: Chomp|80/100|[from] item: Leftovers
|upkeep
|turn|12
|
|t:|1642547473
|switch|p2a: Corvi|Corviknight, M, shiny|100/100
|-ability|p2a: Corvi|Pressure
|move|p1a: Weavile|Knock Off|p2a: Corvi
|-damage|p2a: Corvi|51/100
|-damage|p1a: Weavile|84/100|[from] item: Rocky Helmet|[of] p2a: Corvi
|-enditem|p2a: Corvi|Rocky Helmet|[from] move: Knock Off|[of] p1a: Weavile
|
|upkeep
|turn|13
|
|t:|1642547491
|switch|p1a: Ferrothorn|Ferrothorn, F|100/100
|-damage|p1a: Ferrothorn|94/100|[from] Stealth Rock
|move|p2a: Corvi|Roost|p2a: Corvi
|-heal|p2a: Corvi|100/100
|-singleturn|p2a: Corvi|move: Roost
|
|-heal|p1a: Ferrothorn|100/100|[from] item: Leftovers
|upkeep
|turn|14
|
|t:|1642547499
|switch|p2a: Volgcanion|Volcanion|100/100
|move|p1a: Ferrothorn|Spikes|p2a: Volgcanion
|-sidestart|p2: MrBanana45_SA22|Spikes
|
|upkeep
|turn|15
|
|t:|1642547501
|switch|p1a: Latios|Latios, M|94/100
|-damage|p1a: Latios|82/100|[from] Stealth Rock
|move|p2a: Volgcanion|Substitute|p2a: Volgcanion
|-start|p2a: Volgcanion|Substitute
|-damage|p2a: Volgcanion|76/100
|
|-heal|p1a: Latios|88/100|[from] item: Leftovers
|-heal|p2a: Volgcanion|82/100|[from] item: Leftovers
|upkeep
|turn|16
|
|t:|1642547504
|move|p1a: Latios|Psychic|p2a: Volgcanion
|-end|p2a: Volgcanion|Substitute
|move|p2a: Volgcanion|Sludge Bomb|p1a: Latios
|-damage|p1a: Latios|50/100
|-status|p1a: Latios|psn
|
|-heal|p1a: Latios|56/100 psn|[from] item: Leftovers
|-heal|p2a: Volgcanion|88/100|[from] item: Leftovers
|-damage|p1a: Latios|44/100 psn|[from] psn
|upkeep
|turn|17
|
|t:|1642547512
|switch|p2a: Tapu Lerdo|Tapu Lele, shiny|100/100
|-damage|p2a: Tapu Lerdo|88/100|[from] Spikes
|-fieldstart|move: Psychic Terrain|[from] ability: Psychic Surge|[of] p2a: Tapu Lerdo
|move|p1a: Latios|Recover|p1a: Latios
|-heal|p1a: Latios|94/100 psn
|
|-heal|p1a: Latios|99/100 psn|[from] item: Leftovers
|-damage|p1a: Latios|88/100 psn|[from] psn
|upkeep
|turn|18
|
|t:|1642547518
|switch|p1a: Heatran|Heatran, F|100/100
|-damage|p1a: Heatran|88/100|[from] Stealth Rock
|switch|p2a: Volgcanion|Volcanion|88/100
|-damage|p2a: Volgcanion|76/100|[from] Spikes
|
|-heal|p2a: Volgcanion|82/100|[from] item: Leftovers
|-heal|p1a: Heatran|94/100|[from] item: Leftovers
|upkeep
|turn|19
|
|t:|1642547532
|move|p2a: Volgcanion|Steam Eruption|p1a: Heatran
|-supereffective|p1a: Heatran
|-damage|p1a: Heatran|10/100
|move|p1a: Heatran|Earth Power|p2a: Volgcanion
|-supereffective|p2a: Volgcanion
|-damage|p2a: Volgcanion|21/100
|-unboost|p2a: Volgcanion|spd|1
|
|-heal|p2a: Volgcanion|28/100|[from] item: Leftovers
|-heal|p1a: Heatran|17/100|[from] item: Leftovers
|upkeep
|turn|20
|
|t:|1642547536
|switch|p1a: Latios|Latios, M|88/100 psn
|-damage|p1a: Latios|75/100 psn|[from] Stealth Rock
|move|p2a: Volgcanion|Steam Eruption|p1a: Latios
|-resisted|p1a: Latios
|-damage|p1a: Latios|41/100 psn
|
|-heal|p1a: Latios|47/100 psn|[from] item: Leftovers
|-heal|p2a: Volgcanion|34/100|[from] item: Leftovers
|-damage|p1a: Latios|35/100 psn|[from] psn
|upkeep
|turn|21
|
|t:|1642547541
|move|p1a: Latios|Recover|p1a: Latios
|-heal|p1a: Latios|85/100 psn
|move|p2a: Volgcanion|Substitute|p2a: Volgcanion
|-start|p2a: Volgcanion|Substitute
|-damage|p2a: Volgcanion|9/100
|
|-heal|p1a: Latios|91/100 psn|[from] item: Leftovers
|-heal|p2a: Volgcanion|15/100|[from] item: Leftovers
|-damage|p1a: Latios|79/100 psn|[from] psn
|-fieldend|move: Psychic Terrain
|upkeep
|turn|22
|
|t:|1642547547
|move|p1a: Latios|Psychic|p2a: Volgcanion
|-end|p2a: Volgcanion|Substitute
|move|p2a: Volgcanion|Sludge Bomb|p1a: Latios
|-damage|p1a: Latios|44/100 psn
|
|-heal|p1a: Latios|50/100 psn|[from] item: Leftovers
|-heal|p2a: Volgcanion|21/100|[from] item: Leftovers
|-damage|p1a: Latios|37/100 psn|[from] psn
|upkeep
|turn|23
|
|t:|1642547552
|switch|p2a: Tapu Lerdo|Tapu Lele, shiny|88/100
|-damage|p2a: Tapu Lerdo|76/100|[from] Spikes
|-fieldstart|move: Psychic Terrain|[from] ability: Psychic Surge|[of] p2a: Tapu Lerdo
|move|p1a: Latios|Recover|p1a: Latios
|-heal|p1a: Latios|88/100 psn
|
|-heal|p1a: Latios|94/100 psn|[from] item: Leftovers
|-damage|p1a: Latios|81/100 psn|[from] psn
|upkeep
|turn|24
|
|t:|1642547560
|switch|p1a: Heatran|Heatran, F|17/100
|-damage|p1a: Heatran|4/100|[from] Stealth Rock
|move|p2a: Tapu Lerdo|Draining Kiss|p1a: Heatran
|-resisted|p1a: Heatran
|-damage|p1a: Heatran|0 fnt
|-heal|p2a: Tapu Lerdo|80/100|[from] drain|[of] p1a: Heatran
|faint|p1a: Heatran
|
|upkeep
|
|t:|1642547569
|switch|p1a: Weavile|Weavile, F|84/100
|-damage|p1a: Weavile|59/100|[from] Stealth Rock
|-ability|p1a: Weavile|Pressure
|turn|25
|
|t:|1642547573
|move|p1a: Weavile|Icicle Crash|p2a: Tapu Lerdo|[miss]
|-miss|p1a: Weavile|p2a: Tapu Lerdo
|move|p2a: Tapu Lerdo|Draining Kiss|p1a: Weavile
|-supereffective|p1a: Weavile
|-damage|p1a: Weavile|0 fnt
|-heal|p2a: Tapu Lerdo|100/100|[from] drain|[of] p1a: Weavile
|faint|p1a: Weavile
|
|upkeep
|-message|Contorted Lies forfeited.
|
|win|MrBanana45_SA22
|raw|Contorted Lies's rating: 1678 &rarr; <strong>1649</strong><br />(-29 for losing)
|raw|MrBanana45_SA22's rating: 1510 &rarr; <strong>1539</strong><br />(+29 for winning)
|l|☆Contorted Lies
||Ladder isn't responding, score probably updated but might not have (Request timeout).
