|raw|<div class="broadcast-blue"><strong>This battle is required to be public due to a player having a name starting with 'lt91bb'.</div>
|j|☆HOF69
|j|☆LT91BB Manololt
|t:|1659211721
|gametype|singles
|player|p1|HOF69|red|1820
|player|p2|LT91BB Manololt|psychic-gen4|1881
|teamsize|p1|6
|teamsize|p2|6
|gen|8
|tier|[Gen 8] OU
|rated|
|rule|Sleep Clause Mod: Limit one foe put to sleep
|rule|Species Clause: Limit one of each Pokémon
|rule|OHKO Clause: OHKO moves are banned
|rule|Evasion Moves Clause: Evasion moves are banned
|rule|Endless Battle Clause: Forcing endless battles is banned
|rule|HP Percentage Mod: HP is shown in percentages
|rule|Dynamax Clause: You cannot dynamax
|clearpoke
|poke|p1|Blacephalon|
|poke|p1|Gengar, M|
|poke|p1|Landorus-Therian, M|
|poke|p1|Kartana|
|poke|p1|Tapu Lele|
|poke|p1|Krookodile, M|
|poke|p2|Hippowdon, M|
|poke|p2|Toxapex, M|
|poke|p2|Clefable, M|
|poke|p2|Blissey, F|
|poke|p2|Corviknight, M|
|poke|p2|Tornadus-Therian, M|
|teampreview
|
|t:|1659211729
|start
|switch|p1a: Krookodile|Krookodile, M|100/100
|switch|p2a: Tornadus|Tornadus-Therian, M|100/100
|-ability|p1a: Krookodile|Intimidate|boost
|-unboost|p2a: Tornadus|atk|1
|turn|1
|
|t:|1659211734
|move|p2a: Tornadus|Knock Off|p1a: Krookodile
|-resisted|p1a: Krookodile
|-damage|p1a: Krookodile|92/100
|-enditem|p1a: Krookodile|Focus Sash|[from] move: Knock Off|[of] p2a: Tornadus
|move|p1a: Krookodile|Stealth Rock|p2a: Tornadus
|-sidestart|p2: LT91BB Manololt|move: Stealth Rock
|
|upkeep
|turn|2
|j| AeroFR
|l| AeroFR
|
|t:|1659211739
|move|p2a: Tornadus|Defog|p1a: Krookodile
|-unboost|p1a: Krookodile|evasion|1
|-sideend|p2: LT91BB Manololt|Stealth Rock|[from] move: Defog|[of] p2a: Tornadus
|move|p1a: Krookodile|Knock Off|p2a: Tornadus
|-damage|p2a: Tornadus|54/100
|-enditem|p2a: Tornadus|Heavy-Duty Boots|[from] move: Knock Off|[of] p1a: Krookodile
|
|upkeep
|turn|3
|
|t:|1659211742
|move|p2a: Tornadus|U-turn|p1a: Krookodile
|-supereffective|p1a: Krookodile
|-damage|p1a: Krookodile|69/100
|
|t:|1659211743
|switch|p2a: Corviknight|Corviknight, M|100/100|[from]move: U-turn
|-ability|p2a: Corviknight|Pressure
|move|p1a: Krookodile|Stealth Rock|p2a: Corviknight
|-sidestart|p2: LT91BB Manololt|move: Stealth Rock
|
|upkeep
|turn|4
|
|t:|1659211745
|move|p1a: Krookodile|Knock Off|p2a: Corviknight
|-damage|p2a: Corviknight|74/100
|-enditem|p2a: Corviknight|Leftovers|[from] move: Knock Off|[of] p1a: Krookodile
|move|p2a: Corviknight|Body Press|p1a: Krookodile
|-supereffective|p1a: Krookodile
|-damage|p1a: Krookodile|8/100
|
|upkeep
|turn|5
|
|t:|1659211759
|switch|p2a: Tornadus|Tornadus-Therian, M|87/100
|-damage|p2a: Tornadus|62/100|[from] Stealth Rock
|move|p1a: Krookodile|Knock Off|p2a: Tornadus
|-damage|p2a: Tornadus|27/100
|
|upkeep
|turn|6
|j| LT91BB Bless
|
|t:|1659211766
|move|p2a: Tornadus|Heat Wave|p1a: Krookodile
|-damage|p1a: Krookodile|0 fnt
|faint|p1a: Krookodile
|
|upkeep
|c| LT91BB Bless|QUE
|c| LT91BB Bless|SGAIRI
|c| LT91BB Bless|QUE MIERDA
|c| LT91BB Bless|ESTAS USANDO
|c| LT91BB Bless|QUE TE PASO
|c| LT91BB Bless|NOOOOOOOOOOOOOOOOOOOOO
|j| Fire and wrath
|
|t:|1659211805
|switch|p1a: Gengar|Gengar, M, shiny|100/100
|turn|7
|c| Fire and wrath|se cansó de perder
|j| wish killer
|
|t:|1659211817
|switch|p2a: Hippowdon|Hippowdon, M|100/100
|-damage|p2a: Hippowdon|94/100|[from] Stealth Rock
|-weather|Sandstorm|[from] ability: Sand Stream|[of] p2a: Hippowdon
|move|p1a: Gengar|Shadow Ball|p2a: Hippowdon
|-damage|p2a: Hippowdon|65/100
|-unboost|p2a: Hippowdon|spd|1
|
|-weather|Sandstorm|[upkeep]
|-damage|p1a: Gengar|94/100|[from] Sandstorm
|-heal|p2a: Hippowdon|71/100|[from] item: Leftovers
|upkeep
|turn|8
|
|t:|1659211819
|move|p1a: Gengar|Shadow Ball|p2a: Hippowdon
|-damage|p2a: Hippowdon|28/100
|-unboost|p2a: Hippowdon|spd|1
|move|p2a: Hippowdon|Earthquake|p1a: Gengar
|-supereffective|p1a: Gengar
|-damage|p1a: Gengar|0 fnt
|-start|p2a: Hippowdon|Disable|Earthquake|[from] ability: Cursed Body|[of] p1a: Gengar
|faint|p1a: Gengar
|
|-weather|Sandstorm|[upkeep]
|-heal|p2a: Hippowdon|35/100|[from] item: Leftovers
|upkeep
|
|t:|1659211834
|switch|p1a: Tapu Lele|Tapu Lele|100/100
|-fieldstart|move: Psychic Terrain|[from] ability: Psychic Surge|[of] p1a: Tapu Lele
|turn|9
|c| LT91BB Bless|Pero a que costo
|c| LT91BB Bless|va a ganar
|
|t:|1659211843
|move|p1a: Tapu Lele|Psyshock|p2a: Hippowdon
|-damage|p2a: Hippowdon|0 fnt
|faint|p2a: Hippowdon
|
|-weather|Sandstorm|[upkeep]
|-damage|p1a: Tapu Lele|94/100|[from] Sandstorm
|upkeep
|
|t:|1659211846
|switch|p2a: Corviknight|Corviknight, M|74/100
|-damage|p2a: Corviknight|62/100|[from] Stealth Rock
|-ability|p2a: Corviknight|Pressure
|turn|10
|
|t:|1659211850
|move|p1a: Tapu Lele|Taunt|p2a: Corviknight
|-start|p2a: Corviknight|move: Taunt
|cant|p2a: Corviknight|move: Taunt|Defog
|
|-weather|Sandstorm|[upkeep]
|-damage|p1a: Tapu Lele|88/100|[from] Sandstorm
|upkeep
|turn|11
|c|☆LT91BB Manololt|,
|c|☆LT91BB Manololt|funny
|
|t:|1659211863
|switch|p2a: Clefable|Clefable, M|100/100
|-damage|p2a: Clefable|88/100|[from] Stealth Rock
|move|p1a: Tapu Lele|Psyshock|p2a: Clefable
|-damage|p2a: Clefable|29/100
|
|-weather|none
|-heal|p2a: Clefable|35/100|[from] item: Leftovers
|upkeep
|turn|12
|
|t:|1659211867
|move|p2a: Clefable|Protect|p2a: Clefable
|-singleturn|p2a: Clefable|Protect
|move|p1a: Tapu Lele|Psyshock|p2a: Clefable
|-activate|p2a: Clefable|move: Protect
|
|-heal|p2a: Clefable|41/100|[from] item: Leftovers
|upkeep
|turn|13
|c|☆LT91BB Manololt|un putop
|c|☆LT91BB Manololt|lele taunt
|c|☆LT91BB Manololt|vs stall
|c| wish killer|sagiri getting smocked
|
|t:|1659211882
|move|p2a: Clefable|Protect||[still]
|-fail|p2a: Clefable
|move|p1a: Tapu Lele|Psyshock|p2a: Clefable
|-damage|p2a: Clefable|0 fnt
|faint|p2a: Clefable
|
|-fieldend|move: Psychic Terrain
|upkeep
|c| wish killer|no raptor ghosting
|c| wish killer|no egc ghosting
|
|t:|1659211887
|switch|p2a: Blissey|Blissey, F|100/100
|-damage|p2a: Blissey|88/100|[from] Stealth Rock
|turn|14
|c| wish killer|this is the result
|
|t:|1659211894
|move|p1a: Tapu Lele|Taunt|p2a: Blissey
|-start|p2a: Blissey|move: Taunt
|move|p2a: Blissey|Seismic Toss|p1a: Tapu Lele
|-damage|p1a: Tapu Lele|53/100
|
|-heal|p2a: Blissey|94/100|[from] item: Leftovers
|upkeep
|turn|15
|
|t:|1659211897
|move|p1a: Tapu Lele|Psyshock|p2a: Blissey
|-damage|p2a: Blissey|47/100
|move|p2a: Blissey|Seismic Toss|p1a: Tapu Lele
|-damage|p1a: Tapu Lele|17/100
|
|-heal|p2a: Blissey|53/100|[from] item: Leftovers
|upkeep
|turn|16
|
|t:|1659211903
|move|p1a: Tapu Lele|Psyshock|p2a: Blissey
|-damage|p2a: Blissey|2/100
|move|p2a: Blissey|Seismic Toss|p1a: Tapu Lele
|-damage|p1a: Tapu Lele|0 fnt
|faint|p1a: Tapu Lele
|
|-heal|p2a: Blissey|8/100|[from] item: Leftovers
|-end|p2a: Blissey|move: Taunt
|upkeep
|c| LT91BB Bless|LMFAO
|j| LT91BB justamente
|j| riquelme❈14
|
|t:|1659211928
|switch|p1a: Landorus|Landorus-Therian, M|100/100
|-ability|p1a: Landorus|Intimidate|boost
|-unboost|p2a: Blissey|atk|1
|turn|17
|j| Gondra
|
|t:|1659211936
|switch|p2a: Tornadus|Tornadus-Therian, M|61/100
|-damage|p2a: Tornadus|36/100|[from] Stealth Rock
|move|p1a: Landorus|Smack Down|p2a: Tornadus
|-supereffective|p2a: Tornadus
|-damage|p2a: Tornadus|0 fnt
|faint|p2a: Tornadus
|
|upkeep
|c|☆HOF69|thanks
|c| LT91BB Bless|LMFAO
|c|☆LT91BB Manololt|np
|
|t:|1659211948
|switch|p2a: Corviknight|Corviknight, M|62/100
|-damage|p2a: Corviknight|50/100|[from] Stealth Rock
|-ability|p2a: Corviknight|Pressure
|turn|18
|c| LT91BB justamente|Sagiri que haces jugando stall
|
|t:|1659211953
|move|p1a: Landorus|Smack Down|p2a: Corviknight
|-damage|p2a: Corviknight|39/100
|-start|p2a: Corviknight|Smack Down
|move|p2a: Corviknight|Defog|p1a: Landorus
|-unboost|p1a: Landorus|evasion|1
|-sideend|p2: LT91BB Manololt|Stealth Rock|[from] move: Defog|[of] p2a: Corviknight
|
|upkeep
|turn|19
|
|t:|1659211957
|switch|p2a: Toxapex|Toxapex, M|100/100
|move|p1a: Landorus|Earthquake|p2a: Toxapex
|-supereffective|p2a: Toxapex
|-damage|p2a: Toxapex|38/100
|
|upkeep
|turn|20
|c| LT91BB justamente|Normal q pierdas
|c| LT91BB Bless|Nadie lo sabe
|
|t:|1659211961
|switch|p2a: Corviknight|Corviknight, M|39/100
|-ability|p2a: Corviknight|Pressure
|move|p1a: Landorus|Earthquake|p2a: Corviknight
|-immune|p2a: Corviknight
|
|upkeep
|turn|21
|
|t:|1659211963
|move|p1a: Landorus|Smack Down|p2a: Corviknight
|-damage|p2a: Corviknight|28/100
|-start|p2a: Corviknight|Smack Down
|move|p2a: Corviknight|Roost|p2a: Corviknight
|-heal|p2a: Corviknight|78/100
|-singleturn|p2a: Corviknight|move: Roost
|
|upkeep
|turn|22
|c| LT91BB Bless|se quejaba
|c| LT91BB Bless|por la grasa
|c| LT91BB Bless|y el la usa
|
|t:|1659211966
|move|p1a: Landorus|Earthquake|p2a: Corviknight
|-supereffective|p2a: Corviknight
|-crit|p2a: Corviknight
|-damage|p2a: Corviknight|0 fnt
|faint|p2a: Corviknight
|
|upkeep
|c|☆HOF69|gg
|c| wish killer|ahahahaha
|-message|LT91BB Manololt forfeited.
|
|win|HOF69
|raw|HOF69's rating: 1820 &rarr; <strong>1843</strong><br />(+23 for winning)
|raw|LT91BB Manololt's rating: 1881 &rarr; <strong>1858</strong><br />(-23 for losing)
|c| wish killer|sagirii
|c| Gondra|perdiste en menos de 30 turnos usando eso...
|c|☆LT91BB Manololt|si bro
|l| riquelme❈14
|c|☆LT91BB Manololt|por un lele
|c|☆LT91BB Manololt|taunt
|c|☆LT91BB Manololt|callate gondra
|c| LT91BB justamente|Haber estudiao
|c|☆HOF69|<3 taunt lele
|c| Gondra|XD
|c|☆HOF69|ruins stall so much
|l|☆LT91BB Manololt
||Ladder isn't responding, score probably updated but might not have (Request timeout).
|c| LT91BB justamente|te está dando clases y se la pela
|l| LT91BB justamente
|l| Fire and wrath
