|j|☆InvincibleRoserade
|j|☆zyzdatianshen
|t:|1663823233
|gametype|singles
|player|p1|InvincibleRoserade|dawn|1576
|player|p2|zyzdatianshen|elesa|1524
|teamsize|p1|6
|teamsize|p2|6
|gen|8
|tier|[Gen 8] OU
|rated|
|rule|Sleep Clause Mod: Limit one foe put to sleep
|rule|Species Clause: Limit one of each Pokémon
|rule|OHKO Clause: OHKO moves are banned
|rule|Evasion Items Clause: Evasion items are banned
|rule|Evasion Moves Clause: Evasion moves are banned
|rule|Endless Battle Clause: Forcing endless battles is banned
|rule|HP Percentage Mod: HP is shown in percentages
|rule|Dynamax Clause: You cannot dynamax
|clearpoke
|poke|p1|Clefable, F|
|poke|p1|Tornadus-Therian, M|
|poke|p1|Nidoking, M|
|poke|p1|Slowking, F|
|poke|p1|Urshifu-*, M|
|poke|p1|Ferrothorn, M|
|poke|p2|Clefable, M|
|poke|p2|Blissey, F|
|poke|p2|Kartana|
|poke|p2|Volcanion|
|poke|p2|Landorus-Therian, M|
|poke|p2|Buzzwole|
|teampreview
|
|t:|1663823260
|start
|switch|p1a: Clefable|Clefable, F, shiny|100/100
|switch|p2a: Volcanion|Volcanion|100/100
|turn|1
|inactive|Battle timer is ON: inactive players will automatically lose when time's up. (requested by InvincibleRoserade)
|
|t:|1663823270
|switch|p1a: Slowking|Slowking, F, shiny|100/100
|move|p2a: Volcanion|Sludge Wave|p1a: Slowking
|-damage|p1a: Slowking|80/100
|
|upkeep
|turn|2
|
|t:|1663823282
|switch|p2a: Blissey|Blissey, F|100/100
|move|p1a: Slowking|Teleport|p1a: Slowking
|
|t:|1663823303
|switch|p1a: Ferrothorn|Ferrothorn, M, shiny|100/100|[from]move: Teleport
|
|upkeep
|turn|3
|
|t:|1663823311
|switch|p2a: Volcanion|Volcanion|100/100
|move|p1a: Ferrothorn|Knock Off|p2a: Volcanion
|-damage|p2a: Volcanion|81/100
|-enditem|p2a: Volcanion|Heavy-Duty Boots|[from] move: Knock Off|[of] p1a: Ferrothorn
|
|upkeep
|turn|4
|
|t:|1663823322
|switch|p2a: Kartana|Kartana|100/100
|switch|p1a: Slowking|Slowking, F, shiny|100/100
|
|upkeep
|turn|5
|
|t:|1663823329
|switch|p1a: Tornadus|Tornadus-Therian, M, shiny|100/100
|move|p2a: Kartana|Knock Off|p1a: Tornadus
|-damage|p1a: Tornadus|50/100
|-enditem|p1a: Tornadus|Heavy-Duty Boots|[from] move: Knock Off|[of] p2a: Kartana
|
|upkeep
|turn|6
|
|t:|1663823338
|switch|p2a: Blissey|Blissey, F|100/100
|move|p1a: Tornadus|Knock Off|p2a: Blissey
|-damage|p2a: Blissey|81/100
|-enditem|p2a: Blissey|Leftovers|[from] move: Knock Off|[of] p1a: Tornadus
|
|upkeep
|turn|7
|
|t:|1663823345
|move|p1a: Tornadus|U-turn|p2a: Blissey
|-damage|p2a: Blissey|66/100
|
|t:|1663823351
|switch|p1a: Clefable|Clefable, F, shiny|100/100|[from]move: U-turn
|move|p2a: Blissey|Stealth Rock|p1a: Clefable
|-sidestart|p1: InvincibleRoserade|move: Stealth Rock
|
|upkeep
|turn|8
|
|t:|1663823357
|move|p1a: Clefable|Stealth Rock|p2a: Blissey
|-sidestart|p2: zyzdatianshen|move: Stealth Rock
|move|p2a: Blissey|Soft-Boiled|p2a: Blissey
|-heal|p2a: Blissey|100/100
|
|upkeep
|turn|9
|
|t:|1663823366
|move|p1a: Clefable|Thunder Wave|p2a: Blissey
|-status|p2a: Blissey|par
|move|p2a: Blissey|Toxic|p1a: Clefable
|-status|p1a: Clefable|tox
|
|upkeep
|turn|10
|
|t:|1663823377
|-curestatus|p2a: Blissey|par|[from] ability: Natural Cure
|switch|p2a: Landorus|Landorus-Therian, M|100/100
|-damage|p2a: Landorus|88/100|[from] Stealth Rock
|-ability|p2a: Landorus|Intimidate|boost
|-unboost|p1a: Clefable|atk|1
|move|p1a: Clefable|Thunder Wave|p2a: Landorus
|-immune|p2a: Landorus
|
|-heal|p2a: Landorus|94/100|[from] item: Leftovers
|upkeep
|turn|11
|
|t:|1663823399
|move|p2a: Landorus|Earthquake|p1a: Clefable
|-damage|p1a: Clefable|49/100 tox
|move|p1a: Clefable|Soft-Boiled|p1a: Clefable
|-heal|p1a: Clefable|99/100 tox
|
|-heal|p2a: Landorus|99/100|[from] item: Leftovers
|-heal|p1a: Clefable|100/100 tox|[from] item: Leftovers
|upkeep
|turn|12
|
|t:|1663823407
|switch|p1a: Tornadus|Tornadus-Therian, M, shiny|83/100
|-damage|p1a: Tornadus|58/100|[from] Stealth Rock
|move|p2a: Landorus|Knock Off|p1a: Tornadus
|-damage|p1a: Tornadus|30/100
|
|-heal|p2a: Landorus|100/100|[from] item: Leftovers
|upkeep
|turn|13
|
|t:|1663823432
|move|p1a: Tornadus|Icy Wind|p2a: Landorus
|-supereffective|p2a: Landorus
|-damage|p2a: Landorus|41/100
|-unboost|p2a: Landorus|spe|1
|move|p2a: Landorus|Knock Off|p1a: Tornadus
|-damage|p1a: Tornadus|0 fnt
|faint|p1a: Tornadus
|
|-heal|p2a: Landorus|47/100|[from] item: Leftovers
|upkeep
|
|t:|1663823440
|switch|p1a: Ferrothorn|Ferrothorn, M, shiny|100/100
|-damage|p1a: Ferrothorn|94/100|[from] Stealth Rock
|turn|14
|
|t:|1663823445
|move|p2a: Landorus|Knock Off|p1a: Ferrothorn
|-damage|p1a: Ferrothorn|70/100
|-damage|p2a: Landorus|35/100|[from] ability: Iron Barbs|[of] p1a: Ferrothorn
|-damage|p2a: Landorus|18/100|[from] item: Rocky Helmet|[of] p1a: Ferrothorn
|-enditem|p1a: Ferrothorn|Rocky Helmet|[from] move: Knock Off|[of] p2a: Landorus
|move|p1a: Ferrothorn|Spikes|p2a: Landorus
|-sidestart|p2: zyzdatianshen|Spikes
|
|-heal|p2a: Landorus|24/100|[from] item: Leftovers
|upkeep
|turn|15
|
|t:|1663823455
|move|p2a: Landorus|Defog|p1a: Ferrothorn
|-unboost|p1a: Ferrothorn|evasion|1
|-sideend|p1: InvincibleRoserade|Stealth Rock|[from] move: Defog|[of] p2a: Landorus
|-sideend|p2: zyzdatianshen|Spikes|[from] move: Defog|[of] p2a: Landorus
|-sideend|p2: zyzdatianshen|Stealth Rock|[from] move: Defog|[of] p2a: Landorus
|move|p1a: Ferrothorn|Spikes|p2a: Landorus
|-sidestart|p2: zyzdatianshen|Spikes
|
|-heal|p2a: Landorus|30/100|[from] item: Leftovers
|upkeep
|turn|16
|
|t:|1663823475
|switch|p2a: Volcanion|Volcanion|81/100
|-damage|p2a: Volcanion|68/100|[from] Spikes
|move|p1a: Ferrothorn|Spikes|p2a: Volcanion
|-sidestart|p2: zyzdatianshen|Spikes
|
|upkeep
|turn|17
|
|t:|1663823484
|switch|p1a: Slowking|Slowking, F, shiny|100/100
|move|p2a: Volcanion|Sludge Wave|p1a: Slowking
|-damage|p1a: Slowking|80/100
|
|upkeep
|turn|18
|
|t:|1663823490
|move|p2a: Volcanion|Sludge Wave|p1a: Slowking
|-damage|p1a: Slowking|59/100
|move|p1a: Slowking|Teleport|p1a: Slowking
|
|t:|1663823494
|switch|p1a: Nidoking|Nidoking, M|100/100|[from]move: Teleport
|
|upkeep
|turn|19
|
|t:|1663823500
|move|p1a: Nidoking|Earth Power|p2a: Volcanion
|-supereffective|p2a: Volcanion
|-damage|p2a: Volcanion|0 fnt
|faint|p2a: Volcanion
|
|upkeep
|
|t:|1663823505
|switch|p2a: Blissey|Blissey, F|100/100
|-damage|p2a: Blissey|84/100|[from] Spikes
|turn|20
|
|t:|1663823514
|switch|p1a: Clefable|Clefable, F, shiny|100/100 tox
|move|p2a: Blissey|Stealth Rock|p1a: Clefable
|-sidestart|p1: InvincibleRoserade|move: Stealth Rock
|
|upkeep
|turn|21
|
|t:|1663823520
|move|p1a: Clefable|Stealth Rock|p2a: Blissey
|-sidestart|p2: zyzdatianshen|move: Stealth Rock
|move|p2a: Blissey|Seismic Toss|p1a: Clefable
|-damage|p1a: Clefable|75/100 tox
|
|-heal|p1a: Clefable|81/100 tox|[from] item: Leftovers
|upkeep
|turn|22
|
|t:|1663823533
|move|p1a: Clefable|Moonblast|p2a: Blissey
|-crit|p2a: Blissey
|-damage|p2a: Blissey|70/100
|move|p2a: Blissey|Seismic Toss|p1a: Clefable
|-damage|p1a: Clefable|56/100 tox
|
|-heal|p1a: Clefable|62/100 tox|[from] item: Leftovers
|upkeep
|turn|23
|
|t:|1663823544
|switch|p2a: Kartana|Kartana|100/100
|-damage|p2a: Kartana|84/100|[from] Spikes
|-damage|p2a: Kartana|78/100|[from] Stealth Rock
|move|p1a: Clefable|Moonblast|p2a: Kartana
|-resisted|p2a: Kartana
|-damage|p2a: Kartana|28/100
|
|-heal|p1a: Clefable|68/100 tox|[from] item: Leftovers
|upkeep
|turn|24
|
|t:|1663823557
|switch|p1a: Ferrothorn|Ferrothorn, M, shiny|70/100
|-damage|p1a: Ferrothorn|64/100|[from] Stealth Rock
|move|p2a: Kartana|Sacred Sword|p1a: Ferrothorn
|-supereffective|p1a: Ferrothorn
|-damage|p1a: Ferrothorn|16/100
|-damage|p2a: Kartana|15/100|[from] ability: Iron Barbs|[of] p1a: Ferrothorn
|
|upkeep
|turn|25
|
|t:|1663823574
|switch|p1a: Clefable|Clefable, F, shiny|68/100 tox
|move|p2a: Kartana|Sacred Sword|p1a: Clefable
|-resisted|p1a: Clefable
|-damage|p1a: Clefable|47/100 tox
|
|-heal|p1a: Clefable|53/100 tox|[from] item: Leftovers
|upkeep
|turn|26
|
|t:|1663823583
|switch|p2a: Clefable|Clefable, M|100/100
|-damage|p2a: Clefable|84/100|[from] Spikes
|-damage|p2a: Clefable|72/100|[from] Stealth Rock
|move|p1a: Clefable|Soft-Boiled|p1a: Clefable
|-heal|p1a: Clefable|100/100 tox
|
|-heal|p2a: Clefable|78/100|[from] item: Leftovers
|upkeep
|turn|27
|
|t:|1663823594
|switch|p1a: Nidoking|Nidoking, M|100/100
|-damage|p1a: Nidoking|95/100|[from] Stealth Rock
|move|p2a: Clefable|Wish|p2a: Clefable
|
|-heal|p2a: Clefable|84/100|[from] item: Leftovers
|upkeep
|turn|28
|
|t:|1663823604
|switch|p2a: Blissey|Blissey, F|70/100
|-damage|p2a: Blissey|54/100|[from] Spikes
|-damage|p2a: Blissey|41/100|[from] Stealth Rock
|move|p1a: Nidoking|Earth Power|p2a: Blissey
|-damage|p2a: Blissey|21/100
|
|-heal|p2a: Blissey|51/100|[from] move: Wish|[wisher] Clefable
|upkeep
|turn|29
|inactive|InvincibleRoserade has 120 seconds left.
|
|t:|1663823649
|switch|p1a: Urshifu|Urshifu-Rapid-Strike, M|100/100
|-damage|p1a: Urshifu|94/100|[from] Stealth Rock
|move|p2a: Blissey|Soft-Boiled|p2a: Blissey
|-heal|p2a: Blissey|100/100
|
|upkeep
|turn|30
|
|t:|1663823663
|switch|p2a: Clefable|Clefable, M|84/100
|-damage|p2a: Clefable|67/100|[from] Spikes
|-damage|p2a: Clefable|55/100|[from] Stealth Rock
|move|p1a: Urshifu|Surging Strikes|p2a: Clefable
|-crit|p2a: Clefable
|-damage|p2a: Clefable|40/100
|-crit|p2a: Clefable
|-damage|p2a: Clefable|24/100
|-crit|p2a: Clefable
|-damage|p2a: Clefable|9/100
|-hitcount|p2a: Clefable|3
|
|-heal|p2a: Clefable|15/100|[from] item: Leftovers
|upkeep
|turn|31
|
|t:|1663823676
|move|p2a: Clefable|Protect|p2a: Clefable
|-singleturn|p2a: Clefable|Protect
|move|p1a: Urshifu|Surging Strikes|p2a: Clefable
|-crit|p2a: Clefable
|-damage|p2a: Clefable|0 fnt
|faint|p2a: Clefable
|-hitcount|p2: Clefable|1
|
|upkeep
|-message|zyzdatianshen forfeited.
|
|win|InvincibleRoserade
|raw|InvincibleRoserade's rating: 1576 &rarr; <strong>1593</strong><br />(+17 for winning)
|raw|zyzdatianshen's rating: 1524 &rarr; <strong>1507</strong><br />(-17 for losing)
