|raw|<div class="broadcast-blue"><strong>This battle is required to be public due to a player having a name starting with 'lt81yl'.</div>
|j|☆LT81YL MimikyuStrD
|j|☆Lenape
|t:|1625073017
|gametype|singles
|player|p1|LT81YL MimikyuStrD|lillie-z|1757
|player|p2|Lenape|170|1942
|teamsize|p1|6
|teamsize|p2|6
|gen|8
|tier|[Gen 8] OU
|rated|
|rule|Sleep Clause Mod: Limit one foe put to sleep
|rule|Species Clause: Limit one of each Pokémon
|rule|OHKO Clause: OHKO moves are banned
|rule|Evasion Moves Clause: Evasion moves are banned
|rule|Endless Battle Clause: Forcing endless battles is banned
|rule|HP Percentage Mod: HP is shown in percentages
|rule|Dynamax Clause: You cannot dynamax
|clearpoke
|poke|p1|Raboot, M|
|poke|p1|Polteageist-Antique|
|poke|p1|Garchomp, F|
|poke|p1|Mandibuzz, F|
|poke|p1|Tapu Lele|
|poke|p1|Magnezone|
|poke|p2|Rotom-Heat|
|poke|p2|Corviknight, M|
|poke|p2|Sylveon, F|
|poke|p2|Rhyperior, M|
|poke|p2|Toxapex, F|
|poke|p2|Umbreon, M|
|teampreview
|j| ASKOV
|j| conrookman
|j| kira's queen
|l| ASKOV
|j| gare23limit
|
|t:|1625073034
|start
|switch|p1a: PollenPuffGirl|Tapu Lele|100/100
|switch|p2a: Rotom|Rotom-Heat|100/100
|-fieldstart|move: Psychic Terrain|[from] ability: Psychic Surge|[of] p1a: PollenPuffGirl
|turn|1
|j| coral fan
|j| LT81YL ISMAIL
|c| conrookman|cool teams!
|j| LT81YL LLL
|inactive|Battle timer is ON: inactive players will automatically lose when time's up. (requested by Lenape)
|
|t:|1625073043
|move|p2a: Rotom|Trick|p1a: PollenPuffGirl
|-activate|p2a: Rotom|move: Trick|[of] p1a: PollenPuffGirl
|-item|p1a: PollenPuffGirl|Choice Scarf|[from] move: Trick
|-item|p2a: Rotom|Choice Specs|[from] move: Trick
|move|p1a: PollenPuffGirl|Psychic|p2a: Rotom
|-damage|p2a: Rotom|42/100
|
|upkeep
|turn|2
|j| LT81YL PS
|j| LT81YL justamente
|j| Iceman8911
|
|t:|1625073049
|switch|p1a: Blue Eyes White|Magnezone, shiny|100/100
|switch|p2a: Umbreon|Umbreon, M|100/100
|
|upkeep
|turn|3
|
|t:|1625073052
|switch|p2a: Rhyperior|Rhyperior, M|100/100
|move|p1a: Blue Eyes White|Substitute|p1a: Blue Eyes White
|-start|p1a: Blue Eyes White|Substitute
|-damage|p1a: Blue Eyes White|76/100
|
|upkeep
|turn|4
|
|t:|1625073054
|move|p1a: Blue Eyes White|Flash Cannon|p2a: Rhyperior
|-supereffective|p2a: Rhyperior
|-damage|p2a: Rhyperior|47/100
|move|p2a: Rhyperior|Earthquake|p1a: Blue Eyes White
|-supereffective|p1a: Blue Eyes White
|-end|p1a: Blue Eyes White|Substitute
|
|-heal|p2a: Rhyperior|53/100|[from] item: Leftovers
|upkeep
|turn|5
|
|t:|1625073062
|switch|p2a: Rotom|Rotom-Heat|42/100
|move|p1a: Blue Eyes White|Flash Cannon|p2a: Rotom
|-resisted|p2a: Rotom
|-damage|p2a: Rotom|31/100
|
|-fieldend|move: Psychic Terrain
|upkeep
|turn|6
|
|t:|1625073066
|switch|p1a: KING|Garchomp, F|100/100
|move|p2a: Rotom|Will-O-Wisp|p1a: KING
|-status|p1a: KING|brn
|
|-damage|p1a: KING|94/100 brn|[from] brn
|upkeep
|turn|7
|j| Coolcodename
|
|t:|1625073084
|switch|p1a: Blue Eyes White|Magnezone, shiny|76/100
|switch|p2a: Umbreon|Umbreon, M|100/100
|
|upkeep
|turn|8
|j| LT81YL RL
|
|t:|1625073094
|move|p1a: Blue Eyes White|Substitute|p1a: Blue Eyes White
|-start|p1a: Blue Eyes White|Substitute
|-damage|p1a: Blue Eyes White|51/100
|move|p2a: Umbreon|Wish|p2a: Umbreon
|
|upkeep
|turn|9
|j| JanMarx
|j| myjava
|j| The Best Team 5005
|j|+AM
|c| kira's queen|Lenape What's your favourite eeveelution?
|j| Docutel
|
|t:|1625073106
|switch|p2a: Rotom|Rotom-Heat|31/100
|move|p1a: Blue Eyes White|Metal Sound|p2a: Rotom
|-unboost|p2a: Rotom|spd|2
|-enditem|p1a: Blue Eyes White|Throat Spray
|-boost|p1a: Blue Eyes White|spa|1|[from] item: Throat Spray
|
|-heal|p2a: Rotom|96/100|[from] move: Wish|[wisher] Umbreon
|upkeep
|turn|10
|j| pliang838
|
|t:|1625073115
|move|p2a: Rotom|Discharge|p1a: Blue Eyes White
|-resisted|p1a: Blue Eyes White
|-end|p1a: Blue Eyes White|Substitute
|move|p1a: Blue Eyes White|Thunderbolt|p2a: Rotom
|-resisted|p2a: Rotom
|-damage|p2a: Rotom|22/100
|
|upkeep
|turn|11
|
|t:|1625073122
|move|p2a: Rotom|Discharge|p1a: Blue Eyes White
|-resisted|p1a: Blue Eyes White
|-damage|p1a: Blue Eyes White|28/100
|move|p1a: Blue Eyes White|Flash Cannon|p2a: Rotom
|-resisted|p2a: Rotom
|-damage|p2a: Rotom|0 fnt
|faint|p2a: Rotom
|
|upkeep
|j| 2DpkmN
|j| Galarian Birds OU
|j| mf ghost
|j| majaspic supreme
|c| conrookman|such a cool magnezone
|
|t:|1625073135
|switch|p2a: Umbreon|Umbreon, M|100/100
|turn|12
|
|t:|1625073138
|move|p1a: Blue Eyes White|Thunderbolt|p2a: Umbreon
|-damage|p2a: Umbreon|48/100
|move|p2a: Umbreon|Foul Play|p1a: Blue Eyes White
|-damage|p1a: Blue Eyes White|12/100
|
|-heal|p2a: Umbreon|54/100|[from] item: Leftovers
|upkeep
|turn|13
|
|t:|1625073143
|move|p2a: Umbreon|Protect|p2a: Umbreon
|-singleturn|p2a: Umbreon|Protect
|move|p1a: Blue Eyes White|Flash Cannon|p2a: Umbreon
|-activate|p2a: Umbreon|move: Protect
|
|-heal|p2a: Umbreon|60/100|[from] item: Leftovers
|upkeep
|turn|14
|
|t:|1625073145
|move|p1a: Blue Eyes White|Flash Cannon|p2a: Umbreon
|-damage|p2a: Umbreon|15/100
|move|p2a: Umbreon|Foul Play|p1a: Blue Eyes White
|-damage|p1a: Blue Eyes White|0 fnt
|faint|p1a: Blue Eyes White
|
|-heal|p2a: Umbreon|21/100|[from] item: Leftovers
|upkeep
|
|t:|1625073150
|switch|p1a: PollenPuffGirl|Tapu Lele|100/100
|-fieldstart|move: Psychic Terrain|[from] ability: Psychic Surge|[of] p1a: PollenPuffGirl
|turn|15
|
|t:|1625073153
|move|p2a: Umbreon|Protect|p2a: Umbreon
|-singleturn|p2a: Umbreon|Protect
|move|p1a: PollenPuffGirl|Moonblast|p2a: Umbreon
|-activate|p2a: Umbreon|move: Protect
|
|-heal|p2a: Umbreon|27/100|[from] item: Leftovers
|upkeep
|turn|16
|c| majaspic supreme|can i fight u mimikyu?
|l| mf ghost
|
|t:|1625073156
|switch|p2a: Toxapex|Toxapex, F|100/100
|move|p1a: PollenPuffGirl|Moonblast|p2a: Toxapex
|-resisted|p2a: Toxapex
|-damage|p2a: Toxapex|80/100
|-unboost|p2a: Toxapex|spa|1
|
|-heal|p2a: Toxapex|87/100|[from] item: Black Sludge
|upkeep
|turn|17
|
|t:|1625073162
|switch|p1a: KING|Garchomp, F|94/100 brn
|move|p2a: Toxapex|Toxic||[still]
|-fail|p2a: Toxapex
|
|-heal|p2a: Toxapex|93/100|[from] item: Black Sludge
|-damage|p1a: KING|88/100 brn|[from] brn
|upkeep
|turn|18
|l| Galarian Birds OU
|c|☆LT81YL MimikyuStrD|i wanna go to bed after this
|
|t:|1625073171
|switch|p2a: Corviknight|Corviknight, M|100/100
|-ability|p2a: Corviknight|Pressure
|move|p1a: KING|Earthquake|p2a: Corviknight
|-immune|p2a: Corviknight
|
|-damage|p1a: KING|82/100 brn|[from] brn
|upkeep
|turn|19
|j| t04ster
|
|t:|1625073177
|move|p1a: KING|Stone Edge|p2a: Corviknight|[miss]
|-miss|p1a: KING|p2a: Corviknight
|move|p2a: Corviknight|Brave Bird|p1a: KING
|-damage|p1a: KING|19/100 brn
|-damage|p2a: Corviknight|88/100|[from] ability: Rough Skin|[of] p1a: KING
|-damage|p2a: Corviknight|69/100|[from] Recoil
|-damage|p2a: Corviknight|59/100|[from] item: Life Orb
|
|-damage|p1a: KING|13/100 brn|[from] brn
|-fieldend|move: Psychic Terrain
|upkeep
|turn|20
|
|t:|1625073180
|move|p1a: KING|Stone Edge|p2a: Corviknight
|-damage|p2a: Corviknight|44/100
|move|p2a: Corviknight|Roost|p2a: Corviknight
|-heal|p2a: Corviknight|94/100
|-singleturn|p2a: Corviknight|move: Roost
|
|-damage|p1a: KING|6/100 brn|[from] brn
|upkeep
|turn|21
|
|t:|1625073185
|move|p1a: KING|Stone Edge|p2a: Corviknight
|-damage|p2a: Corviknight|79/100
|move|p2a: Corviknight|Substitute|p2a: Corviknight
|-start|p2a: Corviknight|Substitute
|-damage|p2a: Corviknight|54/100
|
|-damage|p1a: KING|0 fnt|[from] brn
|faint|p1a: KING
|upkeep
|
|t:|1625073189
|switch|p1a: Kakashi|Raboot, M|100/100
|turn|22
|
|t:|1625073192
|move|p1a: Kakashi|Flare Blitz|p2a: Corviknight
|-supereffective|p2a: Corviknight
|-end|p2a: Corviknight|Substitute
|-damage|p1a: Kakashi|88/100|[from] Recoil|[of] p2a: Corviknight
|move|p2a: Corviknight|Brave Bird|p1a: Kakashi
|-damage|p1a: Kakashi|0 fnt
|faint|p1a: Kakashi
|-damage|p2a: Corviknight|34/100|[from] Recoil
|-damage|p2a: Corviknight|24/100|[from] item: Life Orb
|
|upkeep
|c| majaspic supreme|ok
|
|t:|1625073198
|switch|p1a: Genie|Polteageist-Antique|100/100
|turn|23
|l| majaspic supreme
|j| kani baru
|
|t:|1625073206
|move|p1a: Genie|Shell Smash|p1a: Genie
|-unboost|p1a: Genie|def|1
|-unboost|p1a: Genie|spd|1
|-boost|p1a: Genie|atk|2
|-boost|p1a: Genie|spa|2
|-boost|p1a: Genie|spe|2
|move|p2a: Corviknight|Brave Bird|p1a: Genie
|-enditem|p1a: Genie|Focus Sash
|-damage|p1a: Genie|1/100
|-ability|p1a: Genie|Weak Armor|boost
|-unboost|p1a: Genie|def|1
|-boost|p1a: Genie|spe|2
|-damage|p2a: Corviknight|3/100|[from] Recoil
|-damage|p2a: Corviknight|0 fnt|[from] item: Life Orb
|faint|p2a: Corviknight
|
|upkeep
|l| The Best Team 5005
|
|t:|1625073213
|switch|p2a: Sylveon|Sylveon, F|100/100
|turn|24
|
|t:|1625073218
|move|p1a: Genie|Stored Power|p2a: Sylveon
|-damage|p2a: Sylveon|39/100
|move|p2a: Sylveon|Hyper Voice|p1a: Genie
|-damage|p1a: Genie|0 fnt
|faint|p1a: Genie
|
|-heal|p2a: Sylveon|45/100|[from] item: Leftovers
|upkeep
|-message|LT81YL MimikyuStrD forfeited.
|
|win|Lenape
|raw|LT81YL MimikyuStrD's rating: 1757 &rarr; <strong>1747</strong><br />(-10 for losing)
|raw|Lenape's rating: 1942 &rarr; <strong>1952</strong><br />(+10 for winning)
|l|☆LT81YL MimikyuStrD
|l| Coolcodename
|l| JanMarx
|l| LT81YL justamente
|l| t04ster
|l| pliang838
||Ladder isn't responding, score probably updated but might not have (Request timeout).
|l| conrookman
|l| kira's queen
|l| 2DpkmN
|l| Docutel
|l| LT81YL ISMAIL
|j| Galarian Birds OU
|l| LT81YL RL
|l| LT81YL LLL
|l| kani baru
|l|+AM
|l| Galarian Birds OU
|j| LT81YL Bloshh
|l| LT81YL Bloshh
|j| Coolcodename
|l| LT81YL PS
|l| Coolcodename
|l|☆Lenape
|l| coral fan
|j| Coolcodename
|l| Coolcodename
|l| myjava
|l| gare23limit
|l| Iceman8911
|j| ou make me yawn
