|j|☆Wheezer
|j|☆Blastoise Expert
|t:|1621604652
|gametype|singles
|player|p1|Wheezer|petrel|1711
|player|p2|Blastoise Expert|pokemaniac|1815
|teamsize|p1|6
|teamsize|p2|6
|gen|8
|tier|[Gen 8] OU
|rated|
|rule|Sleep Clause Mod: Limit one foe put to sleep
|rule|Species Clause: Limit one of each Pokémon
|rule|OHKO Clause: OHKO moves are banned
|rule|Evasion Moves Clause: Evasion moves are banned
|rule|Endless Battle Clause: Forcing endless battles is banned
|rule|HP Percentage Mod: HP is shown in percentages
|rule|Dynamax Clause: You cannot dynamax
|clearpoke
|poke|p1|Skarmory, F|
|poke|p1|Toxapex, F|
|poke|p1|Hippowdon, F|
|poke|p1|Suicune|
|poke|p1|Celesteela|
|poke|p1|Heatran, F|
|poke|p2|Grimmsnarl, M|
|poke|p2|Volcarona, F|
|poke|p2|Kyurem|
|poke|p2|Hydreigon, F|
|poke|p2|Landorus-Therian, M|
|poke|p2|Togekiss, M|
|teampreview
|j| Shnn-
|j| Xephix
|
|t:|1621604666
|start
|switch|p1a: Celesteela|Celesteela|100/100
|switch|p2a: White Snake|Hydreigon, F|100/100
|turn|1
|
|t:|1621604672
|move|p2a: White Snake|Flamethrower|p1a: Celesteela
|-supereffective|p1a: Celesteela
|-damage|p1a: Celesteela|50/100
|-damage|p2a: White Snake|91/100|[from] item: Life Orb
|move|p1a: Celesteela|Toxic|p2a: White Snake
|-status|p2a: White Snake|tox
|
|-heal|p1a: Celesteela|56/100|[from] item: Leftovers
|-damage|p2a: White Snake|84/100 tox|[from] psn
|upkeep
|turn|2
|
|t:|1621604677
|move|p1a: Celesteela|Protect|p1a: Celesteela
|-singleturn|p1a: Celesteela|Protect
|move|p2a: White Snake|Nasty Plot|p2a: White Snake
|-boost|p2a: White Snake|spa|2
|
|-heal|p1a: Celesteela|62/100|[from] item: Leftovers
|-damage|p2a: White Snake|72/100 tox|[from] psn
|upkeep
|turn|3
|
|t:|1621604681
|switch|p1a: Suicune|Suicune|100/100
|-ability|p1a: Suicune|Pressure
|move|p2a: White Snake|Earth Power|p1a: Suicune
|-damage|p1a: Suicune|38/100
|-damage|p2a: White Snake|62/100 tox|[from] item: Life Orb
|
|-heal|p1a: Suicune|44/100|[from] item: Leftovers
|-damage|p2a: White Snake|44/100 tox|[from] psn
|upkeep
|turn|4
|
|t:|1621604693
|move|p1a: Suicune|Protect|p1a: Suicune
|-singleturn|p1a: Suicune|Protect
|move|p2a: White Snake|Earth Power|p1a: Suicune
|-activate|p1a: Suicune|move: Protect
|
|-heal|p1a: Suicune|50/100|[from] item: Leftovers
|-damage|p2a: White Snake|19/100 tox|[from] psn
|upkeep
|turn|5
|j| Skarbliss
|
|t:|1621604714
|move|p1a: Suicune|Protect||[still]
|-fail|p1a: Suicune
|move|p2a: White Snake|Draco Meteor|p1a: Suicune
|-damage|p1a: Suicune|0 fnt
|-unboost|p2a: White Snake|spa|2
|faint|p1a: Suicune
|-damage|p2a: White Snake|9/100 tox|[from] item: Life Orb
|
|-damage|p2a: White Snake|0 fnt|[from] psn
|faint|p2a: White Snake
|upkeep
|
|t:|1621604723
|switch|p2a: White Album|Kyurem|100/100
|switch|p1a: Celesteela|Celesteela|62/100
|-ability|p2a: White Album|Pressure
|turn|6
|
|t:|1621604726
|move|p2a: White Album|Substitute|p2a: White Album
|-start|p2a: White Album|Substitute
|-damage|p2a: White Album|76/100
|move|p1a: Celesteela|Heavy Slam|p2a: White Album
|-supereffective|p2a: White Album
|-end|p2a: White Album|Substitute
|
|-heal|p1a: Celesteela|68/100|[from] item: Leftovers
|upkeep
|turn|7
|
|t:|1621604730
|switch|p2a: The Sun|Volcarona, F|100/100
|move|p1a: Celesteela|Heavy Slam|p2a: The Sun
|-resisted|p2a: The Sun
|-damage|p2a: The Sun|83/100
|
|-heal|p1a: Celesteela|74/100|[from] item: Leftovers
|upkeep
|turn|8
|
|t:|1621604733
|switch|p1a: Heatran|Heatran, F|100/100
|move|p2a: The Sun|Fiery Dance|p1a: Heatran
|-start|p1a: Heatran|ability: Flash Fire
|
|upkeep
|turn|9
|
|t:|1621604736
|switch|p2a: $DOGECOIN$|Landorus-Therian, M|100/100
|-ability|p2a: $DOGECOIN$|Intimidate|boost
|-unboost|p1a: Heatran|atk|1
|move|p1a: Heatran|Magma Storm|p2a: $DOGECOIN$
|-damage|p2a: $DOGECOIN$|0 fnt
|faint|p2a: $DOGECOIN$
|
|upkeep
|l| Skarbliss
|
|t:|1621604739
|switch|p2a: Scary Monsters|Grimmsnarl, M|100/100
|turn|10
|
|t:|1621604742
|move|p2a: Scary Monsters|Thunder Wave|p1a: Heatran
|-status|p1a: Heatran|par
|move|p1a: Heatran|Magma Storm|p2a: Scary Monsters
|-damage|p2a: Scary Monsters|40/100
|-activate|p2a: Scary Monsters|move: Magma Storm|[of] p1a: Heatran
|
|-damage|p2a: Scary Monsters|28/100|[from] move: Magma Storm|[partiallytrapped]
|upkeep
|turn|11
|
|t:|1621604747
|move|p2a: Scary Monsters|Light Screen|p2a: Scary Monsters
|-sidestart|p2: Blastoise Expert|move: Light Screen
|move|p1a: Heatran|Taunt|p2a: Scary Monsters
|-start|p2a: Scary Monsters|move: Taunt
|
|-damage|p2a: Scary Monsters|15/100|[from] move: Magma Storm|[partiallytrapped]
|upkeep
|turn|12
|inactive|Battle timer is ON: inactive players will automatically lose when time's up. (requested by Blastoise Expert)
|
|t:|1621604759
|-activate|p2a: Scary Monsters|move: Struggle
|move|p2a: Scary Monsters|Struggle|p1a: Heatran
|-damage|p1a: Heatran|88/100 par
|-damage|p2a: Scary Monsters|0 fnt|[from] recoil
|faint|p2a: Scary Monsters
|move|p1a: Heatran|Earth Power|p2: Scary Monsters|[notarget]
|-fail|p1a: Heatran
|
|-heal|p1a: Heatran|95/100 par|[from] item: Leftovers
|upkeep
|
|t:|1621604763
|switch|p2a: White Album|Kyurem|76/100
|-ability|p2a: White Album|Pressure
|turn|13
|
|t:|1621604769
|switch|p2a: Aerosmith|Togekiss, M|100/100
|move|p1a: Heatran|Earth Power|p2a: Aerosmith
|-immune|p2a: Aerosmith
|
|-heal|p1a: Heatran|100/100 par|[from] item: Leftovers
|upkeep
|turn|14
|j| Hchcjchchcc
|
|t:|1621604772
|move|p2a: Aerosmith|Substitute|p2a: Aerosmith
|-start|p2a: Aerosmith|Substitute
|-damage|p2a: Aerosmith|76/100
|move|p1a: Heatran|Magma Storm|p2a: Aerosmith|[miss]
|-miss|p1a: Heatran|p2a: Aerosmith
|
|-heal|p2a: Aerosmith|82/100|[from] item: Leftovers
|upkeep
|turn|15
|
|t:|1621604777
|-end|p1a: Heatran|ability: Flash Fire|[silent]
|switch|p1a: Celesteela|Celesteela|74/100
|move|p2a: Aerosmith|Nasty Plot|p2a: Aerosmith
|-boost|p2a: Aerosmith|spa|2
|
|-heal|p2a: Aerosmith|88/100|[from] item: Leftovers
|-heal|p1a: Celesteela|80/100|[from] item: Leftovers
|upkeep
|turn|16
|j| dunnof
|
|t:|1621604779
|move|p2a: Aerosmith|Thunder Wave|p1a: Celesteela
|-status|p1a: Celesteela|par
|move|p1a: Celesteela|Heavy Slam|p2a: Aerosmith
|-supereffective|p2a: Aerosmith
|-crit|p2a: Aerosmith
|-end|p2a: Aerosmith|Substitute
|
|-heal|p2a: Aerosmith|94/100|[from] item: Leftovers
|-heal|p1a: Celesteela|86/100 par|[from] item: Leftovers
|upkeep
|turn|17
|
|t:|1621604787
|move|p2a: Aerosmith|Air Slash|p1a: Celesteela
|-resisted|p1a: Celesteela
|-damage|p1a: Celesteela|64/100 par
|move|p1a: Celesteela|Heavy Slam|p2a: Aerosmith
|-supereffective|p2a: Aerosmith
|-damage|p2a: Aerosmith|12/100
|
|-heal|p2a: Aerosmith|18/100|[from] item: Leftovers
|-heal|p1a: Celesteela|70/100 par|[from] item: Leftovers
|upkeep
|turn|18
|
|t:|1621604792
|move|p2a: Aerosmith|Air Slash|p1a: Celesteela
|-resisted|p1a: Celesteela
|-damage|p1a: Celesteela|46/100 par
|cant|p1a: Celesteela|flinch
|
|-heal|p2a: Aerosmith|24/100|[from] item: Leftovers
|-heal|p1a: Celesteela|53/100 par|[from] item: Leftovers
|-sideend|p2: Blastoise Expert|move: Light Screen
|upkeep
|turn|19
|
|t:|1621604799
|switch|p1a: Hippowdon|Hippowdon, F|100/100
|-weather|Sandstorm|[from] ability: Sand Stream|[of] p1a: Hippowdon
|move|p2a: Aerosmith|Air Slash|p1a: Hippowdon
|-damage|p1a: Hippowdon|43/100
|
|-weather|Sandstorm|[upkeep]
|-damage|p2a: Aerosmith|18/100|[from] Sandstorm
|-heal|p2a: Aerosmith|24/100|[from] item: Leftovers
|-heal|p1a: Hippowdon|50/100|[from] item: Leftovers
|upkeep
|turn|20
|j| assddff
|
|t:|1621604813
|move|p2a: Aerosmith|Air Slash|p1a: Hippowdon
|-damage|p1a: Hippowdon|0 fnt
|faint|p1a: Hippowdon
|
|-weather|Sandstorm|[upkeep]
|-damage|p2a: Aerosmith|18/100|[from] Sandstorm
|-heal|p2a: Aerosmith|24/100|[from] item: Leftovers
|upkeep
|j| oink baby
|
|t:|1621604820
|switch|p1a: Toxapex|Toxapex, F|100/100
|turn|21
|
|t:|1621604823
|move|p2a: Aerosmith|Air Slash|p1a: Toxapex
|-damage|p1a: Toxapex|33/100
|cant|p1a: Toxapex|flinch
|
|-weather|Sandstorm|[upkeep]
|-damage|p2a: Aerosmith|18/100|[from] Sandstorm
|-damage|p1a: Toxapex|27/100|[from] Sandstorm
|-heal|p2a: Aerosmith|24/100|[from] item: Leftovers
|upkeep
|turn|22
|
|t:|1621604827
|move|p2a: Aerosmith|Air Slash|p1a: Toxapex
|-damage|p1a: Toxapex|0 fnt
|faint|p1a: Toxapex
|
|-weather|Sandstorm|[upkeep]
|-damage|p2a: Aerosmith|18/100|[from] Sandstorm
|-heal|p2a: Aerosmith|24/100|[from] item: Leftovers
|upkeep
|
|t:|1621604829
|switch|p1a: Celesteela|Celesteela|53/100 par
|turn|23
|
|t:|1621604831
|move|p2a: Aerosmith|Air Slash|p1a: Celesteela
|-resisted|p1a: Celesteela
|-damage|p1a: Celesteela|30/100 par
|cant|p1a: Celesteela|par
|
|-weather|none
|-heal|p2a: Aerosmith|30/100|[from] item: Leftovers
|-heal|p1a: Celesteela|36/100 par|[from] item: Leftovers
|upkeep
|turn|24
|
|t:|1621604835
|cant|p1a: Celesteela|par
|move|p2a: Aerosmith|Air Slash|p1a: Celesteela
|-resisted|p1a: Celesteela
|-damage|p1a: Celesteela|13/100 par
|
|-heal|p2a: Aerosmith|36/100|[from] item: Leftovers
|-heal|p1a: Celesteela|19/100 par|[from] item: Leftovers
|upkeep
|turn|25
|
|t:|1621604839
|move|p2a: Aerosmith|Air Slash|p1a: Celesteela
|-resisted|p1a: Celesteela
|-damage|p1a: Celesteela|0 fnt
|faint|p1a: Celesteela
|
|-heal|p2a: Aerosmith|42/100|[from] item: Leftovers
|upkeep
|-message|Wheezer forfeited.
|
|win|Blastoise Expert
|raw|Wheezer's rating: 1711 &rarr; <strong>1697</strong><br />(-14 for losing)
|raw|Blastoise Expert's rating: 1815 &rarr; <strong>1829</strong><br />(+14 for winning)
|l|☆Wheezer
|l| Xephix
||Ladder isn't responding, score probably updated but might not have (Request timeout).
