|j|☆Stimo96
|j|☆Moltressuitunrated
|t:|1656578743
|gametype|singles
|player|p1|Stimo96|alder|1643
|player|p2|Moltressuitunrated|interviewers|1535
|teamsize|p1|6
|teamsize|p2|6
|gen|8
|tier|[Gen 8] OU
|rated|
|rule|Sleep Clause Mod: Limit one foe put to sleep
|rule|Species Clause: Limit one of each Pokémon
|rule|OHKO Clause: OHKO moves are banned
|rule|Evasion Moves Clause: Evasion moves are banned
|rule|Endless Battle Clause: Forcing endless battles is banned
|rule|HP Percentage Mod: HP is shown in percentages
|rule|Dynamax Clause: You cannot dynamax
|clearpoke
|poke|p1|Krookodile, F|
|poke|p1|Urshifu-*, F|
|poke|p1|Tapu Lele|
|poke|p1|Tapu Fini|
|poke|p1|Moltres|
|poke|p1|Melmetal|
|poke|p2|Skarmory, M|
|poke|p2|Blissey, F|
|poke|p2|Garchomp, M|
|poke|p2|Zapdos-Galar|
|poke|p2|Volcanion|
|poke|p2|Tapu Fini|
|teampreview
|
|t:|1656578764
|start
|switch|p1a: Krookodile|Krookodile, F|100/100
|switch|p2a: Volcanion|Volcanion|100/100
|turn|1
|inactive|Battle timer is ON: inactive players will automatically lose when time's up. (requested by Stimo96)
|
|t:|1656578772
|move|p1a: Krookodile|Stealth Rock|p2a: Volcanion
|-sidestart|p2: Moltressuitunrated|move: Stealth Rock
|move|p2a: Volcanion|Steam Eruption|p1a: Krookodile
|-supereffective|p1a: Krookodile
|-damage|p1a: Krookodile|0 fnt
|faint|p1a: Krookodile
|
|upkeep
|
|t:|1656578783
|switch|p1a: Urshifu|Urshifu-Rapid-Strike, F|100/100
|turn|2
|
|t:|1656578790
|move|p2a: Volcanion|Steam Eruption|p1a: Urshifu
|-resisted|p1a: Urshifu
|-damage|p1a: Urshifu|59/100
|move|p1a: Urshifu|Close Combat|p2a: Volcanion
|-damage|p2a: Volcanion|7/100
|-unboost|p1a: Urshifu|def|1
|-unboost|p1a: Urshifu|spd|1
|
|upkeep
|turn|3
|
|t:|1656578804
|switch|p1a: Tapu Fini|Tapu Fini|100/100
|-fieldstart|move: Misty Terrain|[from] ability: Misty Surge|[of] p1a: Tapu Fini
|move|p2a: Volcanion|Steam Eruption|p1a: Tapu Fini
|-resisted|p1a: Tapu Fini
|-damage|p1a: Tapu Fini|79/100
|
|-heal|p1a: Tapu Fini|85/100|[from] item: Leftovers
|upkeep
|turn|4
|
|t:|1656578815
|switch|p2a: Tapu Fini|Tapu Fini|100/100
|-damage|p2a: Tapu Fini|88/100|[from] Stealth Rock
|move|p1a: Tapu Fini|Moonblast|p2a: Tapu Fini
|-damage|p2a: Tapu Fini|62/100
|
|-heal|p1a: Tapu Fini|91/100|[from] item: Leftovers
|-heal|p2a: Tapu Fini|68/100|[from] item: Leftovers
|upkeep
|turn|5
|
|t:|1656578825
|switch|p1a: Tapu Lele|Tapu Lele|100/100
|-fieldstart|move: Psychic Terrain|[from] ability: Psychic Surge|[of] p1a: Tapu Lele
|move|p2a: Tapu Fini|Defog|p1a: Tapu Lele
|-unboost|p1a: Tapu Lele|evasion|1
|-sideend|p2: Moltressuitunrated|Stealth Rock|[from] move: Defog|[of] p2a: Tapu Fini
|-fieldend|move: Psychic Terrain
|
|-heal|p2a: Tapu Fini|74/100|[from] item: Leftovers
|upkeep
|turn|6
|
|t:|1656578852
|move|p1a: Tapu Lele|Psyshock|p2a: Tapu Fini
|-damage|p2a: Tapu Fini|35/100
|move|p2a: Tapu Fini|Draining Kiss|p1a: Tapu Lele
|-damage|p1a: Tapu Lele|81/100
|-heal|p2a: Tapu Fini|47/100|[from] drain|[of] p1a: Tapu Lele
|
|-heal|p2a: Tapu Fini|53/100|[from] item: Leftovers
|upkeep
|turn|7
|
|t:|1656578861
|move|p1a: Tapu Lele|Psyshock|p2a: Tapu Fini
|-damage|p2a: Tapu Fini|11/100
|move|p2a: Tapu Fini|Draining Kiss|p1a: Tapu Lele
|-damage|p1a: Tapu Lele|63/100
|-heal|p2a: Tapu Fini|22/100|[from] drain|[of] p1a: Tapu Lele
|
|-heal|p2a: Tapu Fini|28/100|[from] item: Leftovers
|upkeep
|turn|8
|
|t:|1656578880
|move|p1a: Tapu Lele|Psyshock|p2a: Tapu Fini
|-damage|p2a: Tapu Fini|0 fnt
|faint|p2a: Tapu Fini
|
|upkeep
|inactive|Moltressuitunrated has 120 seconds left.
|
|t:|1656578898
|switch|p2a: Volcanion|Volcanion|7/100
|turn|9
|
|t:|1656578905
|switch|p1a: Melmetal|Melmetal, shiny|100/100
|move|p2a: Volcanion|Steam Eruption|p1a: Melmetal
|-crit|p1a: Melmetal
|-damage|p1a: Melmetal|60/100
|
|upkeep
|turn|10
|
|t:|1656578914
|switch|p1a: Tapu Fini|Tapu Fini|91/100
|-fieldstart|move: Misty Terrain|[from] ability: Misty Surge|[of] p1a: Tapu Fini
|move|p2a: Volcanion|Steam Eruption|p1a: Tapu Fini
|-resisted|p1a: Tapu Fini
|-damage|p1a: Tapu Fini|68/100
|
|-heal|p1a: Tapu Fini|74/100|[from] item: Leftovers
|upkeep
|turn|11
|
|t:|1656578925
|switch|p2a: Blissey|Blissey, F|100/100
|move|p1a: Tapu Fini|Moonblast|p2a: Blissey
|-damage|p2a: Blissey|88/100
|
|-heal|p1a: Tapu Fini|80/100|[from] item: Leftovers
|-heal|p2a: Blissey|94/100|[from] item: Leftovers
|upkeep
|turn|12
|
|t:|1656578940
|switch|p1a: Tapu Lele|Tapu Lele|63/100
|-fieldstart|move: Psychic Terrain|[from] ability: Psychic Surge|[of] p1a: Tapu Lele
|move|p2a: Blissey|Stealth Rock|p1a: Tapu Lele
|-sidestart|p1: Stimo96|move: Stealth Rock
|
|-heal|p2a: Blissey|100/100|[from] item: Leftovers
|upkeep
|turn|13
|
|t:|1656578955
|move|p1a: Tapu Lele|Psyshock|p2a: Blissey
|-damage|p2a: Blissey|24/100
|move|p2a: Blissey|Soft-Boiled|p2a: Blissey
|-heal|p2a: Blissey|74/100
|
|-heal|p2a: Blissey|80/100|[from] item: Leftovers
|upkeep
|turn|14
|
|t:|1656578971
|move|p1a: Tapu Lele|Psyshock|p2a: Blissey
|-damage|p2a: Blissey|14/100
|move|p2a: Blissey|Toxic|p1a: Tapu Lele
|-status|p1a: Tapu Lele|tox
|
|-heal|p2a: Blissey|20/100|[from] item: Leftovers
|-damage|p1a: Tapu Lele|57/100 tox|[from] psn
|upkeep
|turn|15
|
|t:|1656578984
|move|p1a: Tapu Lele|Psyshock|p2a: Blissey
|-damage|p2a: Blissey|0 fnt
|faint|p2a: Blissey
|
|-damage|p1a: Tapu Lele|45/100 tox|[from] psn
|upkeep
|
|t:|1656578992
|switch|p2a: Volcanion|Volcanion|7/100
|turn|16
|
|t:|1656579007
|switch|p1a: Melmetal|Melmetal, shiny|60/100
|-damage|p1a: Melmetal|54/100|[from] Stealth Rock
|move|p2a: Volcanion|Steam Eruption|p1a: Melmetal
|-damage|p1a: Melmetal|25/100
|
|-fieldend|move: Psychic Terrain
|upkeep
|turn|17
|
|t:|1656579017
|switch|p1a: Tapu Fini|Tapu Fini|80/100
|-damage|p1a: Tapu Fini|68/100|[from] Stealth Rock
|-fieldstart|move: Misty Terrain|[from] ability: Misty Surge|[of] p1a: Tapu Fini
|move|p2a: Volcanion|Steam Eruption|p1a: Tapu Fini
|-resisted|p1a: Tapu Fini
|-damage|p1a: Tapu Fini|46/100
|
|-heal|p1a: Tapu Fini|52/100|[from] item: Leftovers
|upkeep
|turn|18
|
|t:|1656579034
|switch|p2a: Skarmory|Skarmory, M|100/100
|move|p1a: Tapu Fini|Moonblast|p2a: Skarmory
|-resisted|p2a: Skarmory
|-damage|p2a: Skarmory|80/100
|
|-heal|p1a: Tapu Fini|58/100|[from] item: Leftovers
|upkeep
|turn|19
|
|t:|1656579046
|switch|p1a: Moltres|Moltres|100/100
|move|p2a: Skarmory|Spikes|p1a: Moltres
|-sidestart|p1: Stimo96|Spikes
|
|upkeep
|turn|20
|
|t:|1656579053
|move|p1a: Moltres|Defog|p2a: Skarmory
|-unboost|p2a: Skarmory|evasion|1
|-sideend|p1: Stimo96|Spikes|[from] move: Defog|[of] p1a: Moltres
|-sideend|p1: Stimo96|Stealth Rock|[from] move: Defog|[of] p1a: Moltres
|-fieldend|Misty Terrain
|move|p2a: Skarmory|Whirlwind|p1a: Moltres
|drag|p1a: Melmetal|Melmetal, shiny|25/100
|
|upkeep
|turn|21
|
|t:|1656579064
|switch|p1a: Tapu Lele|Tapu Lele|45/100 tox
|-fieldstart|move: Psychic Terrain|[from] ability: Psychic Surge|[of] p1a: Tapu Lele
|move|p2a: Skarmory|Spikes|p1a: Tapu Lele
|-sidestart|p1: Stimo96|Spikes
|
|-damage|p1a: Tapu Lele|39/100 tox|[from] psn
|upkeep
|turn|22
|
|t:|1656579075
|move|p1a: Tapu Lele|Thunderbolt|p2a: Skarmory
|-supereffective|p2a: Skarmory
|-damage|p2a: Skarmory|0 fnt
|faint|p2a: Skarmory
|
|-damage|p1a: Tapu Lele|27/100 tox|[from] psn
|upkeep
|
|t:|1656579085
|switch|p2a: Garchomp|Garchomp, M|100/100
|turn|23
|
|t:|1656579101
|switch|p1a: Moltres|Moltres|100/100
|move|p2a: Garchomp|Swords Dance|p2a: Garchomp
|-boost|p2a: Garchomp|atk|2
|
|upkeep
|turn|24
|
|t:|1656579112
|move|p2a: Garchomp|Toxic|p1a: Moltres
|-status|p1a: Moltres|tox
|move|p1a: Moltres|Scorching Sands|p2a: Garchomp
|-damage|p2a: Garchomp|81/100
|
|-heal|p2a: Garchomp|87/100|[from] item: Leftovers
|-damage|p1a: Moltres|94/100 tox|[from] psn
|upkeep
|turn|25
|
|t:|1656579124
|move|p2a: Garchomp|Swords Dance|p2a: Garchomp
|-boost|p2a: Garchomp|atk|2
|move|p1a: Moltres|Scorching Sands|p2a: Garchomp
|-damage|p2a: Garchomp|67/100
|-status|p2a: Garchomp|brn
|
|-heal|p2a: Garchomp|73/100 brn|[from] item: Leftovers
|-damage|p1a: Moltres|82/100 tox|[from] psn
|-damage|p2a: Garchomp|67/100 brn|[from] brn
|-fieldend|move: Psychic Terrain
|upkeep
|turn|26
|
|t:|1656579140
|move|p2a: Garchomp|Swords Dance|p2a: Garchomp
|-boost|p2a: Garchomp|atk|2
|move|p1a: Moltres|Scorching Sands|p2a: Garchomp
|-damage|p2a: Garchomp|48/100 brn
|
|-heal|p2a: Garchomp|54/100 brn|[from] item: Leftovers
|-damage|p1a: Moltres|64/100 tox|[from] psn
|-damage|p2a: Garchomp|48/100 brn|[from] brn
|upkeep
|turn|27
|
|t:|1656579152
|move|p2a: Garchomp|Scale Shot|p1a: Moltres
|-damage|p1a: Moltres|43/100 tox
|-damage|p1a: Moltres|22/100 tox
|-hitcount|p1a: Moltres|2
|-unboost|p2a: Garchomp|def|1
|-boost|p2a: Garchomp|spe|1
|move|p1a: Moltres|Scorching Sands|p2a: Garchomp
|-damage|p2a: Garchomp|28/100 brn
|
|-heal|p2a: Garchomp|34/100 brn|[from] item: Leftovers
|-damage|p1a: Moltres|0 fnt|[from] psn
|faint|p1a: Moltres
|-damage|p2a: Garchomp|28/100 brn|[from] brn
|upkeep
|
|t:|1656579168
|switch|p1a: Urshifu|Urshifu-Rapid-Strike, F|59/100
|-damage|p1a: Urshifu|47/100|[from] Spikes
|turn|28
|
|t:|1656579174
|move|p1a: Urshifu|Aqua Jet|p2a: Garchomp
|-damage|p2a: Garchomp|0 fnt
|-damage|p1a: Urshifu|34/100|[from] ability: Rough Skin|[of] p2a: Garchomp
|faint|p2a: Garchomp
|
|upkeep
|
|t:|1656579181
|switch|p2a: Zapdos|Zapdos-Galar|100/100
|turn|29
|
|t:|1656579186
|move|p1a: Urshifu|Aqua Jet|p2a: Zapdos
|-damage|p2a: Zapdos|64/100
|move|p2a: Zapdos|Bulk Up|p2a: Zapdos
|-boost|p2a: Zapdos|atk|1
|-boost|p2a: Zapdos|def|1
|
|upkeep
|turn|30
|
|t:|1656579196
|move|p1a: Urshifu|Aqua Jet|p2a: Zapdos
|-damage|p2a: Zapdos|38/100
|move|p2a: Zapdos|Substitute|p2a: Zapdos
|-start|p2a: Zapdos|Substitute
|-damage|p2a: Zapdos|13/100
|-enditem|p2a: Zapdos|Salac Berry|[eat]
|-boost|p2a: Zapdos|spe|1|[from] item: Salac Berry
|
|upkeep
|turn|31
|
|t:|1656579211
|move|p1a: Urshifu|Aqua Jet|p2a: Zapdos
|-activate|p2a: Zapdos|move: Substitute|[damage]
|move|p2a: Zapdos|Close Combat|p1a: Urshifu
|-damage|p1a: Urshifu|0 fnt
|-unboost|p2a: Zapdos|def|1
|-unboost|p2a: Zapdos|spd|1
|faint|p1a: Urshifu
|
|upkeep
|
|t:|1656579221
|switch|p1a: Tapu Fini|Tapu Fini|58/100
|-damage|p1a: Tapu Fini|46/100|[from] Spikes
|-fieldstart|move: Misty Terrain|[from] ability: Misty Surge|[of] p1a: Tapu Fini
|turn|32
|
|t:|1656579229
|move|p2a: Zapdos|Brave Bird|p1a: Tapu Fini
|-damage|p1a: Tapu Fini|0 fnt
|faint|p1a: Tapu Fini
|-damage|p2a: Zapdos|0 fnt|[from] Recoil
|faint|p2a: Zapdos
|
|upkeep
|-message|Stimo96 forfeited.
|
|win|Moltressuitunrated
|raw|Stimo96's rating: 1643 &rarr; <strong>1617</strong><br />(-26 for losing)
|raw|Moltressuitunrated's rating: 1535 &rarr; <strong>1561</strong><br />(+26 for winning)
|l|☆Stimo96
