|j|☆Picolouis13
|j|☆Delibird Heart
|t:|1667062508
|gametype|singles
|player|p1|Picolouis13|swimmerf|1496
|player|p2|Delibird Heart|guitarist-gen4|1527
|teamsize|p1|6
|teamsize|p2|6
|gen|8
|tier|[Gen 8] OU
|rated|
|rule|Sleep Clause Mod: Limit one foe put to sleep
|rule|Species Clause: Limit one of each Pokémon
|rule|OHKO Clause: OHKO moves are banned
|rule|Evasion Items Clause: Evasion items are banned
|rule|Evasion Moves Clause: Evasion moves are banned
|rule|Endless Battle Clause: Forcing endless battles is banned
|rule|HP Percentage Mod: HP is shown in percentages
|rule|Dynamax Clause: You cannot dynamax
|clearpoke
|poke|p1|Ferrothorn, F|
|poke|p1|Zapdos|
|poke|p1|Mamoswine, M|
|poke|p1|Garchomp, F|
|poke|p1|Volcanion|
|poke|p1|Victini|
|poke|p2|Regidrago|
|poke|p2|Melmetal|
|poke|p2|Slowbro, M|
|poke|p2|Tapu Koko|
|poke|p2|Landorus-Therian, M|
|poke|p2|Heatran, F|
|teampreview
|inactive|Battle timer is ON: inactive players will automatically lose when time's up. (requested by Delibird Heart)
|
|t:|1667062538
|start
|switch|p1a: Naza|Mamoswine, M|100/100
|switch|p2a: Landorus|Landorus-Therian, M|100/100
|-ability|p2a: Landorus|Intimidate|boost
|-unboost|p1a: Naza|atk|1
|turn|1
|
|t:|1667062544
|switch|p2a: Slowbro|Slowbro, M|100/100
|move|p1a: Naza|Icicle Spear|p2a: Slowbro
|-resisted|p2a: Slowbro
|-damage|p2a: Slowbro|98/100
|-resisted|p2a: Slowbro
|-damage|p2a: Slowbro|95/100
|-resisted|p2a: Slowbro
|-damage|p2a: Slowbro|92/100
|-hitcount|p2a: Slowbro|3
|
|upkeep
|turn|2
|
|t:|1667062549
|move|p1a: Naza|Knock Off|p2a: Slowbro
|-supereffective|p2a: Slowbro
|-enditem|p2a: Slowbro|Colbur Berry|[eat]
|-enditem|p2a: Slowbro|Colbur Berry|[weaken]
|-damage|p2a: Slowbro|80/100
|move|p2a: Slowbro|Teleport|p2a: Slowbro
|
|t:|1667062561
|switch|p2a: Landorus|Landorus-Therian, M|100/100|[from]move: Teleport
|-ability|p2a: Landorus|Intimidate|boost
|-unboost|p1a: Naza|atk|1
|
|upkeep
|turn|3
|
|t:|1667062580
|move|p1a: Naza|Icicle Spear|p2a: Landorus
|-supereffective|p2a: Landorus
|-damage|p2a: Landorus|80/100
|-supereffective|p2a: Landorus
|-damage|p2a: Landorus|60/100
|-supereffective|p2a: Landorus
|-damage|p2a: Landorus|37/100
|-hitcount|p2a: Landorus|3
|move|p2a: Landorus|U-turn|p1a: Naza
|-damage|p1a: Naza|73/100
|
|t:|1667062596
|switch|p2a: Slowbro|Slowbro, M|100/100|[from]move: U-turn
|
|upkeep
|turn|4
|
|t:|1667062606
|switch|p1a: Kaaris|Ferrothorn, F|100/100
|move|p2a: Slowbro|Body Press|p1a: Kaaris
|-supereffective|p1a: Kaaris
|-damage|p1a: Kaaris|60/100
|-damage|p2a: Slowbro|88/100|[from] ability: Iron Barbs|[of] p1a: Kaaris
|
|-heal|p1a: Kaaris|66/100|[from] item: Leftovers
|upkeep
|turn|5
|
|t:|1667062623
|move|p1a: Kaaris|Stealth Rock|p2a: Slowbro
|-sidestart|p2: Delibird Heart|move: Stealth Rock
|move|p2a: Slowbro|Body Press|p1a: Kaaris
|-supereffective|p1a: Kaaris
|-damage|p1a: Kaaris|24/100
|-damage|p2a: Slowbro|76/100|[from] ability: Iron Barbs|[of] p1a: Kaaris
|
|-heal|p1a: Kaaris|30/100|[from] item: Leftovers
|upkeep
|turn|6
|
|t:|1667062639
|switch|p1a: Juss|Zapdos|100/100
|move|p2a: Slowbro|Body Press|p1a: Juss
|-resisted|p1a: Juss
|-damage|p1a: Juss|91/100
|
|upkeep
|turn|7
|
|t:|1667062646
|switch|p2a: Tapu Koko|Tapu Koko|100/100
|-fieldstart|move: Electric Terrain|[from] ability: Electric Surge|[of] p2a: Tapu Koko
|move|p1a: Juss|Hurricane|p2a: Tapu Koko
|-resisted|p2a: Tapu Koko
|-damage|p2a: Tapu Koko|65/100
|
|upkeep
|turn|8
|
|t:|1667062662
|switch|p1a: Naza|Mamoswine, M|73/100
|move|p2a: Tapu Koko|Roost|p2a: Tapu Koko
|-heal|p2a: Tapu Koko|100/100
|-singleturn|p2a: Tapu Koko|move: Roost
|
|upkeep
|turn|9
|
|t:|1667062672
|move|p2a: Tapu Koko|U-turn|p1a: Naza
|-damage|p1a: Naza|56/100
|
|t:|1667062674
|switch|p2a: Slowbro|Slowbro, M|100/100|[from]move: U-turn
|-damage|p2a: Slowbro|88/100|[from] Stealth Rock
|move|p1a: Naza|Earthquake|p2a: Slowbro
|-damage|p2a: Slowbro|58/100
|
|upkeep
|turn|10
|
|t:|1667062685
|switch|p1a: Sneazzy|Victini|100/100
|move|p2a: Slowbro|Teleport|p2a: Slowbro
|inactive|Delibird Heart has 120 seconds left.
|
|t:|1667062736
|switch|p2a: Heatran|Heatran, F|100/100|[from]move: Teleport
|-damage|p2a: Heatran|88/100|[from] Stealth Rock
|
|-heal|p2a: Heatran|94/100|[from] item: Leftovers
|upkeep
|turn|11
|
|t:|1667062748
|move|p1a: Sneazzy|Bolt Strike|p2a: Heatran
|-damage|p2a: Heatran|54/100
|-status|p2a: Heatran|par
|move|p2a: Heatran|Stealth Rock|p1a: Sneazzy
|-sidestart|p1: Picolouis13|move: Stealth Rock
|
|-heal|p2a: Heatran|60/100 par|[from] item: Leftovers
|-fieldend|move: Electric Terrain
|upkeep
|turn|12
|
|t:|1667062755
|switch|p1a: Bosh|Volcanion|100/100
|switch|p2a: Landorus|Landorus-Therian, M|37/100
|-damage|p2a: Landorus|24/100|[from] Stealth Rock
|-ability|p2a: Landorus|Intimidate|boost
|-unboost|p1a: Bosh|atk|1
|
|-heal|p2a: Landorus|31/100|[from] item: Leftovers
|upkeep
|turn|13
|inactive|Picolouis13 has 120 seconds left.
|
|t:|1667062795
|switch|p2a: Slowbro|Slowbro, M|92/100
|-damage|p2a: Slowbro|79/100|[from] Stealth Rock
|move|p1a: Bosh|Steam Eruption|p2a: Slowbro
|-resisted|p2a: Slowbro
|-damage|p2a: Slowbro|50/100
|
|upkeep
|turn|14
|inactive|Picolouis13 has 120 seconds left.
|
|t:|1667062806
|move|p1a: Bosh|Sludge Wave|p2a: Slowbro
|-damage|p2a: Slowbro|11/100
|move|p2a: Slowbro|Teleport|p2a: Slowbro
|
|t:|1667062813
|switch|p2a: Regidrago|Regidrago, shiny|100/100|[from]move: Teleport
|-damage|p2a: Regidrago|88/100|[from] Stealth Rock
|
|upkeep
|turn|15
|inactive|Picolouis13 has 120 seconds left.
|
|t:|1667062830
|switch|p1a: Kaaris|Ferrothorn, F|30/100
|-damage|p1a: Kaaris|24/100|[from] Stealth Rock
|move|p2a: Regidrago|Dragon Energy|p1a: Kaaris
|-resisted|p1a: Kaaris
|-crit|p1a: Kaaris
|-damage|p1a: Kaaris|0 fnt
|faint|p1a: Kaaris
|
|upkeep
|inactive|Picolouis13 has 120 seconds left.
|
|t:|1667062850
|switch|p1a: Naza|Mamoswine, M|56/100
|-damage|p1a: Naza|43/100|[from] Stealth Rock
|turn|16
|inactive|Delibird Heart has 120 seconds left.
|inactive|Picolouis13 has 90 seconds left.
|
|t:|1667062885
|switch|p2a: Heatran|Heatran, F|60/100 par
|-damage|p2a: Heatran|47/100 par|[from] Stealth Rock
|move|p1a: Naza|Ice Shard|p2a: Heatran
|-resisted|p2a: Heatran
|-damage|p2a: Heatran|43/100 par
|
|-heal|p2a: Heatran|49/100 par|[from] item: Leftovers
|upkeep
|turn|17
|inactive|Picolouis13 has 90 seconds left.
|
|t:|1667062895
|move|p1a: Naza|Earthquake|p2a: Heatran
|-supereffective|p2a: Heatran
|-damage|p2a: Heatran|0 fnt
|faint|p2a: Heatran
|
|upkeep
|
|t:|1667062899
|switch|p2a: Tapu Koko|Tapu Koko|100/100
|-fieldstart|move: Electric Terrain|[from] ability: Electric Surge|[of] p2a: Tapu Koko
|turn|18
|
|t:|1667062903
|move|p2a: Tapu Koko|Dazzling Gleam|p1a: Naza
|-damage|p1a: Naza|11/100
|move|p1a: Naza|Earthquake|p2a: Tapu Koko
|-supereffective|p2a: Tapu Koko
|-crit|p2a: Tapu Koko
|-damage|p2a: Tapu Koko|0 fnt
|faint|p2a: Tapu Koko
|
|upkeep
|inactive|Delibird Heart has 120 seconds left.
|c|☆Delibird Heart|???? max speed max hp is crazy
|
|t:|1667062921
|switch|p2a: Slowbro|Slowbro, M|45/100
|-damage|p2a: Slowbro|32/100|[from] Stealth Rock
|turn|19
|
|t:|1667062930
|move|p1a: Naza|Earthquake|p2a: Slowbro
|-damage|p2a: Slowbro|0 fnt
|faint|p2a: Slowbro
|
|upkeep
|c|☆Delibird Heart|fuck u
|-message|Delibird Heart forfeited.
|
|win|Picolouis13
|raw|Picolouis13's rating: 1496 &rarr; <strong>1518</strong><br />(+22 for winning)
|raw|Delibird Heart's rating: 1527 &rarr; <strong>1505</strong><br />(-22 for losing)
|l|☆Delibird Heart
||Ladder isn't responding, score probably updated but might not have (Request timeout).
