|j|☆imverybigbigbig
|j|☆2(H2O)-Alt
|t:|1654968962
|gametype|singles
|player|p1|imverybigbigbig|medium|1640
|player|p2|2(H2O)-Alt|lady|1702
|teamsize|p1|6
|teamsize|p2|6
|gen|8
|tier|[Gen 8] OU
|rated|
|rule|Sleep Clause Mod: Limit one foe put to sleep
|rule|Species Clause: Limit one of each Pokémon
|rule|OHKO Clause: OHKO moves are banned
|rule|Evasion Moves Clause: Evasion moves are banned
|rule|Endless Battle Clause: Forcing endless battles is banned
|rule|HP Percentage Mod: HP is shown in percentages
|rule|Dynamax Clause: You cannot dynamax
|clearpoke
|poke|p1|Tapu Koko|
|poke|p1|Crawdaunt, M|
|poke|p1|Scizor, M|
|poke|p1|Latios, M|
|poke|p1|Garchomp, F|
|poke|p1|Rotom-Wash|
|poke|p2|Tapu Lele|
|poke|p2|Victini|
|poke|p2|Melmetal|
|poke|p2|Dragonite, M|
|poke|p2|Landorus-Therian, M|
|poke|p2|Urshifu-*, M|
|teampreview
|
|t:|1654968981
|start
|switch|p1a: Latios|Latios, M|100/100
|switch|p2a: Urshifu|Urshifu-Rapid-Strike, M|100/100
|turn|1
|inactive|Battle timer is ON: inactive players will automatically lose when time's up. (requested by 2(H2O)-Alt)
|
|t:|1654968993
|switch|p2a: Landorus|Landorus-Therian, M|100/100
|-ability|p2a: Landorus|Intimidate|boost
|-unboost|p1a: Latios|atk|1
|move|p1a: Latios|Psychic|p2a: Landorus
|-damage|p2a: Landorus|44/100
|
|-heal|p2a: Landorus|50/100|[from] item: Leftovers
|upkeep
|turn|2
|
|t:|1654969000
|switch|p2a: Melmetal|Melmetal|100/100
|move|p1a: Latios|Psychic|p2a: Melmetal
|-resisted|p2a: Melmetal
|-damage|p2a: Melmetal|75/100
|
|upkeep
|turn|3
|
|t:|1654969010
|switch|p1a: Rotom|Rotom-Wash|100/100
|switch|p2a: Victini|Victini|100/100
|
|upkeep
|turn|4
|
|t:|1654969014
|move|p2a: Victini|U-turn|p1a: Rotom
|-damage|p1a: Rotom|80/100
|j| odin77
|
|t:|1654969022
|switch|p2a: Urshifu|Urshifu-Rapid-Strike, M|100/100|[from]move: U-turn
|move|p1a: Rotom|Hydro Pump|p2a: Urshifu
|-resisted|p2a: Urshifu
|-damage|p2a: Urshifu|73/100
|
|upkeep
|turn|5
|
|t:|1654969027
|switch|p1a: Garchomp|Garchomp, F|100/100
|move|p2a: Urshifu|Close Combat|p1a: Garchomp
|-damage|p1a: Garchomp|28/100
|-unboost|p2a: Urshifu|def|1
|-unboost|p2a: Urshifu|spd|1
|-damage|p2a: Urshifu|60/100|[from] ability: Rough Skin|[of] p1a: Garchomp
|
|-heal|p1a: Garchomp|34/100|[from] item: Leftovers
|upkeep
|turn|6
|
|t:|1654969038
|switch|p2a: Landorus|Landorus-Therian, M|50/100
|-ability|p2a: Landorus|Intimidate|boost
|-unboost|p1a: Garchomp|atk|1
|move|p1a: Garchomp|Stealth Rock|p2a: Landorus
|-sidestart|p2: 2(H2O)-Alt|move: Stealth Rock
|
|-heal|p1a: Garchomp|40/100|[from] item: Leftovers
|-heal|p2a: Landorus|56/100|[from] item: Leftovers
|upkeep
|turn|7
|
|t:|1654969043
|switch|p1a: Scizor|Scizor, M|100/100
|move|p2a: Landorus|Stealth Rock|p1a: Scizor
|-sidestart|p1: imverybigbigbig|move: Stealth Rock
|
|-heal|p2a: Landorus|62/100|[from] item: Leftovers
|upkeep
|turn|8
|
|t:|1654969049
|move|p2a: Landorus|U-turn|p1a: Scizor
|-resisted|p1a: Scizor
|-damage|p1a: Scizor|93/100
|
|t:|1654969053
|switch|p2a: Dragonite|Dragonite, M|100/100|[from]move: U-turn
|move|p1a: Scizor|U-turn|p2a: Dragonite
|-resisted|p2a: Dragonite
|-damage|p2a: Dragonite|95/100
|
|t:|1654969062
|switch|p1a: Rotom|Rotom-Wash|80/100|[from]move: U-turn
|
|upkeep
|turn|9
|j| t-yeu
|
|t:|1654969074
|move|p1a: Rotom|Hydro Pump|p2a: Dragonite|[miss]
|-miss|p1a: Rotom|p2a: Dragonite
|move|p2a: Dragonite|Roost|p2a: Dragonite
|-heal|p2a: Dragonite|100/100
|-singleturn|p2a: Dragonite|move: Roost
|
|upkeep
|turn|10
|j| Ran Kob
|inactive|2(H2O)-Alt has 120 seconds left.
|j| KingRon265
|
|t:|1654969108
|move|p1a: Rotom|Will-O-Wisp|p2a: Dragonite
|-status|p2a: Dragonite|brn
|move|p2a: Dragonite|Defog|p1a: Rotom
|-unboost|p1a: Rotom|evasion|1
|-sideend|p1: imverybigbigbig|Stealth Rock|[from] move: Defog|[of] p2a: Dragonite
|-sideend|p2: 2(H2O)-Alt|Stealth Rock|[from] move: Defog|[of] p2a: Dragonite
|
|-damage|p2a: Dragonite|94/100 brn|[from] brn
|upkeep
|turn|11
|
|t:|1654969122
|move|p1a: Rotom|Volt Switch|p2a: Dragonite
|-damage|p2a: Dragonite|74/100 brn
|
|t:|1654969124
|switch|p1a: Latios|Latios, M|100/100|[from]move: Volt Switch
|move|p2a: Dragonite|Heal Bell|p2a: Dragonite
|-activate|p2a: Dragonite|move: Heal Bell
|-curestatus|p2a: Dragonite|brn|[msg]
|
|upkeep
|turn|12
|
|t:|1654969134
|switch|p2a: Tapu Lele|Tapu Lele|100/100
|-fieldstart|move: Psychic Terrain|[from] ability: Psychic Surge|[of] p2a: Tapu Lele
|move|p1a: Latios|Draco Meteor|p2a: Tapu Lele
|-immune|p2a: Tapu Lele
|
|upkeep
|turn|13
|
|t:|1654969137
|switch|p1a: Scizor|Scizor, M|93/100
|move|p2a: Tapu Lele|Future Sight|p1a: Scizor
|-start|p2a: Tapu Lele|move: Future Sight
|
|-heal|p1a: Scizor|99/100|[from] item: Leftovers
|upkeep
|turn|14
|
|t:|1654969140
|switch|p2a: Victini|Victini|100/100
|move|p1a: Scizor|U-turn|p2a: Victini
|-damage|p2a: Victini|64/100
|j| Crowv2
|inactive|imverybigbigbig has 120 seconds left.
|j| Oxx mohhkom
|inactive|imverybigbigbig has 90 seconds left.
|j| Vulpixfan7
|
|t:|1654969203
|switch|p1a: Garchomp|Garchomp, F|40/100|[from]move: U-turn
|
|-heal|p1a: Garchomp|46/100|[from] item: Leftovers
|upkeep
|turn|15
|inactive|imverybigbigbig has 90 seconds left.
|l| Ran Kob
|
|t:|1654969223
|switch|p1a: Scizor|Scizor, M|99/100
|move|p2a: Victini|U-turn|p1a: Scizor
|-resisted|p1a: Scizor
|-damage|p1a: Scizor|92/100
|
|t:|1654969228
|switch|p2a: Urshifu|Urshifu-Rapid-Strike, M|60/100|[from]move: U-turn
|
|-end|p1a: Scizor|move: Future Sight
|-resisted|p1a: Scizor
|-damage|p1a: Scizor|37/100
|-heal|p1a: Scizor|43/100|[from] item: Leftovers
|upkeep
|turn|16
|inactive|imverybigbigbig has 90 seconds left.
|
|t:|1654969244
|switch|p1a: Garchomp|Garchomp, F|46/100
|move|p2a: Urshifu|Close Combat|p1a: Garchomp
|-damage|p1a: Garchomp|0 fnt
|-unboost|p2a: Urshifu|def|1
|-unboost|p2a: Urshifu|spd|1
|-damage|p2a: Urshifu|48/100|[from] ability: Rough Skin|[of] p1a: Garchomp
|faint|p1a: Garchomp
|
|-fieldend|move: Psychic Terrain
|upkeep
|
|t:|1654969254
|switch|p1a: Latios|Latios, M|100/100
|turn|17
|
|t:|1654969268
|switch|p2a: Melmetal|Melmetal|75/100
|move|p1a: Latios|Shadow Ball|p2a: Melmetal
|-damage|p2a: Melmetal|49/100
|
|upkeep
|turn|18
|
|t:|1654969275
|switch|p1a: Scizor|Scizor, M|43/100
|switch|p2a: Urshifu|Urshifu-Rapid-Strike, M|48/100
|
|-heal|p1a: Scizor|49/100|[from] item: Leftovers
|upkeep
|turn|19
|inactive|imverybigbigbig has 90 seconds left.
|
|t:|1654969287
|switch|p1a: Latios|Latios, M|100/100
|move|p2a: Urshifu|Close Combat|p1a: Latios
|-resisted|p1a: Latios
|-damage|p1a: Latios|37/100
|-unboost|p2a: Urshifu|def|1
|-unboost|p2a: Urshifu|spd|1
|
|upkeep
|turn|20
|inactive|imverybigbigbig has 90 seconds left.
|
|t:|1654969312
|switch|p2a: Landorus|Landorus-Therian, M|62/100
|-ability|p2a: Landorus|Intimidate|boost
|-unboost|p1a: Latios|atk|1
|move|p1a: Latios|Shadow Ball|p2a: Landorus
|-damage|p2a: Landorus|29/100
|
|-heal|p2a: Landorus|35/100|[from] item: Leftovers
|upkeep
|turn|21
|inactive|imverybigbigbig has 60 seconds left.
|
|t:|1654969345
|switch|p1a: Tapu Koko|Tapu Koko|100/100
|-fieldstart|move: Electric Terrain|[from] ability: Electric Surge|[of] p1a: Tapu Koko
|move|p2a: Landorus|U-turn|p1a: Tapu Koko
|-resisted|p1a: Tapu Koko
|-damage|p1a: Tapu Koko|86/100
|
|t:|1654969353
|switch|p2a: Victini|Victini|64/100|[from]move: U-turn
|
|upkeep
|turn|22
|inactive|imverybigbigbig has 60 seconds left.
|
|t:|1654969370
|move|p1a: Tapu Koko|Thunderbolt|p2a: Victini
|-damage|p2a: Victini|14/100
|move|p2a: Victini|Bolt Strike|p1a: Tapu Koko
|-resisted|p1a: Tapu Koko
|-damage|p1a: Tapu Koko|52/100
|
|upkeep
|turn|23
|inactive|imverybigbigbig has 60 seconds left.
|l| Crowv2
|
|t:|1654969380
|move|p1a: Tapu Koko|U-turn|p2a: Victini
|-crit|p2a: Victini
|-damage|p2a: Victini|0 fnt
|faint|p2a: Victini
|inactive|imverybigbigbig has 60 seconds left.
|inactive|imverybigbigbig has 30 seconds left.
|inactive|imverybigbigbig has 20 seconds left.
|inactive|imverybigbigbig has 15 seconds left.
|inactive|imverybigbigbig has 10 seconds left.
|
|t:|1654969435
|switch|p1a: Latios|Latios, M|37/100|[from]move: U-turn
|
|upkeep
|inactive|imverybigbigbig has 15 seconds left this turn.
|l| odin77
|
|t:|1654969439
|switch|p2a: Tapu Lele|Tapu Lele|100/100
|-fieldstart|move: Psychic Terrain|[from] ability: Psychic Surge|[of] p2a: Tapu Lele
|turn|24
|inactive|imverybigbigbig has 25 seconds left this turn.
|inactive|imverybigbigbig has 20 seconds left.
|inactive|imverybigbigbig has 15 seconds left.
|
|t:|1654969453
|switch|p1a: Rotom|Rotom-Wash|80/100
|move|p2a: Tapu Lele|Moonblast|p1a: Rotom
|-damage|p1a: Rotom|39/100
|
|upkeep
|turn|25
|inactive|imverybigbigbig has 25 seconds left this turn.
|inactive|imverybigbigbig has 20 seconds left.
|
|t:|1654969461
|move|p2a: Tapu Lele|Moonblast|p1a: Rotom
|-damage|p1a: Rotom|0 fnt
|faint|p1a: Rotom
|
|upkeep
|inactive|imverybigbigbig has 25 seconds left this turn.
|
|t:|1654969463
|switch|p1a: Scizor|Scizor, M|49/100
|turn|26
|
|t:|1654969466
|switch|p2a: Urshifu|Urshifu-Rapid-Strike, M|48/100
|move|p1a: Scizor|Roost|p1a: Scizor
|-heal|p1a: Scizor|99/100
|-singleturn|p1a: Scizor|move: Roost
|
|-heal|p1a: Scizor|100/100|[from] item: Leftovers
|upkeep
|turn|27
|
|t:|1654969470
|move|p2a: Urshifu|Close Combat|p1a: Scizor
|-damage|p1a: Scizor|29/100
|-unboost|p2a: Urshifu|def|1
|-unboost|p2a: Urshifu|spd|1
|move|p1a: Scizor|Roost|p1a: Scizor
|-heal|p1a: Scizor|79/100
|-singleturn|p1a: Scizor|move: Roost
|
|-heal|p1a: Scizor|85/100|[from] item: Leftovers
|upkeep
|turn|28
|
|t:|1654969476
|move|p2a: Urshifu|Close Combat|p1a: Scizor
|-damage|p1a: Scizor|13/100
|-unboost|p2a: Urshifu|def|1
|-unboost|p2a: Urshifu|spd|1
|move|p1a: Scizor|Roost|p1a: Scizor
|-heal|p1a: Scizor|63/100
|-singleturn|p1a: Scizor|move: Roost
|
|-heal|p1a: Scizor|69/100|[from] item: Leftovers
|-fieldend|move: Psychic Terrain
|upkeep
|turn|29
|inactive|imverybigbigbig has 60 seconds left.
|
|t:|1654969483
|move|p2a: Urshifu|Close Combat|p1a: Scizor
|-damage|p1a: Scizor|7/100
|-unboost|p2a: Urshifu|def|1
|-unboost|p2a: Urshifu|spd|1
|move|p1a: Scizor|Roost|p1a: Scizor
|-heal|p1a: Scizor|57/100
|-singleturn|p1a: Scizor|move: Roost
|
|-heal|p1a: Scizor|63/100|[from] item: Leftovers
|upkeep
|turn|30
|j| YellowBellyBadger
|inactive|imverybigbigbig has 60 seconds left.
|
|t:|1654969507
|switch|p2a: Landorus|Landorus-Therian, M|35/100
|-ability|p2a: Landorus|Intimidate|boost
|-unboost|p1a: Scizor|atk|1
|switch|p1a: Tapu Koko|Tapu Koko|52/100
|-fieldstart|move: Electric Terrain|[from] ability: Electric Surge|[of] p1a: Tapu Koko
|
|-heal|p2a: Landorus|41/100|[from] item: Leftovers
|upkeep
|turn|31
|
|t:|1654969516
|move|p1a: Tapu Koko|U-turn|p2a: Landorus
|-resisted|p2a: Landorus
|-damage|p2a: Landorus|33/100
|
|t:|1654969519
|switch|p1a: Scizor|Scizor, M|63/100|[from]move: U-turn
|move|p2a: Landorus|U-turn|p1a: Scizor
|-resisted|p1a: Scizor
|-damage|p1a: Scizor|55/100
|
|t:|1654969524
|switch|p2a: Urshifu|Urshifu-Rapid-Strike, M|48/100|[from]move: U-turn
|
|-heal|p1a: Scizor|61/100|[from] item: Leftovers
|upkeep
|turn|32
|inactive|imverybigbigbig has 60 seconds left.
|
|t:|1654969545
|switch|p1a: Latios|Latios, M|37/100
|move|p2a: Urshifu|Close Combat|p1a: Latios
|-resisted|p1a: Latios
|-damage|p1a: Latios|0 fnt
|-unboost|p2a: Urshifu|def|1
|-unboost|p2a: Urshifu|spd|1
|faint|p1a: Latios
|
|upkeep
|
|t:|1654969547
|switch|p1a: Tapu Koko|Tapu Koko|52/100
|turn|33
|
|t:|1654969555
|switch|p2a: Landorus|Landorus-Therian, M|33/100
|-ability|p2a: Landorus|Intimidate|boost
|-unboost|p1a: Tapu Koko|atk|1
|move|p1a: Tapu Koko|Thunderbolt|p2a: Landorus
|-immune|p2a: Landorus
|
|-heal|p2a: Landorus|40/100|[from] item: Leftovers
|upkeep
|turn|34
|
|t:|1654969565
|switch|p1a: Crawdaunt|Crawdaunt, M|100/100
|move|p2a: Landorus|Earthquake|p1a: Crawdaunt
|-damage|p1a: Crawdaunt|33/100
|
|-heal|p2a: Landorus|46/100|[from] item: Leftovers
|-fieldend|move: Electric Terrain
|upkeep
|turn|35
|
|t:|1654969577
|move|p2a: Landorus|Earthquake|p1a: Crawdaunt
|-damage|p1a: Crawdaunt|0 fnt
|faint|p1a: Crawdaunt
|
|-heal|p2a: Landorus|52/100|[from] item: Leftovers
|upkeep
|
|t:|1654969580
|switch|p1a: Scizor|Scizor, M|61/100
|turn|36
|
|t:|1654969584
|move|p2a: Landorus|Earthquake|p1a: Scizor
|-damage|p1a: Scizor|27/100
|move|p1a: Scizor|Roost|p1a: Scizor
|-heal|p1a: Scizor|77/100
|-singleturn|p1a: Scizor|move: Roost
|
|-heal|p2a: Landorus|58/100|[from] item: Leftovers
|-heal|p1a: Scizor|83/100|[from] item: Leftovers
|upkeep
|turn|37
|inactive|imverybigbigbig has 90 seconds left.
|
|t:|1654969595
|move|p2a: Landorus|Earthquake|p1a: Scizor
|-damage|p1a: Scizor|46/100
|move|p1a: Scizor|Roost|p1a: Scizor
|-heal|p1a: Scizor|96/100
|-singleturn|p1a: Scizor|move: Roost
|
|-heal|p2a: Landorus|64/100|[from] item: Leftovers
|-heal|p1a: Scizor|100/100|[from] item: Leftovers
|upkeep
|turn|38
|
|t:|1654969600
|move|p2a: Landorus|Earthquake|p1a: Scizor
|-damage|p1a: Scizor|66/100
|move|p1a: Scizor|Swords Dance|p1a: Scizor
|-boost|p1a: Scizor|atk|2
|
|-heal|p2a: Landorus|70/100|[from] item: Leftovers
|-heal|p1a: Scizor|72/100|[from] item: Leftovers
|upkeep
|turn|39
|
|t:|1654969603
|move|p2a: Landorus|Earthquake|p1a: Scizor
|-damage|p1a: Scizor|37/100
|move|p1a: Scizor|Roost|p1a: Scizor
|-heal|p1a: Scizor|87/100
|-singleturn|p1a: Scizor|move: Roost
|
|-heal|p2a: Landorus|76/100|[from] item: Leftovers
|-heal|p1a: Scizor|93/100|[from] item: Leftovers
|upkeep
|turn|40
|
|t:|1654969607
|move|p2a: Landorus|Earthquake|p1a: Scizor
|-damage|p1a: Scizor|56/100
|move|p1a: Scizor|Swords Dance|p1a: Scizor
|-boost|p1a: Scizor|atk|2
|
|-heal|p2a: Landorus|82/100|[from] item: Leftovers
|-heal|p1a: Scizor|62/100|[from] item: Leftovers
|upkeep
|turn|41
|
|t:|1654969610
|move|p2a: Landorus|Earthquake|p1a: Scizor
|-damage|p1a: Scizor|26/100
|move|p1a: Scizor|Roost|p1a: Scizor
|-heal|p1a: Scizor|76/100
|-singleturn|p1a: Scizor|move: Roost
|
|-heal|p2a: Landorus|88/100|[from] item: Leftovers
|-heal|p1a: Scizor|82/100|[from] item: Leftovers
|upkeep
|turn|42
|j| ISimpForKlara
|
|t:|1654969613
|move|p2a: Landorus|Earthquake|p1a: Scizor
|-damage|p1a: Scizor|46/100
|move|p1a: Scizor|Roost|p1a: Scizor
|-heal|p1a: Scizor|96/100
|-singleturn|p1a: Scizor|move: Roost
|
|-heal|p2a: Landorus|94/100|[from] item: Leftovers
|-heal|p1a: Scizor|100/100|[from] item: Leftovers
|upkeep
|turn|43
|
|t:|1654969616
|move|p2a: Landorus|Earthquake|p1a: Scizor
|-damage|p1a: Scizor|66/100
|move|p1a: Scizor|Swords Dance|p1a: Scizor
|-boost|p1a: Scizor|atk|2
|
|-heal|p2a: Landorus|99/100|[from] item: Leftovers
|-heal|p1a: Scizor|72/100|[from] item: Leftovers
|upkeep
|turn|44
|
|t:|1654969619
|move|p2a: Landorus|Earthquake|p1a: Scizor
|-damage|p1a: Scizor|40/100
|move|p1a: Scizor|Roost|p1a: Scizor
|-heal|p1a: Scizor|90/100
|-singleturn|p1a: Scizor|move: Roost
|
|-heal|p2a: Landorus|100/100|[from] item: Leftovers
|-heal|p1a: Scizor|96/100|[from] item: Leftovers
|upkeep
|turn|45
|
|t:|1654969623
|switch|p2a: Tapu Lele|Tapu Lele|100/100
|-fieldstart|move: Psychic Terrain|[from] ability: Psychic Surge|[of] p2a: Tapu Lele
|move|p1a: Scizor|Bullet Punch|p2a: Tapu Lele
|-activate|p2a: Tapu Lele|move: Psychic Terrain
|
|-heal|p1a: Scizor|100/100|[from] item: Leftovers
|upkeep
|turn|46
|
|t:|1654969638
|move|p2a: Tapu Lele|Future Sight|p1a: Scizor
|-start|p2a: Tapu Lele|move: Future Sight
|move|p1a: Scizor|Roost||[still]
|-fail|p1a: Scizor|heal
|
|upkeep
|turn|47
|
|t:|1654969643
|switch|p2a: Melmetal|Melmetal|49/100
|move|p1a: Scizor|Bullet Punch|p2a: Melmetal
|-activate|p2a: Melmetal|move: Psychic Terrain
|
|upkeep
|turn|48
|
|t:|1654969654
|move|p1a: Scizor|Bullet Punch|p2a: Melmetal
|-activate|p2a: Melmetal|move: Psychic Terrain
|move|p2a: Melmetal|Earthquake|p1a: Scizor
|-damage|p1a: Scizor|70/100
|
|-end|p1a: Scizor|move: Future Sight
|-resisted|p1a: Scizor
|-damage|p1a: Scizor|21/100
|-heal|p1a: Scizor|27/100|[from] item: Leftovers
|upkeep
|turn|49
|l| ISimpForKlara
|
|t:|1654969670
|move|p1a: Scizor|Roost|p1a: Scizor
|-heal|p1a: Scizor|77/100
|-singleturn|p1a: Scizor|move: Roost
|move|p2a: Melmetal|Thunder Punch|p1a: Scizor
|-damage|p1a: Scizor|53/100
|
|-heal|p1a: Scizor|59/100|[from] item: Leftovers
|-fieldend|move: Psychic Terrain
|upkeep
|turn|50
|
|t:|1654969679
|move|p1a: Scizor|U-turn|p2a: Melmetal
|-resisted|p2a: Melmetal
|-damage|p2a: Melmetal|17/100
|
|t:|1654969681
|switch|p1a: Tapu Koko|Tapu Koko|52/100|[from]move: U-turn
|-fieldstart|move: Electric Terrain|[from] ability: Electric Surge|[of] p1a: Tapu Koko
|move|p2a: Melmetal|Thunder Punch|p1a: Tapu Koko
|-resisted|p1a: Tapu Koko
|-damage|p1a: Tapu Koko|20/100
|
|upkeep
|turn|51
|
|t:|1654969694
|switch|p2a: Landorus|Landorus-Therian, M|100/100
|-ability|p2a: Landorus|Intimidate|boost
|-unboost|p1a: Tapu Koko|atk|1
|move|p1a: Tapu Koko|Thunderbolt|p2a: Landorus
|-immune|p2a: Landorus
|
|upkeep
|turn|52
|
|t:|1654969701
|move|p1a: Tapu Koko|Dazzling Gleam|p2a: Landorus
|-damage|p2a: Landorus|76/100
|move|p2a: Landorus|Stealth Rock|p1a: Tapu Koko
|-sidestart|p1: imverybigbigbig|move: Stealth Rock
|
|-heal|p2a: Landorus|82/100|[from] item: Leftovers
|upkeep
|turn|53
|
|t:|1654969707
|move|p1a: Tapu Koko|Dazzling Gleam|p2a: Landorus
|-damage|p2a: Landorus|55/100
|move|p2a: Landorus|Earthquake|p1a: Tapu Koko
|-supereffective|p1a: Tapu Koko
|-damage|p1a: Tapu Koko|0 fnt
|faint|p1a: Tapu Koko
|
|-heal|p2a: Landorus|61/100|[from] item: Leftovers
|upkeep
|
|t:|1654969709
|switch|p1a: Scizor|Scizor, M|59/100
|-damage|p1a: Scizor|46/100|[from] Stealth Rock
|turn|54
|
|t:|1654969713
|move|p2a: Landorus|U-turn|p1a: Scizor
|-resisted|p1a: Scizor
|-damage|p1a: Scizor|39/100
|
|t:|1654969716
|switch|p2a: Tapu Lele|Tapu Lele|100/100|[from]move: U-turn
|-fieldstart|move: Psychic Terrain|[from] ability: Psychic Surge|[of] p2a: Tapu Lele
|move|p1a: Scizor|Roost|p1a: Scizor
|-heal|p1a: Scizor|89/100
|-singleturn|p1a: Scizor|move: Roost
|
|-heal|p1a: Scizor|95/100|[from] item: Leftovers
|upkeep
|turn|55
|
|t:|1654969719
|move|p2a: Tapu Lele|Future Sight|p1a: Scizor
|-start|p2a: Tapu Lele|move: Future Sight
|move|p1a: Scizor|Swords Dance|p1a: Scizor
|-boost|p1a: Scizor|atk|2
|
|-heal|p1a: Scizor|100/100|[from] item: Leftovers
|upkeep
|turn|56
|
|t:|1654969723
|switch|p2a: Urshifu|Urshifu-Rapid-Strike, M|48/100
|move|p1a: Scizor|Swords Dance|p1a: Scizor
|-boost|p1a: Scizor|atk|2
|
|upkeep
|turn|57
|l| KingRon265
|
|t:|1654969732
|move|p2a: Urshifu|Surging Strikes|p1a: Scizor
|-crit|p1a: Scizor
|-damage|p1a: Scizor|78/100
|-crit|p1a: Scizor
|-damage|p1a: Scizor|54/100
|-crit|p1a: Scizor
|-damage|p1a: Scizor|34/100
|-hitcount|p1a: Scizor|3
|move|p1a: Scizor|U-turn|p2a: Urshifu
|-resisted|p2a: Urshifu
|-damage|p2a: Urshifu|5/100
|
|-end|p1a: Scizor|move: Future Sight
|-resisted|p1a: Scizor
|-damage|p1a: Scizor|0 fnt
|faint|p1a: Scizor
|
|win|2(H2O)-Alt
|upkeep
|raw|imverybigbigbig's rating: 1640 &rarr; <strong>1624</strong><br />(-16 for losing)
|raw|2(H2O)-Alt's rating: 1702 &rarr; <strong>1718</strong><br />(+16 for winning)
|c|☆imverybigbigbig|gg
|l|☆imverybigbigbig
|c|☆2(H2O)-Alt|gg
|l| YellowBellyBadger
||Ladder isn't responding, score probably updated but might not have (Request timeout).
|l| Vulpixfan7
