|j|☆minimax_ai
|j|☆Colonel Rivai
|t:|1667817336
|gametype|singles
|player|p1|minimax_ai|169|1547
|player|p2|Colonel Rivai|265|1809
|teamsize|p1|6
|teamsize|p2|6
|gen|8
|tier|[Gen 8] OU
|rated|
|rule|Sleep Clause Mod: Limit one foe put to sleep
|rule|Species Clause: Limit one of each Pokémon
|rule|OHKO Clause: OHKO moves are banned
|rule|Evasion Items Clause: Evasion items are banned
|rule|Evasion Moves Clause: Evasion moves are banned
|rule|Endless Battle Clause: Forcing endless battles is banned
|rule|HP Percentage Mod: HP is shown in percentages
|rule|Dynamax Clause: You cannot dynamax
|clearpoke
|poke|p1|Rotom-Wash|
|poke|p1|Weavile, M|
|poke|p1|Landorus-Therian, M|
|poke|p1|Heatran, M|
|poke|p1|Tangrowth, M|
|poke|p1|Melmetal|
|poke|p2|Hydreigon, M|
|poke|p2|Kartana|
|poke|p2|Blacephalon|
|poke|p2|Landorus-Therian, M|
|poke|p2|Melmetal|
|poke|p2|Toxapex, M|
|teampreview
|c|☆minimax_ai|hf
|inactive|Battle timer is ON: inactive players will automatically lose when time's up. (requested by minimax_ai)
|
|t:|1667817345
|start
|switch|p1a: landorustherian|Landorus-Therian, M|100/100
|switch|p2a: Hydreigon|Hydreigon, M|100/100
|-ability|p1a: landorustherian|Intimidate|boost
|-unboost|p2a: Hydreigon|atk|1
|turn|1
|c|☆Colonel Rivai|same
|
|t:|1667817351
|move|p2a: Hydreigon|Beat Up|p1a: landorustherian
|-damage|p1a: landorustherian|93/100
|-crit|p1a: landorustherian
|-damage|p1a: landorustherian|67/100
|-damage|p1a: landorustherian|59/100
|-damage|p1a: landorustherian|49/100
|-damage|p1a: landorustherian|41/100
|-damage|p1a: landorustherian|36/100
|-hitcount|p1a: landorustherian|6
|move|p1a: landorustherian|U-turn|p2a: Hydreigon
|-supereffective|p2a: Hydreigon
|-damage|p2a: Hydreigon|52/100
|
|t:|1667817351
|switch|p1a: Heatran|Heatran, M|100/100|[from]move: U-turn
|-item|p1a: Heatran|Air Balloon
|
|upkeep
|turn|2
|
|t:|1667817353
|move|p2a: Hydreigon|Beat Up|p1a: Heatran
|-damage|p1a: Heatran|93/100
|-enditem|p1a: Heatran|Air Balloon
|-damage|p1a: Heatran|81/100
|-damage|p1a: Heatran|72/100
|-damage|p1a: Heatran|62/100
|-damage|p1a: Heatran|52/100
|-damage|p1a: Heatran|46/100
|-hitcount|p1a: Heatran|6
|move|p1a: Heatran|Magma Storm|p2a: Hydreigon
|-resisted|p2a: Hydreigon
|-damage|p2a: Hydreigon|22/100
|-activate|p2a: Hydreigon|move: Magma Storm|[of] p1a: Heatran
|
|-damage|p2a: Hydreigon|10/100|[from] move: Magma Storm|[partiallytrapped]
|upkeep
|turn|3
|
|t:|1667817355
|move|p2a: Hydreigon|Beat Up|p1a: Heatran
|-damage|p1a: Heatran|39/100
|-damage|p1a: Heatran|27/100
|-damage|p1a: Heatran|18/100
|-damage|p1a: Heatran|9/100
|-damage|p1a: Heatran|0 fnt
|faint|p1a: Heatran
|-hitcount|p1: Heatran|5
|
|-end|p2a: Hydreigon|Magma Storm|[partiallytrapped]|[silent]
|upkeep
|
|t:|1667817355
|switch|p1a: Weavile|Weavile, M|100/100
|-ability|p1a: Weavile|Pressure
|turn|4
|
|t:|1667817358
|switch|p2a: Toxapex|Toxapex, M|100/100
|move|p1a: Weavile|Knock Off|p2a: Toxapex
|-damage|p2a: Toxapex|58/100
|-damage|p1a: Weavile|84/100|[from] item: Rocky Helmet|[of] p2a: Toxapex
|-enditem|p2a: Toxapex|Rocky Helmet|[from] move: Knock Off|[of] p1a: Weavile
|
|upkeep
|turn|5
|
|t:|1667817362
|switch|p1a: Melmetal|Melmetal|100/100
|move|p2a: Toxapex|Recover|p2a: Toxapex
|-heal|p2a: Toxapex|100/100
|
|upkeep
|turn|6
|
|t:|1667817363
|move|p1a: Melmetal|Double Iron Bash|p2a: Toxapex
|-resisted|p2a: Toxapex
|-damage|p2a: Toxapex|89/100
|-resisted|p2a: Toxapex
|-crit|p2a: Toxapex
|-damage|p2a: Toxapex|72/100
|-hitcount|p2a: Toxapex|2
|cant|p2a: Toxapex|flinch
|
|upkeep
|turn|7
|
|t:|1667817366
|move|p1a: Melmetal|Double Iron Bash|p2a: Toxapex
|-resisted|p2a: Toxapex
|-damage|p2a: Toxapex|60/100
|-resisted|p2a: Toxapex
|-damage|p2a: Toxapex|48/100
|-hitcount|p2a: Toxapex|2
|move|p2a: Toxapex|Knock Off|p1a: Melmetal
|-crit|p1a: Melmetal
|-damage|p1a: Melmetal|87/100
|-enditem|p1a: Melmetal|Assault Vest|[from] move: Knock Off|[of] p2a: Toxapex
|
|upkeep
|turn|8
|
|t:|1667817368
|move|p1a: Melmetal|Double Iron Bash|p2a: Toxapex
|-resisted|p2a: Toxapex
|-damage|p2a: Toxapex|37/100
|-resisted|p2a: Toxapex
|-damage|p2a: Toxapex|25/100
|-hitcount|p2a: Toxapex|2
|move|p2a: Toxapex|Recover|p2a: Toxapex
|-heal|p2a: Toxapex|75/100
|
|upkeep
|turn|9
|
|t:|1667817370
|move|p1a: Melmetal|Double Iron Bash|p2a: Toxapex
|-resisted|p2a: Toxapex
|-crit|p2a: Toxapex
|-damage|p2a: Toxapex|56/100
|-resisted|p2a: Toxapex
|-damage|p2a: Toxapex|45/100
|-hitcount|p2a: Toxapex|2
|cant|p2a: Toxapex|flinch
|
|upkeep
|turn|10
|
|t:|1667817372
|move|p1a: Melmetal|Double Iron Bash|p2a: Toxapex
|-resisted|p2a: Toxapex
|-damage|p2a: Toxapex|33/100
|-resisted|p2a: Toxapex
|-damage|p2a: Toxapex|20/100
|-hitcount|p2a: Toxapex|2
|cant|p2a: Toxapex|flinch
|
|upkeep
|turn|11
|
|t:|1667817375
|switch|p2a: Melmetal|Melmetal|100/100
|move|p1a: Melmetal|Double Iron Bash|p2a: Melmetal
|-resisted|p2a: Melmetal
|-crit|p2a: Melmetal
|-damage|p2a: Melmetal|82/100
|-resisted|p2a: Melmetal
|-damage|p2a: Melmetal|70/100
|-hitcount|p2a: Melmetal|2
|
|upkeep
|turn|12
|
|t:|1667817376
|switch|p2a: Toxapex|Toxapex, M|53/100
|move|p1a: Melmetal|Double Iron Bash|p2a: Toxapex
|-resisted|p2a: Toxapex
|-damage|p2a: Toxapex|40/100
|-resisted|p2a: Toxapex
|-damage|p2a: Toxapex|28/100
|-hitcount|p2a: Toxapex|2
|
|upkeep
|turn|13
|
|t:|1667817378
|move|p1a: Melmetal|Double Iron Bash|p2a: Toxapex
|-resisted|p2a: Toxapex
|-damage|p2a: Toxapex|16/100
|-resisted|p2a: Toxapex
|-damage|p2a: Toxapex|5/100
|-hitcount|p2a: Toxapex|2
|cant|p2a: Toxapex|flinch
|
|upkeep
|turn|14
|
|t:|1667817381
|switch|p2a: Kartana|Kartana|100/100
|move|p1a: Melmetal|Ice Punch|p2a: Kartana
|-damage|p2a: Kartana|64/100
|-status|p2a: Kartana|frz
|
|upkeep
|turn|15
|
|t:|1667817385
|switch|p2a: Toxapex|Toxapex, M|38/100
|move|p1a: Melmetal|Ice Punch|p2a: Toxapex
|-resisted|p2a: Toxapex
|-damage|p2a: Toxapex|28/100
|
|upkeep
|turn|16
|j| cypherstest
|
|t:|1667817387
|move|p1a: Melmetal|Earthquake|p2a: Toxapex
|-supereffective|p2a: Toxapex
|-damage|p2a: Toxapex|0 fnt
|faint|p2a: Toxapex
|
|upkeep
|
|t:|1667817390
|switch|p2a: Hydreigon|Hydreigon, M|10/100
|turn|17
|
|t:|1667817391
|move|p2a: Hydreigon|Superpower|p1a: Melmetal
|-supereffective|p1a: Melmetal
|-damage|p1a: Melmetal|24/100
|-unboost|p2a: Hydreigon|atk|1
|-unboost|p2a: Hydreigon|def|1
|move|p1a: Melmetal|Ice Punch|p2a: Hydreigon
|-supereffective|p2a: Hydreigon
|-damage|p2a: Hydreigon|0 fnt
|faint|p2a: Hydreigon
|
|upkeep
|
|t:|1667817394
|switch|p2a: Blacephalon|Blacephalon|100/100
|turn|18
|
|t:|1667817395
|move|p2a: Blacephalon|Flamethrower|p1a: Melmetal
|-supereffective|p1a: Melmetal
|-damage|p1a: Melmetal|0 fnt
|faint|p1a: Melmetal
|-ability|p2a: Blacephalon|Beast Boost|boost
|-boost|p2a: Blacephalon|spa|1
|
|upkeep
|
|t:|1667817395
|switch|p1a: Weavile|Weavile, M|84/100
|-ability|p1a: Weavile|Pressure
|turn|19
|
|t:|1667817398
|move|p2a: Blacephalon|Flamethrower|p1a: Weavile
|-supereffective|p1a: Weavile
|-damage|p1a: Weavile|0 fnt
|faint|p1a: Weavile
|-ability|p2a: Blacephalon|Beast Boost|boost
|-boost|p2a: Blacephalon|spa|1
|
|upkeep
|
|t:|1667817398
|switch|p1a: rotomwash|Rotom-Wash|100/100
|turn|20
|
|t:|1667817401
|switch|p2a: Landorus|Landorus-Therian, M|100/100
|-ability|p2a: Landorus|Intimidate|boost
|-unboost|p1a: rotomwash|atk|1
|move|p1a: rotomwash|Hydro Pump|p2a: Landorus|[miss]
|-miss|p1a: rotomwash|p2a: Landorus
|
|upkeep
|turn|21
|
|t:|1667817406
|move|p1a: rotomwash|Nasty Plot|p1a: rotomwash
|-boost|p1a: rotomwash|spa|2
|move|p2a: Landorus|U-turn|p1a: rotomwash
|-damage|p1a: rotomwash|77/100
|
|t:|1667817408
|switch|p2a: Melmetal|Melmetal|70/100|[from]move: U-turn
|
|-heal|p1a: rotomwash|84/100|[from] item: Leftovers
|upkeep
|turn|22
|
|t:|1667817410
|move|p1a: rotomwash|Hydro Pump|p2a: Melmetal
|-damage|p2a: Melmetal|23/100
|move|p2a: Melmetal|Double Iron Bash|p1a: rotomwash
|-resisted|p1a: rotomwash
|-damage|p1a: rotomwash|71/100
|-resisted|p1a: rotomwash
|-damage|p1a: rotomwash|60/100
|-hitcount|p1a: rotomwash|2
|
|-heal|p1a: rotomwash|67/100|[from] item: Leftovers
|upkeep
|turn|23
|
|t:|1667817414
|move|p1a: rotomwash|Hydro Pump|p2a: Melmetal
|-damage|p2a: Melmetal|0 fnt
|faint|p2a: Melmetal
|
|-heal|p1a: rotomwash|73/100|[from] item: Leftovers
|upkeep
|
|t:|1667817416
|switch|p2a: Kartana|Kartana|64/100 frz
|turn|24
|
|t:|1667817418
|cant|p2a: Kartana|frz
|move|p1a: rotomwash|Thunderbolt|p2a: Kartana
|-resisted|p2a: Kartana
|-damage|p2a: Kartana|0 fnt
|faint|p2a: Kartana
|
|-heal|p1a: rotomwash|79/100|[from] item: Leftovers
|upkeep
|
|t:|1667817419
|switch|p2a: Blacephalon|Blacephalon|100/100
|turn|25
|
|t:|1667817420
|move|p2a: Blacephalon|Shadow Ball|p1a: rotomwash
|-damage|p1a: rotomwash|33/100
|move|p1a: rotomwash|Thunderbolt|p2a: Blacephalon
|-damage|p2a: Blacephalon|0 fnt
|faint|p2a: Blacephalon
|
|-heal|p1a: rotomwash|39/100|[from] item: Leftovers
|upkeep
|
|t:|1667817423
|switch|p2a: Landorus|Landorus-Therian, M|100/100
|-ability|p2a: Landorus|Intimidate|boost
|-unboost|p1a: rotomwash|atk|1
|turn|26
|
|t:|1667817424
|move|p1a: rotomwash|Hydro Pump|p2a: Landorus|[miss]
|-miss|p1a: rotomwash|p2a: Landorus
|move|p2a: Landorus|U-turn|p1a: rotomwash
|-damage|p1a: rotomwash|13/100
|
|-heal|p1a: rotomwash|20/100|[from] item: Leftovers
|upkeep
|turn|27
|
|t:|1667817426
|move|p1a: rotomwash|Hydro Pump|p2a: Landorus
|-supereffective|p2a: Landorus
|-damage|p2a: Landorus|0 fnt
|faint|p2a: Landorus
|
|win|minimax_ai
|raw|minimax_ai's rating: 1547 &rarr; <strong>1580</strong><br />(+33 for winning)
|raw|Colonel Rivai's rating: 1809 &rarr; <strong>1776</strong><br />(-33 for losing)
|c|☆minimax_ai|gg
