|html|<div class="broadcast-blue"><strong>[Gen 8] OU is currently suspecting Urshifu-S! For information on how to participate check out the <a href="https://www.smogon.com/forums/threads/np-ss-ou-suspect-process-round-8-aint-no-rest-for-the-wicked.3675310/">suspect thread</a>.</strong></div>
|j|☆mcp3
|j|☆Rheinmetal
|t:|1609172703
|player|p1|mcp3|tate|1690
|player|p2|Rheinmetal|cynthia|1566
|teamsize|p1|6
|teamsize|p2|6
|gametype|singles
|gen|8
|tier|[Gen 8] OU
|rated|
|clearpoke
|poke|p1|Urshifu-*, M|
|poke|p1|Slowking, F|
|poke|p1|Zapdos|
|poke|p1|Tyranitar, F|
|poke|p1|Ferrothorn, M|
|poke|p1|Excadrill, M|
|poke|p2|Pelipper, F|
|poke|p2|Barraskewda, M|
|poke|p2|Zapdos|
|poke|p2|Ferrothorn, M|
|poke|p2|Kingdra, F|
|poke|p2|Excadrill, M|
|rule|Sleep Clause Mod: Limit one foe put to sleep
|rule|Species Clause: Limit one of each Pokémon
|rule|OHKO Clause: OHKO moves are banned
|rule|Evasion Moves Clause: Evasion moves are banned
|rule|Endless Battle Clause: Forcing endless battles is banned
|rule|HP Percentage Mod: HP is shown in percentages
|rule|Dynamax Clause: You cannot dynamax
|teampreview
|inactive|Battle timer is ON: inactive players will automatically lose when time's up. (requested by Rheinmetal)
|c|☆mcp3|hf
|
|t:|1609172722
|start
|switch|p1a: Ferrothorn|Ferrothorn, M|100/100
|switch|p2a: Ferrothorn|Ferrothorn, M|100/100
|turn|1
|
|t:|1609172725
|move|p1a: Ferrothorn|Substitute|p1a: Ferrothorn
|-start|p1a: Ferrothorn|Substitute
|-damage|p1a: Ferrothorn|75/100
|move|p2a: Ferrothorn|Spikes|p1a: Ferrothorn
|-sidestart|p1: mcp3|Spikes
|
|-heal|p1a: Ferrothorn|82/100|[from] item: Leftovers
|upkeep
|turn|2
|
|t:|1609172727
|move|p1a: Ferrothorn|Thunder Wave|p2a: Ferrothorn
|-status|p2a: Ferrothorn|par
|move|p2a: Ferrothorn|Spikes|p1a: Ferrothorn
|-sidestart|p1: mcp3|Spikes
|
|-heal|p1a: Ferrothorn|88/100|[from] item: Leftovers
|upkeep
|turn|3
|
|t:|1609172730
|move|p1a: Ferrothorn|Body Press|p2a: Ferrothorn
|-supereffective|p2a: Ferrothorn
|-damage|p2a: Ferrothorn|71/100 par
|-damage|p1a: Ferrothorn|75/100|[from] ability: Iron Barbs|[of] p2a: Ferrothorn
|cant|p2a: Ferrothorn|par
|
|-heal|p1a: Ferrothorn|82/100|[from] item: Leftovers
|-heal|p2a: Ferrothorn|77/100 par|[from] item: Leftovers
|upkeep
|turn|4
|
|t:|1609172733
|move|p1a: Ferrothorn|Body Press|p2a: Ferrothorn
|-supereffective|p2a: Ferrothorn
|-damage|p2a: Ferrothorn|46/100 par
|-damage|p1a: Ferrothorn|69/100|[from] ability: Iron Barbs|[of] p2a: Ferrothorn
|cant|p2a: Ferrothorn|par
|
|-heal|p1a: Ferrothorn|75/100|[from] item: Leftovers
|-heal|p2a: Ferrothorn|52/100 par|[from] item: Leftovers
|upkeep
|turn|5
|
|t:|1609172740
|switch|p2a: Zapdos|Zapdos|100/100
|move|p1a: Ferrothorn|Body Press|p2a: Zapdos
|-resisted|p2a: Zapdos
|-damage|p2a: Zapdos|87/100
|
|-heal|p1a: Ferrothorn|82/100|[from] item: Leftovers
|upkeep
|turn|6
|
|t:|1609172744
|switch|p2a: Ferrothorn|Ferrothorn, M|52/100 par
|move|p1a: Ferrothorn|Leech Seed|p2a: Ferrothorn
|-immune|p2a: Ferrothorn
|
|-heal|p1a: Ferrothorn|88/100|[from] item: Leftovers
|-heal|p2a: Ferrothorn|58/100 par|[from] item: Leftovers
|upkeep
|turn|7
|
|t:|1609172750
|switch|p2a: Zapdos|Zapdos|87/100
|move|p1a: Ferrothorn|Body Press|p2a: Zapdos
|-resisted|p2a: Zapdos
|-damage|p2a: Zapdos|74/100
|
|-heal|p1a: Ferrothorn|94/100|[from] item: Leftovers
|upkeep
|turn|8
|
|t:|1609172760
|move|p2a: Zapdos|Hurricane|p1a: Ferrothorn
|-end|p1a: Ferrothorn|Substitute
|move|p1a: Ferrothorn|Leech Seed|p2a: Zapdos|[miss]
|-miss|p1a: Ferrothorn|p2a: Zapdos
|
|-heal|p1a: Ferrothorn|100/100|[from] item: Leftovers
|upkeep
|turn|9
|
|t:|1609172765
|switch|p2a: Ferrothorn|Ferrothorn, M|58/100 par
|switch|p1a: Tyranitar|Tyranitar, F|100/100
|-damage|p1a: Tyranitar|84/100|[from] Spikes
|-weather|Sandstorm|[from] ability: Sand Stream|[of] p1a: Tyranitar
|
|-weather|Sandstorm|[upkeep]
|-heal|p1a: Tyranitar|90/100|[from] item: Leftovers
|-heal|p2a: Ferrothorn|64/100 par|[from] item: Leftovers
|upkeep
|turn|10
|
|t:|1609172774
|move|p1a: Tyranitar|Stealth Rock|p2a: Ferrothorn
|-sidestart|p2: Rheinmetal|move: Stealth Rock
|move|p2a: Ferrothorn|Leech Seed|p1a: Tyranitar
|-start|p1a: Tyranitar|move: Leech Seed
|
|-weather|Sandstorm|[upkeep]
|-heal|p1a: Tyranitar|96/100|[from] item: Leftovers
|-heal|p2a: Ferrothorn|70/100 par|[from] item: Leftovers
|-damage|p1a: Tyranitar|84/100|[from] Leech Seed|[of] p2a: Ferrothorn
|-heal|p2a: Ferrothorn|84/100 par|[silent]
|upkeep
|turn|11
|
|t:|1609172780
|switch|p1a: Slowking|Slowking, F|100/100
|move|p2a: Ferrothorn|Spikes|p1a: Slowking
|-sidestart|p1: mcp3|Spikes
|
|-weather|Sandstorm|[upkeep]
|-damage|p1a: Slowking|94/100|[from] Sandstorm
|-heal|p2a: Ferrothorn|90/100 par|[from] item: Leftovers
|upkeep
|turn|12
|
|t:|1609172784
|move|p1a: Slowking|Future Sight|p2a: Ferrothorn
|-start|p1a: Slowking|move: Future Sight
|cant|p2a: Ferrothorn|par
|
|-weather|Sandstorm|[upkeep]
|-damage|p1a: Slowking|88/100|[from] Sandstorm
|-heal|p2a: Ferrothorn|96/100 par|[from] item: Leftovers
|upkeep
|turn|13
|
|t:|1609172797
|move|p2a: Ferrothorn|Leech Seed|p1a: Slowking
|-start|p1a: Slowking|move: Leech Seed
|move|p1a: Slowking|Teleport|p1a: Slowking
|
|t:|1609172800
|switch|p1a: Urshifu|Urshifu-Rapid-Strike, M|100/100|[from]move: Teleport
|-damage|p1a: Urshifu|76/100|[from] Spikes
|
|-weather|none
|-heal|p2a: Ferrothorn|100/100 par|[from] item: Leftovers
|upkeep
|turn|14
|
|t:|1609172803
|move|p1a: Urshifu|Close Combat|p2a: Ferrothorn
|-supereffective|p2a: Ferrothorn
|-damage|p2a: Ferrothorn|0 fnt
|-unboost|p1a: Urshifu|def|1
|-unboost|p1a: Urshifu|spd|1
|-damage|p1a: Urshifu|63/100|[from] ability: Iron Barbs|[of] p2a: Ferrothorn
|faint|p2a: Ferrothorn
|
|-hint|Future Sight did not hit because the target is fainted.
|upkeep
|
|t:|1609172808
|switch|p2a: Barraskewda|Barraskewda, M|100/100
|-damage|p2a: Barraskewda|88/100|[from] Stealth Rock
|turn|15
|
|t:|1609172812
|switch|p1a: Slowking|Slowking, F|100/100
|move|p2a: Barraskewda|Close Combat|p1a: Slowking
|-resisted|p1a: Slowking
|-damage|p1a: Slowking|72/100
|-unboost|p2a: Barraskewda|def|1
|-unboost|p2a: Barraskewda|spd|1
|
|upkeep
|turn|16
|
|t:|1609172816
|switch|p2a: Zapdos|Zapdos|74/100
|move|p1a: Slowking|Future Sight|p2a: Zapdos
|-start|p1a: Slowking|move: Future Sight
|
|upkeep
|turn|17
|
|t:|1609172831
|switch|p1a: Excadrill|Excadrill, M|100/100
|-damage|p1a: Excadrill|76/100|[from] Spikes
|move|p2a: Zapdos|Discharge|p1a: Excadrill
|-immune|p1a: Excadrill
|
|-heal|p1a: Excadrill|82/100|[from] item: Leftovers
|upkeep
|turn|18
|
|t:|1609172837
|switch|p2a: Excadrill|Excadrill, M|100/100
|-damage|p2a: Excadrill|97/100|[from] Stealth Rock
|-ability|p2a: Excadrill|Mold Breaker
|move|p1a: Excadrill|Rock Slide|p2a: Excadrill
|-resisted|p2a: Excadrill
|-damage|p2a: Excadrill|89/100
|
|-end|p2a: Excadrill|move: Future Sight
|-resisted|p2a: Excadrill
|-damage|p2a: Excadrill|74/100
|-heal|p1a: Excadrill|88/100|[from] item: Leftovers
|-heal|p2a: Excadrill|80/100|[from] item: Leftovers
|upkeep
|turn|19
|
|t:|1609172846
|switch|p2a: Pelipper|Pelipper, F|100/100
|-damage|p2a: Pelipper|76/100|[from] Stealth Rock
|-weather|RainDance|[from] ability: Drizzle|[of] p2a: Pelipper
|move|p1a: Excadrill|Earthquake|p2a: Pelipper
|-immune|p2a: Pelipper
|
|-weather|RainDance|[upkeep]
|-heal|p1a: Excadrill|94/100|[from] item: Leftovers
|upkeep
|turn|20
|
|t:|1609172852
|switch|p1a: Ferrothorn|Ferrothorn, M|100/100
|-damage|p1a: Ferrothorn|75/100|[from] Spikes
|switch|p2a: Kingdra|Kingdra, F|100/100
|-damage|p2a: Kingdra|88/100|[from] Stealth Rock
|
|-weather|RainDance|[upkeep]
|-heal|p1a: Ferrothorn|82/100|[from] item: Leftovers
|upkeep
|turn|21
|
|t:|1609172861
|move|p2a: Kingdra|Hydro Pump|p1a: Ferrothorn
|-resisted|p1a: Ferrothorn
|-damage|p1a: Ferrothorn|40/100
|move|p1a: Ferrothorn|Leech Seed|p2a: Kingdra
|-start|p2a: Kingdra|move: Leech Seed
|
|-weather|RainDance|[upkeep]
|-heal|p1a: Ferrothorn|47/100|[from] item: Leftovers
|-damage|p2a: Kingdra|76/100|[from] Leech Seed|[of] p1a: Ferrothorn
|-heal|p1a: Ferrothorn|57/100|[silent]
|upkeep
|turn|22
|
|t:|1609172871
|switch|p2a: Zapdos|Zapdos|74/100
|move|p1a: Ferrothorn|Body Press|p2a: Zapdos
|-resisted|p2a: Zapdos
|-damage|p2a: Zapdos|59/100
|
|-weather|RainDance|[upkeep]
|-heal|p1a: Ferrothorn|63/100|[from] item: Leftovers
|upkeep
|turn|23
|j| Vessev
|
|t:|1609172874
|move|p2a: Zapdos|Hurricane|p1a: Ferrothorn
|-damage|p1a: Ferrothorn|31/100
|move|p1a: Ferrothorn|Leech Seed|p2a: Zapdos
|-start|p2a: Zapdos|move: Leech Seed
|
|-weather|RainDance|[upkeep]
|-heal|p1a: Ferrothorn|37/100|[from] item: Leftovers
|-damage|p2a: Zapdos|47/100|[from] Leech Seed|[of] p1a: Ferrothorn
|-heal|p1a: Ferrothorn|50/100|[silent]
|upkeep
|turn|24
|
|t:|1609172878
|move|p2a: Zapdos|Roost|p2a: Zapdos
|-heal|p2a: Zapdos|97/100
|-singleturn|p2a: Zapdos|move: Roost
|move|p1a: Ferrothorn|Body Press|p2a: Zapdos
|-damage|p2a: Zapdos|71/100
|
|-weather|RainDance|[upkeep]
|-heal|p1a: Ferrothorn|56/100|[from] item: Leftovers
|-damage|p2a: Zapdos|59/100|[from] Leech Seed|[of] p1a: Ferrothorn
|-heal|p1a: Ferrothorn|70/100|[silent]
|upkeep
|turn|25
|
|t:|1609172887
|switch|p2a: Excadrill|Excadrill, M|80/100
|-damage|p2a: Excadrill|77/100|[from] Stealth Rock
|-ability|p2a: Excadrill|Mold Breaker
|move|p1a: Ferrothorn|Body Press|p2a: Excadrill
|-supereffective|p2a: Excadrill
|-damage|p2a: Excadrill|14/100
|
|-weather|RainDance|[upkeep]
|-heal|p2a: Excadrill|21/100|[from] item: Leftovers
|-heal|p1a: Ferrothorn|76/100|[from] item: Leftovers
|upkeep
|turn|26
|
|t:|1609172895
|move|p2a: Excadrill|Stealth Rock|p1a: Ferrothorn
|-sidestart|p1: mcp3|move: Stealth Rock
|move|p1a: Ferrothorn|Body Press|p2a: Excadrill
|-supereffective|p2a: Excadrill
|-damage|p2a: Excadrill|0 fnt
|faint|p2a: Excadrill
|
|-weather|none
|-heal|p1a: Ferrothorn|82/100|[from] item: Leftovers
|upkeep
|
|t:|1609172897
|switch|p2a: Barraskewda|Barraskewda, M|88/100
|-damage|p2a: Barraskewda|76/100|[from] Stealth Rock
|turn|27
|
|t:|1609172901
|switch|p1a: Slowking|Slowking, F|100/100
|move|p2a: Barraskewda|Flip Turn|p1a: Slowking
|-resisted|p1a: Slowking
|-damage|p1a: Slowking|78/100
|
|t:|1609172903
|switch|p2a: Zapdos|Zapdos|59/100|[from]move: Flip Turn
|
|upkeep
|turn|28
|
|t:|1609172908
|switch|p2a: Barraskewda|Barraskewda, M|76/100
|-damage|p2a: Barraskewda|64/100|[from] Stealth Rock
|move|p1a: Slowking|Future Sight|p2a: Barraskewda
|-start|p1a: Slowking|move: Future Sight
|
|upkeep
|turn|29
|
|t:|1609172915
|move|p2a: Barraskewda|Liquidation|p1a: Slowking
|-resisted|p1a: Slowking
|-damage|p1a: Slowking|49/100
|move|p1a: Slowking|Scald|p2a: Barraskewda
|-resisted|p2a: Barraskewda
|-damage|p2a: Barraskewda|35/100
|-status|p2a: Barraskewda|brn
|
|-damage|p2a: Barraskewda|29/100 brn|[from] brn
|upkeep
|turn|30
|-message|Rheinmetal forfeited.
|
|win|mcp3
|l|☆Rheinmetal
|l| Vessev
|raw|mcp3's rating: 1690 &rarr; <strong>1703</strong><br />(+13 for winning)
|raw|Rheinmetal's rating: 1566 &rarr; <strong>1553</strong><br />(-13 for losing)
