|j|☆maxinyuuu
|j|☆Amamiya Kurara
|t:|1667968142
|gametype|singles
|player|p1|maxinyuuu|lusamine-nihilego|1607
|player|p2|Amamiya Kurara|swimmerf-gen4dp|1603
|teamsize|p1|6
|teamsize|p2|6
|gen|8
|tier|[Gen 8] OU
|rated|
|rule|Sleep Clause Mod: Limit one foe put to sleep
|rule|Species Clause: Limit one of each Pokémon
|rule|OHKO Clause: OHKO moves are banned
|rule|Evasion Items Clause: Evasion items are banned
|rule|Evasion Moves Clause: Evasion moves are banned
|rule|Endless Battle Clause: Forcing endless battles is banned
|rule|HP Percentage Mod: HP is shown in percentages
|rule|Dynamax Clause: You cannot dynamax
|clearpoke
|poke|p1|Regieleki|
|poke|p1|Tapu Koko|
|poke|p1|Melmetal|
|poke|p1|Rillaboom, M|
|poke|p1|Tornadus-Therian, M|
|poke|p1|Grimmsnarl, M|
|poke|p2|Ninetales-Alola, F|
|poke|p2|Weavile, F|
|poke|p2|Volcarona, F|
|poke|p2|Mew|
|poke|p2|Garchomp, F|
|poke|p2|Cloyster, F|
|teampreview
|inactive|Battle timer is ON: inactive players will automatically lose when time's up. (requested by Amamiya Kurara)
|
|t:|1667968154
|start
|switch|p1a: Melmetal|Melmetal|100/100
|switch|p2a: Mew|Mew|100/100
|turn|1
|
|t:|1667968158
|move|p2a: Mew|Will-O-Wisp|p1a: Melmetal
|-status|p1a: Melmetal|brn
|move|p1a: Melmetal|Double Iron Bash|p2a: Mew
|-damage|p2a: Mew|68/100
|-damage|p2a: Mew|39/100
|-hitcount|p2a: Mew|2
|
|-damage|p1a: Melmetal|94/100 brn|[from] brn
|upkeep
|turn|2
|j| westcottike
|
|t:|1667968163
|move|p2a: Mew|Stealth Rock|p1a: Melmetal
|-sidestart|p1: maxinyuuu|move: Stealth Rock
|move|p1a: Melmetal|Double Iron Bash|p2a: Mew
|-damage|p2a: Mew|8/100
|-crit|p2a: Mew
|-damage|p2a: Mew|0 fnt
|faint|p2a: Mew
|-hitcount|p2: Mew|2
|
|-damage|p1a: Melmetal|88/100 brn|[from] brn
|upkeep
|
|t:|1667968165
|switch|p2a: Volcarona|Volcarona, F|100/100
|turn|3
|
|t:|1667968168
|switch|p1a: Grimmsnarl|Grimmsnarl, M|100/100
|-damage|p1a: Grimmsnarl|88/100|[from] Stealth Rock
|move|p2a: Volcarona|Substitute|p2a: Volcarona
|-start|p2a: Volcarona|Substitute
|-damage|p2a: Volcarona|76/100
|
|-heal|p2a: Volcarona|82/100|[from] item: Leftovers
|upkeep
|turn|4
|
|t:|1667968178
|move|p1a: Grimmsnarl|Taunt|p2a: Volcarona
|-start|p2a: Volcarona|move: Taunt
|move|p2a: Volcarona|Bug Buzz|p1a: Grimmsnarl
|-damage|p1a: Grimmsnarl|52/100
|
|-heal|p2a: Volcarona|88/100|[from] item: Leftovers
|upkeep
|turn|5
|
|t:|1667968184
|switch|p1a: Tornadus|Tornadus-Therian, M|100/100
|move|p2a: Volcarona|Bug Buzz|p1a: Tornadus
|-resisted|p1a: Tornadus
|-damage|p1a: Tornadus|74/100
|
|-heal|p2a: Volcarona|94/100|[from] item: Leftovers
|upkeep
|turn|6
|
|t:|1667968187
|move|p1a: Tornadus|Knock Off|p2a: Volcarona
|-end|p2a: Volcarona|Substitute
|move|p2a: Volcarona|Flamethrower|p1a: Tornadus
|-damage|p1a: Tornadus|26/100
|
|-heal|p2a: Volcarona|99/100|[from] item: Leftovers
|-end|p2a: Volcarona|move: Taunt
|upkeep
|turn|7
|
|t:|1667968200
|move|p1a: Tornadus|Knock Off|p2a: Volcarona
|-damage|p2a: Volcarona|71/100
|-enditem|p2a: Volcarona|Leftovers|[from] move: Knock Off|[of] p1a: Tornadus
|move|p2a: Volcarona|Quiver Dance|p2a: Volcarona
|-boost|p2a: Volcarona|spa|1
|-boost|p2a: Volcarona|spd|1
|-boost|p2a: Volcarona|spe|1
|
|upkeep
|turn|8
|
|t:|1667968208
|move|p2a: Volcarona|Substitute|p2a: Volcarona
|-start|p2a: Volcarona|Substitute
|-damage|p2a: Volcarona|46/100
|move|p1a: Tornadus|Defog|p2a: Volcarona
|-sideend|p1: maxinyuuu|Stealth Rock|[from] move: Defog|[of] p1a: Tornadus
|
|upkeep
|turn|9
|
|t:|1667968213
|move|p2a: Volcarona|Flamethrower|p1a: Tornadus
|-damage|p1a: Tornadus|0 fnt
|faint|p1a: Tornadus
|
|upkeep
|
|t:|1667968221
|switch|p1a: Regieleki|Regieleki|100/100
|turn|10
|
|t:|1667968224
|move|p1a: Regieleki|Volt Switch|p2a: Volcarona
|-end|p2a: Volcarona|Substitute
|
|t:|1667968228
|switch|p1a: Grimmsnarl|Grimmsnarl, M|52/100|[from]move: Volt Switch
|move|p2a: Volcarona|Flamethrower|p1a: Grimmsnarl
|-damage|p1a: Grimmsnarl|0 fnt
|faint|p1a: Grimmsnarl
|
|upkeep
|
|t:|1667968231
|switch|p1a: Regieleki|Regieleki|100/100
|turn|11
|
|t:|1667968234
|switch|p2a: Garchomp|Garchomp, F|100/100
|move|p1a: Regieleki|Ancient Power|p2a: Garchomp
|-resisted|p2a: Garchomp
|-damage|p2a: Garchomp|87/100
|
|upkeep
|turn|12
|
|t:|1667968238
|switch|p1a: Rillaboom|Rillaboom, M|100/100
|-fieldstart|move: Grassy Terrain|[from] ability: Grassy Surge|[of] p1a: Rillaboom
|move|p2a: Garchomp|Fire Fang|p1a: Rillaboom
|-supereffective|p1a: Rillaboom
|-damage|p1a: Rillaboom|35/100
|-damage|p2a: Garchomp|78/100|[from] item: Life Orb
|
|-heal|p2a: Garchomp|84/100|[from] Grassy Terrain
|-heal|p1a: Rillaboom|41/100|[from] Grassy Terrain
|upkeep
|turn|13
|
|t:|1667968246
|switch|p2a: Cloyster|Cloyster, F|100/100
|move|p1a: Rillaboom|Grassy Glide|p2a: Cloyster
|-supereffective|p2a: Cloyster
|-damage|p2a: Cloyster|0 fnt
|faint|p2a: Cloyster
|
|-heal|p1a: Rillaboom|47/100|[from] Grassy Terrain
|upkeep
|
|t:|1667968248
|switch|p2a: Weavile|Weavile, F|100/100
|-ability|p2a: Weavile|Pressure
|turn|14
|j| ayayayase
|
|t:|1667968253
|switch|p1a: Melmetal|Melmetal|88/100 brn
|move|p2a: Weavile|Ice Shard|p1a: Melmetal
|-resisted|p1a: Melmetal
|-damage|p1a: Melmetal|82/100 brn
|-damage|p2a: Weavile|91/100|[from] item: Life Orb
|
|-heal|p2a: Weavile|97/100|[from] Grassy Terrain
|-heal|p1a: Melmetal|88/100 brn|[from] Grassy Terrain
|-damage|p1a: Melmetal|82/100 brn|[from] brn
|upkeep
|turn|15
|
|t:|1667968259
|move|p2a: Weavile|Knock Off|p1a: Melmetal
|-damage|p1a: Melmetal|45/100 brn
|-enditem|p1a: Melmetal|Choice Band|[from] move: Knock Off|[of] p2a: Weavile
|-damage|p2a: Weavile|87/100|[from] item: Life Orb
|move|p1a: Melmetal|Double Iron Bash|p2a: Weavile
|-supereffective|p2a: Weavile
|-damage|p2a: Weavile|15/100
|-supereffective|p2a: Weavile
|-damage|p2a: Weavile|0 fnt
|faint|p2a: Weavile
|-hitcount|p2: Weavile|2
|
|-heal|p1a: Melmetal|51/100 brn|[from] Grassy Terrain
|-damage|p1a: Melmetal|45/100 brn|[from] brn
|upkeep
|
|t:|1667968261
|switch|p2a: Volcarona|Volcarona, F|46/100
|turn|16
|
|t:|1667968266
|move|p2a: Volcarona|Flamethrower|p1a: Melmetal
|-supereffective|p1a: Melmetal
|-damage|p1a: Melmetal|0 fnt
|faint|p1a: Melmetal
|
|-heal|p2a: Volcarona|52/100|[from] Grassy Terrain
|-fieldend|move: Grassy Terrain
|upkeep
|
|t:|1667968272
|switch|p1a: Tapu Koko|Tapu Koko|100/100
|-fieldstart|move: Electric Terrain|[from] ability: Electric Surge|[of] p1a: Tapu Koko
|turn|17
|
|t:|1667968274
|switch|p2a: Ninetales|Ninetales-Alola, F|100/100
|-weather|Hail|[from] ability: Snow Warning|[of] p2a: Ninetales
|move|p1a: Tapu Koko|Volt Switch|p2a: Ninetales
|-damage|p2a: Ninetales|34/100
|
|t:|1667968280
|switch|p1a: Rillaboom|Rillaboom, M|47/100|[from]move: Volt Switch
|-fieldstart|move: Grassy Terrain|[from] ability: Grassy Surge|[of] p1a: Rillaboom
|
|-weather|Hail|[upkeep]
|-damage|p1a: Rillaboom|41/100|[from] Hail
|-heal|p2a: Ninetales|40/100|[from] Grassy Terrain
|-heal|p1a: Rillaboom|47/100|[from] Grassy Terrain
|upkeep
|turn|18
|
|t:|1667968283
|move|p1a: Rillaboom|Grassy Glide|p2a: Ninetales
|-damage|p2a: Ninetales|0 fnt
|faint|p2a: Ninetales
|
|-weather|Hail|[upkeep]
|-damage|p1a: Rillaboom|41/100|[from] Hail
|-heal|p1a: Rillaboom|47/100|[from] Grassy Terrain
|upkeep
|
|t:|1667968284
|switch|p2a: Volcarona|Volcarona, F|52/100
|turn|19
|
|t:|1667968286
|move|p1a: Rillaboom|Grassy Glide|p2a: Volcarona
|-resisted|p2a: Volcarona
|-damage|p2a: Volcarona|25/100
|move|p2a: Volcarona|Flamethrower|p1a: Rillaboom
|-supereffective|p1a: Rillaboom
|-damage|p1a: Rillaboom|0 fnt
|faint|p1a: Rillaboom
|
|-weather|Hail|[upkeep]
|-damage|p2a: Volcarona|19/100|[from] Hail
|-heal|p2a: Volcarona|25/100|[from] Grassy Terrain
|upkeep
|
|t:|1667968292
|switch|p1a: Tapu Koko|Tapu Koko|100/100
|-fieldstart|move: Electric Terrain|[from] ability: Electric Surge|[of] p1a: Tapu Koko
|turn|20
|
|t:|1667968296
|move|p1a: Tapu Koko|Dazzling Gleam|p2a: Volcarona
|-resisted|p2a: Volcarona
|-damage|p2a: Volcarona|0 fnt
|faint|p2a: Volcarona
|
|-weather|Hail|[upkeep]
|-damage|p1a: Tapu Koko|94/100|[from] Hail
|upkeep
|
|t:|1667968297
|switch|p2a: Garchomp|Garchomp, F|84/100
|turn|21
|
|t:|1667968300
|move|p1a: Tapu Koko|Dazzling Gleam|p2a: Garchomp
|-supereffective|p2a: Garchomp
|-damage|p2a: Garchomp|0 fnt
|faint|p2a: Garchomp
|
|win|maxinyuuu
|raw|maxinyuuu's rating: 1607 &rarr; <strong>1627</strong><br />(+20 for winning)
|raw|Amamiya Kurara's rating: 1603 &rarr; <strong>1583</strong><br />(-20 for losing)
|l|☆Amamiya Kurara
|l| westcottike
|l| ayayayase
||Ladder isn't responding, score probably updated but might not have (Request timeout).
