|j|☆minimax_ai
|j|☆Bloody Busybody
|t:|1663238046
|gametype|singles
|player|p1|minimax_ai|lusamine-nihilego|1528
|player|p2|Bloody Busybody|bugcatcher|1560
|teamsize|p1|6
|teamsize|p2|6
|gen|8
|tier|[Gen 8] OU
|rated|
|rule|Sleep Clause Mod: Limit one foe put to sleep
|rule|Species Clause: Limit one of each Pokémon
|rule|OHKO Clause: OHKO moves are banned
|rule|Evasion Items Clause: Evasion items are banned
|rule|Evasion Moves Clause: Evasion moves are banned
|rule|Endless Battle Clause: Forcing endless battles is banned
|rule|HP Percentage Mod: HP is shown in percentages
|rule|Dynamax Clause: You cannot dynamax
|clearpoke
|poke|p1|Rotom-Wash|
|poke|p1|Weavile, M|
|poke|p1|Landorus-Therian, M|
|poke|p1|Heatran, M|
|poke|p1|Tangrowth, M|
|poke|p1|Melmetal|
|poke|p2|Volcanion|
|poke|p2|Corviknight, M|
|poke|p2|Mamoswine, F|
|poke|p2|Blissey, F|
|poke|p2|Rillaboom, F|
|poke|p2|Hydreigon, F|
|teampreview
|c|☆minimax_ai|hf
|inactive|Battle timer is ON: inactive players will automatically lose when time's up. (requested by minimax_ai)
|j| Alnico
|
|t:|1663238076
|start
|switch|p1a: Melmetal|Melmetal|100/100
|switch|p2a: Rillaboom|Rillaboom, F|100/100
|-fieldstart|move: Grassy Terrain|[from] ability: Grassy Surge|[of] p2a: Rillaboom
|turn|1
|
|t:|1663238078
|move|p2a: Rillaboom|U-turn|p1a: Melmetal
|-resisted|p1a: Melmetal
|-damage|p1a: Melmetal|90/100
|
|t:|1663238080
|switch|p2a: Corviknight|Corviknight, M|100/100|[from]move: U-turn
|-ability|p2a: Corviknight|Pressure
|move|p1a: Melmetal|Double Iron Bash|p2a: Corviknight
|-resisted|p2a: Corviknight
|-damage|p2a: Corviknight|89/100
|-damage|p1a: Melmetal|73/100|[from] item: Rocky Helmet|[of] p2a: Corviknight
|-resisted|p2a: Corviknight
|-damage|p2a: Corviknight|76/100
|-damage|p1a: Melmetal|57/100|[from] item: Rocky Helmet|[of] p2a: Corviknight
|-hitcount|p2a: Corviknight|2
|
|-heal|p1a: Melmetal|63/100|[from] Grassy Terrain
|upkeep
|turn|2
|
|t:|1663238083
|move|p2a: Corviknight|Body Press|p1a: Melmetal
|-supereffective|p1a: Melmetal
|-damage|p1a: Melmetal|30/100
|move|p1a: Melmetal|Thunder Punch|p2a: Corviknight
|-supereffective|p2a: Corviknight
|-damage|p2a: Corviknight|36/100
|-damage|p1a: Melmetal|14/100|[from] item: Rocky Helmet|[of] p2a: Corviknight
|
|-heal|p1a: Melmetal|20/100|[from] Grassy Terrain
|upkeep
|turn|3
|
|t:|1663238086
|switch|p1a: rotomwash|Rotom-Wash|100/100
|move|p2a: Corviknight|Roost|p2a: Corviknight
|-heal|p2a: Corviknight|86/100
|-singleturn|p2a: Corviknight|move: Roost
|
|-heal|p2a: Corviknight|92/100|[from] Grassy Terrain
|upkeep
|turn|4
|
|t:|1663238089
|switch|p2a: Blissey|Blissey, F|100/100
|move|p1a: rotomwash|Thunderbolt|p2a: Blissey
|-damage|p2a: Blissey|87/100
|
|-heal|p2a: Blissey|93/100|[from] Grassy Terrain
|upkeep
|turn|5
|
|t:|1663238091
|move|p1a: rotomwash|Pain Split|p2a: Blissey
|-sethp|p2a: Blissey|68/100|[from] move: Pain Split|[silent]
|-sethp|p1a: rotomwash|100/100|[from] move: Pain Split
|move|p2a: Blissey|Teleport|p2a: Blissey
|
|t:|1663238094
|switch|p2a: Rillaboom|Rillaboom, F|100/100|[from]move: Teleport
|
|-fieldend|move: Grassy Terrain
|upkeep
|turn|6
|
|t:|1663238096
|switch|p1a: landorustherian|Landorus-Therian, M|100/100
|-ability|p1a: landorustherian|Intimidate|boost
|-unboost|p2a: Rillaboom|atk|1
|move|p2a: Rillaboom|U-turn|p1a: landorustherian
|-resisted|p1a: landorustherian
|-damage|p1a: landorustherian|87/100
|
|t:|1663238098
|switch|p2a: Mamoswine|Mamoswine, F|100/100|[from]move: U-turn
|
|-heal|p1a: landorustherian|93/100|[from] item: Leftovers
|upkeep
|turn|7
|c| Alnico|no atk evs?
|
|t:|1663238116
|switch|p1a: rotomwash|Rotom-Wash|100/100
|move|p2a: Mamoswine|Icicle Crash|p1a: rotomwash
|-resisted|p1a: rotomwash
|-damage|p1a: rotomwash|79/100
|
|-heal|p1a: rotomwash|85/100|[from] item: Leftovers
|upkeep
|turn|8
|c|☆Bloody Busybody|that dude is an ai, I believe
|c|☆Bloody Busybody|watch this
|
|t:|1663238129
|switch|p2a: Blissey|Blissey, F|68/100
|move|p1a: rotomwash|Hydro Pump|p2a: Blissey|[miss]
|-miss|p1a: rotomwash|p2a: Blissey
|
|-heal|p1a: rotomwash|91/100|[from] item: Leftovers
|upkeep
|turn|9
|
|t:|1663238132
|move|p1a: rotomwash|Pain Split|p2a: Blissey
|-sethp|p2a: Blissey|54/100|[from] move: Pain Split|[silent]
|-sethp|p1a: rotomwash|100/100|[from] move: Pain Split
|move|p2a: Blissey|Toxic|p1a: rotomwash
|-status|p1a: rotomwash|tox
|
|-damage|p1a: rotomwash|94/100 tox|[from] psn
|upkeep
|turn|10
|
|t:|1663238134
|move|p1a: rotomwash|Thunderbolt|p2a: Blissey
|-damage|p2a: Blissey|40/100
|move|p2a: Blissey|Soft-Boiled|p2a: Blissey
|-heal|p2a: Blissey|90/100
|
|-heal|p1a: rotomwash|100/100 tox|[from] item: Leftovers
|-damage|p1a: rotomwash|88/100 tox|[from] psn
|upkeep
|turn|11
|
|t:|1663238137
|move|p1a: rotomwash|Pain Split|p2a: Blissey
|-sethp|p2a: Blissey|64/100|[from] move: Pain Split|[silent]
|-sethp|p1a: rotomwash|100/100 tox|[from] move: Pain Split
|move|p2a: Blissey|Soft-Boiled|p2a: Blissey
|-heal|p2a: Blissey|100/100
|
|-damage|p1a: rotomwash|82/100 tox|[from] psn
|upkeep
|turn|12
|
|t:|1663238139
|move|p1a: rotomwash|Pain Split|p2a: Blissey
|-sethp|p2a: Blissey|68/100|[from] move: Pain Split|[silent]
|-sethp|p1a: rotomwash|100/100 tox|[from] move: Pain Split
|move|p2a: Blissey|Seismic Toss|p1a: rotomwash
|-damage|p1a: rotomwash|68/100 tox
|
|-heal|p1a: rotomwash|74/100 tox|[from] item: Leftovers
|-damage|p1a: rotomwash|49/100 tox|[from] psn
|upkeep
|turn|13
|
|t:|1663238142
|move|p1a: rotomwash|Pain Split|p2a: Blissey
|-sethp|p2a: Blissey|44/100|[from] move: Pain Split|[silent]
|-sethp|p1a: rotomwash|100/100 tox|[from] move: Pain Split
|move|p2a: Blissey|Soft-Boiled|p2a: Blissey
|-heal|p2a: Blissey|94/100
|
|-damage|p1a: rotomwash|69/100 tox|[from] psn
|upkeep
|turn|14
|
|t:|1663238146
|move|p1a: rotomwash|Pain Split|p2a: Blissey
|-sethp|p2a: Blissey|62/100|[from] move: Pain Split|[silent]
|-sethp|p1a: rotomwash|100/100 tox|[from] move: Pain Split
|move|p2a: Blissey|Seismic Toss|p1a: rotomwash
|-damage|p1a: rotomwash|68/100 tox
|
|-heal|p1a: rotomwash|74/100 tox|[from] item: Leftovers
|-damage|p1a: rotomwash|36/100 tox|[from] psn
|upkeep
|turn|15
|
|t:|1663238148
|move|p1a: rotomwash|Pain Split|p2a: Blissey
|-sethp|p2a: Blissey|39/100|[from] move: Pain Split|[silent]
|-sethp|p1a: rotomwash|91/100 tox|[from] move: Pain Split
|move|p2a: Blissey|Soft-Boiled|p2a: Blissey
|-heal|p2a: Blissey|89/100
|
|-heal|p1a: rotomwash|97/100 tox|[from] item: Leftovers
|-damage|p1a: rotomwash|53/100 tox|[from] psn
|upkeep
|turn|16
|
|t:|1663238153
|move|p1a: rotomwash|Pain Split|p2a: Blissey
|-sethp|p2a: Blissey|56/100|[from] move: Pain Split|[silent]
|-sethp|p1a: rotomwash|100/100 tox|[from] move: Pain Split
|move|p2a: Blissey|Soft-Boiled|p2a: Blissey
|-heal|p2a: Blissey|100/100
|
|-damage|p1a: rotomwash|50/100 tox|[from] psn
|upkeep
|turn|17
|
|t:|1663238155
|move|p1a: rotomwash|Pain Split|p2a: Blissey
|-sethp|p2a: Blissey|61/100|[from] move: Pain Split|[silent]
|-sethp|p1a: rotomwash|100/100 tox|[from] move: Pain Split
|move|p2a: Blissey|Seismic Toss|p1a: rotomwash
|-damage|p1a: rotomwash|68/100 tox
|
|-heal|p1a: rotomwash|74/100 tox|[from] item: Leftovers
|-damage|p1a: rotomwash|18/100 tox|[from] psn
|upkeep
|turn|18
|
|t:|1663238158
|move|p1a: rotomwash|Pain Split|p2a: Blissey
|-sethp|p2a: Blissey|34/100|[from] move: Pain Split|[silent]
|-sethp|p1a: rotomwash|80/100 tox|[from] move: Pain Split
|move|p2a: Blissey|Soft-Boiled|p2a: Blissey
|-heal|p2a: Blissey|84/100
|
|-heal|p1a: rotomwash|86/100 tox|[from] item: Leftovers
|-damage|p1a: rotomwash|24/100 tox|[from] psn
|upkeep
|turn|19
|
|t:|1663238161
|move|p1a: rotomwash|Pain Split|p2a: Blissey
|-sethp|p2a: Blissey|47/100|[from] move: Pain Split|[silent]
|-sethp|p1a: rotomwash|100/100 tox|[from] move: Pain Split
|move|p2a: Blissey|Soft-Boiled|p2a: Blissey
|-heal|p2a: Blissey|97/100
|
|-damage|p1a: rotomwash|32/100 tox|[from] psn
|upkeep
|turn|20
|
|t:|1663238164
|move|p1a: rotomwash|Pain Split|p2a: Blissey
|-sethp|p2a: Blissey|56/100|[from] move: Pain Split|[silent]
|-sethp|p1a: rotomwash|100/100 tox|[from] move: Pain Split
|move|p2a: Blissey|Soft-Boiled|p2a: Blissey
|-heal|p2a: Blissey|100/100
|
|-damage|p1a: rotomwash|25/100 tox|[from] psn
|upkeep
|turn|21
|
|t:|1663238168
|move|p1a: rotomwash|Pain Split|p2a: Blissey
|-sethp|p2a: Blissey|56/100|[from] move: Pain Split|[silent]
|-sethp|p1a: rotomwash|100/100 tox|[from] move: Pain Split
|move|p2a: Blissey|Soft-Boiled|p2a: Blissey
|-heal|p2a: Blissey|100/100
|
|-damage|p1a: rotomwash|19/100 tox|[from] psn
|upkeep
|turn|22
|
|t:|1663238172
|move|p1a: rotomwash|Pain Split|p2a: Blissey
|-sethp|p2a: Blissey|54/100|[from] move: Pain Split|[silent]
|-sethp|p1a: rotomwash|100/100 tox|[from] move: Pain Split
|move|p2a: Blissey|Soft-Boiled|p2a: Blissey
|-heal|p2a: Blissey|100/100
|
|-damage|p1a: rotomwash|13/100 tox|[from] psn
|upkeep
|turn|23
|
|t:|1663238175
|move|p1a: rotomwash|Pain Split|p2a: Blissey
|-sethp|p2a: Blissey|53/100|[from] move: Pain Split|[silent]
|-sethp|p1a: rotomwash|100/100 tox|[from] move: Pain Split
|move|p2a: Blissey|Soft-Boiled|p2a: Blissey
|-heal|p2a: Blissey|100/100
|
|-damage|p1a: rotomwash|7/100 tox|[from] psn
|upkeep
|turn|24
|
|t:|1663238178
|move|p1a: rotomwash|Pain Split|p2a: Blissey
|-sethp|p2a: Blissey|52/100|[from] move: Pain Split|[silent]
|-sethp|p1a: rotomwash|100/100 tox|[from] move: Pain Split
|move|p2a: Blissey|Soft-Boiled|p2a: Blissey
|-heal|p2a: Blissey|100/100
|
|-damage|p1a: rotomwash|7/100 tox|[from] psn
|upkeep
|turn|25
|
|t:|1663238181
|move|p1a: rotomwash|Pain Split|p2a: Blissey
|-sethp|p2a: Blissey|52/100|[from] move: Pain Split|[silent]
|-sethp|p1a: rotomwash|100/100 tox|[from] move: Pain Split
|move|p2a: Blissey|Seismic Toss|p1a: rotomwash
|-damage|p1a: rotomwash|68/100 tox
|
|-heal|p1a: rotomwash|74/100 tox|[from] item: Leftovers
|-damage|p1a: rotomwash|0 fnt|[from] psn
|faint|p1a: rotomwash
|upkeep
|
|t:|1663238181
|switch|p1a: Weavile|Weavile, M|100/100
|-ability|p1a: Weavile|Pressure
|turn|26
|c|☆Bloody Busybody|does it make sense?
|
|t:|1663238191
|switch|p2a: Corviknight|Corviknight, M|92/100
|-ability|p2a: Corviknight|Pressure
|move|p1a: Weavile|Knock Off|p2a: Corviknight
|-damage|p2a: Corviknight|50/100
|-damage|p1a: Weavile|84/100|[from] item: Rocky Helmet|[of] p2a: Corviknight
|-enditem|p2a: Corviknight|Rocky Helmet|[from] move: Knock Off|[of] p1a: Weavile
|
|upkeep
|turn|27
|
|t:|1663238193
|switch|p1a: Heatran|Heatran, M|100/100
|-item|p1a: Heatran|Air Balloon
|move|p2a: Corviknight|Roost|p2a: Corviknight
|-heal|p2a: Corviknight|99/100
|-singleturn|p2a: Corviknight|move: Roost
|
|upkeep
|turn|28
|
|t:|1663238198
|switch|p2a: Hydreigon|Hydreigon, F|100/100
|move|p1a: Heatran|Magma Storm|p2a: Hydreigon
|-resisted|p2a: Hydreigon
|-damage|p2a: Hydreigon|70/100
|-activate|p2a: Hydreigon|move: Magma Storm|[of] p1a: Heatran
|
|-damage|p2a: Hydreigon|57/100|[from] move: Magma Storm|[partiallytrapped]
|upkeep
|turn|29
|
|t:|1663238200
|move|p2a: Hydreigon|Roost|p2a: Hydreigon
|-heal|p2a: Hydreigon|100/100
|-singleturn|p2a: Hydreigon|move: Roost
|move|p1a: Heatran|Stealth Rock|p2a: Hydreigon
|-sidestart|p2: Bloody Busybody|move: Stealth Rock
|
|-damage|p2a: Hydreigon|88/100|[from] move: Magma Storm|[partiallytrapped]
|upkeep
|turn|30
|
|t:|1663238202
|move|p2a: Hydreigon|Dark Pulse|p1a: Heatran
|-damage|p1a: Heatran|49/100
|-enditem|p1a: Heatran|Air Balloon
|-damage|p2a: Hydreigon|78/100|[from] item: Life Orb
|move|p1a: Heatran|Magma Storm|p2a: Hydreigon
|-resisted|p2a: Hydreigon
|-damage|p2a: Hydreigon|48/100
|
|-damage|p2a: Hydreigon|36/100|[from] move: Magma Storm|[partiallytrapped]
|upkeep
|turn|31
|
|t:|1663238205
|switch|p1a: Melmetal|Melmetal|20/100
|move|p2a: Hydreigon|Roost|p2a: Hydreigon
|-heal|p2a: Hydreigon|86/100
|-singleturn|p2a: Hydreigon|move: Roost
|
|-end|p2a: Hydreigon|Magma Storm|[partiallytrapped]|[silent]
|upkeep
|turn|32
|
|t:|1663238207
|move|p2a: Hydreigon|Dark Pulse|p1a: Melmetal
|-damage|p1a: Melmetal|0 fnt
|faint|p1a: Melmetal
|-damage|p2a: Hydreigon|76/100|[from] item: Life Orb
|
|upkeep
|
|t:|1663238207
|switch|p1a: Weavile|Weavile, M|84/100
|-ability|p1a: Weavile|Pressure
|turn|33
|
|t:|1663238210
|switch|p2a: Corviknight|Corviknight, M|99/100
|-damage|p2a: Corviknight|87/100|[from] Stealth Rock
|-ability|p2a: Corviknight|Pressure
|move|p1a: Weavile|Low Kick|p2a: Corviknight
|-damage|p2a: Corviknight|64/100
|
|upkeep
|turn|34
|c| Alnico|not really
|
|t:|1663238214
|switch|p1a: landorustherian|Landorus-Therian, M|93/100
|-ability|p1a: landorustherian|Intimidate|boost
|-unboost|p2a: Corviknight|atk|1
|move|p2a: Corviknight|Defog|p1a: landorustherian
|-unboost|p1a: landorustherian|evasion|1
|-sideend|p2: Bloody Busybody|Stealth Rock|[from] move: Defog|[of] p2a: Corviknight
|
|-heal|p1a: landorustherian|99/100|[from] item: Leftovers
|upkeep
|turn|35
|
|t:|1663238220
|move|p1a: landorustherian|U-turn|p2a: Corviknight
|-resisted|p2a: Corviknight
|-damage|p2a: Corviknight|61/100
|
|t:|1663238221
|switch|p1a: Tangrowth|Tangrowth, M|100/100|[from]move: U-turn
|move|p2a: Corviknight|Roost|p2a: Corviknight
|-heal|p2a: Corviknight|100/100
|-singleturn|p2a: Corviknight|move: Roost
|
|upkeep
|turn|36
|
|t:|1663238223
|move|p2a: Corviknight|U-turn|p1a: Tangrowth
|-supereffective|p1a: Tangrowth
|-damage|p1a: Tangrowth|90/100
|-damage|p2a: Corviknight|84/100|[from] item: Rocky Helmet|[of] p1a: Tangrowth
|c|☆Bloody Busybody|oh I really like this as well
|c|☆Bloody Busybody|look
|
|t:|1663238234
|switch|p2a: Blissey|Blissey, F|52/100|[from]move: U-turn
|move|p1a: Tangrowth|Sleep Powder|p2a: Blissey|[miss]
|-miss|p1a: Tangrowth|p2a: Blissey
|
|upkeep
|turn|37
|
|t:|1663238236
|switch|p1a: Heatran|Heatran, M|49/100
|move|p2a: Blissey|Soft-Boiled|p2a: Blissey
|-heal|p2a: Blissey|100/100
|
|upkeep
|turn|38
|c|☆Bloody Busybody|oh ok he switched
|c|☆Bloody Busybody|but there's another shenanigan there
|c| Alnico|wait trick him a little
|
|t:|1663238252
|move|p1a: Heatran|Stealth Rock|p2a: Blissey
|-sidestart|p2: Bloody Busybody|move: Stealth Rock
|move|p2a: Blissey|Seismic Toss|p1a: Heatran
|-damage|p1a: Heatran|18/100
|
|upkeep
|turn|39
|
|t:|1663238258
|move|p1a: Heatran|Magma Storm|p2a: Blissey
|-damage|p2a: Blissey|81/100
|-activate|p2a: Blissey|move: Magma Storm|[of] p1a: Heatran
|move|p2a: Blissey|Seismic Toss|p1a: Heatran
|-damage|p1a: Heatran|0 fnt
|faint|p1a: Heatran
|
|-end|p2a: Blissey|Magma Storm|[partiallytrapped]|[silent]
|upkeep
|
|t:|1663238258
|switch|p1a: Weavile|Weavile, M|84/100
|-ability|p1a: Weavile|Pressure
|turn|40
|
|t:|1663238261
|switch|p2a: Corviknight|Corviknight, M|84/100
|-damage|p2a: Corviknight|72/100|[from] Stealth Rock
|-ability|p2a: Corviknight|Pressure
|move|p1a: Weavile|Knock Off|p2a: Corviknight
|-damage|p2a: Corviknight|44/100
|
|upkeep
|turn|41
|
|t:|1663238265
|move|p1a: Weavile|Knock Off|p2a: Corviknight
|-damage|p2a: Corviknight|18/100
|move|p2a: Corviknight|Roost|p2a: Corviknight
|-heal|p2a: Corviknight|68/100
|-singleturn|p2a: Corviknight|move: Roost
|
|upkeep
|turn|42
|
|t:|1663238269
|move|p1a: Weavile|Knock Off|p2a: Corviknight
|-damage|p2a: Corviknight|40/100
|move|p2a: Corviknight|Defog|p1a: Weavile
|-unboost|p1a: Weavile|evasion|1
|-sideend|p2: Bloody Busybody|Stealth Rock|[from] move: Defog|[of] p2a: Corviknight
|
|upkeep
|turn|43
|
|t:|1663238271
|move|p1a: Weavile|Knock Off|p2a: Corviknight
|-damage|p2a: Corviknight|11/100
|move|p2a: Corviknight|Roost|p2a: Corviknight
|-heal|p2a: Corviknight|61/100
|-singleturn|p2a: Corviknight|move: Roost
|
|upkeep
|turn|44
|
|t:|1663238272
|move|p1a: Weavile|Knock Off|p2a: Corviknight
|-damage|p2a: Corviknight|34/100
|move|p2a: Corviknight|Roost|p2a: Corviknight
|-heal|p2a: Corviknight|84/100
|-singleturn|p2a: Corviknight|move: Roost
|
|upkeep
|turn|45
|c| Alnico|go to mamoswine
|
|t:|1663238274
|move|p1a: Weavile|Knock Off|p2a: Corviknight
|-damage|p2a: Corviknight|56/100
|move|p2a: Corviknight|Roost|p2a: Corviknight
|-heal|p2a: Corviknight|100/100
|-singleturn|p2a: Corviknight|move: Roost
|
|upkeep
|turn|46
|c|☆Bloody Busybody|nah
|
|t:|1663238286
|move|p1a: Weavile|Knock Off|p2a: Corviknight
|-damage|p2a: Corviknight|72/100
|move|p2a: Corviknight|Body Press|p1a: Weavile
|-supereffective|p1a: Weavile
|-crit|p1a: Weavile
|-damage|p1a: Weavile|0 fnt
|faint|p1a: Weavile
|
|upkeep
|
|t:|1663238286
|switch|p1a: Tangrowth|Tangrowth, M|100/100
|turn|47
|c|☆Bloody Busybody|he gave up
|c| Alnico|Just to check if its a bot ig
|
|t:|1663238293
|move|p2a: Corviknight|U-turn|p1a: Tangrowth
|-supereffective|p1a: Tangrowth
|-damage|p1a: Tangrowth|86/100
|-damage|p2a: Corviknight|55/100|[from] item: Rocky Helmet|[of] p1a: Tangrowth
|
|t:|1663238299
|switch|p2a: Blissey|Blissey, F|81/100|[from]move: U-turn
|move|p1a: Tangrowth|Sleep Powder|p2a: Blissey
|-status|p2a: Blissey|slp|[from] move: Sleep Powder
|
|upkeep
|turn|48
|c|☆Bloody Busybody|ok now watch him sleep powder again n times
|
|t:|1663238313
|move|p1a: Tangrowth|Sleep Powder|p2a: Blissey|[miss]
|-miss|p1a: Tangrowth|p2a: Blissey
|cant|p2a: Blissey|slp
|
|upkeep
|turn|49
|
|t:|1663238315
|move|p1a: Tangrowth|Sleep Powder|p2a: Blissey|[miss]
|-miss|p1a: Tangrowth|p2a: Blissey
|cant|p2a: Blissey|slp
|
|upkeep
|turn|50
|
|t:|1663238317
|move|p1a: Tangrowth|Sleep Powder|p2a: Blissey|[miss]
|-miss|p1a: Tangrowth|p2a: Blissey
|cant|p2a: Blissey|slp
|
|upkeep
|turn|51
|
|t:|1663238322
|move|p1a: Tangrowth|Sleep Powder|p2a: Blissey
|-fail|p2a: Blissey|slp
|-curestatus|p2a: Blissey|slp|[msg]
|move|p2a: Blissey|Teleport|p2a: Blissey
|
|t:|1663238327
|switch|p2a: Volcanion|Volcanion|100/100|[from]move: Teleport
|
|upkeep
|turn|52
|
|t:|1663238333
|move|p2a: Volcanion|Fire Blast|p1a: Tangrowth
|-supereffective|p1a: Tangrowth
|-damage|p1a: Tangrowth|0 fnt
|faint|p1a: Tangrowth
|
|upkeep
|
|t:|1663238334
|switch|p1a: landorustherian|Landorus-Therian, M|99/100
|-ability|p1a: landorustherian|Intimidate|boost
|-unboost|p2a: Volcanion|atk|1
|turn|53
|
|t:|1663238340
|switch|p2a: Rillaboom|Rillaboom, F|100/100
|-fieldstart|move: Grassy Terrain|[from] ability: Grassy Surge|[of] p2a: Rillaboom
|move|p1a: landorustherian|Toxic|p2a: Rillaboom
|-status|p2a: Rillaboom|tox
|
|-heal|p1a: landorustherian|100/100|[from] item: Leftovers
|-damage|p2a: Rillaboom|94/100 tox|[from] psn
|upkeep
|turn|54
|
|t:|1663238342
|move|p2a: Rillaboom|Grassy Glide|p1a: landorustherian
|-damage|p1a: landorustherian|21/100
|move|p1a: landorustherian|Earthquake|p2a: Rillaboom
|-resisted|p2a: Rillaboom
|-damage|p2a: Rillaboom|81/100 tox
|
|-heal|p2a: Rillaboom|87/100 tox|[from] Grassy Terrain
|-heal|p1a: landorustherian|27/100|[from] item: Leftovers
|-damage|p2a: Rillaboom|74/100 tox|[from] psn
|upkeep
|turn|55
|
|t:|1663238345
|move|p2a: Rillaboom|Grassy Glide|p1a: landorustherian
|-damage|p1a: landorustherian|0 fnt
|faint|p1a: landorustherian
|
|win|Bloody Busybody
|raw|minimax_ai's rating: 1528 &rarr; <strong>1509</strong><br />(-19 for losing)
|raw|Bloody Busybody's rating: 1541 &rarr; <strong>1560</strong><br />(+19 for winning)
|c|☆minimax_ai|gg
|l|☆minimax_ai
|c|☆Bloody Busybody|gg man
||Ladder isn't responding, score probably updated but might not have (Request timeout).
