|j|☆bbones150
|j|☆Meroz
|player|p1|bbones150|ltsurge|1703
|player|p2|Meroz|101|1775
|teamsize|p1|6
|teamsize|p2|6
|gametype|singles
|gen|8
|tier|[Gen 8] OU
|rated|
|clearpoke
|poke|p1|Azumarill, M|
|poke|p1|Urshifu-*, M|
|poke|p1|Dragalge, M|
|poke|p1|Cinderace, F|
|poke|p1|Aegislash, F|
|poke|p1|Terrakion|
|poke|p2|Gengar, F|
|poke|p2|Magearna|
|poke|p2|Kommo-o, M|
|poke|p2|Terrakion|
|poke|p2|Comfey, F|
|poke|p2|Cinderace, F|
|rule|Sleep Clause Mod: Limit one foe put to sleep
|rule|Species Clause: Limit one of each Pokémon
|rule|OHKO Clause: OHKO moves are banned
|rule|Evasion Moves Clause: Evasion moves are banned
|rule|Endless Battle Clause: Forcing endless battles is banned
|rule|HP Percentage Mod: HP is shown in percentages
|rule|Dynamax Clause: You cannot dynamax
|teampreview
|j| Sword Flash
|inactive|Battle timer is ON: inactive players will automatically lose when time's up. (requested by Meroz)
|
|start
|switch|p1a: Terrakion|Terrakion|100/100
|switch|p2a: Kommo-o|Kommo-o, M|100/100
|turn|1
|
|move|p1a: Terrakion|Taunt|p2a: Kommo-o
|-start|p2a: Kommo-o|move: Taunt
|move|p2a: Kommo-o|Body Press|p1a: Terrakion
|-supereffective|p1a: Terrakion
|-damage|p1a: Terrakion|6/100
|
|upkeep
|turn|2
|
|move|p1a: Terrakion|Stealth Rock|p2a: Kommo-o
|-sidestart|p2: Meroz|move: Stealth Rock
|move|p2a: Kommo-o|Body Press|p1a: Terrakion
|-supereffective|p1a: Terrakion
|-damage|p1a: Terrakion|0 fnt
|faint|p1a: Terrakion
|
|upkeep
|j| DragonHunter994
|
|switch|p1a: Azumarill|Azumarill, M|100/100
|turn|3
|
|move|p2a: Kommo-o|Earthquake|p1a: Azumarill
|-damage|p1a: Azumarill|69/100
|move|p1a: Azumarill|Belly Drum|p1a: Azumarill
|-damage|p1a: Azumarill|19/100
|-setboost|p1a: Azumarill|atk|6|[from] move: Belly Drum
|-enditem|p1a: Azumarill|Sitrus Berry|[eat]
|-heal|p1a: Azumarill|44/100|[from] item: Sitrus Berry
|
|-end|p2a: Kommo-o|move: Taunt
|upkeep
|turn|4
|j| orozaonoror
|inactive|Meroz has 120 seconds left.
|
|switch|p2a: Gengar|Gengar, F|100/100
|-damage|p2a: Gengar|88/100|[from] Stealth Rock
|move|p1a: Azumarill|Play Rough|p2a: Gengar
|-resisted|p2a: Gengar
|-damage|p2a: Gengar|0 fnt
|faint|p2a: Gengar
|
|upkeep
|
|switch|p2a: Comfey|Comfey, F|100/100
|-damage|p2a: Comfey|88/100|[from] Stealth Rock
|turn|5
|
|move|p2a: Comfey|Giga Drain|p1a: Azumarill
|-supereffective|p1a: Azumarill
|-damage|p1a: Azumarill|0 fnt
|-heal|p2a: Comfey|100/100|[from] drain|[of] p1a: Azumarill
|-damage|p2a: Comfey|91/100|[from] item: Life Orb
|faint|p1a: Azumarill
|
|upkeep
|
|switch|p1a: Dragalge|Dragalge, M|100/100
|turn|6
|
|switch|p2a: Magearna|Magearna|100/100
|-damage|p2a: Magearna|94/100|[from] Stealth Rock
|move|p1a: Dragalge|Sludge Wave|p2a: Magearna
|-immune|p2a: Magearna
|
|upkeep
|turn|7
|
|move|p2a: Magearna|Volt Switch|p1a: Dragalge
|-resisted|p1a: Dragalge
|-damage|p1a: Dragalge|91/100
|
|switch|p2a: Kommo-o|Kommo-o, M|100/100|[from]move: Volt Switch
|-damage|p2a: Kommo-o|94/100|[from] Stealth Rock
|move|p1a: Dragalge|Sludge Wave|p2a: Kommo-o
|-damage|p2a: Kommo-o|15/100
|
|-heal|p2a: Kommo-o|21/100|[from] item: Leftovers
|upkeep
|turn|8
|
|switch|p2a: Magearna|Magearna|94/100
|-damage|p2a: Magearna|88/100|[from] Stealth Rock
|switch|p1a: Urshifu|Urshifu, M|100/100
|
|upkeep
|turn|9
|
|switch|p2a: Comfey|Comfey, F|91/100
|-damage|p2a: Comfey|78/100|[from] Stealth Rock
|move|p1a: Urshifu|Close Combat|p2a: Comfey
|-resisted|p2a: Comfey
|-damage|p2a: Comfey|21/100
|-unboost|p1a: Urshifu|def|1
|-unboost|p1a: Urshifu|spd|1
|
|upkeep
|turn|10
|
|switch|p1a: Aegislash|Aegislash, F|100/100
|switch|p2a: Cinderace|Cinderace, F|100/100
|
|upkeep
|turn|11
|
|switch|p1a: Dragalge|Dragalge, M|91/100
|move|p2a: Cinderace|Court Change|p2a: Cinderace
|-start|p2a: Cinderace|typechange|Normal|[from] ability: Libero
|-sideend|p2: Meroz|Stealth Rock|[silent]
|-sidestart|p1: bbones150|Stealth Rock|[silent]
|-activate|p2a: Cinderace|move: Court Change
|
|upkeep
|turn|12
|
|switch|p1a: Cinderace|Cinderace, F|100/100
|move|p2a: Cinderace|U-turn|p1a: Cinderace
|-start|p2a: Cinderace|typechange|Bug|[from] ability: Libero
|-resisted|p1a: Cinderace
|-damage|p1a: Cinderace|74/100
|
|switch|p2a: Terrakion|Terrakion|100/100|[from]move: U-turn
|
|upkeep
|turn|13
|
|move|p2a: Terrakion|Earthquake|p1a: Cinderace
|-supereffective|p1a: Cinderace
|-damage|p1a: Cinderace|0 fnt
|faint|p1a: Cinderace
|
|upkeep
|
|switch|p1a: Urshifu|Urshifu, M|100/100
|-damage|p1a: Urshifu|94/100|[from] Stealth Rock
|turn|14
|
|switch|p2a: Kommo-o|Kommo-o, M|21/100
|move|p1a: Urshifu|Close Combat|p2a: Kommo-o
|-damage|p2a: Kommo-o|0 fnt
|-unboost|p1a: Urshifu|def|1
|-unboost|p1a: Urshifu|spd|1
|faint|p2a: Kommo-o
|
|upkeep
|
|switch|p2a: Comfey|Comfey, F|21/100
|turn|15
|
|switch|p1a: Aegislash|Aegislash, F|100/100
|-damage|p1a: Aegislash|94/100|[from] Stealth Rock
|move|p2a: Comfey|Draining Kiss|p1a: Aegislash
|-resisted|p1a: Aegislash
|-damage|p1a: Aegislash|80/100
|-heal|p2a: Comfey|31/100|[from] drain|[of] p1a: Aegislash
|-damage|p2a: Comfey|21/100|[from] item: Life Orb
|
|upkeep
|turn|16
|
|move|p2a: Comfey|Draining Kiss|p1a: Aegislash
|-resisted|p1a: Aegislash
|-damage|p1a: Aegislash|66/100
|-heal|p2a: Comfey|30/100|[from] drain|[of] p1a: Aegislash
|-damage|p2a: Comfey|20/100|[from] item: Life Orb
|-formechange|p1a: Aegislash|Aegislash-Blade||[from] ability: Stance Change
|move|p1a: Aegislash|Shadow Ball|p2a: Comfey
|-damage|p2a: Comfey|0 fnt
|faint|p2a: Comfey
|
|upkeep
|
|switch|p2a: Terrakion|Terrakion|100/100
|turn|17
|
|switch|p1a: Dragalge|Dragalge, M|91/100
|-damage|p1a: Dragalge|79/100|[from] Stealth Rock
|move|p2a: Terrakion|Earthquake|p1a: Dragalge
|-supereffective|p1a: Dragalge
|-damage|p1a: Dragalge|3/100
|
|upkeep
|turn|18
|
|move|p2a: Terrakion|Earthquake|p1a: Dragalge
|-supereffective|p1a: Dragalge
|-damage|p1a: Dragalge|0 fnt
|faint|p1a: Dragalge
|
|upkeep
|
|switch|p1a: Aegislash|Aegislash, F|66/100
|-damage|p1a: Aegislash|60/100|[from] Stealth Rock
|turn|19
|
|switch|p2a: Magearna|Magearna|88/100
|-formechange|p1a: Aegislash|Aegislash-Blade||[from] ability: Stance Change
|move|p1a: Aegislash|Flash Cannon|p2a: Magearna
|-damage|p2a: Magearna|36/100
|-enditem|p2a: Magearna|Sitrus Berry|[eat]
|-heal|p2a: Magearna|61/100|[from] item: Sitrus Berry
|
|upkeep
|turn|20
|
|move|p1a: Aegislash|Flash Cannon|p2a: Magearna
|-damage|p2a: Magearna|8/100
|move|p2a: Magearna|Volt Switch|p1a: Aegislash
|-damage|p1a: Aegislash|16/100
|
|switch|p2a: Terrakion|Terrakion|100/100|[from]move: Volt Switch
|
|upkeep
|turn|21
|
|move|p2a: Terrakion|Earthquake|p1a: Aegislash
|-supereffective|p1a: Aegislash
|-damage|p1a: Aegislash|0 fnt
|faint|p1a: Aegislash
|
|upkeep
|
|switch|p1a: Urshifu|Urshifu, M|94/100
|-damage|p1a: Urshifu|88/100|[from] Stealth Rock
|turn|22
|
|switch|p2a: Magearna|Magearna|8/100
|move|p1a: Urshifu|Close Combat|p2a: Magearna
|-damage|p2a: Magearna|0 fnt
|-unboost|p1a: Urshifu|def|1
|-unboost|p1a: Urshifu|spd|1
|faint|p2a: Magearna
|
|upkeep
|
|switch|p2a: Cinderace|Cinderace, F|100/100
|turn|23
|
|move|p2a: Cinderace|Pyro Ball|p1a: Urshifu
|-damage|p1a: Urshifu|1/100
|-status|p1a: Urshifu|brn
|move|p1a: Urshifu|Close Combat|p2a: Cinderace
|-damage|p2a: Cinderace|29/100
|-unboost|p1a: Urshifu|def|1
|-unboost|p1a: Urshifu|spd|1
|
|-damage|p1a: Urshifu|0 fnt|[from] brn
|faint|p1a: Urshifu
|
|win|Meroz
|upkeep
|raw|bbones150's rating: 1703 &rarr; <strong>1688</strong><br />(-15 for losing)
|raw|Meroz's rating: 1775 &rarr; <strong>1791</strong><br />(+16 for winning)
|l|☆bbones150
