|j|☆LizzyPark
|j|☆Big Nose Staraptor
|t:|1663037245
|gametype|singles
|player|p1|LizzyPark|doctor|1557
|player|p2|Big Nose Staraptor|pokemaniac|1598
|teamsize|p1|6
|teamsize|p2|6
|gen|8
|tier|[Gen 8] OU
|rated|
|rule|Sleep Clause Mod: Limit one foe put to sleep
|rule|Species Clause: Limit one of each Pokémon
|rule|OHKO Clause: OHKO moves are banned
|rule|Evasion Items Clause: Evasion items are banned
|rule|Evasion Moves Clause: Evasion moves are banned
|rule|Endless Battle Clause: Forcing endless battles is banned
|rule|HP Percentage Mod: HP is shown in percentages
|rule|Dynamax Clause: You cannot dynamax
|clearpoke
|poke|p1|Torkoal, M|
|poke|p1|Venusaur, M|
|poke|p1|Regieleki|
|poke|p1|Heatran, M|
|poke|p1|Landorus-Therian, M|
|poke|p1|Weavile, F|
|poke|p2|Gengar, F|
|poke|p2|Dragapult, M|
|poke|p2|Blacephalon|
|poke|p2|Zeraora|
|poke|p2|Skarmory, M|
|poke|p2|Tyranitar, M|
|teampreview
|inactive|Battle timer is ON: inactive players will automatically lose when time's up. (requested by Big Nose Staraptor)
|
|t:|1663037260
|start
|switch|p1a: Torkoal|Torkoal, M|100/100
|switch|p2a: Tyranitar|Tyranitar, M|100/100
|-weather|Sandstorm|[from] ability: Sand Stream|[of] p2a: Tyranitar
|-weather|SunnyDay|[from] ability: Drought|[of] p1a: Torkoal
|turn|1
|
|t:|1663037269
|move|p2a: Tyranitar|Ice Punch|p1a: Torkoal
|-resisted|p1a: Torkoal
|-damage|p1a: Torkoal|89/100
|move|p1a: Torkoal|Body Press|p2a: Tyranitar
|-supereffective|p2a: Tyranitar
|-damage|p2a: Tyranitar|0 fnt
|faint|p2a: Tyranitar
|
|-weather|SunnyDay|[upkeep]
|upkeep
|c|☆LizzyPark|yuuuup
|
|t:|1663037281
|switch|p2a: Dragapult|Dragapult, M|100/100
|turn|2
|
|t:|1663037289
|switch|p1a: Landorus|Landorus-Therian, M|100/100
|-ability|p1a: Landorus|Intimidate|boost
|-unboost|p2a: Dragapult|atk|1
|move|p2a: Dragapult|Draco Meteor|p1a: Landorus
|-damage|p1a: Landorus|33/100
|-unboost|p2a: Dragapult|spa|2
|
|-weather|SunnyDay|[upkeep]
|-heal|p1a: Landorus|39/100|[from] item: Leftovers
|upkeep
|turn|3
|
|t:|1663037303
|move|p2a: Dragapult|Draco Meteor|p1a: Landorus
|-damage|p1a: Landorus|7/100
|-unboost|p2a: Dragapult|spa|2
|move|p1a: Landorus|U-turn|p2a: Dragapult
|-resisted|p2a: Dragapult
|-damage|p2a: Dragapult|87/100
|
|t:|1663037312
|switch|p1a: Venusaur|Venusaur, M|100/100|[from]move: U-turn
|
|-weather|SunnyDay|[upkeep]
|upkeep
|turn|4
|
|t:|1663037323
|switch|p2a: Skarmory|Skarmory, M|100/100
|move|p1a: Venusaur|Growth|p1a: Venusaur
|-boost|p1a: Venusaur|atk|2
|-boost|p1a: Venusaur|spa|2
|
|-weather|SunnyDay|[upkeep]
|upkeep
|turn|5
|
|t:|1663037342
|switch|p2a: Dragapult|Dragapult, M|87/100
|move|p1a: Venusaur|Weather Ball|p2a: Dragapult
|-resisted|p2a: Dragapult
|-damage|p2a: Dragapult|16/100
|-damage|p1a: Venusaur|91/100|[from] item: Life Orb
|
|-weather|SunnyDay|[upkeep]
|upkeep
|turn|6
|
|t:|1663037351
|move|p1a: Venusaur|Giga Drain|p2a: Dragapult
|-resisted|p2a: Dragapult
|-damage|p2a: Dragapult|0 fnt
|-heal|p1a: Venusaur|99/100|[from] drain|[of] p2a: Dragapult
|faint|p2a: Dragapult
|-damage|p1a: Venusaur|89/100|[from] item: Life Orb
|
|-weather|SunnyDay|[upkeep]
|upkeep
|
|t:|1663037353
|switch|p2a: Skarmory|Skarmory, M|100/100
|turn|7
|
|t:|1663037363
|move|p1a: Venusaur|Weather Ball|p2a: Skarmory
|-supereffective|p2a: Skarmory
|-ability|p2a: Skarmory|Sturdy
|-damage|p2a: Skarmory|1/100
|-damage|p1a: Venusaur|79/100|[from] item: Life Orb
|move|p2a: Skarmory|Stealth Rock|p1a: Venusaur
|-sidestart|p1: LizzyPark|move: Stealth Rock
|
|-weather|SunnyDay|[upkeep]
|upkeep
|turn|8
|
|t:|1663037374
|move|p1a: Venusaur|Weather Ball|p2a: Skarmory
|-supereffective|p2a: Skarmory
|-damage|p2a: Skarmory|0 fnt
|faint|p2a: Skarmory
|-damage|p1a: Venusaur|69/100|[from] item: Life Orb
|
|-weather|none
|upkeep
|
|t:|1663037388
|switch|p2a: Blacephalon|Blacephalon|100/100
|turn|9
|
|t:|1663037397
|switch|p1a: Landorus|Landorus-Therian, M|7/100
|-damage|p1a: Landorus|0 fnt|[from] Stealth Rock
|faint|p1a: Landorus
|move|p2a: Blacephalon|Shadow Ball|p1: Landorus|[notarget]
|-fail|p2a: Blacephalon
|
|upkeep
|
|t:|1663037405
|switch|p1a: Regieleki|Regieleki|100/100
|turn|10
|
|t:|1663037413
|move|p1a: Regieleki|Rapid Spin|p2a: Blacephalon
|-immune|p2a: Blacephalon
|move|p2a: Blacephalon|Shadow Ball|p1a: Regieleki
|-damage|p1a: Regieleki|0 fnt
|faint|p1a: Regieleki
|-ability|p2a: Blacephalon|Beast Boost|boost
|-boost|p2a: Blacephalon|spa|1
|
|upkeep
|
|t:|1663037417
|switch|p1a: Torkoal|Torkoal, M|89/100
|-damage|p1a: Torkoal|64/100|[from] Stealth Rock
|-weather|SunnyDay|[from] ability: Drought|[of] p1a: Torkoal
|turn|11
|
|t:|1663037421
|move|p2a: Blacephalon|Shadow Ball|p1a: Torkoal
|-damage|p1a: Torkoal|0 fnt
|faint|p1a: Torkoal
|-ability|p2a: Blacephalon|Beast Boost|boost
|-boost|p2a: Blacephalon|spa|1
|
|-weather|SunnyDay|[upkeep]
|upkeep
|
|t:|1663037423
|switch|p1a: Venusaur|Venusaur, M|69/100
|-damage|p1a: Venusaur|57/100|[from] Stealth Rock
|turn|12
|
|t:|1663037425
|move|p1a: Venusaur|Earth Power|p2a: Blacephalon
|-supereffective|p2a: Blacephalon
|-damage|p2a: Blacephalon|0 fnt
|faint|p2a: Blacephalon
|-damage|p1a: Venusaur|47/100|[from] item: Life Orb
|
|-weather|SunnyDay|[upkeep]
|upkeep
|
|t:|1663037428
|switch|p2a: Gengar|Gengar, F|100/100
|turn|13
|
|t:|1663037437
|switch|p1a: Heatran|Heatran, M|100/100
|-damage|p1a: Heatran|88/100|[from] Stealth Rock
|-item|p1a: Heatran|Air Balloon
|move|p2a: Gengar|Shadow Ball|p1a: Heatran
|-damage|p1a: Heatran|45/100
|-enditem|p1a: Heatran|Air Balloon
|
|-weather|SunnyDay|[upkeep]
|upkeep
|turn|14
|j| Me1oNz
|
|t:|1663037450
|move|p2a: Gengar|Shadow Ball|p1a: Heatran
|-damage|p1a: Heatran|5/100
|move|p1a: Heatran|Earth Power|p2a: Gengar
|-supereffective|p2a: Gengar
|-damage|p2a: Gengar|0 fnt
|-start|p1a: Heatran|Disable|Earth Power|[from] ability: Cursed Body|[of] p2a: Gengar
|faint|p2a: Gengar
|
|-weather|SunnyDay|[upkeep]
|upkeep
|
|t:|1663037454
|switch|p2a: Zeraora|Zeraora|100/100
|turn|15
|
|t:|1663037463
|move|p2a: Zeraora|Plasma Fists|p1a: Heatran
|-damage|p1a: Heatran|0 fnt
|-fieldactivate|move: Ion Deluge
|-hint|Normal-type moves become Electric-type after using Plasma Fists.
|faint|p1a: Heatran
|
|-weather|SunnyDay|[upkeep]
|upkeep
|
|t:|1663037466
|switch|p1a: Venusaur|Venusaur, M|47/100
|-damage|p1a: Venusaur|35/100|[from] Stealth Rock
|turn|16
|
|t:|1663037467
|move|p1a: Venusaur|Earth Power|p2a: Zeraora
|-supereffective|p2a: Zeraora
|-damage|p2a: Zeraora|3/100
|-damage|p1a: Venusaur|25/100|[from] item: Life Orb
|move|p2a: Zeraora|Plasma Fists|p1a: Venusaur
|-resisted|p1a: Venusaur
|-damage|p1a: Venusaur|0 fnt
|-fieldactivate|move: Ion Deluge
|-hint|Normal-type moves become Electric-type after using Plasma Fists.
|faint|p1a: Venusaur
|
|-weather|SunnyDay|[upkeep]
|upkeep
|
|t:|1663037470
|switch|p1a: Weavile|Weavile, F|100/100
|turn|17
|
|t:|1663037471
|move|p1a: Weavile|Ice Shard|p2a: Zeraora
|-damage|p2a: Zeraora|0 fnt
|faint|p2a: Zeraora
|
|win|LizzyPark
|raw|LizzyPark's rating: 1557 &rarr; <strong>1579</strong><br />(+22 for winning)
|raw|Big Nose Staraptor's rating: 1598 &rarr; <strong>1576</strong><br />(-22 for losing)
|c|☆LizzyPark|gg
|c|☆Big Nose Staraptor|ur garbo
|c|☆Big Nose Staraptor|ur busstified
|c|☆LizzyPark|aaaaa u mad
||Ladder isn't responding, score probably updated but might not have (Request timeout).
|l|☆Big Nose Staraptor
