|j|☆LECH24
|j|☆Buhrito
|t:|1634797166
|gametype|singles
|player|p1|LECH24|169|1757
|player|p2|Buhrito|preschooler|1807
|teamsize|p1|6
|teamsize|p2|6
|gen|8
|tier|[Gen 8] OU
|rated|
|rule|Sleep Clause Mod: Limit one foe put to sleep
|rule|Species Clause: Limit one of each Pokémon
|rule|OHKO Clause: OHKO moves are banned
|rule|Evasion Moves Clause: Evasion moves are banned
|rule|Endless Battle Clause: Forcing endless battles is banned
|rule|HP Percentage Mod: HP is shown in percentages
|rule|Dynamax Clause: You cannot dynamax
|clearpoke
|poke|p1|Mamoswine, M|
|poke|p1|Kartana|
|poke|p1|Dragapult, F|
|poke|p1|Dragonite, M|
|poke|p1|Toxapex, F|
|poke|p1|Heatran, M|
|poke|p2|Cloyster, M|
|poke|p2|Torkoal, F|
|poke|p2|Corviknight, M|
|poke|p2|Chansey, F|
|poke|p2|Venusaur, M|
|poke|p2|Garchomp, M|
|teampreview
|
|t:|1634797198
|start
|switch|p1a: Mamoswine|Mamoswine, M|100/100
|switch|p2a: Garchomp|Garchomp, M|100/100
|turn|1
|
|t:|1634797206
|switch|p2a: Corviknight|Corviknight, M|100/100
|-ability|p2a: Corviknight|Pressure
|move|p1a: Mamoswine|Icicle Crash|p2a: Corviknight|[miss]
|-miss|p1a: Mamoswine|p2a: Corviknight
|
|upkeep
|turn|2
|
|t:|1634797212
|switch|p2a: Torkoal|Torkoal, F|100/100
|-weather|SunnyDay|[from] ability: Drought|[of] p2a: Torkoal
|move|p1a: Mamoswine|Icicle Crash|p2a: Torkoal
|-resisted|p2a: Torkoal
|-damage|p2a: Torkoal|78/100
|
|-weather|SunnyDay|[upkeep]
|upkeep
|turn|3
|
|t:|1634797219
|switch|p1a: Dragapult|Dragapult, F|100/100
|switch|p2a: Venusaur|Venusaur, M|100/100
|
|-weather|SunnyDay|[upkeep]
|upkeep
|turn|4
|
|t:|1634797223
|switch|p2a: Chansey|Chansey, F|100/100
|switch|p1a: Dragonite|Dragonite, M|100/100
|
|-weather|SunnyDay|[upkeep]
|upkeep
|turn|5
|j| Terry B bestdlc
|
|t:|1634797232
|move|p1a: Dragonite|Earthquake|p2a: Chansey
|-damage|p2a: Chansey|80/100
|move|p2a: Chansey|Toxic|p1a: Dragonite|[miss]
|-miss|p2a: Chansey|p1a: Dragonite
|
|-weather|SunnyDay|[upkeep]
|upkeep
|turn|6
|
|t:|1634797239
|switch|p1a: Heatran|Heatran, M|100/100
|move|p2a: Chansey|Stealth Rock|p1a: Heatran
|-sidestart|p1: LECH24|move: Stealth Rock
|
|-weather|SunnyDay|[upkeep]
|upkeep
|turn|7
|
|t:|1634797246
|switch|p1a: Mamoswine|Mamoswine, M|100/100
|-damage|p1a: Mamoswine|88/100|[from] Stealth Rock
|switch|p2a: Garchomp|Garchomp, M|100/100
|
|-weather|SunnyDay|[upkeep]
|upkeep
|turn|8
|
|t:|1634797279
|switch|p2a: Torkoal|Torkoal, F|78/100
|move|p1a: Mamoswine|Icicle Crash|p2a: Torkoal
|-resisted|p2a: Torkoal
|-damage|p2a: Torkoal|54/100
|
|-weather|SunnyDay|[upkeep]
|upkeep
|turn|9
|
|t:|1634797293
|switch|p2a: Garchomp|Garchomp, M|100/100
|move|p1a: Mamoswine|Icicle Crash|p2a: Garchomp
|-supereffective|p2a: Garchomp
|-damage|p2a: Garchomp|0 fnt
|faint|p2a: Garchomp
|
|-weather|none
|upkeep
|
|t:|1634797302
|switch|p2a: Torkoal|Torkoal, F|54/100
|-weather|SunnyDay|[from] ability: Drought|[of] p2a: Torkoal
|turn|10
|
|t:|1634797306
|switch|p1a: Dragonite|Dragonite, M|100/100
|move|p2a: Torkoal|Toxic|p1a: Dragonite
|-status|p1a: Dragonite|tox
|
|-weather|SunnyDay|[upkeep]
|-damage|p1a: Dragonite|94/100 tox|[from] psn
|upkeep
|turn|11
|
|t:|1634797334
|switch|p2a: Chansey|Chansey, F|80/100
|move|p1a: Dragonite|Defog|p2a: Chansey
|-unboost|p2a: Chansey|evasion|1
|-sideend|p1: LECH24|Stealth Rock|[from] move: Defog|[of] p1a: Dragonite
|
|-weather|SunnyDay|[upkeep]
|-damage|p1a: Dragonite|82/100 tox|[from] psn
|upkeep
|turn|12
|
|t:|1634797340
|switch|p1a: Heatran|Heatran, M|100/100
|move|p2a: Chansey|Stealth Rock|p1a: Heatran
|-sidestart|p1: LECH24|move: Stealth Rock
|
|-weather|SunnyDay|[upkeep]
|upkeep
|turn|13
|
|t:|1634797348
|move|p1a: Heatran|Magma Storm|p2a: Chansey
|-damage|p2a: Chansey|59/100
|-activate|p2a: Chansey|move: Magma Storm|[of] p1a: Heatran
|move|p2a: Chansey|Seismic Toss|p1a: Heatran
|-damage|p1a: Heatran|75/100
|
|-weather|SunnyDay|[upkeep]
|-heal|p1a: Heatran|81/100|[from] item: Leftovers
|-damage|p2a: Chansey|47/100|[from] move: Magma Storm|[partiallytrapped]
|upkeep
|turn|14
|
|t:|1634797352
|move|p1a: Heatran|Taunt|p2a: Chansey
|-start|p2a: Chansey|move: Taunt
|cant|p2a: Chansey|move: Taunt|Soft-Boiled
|
|-weather|SunnyDay|[upkeep]
|-heal|p1a: Heatran|87/100|[from] item: Leftovers
|-damage|p2a: Chansey|34/100|[from] move: Magma Storm|[partiallytrapped]
|upkeep
|turn|15
|
|t:|1634797355
|move|p1a: Heatran|Stealth Rock|p2a: Chansey
|-sidestart|p2: Buhrito|move: Stealth Rock
|move|p2a: Chansey|Seismic Toss|p1a: Heatran
|-damage|p1a: Heatran|61/100
|
|-weather|SunnyDay|[upkeep]
|-heal|p1a: Heatran|67/100|[from] item: Leftovers
|-damage|p2a: Chansey|22/100|[from] move: Magma Storm|[partiallytrapped]
|upkeep
|turn|16
|j| tt2211
|
|t:|1634797356
|move|p1a: Heatran|Earth Power|p2a: Chansey
|-damage|p2a: Chansey|13/100
|move|p2a: Chansey|Seismic Toss|p1a: Heatran
|-damage|p1a: Heatran|41/100
|
|-weather|SunnyDay|[upkeep]
|-heal|p1a: Heatran|48/100|[from] item: Leftovers
|-damage|p2a: Chansey|1/100|[from] move: Magma Storm|[partiallytrapped]
|-end|p2a: Chansey|move: Taunt
|upkeep
|turn|17
|j| Mimi-Forever
|
|t:|1634797367
|move|p1a: Heatran|Earth Power|p2a: Chansey
|-damage|p2a: Chansey|0 fnt
|faint|p2a: Chansey
|
|-weather|none
|-heal|p1a: Heatran|54/100|[from] item: Leftovers
|upkeep
|l| Mimi-Forever
|
|t:|1634797374
|switch|p2a: Torkoal|Torkoal, F|54/100
|-damage|p2a: Torkoal|30/100|[from] Stealth Rock
|-weather|SunnyDay|[from] ability: Drought|[of] p2a: Torkoal
|turn|18
|j| soldado black
|
|t:|1634797376
|move|p1a: Heatran|Earth Power|p2a: Torkoal
|-supereffective|p2a: Torkoal
|-damage|p2a: Torkoal|0 fnt
|faint|p2a: Torkoal
|
|-weather|SunnyDay|[upkeep]
|-heal|p1a: Heatran|60/100|[from] item: Leftovers
|upkeep
|j| lazertan
|
|t:|1634797383
|switch|p2a: Venusaur|Venusaur, M|100/100
|-damage|p2a: Venusaur|88/100|[from] Stealth Rock
|turn|19
|j| GaryOakFire2021
|
|t:|1634797388
|switch|p1a: Dragonite|Dragonite, M|82/100 tox
|move|p2a: Venusaur|Growth|p2a: Venusaur
|-boost|p2a: Venusaur|atk|2
|-boost|p2a: Venusaur|spa|2
|
|-weather|SunnyDay|[upkeep]
|-damage|p1a: Dragonite|76/100 tox|[from] psn
|upkeep
|turn|20
|j| Tokyo EZ
|
|t:|1634797403
|move|p2a: Venusaur|Weather Ball|p1a: Dragonite
|-resisted|p1a: Dragonite
|-crit|p1a: Dragonite
|-damage|p1a: Dragonite|13/100 tox
|-damage|p2a: Venusaur|78/100|[from] item: Life Orb
|move|p1a: Dragonite|Ice Beam|p2a: Venusaur
|-supereffective|p2a: Venusaur
|-damage|p2a: Venusaur|35/100
|
|-weather|SunnyDay|[upkeep]
|-damage|p1a: Dragonite|1/100 tox|[from] psn
|upkeep
|turn|21
|
|t:|1634797409
|move|p2a: Venusaur|Giga Drain|p1a: Dragonite
|-resisted|p1a: Dragonite
|-damage|p1a: Dragonite|0 fnt
|-heal|p2a: Venusaur|35/100|[from] drain|[of] p1a: Dragonite
|faint|p1a: Dragonite
|-damage|p2a: Venusaur|25/100|[from] item: Life Orb
|
|-weather|SunnyDay|[upkeep]
|upkeep
|
|t:|1634797414
|switch|p1a: Mamoswine|Mamoswine, M|88/100
|-damage|p1a: Mamoswine|76/100|[from] Stealth Rock
|turn|22
|
|t:|1634797425
|move|p1a: Mamoswine|Ice Shard|p2a: Venusaur
|-supereffective|p2a: Venusaur
|-damage|p2a: Venusaur|0 fnt
|faint|p2a: Venusaur
|
|-weather|SunnyDay|[upkeep]
|upkeep
|
|t:|1634797428
|switch|p2a: Corviknight|Corviknight, M|100/100
|-damage|p2a: Corviknight|88/100|[from] Stealth Rock
|-ability|p2a: Corviknight|Pressure
|turn|23
|
|t:|1634797432
|switch|p1a: Dragapult|Dragapult, F|100/100
|-damage|p1a: Dragapult|88/100|[from] Stealth Rock
|move|p2a: Corviknight|Defog|p1a: Dragapult
|-unboost|p1a: Dragapult|evasion|1
|-sideend|p1: LECH24|Stealth Rock|[from] move: Defog|[of] p2a: Corviknight
|-sideend|p2: Buhrito|Stealth Rock|[from] move: Defog|[of] p2a: Corviknight
|
|-weather|SunnyDay|[upkeep]
|upkeep
|turn|24
|
|t:|1634797437
|move|p1a: Dragapult|Thunderbolt|p2a: Corviknight
|-supereffective|p2a: Corviknight
|-damage|p2a: Corviknight|13/100
|move|p2a: Corviknight|U-turn|p1a: Dragapult
|-resisted|p1a: Dragapult
|-damage|p1a: Dragapult|78/100
|
|t:|1634797439
|switch|p2a: Cloyster|Cloyster, M|100/100|[from]move: U-turn
|
|-weather|SunnyDay|[upkeep]
|upkeep
|turn|25
|j| Stridel
|
|t:|1634797445
|move|p1a: Dragapult|Thunderbolt|p2a: Cloyster
|-supereffective|p2a: Cloyster
|-enditem|p2a: Cloyster|Focus Sash
|-damage|p2a: Cloyster|1/100
|move|p2a: Cloyster|Shell Smash|p2a: Cloyster
|-unboost|p2a: Cloyster|def|1
|-unboost|p2a: Cloyster|spd|1
|-boost|p2a: Cloyster|atk|2
|-boost|p2a: Cloyster|spa|2
|-boost|p2a: Cloyster|spe|2
|
|-weather|none
|upkeep
|turn|26
|
|t:|1634797447
|move|p2a: Cloyster|Icicle Spear|p1a: Dragapult
|-supereffective|p1a: Dragapult
|-damage|p1a: Dragapult|21/100
|-supereffective|p1a: Dragapult
|-damage|p1a: Dragapult|0 fnt
|faint|p1a: Dragapult
|-hitcount|p1: Dragapult|2
|
|upkeep
|
|t:|1634797449
|switch|p1a: Mamoswine|Mamoswine, M|76/100
|turn|27
|j| RipReckful
|
|t:|1634797452
|move|p1a: Mamoswine|Ice Shard|p2a: Cloyster
|-resisted|p2a: Cloyster
|-damage|p2a: Cloyster|0 fnt
|faint|p2a: Cloyster
|
|upkeep
|
|t:|1634797454
|switch|p2a: Corviknight|Corviknight, M|13/100
|-ability|p2a: Corviknight|Pressure
|turn|28
|
|t:|1634797455
|move|p1a: Mamoswine|Ice Shard|p2a: Corviknight
|-damage|p2a: Corviknight|0 fnt
|faint|p2a: Corviknight
|
|win|LECH24
|raw|LECH24's rating: 1757 &rarr; <strong>1780</strong><br />(+23 for winning)
|raw|Buhrito's rating: 1807 &rarr; <strong>1784</strong><br />(-23 for losing)
|l| soldado black
|l|☆Buhrito
|l| lazertan
|l| Stridel
|l| RipReckful
