|raw|<div class="broadcast-blue"><strong>This battle is required to be public due to a player having a name starting with 'lt91bb'.</div>
|j|☆LT91BB Originality
|j|☆pokeda
|t:|1659021523
|gametype|singles
|player|p1|LT91BB Originality|lusamine-nihilego|1709
|player|p2|pokeda|oleana|1725
|teamsize|p1|6
|teamsize|p2|6
|gen|8
|tier|[Gen 8] OU
|rated|
|rule|Sleep Clause Mod: Limit one foe put to sleep
|rule|Species Clause: Limit one of each Pokémon
|rule|OHKO Clause: OHKO moves are banned
|rule|Evasion Moves Clause: Evasion moves are banned
|rule|Endless Battle Clause: Forcing endless battles is banned
|rule|HP Percentage Mod: HP is shown in percentages
|rule|Dynamax Clause: You cannot dynamax
|clearpoke
|poke|p1|Hippowdon, M|
|poke|p1|Tapu Lele|
|poke|p1|Zarude-Dada|
|poke|p1|Corviknight, M|
|poke|p1|Dragapult, F|
|poke|p1|Toxapex, M|
|poke|p2|Dragapult, M|
|poke|p2|Clefable, F|
|poke|p2|Landorus-Therian, M|
|poke|p2|Heatran, M|
|poke|p2|Slowbro, M|
|poke|p2|Buzzwole|
|teampreview
|j| LT91BB GSW
|l| LT91BB GSW
|inactive|Battle timer is ON: inactive players will automatically lose when time's up. (requested by pokeda)
|
|t:|1659021583
|start
|switch|p1a: Tapu Lele|Tapu Lele|100/100
|switch|p2a: Landorus|Landorus-Therian, M|100/100
|-fieldstart|move: Psychic Terrain|[from] ability: Psychic Surge|[of] p1a: Tapu Lele
|-ability|p2a: Landorus|Intimidate|boost
|-unboost|p1a: Tapu Lele|atk|1
|turn|1
|
|t:|1659021613
|switch|p1a: Corviknight|Corviknight, M|100/100
|-ability|p1a: Corviknight|Pressure
|switch|p2a: Slowbro|Slowbro, M|100/100
|
|upkeep
|turn|2
|
|t:|1659021622
|switch|p1a: Toxapex|Toxapex, M, shiny|100/100
|move|p2a: Slowbro|Future Sight|p1a: Toxapex
|-start|p2a: Slowbro|move: Future Sight
|
|upkeep
|turn|3
|
|t:|1659021627
|switch|p1a: Hippowdon|Hippowdon, M|100/100
|-weather|Sandstorm|[from] ability: Sand Stream|[of] p1a: Hippowdon
|move|p2a: Slowbro|Teleport|p2a: Slowbro
|inactive|pokeda has 120 seconds left.
|
|t:|1659021653
|switch|p2a: Clefable|Clefable, F|100/100|[from]move: Teleport
|
|-weather|Sandstorm|[upkeep]
|upkeep
|turn|4
|inactive|pokeda has 120 seconds left.
|
|t:|1659021659
|switch|p1a: Corviknight|Corviknight, M|100/100
|-ability|p1a: Corviknight|Pressure
|move|p2a: Clefable|Knock Off|p1a: Corviknight
|-damage|p1a: Corviknight|91/100
|-enditem|p1a: Corviknight|Rocky Helmet|[from] move: Knock Off|[of] p2a: Clefable
|
|-weather|Sandstorm|[upkeep]
|-end|p1a: Corviknight|move: Future Sight
|-resisted|p1a: Corviknight
|-damage|p1a: Corviknight|69/100
|upkeep
|turn|5
|inactive|pokeda has 120 seconds left.
|
|t:|1659021669
|move|p1a: Corviknight|Roost|p1a: Corviknight
|-heal|p1a: Corviknight|100/100
|-singleturn|p1a: Corviknight|move: Roost
|move|p2a: Clefable|Stealth Rock|p1a: Corviknight
|-sidestart|p1: LT91BB Originality|move: Stealth Rock
|
|-weather|Sandstorm|[upkeep]
|-fieldend|move: Psychic Terrain
|upkeep
|turn|6
|
|t:|1659021674
|move|p1a: Corviknight|Defog|p2a: Clefable
|-unboost|p2a: Clefable|evasion|1
|-sideend|p1: LT91BB Originality|Stealth Rock|[from] move: Defog|[of] p1a: Corviknight
|move|p2a: Clefable|Moonblast|p1a: Corviknight
|-resisted|p1a: Corviknight
|-damage|p1a: Corviknight|87/100
|
|-weather|Sandstorm|[upkeep]
|upkeep
|turn|7
|
|t:|1659021678
|move|p1a: Corviknight|Brave Bird|p2a: Clefable
|-damage|p2a: Clefable|70/100
|-damage|p1a: Corviknight|77/100|[from] Recoil
|move|p2a: Clefable|Stealth Rock|p1a: Corviknight
|-sidestart|p1: LT91BB Originality|move: Stealth Rock
|
|-weather|none
|-heal|p2a: Clefable|76/100|[from] item: Leftovers
|upkeep
|turn|8
|
|t:|1659021688
|switch|p2a: Heatran|Heatran, M|100/100
|move|p1a: Corviknight|Defog|p2a: Heatran
|-unboost|p2a: Heatran|evasion|1
|-sideend|p1: LT91BB Originality|Stealth Rock|[from] move: Defog|[of] p1a: Corviknight
|
|upkeep
|turn|9
|
|t:|1659021695
|switch|p1a: Toxapex|Toxapex, M, shiny|100/100
|move|p2a: Heatran|Eruption|p1a: Toxapex
|-resisted|p1a: Toxapex
|-damage|p1a: Toxapex|60/100
|
|upkeep
|turn|10
|j| Venositile
|
|t:|1659021706
|switch|p2a: Clefable|Clefable, F|76/100
|move|p1a: Toxapex|Recover|p1a: Toxapex
|-heal|p1a: Toxapex|100/100
|
|-heal|p2a: Clefable|82/100|[from] item: Leftovers
|upkeep
|turn|11
|
|t:|1659021713
|switch|p2a: Slowbro|Slowbro, M|100/100
|move|p1a: Toxapex|Knock Off|p2a: Slowbro
|-supereffective|p2a: Slowbro
|-damage|p2a: Slowbro|75/100
|-enditem|p2a: Slowbro|Heavy-Duty Boots|[from] move: Knock Off|[of] p1a: Toxapex
|
|upkeep
|turn|12
|
|t:|1659021721
|switch|p1a: Dragapult|Dragapult, F, shiny|100/100
|move|p2a: Slowbro|Future Sight|p1a: Dragapult
|-start|p2a: Slowbro|move: Future Sight
|
|upkeep
|turn|13
|
|t:|1659021727
|switch|p2a: Landorus|Landorus-Therian, M|100/100
|-ability|p2a: Landorus|Intimidate|boost
|-unboost|p1a: Dragapult|atk|1
|move|p1a: Dragapult|Shadow Ball|p2a: Landorus
|-damage|p2a: Landorus|63/100
|
|-heal|p2a: Landorus|69/100|[from] item: Leftovers
|upkeep
|turn|14
|
|t:|1659021737
|switch|p1a: Corviknight|Corviknight, M|77/100
|-ability|p1a: Corviknight|Pressure
|move|p2a: Landorus|U-turn|p1a: Corviknight
|-resisted|p1a: Corviknight
|-damage|p1a: Corviknight|73/100
|l| Venositile
|
|t:|1659021755
|switch|p2a: Heatran|Heatran, M|100/100|[from]move: U-turn
|
|-end|p1a: Corviknight|move: Future Sight
|-resisted|p1a: Corviknight
|-damage|p1a: Corviknight|53/100
|upkeep
|turn|15
|
|t:|1659021768
|switch|p2a: Clefable|Clefable, F|82/100
|switch|p1a: Hippowdon|Hippowdon, M|100/100
|-weather|Sandstorm|[from] ability: Sand Stream|[of] p1a: Hippowdon
|
|-weather|Sandstorm|[upkeep]
|-heal|p2a: Clefable|88/100|[from] item: Leftovers
|upkeep
|turn|16
|
|t:|1659021777
|switch|p1a: Corviknight|Corviknight, M|53/100
|-ability|p1a: Corviknight|Pressure
|move|p2a: Clefable|Stealth Rock|p1a: Corviknight
|-sidestart|p1: LT91BB Originality|move: Stealth Rock
|
|-weather|Sandstorm|[upkeep]
|-heal|p2a: Clefable|94/100|[from] item: Leftovers
|upkeep
|turn|17
|
|t:|1659021782
|switch|p2a: Heatran|Heatran, M|100/100
|move|p1a: Corviknight|Defog|p2a: Heatran
|-unboost|p2a: Heatran|evasion|1
|-sideend|p1: LT91BB Originality|Stealth Rock|[from] move: Defog|[of] p1a: Corviknight
|
|-weather|Sandstorm|[upkeep]
|upkeep
|turn|18
|
|t:|1659021790
|switch|p2a: Clefable|Clefable, F|94/100
|switch|p1a: Hippowdon|Hippowdon, M|100/100
|
|-weather|Sandstorm|[upkeep]
|-heal|p2a: Clefable|99/100|[from] item: Leftovers
|upkeep
|turn|19
|
|t:|1659021796
|switch|p1a: Corviknight|Corviknight, M|53/100
|-ability|p1a: Corviknight|Pressure
|move|p2a: Clefable|Stealth Rock|p1a: Corviknight
|-sidestart|p1: LT91BB Originality|move: Stealth Rock
|
|-weather|none
|-heal|p2a: Clefable|100/100|[from] item: Leftovers
|upkeep
|turn|20
|
|t:|1659021801
|switch|p2a: Heatran|Heatran, M|100/100
|move|p1a: Corviknight|Defog|p2a: Heatran
|-unboost|p2a: Heatran|evasion|1
|-sideend|p1: LT91BB Originality|Stealth Rock|[from] move: Defog|[of] p1a: Corviknight
|
|upkeep
|turn|21
|
|t:|1659021807
|switch|p1a: Toxapex|Toxapex, M, shiny|100/100
|move|p2a: Heatran|Eruption|p1a: Toxapex
|-resisted|p1a: Toxapex
|-damage|p1a: Toxapex|61/100
|
|upkeep
|turn|22
|
|t:|1659021814
|switch|p2a: Clefable|Clefable, F|100/100
|move|p1a: Toxapex|Scald|p2a: Clefable
|-damage|p2a: Clefable|87/100
|-status|p2a: Clefable|brn
|
|-heal|p2a: Clefable|93/100 brn|[from] item: Leftovers
|upkeep
|turn|23
|
|t:|1659021821
|switch|p1a: Corviknight|Corviknight, M|53/100
|-ability|p1a: Corviknight|Pressure
|move|p2a: Clefable|Knock Off|p1a: Corviknight
|-damage|p1a: Corviknight|50/100
|
|-heal|p2a: Clefable|99/100 brn|[from] item: Leftovers
|upkeep
|turn|24
|inactive|LT91BB Originality has 120 seconds left.
|
|t:|1659021861
|switch|p2a: Slowbro|Slowbro, M|100/100
|move|p1a: Corviknight|Roost|p1a: Corviknight
|-heal|p1a: Corviknight|99/100
|-singleturn|p1a: Corviknight|move: Roost
|
|upkeep
|turn|25
|
|t:|1659021871
|switch|p1a: Dragapult|Dragapult, F, shiny|100/100
|move|p2a: Slowbro|Future Sight|p1a: Dragapult
|-start|p2a: Slowbro|move: Future Sight
|
|upkeep
|turn|26
|inactive|LT91BB Originality has 120 seconds left.
|
|t:|1659021883
|move|p1a: Dragapult|Shadow Ball|p2a: Slowbro
|-supereffective|p2a: Slowbro
|-damage|p2a: Slowbro|21/100
|move|p2a: Slowbro|Teleport|p2a: Slowbro
|
|t:|1659021894
|switch|p2a: Heatran|Heatran, M|100/100|[from]move: Teleport
|
|upkeep
|turn|27
|inactive|LT91BB Originality has 120 seconds left.
|
|t:|1659021918
|move|p1a: Dragapult|Shadow Ball|p2a: Heatran
|-damage|p2a: Heatran|50/100
|move|p2a: Heatran|Eruption|p1a: Dragapult
|-resisted|p1a: Dragapult
|-damage|p1a: Dragapult|63/100
|
|-end|p1a: Dragapult|move: Future Sight
|-damage|p1a: Dragapult|3/100
|upkeep
|turn|28
|inactive|LT91BB Originality has 120 seconds left.
|
|t:|1659021932
|switch|p2a: Clefable|Clefable, F|99/100 brn
|move|p1a: Dragapult|Shadow Ball|p2a: Clefable
|-damage|p2a: Clefable|55/100 brn
|
|-heal|p2a: Clefable|61/100 brn|[from] item: Leftovers
|upkeep
|turn|29
|
|t:|1659021941
|move|p1a: Dragapult|Shadow Ball|p2a: Clefable
|-crit|p2a: Clefable
|-damage|p2a: Clefable|0 fnt
|faint|p2a: Clefable
|
|upkeep
|
|t:|1659021957
|switch|p2a: Landorus|Landorus-Therian, M|69/100
|-ability|p2a: Landorus|Intimidate|boost
|-unboost|p1a: Dragapult|atk|1
|turn|30
|
|t:|1659021962
|switch|p1a: Corviknight|Corviknight, M|99/100
|-ability|p1a: Corviknight|Pressure
|move|p2a: Landorus|U-turn|p1a: Corviknight
|-resisted|p1a: Corviknight
|-damage|p1a: Corviknight|96/100
|
|t:|1659021974
|switch|p2a: Dragapult|Dragapult, M|100/100|[from]move: U-turn
|
|upkeep
|turn|31
|inactive|LT91BB Originality has 120 seconds left.
|inactive|LT91BB Originality has 90 seconds left.
|
|t:|1659022044
|switch|p1a: Toxapex|Toxapex, M, shiny|95/100
|move|p2a: Dragapult|Shadow Ball|p1a: Toxapex
|-damage|p1a: Toxapex|50/100
|-unboost|p1a: Toxapex|spd|1
|
|upkeep
|turn|32
|
|t:|1659022055
|switch|p2a: Landorus|Landorus-Therian, M|69/100
|-ability|p2a: Landorus|Intimidate|boost
|-unboost|p1a: Toxapex|atk|1
|switch|p1a: Zarude|Zarude-Dada|100/100
|
|-heal|p2a: Landorus|75/100|[from] item: Leftovers
|upkeep
|turn|33
|inactive|LT91BB Originality has 90 seconds left.
|inactive|LT91BB Originality has 60 seconds left.
|
|t:|1659022105
|switch|p1a: Corviknight|Corviknight, M|96/100
|-ability|p1a: Corviknight|Pressure
|move|p2a: Landorus|U-turn|p1a: Corviknight
|-resisted|p1a: Corviknight
|-damage|p1a: Corviknight|93/100
|
|t:|1659022113
|switch|p2a: Slowbro|Slowbro, M|54/100|[from]move: U-turn
|
|upkeep
|turn|34
|
|t:|1659022117
|move|p1a: Corviknight|U-turn|p2a: Slowbro
|-supereffective|p2a: Slowbro
|-damage|p2a: Slowbro|30/100
|
|t:|1659022119
|switch|p1a: Toxapex|Toxapex, M, shiny|83/100|[from]move: U-turn
|move|p2a: Slowbro|Future Sight|p1a: Toxapex
|-start|p2a: Slowbro|move: Future Sight
|
|upkeep
|turn|35
|
|t:|1659022126
|switch|p1a: Tapu Lele|Tapu Lele|100/100
|-fieldstart|move: Psychic Terrain|[from] ability: Psychic Surge|[of] p1a: Tapu Lele
|move|p2a: Slowbro|Teleport|p2a: Slowbro
|
|t:|1659022133
|switch|p2a: Dragapult|Dragapult, M|100/100|[from]move: Teleport
|
|upkeep
|turn|36
|inactive|LT91BB Originality has 90 seconds left.
|
|t:|1659022138
|switch|p1a: Zarude|Zarude-Dada|100/100
|move|p2a: Dragapult|U-turn|p1a: Zarude
|-supereffective|p1a: Zarude
|-damage|p1a: Zarude|41/100
|
|t:|1659022144
|switch|p2a: Landorus|Landorus-Therian, M|75/100|[from]move: U-turn
|-ability|p2a: Landorus|Intimidate|boost
|-unboost|p1a: Zarude|atk|1
|
|-end|p1a: Zarude|move: Future Sight
|-immune|p1a: Zarude
|-heal|p1a: Zarude|47/100|[from] item: Leftovers
|-heal|p2a: Landorus|81/100|[from] item: Leftovers
|upkeep
|turn|37
|
|t:|1659022148
|switch|p1a: Hippowdon|Hippowdon, M|100/100
|-weather|Sandstorm|[from] ability: Sand Stream|[of] p1a: Hippowdon
|move|p2a: Landorus|U-turn|p1a: Hippowdon
|-damage|p1a: Hippowdon|86/100
|inactive|pokeda has 120 seconds left.
|
|t:|1659022188
|switch|p2a: Heatran|Heatran, M|50/100|[from]move: U-turn
|
|-weather|Sandstorm|[upkeep]
|-heal|p1a: Hippowdon|92/100|[from] item: Leftovers
|upkeep
|turn|38
|inactive|pokeda has 120 seconds left.
|
|t:|1659022194
|switch|p2a: Landorus|Landorus-Therian, M|81/100
|-ability|p2a: Landorus|Intimidate|boost
|-unboost|p1a: Hippowdon|atk|1
|move|p1a: Hippowdon|Stealth Rock|p2a: Landorus
|-sidestart|p2: pokeda|move: Stealth Rock
|
|-weather|Sandstorm|[upkeep]
|-heal|p2a: Landorus|87/100|[from] item: Leftovers
|-heal|p1a: Hippowdon|98/100|[from] item: Leftovers
|upkeep
|turn|39
|
|t:|1659022201
|move|p2a: Landorus|Toxic|p1a: Hippowdon
|-status|p1a: Hippowdon|tox
|move|p1a: Hippowdon|Toxic|p2a: Landorus|[miss]
|-miss|p1a: Hippowdon|p2a: Landorus
|
|-weather|Sandstorm|[upkeep]
|-heal|p2a: Landorus|93/100|[from] item: Leftovers
|-heal|p1a: Hippowdon|100/100 tox|[from] item: Leftovers
|-damage|p1a: Hippowdon|94/100 tox|[from] psn
|-fieldend|move: Psychic Terrain
|upkeep
|turn|40
|
|t:|1659022206
|move|p2a: Landorus|Defog|p1a: Hippowdon
|-unboost|p1a: Hippowdon|evasion|1
|-sideend|p2: pokeda|Stealth Rock|[from] move: Defog|[of] p2a: Landorus
|move|p1a: Hippowdon|Toxic|p2a: Landorus
|-status|p2a: Landorus|tox
|
|-weather|Sandstorm|[upkeep]
|-heal|p2a: Landorus|99/100 tox|[from] item: Leftovers
|-heal|p1a: Hippowdon|100/100 tox|[from] item: Leftovers
|-damage|p2a: Landorus|93/100 tox|[from] psn
|-damage|p1a: Hippowdon|88/100 tox|[from] psn
|upkeep
|turn|41
|
|t:|1659022215
|move|p2a: Landorus|Earthquake|p1a: Hippowdon
|-damage|p1a: Hippowdon|55/100 tox
|move|p1a: Hippowdon|Stealth Rock|p2a: Landorus
|-sidestart|p2: pokeda|move: Stealth Rock
|
|-weather|none
|-heal|p2a: Landorus|99/100 tox|[from] item: Leftovers
|-heal|p1a: Hippowdon|61/100 tox|[from] item: Leftovers
|-damage|p2a: Landorus|87/100 tox|[from] psn
|-damage|p1a: Hippowdon|43/100 tox|[from] psn
|upkeep
|turn|42
|
|t:|1659022218
|switch|p1a: Corviknight|Corviknight, M|93/100
|-ability|p1a: Corviknight|Pressure
|move|p2a: Landorus|Defog|p1a: Corviknight
|-unboost|p1a: Corviknight|evasion|1
|-sideend|p2: pokeda|Stealth Rock|[from] move: Defog|[of] p2a: Landorus
|
|-heal|p2a: Landorus|93/100 tox|[from] item: Leftovers
|-damage|p2a: Landorus|75/100 tox|[from] psn
|upkeep
|turn|43
|
|t:|1659022222
|move|p2a: Landorus|U-turn|p1a: Corviknight
|-resisted|p1a: Corviknight
|-crit|p1a: Corviknight
|-damage|p1a: Corviknight|87/100
|
|t:|1659022229
|switch|p2a: Dragapult|Dragapult, M|100/100|[from]move: U-turn
|move|p1a: Corviknight|U-turn|p2a: Dragapult
|-resisted|p2a: Dragapult
|-damage|p2a: Dragapult|90/100
|
|t:|1659022233
|switch|p1a: Toxapex|Toxapex, M, shiny|100/100|[from]move: U-turn
|
|upkeep
|turn|44
|
|t:|1659022237
|switch|p2a: Slowbro|Slowbro, M|63/100
|move|p1a: Toxapex|Knock Off|p2a: Slowbro
|-supereffective|p2a: Slowbro
|-crit|p2a: Slowbro
|-damage|p2a: Slowbro|38/100
|
|upkeep
|turn|45
|
|t:|1659022245
|switch|p1a: Tapu Lele|Tapu Lele|100/100
|-fieldstart|move: Psychic Terrain|[from] ability: Psychic Surge|[of] p1a: Tapu Lele
|move|p2a: Slowbro|Scald|p1a: Tapu Lele
|-damage|p1a: Tapu Lele|68/100
|
|upkeep
|turn|46
|
|t:|1659022251
|switch|p2a: Heatran|Heatran, M|50/100
|move|p1a: Tapu Lele|Moonblast|p2a: Heatran
|-resisted|p2a: Heatran
|-damage|p2a: Heatran|30/100
|
|upkeep
|turn|47
|
|t:|1659022264
|switch|p1a: Toxapex|Toxapex, M, shiny|100/100
|move|p2a: Heatran|Magma Storm|p1a: Toxapex
|-resisted|p1a: Toxapex
|-damage|p1a: Toxapex|75/100
|-activate|p1a: Toxapex|move: Magma Storm|[of] p2a: Heatran
|
|-damage|p1a: Toxapex|62/100|[from] move: Magma Storm|[partiallytrapped]
|upkeep
|turn|48
|
|t:|1659022274
|move|p2a: Heatran|Earth Power|p1a: Toxapex
|-supereffective|p1a: Toxapex
|-crit|p1a: Toxapex
|-damage|p1a: Toxapex|0 fnt
|faint|p1a: Toxapex
|
|upkeep
|
|t:|1659022281
|switch|p1a: Dragapult|Dragapult, F, shiny|3/100
|turn|49
|inactive|pokeda has 120 seconds left.
|
|t:|1659022316
|move|p1a: Dragapult|Shadow Ball|p2a: Heatran
|-damage|p2a: Heatran|0 fnt
|faint|p2a: Heatran
|
|-fieldend|move: Psychic Terrain
|upkeep
|
|t:|1659022335
|switch|p2a: Buzzwole|Buzzwole|100/100
|turn|50
|
|t:|1659022344
|switch|p1a: Corviknight|Corviknight, M|87/100
|-ability|p1a: Corviknight|Pressure
|move|p2a: Buzzwole|Ice Punch|p1a: Corviknight
|-damage|p1a: Corviknight|67/100
|
|upkeep
|turn|51
|
|t:|1659022353
|switch|p2a: Slowbro|Slowbro, M|72/100
|switch|p1a: Tapu Lele|Tapu Lele|68/100
|-fieldstart|move: Psychic Terrain|[from] ability: Psychic Surge|[of] p1a: Tapu Lele
|
|upkeep
|turn|52
|j| luisYR_a
|inactive|pokeda has 120 seconds left.
|
|t:|1659022361
|move|p1a: Tapu Lele|Thunderbolt|p2a: Slowbro
|-supereffective|p2a: Slowbro
|-damage|p2a: Slowbro|0 fnt
|faint|p2a: Slowbro
|
|upkeep
|l| luisYR_a
|inactive|pokeda has 120 seconds left.
|
|t:|1659022369
|switch|p2a: Dragapult|Dragapult, M|90/100
|turn|53
|
|t:|1659022385
|switch|p1a: Hippowdon|Hippowdon, M|43/100 tox
|-weather|Sandstorm|[from] ability: Sand Stream|[of] p1a: Hippowdon
|move|p2a: Dragapult|Shadow Ball|p1a: Hippowdon
|-damage|p1a: Hippowdon|2/100 tox
|
|-weather|Sandstorm|[upkeep]
|-damage|p2a: Dragapult|84/100|[from] Sandstorm
|-heal|p1a: Hippowdon|8/100 tox|[from] item: Leftovers
|-damage|p1a: Hippowdon|2/100 tox|[from] psn
|upkeep
|turn|54
|
|t:|1659022394
|move|p2a: Dragapult|Shadow Ball|p1a: Hippowdon
|-damage|p1a: Hippowdon|0 fnt
|faint|p1a: Hippowdon
|
|-weather|Sandstorm|[upkeep]
|-damage|p2a: Dragapult|78/100|[from] Sandstorm
|upkeep
|
|t:|1659022397
|switch|p1a: Zarude|Zarude-Dada|47/100
|turn|55
|
|t:|1659022405
|switch|p2a: Landorus|Landorus-Therian, M|75/100 tox
|-ability|p2a: Landorus|Intimidate|boost
|-unboost|p1a: Zarude|atk|1
|move|p1a: Zarude|Jungle Healing|p1a: Zarude
|-heal|p1a: Zarude|72/100
|
|-weather|Sandstorm|[upkeep]
|-damage|p1a: Zarude|66/100|[from] Sandstorm
|-heal|p1a: Zarude|72/100|[from] item: Leftovers
|-heal|p2a: Landorus|81/100 tox|[from] item: Leftovers
|-damage|p2a: Landorus|75/100 tox|[from] psn
|-fieldend|move: Psychic Terrain
|upkeep
|turn|56
|
|t:|1659022411
|switch|p1a: Corviknight|Corviknight, M|67/100
|-ability|p1a: Corviknight|Pressure
|move|p2a: Landorus|U-turn|p1a: Corviknight
|-resisted|p1a: Corviknight
|-damage|p1a: Corviknight|64/100
|
|t:|1659022415
|switch|p2a: Dragapult|Dragapult, M|78/100|[from]move: U-turn
|
|-weather|Sandstorm|[upkeep]
|-damage|p2a: Dragapult|72/100|[from] Sandstorm
|upkeep
|turn|57
|
|t:|1659022422
|move|p2a: Dragapult|Shadow Ball|p1a: Corviknight
|-damage|p1a: Corviknight|10/100
|move|p1a: Corviknight|U-turn|p2a: Dragapult
|-resisted|p2a: Dragapult
|-damage|p2a: Dragapult|61/100
|
|t:|1659022426
|switch|p1a: Zarude|Zarude-Dada|72/100|[from]move: U-turn
|
|-weather|none
|-heal|p1a: Zarude|78/100|[from] item: Leftovers
|upkeep
|turn|58
|
|t:|1659022437
|move|p2a: Dragapult|Shadow Ball|p1a: Zarude
|-resisted|p1a: Zarude
|-damage|p1a: Zarude|48/100
|move|p1a: Zarude|Darkest Lariat|p2a: Dragapult
|-supereffective|p2a: Dragapult
|-damage|p2a: Dragapult|0 fnt
|faint|p2a: Dragapult
|
|-heal|p1a: Zarude|54/100|[from] item: Leftovers
|upkeep
|-message|pokeda forfeited.
|
|win|LT91BB Originality
|raw|LT91BB Originality's rating: 1709 &rarr; <strong>1730</strong><br />(+21 for winning)
|raw|pokeda's rating: 1725 &rarr; <strong>1704</strong><br />(-21 for losing)
|l|☆pokeda
