|html|<div class="broadcast-blue"><strong>[Gen 8] OU is currently suspecting Melmetal! For information on how to participate check out the <a href="https://www.smogon.com/forums/threads/np-ss-ou-suspect-process-round-12-monster-mash.3709234/">suspect thread</a>.</strong></div>
|j|☆minimax_ai
|j|☆gotsnsd
|t:|1666286509
|gametype|singles
|player|p1|minimax_ai|lusamine-nihilego|1513
|player|p2|gotsnsd|beauty-gen2jp|1537
|teamsize|p1|6
|teamsize|p2|6
|gen|8
|tier|[Gen 8] OU
|rated|
|rule|Sleep Clause Mod: Limit one foe put to sleep
|rule|Species Clause: Limit one of each Pokémon
|rule|OHKO Clause: OHKO moves are banned
|rule|Evasion Items Clause: Evasion items are banned
|rule|Evasion Moves Clause: Evasion moves are banned
|rule|Endless Battle Clause: Forcing endless battles is banned
|rule|HP Percentage Mod: HP is shown in percentages
|rule|Dynamax Clause: You cannot dynamax
|clearpoke
|poke|p1|Rotom-Wash|
|poke|p1|Weavile, M|
|poke|p1|Landorus-Therian, M|
|poke|p1|Heatran, M|
|poke|p1|Tangrowth, M|
|poke|p1|Melmetal|
|poke|p2|Dragapult, F|
|poke|p2|Magnezone|
|poke|p2|Landorus-Therian, M|
|poke|p2|Kartana|
|poke|p2|Slowbro, F|
|poke|p2|Clefable, F|
|teampreview
|c|☆minimax_ai|hf
|inactive|Battle timer is ON: inactive players will automatically lose when time's up. (requested by minimax_ai)
|
|t:|1666286518
|start
|switch|p1a: landorustherian|Landorus-Therian, M|100/100
|switch|p2a: Clefable|Clefable, F|100/100
|-ability|p1a: landorustherian|Intimidate|boost
|-unboost|p2a: Clefable|atk|1
|turn|1
|
|t:|1666286522
|move|p1a: landorustherian|Toxic|p2a: Clefable
|-status|p2a: Clefable|tox
|move|p2a: Clefable|Stealth Rock|p1a: landorustherian
|-sidestart|p1: minimax_ai|move: Stealth Rock
|
|upkeep
|turn|2
|
|t:|1666286526
|move|p1a: landorustherian|Defog|p2a: Clefable
|-unboost|p2a: Clefable|evasion|1
|-sideend|p1: minimax_ai|Stealth Rock|[from] move: Defog|[of] p1a: landorustherian
|move|p2a: Clefable|Thunder Wave|p1a: landorustherian
|-immune|p1a: landorustherian
|
|upkeep
|turn|3
|
|t:|1666286529
|switch|p1a: Heatran|Heatran, M|100/100
|-item|p1a: Heatran|Air Balloon
|move|p2a: Clefable|Stealth Rock|p1a: Heatran
|-sidestart|p1: minimax_ai|move: Stealth Rock
|
|upkeep
|turn|4
|
|t:|1666286536
|switch|p2a: Dragapult|Dragapult, F|100/100
|move|p1a: Heatran|Stealth Rock|p2a: Dragapult
|-sidestart|p2: gotsnsd|move: Stealth Rock
|
|upkeep
|turn|5
|
|t:|1666286542
|switch|p1a: Melmetal|Melmetal|100/100
|-damage|p1a: Melmetal|94/100|[from] Stealth Rock
|move|p2a: Dragapult|U-turn|p1a: Melmetal
|-resisted|p1a: Melmetal
|-damage|p1a: Melmetal|85/100
|
|t:|1666286549
|switch|p2a: Magnezone|Magnezone|100/100|[from]move: U-turn
|-damage|p2a: Magnezone|94/100|[from] Stealth Rock
|
|upkeep
|turn|6
|
|t:|1666286552
|move|p2a: Magnezone|Iron Defense|p2a: Magnezone
|-boost|p2a: Magnezone|def|2
|move|p1a: Melmetal|Ice Punch|p2a: Magnezone
|-resisted|p2a: Magnezone
|-damage|p2a: Magnezone|87/100
|-status|p2a: Magnezone|frz
|
|upkeep
|turn|7
|
|t:|1666286555
|cant|p2a: Magnezone|frz
|move|p1a: Melmetal|Earthquake|p2a: Magnezone
|-supereffective|p2a: Magnezone
|-damage|p2a: Magnezone|18/100 frz
|
|upkeep
|turn|8
|
|t:|1666286557
|cant|p2a: Magnezone|frz
|move|p1a: Melmetal|Earthquake|p2a: Magnezone
|-supereffective|p2a: Magnezone
|-damage|p2a: Magnezone|0 fnt
|faint|p2a: Magnezone
|
|upkeep
|
|t:|1666286567
|switch|p2a: Slowbro|Slowbro, F|100/100
|-damage|p2a: Slowbro|88/100|[from] Stealth Rock
|turn|9
|j| dpalacinr01
|
|t:|1666286571
|move|p1a: Melmetal|Thunder Punch|p2a: Slowbro
|-supereffective|p2a: Slowbro
|-damage|p2a: Slowbro|46/100
|move|p2a: Slowbro|Future Sight|p1a: Melmetal
|-start|p2a: Slowbro|move: Future Sight
|
|upkeep
|turn|10
|
|t:|1666286579
|switch|p2a: Kartana|Kartana|100/100
|-damage|p2a: Kartana|94/100|[from] Stealth Rock
|move|p1a: Melmetal|Thunder Punch|p2a: Kartana
|-resisted|p2a: Kartana
|-damage|p2a: Kartana|77/100
|-status|p2a: Kartana|par
|
|upkeep
|turn|11
|
|t:|1666286601
|switch|p1a: Tangrowth|Tangrowth, M|100/100
|-damage|p1a: Tangrowth|88/100|[from] Stealth Rock
|move|p2a: Kartana|Sacred Sword|p1a: Tangrowth
|-damage|p1a: Tangrowth|67/100
|-damage|p2a: Kartana|60/100 par|[from] item: Rocky Helmet|[of] p1a: Tangrowth
|
|-end|p1a: Tangrowth|move: Future Sight
|-damage|p1a: Tangrowth|11/100
|upkeep
|turn|12
|
|t:|1666286604
|switch|p1a: landorustherian|Landorus-Therian, M|100/100
|-damage|p1a: landorustherian|88/100|[from] Stealth Rock
|-ability|p1a: landorustherian|Intimidate|boost
|-unboost|p2a: Kartana|atk|1
|cant|p2a: Kartana|par
|
|-heal|p1a: landorustherian|94/100|[from] item: Leftovers
|upkeep
|turn|13
|
|t:|1666286611
|move|p2a: Kartana|Sacred Sword|p1a: landorustherian
|-resisted|p1a: landorustherian
|-damage|p1a: landorustherian|80/100
|move|p1a: landorustherian|Toxic||[still]
|-fail|p1a: landorustherian
|
|-heal|p1a: landorustherian|86/100|[from] item: Leftovers
|upkeep
|turn|14
|
|t:|1666286614
|switch|p2a: Clefable|Clefable, F|100/100 tox
|move|p1a: landorustherian|Toxic|p2a: Clefable
|-fail|p2a: Clefable|tox
|
|-heal|p1a: landorustherian|92/100|[from] item: Leftovers
|upkeep
|turn|15
|
|t:|1666286618
|move|p1a: landorustherian|U-turn|p2a: Clefable
|-resisted|p2a: Clefable
|-damage|p2a: Clefable|88/100 tox
|
|t:|1666286619
|switch|p1a: Melmetal|Melmetal|85/100|[from]move: U-turn
|-damage|p1a: Melmetal|79/100|[from] Stealth Rock
|move|p2a: Clefable|Thunder Wave|p1a: Melmetal
|-status|p1a: Melmetal|par
|
|-heal|p2a: Clefable|95/100 tox|[from] item: Leftovers
|upkeep
|turn|16
|
|t:|1666286622
|switch|p2a: Kartana|Kartana|60/100 par
|-damage|p2a: Kartana|54/100 par|[from] Stealth Rock
|cant|p1a: Melmetal|par
|
|upkeep
|turn|17
|
|t:|1666286625
|switch|p1a: Tangrowth|Tangrowth, M|44/100
|-damage|p1a: Tangrowth|31/100|[from] Stealth Rock
|move|p2a: Kartana|Knock Off|p1a: Tangrowth
|-damage|p1a: Tangrowth|7/100
|-damage|p2a: Kartana|37/100 par|[from] item: Rocky Helmet|[of] p1a: Tangrowth
|-enditem|p1a: Tangrowth|Rocky Helmet|[from] move: Knock Off|[of] p2a: Kartana
|
|upkeep
|turn|18
|
|t:|1666286628
|switch|p1a: Heatran|Heatran, M|100/100
|-damage|p1a: Heatran|88/100|[from] Stealth Rock
|-item|p1a: Heatran|Air Balloon
|move|p2a: Kartana|Knock Off|p1a: Heatran
|-damage|p1a: Heatran|44/100
|-enditem|p1a: Heatran|Air Balloon
|
|upkeep
|turn|19
|
|t:|1666286633
|switch|p2a: Landorus|Landorus-Therian, M|100/100
|-damage|p2a: Landorus|88/100|[from] Stealth Rock
|-ability|p2a: Landorus|Intimidate|boost
|-unboost|p1a: Heatran|atk|1
|move|p1a: Heatran|Magma Storm|p2a: Landorus
|-damage|p2a: Landorus|43/100
|-activate|p2a: Landorus|move: Magma Storm|[of] p1a: Heatran
|
|-heal|p2a: Landorus|49/100|[from] item: Leftovers
|-damage|p2a: Landorus|36/100|[from] move: Magma Storm|[partiallytrapped]
|upkeep
|turn|20
|
|t:|1666286637
|switch|p1a: landorustherian|Landorus-Therian, M|92/100
|-damage|p1a: landorustherian|80/100|[from] Stealth Rock
|-ability|p1a: landorustherian|Intimidate|boost
|-unboost|p2a: Landorus|atk|1
|move|p2a: Landorus|Earthquake|p1a: landorustherian
|-immune|p1a: landorustherian
|
|-heal|p2a: Landorus|43/100|[from] item: Leftovers
|-heal|p1a: landorustherian|86/100|[from] item: Leftovers
|-end|p2a: Landorus|Magma Storm|[partiallytrapped]|[silent]
|upkeep
|turn|21
|
|t:|1666286640
|move|p2a: Landorus|Toxic|p1a: landorustherian
|-status|p1a: landorustherian|tox
|move|p1a: landorustherian|Toxic|p2a: Landorus
|-status|p2a: Landorus|tox
|
|-heal|p2a: Landorus|49/100 tox|[from] item: Leftovers
|-heal|p1a: landorustherian|92/100 tox|[from] item: Leftovers
|-damage|p2a: Landorus|43/100 tox|[from] psn
|-damage|p1a: landorustherian|86/100 tox|[from] psn
|upkeep
|turn|22
|
|t:|1666286643
|move|p2a: Landorus|U-turn|p1a: landorustherian
|-resisted|p1a: landorustherian
|-damage|p1a: landorustherian|79/100 tox
|
|t:|1666286647
|switch|p2a: Kartana|Kartana|37/100 par|[from]move: U-turn
|-damage|p2a: Kartana|31/100 par|[from] Stealth Rock
|move|p1a: landorustherian|Earthquake|p2a: Kartana
|-damage|p2a: Kartana|0 fnt
|faint|p2a: Kartana
|
|-heal|p1a: landorustherian|85/100 tox|[from] item: Leftovers
|-damage|p1a: landorustherian|73/100 tox|[from] psn
|upkeep
|
|t:|1666286653
|switch|p2a: Dragapult|Dragapult, F|100/100
|-damage|p2a: Dragapult|88/100|[from] Stealth Rock
|turn|23
|
|t:|1666286655
|move|p2a: Dragapult|Dragon Darts|p1a: landorustherian
|-damage|p1a: landorustherian|35/100 tox
|-anim|p2a: Dragapult|Dragon Darts|p1a: landorustherian
|-crit|p1a: landorustherian
|-damage|p1a: landorustherian|0 fnt
|faint|p1a: landorustherian
|
|upkeep
|
|t:|1666286655
|switch|p1a: Melmetal|Melmetal|79/100 par
|-damage|p1a: Melmetal|73/100 par|[from] Stealth Rock
|turn|24
|
|t:|1666286662
|switch|p2a: Landorus|Landorus-Therian, M|43/100 tox
|-damage|p2a: Landorus|30/100 tox|[from] Stealth Rock
|-ability|p2a: Landorus|Intimidate|boost
|-unboost|p1a: Melmetal|atk|1
|move|p1a: Melmetal|Thunder Punch|p2a: Landorus
|-immune|p2a: Landorus
|
|-heal|p2a: Landorus|36/100 tox|[from] item: Leftovers
|-damage|p2a: Landorus|30/100 tox|[from] psn
|upkeep
|turn|25
|
|t:|1666286666
|move|p2a: Landorus|U-turn|p1a: Melmetal
|-resisted|p1a: Melmetal
|-damage|p1a: Melmetal|67/100 par
|
|t:|1666286669
|switch|p2a: Slowbro|Slowbro, F|79/100|[from]move: U-turn
|-damage|p2a: Slowbro|67/100|[from] Stealth Rock
|move|p1a: Melmetal|Ice Punch|p2a: Slowbro
|-resisted|p2a: Slowbro
|-damage|p2a: Slowbro|59/100
|
|upkeep
|turn|26
|
|t:|1666286675
|switch|p1a: Tangrowth|Tangrowth, M|40/100
|-damage|p1a: Tangrowth|28/100|[from] Stealth Rock
|move|p2a: Slowbro|Body Press|p1a: Tangrowth
|-damage|p1a: Tangrowth|14/100
|
|upkeep
|turn|27
|
|t:|1666286680
|switch|p2a: Clefable|Clefable, F|95/100 tox
|move|p1a: Tangrowth|Giga Drain|p2a: Clefable
|-damage|p2a: Clefable|75/100 tox
|-heal|p1a: Tangrowth|24/100|[from] drain|[of] p2a: Clefable
|
|-heal|p2a: Clefable|82/100 tox|[from] item: Leftovers
|upkeep
|turn|28
|
|t:|1666286683
|switch|p1a: Melmetal|Melmetal|67/100 par
|-damage|p1a: Melmetal|61/100 par|[from] Stealth Rock
|move|p2a: Clefable|Moonblast|p1a: Melmetal
|-resisted|p1a: Melmetal
|-damage|p1a: Melmetal|53/100 par
|
|-heal|p2a: Clefable|88/100 tox|[from] item: Leftovers
|upkeep
|turn|29
|
|t:|1666286686
|switch|p2a: Slowbro|Slowbro, F|93/100
|-damage|p2a: Slowbro|80/100|[from] Stealth Rock
|cant|p1a: Melmetal|par
|
|upkeep
|turn|30
|
|t:|1666286689
|switch|p1a: Tangrowth|Tangrowth, M|57/100
|-damage|p1a: Tangrowth|44/100|[from] Stealth Rock
|move|p2a: Slowbro|Future Sight|p1a: Tangrowth
|-start|p2a: Slowbro|move: Future Sight
|
|upkeep
|turn|31
|
|t:|1666286692
|move|p1a: Tangrowth|Giga Drain|p2a: Slowbro
|-supereffective|p2a: Slowbro
|-damage|p2a: Slowbro|27/100
|-heal|p1a: Tangrowth|70/100|[from] drain|[of] p2a: Slowbro
|move|p2a: Slowbro|Teleport|p2a: Slowbro
|
|t:|1666286696
|switch|p2a: Dragapult|Dragapult, F|88/100|[from]move: Teleport
|-damage|p2a: Dragapult|76/100|[from] Stealth Rock
|
|upkeep
|turn|32
|
|t:|1666286699
|switch|p1a: Melmetal|Melmetal|53/100 par
|-damage|p1a: Melmetal|47/100 par|[from] Stealth Rock
|move|p2a: Dragapult|U-turn|p1a: Melmetal
|-resisted|p1a: Melmetal
|-damage|p1a: Melmetal|36/100 par
|
|t:|1666286704
|switch|p2a: Slowbro|Slowbro, F|60/100|[from]move: U-turn
|-damage|p2a: Slowbro|48/100|[from] Stealth Rock
|
|-end|p1a: Melmetal|move: Future Sight
|-resisted|p1a: Melmetal
|-damage|p1a: Melmetal|24/100 par
|upkeep
|turn|33
|
|t:|1666286706
|switch|p1a: Tangrowth|Tangrowth, M|100/100
|-damage|p1a: Tangrowth|88/100|[from] Stealth Rock
|move|p2a: Slowbro|Slack Off|p2a: Slowbro
|-heal|p2a: Slowbro|98/100
|
|upkeep
|turn|34
|
|t:|1666286708
|move|p1a: Tangrowth|Giga Drain|p2a: Slowbro
|-supereffective|p2a: Slowbro
|-damage|p2a: Slowbro|44/100
|-heal|p1a: Tangrowth|100/100|[from] drain|[of] p2a: Slowbro
|move|p2a: Slowbro|Future Sight|p1a: Tangrowth
|-start|p2a: Slowbro|move: Future Sight
|
|upkeep
|turn|35
|
|t:|1666286711
|switch|p2a: Clefable|Clefable, F|88/100 tox
|move|p1a: Tangrowth|Giga Drain|p2a: Clefable
|-damage|p2a: Clefable|69/100 tox
|
|-heal|p2a: Clefable|75/100 tox|[from] item: Leftovers
|upkeep
|turn|36
|
|t:|1666286713
|move|p2a: Clefable|Moonblast|p1a: Tangrowth
|-damage|p1a: Tangrowth|55/100
|move|p1a: Tangrowth|Knock Off|p2a: Clefable
|-resisted|p2a: Clefable
|-damage|p2a: Clefable|62/100 tox
|-enditem|p2a: Clefable|Leftovers|[from] move: Knock Off|[of] p1a: Tangrowth
|
|-end|p1a: Tangrowth|move: Future Sight
|-damage|p1a: Tangrowth|0 fnt
|faint|p1a: Tangrowth
|upkeep
|
|t:|1666286714
|switch|p1a: Melmetal|Melmetal|24/100 par
|-damage|p1a: Melmetal|18/100 par|[from] Stealth Rock
|turn|37
|
|t:|1666286719
|move|p2a: Clefable|Moonblast|p1a: Melmetal
|-resisted|p1a: Melmetal
|-damage|p1a: Melmetal|9/100 par
|cant|p1a: Melmetal|par
|
|upkeep
|turn|38
|
|t:|1666286722
|move|p2a: Clefable|Moonblast|p1a: Melmetal
|-resisted|p1a: Melmetal
|-damage|p1a: Melmetal|1/100 par
|move|p1a: Melmetal|Thunder Punch|p2a: Clefable
|-damage|p2a: Clefable|26/100 tox
|
|upkeep
|turn|39
|
|t:|1666286728
|move|p2a: Clefable|Moonblast|p1a: Melmetal
|-resisted|p1a: Melmetal
|-damage|p1a: Melmetal|0 fnt
|faint|p1a: Melmetal
|
|upkeep
|
|t:|1666286728
|switch|p1a: Weavile|Weavile, M|100/100
|-damage|p1a: Weavile|76/100|[from] Stealth Rock
|-ability|p1a: Weavile|Pressure
|turn|40
|
|t:|1666286734
|move|p1a: Weavile|Knock Off|p2a: Clefable
|-resisted|p2a: Clefable
|-damage|p2a: Clefable|2/100 tox
|move|p2a: Clefable|Moonblast|p1a: Weavile
|-supereffective|p1a: Weavile
|-damage|p1a: Weavile|0 fnt
|faint|p1a: Weavile
|
|upkeep
|
|t:|1666286734
|switch|p1a: Heatran|Heatran, M|44/100
|-damage|p1a: Heatran|31/100|[from] Stealth Rock
|turn|41
|
|t:|1666286739
|move|p1a: Heatran|Magma Storm|p2a: Clefable|[miss]
|-miss|p1a: Heatran|p2a: Clefable
|move|p2a: Clefable|Moonblast|p1a: Heatran
|-resisted|p1a: Heatran
|-damage|p1a: Heatran|23/100
|-unboost|p1a: Heatran|spa|1
|
|upkeep
|turn|42
|
|t:|1666286744
|move|p1a: Heatran|Magma Storm|p2a: Clefable
|-damage|p2a: Clefable|0 fnt
|faint|p2a: Clefable
|
|upkeep
|
|t:|1666286748
|switch|p2a: Slowbro|Slowbro, F|77/100
|-damage|p2a: Slowbro|65/100|[from] Stealth Rock
|turn|43
|
|t:|1666286750
|switch|p1a: rotomwash|Rotom-Wash|100/100
|-damage|p1a: rotomwash|88/100|[from] Stealth Rock
|move|p2a: Slowbro|Body Press|p1a: rotomwash
|-damage|p1a: rotomwash|57/100
|
|-heal|p1a: rotomwash|63/100|[from] item: Leftovers
|upkeep
|turn|44
|
|t:|1666286753
|switch|p2a: Landorus|Landorus-Therian, M|30/100 tox
|-damage|p2a: Landorus|18/100 tox|[from] Stealth Rock
|-ability|p2a: Landorus|Intimidate|boost
|-unboost|p1a: rotomwash|atk|1
|move|p1a: rotomwash|Thunderbolt|p2a: Landorus
|-immune|p2a: Landorus
|
|-heal|p1a: rotomwash|69/100|[from] item: Leftovers
|-heal|p2a: Landorus|24/100 tox|[from] item: Leftovers
|-damage|p2a: Landorus|18/100 tox|[from] psn
|upkeep
|turn|45
|
|t:|1666286756
|move|p1a: rotomwash|Hydro Pump|p2a: Landorus|[miss]
|-miss|p1a: rotomwash|p2a: Landorus
|move|p2a: Landorus|U-turn|p1a: rotomwash
|-damage|p1a: rotomwash|45/100
|
|t:|1666286758
|switch|p2a: Dragapult|Dragapult, F|76/100|[from]move: U-turn
|-damage|p2a: Dragapult|64/100|[from] Stealth Rock
|
|-heal|p1a: rotomwash|51/100|[from] item: Leftovers
|upkeep
|turn|46
|
|t:|1666286760
|switch|p1a: Heatran|Heatran, M|23/100
|-damage|p1a: Heatran|11/100|[from] Stealth Rock
|move|p2a: Dragapult|Dragon Darts|p1a: Heatran
|-resisted|p1a: Heatran
|-damage|p1a: Heatran|0 fnt
|faint|p1a: Heatran
|
|upkeep
|
|t:|1666286760
|switch|p1a: rotomwash|Rotom-Wash|51/100
|-damage|p1a: rotomwash|39/100|[from] Stealth Rock
|turn|47
|l| dpalacinr01
|
|t:|1666286762
|move|p2a: Dragapult|Dragon Darts|p1a: rotomwash
|-damage|p1a: rotomwash|2/100
|-anim|p2a: Dragapult|Dragon Darts|p1a: rotomwash
|-damage|p1a: rotomwash|0 fnt
|faint|p1a: rotomwash
|
|win|gotsnsd
|raw|minimax_ai's rating: 1513 &rarr; <strong>1494</strong><br />(-19 for losing)
|raw|gotsnsd's rating: 1537 &rarr; <strong>1556</strong><br />(+19 for winning)
|c|☆minimax_ai|gg
