|j|☆roboPOKE
|j|☆drip severe
|t:|1610359700
|player|p1|roboPOKE|169|1733
|player|p2|drip severe|phoebe-gen3|1729
|teamsize|p1|6
|teamsize|p2|6
|gametype|singles
|gen|8
|tier|[Gen 8] OU
|rated|
|clearpoke
|poke|p1|Rillaboom, F|
|poke|p1|Crawdaunt, M|
|poke|p1|Cinderace, F|
|poke|p1|Clefable, F|
|poke|p1|Mew|
|poke|p1|Slowking-Galar, M|
|poke|p2|Corviknight, M|
|poke|p2|Toxapex, F|
|poke|p2|Mandibuzz, F|
|poke|p2|Clefable, F|
|poke|p2|Blissey, F|
|poke|p2|Quagsire, F|
|rule|Sleep Clause Mod: Limit one foe put to sleep
|rule|Species Clause: Limit one of each Pokémon
|rule|OHKO Clause: OHKO moves are banned
|rule|Evasion Moves Clause: Evasion moves are banned
|rule|Endless Battle Clause: Forcing endless battles is banned
|rule|HP Percentage Mod: HP is shown in percentages
|rule|Dynamax Clause: You cannot dynamax
|teampreview
|c|☆drip severe|glhf
|c|☆roboPOKE|u2
|inactive|Battle timer is ON: inactive players will automatically lose when time's up. (requested by drip severe)
|
|t:|1610359739
|start
|switch|p1a: Mew|Mew|100/100
|switch|p2a: mia khalifa|Mandibuzz, F, shiny|100/100
|turn|1
|
|t:|1610359751
|move|p1a: Mew|Stealth Rock|p2a: mia khalifa
|-sidestart|p2: drip severe|move: Stealth Rock
|move|p2a: mia khalifa|Knock Off|p1a: Mew
|-supereffective|p1a: Mew
|-damage|p1a: Mew|57/100
|-enditem|p1a: Mew|Red Card|[from] move: Knock Off|[of] p2a: mia khalifa
|
|upkeep
|turn|2
|
|t:|1610359756
|move|p1a: Mew|Taunt|p2a: mia khalifa
|-start|p2a: mia khalifa|move: Taunt
|move|p2a: mia khalifa|Foul Play|p1a: Mew
|-supereffective|p1a: Mew
|-damage|p1a: Mew|13/100
|
|upkeep
|turn|3
|
|t:|1610359760
|switch|p1a: Clefable|Clefable, F|100/100
|move|p2a: mia khalifa|U-turn|p1a: Clefable
|-resisted|p1a: Clefable
|-damage|p1a: Clefable|93/100
|
|t:|1610359762
|switch|p2a: johnny sins|Corviknight, M, shiny|100/100|[from]move: U-turn
|-damage|p2a: johnny sins|88/100|[from] Stealth Rock
|-ability|p2a: johnny sins|Pressure
|
|-heal|p2a: johnny sins|94/100|[from] item: Leftovers
|upkeep
|turn|4
|
|t:|1610359765
|move|p1a: Clefable|Flamethrower|p2a: johnny sins
|-supereffective|p2a: johnny sins
|-damage|p2a: johnny sins|25/100
|move|p2a: johnny sins|Defog|p1a: Clefable
|-unboost|p1a: Clefable|evasion|1
|-sideend|p2: drip severe|Stealth Rock|[from] move: Defog|[of] p2a: johnny sins
|
|-heal|p2a: johnny sins|31/100|[from] item: Leftovers
|upkeep
|turn|5
|
|t:|1610359772
|switch|p2a: scarlett jo|Clefable, F|100/100
|move|p1a: Clefable|Calm Mind|p1a: Clefable
|-boost|p1a: Clefable|spa|1
|-boost|p1a: Clefable|spd|1
|
|upkeep
|turn|6
|
|t:|1610359777
|move|p1a: Clefable|Moonblast|p2a: scarlett jo
|-damage|p2a: scarlett jo|23/100
|-unboost|p2a: scarlett jo|spa|1
|move|p2a: scarlett jo|Trick|p1a: Clefable
|-activate|p2a: scarlett jo|move: Trick|[of] p1a: Clefable
|-item|p1a: Clefable|Sticky Barb|[from] move: Trick
|-item|p2a: scarlett jo|Life Orb|[from] move: Trick
|
|upkeep
|turn|7
|
|t:|1610359787
|switch|p2a: your mom|Toxapex, F, shiny|100/100
|move|p1a: Clefable|Moonblast|p2a: your mom
|-resisted|p2a: your mom
|-damage|p2a: your mom|78/100
|-unboost|p2a: your mom|spa|1
|
|-heal|p2a: your mom|84/100|[from] item: Black Sludge
|upkeep
|turn|8
|
|t:|1610359790
|move|p1a: Clefable|Thunderbolt|p2a: your mom
|-supereffective|p2a: your mom
|-damage|p2a: your mom|32/100
|move|p2a: your mom|Haze|p2a: your mom
|-clearallboost
|
|-heal|p2a: your mom|38/100|[from] item: Black Sludge
|upkeep
|turn|9
|
|t:|1610359794
|switch|p1a: Mew|Mew|13/100
|move|p2a: your mom|Recover|p2a: your mom
|-heal|p2a: your mom|88/100
|
|-heal|p2a: your mom|94/100|[from] item: Black Sludge
|upkeep
|turn|10
|
|t:|1610359797
|move|p1a: Mew|Stealth Rock|p2a: your mom
|-sidestart|p2: drip severe|move: Stealth Rock
|move|p2a: your mom|Scald|p1a: Mew
|-damage|p1a: Mew|0 fnt
|faint|p1a: Mew
|
|-heal|p2a: your mom|99/100|[from] item: Black Sludge
|upkeep
|
|t:|1610359801
|switch|p1a: Slowking|Slowking-Galar, M|100/100
|turn|11
|
|t:|1610359804
|switch|p2a: scarlett jo|Clefable, F|23/100
|move|p1a: Slowking|Flamethrower|p2a: scarlett jo
|-damage|p2a: scarlett jo|3/100
|
|upkeep
|turn|12
|
|t:|1610359810
|move|p2a: scarlett jo|Stealth Rock|p1a: Slowking
|-sidestart|p1: roboPOKE|move: Stealth Rock
|move|p1a: Slowking|Sludge Bomb|p2a: scarlett jo
|-supereffective|p2a: scarlett jo
|-damage|p2a: scarlett jo|0 fnt
|faint|p2a: scarlett jo
|
|upkeep
|
|t:|1610359815
|switch|p2a: kate upton|Blissey, F|100/100
|turn|13
|
|t:|1610359818
|move|p1a: Slowking|Future Sight|p2a: kate upton
|-start|p1a: Slowking|move: Future Sight
|move|p2a: kate upton|Teleport|p2a: kate upton
|
|t:|1610359821
|switch|p2a: mia khalifa|Mandibuzz, F, shiny|100/100|[from]move: Teleport
|
|upkeep
|turn|14
|
|t:|1610359825
|switch|p1a: Clefable|Clefable, F|93/100
|move|p2a: mia khalifa|Knock Off|p1a: Clefable
|-resisted|p1a: Clefable
|-damage|p1a: Clefable|78/100
|-enditem|p1a: Clefable|Sticky Barb|[from] move: Knock Off|[of] p2a: mia khalifa
|
|upkeep
|turn|15
|
|t:|1610359832
|switch|p1a: Slowking|Slowking-Galar, M|100/100
|-damage|p1a: Slowking|88/100|[from] Stealth Rock
|switch|p2a: kate upton|Blissey, F|100/100
|
|-end|p2a: kate upton|move: Future Sight
|-damage|p2a: kate upton|86/100
|upkeep
|turn|16
|
|t:|1610359837
|move|p2a: kate upton|Seismic Toss|p1a: Slowking
|-damage|p1a: Slowking|63/100
|move|p1a: Slowking|Future Sight|p2a: kate upton
|-start|p1a: Slowking|move: Future Sight
|
|upkeep
|turn|17
|
|t:|1610359841
|switch|p1a: Cinderace|Cinderace, F|100/100
|move|p2a: kate upton|Seismic Toss|p1a: Cinderace
|-damage|p1a: Cinderace|67/100
|
|upkeep
|turn|18
|
|t:|1610359846
|switch|p2a: mia khalifa|Mandibuzz, F, shiny|100/100
|move|p1a: Cinderace|U-turn|p2a: mia khalifa
|-damage|p2a: mia khalifa|88/100
|
|t:|1610359850
|switch|p1a: Clefable|Clefable, F|78/100|[from]move: U-turn
|
|-end|p2a: mia khalifa|move: Future Sight
|-immune|p2a: mia khalifa
|upkeep
|turn|19
|
|t:|1610359858
|switch|p2a: charli|Quagsire, F, shiny|100/100
|-damage|p2a: charli|94/100|[from] Stealth Rock
|move|p1a: Clefable|Moonblast|p2a: charli
|-damage|p2a: charli|58/100
|
|-heal|p2a: charli|64/100|[from] item: Leftovers
|upkeep
|turn|20
|
|t:|1610359866
|switch|p1a: Slowking|Slowking-Galar, M|96/100
|-damage|p1a: Slowking|83/100|[from] Stealth Rock
|move|p2a: charli|Recover|p2a: charli
|-heal|p2a: charli|100/100
|
|upkeep
|turn|21
|
|t:|1610359869
|move|p1a: Slowking|Future Sight|p2a: charli
|-start|p1a: Slowking|move: Future Sight
|move|p2a: charli|Earthquake|p1a: Slowking
|-supereffective|p1a: Slowking
|-damage|p1a: Slowking|18/100
|
|upkeep
|turn|22
|
|t:|1610359873
|switch|p1a: Rillaboom|Rillaboom, F|100/100
|-damage|p1a: Rillaboom|88/100|[from] Stealth Rock
|-fieldstart|move: Grassy Terrain|[from] ability: Grassy Surge|[of] p1a: Rillaboom
|move|p2a: charli|Toxic|p1a: Rillaboom
|-status|p1a: Rillaboom|tox
|
|-heal|p1a: Rillaboom|94/100 tox|[from] Grassy Terrain
|-heal|p1a: Rillaboom|100/100 tox|[from] item: Leftovers
|-damage|p1a: Rillaboom|94/100 tox|[from] psn
|upkeep
|turn|23
|
|t:|1610359882
|switch|p1a: Crawdaunt|Crawdaunt, M|100/100
|-damage|p1a: Crawdaunt|88/100|[from] Stealth Rock
|switch|p2a: mia khalifa|Mandibuzz, F, shiny|88/100
|
|-end|p2a: mia khalifa|move: Future Sight
|-immune|p2a: mia khalifa
|-heal|p1a: Crawdaunt|94/100|[from] Grassy Terrain
|upkeep
|turn|24
|
|t:|1610359885
|move|p1a: Crawdaunt|Liquidation|p2a: mia khalifa
|-damage|p2a: mia khalifa|43/100
|-damage|p1a: Crawdaunt|84/100|[from] item: Life Orb
|move|p2a: mia khalifa|U-turn|p1a: Crawdaunt
|-supereffective|p1a: Crawdaunt
|-damage|p1a: Crawdaunt|53/100
|
|t:|1610359888
|switch|p2a: your mom|Toxapex, F, shiny|100/100|[from]move: U-turn
|-damage|p2a: your mom|88/100|[from] Stealth Rock
|
|-heal|p1a: Crawdaunt|59/100|[from] Grassy Terrain
|-heal|p2a: your mom|94/100|[from] Grassy Terrain
|-heal|p2a: your mom|99/100|[from] item: Black Sludge
|upkeep
|turn|25
|
|t:|1610359891
|switch|p1a: Clefable|Clefable, F|78/100
|move|p2a: your mom|Scald|p1a: Clefable
|-damage|p1a: Clefable|61/100
|
|-heal|p1a: Clefable|67/100|[from] Grassy Terrain
|-heal|p2a: your mom|100/100|[from] Grassy Terrain
|upkeep
|turn|26
|
|t:|1610359895
|move|p1a: Clefable|Thunderbolt|p2a: your mom
|-supereffective|p2a: your mom
|-crit|p2a: your mom
|-damage|p2a: your mom|46/100
|move|p2a: your mom|Scald|p1a: Clefable
|-damage|p1a: Clefable|49/100
|
|-heal|p1a: Clefable|55/100|[from] Grassy Terrain
|-heal|p2a: your mom|52/100|[from] Grassy Terrain
|-heal|p2a: your mom|58/100|[from] item: Black Sludge
|-fieldend|move: Grassy Terrain
|upkeep
|turn|27
|
|t:|1610359899
|move|p1a: Clefable|Calm Mind|p1a: Clefable
|-boost|p1a: Clefable|spa|1
|-boost|p1a: Clefable|spd|1
|move|p2a: your mom|Recover|p2a: your mom
|-heal|p2a: your mom|100/100
|
|upkeep
|turn|28
|
|t:|1610359901
|move|p1a: Clefable|Thunderbolt|p2a: your mom
|-supereffective|p2a: your mom
|-crit|p2a: your mom
|-damage|p2a: your mom|23/100
|-status|p2a: your mom|par
|move|p2a: your mom|Haze|p2a: your mom
|-clearallboost
|
|-heal|p2a: your mom|29/100 par|[from] item: Black Sludge
|upkeep
|turn|29
|
|t:|1610359905
|switch|p1a: Crawdaunt|Crawdaunt, M|59/100
|-damage|p1a: Crawdaunt|47/100|[from] Stealth Rock
|switch|p2a: kate upton|Blissey, F|86/100
|
|upkeep
|turn|30
|
|t:|1610359910
|switch|p2a: your mom|Toxapex, F, shiny|62/100 par
|-damage|p2a: your mom|50/100 par|[from] Stealth Rock
|move|p1a: Crawdaunt|Knock Off|p2a: your mom
|-damage|p2a: your mom|0 fnt
|-enditem|p2a: your mom|Black Sludge|[from] move: Knock Off|[of] p1a: Crawdaunt
|-damage|p1a: Crawdaunt|37/100|[from] item: Life Orb
|faint|p2a: your mom
|
|upkeep
|
|t:|1610359914
|switch|p2a: charli|Quagsire, F, shiny|100/100
|-damage|p2a: charli|94/100|[from] Stealth Rock
|turn|31
|
|t:|1610359919
|switch|p1a: Rillaboom|Rillaboom, F|94/100 tox
|-damage|p1a: Rillaboom|82/100 tox|[from] Stealth Rock
|-fieldstart|move: Grassy Terrain|[from] ability: Grassy Surge|[of] p1a: Rillaboom
|switch|p2a: johnny sins|Corviknight, M, shiny|31/100
|-damage|p2a: johnny sins|18/100|[from] Stealth Rock
|-ability|p2a: johnny sins|Pressure
|
|-heal|p1a: Rillaboom|88/100 tox|[from] Grassy Terrain
|-heal|p1a: Rillaboom|94/100 tox|[from] item: Leftovers
|-heal|p2a: johnny sins|24/100|[from] item: Leftovers
|-damage|p1a: Rillaboom|88/100 tox|[from] psn
|upkeep
|turn|32
|
|t:|1610359922
|move|p1a: Rillaboom|Drain Punch|p2a: johnny sins
|-damage|p2a: johnny sins|6/100
|-heal|p1a: Rillaboom|98/100 tox|[from] drain|[of] p2a: johnny sins
|move|p2a: johnny sins|Roost|p2a: johnny sins
|-heal|p2a: johnny sins|56/100
|-singleturn|p2a: johnny sins|move: Roost
|
|-heal|p1a: Rillaboom|100/100 tox|[from] Grassy Terrain
|-heal|p2a: johnny sins|62/100|[from] Grassy Terrain
|-heal|p2a: johnny sins|68/100|[from] item: Leftovers
|-damage|p1a: Rillaboom|88/100 tox|[from] psn
|upkeep
|turn|33
|
|t:|1610359925
|switch|p1a: Clefable|Clefable, F|55/100
|move|p2a: johnny sins|Roost|p2a: johnny sins
|-heal|p2a: johnny sins|100/100
|-singleturn|p2a: johnny sins|move: Roost
|
|-heal|p1a: Clefable|62/100|[from] Grassy Terrain
|upkeep
|turn|34
|
|t:|1610359931
|switch|p2a: kate upton|Blissey, F|86/100
|move|p1a: Clefable|Flamethrower|p2a: kate upton
|-damage|p2a: kate upton|75/100
|
|-heal|p1a: Clefable|68/100|[from] Grassy Terrain
|-heal|p2a: kate upton|82/100|[from] Grassy Terrain
|upkeep
|turn|35
|
|t:|1610359935
|move|p1a: Clefable|Moonblast|p2a: kate upton
|-damage|p2a: kate upton|68/100
|move|p2a: kate upton|Teleport|p2a: kate upton
|
|t:|1610359937
|switch|p2a: johnny sins|Corviknight, M, shiny|100/100|[from]move: Teleport
|-damage|p2a: johnny sins|88/100|[from] Stealth Rock
|-ability|p2a: johnny sins|Pressure
|
|-heal|p1a: Clefable|74/100|[from] Grassy Terrain
|-heal|p2a: johnny sins|94/100|[from] item: Leftovers
|-fieldend|move: Grassy Terrain
|upkeep
|turn|36
|
|t:|1610359940
|switch|p2a: kate upton|Blissey, F|68/100
|move|p1a: Clefable|Flamethrower|p2a: kate upton
|-damage|p2a: kate upton|59/100
|
|upkeep
|turn|37
|
|t:|1610359945
|switch|p1a: Slowking|Slowking-Galar, M|51/100
|-damage|p1a: Slowking|38/100|[from] Stealth Rock
|move|p2a: kate upton|Soft-Boiled|p2a: kate upton
|-heal|p2a: kate upton|100/100
|
|upkeep
|turn|38
|
|t:|1610359952
|switch|p1a: Crawdaunt|Crawdaunt, M|37/100
|-damage|p1a: Crawdaunt|24/100|[from] Stealth Rock
|move|p2a: kate upton|Seismic Toss|p1a: Crawdaunt
|-damage|p1a: Crawdaunt|0 fnt
|faint|p1a: Crawdaunt
|
|upkeep
|
|t:|1610359954
|switch|p1a: Cinderace|Cinderace, F|67/100
|turn|39
|
|t:|1610359961
|switch|p2a: charli|Quagsire, F, shiny|94/100
|-damage|p2a: charli|88/100|[from] Stealth Rock
|move|p1a: Cinderace|High Jump Kick|p2a: charli|[miss]
|-miss|p1a: Cinderace|p2a: charli
|-damage|p1a: Cinderace|17/100|[from] highjumpkick
|
|-heal|p2a: charli|94/100|[from] item: Leftovers
|upkeep
|turn|40
|
|t:|1610359966
|move|p1a: Cinderace|U-turn|p2a: charli
|-damage|p2a: charli|71/100
|
|t:|1610359968
|switch|p1a: Rillaboom|Rillaboom, F|88/100 tox|[from]move: U-turn
|-damage|p1a: Rillaboom|76/100 tox|[from] Stealth Rock
|-fieldstart|move: Grassy Terrain|[from] ability: Grassy Surge|[of] p1a: Rillaboom
|move|p2a: charli|Scald|p1a: Rillaboom
|-resisted|p1a: Rillaboom
|-damage|p1a: Rillaboom|65/100 tox
|
|-heal|p1a: Rillaboom|71/100 tox|[from] Grassy Terrain
|-heal|p1a: Rillaboom|77/100 tox|[from] item: Leftovers
|-heal|p2a: charli|77/100|[from] Grassy Terrain
|-heal|p2a: charli|83/100|[from] item: Leftovers
|-damage|p1a: Rillaboom|71/100 tox|[from] psn
|upkeep
|turn|41
|
|t:|1610359974
|switch|p1a: Cinderace|Cinderace, F|17/100
|move|p2a: charli|Recover|p2a: charli
|-heal|p2a: charli|100/100
|
|-heal|p1a: Cinderace|23/100|[from] Grassy Terrain
|upkeep
|turn|42
|
|t:|1610359978
|move|p1a: Cinderace|U-turn|p2a: charli
|-damage|p2a: charli|78/100
|
|t:|1610359981
|switch|p1a: Slowking|Slowking-Galar, M|72/100|[from]move: U-turn
|-damage|p1a: Slowking|59/100|[from] Stealth Rock
|move|p2a: charli|Scald|p1a: Slowking
|-damage|p1a: Slowking|51/100
|
|-heal|p1a: Slowking|57/100|[from] Grassy Terrain
|-heal|p2a: charli|84/100|[from] Grassy Terrain
|-heal|p2a: charli|90/100|[from] item: Leftovers
|upkeep
|turn|43
|
|t:|1610359985
|switch|p2a: mia khalifa|Mandibuzz, F, shiny|43/100
|move|p1a: Slowking|Future Sight|p2a: mia khalifa
|-start|p1a: Slowking|move: Future Sight
|
|-heal|p1a: Slowking|63/100|[from] Grassy Terrain
|upkeep
|turn|44
|
|t:|1610359989
|move|p2a: mia khalifa|Roost|p2a: mia khalifa
|-heal|p2a: mia khalifa|93/100
|-singleturn|p2a: mia khalifa|move: Roost
|move|p1a: Slowking|Sludge Bomb|p2a: mia khalifa
|-damage|p2a: mia khalifa|65/100
|
|-heal|p2a: mia khalifa|71/100|[from] Grassy Terrain
|-heal|p1a: Slowking|69/100|[from] Grassy Terrain
|-fieldend|move: Grassy Terrain
|upkeep
|turn|45
|
|t:|1610359996
|switch|p1a: Clefable|Clefable, F|74/100
|move|p2a: mia khalifa|Knock Off|p1a: Clefable
|-resisted|p1a: Clefable
|-damage|p1a: Clefable|63/100
|
|-end|p2a: mia khalifa|move: Future Sight
|-immune|p2a: mia khalifa
|upkeep
|turn|46
|
|t:|1610360000
|switch|p1a: Slowking|Slowking-Galar, M|100/100
|-damage|p1a: Slowking|88/100|[from] Stealth Rock
|switch|p2a: kate upton|Blissey, F|100/100
|
|upkeep
|turn|47
|
|t:|1610360002
|move|p2a: kate upton|Seismic Toss|p1a: Slowking
|-damage|p1a: Slowking|63/100
|move|p1a: Slowking|Future Sight|p2a: kate upton
|-start|p1a: Slowking|move: Future Sight
|
|upkeep
|turn|48
|
|t:|1610360007
|switch|p1a: Rillaboom|Rillaboom, F|71/100 tox
|-damage|p1a: Rillaboom|59/100 tox|[from] Stealth Rock
|-fieldstart|move: Grassy Terrain|[from] ability: Grassy Surge|[of] p1a: Rillaboom
|move|p2a: kate upton|Teleport|p2a: kate upton
|
|t:|1610360009
|switch|p2a: mia khalifa|Mandibuzz, F, shiny|71/100|[from]move: Teleport
|
|-heal|p1a: Rillaboom|65/100 tox|[from] Grassy Terrain
|-heal|p1a: Rillaboom|71/100 tox|[from] item: Leftovers
|-damage|p1a: Rillaboom|65/100 tox|[from] psn
|upkeep
|turn|49
|
|t:|1610360014
|switch|p1a: Clefable|Clefable, F|63/100
|move|p2a: mia khalifa|Roost|p2a: mia khalifa
|-heal|p2a: mia khalifa|100/100
|-singleturn|p2a: mia khalifa|move: Roost
|
|-end|p2a: mia khalifa|move: Future Sight
|-immune|p2a: mia khalifa
|-heal|p1a: Clefable|69/100|[from] Grassy Terrain
|upkeep
|turn|50
|
|t:|1610360020
|switch|p2a: kate upton|Blissey, F|100/100
|move|p1a: Clefable|Moonblast|p2a: kate upton
|-damage|p2a: kate upton|86/100
|-unboost|p2a: kate upton|spa|1
|
|-heal|p1a: Clefable|75/100|[from] Grassy Terrain
|-heal|p2a: kate upton|92/100|[from] Grassy Terrain
|upkeep
|turn|51
|
|t:|1610360024
|move|p1a: Clefable|Moonblast|p2a: kate upton
|-damage|p2a: kate upton|76/100
|move|p2a: kate upton|Seismic Toss|p1a: Clefable
|-damage|p1a: Clefable|45/100
|
|-heal|p1a: Clefable|51/100|[from] Grassy Terrain
|-heal|p2a: kate upton|82/100|[from] Grassy Terrain
|upkeep
|turn|52
|
|t:|1610360026
|switch|p1a: Slowking|Slowking-Galar, M|96/100
|-damage|p1a: Slowking|83/100|[from] Stealth Rock
|move|p2a: kate upton|Seismic Toss|p1a: Slowking
|-damage|p1a: Slowking|58/100
|
|-heal|p2a: kate upton|88/100|[from] Grassy Terrain
|-heal|p1a: Slowking|64/100|[from] Grassy Terrain
|-fieldend|move: Grassy Terrain
|upkeep
|turn|53
|
|t:|1610360030
|move|p1a: Slowking|Sludge Bomb|p2a: kate upton
|-damage|p2a: kate upton|77/100
|move|p2a: kate upton|Teleport|p2a: kate upton
|
|t:|1610360032
|switch|p2a: charli|Quagsire, F, shiny|90/100|[from]move: Teleport
|-damage|p2a: charli|84/100|[from] Stealth Rock
|
|-heal|p2a: charli|90/100|[from] item: Leftovers
|upkeep
|turn|54
|
|t:|1610360035
|switch|p1a: Rillaboom|Rillaboom, F|65/100 tox
|-damage|p1a: Rillaboom|52/100 tox|[from] Stealth Rock
|-fieldstart|move: Grassy Terrain|[from] ability: Grassy Surge|[of] p1a: Rillaboom
|move|p2a: charli|Earthquake|p1a: Rillaboom
|-resisted|p1a: Rillaboom
|-damage|p1a: Rillaboom|45/100 tox
|
|-heal|p1a: Rillaboom|51/100 tox|[from] Grassy Terrain
|-heal|p1a: Rillaboom|57/100 tox|[from] item: Leftovers
|-heal|p2a: charli|96/100|[from] Grassy Terrain
|-heal|p2a: charli|100/100|[from] item: Leftovers
|-damage|p1a: Rillaboom|51/100 tox|[from] psn
|upkeep
|turn|55
|
|t:|1610360038
|switch|p1a: Cinderace|Cinderace, F|23/100
|switch|p2a: johnny sins|Corviknight, M, shiny|94/100
|-damage|p2a: johnny sins|82/100|[from] Stealth Rock
|-ability|p2a: johnny sins|Pressure
|
|-heal|p1a: Cinderace|29/100|[from] Grassy Terrain
|-heal|p2a: johnny sins|88/100|[from] item: Leftovers
|upkeep
|turn|56
|
|t:|1610360042
|move|p1a: Cinderace|Pyro Ball|p2a: johnny sins
|-supereffective|p2a: johnny sins
|-damage|p2a: johnny sins|0 fnt
|faint|p2a: johnny sins
|
|-heal|p1a: Cinderace|35/100|[from] Grassy Terrain
|upkeep
|
|t:|1610360044
|switch|p2a: mia khalifa|Mandibuzz, F, shiny|100/100
|turn|57
|
|t:|1610360047
|move|p1a: Cinderace|U-turn|p2a: mia khalifa
|-damage|p2a: mia khalifa|87/100
|
|t:|1610360048
|switch|p1a: Clefable|Clefable, F|51/100|[from]move: U-turn
|move|p2a: mia khalifa|Foul Play|p1a: Clefable
|-resisted|p1a: Clefable
|-damage|p1a: Clefable|39/100
|
|-heal|p1a: Clefable|46/100|[from] Grassy Terrain
|upkeep
|turn|58
|
|t:|1610360052
|switch|p2a: kate upton|Blissey, F|77/100
|move|p1a: Clefable|Moonblast|p2a: kate upton
|-damage|p2a: kate upton|62/100
|
|-heal|p1a: Clefable|52/100|[from] Grassy Terrain
|-heal|p2a: kate upton|69/100|[from] Grassy Terrain
|-fieldend|move: Grassy Terrain
|upkeep
|turn|59
|
|t:|1610360060
|switch|p1a: Slowking|Slowking-Galar, M|97/100
|-damage|p1a: Slowking|85/100|[from] Stealth Rock
|move|p2a: kate upton|Seismic Toss|p1a: Slowking
|-damage|p1a: Slowking|60/100
|
|upkeep
|turn|60
|j| SealeoDion
|
|t:|1610360064
|move|p2a: kate upton|Seismic Toss|p1a: Slowking
|-damage|p1a: Slowking|34/100
|move|p1a: Slowking|Sludge Bomb|p2a: kate upton
|-damage|p2a: kate upton|57/100
|
|upkeep
|turn|61
|
|t:|1610360066
|move|p2a: kate upton|Seismic Toss|p1a: Slowking
|-damage|p1a: Slowking|9/100
|move|p1a: Slowking|Sludge Bomb|p2a: kate upton
|-damage|p2a: kate upton|46/100
|-status|p2a: kate upton|psn
|
|-damage|p2a: kate upton|33/100 psn|[from] psn
|upkeep
|turn|62
|
|t:|1610360068
|switch|p1a: Rillaboom|Rillaboom, F|51/100 tox
|-damage|p1a: Rillaboom|39/100 tox|[from] Stealth Rock
|-fieldstart|move: Grassy Terrain|[from] ability: Grassy Surge|[of] p1a: Rillaboom
|move|p2a: kate upton|Soft-Boiled|p2a: kate upton
|-heal|p2a: kate upton|83/100 psn
|
|-heal|p1a: Rillaboom|45/100 tox|[from] Grassy Terrain
|-heal|p1a: Rillaboom|51/100 tox|[from] item: Leftovers
|-heal|p2a: kate upton|90/100 psn|[from] Grassy Terrain
|-damage|p1a: Rillaboom|45/100 tox|[from] psn
|-damage|p2a: kate upton|77/100 psn|[from] psn
|upkeep
|turn|63
|
|t:|1610360074
|switch|p2a: mia khalifa|Mandibuzz, F, shiny|87/100
|move|p1a: Rillaboom|Drain Punch|p2a: mia khalifa
|-damage|p2a: mia khalifa|72/100
|-heal|p1a: Rillaboom|53/100 tox|[from] drain|[of] p2a: mia khalifa
|
|-heal|p1a: Rillaboom|59/100 tox|[from] Grassy Terrain
|-heal|p1a: Rillaboom|66/100 tox|[from] item: Leftovers
|-damage|p1a: Rillaboom|53/100 tox|[from] psn
|upkeep
|turn|64
|
|t:|1610360077
|switch|p1a: Clefable|Clefable, F|52/100
|move|p2a: mia khalifa|U-turn|p1a: Clefable
|-resisted|p1a: Clefable
|-damage|p1a: Clefable|45/100
|
|t:|1610360079
|switch|p2a: kate upton|Blissey, F|77/100|[from]move: U-turn
|
|-heal|p1a: Clefable|51/100|[from] Grassy Terrain
|-heal|p2a: kate upton|83/100|[from] Grassy Terrain
|upkeep
|turn|65
|
|t:|1610360082
|switch|p1a: Cinderace|Cinderace, F|35/100
|move|p2a: kate upton|Seismic Toss|p1a: Cinderace
|-damage|p1a: Cinderace|2/100
|
|-heal|p1a: Cinderace|8/100|[from] Grassy Terrain
|-heal|p2a: kate upton|89/100|[from] Grassy Terrain
|upkeep
|turn|66
|
|t:|1610360086
|switch|p2a: charli|Quagsire, F, shiny|100/100
|-damage|p2a: charli|94/100|[from] Stealth Rock
|move|p1a: Cinderace|High Jump Kick|p2a: charli
|-damage|p2a: charli|52/100
|
|-heal|p1a: Cinderace|14/100|[from] Grassy Terrain
|-heal|p2a: charli|58/100|[from] Grassy Terrain
|-heal|p2a: charli|64/100|[from] item: Leftovers
|-fieldend|move: Grassy Terrain
|upkeep
|turn|67
|
|t:|1610360094
|switch|p2a: mia khalifa|Mandibuzz, F, shiny|72/100
|move|p1a: Cinderace|U-turn|p2a: mia khalifa
|-crit|p2a: mia khalifa
|-damage|p2a: mia khalifa|51/100
|
|t:|1610360096
|switch|p1a: Clefable|Clefable, F|51/100|[from]move: U-turn
|
|upkeep
|turn|68
|
|t:|1610360099
|switch|p1a: Cinderace|Cinderace, F|14/100
|switch|p2a: kate upton|Blissey, F|89/100
|
|upkeep
|turn|69
|
|t:|1610360105
|switch|p2a: charli|Quagsire, F, shiny|64/100
|-damage|p2a: charli|58/100|[from] Stealth Rock
|move|p1a: Cinderace|High Jump Kick|p2a: charli|[miss]
|-miss|p1a: Cinderace|p2a: charli
|-damage|p1a: Cinderace|0 fnt|[from] highjumpkick
|faint|p1a: Cinderace
|
|-heal|p2a: charli|64/100|[from] item: Leftovers
|upkeep
|c|☆drip severe|sorry
|
|t:|1610360111
|switch|p1a: Rillaboom|Rillaboom, F|53/100 tox
|-damage|p1a: Rillaboom|41/100 tox|[from] Stealth Rock
|-fieldstart|move: Grassy Terrain|[from] ability: Grassy Surge|[of] p1a: Rillaboom
|turn|70
|
|t:|1610360120
|move|p1a: Rillaboom|Swords Dance|p1a: Rillaboom
|-boost|p1a: Rillaboom|atk|2
|move|p2a: charli|Scald|p1a: Rillaboom
|-resisted|p1a: Rillaboom
|-damage|p1a: Rillaboom|29/100 tox
|
|-heal|p1a: Rillaboom|35/100 tox|[from] Grassy Terrain
|-heal|p1a: Rillaboom|41/100 tox|[from] item: Leftovers
|-heal|p2a: charli|70/100|[from] Grassy Terrain
|-heal|p2a: charli|76/100|[from] item: Leftovers
|-damage|p1a: Rillaboom|35/100 tox|[from] psn
|upkeep
|turn|71
|
|t:|1610360124
|move|p1a: Rillaboom|Grassy Glide|p2a: charli
|-supereffective|p2a: charli
|-damage|p2a: charli|0 fnt
|faint|p2a: charli
|
|-heal|p1a: Rillaboom|41/100 tox|[from] Grassy Terrain
|-heal|p1a: Rillaboom|47/100 tox|[from] item: Leftovers
|-damage|p1a: Rillaboom|35/100 tox|[from] psn
|upkeep
|
|t:|1610360126
|switch|p2a: mia khalifa|Mandibuzz, F, shiny|51/100
|turn|72
|
|t:|1610360130
|move|p1a: Rillaboom|Drain Punch|p2a: mia khalifa
|-damage|p2a: mia khalifa|20/100
|-heal|p1a: Rillaboom|52/100 tox|[from] drain|[of] p2a: mia khalifa
|move|p2a: mia khalifa|Roost|p2a: mia khalifa
|-heal|p2a: mia khalifa|70/100
|-singleturn|p2a: mia khalifa|move: Roost
|
|-heal|p1a: Rillaboom|58/100 tox|[from] Grassy Terrain
|-heal|p1a: Rillaboom|64/100 tox|[from] item: Leftovers
|-heal|p2a: mia khalifa|76/100|[from] Grassy Terrain
|-damage|p1a: Rillaboom|45/100 tox|[from] psn
|upkeep
|turn|73
|
|t:|1610360134
|move|p1a: Rillaboom|Drain Punch|p2a: mia khalifa
|-damage|p2a: mia khalifa|46/100
|-heal|p1a: Rillaboom|62/100 tox|[from] drain|[of] p2a: mia khalifa
|move|p2a: mia khalifa|Roost|p2a: mia khalifa
|-heal|p2a: mia khalifa|96/100
|-singleturn|p2a: mia khalifa|move: Roost
|
|-heal|p1a: Rillaboom|68/100 tox|[from] Grassy Terrain
|-heal|p1a: Rillaboom|74/100 tox|[from] item: Leftovers
|-heal|p2a: mia khalifa|100/100|[from] Grassy Terrain
|-damage|p1a: Rillaboom|49/100 tox|[from] psn
|upkeep
|turn|74
|
|t:|1610360138
|switch|p1a: Clefable|Clefable, F|51/100
|move|p2a: mia khalifa|Foul Play|p1a: Clefable
|-resisted|p1a: Clefable
|-damage|p1a: Clefable|39/100
|
|-heal|p1a: Clefable|45/100|[from] Grassy Terrain
|-fieldend|move: Grassy Terrain
|upkeep
|turn|75
|
|t:|1610360143
|switch|p2a: kate upton|Blissey, F|89/100
|move|p1a: Clefable|Moonblast|p2a: kate upton
|-damage|p2a: kate upton|75/100
|
|upkeep
|turn|76
|
|t:|1610360149
|switch|p1a: Slowking|Slowking-Galar, M|42/100
|-damage|p1a: Slowking|30/100|[from] Stealth Rock
|move|p2a: kate upton|Seismic Toss|p1a: Slowking
|-damage|p1a: Slowking|4/100
|
|upkeep
|turn|77
|
|t:|1610360151
|move|p2a: kate upton|Seismic Toss|p1a: Slowking
|-damage|p1a: Slowking|0 fnt
|faint|p1a: Slowking
|
|upkeep
|
|t:|1610360152
|switch|p1a: Rillaboom|Rillaboom, F|49/100 tox
|-damage|p1a: Rillaboom|37/100 tox|[from] Stealth Rock
|-fieldstart|move: Grassy Terrain|[from] ability: Grassy Surge|[of] p1a: Rillaboom
|turn|78
|
|t:|1610360155
|switch|p2a: mia khalifa|Mandibuzz, F, shiny|100/100
|move|p1a: Rillaboom|Swords Dance|p1a: Rillaboom
|-boost|p1a: Rillaboom|atk|2
|
|-heal|p1a: Rillaboom|43/100 tox|[from] Grassy Terrain
|-heal|p1a: Rillaboom|49/100 tox|[from] item: Leftovers
|-damage|p1a: Rillaboom|43/100 tox|[from] psn
|upkeep
|turn|79
|
|t:|1610360159
|move|p1a: Rillaboom|Drain Punch|p2a: mia khalifa
|-damage|p2a: mia khalifa|67/100
|-heal|p1a: Rillaboom|62/100 tox|[from] drain|[of] p2a: mia khalifa
|move|p2a: mia khalifa|Foul Play|p1a: Rillaboom
|-damage|p1a: Rillaboom|0 fnt
|faint|p1a: Rillaboom
|
|upkeep
|c|☆drip severe|gg
|-message|roboPOKE forfeited.
|
|win|drip severe
|c|☆drip severe|sorry for the hax
|raw|roboPOKE's rating: 1733 &rarr; <strong>1713</strong><br />(-20 for losing)
|raw|drip severe's rating: 1729 &rarr; <strong>1750</strong><br />(+21 for winning)
