|j|☆Batataplays
|j|☆Epic Pokedestroyer
|inactive|Battle timer is ON: inactive players will automatically lose when time's up.
|t:|1653798345
|gametype|singles
|player|p1|Batataplays|sonia|
|player|p2|Epic Pokedestroyer|lucas|
|teamsize|p1|6
|teamsize|p2|6
|gen|8
|tier|[Gen 8] OU
|rated|Tournament battle
|rule|Sleep Clause Mod: Limit one foe put to sleep
|rule|Species Clause: Limit one of each Pokémon
|rule|OHKO Clause: OHKO moves are banned
|rule|Evasion Moves Clause: Evasion moves are banned
|rule|Endless Battle Clause: Forcing endless battles is banned
|rule|HP Percentage Mod: HP is shown in percentages
|rule|Dynamax Clause: You cannot dynamax
|clearpoke
|poke|p1|Zapdos-Galar|
|poke|p1|Aegislash, M|
|poke|p1|Tapu Fini|
|poke|p1|Landorus-Therian, M|
|poke|p1|Heatran, F|
|poke|p1|Tapu Lele|
|poke|p2|Jirachi|
|poke|p2|Skarmory, F|
|poke|p2|Zapdos|
|poke|p2|Amoonguss, F|
|poke|p2|Umbreon, F|
|poke|p2|Gastrodon, F|
|teampreview
|j| iamnoob304
|j| hami ketchum
|j| 1-800-CallMyBluff
|j| CrimsonCrow17
|inactive|Epic Pokedestroyer has 120 seconds left.
|
|t:|1653798392
|start
|switch|p1a: Tapu Fini|Tapu Fini|100/100
|switch|p2a: Gastrodon|Gastrodon, F|100/100
|-fieldstart|move: Misty Terrain|[from] ability: Misty Surge|[of] p1a: Tapu Fini
|turn|1
|j| HOF69
|
|t:|1653798411
|move|p2a: Gastrodon|Protect|p2a: Gastrodon
|-singleturn|p2a: Gastrodon|Protect
|move|p1a: Tapu Fini|Nature's Madness|p2a: Gastrodon
|-activate|p2a: Gastrodon|move: Protect
|
|upkeep
|turn|2
|inactive|Epic Pokedestroyer has 120 seconds left.
|
|t:|1653798440
|switch|p2a: Amoonguss|Amoonguss, F|100/100
|move|p1a: Tapu Fini|Nature's Madness|p2a: Amoonguss
|-damage|p2a: Amoonguss|50/100
|
|-heal|p2a: Amoonguss|57/100|[from] item: Black Sludge
|upkeep
|turn|3
|
|t:|1653798449
|switch|p1a: Heatran|Heatran, F|100/100
|move|p2a: Amoonguss|Giga Drain|p1a: Heatran
|-resisted|p1a: Heatran
|-damage|p1a: Heatran|95/100
|-heal|p2a: Amoonguss|59/100|[from] drain|[of] p1a: Heatran
|
|-heal|p1a: Heatran|100/100|[from] item: Leftovers
|-heal|p2a: Amoonguss|65/100|[from] item: Black Sludge
|upkeep
|turn|4
|
|t:|1653798453
|switch|p2a: Gastrodon|Gastrodon, F|100/100
|move|p1a: Heatran|Stealth Rock|p2a: Gastrodon
|-sidestart|p2: Epic Pokedestroyer|move: Stealth Rock
|
|upkeep
|turn|5
|
|t:|1653798461
|switch|p1a: Aegislash|Aegislash, M|100/100
|move|p2a: Gastrodon|Toxic|p1a: Aegislash|[miss]
|-miss|p2a: Gastrodon|p1a: Aegislash
|
|-fieldend|Misty Terrain
|upkeep
|turn|6
|
|t:|1653798465
|-formechange|p1a: Aegislash|Aegislash-Blade||[from] ability: Stance Change
|move|p1a: Aegislash|Shadow Ball|p2a: Gastrodon
|-damage|p2a: Gastrodon|54/100
|move|p2a: Gastrodon|Earth Power|p1a: Aegislash
|-supereffective|p1a: Aegislash
|-damage|p1a: Aegislash|0 fnt
|faint|p1a: Aegislash
|
|-heal|p2a: Gastrodon|60/100|[from] item: Leftovers
|upkeep
|
|t:|1653798470
|switch|p1a: Zapdos|Zapdos-Galar|100/100
|turn|7
|
|t:|1653798474
|move|p2a: Gastrodon|Protect|p2a: Gastrodon
|-singleturn|p2a: Gastrodon|Protect
|move|p1a: Zapdos|U-turn|p2a: Gastrodon
|-activate|p2a: Gastrodon|move: Protect
|
|-heal|p2a: Gastrodon|66/100|[from] item: Leftovers
|upkeep
|turn|8
|
|t:|1653798478
|move|p1a: Zapdos|U-turn|p2a: Gastrodon
|-damage|p2a: Gastrodon|30/100
|
|t:|1653798481
|switch|p1a: Tapu Lele|Tapu Lele|100/100|[from]move: U-turn
|-fieldstart|move: Psychic Terrain|[from] ability: Psychic Surge|[of] p1a: Tapu Lele
|move|p2a: Gastrodon|Recover|p2a: Gastrodon
|-heal|p2a: Gastrodon|80/100
|
|-heal|p2a: Gastrodon|86/100|[from] item: Leftovers
|upkeep
|turn|9
|
|t:|1653798485
|switch|p2a: Jirachi|Jirachi|100/100
|-damage|p2a: Jirachi|94/100|[from] Stealth Rock
|move|p1a: Tapu Lele|Moonblast|p2a: Jirachi
|-resisted|p2a: Jirachi
|-damage|p2a: Jirachi|79/100
|
|-heal|p2a: Jirachi|85/100|[from] item: Leftovers
|upkeep
|turn|10
|
|t:|1653798491
|switch|p1a: Heatran|Heatran, F|100/100
|move|p2a: Jirachi|Body Slam|p1a: Heatran
|-resisted|p1a: Heatran
|-damage|p1a: Heatran|90/100
|-status|p1a: Heatran|par
|
|-heal|p2a: Jirachi|91/100|[from] item: Leftovers
|-heal|p1a: Heatran|96/100 par|[from] item: Leftovers
|upkeep
|turn|11
|
|t:|1653798494
|move|p2a: Jirachi|Protect|p2a: Jirachi
|-singleturn|p2a: Jirachi|Protect
|move|p1a: Heatran|Magma Storm|p2a: Jirachi
|-activate|p2a: Jirachi|move: Protect
|
|-heal|p2a: Jirachi|97/100|[from] item: Leftovers
|-heal|p1a: Heatran|100/100 par|[from] item: Leftovers
|upkeep
|turn|12
|
|t:|1653798505
|switch|p2a: Gastrodon|Gastrodon, F|86/100
|-damage|p2a: Gastrodon|80/100|[from] Stealth Rock
|switch|p1a: Tapu Fini|Tapu Fini|100/100
|-fieldstart|move: Misty Terrain|[from] ability: Misty Surge|[of] p1a: Tapu Fini
|
|-heal|p2a: Gastrodon|86/100|[from] item: Leftovers
|upkeep
|turn|13
|
|t:|1653798507
|move|p2a: Gastrodon|Protect|p2a: Gastrodon
|-singleturn|p2a: Gastrodon|Protect
|move|p1a: Tapu Fini|Nature's Madness|p2a: Gastrodon
|-activate|p2a: Gastrodon|move: Protect
|
|-heal|p2a: Gastrodon|92/100|[from] item: Leftovers
|upkeep
|turn|14
|
|t:|1653798524
|switch|p2a: Zapdos|Zapdos|100/100
|-ability|p2a: Zapdos|Pressure
|move|p1a: Tapu Fini|Whirlpool|p2a: Zapdos
|-damage|p2a: Zapdos|90/100
|-activate|p2a: Zapdos|move: Whirlpool|[of] p1a: Tapu Fini
|
|-damage|p2a: Zapdos|77/100|[from] move: Whirlpool|[partiallytrapped]
|upkeep
|turn|15
|
|t:|1653798526
|move|p2a: Zapdos|Discharge|p1a: Tapu Fini
|-supereffective|p1a: Tapu Fini
|-damage|p1a: Tapu Fini|50/100
|move|p1a: Tapu Fini|Nature's Madness|p2a: Zapdos
|-damage|p2a: Zapdos|39/100
|
|-heal|p1a: Tapu Fini|56/100|[from] item: Leftovers
|-damage|p2a: Zapdos|27/100|[from] move: Whirlpool|[partiallytrapped]
|upkeep
|turn|16
|
|t:|1653798534
|move|p2a: Zapdos|Roost|p2a: Zapdos
|-heal|p2a: Zapdos|77/100
|-singleturn|p2a: Zapdos|move: Roost
|move|p1a: Tapu Fini|Moonblast|p2a: Zapdos
|-damage|p2a: Zapdos|45/100
|
|-heal|p1a: Tapu Fini|62/100|[from] item: Leftovers
|-damage|p2a: Zapdos|33/100|[from] move: Whirlpool|[partiallytrapped]
|-fieldend|Misty Terrain
|upkeep
|turn|17
|
|t:|1653798539
|move|p2a: Zapdos|Roost|p2a: Zapdos
|-heal|p2a: Zapdos|83/100
|-singleturn|p2a: Zapdos|move: Roost
|move|p1a: Tapu Fini|Moonblast|p2a: Zapdos
|-damage|p2a: Zapdos|52/100
|-unboost|p2a: Zapdos|spa|1
|
|-heal|p1a: Tapu Fini|68/100|[from] item: Leftovers
|-damage|p2a: Zapdos|40/100|[from] move: Whirlpool|[partiallytrapped]
|upkeep
|turn|18
|j| Mimikyu VG7
|
|t:|1653798545
|move|p2a: Zapdos|Roost|p2a: Zapdos
|-heal|p2a: Zapdos|90/100
|-singleturn|p2a: Zapdos|move: Roost
|move|p1a: Tapu Fini|Taunt|p2a: Zapdos
|-start|p2a: Zapdos|move: Taunt
|
|-heal|p1a: Tapu Fini|74/100|[from] item: Leftovers
|-damage|p2a: Zapdos|78/100|[from] move: Whirlpool|[partiallytrapped]
|upkeep
|turn|19
|
|t:|1653798547
|move|p2a: Zapdos|Discharge|p1a: Tapu Fini
|-supereffective|p1a: Tapu Fini
|-damage|p1a: Tapu Fini|39/100
|move|p1a: Tapu Fini|Nature's Madness|p2a: Zapdos
|-damage|p2a: Zapdos|39/100
|
|-heal|p1a: Tapu Fini|46/100|[from] item: Leftovers
|-end|p2a: Zapdos|Whirlpool|[partiallytrapped]
|upkeep
|turn|20
|
|t:|1653798550
|move|p2a: Zapdos|Discharge|p1a: Tapu Fini
|-supereffective|p1a: Tapu Fini
|-crit|p1a: Tapu Fini
|-damage|p1a: Tapu Fini|0 fnt
|faint|p1a: Tapu Fini
|
|upkeep
|
|t:|1653798554
|switch|p1a: Tapu Lele|Tapu Lele|100/100
|-fieldstart|move: Psychic Terrain|[from] ability: Psychic Surge|[of] p1a: Tapu Lele
|turn|21
|
|t:|1653798557
|switch|p2a: Jirachi|Jirachi|97/100
|-damage|p2a: Jirachi|91/100|[from] Stealth Rock
|move|p1a: Tapu Lele|Moonblast|p2a: Jirachi
|-resisted|p2a: Jirachi
|-damage|p2a: Jirachi|75/100
|
|-heal|p2a: Jirachi|82/100|[from] item: Leftovers
|upkeep
|turn|22
|
|t:|1653798562
|switch|p1a: Heatran|Heatran, F|100/100 par
|move|p2a: Jirachi|Wish|p2a: Jirachi
|
|-heal|p2a: Jirachi|88/100|[from] item: Leftovers
|upkeep
|turn|23
|
|t:|1653798569
|switch|p2a: Gastrodon|Gastrodon, F|92/100
|-damage|p2a: Gastrodon|86/100|[from] Stealth Rock
|move|p1a: Heatran|Magma Storm|p2a: Gastrodon
|-resisted|p2a: Gastrodon
|-damage|p2a: Gastrodon|69/100
|-activate|p2a: Gastrodon|move: Magma Storm|[of] p1a: Heatran
|
|-heal|p2a: Gastrodon|100/100|[from] move: Wish|[wisher] Jirachi
|-damage|p2a: Gastrodon|88/100|[from] move: Magma Storm|[partiallytrapped]
|upkeep
|turn|24
|
|t:|1653798572
|cant|p1a: Heatran|par
|move|p2a: Gastrodon|Earth Power|p1a: Heatran
|-supereffective|p1a: Heatran
|-damage|p1a: Heatran|0 fnt
|faint|p1a: Heatran
|
|-heal|p2a: Gastrodon|94/100|[from] item: Leftovers
|-end|p2a: Gastrodon|Magma Storm|[partiallytrapped]|[silent]
|upkeep
|
|t:|1653798574
|switch|p1a: Zapdos|Zapdos-Galar|100/100
|turn|25
|
|t:|1653798600
|move|p2a: Gastrodon|Protect|p2a: Gastrodon
|-singleturn|p2a: Gastrodon|Protect
|move|p1a: Zapdos|Thunderous Kick|p2a: Gastrodon
|-activate|p2a: Gastrodon|move: Protect
|
|-heal|p2a: Gastrodon|99/100|[from] item: Leftovers
|-fieldend|move: Psychic Terrain
|upkeep
|turn|26
|
|t:|1653798604
|move|p1a: Zapdos|Thunderous Kick|p2a: Gastrodon
|-damage|p2a: Gastrodon|20/100
|-unboost|p2a: Gastrodon|def|1
|move|p2a: Gastrodon|Toxic|p1a: Zapdos
|-status|p1a: Zapdos|tox
|
|-heal|p2a: Gastrodon|27/100|[from] item: Leftovers
|-damage|p1a: Zapdos|94/100 tox|[from] psn
|upkeep
|turn|27
|
|t:|1653798608
|move|p2a: Gastrodon|Protect|p2a: Gastrodon
|-singleturn|p2a: Gastrodon|Protect
|move|p1a: Zapdos|Thunderous Kick|p2a: Gastrodon
|-activate|p2a: Gastrodon|move: Protect
|
|-heal|p2a: Gastrodon|33/100|[from] item: Leftovers
|-damage|p1a: Zapdos|82/100 tox|[from] psn
|upkeep
|turn|28
|j|%Sww-Suwa
|
|t:|1653798618
|switch|p2a: Amoonguss|Amoonguss, F|98/100
|-damage|p2a: Amoonguss|86/100|[from] Stealth Rock
|move|p1a: Zapdos|Thunderous Kick|p2a: Amoonguss
|-resisted|p2a: Amoonguss
|-damage|p2a: Amoonguss|64/100
|-unboost|p2a: Amoonguss|def|1
|
|-heal|p2a: Amoonguss|70/100|[from] item: Black Sludge
|-damage|p1a: Zapdos|63/100 tox|[from] psn
|upkeep
|turn|29
|
|t:|1653798635
|move|p1a: Zapdos|Thunderous Kick|p2a: Amoonguss
|-resisted|p2a: Amoonguss
|-damage|p2a: Amoonguss|32/100
|-unboost|p2a: Amoonguss|def|1
|move|p2a: Amoonguss|Foul Play|p1a: Zapdos
|-resisted|p1a: Zapdos
|-damage|p1a: Zapdos|45/100 tox
|
|-heal|p2a: Amoonguss|39/100|[from] item: Black Sludge
|-damage|p1a: Zapdos|20/100 tox|[from] psn
|upkeep
|turn|30
|j| FavMon=Garchomp
|l| HOF69
|
|t:|1653798653
|switch|p2a: Gastrodon|Gastrodon, F|33/100
|-damage|p2a: Gastrodon|27/100|[from] Stealth Rock
|move|p1a: Zapdos|Thunderous Kick|p2a: Gastrodon
|-damage|p2a: Gastrodon|0 fnt
|faint|p2a: Gastrodon
|
|-damage|p1a: Zapdos|0 fnt|[from] psn
|faint|p1a: Zapdos
|upkeep
|
|t:|1653798672
|switch|p1a: Landorus|Landorus-Therian, M|100/100
|switch|p2a: Umbreon|Umbreon, F|100/100
|-ability|p1a: Landorus|Intimidate|boost
|-unboost|p2a: Umbreon|atk|1
|-damage|p2a: Umbreon|88/100|[from] Stealth Rock
|turn|31
|
|t:|1653798677
|move|p1a: Landorus|Earthquake|p2a: Umbreon
|-damage|p2a: Umbreon|59/100
|move|p2a: Umbreon|Foul Play|p1a: Landorus
|-damage|p1a: Landorus|61/100
|
|-heal|p1a: Landorus|67/100|[from] item: Leftovers
|-heal|p2a: Umbreon|65/100|[from] item: Leftovers
|upkeep
|turn|32
|j| GROSS SAMPLE TEAM
|
|t:|1653798683
|move|p1a: Landorus|Toxic|p2a: Umbreon
|-status|p2a: Umbreon|tox
|-activate|p2a: Umbreon|ability: Synchronize
|-status|p1a: Landorus|tox
|move|p2a: Umbreon|Wish|p2a: Umbreon
|
|-heal|p1a: Landorus|73/100 tox|[from] item: Leftovers
|-heal|p2a: Umbreon|71/100 tox|[from] item: Leftovers
|-damage|p1a: Landorus|67/100 tox|[from] psn
|-damage|p2a: Umbreon|65/100 tox|[from] psn
|upkeep
|turn|33
|
|t:|1653798686
|move|p1a: Landorus|U-turn|p2a: Umbreon
|-supereffective|p2a: Umbreon
|-damage|p2a: Umbreon|39/100 tox
|
|t:|1653798688
|switch|p1a: Tapu Lele|Tapu Lele|100/100|[from]move: U-turn
|-fieldstart|move: Psychic Terrain|[from] ability: Psychic Surge|[of] p1a: Tapu Lele
|move|p2a: Umbreon|Foul Play|p1a: Tapu Lele
|-damage|p1a: Tapu Lele|70/100
|
|-heal|p2a: Umbreon|89/100 tox|[from] move: Wish|[wisher] Umbreon
|-heal|p2a: Umbreon|95/100 tox|[from] item: Leftovers
|-damage|p2a: Umbreon|82/100 tox|[from] psn
|upkeep
|turn|34
|
|t:|1653798692
|switch|p2a: Jirachi|Jirachi|88/100
|-damage|p2a: Jirachi|82/100|[from] Stealth Rock
|move|p1a: Tapu Lele|Thunderbolt|p2a: Jirachi
|-damage|p2a: Jirachi|62/100
|
|-heal|p2a: Jirachi|68/100|[from] item: Leftovers
|upkeep
|turn|35
|
|t:|1653798695
|move|p1a: Tapu Lele|Thunderbolt|p2a: Jirachi
|-damage|p2a: Jirachi|48/100
|move|p2a: Jirachi|Iron Head|p1a: Tapu Lele
|-supereffective|p1a: Tapu Lele
|-damage|p1a: Tapu Lele|0 fnt
|faint|p1a: Tapu Lele
|
|-heal|p2a: Jirachi|54/100|[from] item: Leftovers
|upkeep
|
|t:|1653798697
|switch|p1a: Landorus|Landorus-Therian, M|67/100 tox
|-ability|p1a: Landorus|Intimidate|boost
|-unboost|p2a: Jirachi|atk|1
|turn|36
|
|t:|1653798700
|move|p2a: Jirachi|Protect|p2a: Jirachi
|-singleturn|p2a: Jirachi|Protect
|move|p1a: Landorus|U-turn|p2a: Jirachi
|-activate|p2a: Jirachi|move: Protect
|
|-heal|p2a: Jirachi|61/100|[from] item: Leftovers
|-heal|p1a: Landorus|73/100 tox|[from] item: Leftovers
|-damage|p1a: Landorus|67/100 tox|[from] psn
|upkeep
|turn|37
|c|☆Batataplays|gg btw
|c|☆Epic Pokedestroyer|gg
|-message|Batataplays forfeited.
|
|win|Epic Pokedestroyer
|n|☆Batataplays|batataplays
|n|☆Epic Pokedestroyer|epicpokedestroyer
|n| iamnoob304|iamnoob304
|n| hami ketchum|hamiketchum
|n| 1-800-CallMyBluff|1800callmybluff
|n| CrimsonCrow17|crimsoncrow17
|n| Mimikyu VG7|mimikyuvg7
|n| Sww-Suwa|swwsuwa
|n| FavMon=Garchomp|favmongarchomp
|n| GROSS SAMPLE TEAM|grosssampleteam
