|j|☆ghostin.test
|j|☆Corumba
|t:|1608484528
|player|p1|ghostin.test|psychic-gen4|1631
|player|p2|Corumba|schoolkid-gen4|1683
|teamsize|p1|6
|teamsize|p2|6
|gametype|singles
|gen|8
|tier|[Gen 8] OU
|rated|
|clearpoke
|poke|p1|Mienshao, M|
|poke|p1|Swampert, M|
|poke|p1|Zapdos|
|poke|p1|Bisharp, F|
|poke|p1|Ferrothorn, M|
|poke|p1|Blacephalon|
|poke|p2|Tangrowth, M|
|poke|p2|Slowking-Galar, F|
|poke|p2|Tyranitar, F|
|poke|p2|Excadrill, M|
|poke|p2|Tornadus-Therian, M|
|poke|p2|Volcanion|
|rule|Sleep Clause Mod: Limit one foe put to sleep
|rule|Species Clause: Limit one of each Pokémon
|rule|OHKO Clause: OHKO moves are banned
|rule|Evasion Moves Clause: Evasion moves are banned
|rule|Endless Battle Clause: Forcing endless battles is banned
|rule|HP Percentage Mod: HP is shown in percentages
|rule|Dynamax Clause: You cannot dynamax
|teampreview
|inactive|Battle timer is ON: inactive players will automatically lose when time's up. (requested by ghostin.test)
|j| Jjjddd
|
|t:|1608484549
|start
|switch|p1a: Mienshao|Mienshao, M, shiny|100/100
|switch|p2a: Volcanion|Volcanion|100/100
|turn|1
|
|t:|1608484555
|move|p1a: Mienshao|High Jump Kick|p2a: Volcanion
|-damage|p2a: Volcanion|0 fnt
|faint|p2a: Volcanion
|
|upkeep
|
|t:|1608484561
|switch|p2a: Tornadus|Tornadus-Therian, M|100/100
|turn|2
|
|t:|1608484565
|switch|p2a: Tyranitar|Tyranitar, F|100/100
|-weather|Sandstorm|[from] ability: Sand Stream|[of] p2a: Tyranitar
|switch|p1a: Swampert|Swampert, M|100/100
|
|-weather|Sandstorm|[upkeep]
|upkeep
|turn|3
|
|t:|1608484569
|move|p2a: Tyranitar|Toxic|p1a: Swampert
|-status|p1a: Swampert|tox
|move|p1a: Swampert|Earthquake|p2a: Tyranitar
|-supereffective|p2a: Tyranitar
|-damage|p2a: Tyranitar|46/100
|
|-weather|Sandstorm|[upkeep]
|-heal|p2a: Tyranitar|52/100|[from] item: Leftovers
|-damage|p1a: Swampert|94/100 tox|[from] psn
|upkeep
|turn|4
|
|t:|1608484577
|switch|p2a: Tangrowth|Tangrowth, M|100/100
|move|p1a: Swampert|Flip Turn|p2a: Tangrowth
|-resisted|p2a: Tangrowth
|-damage|p2a: Tangrowth|94/100
|-damage|p1a: Swampert|78/100 tox|[from] item: Rocky Helmet|[of] p2a: Tangrowth
|
|t:|1608484584
|switch|p1a: Blacephalon|Blacephalon|100/100|[from]move: Flip Turn
|
|-weather|Sandstorm|[upkeep]
|-damage|p1a: Blacephalon|94/100|[from] Sandstorm
|-damage|p2a: Tangrowth|88/100|[from] Sandstorm
|upkeep
|turn|5
|
|t:|1608484594
|switch|p2a: Tyranitar|Tyranitar, F|52/100
|move|p1a: Blacephalon|Flamethrower|p2a: Tyranitar
|-resisted|p2a: Tyranitar
|-damage|p2a: Tyranitar|42/100
|
|-weather|Sandstorm|[upkeep]
|-damage|p1a: Blacephalon|88/100|[from] Sandstorm
|-heal|p2a: Tyranitar|48/100|[from] item: Leftovers
|upkeep
|turn|6
|j| AnimaticLunatic
|
|t:|1608484603
|switch|p1a: Swampert|Swampert, M|78/100 tox
|move|p2a: Tyranitar|Stealth Rock|p1a: Swampert
|-sidestart|p1: ghostin.test|move: Stealth Rock
|
|-weather|none
|-heal|p2a: Tyranitar|54/100|[from] item: Leftovers
|-heal|p1a: Swampert|84/100 tox|[from] item: Leftovers
|-damage|p1a: Swampert|78/100 tox|[from] psn
|upkeep
|turn|7
|l| AnimaticLunatic
|
|t:|1608484611
|switch|p2a: Tangrowth|Tangrowth, M|100/100
|move|p1a: Swampert|Flip Turn|p2a: Tangrowth
|-resisted|p2a: Tangrowth
|-damage|p2a: Tangrowth|95/100
|-damage|p1a: Swampert|61/100 tox|[from] item: Rocky Helmet|[of] p2a: Tangrowth
|
|t:|1608484613
|switch|p1a: Zapdos|Zapdos|100/100|[from]move: Flip Turn
|
|upkeep
|turn|8
|
|t:|1608484621
|switch|p2a: Tyranitar|Tyranitar, F|54/100
|-weather|Sandstorm|[from] ability: Sand Stream|[of] p2a: Tyranitar
|move|p1a: Zapdos|Defog|p2a: Tyranitar
|-unboost|p2a: Tyranitar|evasion|1
|-sideend|p1: ghostin.test|Stealth Rock|[from] move: Defog|[of] p1a: Zapdos
|
|-weather|Sandstorm|[upkeep]
|-damage|p1a: Zapdos|94/100|[from] Sandstorm
|-heal|p2a: Tyranitar|60/100|[from] item: Leftovers
|upkeep
|turn|9
|
|t:|1608484627
|move|p1a: Zapdos|Volt Switch|p2a: Tyranitar
|-damage|p2a: Tyranitar|48/100
|
|t:|1608484629
|switch|p1a: Mienshao|Mienshao, M, shiny|100/100|[from]move: Volt Switch
|move|p2a: Tyranitar|Stealth Rock|p1a: Mienshao
|-sidestart|p1: ghostin.test|move: Stealth Rock
|
|-weather|Sandstorm|[upkeep]
|-damage|p1a: Mienshao|95/100|[from] Sandstorm
|-heal|p2a: Tyranitar|54/100|[from] item: Leftovers
|upkeep
|turn|10
|
|t:|1608484640
|switch|p2a: Tornadus|Tornadus-Therian, M|100/100
|move|p1a: Mienshao|High Jump Kick|p2a: Tornadus
|-resisted|p2a: Tornadus
|-damage|p2a: Tornadus|34/100
|
|-weather|Sandstorm|[upkeep]
|-damage|p2a: Tornadus|28/100|[from] Sandstorm
|-damage|p1a: Mienshao|89/100|[from] Sandstorm
|upkeep
|turn|11
|
|t:|1608484650
|switch|p1a: Zapdos|Zapdos|94/100
|move|p2a: Tornadus|Weather Ball|p1a: Zapdos
|-supereffective|p1a: Zapdos
|-damage|p1a: Zapdos|42/100
|
|-weather|Sandstorm|[upkeep]
|-damage|p2a: Tornadus|22/100|[from] Sandstorm
|-damage|p1a: Zapdos|36/100|[from] Sandstorm
|upkeep
|turn|12
|
|t:|1608484660
|switch|p1a: Swampert|Swampert, M|61/100 tox
|-damage|p1a: Swampert|55/100 tox|[from] Stealth Rock
|move|p2a: Tornadus|Weather Ball|p1a: Swampert
|-resisted|p1a: Swampert
|-damage|p1a: Swampert|44/100 tox
|
|-weather|none
|-heal|p1a: Swampert|50/100 tox|[from] item: Leftovers
|-damage|p1a: Swampert|44/100 tox|[from] psn
|upkeep
|turn|13
|
|t:|1608484671
|switch|p2a: Tangrowth|Tangrowth, M|100/100
|switch|p1a: Mienshao|Mienshao, M, shiny|89/100
|-damage|p1a: Mienshao|83/100|[from] Stealth Rock
|
|upkeep
|turn|14
|
|t:|1608484678
|move|p1a: Mienshao|U-turn|p2a: Tangrowth
|-supereffective|p2a: Tangrowth
|-damage|p2a: Tangrowth|61/100
|-damage|p1a: Mienshao|66/100|[from] item: Rocky Helmet|[of] p2a: Tangrowth
|
|t:|1608484684
|switch|p1a: Zapdos|Zapdos|36/100|[from]move: U-turn
|move|p2a: Tangrowth|Knock Off|p1a: Zapdos
|-damage|p1a: Zapdos|15/100
|-status|p2a: Tangrowth|par|[from] ability: Static|[of] p1a: Zapdos
|-enditem|p1a: Zapdos|Heavy-Duty Boots|[from] move: Knock Off|[of] p2a: Tangrowth
|
|upkeep
|turn|15
|
|t:|1608484690
|move|p1a: Zapdos|Roost|p1a: Zapdos
|-heal|p1a: Zapdos|65/100
|-singleturn|p1a: Zapdos|move: Roost
|move|p2a: Tangrowth|Sleep Powder|p1a: Zapdos
|-status|p1a: Zapdos|slp|[from] move: Sleep Powder
|
|upkeep
|turn|16
|
|t:|1608484699
|switch|p1a: Mienshao|Mienshao, M, shiny|66/100
|-damage|p1a: Mienshao|60/100|[from] Stealth Rock
|switch|p2a: Slowking|Slowking-Galar, F|100/100
|
|upkeep
|turn|17
|
|t:|1608484706
|switch|p2a: Tangrowth|Tangrowth, M|95/100 par
|move|p1a: Mienshao|Knock Off|p2a: Tangrowth
|-crit|p2a: Tangrowth
|-damage|p2a: Tangrowth|59/100 par
|-damage|p1a: Mienshao|44/100|[from] item: Rocky Helmet|[of] p2a: Tangrowth
|-enditem|p2a: Tangrowth|Rocky Helmet|[from] move: Knock Off|[of] p1a: Mienshao
|
|upkeep
|turn|18
|
|t:|1608484715
|switch|p1a: Zapdos|Zapdos|65/100 slp
|-damage|p1a: Zapdos|40/100 slp|[from] Stealth Rock
|cant|p2a: Tangrowth|par
|
|upkeep
|turn|19
|
|t:|1608484719
|switch|p2a: Slowking|Slowking-Galar, F|100/100
|cant|p1a: Zapdos|slp
|
|upkeep
|turn|20
|
|t:|1608484722
|-curestatus|p1a: Zapdos|slp|[msg]
|move|p1a: Zapdos|Roost|p1a: Zapdos
|-heal|p1a: Zapdos|90/100
|-singleturn|p1a: Zapdos|move: Roost
|move|p2a: Slowking|Future Sight|p1a: Zapdos
|-start|p2a: Slowking|move: Future Sight
|
|upkeep
|turn|21
|
|t:|1608484729
|move|p1a: Zapdos|Defog|p2a: Slowking
|-unboost|p2a: Slowking|evasion|1
|-sideend|p1: ghostin.test|Stealth Rock|[from] move: Defog|[of] p1a: Zapdos
|move|p2a: Slowking|Flamethrower|p1a: Zapdos
|-damage|p1a: Zapdos|71/100
|
|upkeep
|turn|22
|
|t:|1608484735
|move|p1a: Zapdos|Roost|p1a: Zapdos
|-heal|p1a: Zapdos|100/100
|-singleturn|p1a: Zapdos|move: Roost
|move|p2a: Slowking|Flamethrower|p1a: Zapdos
|-damage|p1a: Zapdos|81/100
|
|-end|p1a: Zapdos|move: Future Sight
|-damage|p1a: Zapdos|42/100
|upkeep
|turn|23
|
|t:|1608484740
|move|p1a: Zapdos|Volt Switch|p2a: Slowking
|-crit|p2a: Slowking
|-damage|p2a: Slowking|80/100
|
|t:|1608484742
|switch|p1a: Bisharp|Bisharp, F|100/100|[from]move: Volt Switch
|move|p2a: Slowking|Future Sight|p1a: Bisharp
|-start|p2a: Slowking|move: Future Sight
|
|upkeep
|turn|24
|
|t:|1608484748
|switch|p2a: Excadrill|Excadrill, M|100/100
|move|p1a: Bisharp|Swords Dance|p1a: Bisharp
|-boost|p1a: Bisharp|atk|2
|
|upkeep
|turn|25
|
|t:|1608484755
|switch|p2a: Tornadus|Tornadus-Therian, M|55/100
|move|p1a: Bisharp|Sucker Punch||[still]
|-fail|p1a: Bisharp
|
|-end|p1a: Bisharp|move: Future Sight
|-immune|p1a: Bisharp
|upkeep
|turn|26
|
|t:|1608484761
|switch|p2a: Tangrowth|Tangrowth, M|92/100 par
|move|p1a: Bisharp|Knock Off|p2a: Tangrowth
|-damage|p2a: Tangrowth|46/100 par
|-damage|p1a: Bisharp|91/100|[from] item: Life Orb
|
|upkeep
|turn|27
|
|t:|1608484766
|move|p1a: Bisharp|Iron Head|p2a: Tangrowth
|-damage|p2a: Tangrowth|0 fnt
|-damage|p1a: Bisharp|81/100|[from] item: Life Orb
|faint|p2a: Tangrowth
|
|upkeep
|
|t:|1608484772
|switch|p2a: Tornadus|Tornadus-Therian, M|88/100
|turn|28
|
|t:|1608484775
|move|p1a: Bisharp|Sucker Punch|p2a: Tornadus
|-crit|p2a: Tornadus
|-damage|p2a: Tornadus|0 fnt
|-damage|p1a: Bisharp|71/100|[from] item: Life Orb
|faint|p2a: Tornadus
|
|upkeep
|-message|Corumba forfeited.
|
|win|ghostin.test
|l|☆Corumba
|raw|ghostin.test's rating: 1653 &rarr; <strong>1675</strong><br />(+22 for winning)
|raw|Corumba's rating: 1683 &rarr; <strong>1661</strong><br />(-22 for losing)
|l| Jjjddd
