|j|☆dreaming eyes
|j|☆Elite4Donovan
|t:|1654549228
|gametype|singles
|player|p1|dreaming eyes|pokemonranger-gen4|1685
|player|p2|Elite4Donovan|lucas|1649
|teamsize|p1|6
|teamsize|p2|6
|gen|8
|tier|[Gen 8] OU
|rated|
|rule|Sleep Clause Mod: Limit one foe put to sleep
|rule|Species Clause: Limit one of each Pokémon
|rule|OHKO Clause: OHKO moves are banned
|rule|Evasion Moves Clause: Evasion moves are banned
|rule|Endless Battle Clause: Forcing endless battles is banned
|rule|HP Percentage Mod: HP is shown in percentages
|rule|Dynamax Clause: You cannot dynamax
|clearpoke
|poke|p1|Tapu Koko|
|poke|p1|Zeraora|
|poke|p1|Kartana|
|poke|p1|Rillaboom, M|
|poke|p1|Blaziken, M|
|poke|p1|Necrozma|
|poke|p2|Drednaw, M|
|poke|p2|Pelipper, M|
|poke|p2|Barraskewda, F|
|poke|p2|Ferrothorn, M|
|poke|p2|Landorus-Therian, M|
|poke|p2|Cryogonal|
|teampreview
|inactive|Battle timer is ON: inactive players will automatically lose when time's up. (requested by dreaming eyes)
|
|t:|1654549245
|start
|switch|p1a: Kong|Rillaboom, M, shiny|100/100
|switch|p2a: Pelipper|Pelipper, M|100/100
|-fieldstart|move: Grassy Terrain|[from] ability: Grassy Surge|[of] p1a: Kong
|-weather|RainDance|[from] ability: Drizzle|[of] p2a: Pelipper
|turn|1
|j| spookyz23
|
|t:|1654549254
|move|p1a: Kong|Wood Hammer|p2a: Pelipper
|-damage|p2a: Pelipper|0 fnt
|faint|p2a: Pelipper
|-damage|p1a: Kong|69/100|[from] Recoil
|
|-weather|RainDance|[upkeep]
|-heal|p1a: Kong|75/100|[from] Grassy Terrain
|upkeep
|
|t:|1654549264
|switch|p2a: Drednaw|Drednaw, M|100/100
|turn|2
|
|t:|1654549268
|move|p2a: Drednaw|Head Smash|p1a: Kong
|-damage|p1a: Kong|0 fnt
|faint|p1a: Kong
|-damage|p2a: Drednaw|61/100|[from] Recoil
|-damage|p2a: Drednaw|51/100|[from] item: Life Orb
|
|-weather|RainDance|[upkeep]
|-heal|p2a: Drednaw|57/100|[from] Grassy Terrain
|upkeep
|
|t:|1654549282
|switch|p1a: Deathstroke|Kartana, shiny|100/100
|turn|3
|
|t:|1654549302
|move|p2a: Drednaw|Superpower|p1a: Deathstroke
|-supereffective|p1a: Deathstroke
|-damage|p1a: Deathstroke|4/100
|-unboost|p2a: Drednaw|atk|1
|-unboost|p2a: Drednaw|def|1
|-damage|p2a: Drednaw|47/100|[from] item: Life Orb
|move|p1a: Deathstroke|Leaf Blade|p2a: Drednaw
|-supereffective|p2a: Drednaw
|-crit|p2a: Drednaw
|-damage|p2a: Drednaw|0 fnt
|faint|p2a: Drednaw
|-ability|p1a: Deathstroke|Beast Boost|boost
|-boost|p1a: Deathstroke|atk|1
|
|-weather|RainDance|[upkeep]
|-heal|p1a: Deathstroke|10/100|[from] Grassy Terrain
|upkeep
|j| CoronaVarus EUW
|
|t:|1654549305
|switch|p2a: Barraskewda|Barraskewda, F|100/100
|turn|4
|
|t:|1654549314
|move|p2a: Barraskewda|Liquidation|p1a: Deathstroke
|-resisted|p1a: Deathstroke
|-damage|p1a: Deathstroke|0 fnt
|faint|p1a: Deathstroke
|
|-weather|RainDance|[upkeep]
|upkeep
|
|t:|1654549324
|switch|p1a: Destroyer|Blaziken, M, shiny|100/100
|turn|5
|
|t:|1654549329
|move|p1a: Destroyer|Protect|p1a: Destroyer
|-singleturn|p1a: Destroyer|Protect
|move|p2a: Barraskewda|Liquidation|p1a: Destroyer
|-activate|p1a: Destroyer|move: Protect
|
|-weather|RainDance|[upkeep]
|-fieldend|move: Grassy Terrain
|-ability|p1a: Destroyer|Speed Boost|boost
|-boost|p1a: Destroyer|spe|1
|upkeep
|turn|6
|
|t:|1654549340
|switch|p1a: Prophet|Necrozma, shiny|100/100
|move|p2a: Barraskewda|Liquidation|p1a: Prophet
|-damage|p1a: Prophet|0 fnt
|faint|p1a: Prophet
|
|-weather|RainDance|[upkeep]
|upkeep
|
|t:|1654549344
|switch|p1a: Destroyer|Blaziken, M, shiny|100/100
|turn|7
|
|t:|1654549346
|move|p1a: Destroyer|Protect|p1a: Destroyer
|-singleturn|p1a: Destroyer|Protect
|move|p2a: Barraskewda|Liquidation|p1a: Destroyer
|-activate|p1a: Destroyer|move: Protect
|
|-weather|RainDance|[upkeep]
|-ability|p1a: Destroyer|Speed Boost|boost
|-boost|p1a: Destroyer|spe|1
|upkeep
|turn|8
|
|t:|1654549350
|move|p1a: Destroyer|Protect|p1a: Destroyer
|-singleturn|p1a: Destroyer|Protect
|move|p2a: Barraskewda|Liquidation|p1a: Destroyer
|-activate|p1a: Destroyer|move: Protect
|
|-weather|none
|-ability|p1a: Destroyer|Speed Boost|boost
|-boost|p1a: Destroyer|spe|1
|upkeep
|turn|9
|
|t:|1654549360
|move|p1a: Destroyer|Close Combat|p2a: Barraskewda
|-damage|p2a: Barraskewda|0 fnt
|-unboost|p1a: Destroyer|def|1
|-unboost|p1a: Destroyer|spd|1
|faint|p2a: Barraskewda
|-damage|p1a: Destroyer|91/100|[from] item: Life Orb
|
|-ability|p1a: Destroyer|Speed Boost|boost
|-boost|p1a: Destroyer|spe|1
|upkeep
|
|t:|1654549362
|switch|p2a: Landorus|Landorus-Therian, M|100/100
|-ability|p2a: Landorus|Intimidate|boost
|-unboost|p1a: Destroyer|atk|1
|turn|10
|
|t:|1654549370
|move|p1a: Destroyer|Flare Blitz|p2a: Landorus
|-damage|p2a: Landorus|46/100
|-damage|p1a: Destroyer|68/100|[from] Recoil
|-damage|p1a: Destroyer|58/100|[from] item: Life Orb
|move|p2a: Landorus|Earthquake|p1a: Destroyer
|-supereffective|p1a: Destroyer
|-damage|p1a: Destroyer|0 fnt
|faint|p1a: Destroyer
|
|-heal|p2a: Landorus|52/100|[from] item: Leftovers
|upkeep
|
|t:|1654549375
|switch|p1a: Quintessa|Tapu Koko, shiny|100/100
|-fieldstart|move: Electric Terrain|[from] ability: Electric Surge|[of] p1a: Quintessa
|turn|11
|
|t:|1654549378
|switch|p2a: Ferrothorn|Ferrothorn, M|100/100
|move|p1a: Quintessa|Dazzling Gleam|p2a: Ferrothorn
|-resisted|p2a: Ferrothorn
|-damage|p2a: Ferrothorn|79/100
|
|-heal|p2a: Ferrothorn|85/100|[from] item: Leftovers
|upkeep
|turn|12
|
|t:|1654549381
|switch|p1a: Zephyr|Zeraora, shiny|100/100
|move|p2a: Ferrothorn|Leech Seed|p1a: Zephyr
|-start|p1a: Zephyr|move: Leech Seed
|
|-heal|p2a: Ferrothorn|92/100|[from] item: Leftovers
|-damage|p1a: Zephyr|88/100|[from] Leech Seed|[of] p2a: Ferrothorn
|-heal|p2a: Ferrothorn|100/100|[silent]
|upkeep
|turn|13
|
|t:|1654549386
|move|p1a: Zephyr|Blaze Kick|p2a: Ferrothorn
|-supereffective|p2a: Ferrothorn
|-crit|p2a: Ferrothorn
|-damage|p2a: Ferrothorn|0 fnt
|-damage|p1a: Zephyr|76/100|[from] ability: Iron Barbs|[of] p2a: Ferrothorn
|faint|p2a: Ferrothorn
|
|upkeep
|
|t:|1654549391
|switch|p2a: Landorus|Landorus-Therian, M|52/100
|-ability|p2a: Landorus|Intimidate|boost
|-unboost|p1a: Zephyr|atk|1
|turn|14
|
|t:|1654549397
|move|p1a: Zephyr|Blaze Kick|p2a: Landorus
|-damage|p2a: Landorus|25/100
|move|p2a: Landorus|Earthquake|p1a: Zephyr
|-supereffective|p1a: Zephyr
|-damage|p1a: Zephyr|0 fnt
|faint|p1a: Zephyr
|
|-heal|p2a: Landorus|31/100|[from] item: Leftovers
|upkeep
|
|t:|1654549401
|switch|p1a: Quintessa|Tapu Koko, shiny|100/100
|turn|15
|
|t:|1654549404
|move|p1a: Quintessa|Dazzling Gleam|p2a: Landorus
|-damage|p2a: Landorus|0 fnt
|faint|p2a: Landorus
|
|-fieldend|move: Electric Terrain
|upkeep
|
|t:|1654549406
|switch|p2a: Cryogonal|Cryogonal|100/100
|turn|16
|
|t:|1654549415
|move|p1a: Quintessa|Dazzling Gleam|p2a: Cryogonal
|-damage|p2a: Cryogonal|61/100
|move|p2a: Cryogonal|Toxic|p1a: Quintessa
|-status|p1a: Quintessa|tox
|
|-damage|p1a: Quintessa|94/100 tox|[from] psn
|upkeep
|turn|17
|
|t:|1654549419
|move|p1a: Quintessa|Dazzling Gleam|p2a: Cryogonal
|-damage|p2a: Cryogonal|24/100
|move|p2a: Cryogonal|Recover|p2a: Cryogonal
|-heal|p2a: Cryogonal|75/100
|
|-damage|p1a: Quintessa|82/100 tox|[from] psn
|upkeep
|turn|18
|
|t:|1654549421
|move|p1a: Quintessa|Dazzling Gleam|p2a: Cryogonal
|-damage|p2a: Cryogonal|35/100
|move|p2a: Cryogonal|Recover|p2a: Cryogonal
|-heal|p2a: Cryogonal|86/100
|
|-damage|p1a: Quintessa|64/100 tox|[from] psn
|upkeep
|turn|19
|
|t:|1654549427
|move|p1a: Quintessa|Dazzling Gleam|p2a: Cryogonal
|-damage|p2a: Cryogonal|47/100
|move|p2a: Cryogonal|Freeze-Dry|p1a: Quintessa
|-damage|p1a: Quintessa|29/100 tox
|
|-damage|p1a: Quintessa|4/100 tox|[from] psn
|upkeep
|turn|20
|
|t:|1654549430
|move|p1a: Quintessa|Dazzling Gleam|p2a: Cryogonal
|-damage|p2a: Cryogonal|13/100
|move|p2a: Cryogonal|Freeze-Dry|p1a: Quintessa
|-crit|p1a: Quintessa
|-damage|p1a: Quintessa|0 fnt
|faint|p1a: Quintessa
|
|win|Elite4Donovan
|raw|dreaming eyes's rating: 1685 &rarr; <strong>1663</strong><br />(-22 for losing)
|raw|Elite4Donovan's rating: 1649 &rarr; <strong>1671</strong><br />(+22 for winning)
|c|☆dreaming eyes|gg
|c|☆Elite4Donovan|gg
|l|☆dreaming eyes
||Ladder isn't responding, score probably updated but might not have (Request timeout).
