|j|☆halaman95
|j|☆testotesto321
|player|p1|halaman95|145|1673
|player|p2|testotesto321|bellelba|1705
|teamsize|p1|6
|teamsize|p2|6
|gametype|singles
|gen|8
|tier|[Gen 8] OU
|rated|
|html|<div class="broadcast-red"><strong>OU is currently suspecting Melmetal! For information on how to participate check out the <a href="https://www.smogon.com/forums/threads/3662190/">suspect thread</a>.</strong></div>
|clearpoke
|poke|p1|Necrozma|
|poke|p1|Accelgor, F|
|poke|p1|Ninetales-Alola, F|
|poke|p1|Cloyster, F|
|poke|p1|Bisharp, F|
|poke|p1|Gengar, M|
|poke|p2|Kyurem|
|poke|p2|Zeraora|
|poke|p2|Melmetal|
|poke|p2|Seismitoad, M|
|poke|p2|Corviknight, F|
|poke|p2|Toxapex, F|
|rule|Sleep Clause Mod: Limit one foe put to sleep
|rule|Species Clause: Limit one of each Pokémon
|rule|OHKO Clause: OHKO moves are banned
|rule|Evasion Moves Clause: Evasion moves are banned
|rule|Endless Battle Clause: Forcing endless battles is banned
|rule|HP Percentage Mod: HP is shown in percentages
|rule|Dynamax Clause: You cannot dynamax
|teampreview
|inactive|Battle timer is ON: inactive players will automatically lose when time's up. (requested by testotesto321)
|
|start
|switch|p1a: Accelgor|Accelgor, F|100/100
|switch|p2a: Corviknight|Corviknight, F, shiny|100/100
|-ability|p2a: Corviknight|Pressure
|turn|1
|
|move|p1a: Accelgor|Spikes|p2a: Corviknight
|-sidestart|p2: testotesto321|Spikes
|move|p2a: Corviknight|Iron Head|p1a: Accelgor
|-damage|p1a: Accelgor|51/100
|
|upkeep
|turn|2
|
|move|p1a: Accelgor|Encore|p2a: Corviknight
|-start|p2a: Corviknight|Encore
|move|p2a: Corviknight|Iron Head|p1a: Accelgor
|-damage|p1a: Accelgor|3/100
|
|upkeep
|turn|3
|
|move|p1a: Accelgor|Spikes|p2a: Corviknight
|-sidestart|p2: testotesto321|Spikes
|move|p2a: Corviknight|Iron Head|p1a: Accelgor
|-damage|p1a: Accelgor|0 fnt
|faint|p1a: Accelgor
|
|upkeep
|
|switch|p1a: Bisharp|Bisharp, F|100/100
|turn|4
|
|switch|p2a: Seismitoad|Seismitoad, M|100/100
|-damage|p2a: Seismitoad|84/100|[from] Spikes
|move|p1a: Bisharp|Swords Dance|p1a: Bisharp
|-boost|p1a: Bisharp|atk|2
|
|-heal|p2a: Seismitoad|90/100|[from] item: Leftovers
|upkeep
|turn|5
|
|move|p1a: Bisharp|Knock Off|p2a: Seismitoad
|-crit|p2a: Seismitoad
|-damage|p2a: Seismitoad|0 fnt
|-enditem|p2a: Seismitoad|Leftovers|[from] move: Knock Off|[of] p1a: Bisharp
|faint|p2a: Seismitoad
|
|upkeep
|
|switch|p2a: Melmetal|Melmetal|100/100
|-damage|p2a: Melmetal|84/100|[from] Spikes
|turn|6
|
|move|p1a: Bisharp|Knock Off|p2a: Melmetal
|-damage|p2a: Melmetal|13/100
|-enditem|p2a: Melmetal|Choice Band|[from] move: Knock Off|[of] p1a: Bisharp
|move|p2a: Melmetal|Superpower|p1a: Bisharp
|-supereffective|p1a: Bisharp
|-damage|p1a: Bisharp|0 fnt
|-unboost|p2a: Melmetal|atk|1
|-unboost|p2a: Melmetal|def|1
|faint|p1a: Bisharp
|
|upkeep
|
|switch|p1a: Necrozma|Necrozma|100/100
|turn|7
|
|move|p1a: Necrozma|Autotomize|p1a: Necrozma
|-boost|p1a: Necrozma|spe|2
|-start|p1a: Necrozma|Autotomize
|move|p2a: Melmetal|Double Iron Bash|p1a: Necrozma
|-crit|p1a: Necrozma
|-damage|p1a: Necrozma|38/100
|-damage|p1a: Necrozma|6/100
|-hitcount|p1a: Necrozma|2
|
|upkeep
|turn|8
|
|move|p1a: Necrozma|Photon Geyser|p2a: Melmetal
|-resisted|p2a: Melmetal
|-damage|p2a: Melmetal|0 fnt
|faint|p2a: Melmetal
|
|upkeep
|
|switch|p2a: Corviknight|Corviknight, F, shiny|100/100
|-ability|p2a: Corviknight|Pressure
|turn|9
|
|move|p1a: Necrozma|Calm Mind|p1a: Necrozma
|-boost|p1a: Necrozma|spa|1
|-boost|p1a: Necrozma|spd|1
|move|p2a: Corviknight|U-turn|p1a: Necrozma
|-supereffective|p1a: Necrozma
|-damage|p1a: Necrozma|0 fnt
|faint|p1a: Necrozma
|
|switch|p2a: Toxapex|Toxapex, F, shiny|100/100|[from]move: U-turn
|-damage|p2a: Toxapex|84/100|[from] Spikes
|
|-heal|p2a: Toxapex|90/100|[from] item: Black Sludge
|upkeep
|
|switch|p1a: Ninetales|Ninetales-Alola, F|100/100
|-weather|Hail|[from] ability: Snow Warning|[of] p1a: Ninetales
|turn|10
|
|switch|p2a: Corviknight|Corviknight, F, shiny|100/100
|-ability|p2a: Corviknight|Pressure
|move|p1a: Ninetales|Hypnosis|p2a: Corviknight|[miss]
|-miss|p1a: Ninetales|p2a: Corviknight
|
|-weather|Hail|[upkeep]
|-damage|p2a: Corviknight|94/100|[from] Hail
|-heal|p2a: Corviknight|100/100|[from] item: Leftovers
|upkeep
|turn|11
|
|move|p1a: Ninetales|Hypnosis|p2a: Corviknight
|-status|p2a: Corviknight|slp|[from] move: Hypnosis
|cant|p2a: Corviknight|slp
|
|-weather|Hail|[upkeep]
|-damage|p2a: Corviknight|94/100 slp|[from] Hail
|-heal|p2a: Corviknight|100/100 slp|[from] item: Leftovers
|upkeep
|turn|12
|
|move|p1a: Ninetales|Aurora Veil|p1a: Ninetales
|-sidestart|p1: halaman95|move: Aurora Veil
|cant|p2a: Corviknight|slp
|
|-weather|Hail|[upkeep]
|-damage|p2a: Corviknight|94/100 slp|[from] Hail
|-heal|p2a: Corviknight|100/100 slp|[from] item: Leftovers
|upkeep
|turn|13
|
|switch|p1a: Cloyster|Cloyster, F|100/100
|-curestatus|p2a: Corviknight|slp|[msg]
|move|p2a: Corviknight|Defog|p1a: Cloyster
|-unboost|p1a: Cloyster|evasion|1
|-sideend|p1: halaman95|move: Aurora Veil
|-sideend|p2: testotesto321|Spikes|[from] move: Defog|[of] p2a: Corviknight
|
|-weather|Hail|[upkeep]
|-damage|p2a: Corviknight|94/100|[from] Hail
|-heal|p2a: Corviknight|100/100|[from] item: Leftovers
|upkeep
|turn|14
|
|move|p1a: Cloyster|Icicle Spear|p2a: Corviknight
|-damage|p2a: Corviknight|90/100
|-damage|p2a: Corviknight|81/100
|-damage|p2a: Corviknight|71/100
|-crit|p2a: Corviknight
|-damage|p2a: Corviknight|57/100
|-damage|p2a: Corviknight|47/100
|-hitcount|p2a: Corviknight|5
|cant|p2a: Corviknight|flinch
|
|-weather|none
|-heal|p2a: Corviknight|54/100|[from] item: Leftovers
|upkeep
|turn|15
|
|move|p1a: Cloyster|Icicle Spear|p2a: Corviknight
|-damage|p2a: Corviknight|45/100
|-damage|p2a: Corviknight|35/100
|-damage|p2a: Corviknight|26/100
|-damage|p2a: Corviknight|16/100
|-damage|p2a: Corviknight|7/100
|-hitcount|p2a: Corviknight|5
|cant|p2a: Corviknight|flinch
|
|-heal|p2a: Corviknight|13/100|[from] item: Leftovers
|upkeep
|turn|16
|
|move|p1a: Cloyster|Icicle Spear|p2a: Corviknight
|-damage|p2a: Corviknight|3/100
|-damage|p2a: Corviknight|0 fnt
|-hitcount|p2a: Corviknight|2
|faint|p2a: Corviknight
|
|upkeep
|
|switch|p2a: Zeraora|Zeraora|100/100
|turn|17
|
|move|p2a: Zeraora|Plasma Fists|p1a: Cloyster
|-supereffective|p1a: Cloyster
|-damage|p1a: Cloyster|18/100
|-fieldactivate|move: Ion Deluge
|move|p1a: Cloyster|Shell Smash|p1a: Cloyster
|-unboost|p1a: Cloyster|def|1
|-unboost|p1a: Cloyster|spd|1
|-boost|p1a: Cloyster|atk|2
|-boost|p1a: Cloyster|spa|2
|-boost|p1a: Cloyster|spe|2
|
|upkeep
|turn|18
|
|switch|p2a: Kyurem|Kyurem|100/100
|-ability|p2a: Kyurem|Pressure
|move|p1a: Cloyster|Icicle Spear|p2a: Kyurem
|-damage|p2a: Kyurem|79/100
|-damage|p2a: Kyurem|58/100
|-crit|p2a: Kyurem
|-damage|p2a: Kyurem|27/100
|-damage|p2a: Kyurem|4/100
|-damage|p2a: Kyurem|0 fnt
|-hitcount|p2a: Kyurem|5
|faint|p2a: Kyurem
|
|upkeep
|
|switch|p2a: Toxapex|Toxapex, F, shiny|100/100
|turn|19
|
|move|p1a: Cloyster|Rock Blast|p2a: Toxapex
|-damage|p2a: Toxapex|91/100
|-damage|p2a: Toxapex|82/100
|-damage|p2a: Toxapex|73/100
|-damage|p2a: Toxapex|63/100
|-damage|p2a: Toxapex|53/100
|-hitcount|p2a: Toxapex|5
|move|p2a: Toxapex|Scald|p1a: Cloyster
|-resisted|p1a: Cloyster
|-damage|p1a: Cloyster|0 fnt
|faint|p1a: Cloyster
|
|-heal|p2a: Toxapex|59/100|[from] item: Black Sludge
|upkeep
|
|switch|p1a: Ninetales|Ninetales-Alola, F|100/100
|-weather|Hail|[from] ability: Snow Warning|[of] p1a: Ninetales
|turn|20
|
|move|p1a: Ninetales|Aurora Veil|p1a: Ninetales
|-sidestart|p1: halaman95|move: Aurora Veil
|move|p2a: Toxapex|Toxic|p1a: Ninetales
|-status|p1a: Ninetales|tox
|
|-weather|Hail|[upkeep]
|-damage|p2a: Toxapex|53/100|[from] Hail
|-heal|p2a: Toxapex|59/100|[from] item: Black Sludge
|-damage|p1a: Ninetales|94/100 tox|[from] psn
|upkeep
|turn|21
|
|move|p1a: Ninetales|Freeze-Dry|p2a: Toxapex
|-supereffective|p2a: Toxapex
|-damage|p2a: Toxapex|25/100
|move|p2a: Toxapex|Recover|p2a: Toxapex
|-heal|p2a: Toxapex|75/100
|
|-weather|Hail|[upkeep]
|-damage|p2a: Toxapex|69/100|[from] Hail
|-heal|p2a: Toxapex|75/100|[from] item: Black Sludge
|-damage|p1a: Ninetales|82/100 tox|[from] psn
|upkeep
|turn|22
|
|move|p1a: Ninetales|Hypnosis|p2a: Toxapex
|-status|p2a: Toxapex|slp|[from] move: Hypnosis
|cant|p2a: Toxapex|slp
|
|-weather|Hail|[upkeep]
|-damage|p2a: Toxapex|69/100 slp|[from] Hail
|-heal|p2a: Toxapex|75/100 slp|[from] item: Black Sludge
|-damage|p1a: Ninetales|64/100 tox|[from] psn
|upkeep
|turn|23
|
|switch|p1a: Gengar|Gengar, M|100/100
|switch|p2a: Zeraora|Zeraora|100/100
|
|-weather|Hail|[upkeep]
|-damage|p1a: Gengar|94/100|[from] Hail
|-damage|p2a: Zeraora|95/100|[from] Hail
|-heal|p2a: Zeraora|100/100|[from] item: Leftovers
|upkeep
|turn|24
|
|move|p1a: Gengar|Shadow Ball|p2a: Zeraora
|-damage|p2a: Zeraora|44/100
|move|p2a: Zeraora|Plasma Fists|p1a: Gengar
|-damage|p1a: Gengar|47/100
|-fieldactivate|move: Ion Deluge
|-start|p2a: Zeraora|Disable|Plasma Fists|[from] ability: Cursed Body|[of] p1a: Gengar
|
|-weather|none
|-heal|p2a: Zeraora|50/100|[from] item: Leftovers
|upkeep
|turn|25
|
|switch|p2a: Toxapex|Toxapex, F, shiny|100/100 slp
|move|p1a: Gengar|Shadow Ball|p2a: Toxapex
|-damage|p2a: Toxapex|69/100 slp
|
|-heal|p2a: Toxapex|75/100 slp|[from] item: Black Sludge
|upkeep
|turn|26
|
|move|p1a: Gengar|Shadow Ball|p2a: Toxapex
|-damage|p2a: Toxapex|39/100 slp
|cant|p2a: Toxapex|slp
|
|-heal|p2a: Toxapex|45/100 slp|[from] item: Black Sludge
|upkeep
|turn|27
|
|move|p1a: Gengar|Shadow Ball|p2a: Toxapex
|-damage|p2a: Toxapex|13/100 slp
|-curestatus|p2a: Toxapex|slp|[msg]
|move|p2a: Toxapex|Recover|p2a: Toxapex
|-heal|p2a: Toxapex|63/100
|
|-heal|p2a: Toxapex|69/100|[from] item: Black Sludge
|-sideend|p1: halaman95|move: Aurora Veil
|upkeep
|turn|28
|
|switch|p1a: Ninetales|Ninetales-Alola, F|64/100 tox
|-weather|Hail|[from] ability: Snow Warning|[of] p1a: Ninetales
|move|p2a: Toxapex|Scald|p1a: Ninetales
|-crit|p1a: Ninetales
|-damage|p1a: Ninetales|39/100 tox
|
|-weather|Hail|[upkeep]
|-damage|p2a: Toxapex|63/100|[from] Hail
|-heal|p2a: Toxapex|69/100|[from] item: Black Sludge
|-damage|p1a: Ninetales|33/100 tox|[from] psn
|upkeep
|turn|29
|
|move|p1a: Ninetales|Aurora Veil|p1a: Ninetales
|-sidestart|p1: halaman95|move: Aurora Veil
|move|p2a: Toxapex|Recover|p2a: Toxapex
|-heal|p2a: Toxapex|100/100
|
|-weather|Hail|[upkeep]
|-damage|p2a: Toxapex|94/100|[from] Hail
|-heal|p2a: Toxapex|100/100|[from] item: Black Sludge
|-damage|p1a: Ninetales|21/100 tox|[from] psn
|upkeep
|turn|30
|
|move|p1a: Ninetales|Hypnosis|p2a: Toxapex
|-status|p2a: Toxapex|slp|[from] move: Hypnosis
|cant|p2a: Toxapex|slp
|
|-weather|Hail|[upkeep]
|-damage|p2a: Toxapex|94/100 slp|[from] Hail
|-heal|p2a: Toxapex|100/100 slp|[from] item: Black Sludge
|-damage|p1a: Ninetales|3/100 tox|[from] psn
|upkeep
|turn|31
|
|switch|p1a: Gengar|Gengar, M|47/100
|cant|p2a: Toxapex|slp
|
|-weather|Hail|[upkeep]
|-damage|p1a: Gengar|41/100|[from] Hail
|-damage|p2a: Toxapex|94/100 slp|[from] Hail
|-heal|p2a: Toxapex|100/100 slp|[from] item: Black Sludge
|upkeep
|turn|32
|
|move|p1a: Gengar|Shadow Ball|p2a: Toxapex
|-damage|p2a: Toxapex|66/100 slp
|-curestatus|p2a: Toxapex|slp|[msg]
|move|p2a: Toxapex|Scald|p1a: Gengar
|-damage|p1a: Gengar|28/100
|-start|p2a: Toxapex|Disable|Scald|[from] ability: Cursed Body|[of] p1a: Gengar
|
|-weather|none
|-heal|p2a: Toxapex|72/100|[from] item: Black Sludge
|upkeep
|turn|33
|
|move|p1a: Gengar|Shadow Ball|p2a: Toxapex
|-damage|p2a: Toxapex|38/100
|-unboost|p2a: Toxapex|spd|1
|move|p2a: Toxapex|Recover|p2a: Toxapex
|-heal|p2a: Toxapex|88/100
|
|-heal|p2a: Toxapex|94/100|[from] item: Black Sludge
|upkeep
|turn|34
|
|move|p1a: Gengar|Shadow Ball|p2a: Toxapex
|-damage|p2a: Toxapex|41/100
|move|p2a: Toxapex|Recover|p2a: Toxapex
|-heal|p2a: Toxapex|91/100
|
|-heal|p2a: Toxapex|97/100|[from] item: Black Sludge
|upkeep
|turn|35
|
|move|p1a: Gengar|Shadow Ball|p2a: Toxapex
|-damage|p2a: Toxapex|48/100
|move|p2a: Toxapex|Recover|p2a: Toxapex
|-heal|p2a: Toxapex|98/100
|
|-heal|p2a: Toxapex|100/100|[from] item: Black Sludge
|-end|p2a: Toxapex|Disable
|upkeep
|turn|36
|
|move|p1a: Gengar|Shadow Ball|p2a: Toxapex
|-damage|p2a: Toxapex|52/100
|move|p2a: Toxapex|Scald|p1a: Gengar
|-damage|p1a: Gengar|15/100
|-start|p2a: Toxapex|Disable|Scald|[from] ability: Cursed Body|[of] p1a: Gengar
|
|-heal|p2a: Toxapex|58/100|[from] item: Black Sludge
|-sideend|p1: halaman95|move: Aurora Veil
|upkeep
|turn|37
|
|move|p1a: Gengar|Shadow Ball|p2a: Toxapex
|-crit|p2a: Toxapex
|-damage|p2a: Toxapex|0 fnt
|faint|p2a: Toxapex
|
|upkeep
|
|switch|p2a: Zeraora|Zeraora|50/100
|turn|38
|
|switch|p1a: Ninetales|Ninetales-Alola, F|3/100 tox
|-weather|Hail|[from] ability: Snow Warning|[of] p1a: Ninetales
|move|p2a: Zeraora|Plasma Fists|p1a: Ninetales
|-damage|p1a: Ninetales|0 fnt
|-fieldactivate|move: Ion Deluge
|faint|p1a: Ninetales
|
|-weather|Hail|[upkeep]
|-damage|p2a: Zeraora|44/100|[from] Hail
|-heal|p2a: Zeraora|50/100|[from] item: Leftovers
|upkeep
|
|switch|p1a: Gengar|Gengar, M|15/100
|turn|39
|
|move|p1a: Gengar|Sludge Wave|p2a: Zeraora
|-damage|p2a: Zeraora|0 fnt
|faint|p2a: Zeraora
|
|win|halaman95
|l|☆testotesto321
|c|☆halaman95|gg
|raw|halaman95's rating: 1650 &rarr; <strong>1672</strong><br />(+22 for winning)
|raw|testotesto321's rating: 1688 &rarr; <strong>1666</strong><br />(-22 for losing)
