|j|☆Dr. Elite
|j|☆stopthreat
|t:|1650511073
|gametype|singles
|player|p1|Dr. Elite|#drelite|1743
|player|p2|stopthreat|skier|1683
|teamsize|p1|6
|teamsize|p2|6
|gen|8
|tier|[Gen 8] OU
|rated|
|rule|Sleep Clause Mod: Limit one foe put to sleep
|rule|Species Clause: Limit one of each Pokémon
|rule|OHKO Clause: OHKO moves are banned
|rule|Evasion Moves Clause: Evasion moves are banned
|rule|Endless Battle Clause: Forcing endless battles is banned
|rule|HP Percentage Mod: HP is shown in percentages
|rule|Dynamax Clause: You cannot dynamax
|clearpoke
|poke|p1|Primarina, F|
|poke|p1|Clefable, F|
|poke|p1|Togekiss, M|
|poke|p1|Hatterene, F|
|poke|p1|Ninetales-Alola, F|
|poke|p1|Klefki, F|
|poke|p2|Dragapult, F|
|poke|p2|Clefable, M|
|poke|p2|Crawdaunt, M|
|poke|p2|Corviknight, M|
|poke|p2|Heatran, F|
|poke|p2|Gastrodon, M|
|teampreview
|j| cute pink team
|
|t:|1650511111
|start
|switch|p1a: Kindness|Ninetales-Alola, F|100/100
|switch|p2a: Heatran|Heatran, F|100/100
|-weather|Hail|[from] ability: Snow Warning|[of] p1a: Kindness
|turn|1
|
|t:|1650511117
|move|p1a: Kindness|Aurora Veil|p1a: Kindness
|-sidestart|p1: Dr. Elite|move: Aurora Veil
|move|p2a: Heatran|Magma Storm|p1a: Kindness|[miss]
|-miss|p2a: Heatran|p1a: Kindness
|
|-weather|Hail|[upkeep]
|-damage|p2a: Heatran|94/100|[from] Hail
|-heal|p2a: Heatran|100/100|[from] item: Leftovers
|upkeep
|turn|2
|
|t:|1650511120
|switch|p1a: Love|Primarina, F|100/100
|move|p2a: Heatran|Magma Storm|p1a: Love
|-resisted|p1a: Love
|-damage|p1a: Love|91/100
|-activate|p1a: Love|move: Magma Storm|[of] p2a: Heatran
|
|-weather|Hail|[upkeep]
|-damage|p2a: Heatran|94/100|[from] Hail
|-damage|p1a: Love|85/100|[from] Hail
|-heal|p2a: Heatran|100/100|[from] item: Leftovers
|-heal|p1a: Love|91/100|[from] item: Leftovers
|-damage|p1a: Love|79/100|[from] move: Magma Storm|[partiallytrapped]
|upkeep
|turn|3
|inactive|Battle timer is ON: inactive players will automatically lose when time's up. (requested by stopthreat)
|
|t:|1650511126
|move|p2a: Heatran|Taunt|p1a: Love
|-start|p1a: Love|move: Taunt
|cant|p1a: Love|move: Taunt|Calm Mind
|
|-weather|Hail|[upkeep]
|-damage|p2a: Heatran|94/100|[from] Hail
|-damage|p1a: Love|73/100|[from] Hail
|-heal|p2a: Heatran|100/100|[from] item: Leftovers
|-heal|p1a: Love|79/100|[from] item: Leftovers
|-damage|p1a: Love|66/100|[from] move: Magma Storm|[partiallytrapped]
|upkeep
|turn|4
|
|t:|1650511143
|switch|p2a: Gastrodon|Gastrodon, M|100/100
|move|p1a: Love|Draining Kiss|p2a: Gastrodon
|-damage|p2a: Gastrodon|81/100
|-heal|p1a: Love|84/100|[from] drain|[of] p2a: Gastrodon
|
|-weather|Hail|[upkeep]
|-damage|p1a: Love|78/100|[from] Hail
|-damage|p2a: Gastrodon|74/100|[from] Hail
|-heal|p1a: Love|84/100|[from] item: Leftovers
|-heal|p2a: Gastrodon|81/100|[from] item: Leftovers
|-end|p1a: Love|Magma Storm|[partiallytrapped]|[silent]
|upkeep
|turn|5
|
|t:|1650511148
|switch|p1a: Kindness|Ninetales-Alola, F|100/100
|move|p2a: Gastrodon|Toxic|p1a: Kindness
|-status|p1a: Kindness|tox
|
|-weather|none
|-heal|p2a: Gastrodon|87/100|[from] item: Leftovers
|-damage|p1a: Kindness|94/100 tox|[from] psn
|upkeep
|turn|6
|
|t:|1650511155
|switch|p1a: Love|Primarina, F|84/100
|switch|p2a: Heatran|Heatran, F|100/100
|
|-heal|p1a: Love|90/100|[from] item: Leftovers
|upkeep
|turn|7
|
|t:|1650511162
|move|p2a: Heatran|Magma Storm|p1a: Love
|-resisted|p1a: Love
|-damage|p1a: Love|81/100
|-activate|p1a: Love|move: Magma Storm|[of] p2a: Heatran
|move|p1a: Love|Scald|p2a: Heatran
|-supereffective|p2a: Heatran
|-damage|p2a: Heatran|63/100
|
|-heal|p2a: Heatran|69/100|[from] item: Leftovers
|-heal|p1a: Love|87/100|[from] item: Leftovers
|-damage|p1a: Love|75/100|[from] move: Magma Storm|[partiallytrapped]
|upkeep
|turn|8
|
|t:|1650511168
|move|p2a: Heatran|Protect|p2a: Heatran
|-singleturn|p2a: Heatran|Protect
|move|p1a: Love|Scald|p2a: Heatran
|-activate|p2a: Heatran|move: Protect
|
|-heal|p2a: Heatran|75/100|[from] item: Leftovers
|-heal|p1a: Love|81/100|[from] item: Leftovers
|-damage|p1a: Love|68/100|[from] move: Magma Storm|[partiallytrapped]
|-sideend|p1: Dr. Elite|move: Aurora Veil
|upkeep
|turn|9
|
|t:|1650511171
|move|p2a: Heatran|Taunt|p1a: Love
|-start|p1a: Love|move: Taunt
|move|p1a: Love|Scald|p2a: Heatran
|-supereffective|p2a: Heatran
|-damage|p2a: Heatran|33/100
|
|-heal|p2a: Heatran|39/100|[from] item: Leftovers
|-heal|p1a: Love|74/100|[from] item: Leftovers
|-damage|p1a: Love|62/100|[from] move: Magma Storm|[partiallytrapped]
|upkeep
|turn|10
|
|t:|1650511176
|switch|p2a: Gastrodon|Gastrodon, M|87/100
|move|p1a: Love|Draining Kiss|p2a: Gastrodon
|-damage|p2a: Gastrodon|68/100
|-heal|p1a: Love|79/100|[from] drain|[of] p2a: Gastrodon
|
|-heal|p1a: Love|85/100|[from] item: Leftovers
|-heal|p2a: Gastrodon|74/100|[from] item: Leftovers
|-end|p1a: Love|Magma Storm|[partiallytrapped]|[silent]
|upkeep
|turn|11
|
|t:|1650511183
|switch|p1a: Kindness|Ninetales-Alola, F|94/100 tox
|-weather|Hail|[from] ability: Snow Warning|[of] p1a: Kindness
|switch|p2a: Heatran|Heatran, F|39/100
|
|-weather|Hail|[upkeep]
|-damage|p2a: Heatran|33/100|[from] Hail
|-heal|p2a: Heatran|39/100|[from] item: Leftovers
|-damage|p1a: Kindness|88/100 tox|[from] psn
|upkeep
|turn|12
|
|t:|1650511186
|move|p1a: Kindness|Aurora Veil|p1a: Kindness
|-sidestart|p1: Dr. Elite|move: Aurora Veil
|move|p2a: Heatran|Magma Storm|p1a: Kindness|[miss]
|-miss|p2a: Heatran|p1a: Kindness
|
|-weather|Hail|[upkeep]
|-damage|p2a: Heatran|33/100|[from] Hail
|-heal|p2a: Heatran|39/100|[from] item: Leftovers
|-damage|p1a: Kindness|75/100 tox|[from] psn
|upkeep
|turn|13
|
|t:|1650511190
|switch|p1a: Love|Primarina, F|85/100
|move|p2a: Heatran|Magma Storm|p1a: Love
|-resisted|p1a: Love
|-damage|p1a: Love|75/100
|-activate|p1a: Love|move: Magma Storm|[of] p2a: Heatran
|
|-weather|Hail|[upkeep]
|-damage|p2a: Heatran|33/100|[from] Hail
|-damage|p1a: Love|69/100|[from] Hail
|-heal|p2a: Heatran|39/100|[from] item: Leftovers
|-heal|p1a: Love|75/100|[from] item: Leftovers
|-damage|p1a: Love|63/100|[from] move: Magma Storm|[partiallytrapped]
|upkeep
|turn|14
|j| ThePokeOne1
|
|t:|1650511197
|move|p2a: Heatran|Protect|p2a: Heatran
|-singleturn|p2a: Heatran|Protect
|move|p1a: Love|Scald|p2a: Heatran
|-activate|p2a: Heatran|move: Protect
|
|-weather|Hail|[upkeep]
|-damage|p2a: Heatran|33/100|[from] Hail
|-damage|p1a: Love|57/100|[from] Hail
|-heal|p2a: Heatran|39/100|[from] item: Leftovers
|-heal|p1a: Love|63/100|[from] item: Leftovers
|-damage|p1a: Love|51/100|[from] move: Magma Storm|[partiallytrapped]
|upkeep
|turn|15
|
|t:|1650511204
|move|p2a: Heatran|Earth Power|p1a: Love
|-damage|p1a: Love|41/100
|move|p1a: Love|Scald|p2a: Heatran
|-supereffective|p2a: Heatran
|-damage|p2a: Heatran|0 fnt
|faint|p2a: Heatran
|
|-weather|none
|-heal|p1a: Love|47/100|[from] item: Leftovers
|-end|p1a: Love|Magma Storm|[partiallytrapped]|[silent]
|upkeep
|
|t:|1650511210
|switch|p2a: Dragapult|Dragapult, F|100/100
|turn|16
|
|t:|1650511214
|switch|p2a: Corviknight|Corviknight, M|100/100
|-ability|p2a: Corviknight|Pressure
|move|p1a: Love|Draining Kiss|p2a: Corviknight
|-resisted|p2a: Corviknight
|-damage|p2a: Corviknight|93/100
|-heal|p1a: Love|53/100|[from] drain|[of] p2a: Corviknight
|-damage|p1a: Love|37/100|[from] item: Rocky Helmet|[of] p2a: Corviknight
|
|-heal|p1a: Love|43/100|[from] item: Leftovers
|upkeep
|turn|17
|
|t:|1650511221
|switch|p2a: Gastrodon|Gastrodon, M|74/100
|move|p1a: Love|Calm Mind|p1a: Love
|-boost|p1a: Love|spa|1
|-boost|p1a: Love|spd|1
|
|-heal|p1a: Love|49/100|[from] item: Leftovers
|-heal|p2a: Gastrodon|80/100|[from] item: Leftovers
|upkeep
|turn|18
|
|t:|1650511225
|move|p1a: Love|Substitute|p1a: Love
|-start|p1a: Love|Substitute
|-damage|p1a: Love|24/100
|move|p2a: Gastrodon|Toxic||[still]
|-fail|p2a: Gastrodon
|
|-heal|p1a: Love|30/100|[from] item: Leftovers
|-heal|p2a: Gastrodon|86/100|[from] item: Leftovers
|upkeep
|turn|19
|
|t:|1650511236
|switch|p2a: Clefable|Clefable, M|100/100
|move|p1a: Love|Calm Mind|p1a: Love
|-boost|p1a: Love|spa|1
|-boost|p1a: Love|spd|1
|
|-heal|p1a: Love|36/100|[from] item: Leftovers
|-sideend|p1: Dr. Elite|move: Aurora Veil
|upkeep
|turn|20
|
|t:|1650511241
|move|p2a: Clefable|Thunder|p1a: Love
|-supereffective|p1a: Love
|-end|p1a: Love|Substitute
|move|p1a: Love|Scald|p2a: Clefable
|-damage|p2a: Clefable|31/100
|
|-heal|p1a: Love|42/100|[from] item: Leftovers
|upkeep
|turn|21
|j| maimslap
|
|t:|1650511247
|move|p2a: Clefable|Thunder|p1a: Love
|-supereffective|p1a: Love
|-damage|p1a: Love|5/100
|move|p1a: Love|Draining Kiss|p2a: Clefable
|-damage|p2a: Clefable|0 fnt
|-heal|p1a: Love|25/100|[from] drain|[of] p2a: Clefable
|faint|p2a: Clefable
|
|-heal|p1a: Love|32/100|[from] item: Leftovers
|upkeep
|j| FuckMonsOnGawd
|
|t:|1650511252
|switch|p2a: Crawdaunt|Crawdaunt, M|100/100
|turn|22
|
|t:|1650511257
|switch|p1a: Goodness|Klefki, F|100/100
|move|p2a: Crawdaunt|Knock Off|p1a: Goodness
|-resisted|p1a: Goodness
|-damage|p1a: Goodness|57/100
|-enditem|p1a: Goodness|Full Incense|[from] move: Knock Off|[of] p2a: Crawdaunt
|
|upkeep
|turn|23
|
|t:|1650511263
|switch|p2a: Dragapult|Dragapult, F|100/100
|move|p1a: Goodness|Reflect|p1a: Goodness
|-sidestart|p1: Dr. Elite|Reflect
|
|upkeep
|turn|24
|
|t:|1650511267
|move|p1a: Goodness|Switcheroo|p2a: Dragapult
|-activate|p1a: Goodness|move: Trick|[of] p2a: Dragapult
|-enditem|p2a: Dragapult|Choice Specs|[silent]|[from] move: Switcheroo
|-item|p1a: Goodness|Choice Specs|[from] move: Switcheroo
|move|p2a: Dragapult|Fire Blast|p1a: Goodness
|-supereffective|p1a: Goodness
|-damage|p1a: Goodness|0 fnt
|faint|p1a: Goodness
|
|upkeep
|
|t:|1650511271
|switch|p1a: Love|Primarina, F|32/100
|turn|25
|
|t:|1650511274
|move|p2a: Dragapult|Shadow Ball|p1a: Love
|-damage|p1a: Love|4/100
|move|p1a: Love|Draining Kiss|p2a: Dragapult
|-supereffective|p2a: Dragapult
|-damage|p2a: Dragapult|46/100
|-heal|p1a: Love|40/100|[from] drain|[of] p2a: Dragapult
|
|-heal|p1a: Love|46/100|[from] item: Leftovers
|upkeep
|turn|26
|
|t:|1650511288
|move|p2a: Dragapult|Shadow Ball|p1a: Love
|-damage|p1a: Love|18/100
|move|p1a: Love|Draining Kiss|p2a: Dragapult
|-supereffective|p2a: Dragapult
|-damage|p2a: Dragapult|0 fnt
|-heal|p1a: Love|47/100|[from] drain|[of] p2a: Dragapult
|faint|p2a: Dragapult
|
|-heal|p1a: Love|53/100|[from] item: Leftovers
|upkeep
|j| TwilitIris N
|-message|stopthreat forfeited.
|
|win|Dr. Elite
|raw|Dr. Elite's rating: 1743 &rarr; <strong>1758</strong><br />(+15 for winning)
|raw|stopthreat's rating: 1663 &rarr; <strong>1648</strong><br />(-15 for losing)
|l|☆stopthreat
|l| TwilitIris N
|l|☆Dr. Elite
|l| FuckMonsOnGawd
|l| ThePokeOne1
