|raw|<div class="broadcast-blue"><strong>This battle is required to be public due to a player having a name starting with 'lt91bb'.</div>
|j|☆LT91BB Manololt
|j|☆antarctozolt
|t:|1659110328
|gametype|singles
|player|p1|LT91BB Manololt|psychic-gen4|1880
|player|p2|antarctozolt|skier|1905
|teamsize|p1|6
|teamsize|p2|6
|gen|8
|tier|[Gen 8] OU
|rated|
|rule|Sleep Clause Mod: Limit one foe put to sleep
|rule|Species Clause: Limit one of each Pokémon
|rule|OHKO Clause: OHKO moves are banned
|rule|Evasion Moves Clause: Evasion moves are banned
|rule|Endless Battle Clause: Forcing endless battles is banned
|rule|HP Percentage Mod: HP is shown in percentages
|rule|Dynamax Clause: You cannot dynamax
|clearpoke
|poke|p1|Ninetales-Alola, F|
|poke|p1|Dragapult, M|
|poke|p1|Blaziken, M|
|poke|p1|Heatran, F|
|poke|p1|Tapu Lele|
|poke|p1|Garchomp, F|
|poke|p2|Hippowdon, F|
|poke|p2|Zeraora|
|poke|p2|Xatu, M|
|poke|p2|Toxapex, M|
|poke|p2|Corviknight, F|
|poke|p2|Blissey, F|
|teampreview
|j| Buraq
|
|t:|1659110345
|start
|switch|p1a: Heatran|Heatran, F|100/100
|switch|p2a: Zeraora|Zeraora, shiny|100/100
|-item|p1a: Heatran|Air Balloon
|turn|1
|
|t:|1659110349
|switch|p2a: Toxapex|Toxapex, M, shiny|100/100
|move|p1a: Heatran|Magma Storm|p2a: Toxapex
|-resisted|p2a: Toxapex
|-damage|p2a: Toxapex|84/100
|-activate|p2a: Toxapex|move: Magma Storm|[of] p1a: Heatran
|
|-damage|p2a: Toxapex|71/100|[from] move: Magma Storm|[partiallytrapped]
|upkeep
|turn|2
|
|t:|1659110354
|switch|p2a: Xatu|Xatu, M, shiny|100/100
|move|p1a: Heatran|Earth Power|p2a: Xatu
|-immune|p2a: Xatu
|
|upkeep
|turn|3
|l| Buraq
|
|t:|1659110356
|move|p1a: Heatran|Magma Storm|p2a: Xatu
|-damage|p2a: Xatu|60/100
|-activate|p2a: Xatu|move: Magma Storm|[of] p1a: Heatran
|move|p2a: Xatu|Night Shade|p1a: Heatran
|-damage|p1a: Heatran|72/100
|-enditem|p1a: Heatran|Air Balloon
|
|-heal|p2a: Xatu|66/100|[from] item: Leftovers
|-damage|p2a: Xatu|54/100|[from] move: Magma Storm|[partiallytrapped]
|upkeep
|turn|4
|j| LT91BB Mimi
|
|t:|1659110360
|move|p1a: Heatran|Magma Storm|p2a: Xatu
|-damage|p2a: Xatu|12/100
|move|p2a: Xatu|Roost|p2a: Xatu
|-heal|p2a: Xatu|62/100
|-singleturn|p2a: Xatu|move: Roost
|
|-heal|p2a: Xatu|68/100|[from] item: Leftovers
|-damage|p2a: Xatu|56/100|[from] move: Magma Storm|[partiallytrapped]
|upkeep
|turn|5
|j| Buraq
|j| LT91BB Sablo
|
|t:|1659110366
|move|p1a: Heatran|Magma Storm|p2a: Xatu
|-damage|p2a: Xatu|14/100
|move|p2a: Xatu|Roost|p2a: Xatu
|-heal|p2a: Xatu|64/100
|-singleturn|p2a: Xatu|move: Roost
|
|-heal|p2a: Xatu|70/100|[from] item: Leftovers
|-damage|p2a: Xatu|58/100|[from] move: Magma Storm|[partiallytrapped]
|upkeep
|turn|6
|
|t:|1659110368
|switch|p1a: Ninetales|Ninetales-Alola, F|100/100
|-weather|Hail|[from] ability: Snow Warning|[of] p1a: Ninetales
|move|p2a: Xatu|Roost|p2a: Xatu
|-heal|p2a: Xatu|100/100
|-singleturn|p2a: Xatu|move: Roost
|
|-weather|Hail|[upkeep]
|-damage|p2a: Xatu|94/100|[from] Hail
|-heal|p2a: Xatu|100/100|[from] item: Leftovers
|-end|p2a: Xatu|Magma Storm|[partiallytrapped]|[silent]
|upkeep
|turn|7
|j| CM Reuniclus@!
|
|t:|1659110373
|switch|p1a: Heatran|Heatran, F|72/100
|switch|p2a: Blissey|Blissey, F, shiny|100/100
|
|-weather|Hail|[upkeep]
|-damage|p1a: Heatran|66/100|[from] Hail
|-damage|p2a: Blissey|94/100|[from] Hail
|upkeep
|turn|8
|
|t:|1659110375
|switch|p2a: Xatu|Xatu, M, shiny|100/100
|move|p1a: Heatran|Magma Storm|p2a: Xatu
|-damage|p2a: Xatu|58/100
|-activate|p2a: Xatu|move: Magma Storm|[of] p1a: Heatran
|
|-weather|Hail|[upkeep]
|-damage|p1a: Heatran|60/100|[from] Hail
|-damage|p2a: Xatu|52/100|[from] Hail
|-heal|p2a: Xatu|58/100|[from] item: Leftovers
|-damage|p2a: Xatu|46/100|[from] move: Magma Storm|[partiallytrapped]
|upkeep
|turn|9
|
|t:|1659110379
|move|p1a: Heatran|Magma Storm|p2a: Xatu
|-damage|p2a: Xatu|7/100
|move|p2a: Xatu|Roost|p2a: Xatu
|-heal|p2a: Xatu|57/100
|-singleturn|p2a: Xatu|move: Roost
|
|-weather|Hail|[upkeep]
|-damage|p1a: Heatran|54/100|[from] Hail
|-damage|p2a: Xatu|51/100|[from] Hail
|-heal|p2a: Xatu|57/100|[from] item: Leftovers
|-damage|p2a: Xatu|45/100|[from] move: Magma Storm|[partiallytrapped]
|upkeep
|turn|10
|
|t:|1659110381
|move|p1a: Heatran|Magma Storm|p2a: Xatu
|-damage|p2a: Xatu|6/100
|move|p2a: Xatu|Roost|p2a: Xatu
|-heal|p2a: Xatu|56/100
|-singleturn|p2a: Xatu|move: Roost
|
|-weather|none
|-heal|p2a: Xatu|62/100|[from] item: Leftovers
|-damage|p2a: Xatu|50/100|[from] move: Magma Storm|[partiallytrapped]
|upkeep
|turn|11
|
|t:|1659110388
|switch|p1a: Garchomp|Garchomp, F|100/100
|move|p2a: Xatu|Roost|p2a: Xatu
|-heal|p2a: Xatu|99/100
|-singleturn|p2a: Xatu|move: Roost
|
|-heal|p2a: Xatu|100/100|[from] item: Leftovers
|-end|p2a: Xatu|Magma Storm|[partiallytrapped]|[silent]
|upkeep
|turn|12
|j| pop smoke
|
|t:|1659110391
|switch|p2a: Hippowdon|Hippowdon, F, shiny|100/100
|-weather|Sandstorm|[from] ability: Sand Stream|[of] p2a: Hippowdon
|move|p1a: Garchomp|Swords Dance|p1a: Garchomp
|-boost|p1a: Garchomp|atk|2
|
|-weather|Sandstorm|[upkeep]
|upkeep
|turn|13
|j| LT91BB Unstoppable
|j| LT91BB gei
|j| Phxo'
|
|t:|1659110393
|move|p1a: Garchomp|Earthquake|p2a: Hippowdon
|-damage|p2a: Hippowdon|44/100
|move|p2a: Hippowdon|Toxic|p1a: Garchomp
|-status|p1a: Garchomp|tox
|
|-weather|Sandstorm|[upkeep]
|-heal|p2a: Hippowdon|50/100|[from] item: Leftovers
|-damage|p1a: Garchomp|94/100 tox|[from] psn
|upkeep
|turn|14
|j| Isheis
|j| CALL THE CREW
|
|t:|1659110398
|move|p1a: Garchomp|Fire Fang|p2a: Hippowdon
|-damage|p2a: Hippowdon|24/100
|-status|p2a: Hippowdon|brn
|move|p2a: Hippowdon|Slack Off|p2a: Hippowdon
|-heal|p2a: Hippowdon|74/100 brn
|
|-weather|Sandstorm|[upkeep]
|-heal|p1a: Garchomp|100/100 tox|[from] item: Leftovers
|-heal|p2a: Hippowdon|80/100 brn|[from] item: Leftovers
|-damage|p1a: Garchomp|88/100 tox|[from] psn
|-damage|p2a: Hippowdon|74/100 brn|[from] brn
|upkeep
|turn|15
|
|t:|1659110402
|move|p1a: Garchomp|Swords Dance|p1a: Garchomp
|-boost|p1a: Garchomp|atk|2
|move|p2a: Hippowdon|Slack Off|p2a: Hippowdon
|-heal|p2a: Hippowdon|100/100 brn
|
|-weather|Sandstorm|[upkeep]
|-heal|p1a: Garchomp|94/100 tox|[from] item: Leftovers
|-damage|p1a: Garchomp|76/100 tox|[from] psn
|-damage|p2a: Hippowdon|94/100 brn|[from] brn
|upkeep
|turn|16
|
|t:|1659110405
|switch|p2a: Corviknight|Corviknight, F, shiny|100/100
|-ability|p2a: Corviknight|Pressure
|move|p1a: Garchomp|Earthquake|p2a: Corviknight
|-immune|p2a: Corviknight
|
|-weather|none
|-heal|p1a: Garchomp|82/100 tox|[from] item: Leftovers
|-damage|p1a: Garchomp|57/100 tox|[from] psn
|upkeep
|turn|17
|
|t:|1659110409
|switch|p2a: Toxapex|Toxapex, M, shiny|100/100
|move|p1a: Garchomp|Fire Fang|p2a: Toxapex
|-resisted|p2a: Toxapex
|-damage|p2a: Toxapex|82/100
|
|-heal|p1a: Garchomp|64/100 tox|[from] item: Leftovers
|-damage|p1a: Garchomp|33/100 tox|[from] psn
|upkeep
|turn|18
|j| BeastyJ157
|j| Dbzxnk
|
|t:|1659110416
|move|p1a: Garchomp|Earthquake|p2a: Toxapex
|-supereffective|p2a: Toxapex
|-damage|p2a: Toxapex|0 fnt
|faint|p2a: Toxapex
|
|-heal|p1a: Garchomp|39/100 tox|[from] item: Leftovers
|-damage|p1a: Garchomp|2/100 tox|[from] psn
|upkeep
|
|t:|1659110418
|switch|p2a: Zeraora|Zeraora, shiny|100/100
|turn|19
|
|t:|1659110421
|switch|p1a: Heatran|Heatran, F|54/100
|move|p2a: Zeraora|Knock Off|p1a: Heatran
|-damage|p1a: Heatran|36/100
|
|upkeep
|turn|20
|
|t:|1659110425
|move|p2a: Zeraora|Plasma Fists|p1a: Heatran
|-damage|p1a: Heatran|0 fnt
|-fieldactivate|move: Ion Deluge
|-hint|Normal-type moves become Electric-type after using Plasma Fists.
|-status|p2a: Zeraora|brn|[from] ability: Flame Body|[of] p1a: Heatran
|faint|p1a: Heatran
|
|-damage|p2a: Zeraora|95/100 brn|[from] brn
|upkeep
|
|t:|1659110430
|switch|p1a: Ninetales|Ninetales-Alola, F|100/100
|-weather|Hail|[from] ability: Snow Warning|[of] p1a: Ninetales
|turn|21
|l| BeastyJ157
|
|t:|1659110435
|switch|p2a: Blissey|Blissey, F, shiny|94/100
|move|p1a: Ninetales|Freeze-Dry|p2a: Blissey
|-damage|p2a: Blissey|86/100
|
|-weather|Hail|[upkeep]
|-damage|p2a: Blissey|80/100|[from] Hail
|upkeep
|turn|22
|
|t:|1659110437
|move|p1a: Ninetales|Aurora Veil|p1a: Ninetales
|-sidestart|p1: LT91BB Manololt|move: Aurora Veil
|move|p2a: Blissey|Aromatherapy|p2a: Blissey
|-activate|p2a: Blissey|move: Aromatherapy
|-curestatus|p2: Hippowdon|brn|[msg]
|-curestatus|p2: Zeraora|brn|[msg]
|
|-weather|Hail|[upkeep]
|-damage|p2a: Blissey|74/100|[from] Hail
|upkeep
|turn|23
|
|t:|1659110443
|switch|p1a: Dragapult|Dragapult, M|100/100
|switch|p2a: Hippowdon|Hippowdon, F, shiny|94/100
|-weather|Sandstorm|[from] ability: Sand Stream|[of] p2a: Hippowdon
|
|-weather|Sandstorm|[upkeep]
|-damage|p1a: Dragapult|95/100|[from] Sandstorm
|-heal|p2a: Hippowdon|100/100|[from] item: Leftovers
|upkeep
|turn|24
|
|t:|1659110446
|move|p1a: Dragapult|Dragon Dance|p1a: Dragapult
|-boost|p1a: Dragapult|atk|1
|-boost|p1a: Dragapult|spe|1
|move|p2a: Hippowdon|Toxic|p1a: Dragapult
|-status|p1a: Dragapult|tox
|
|-weather|Sandstorm|[upkeep]
|-damage|p1a: Dragapult|89/100 tox|[from] Sandstorm
|-damage|p1a: Dragapult|83/100 tox|[from] psn
|upkeep
|turn|25
|l| LT91BB Unstoppable
|
|t:|1659110451
|move|p1a: Dragapult|Dragon Darts|p2a: Hippowdon
|-damage|p2a: Hippowdon|77/100
|-anim|p1a: Dragapult|Dragon Darts|p2a: Hippowdon
|-damage|p2a: Hippowdon|53/100
|move|p2a: Hippowdon|Stealth Rock|p1a: Dragapult
|-sidestart|p1: LT91BB Manololt|move: Stealth Rock
|
|-weather|Sandstorm|[upkeep]
|-damage|p1a: Dragapult|77/100 tox|[from] Sandstorm
|-heal|p2a: Hippowdon|59/100|[from] item: Leftovers
|-damage|p1a: Dragapult|65/100 tox|[from] psn
|upkeep
|turn|26
|j| LT91BB RK
|
|t:|1659110456
|switch|p1a: Ninetales|Ninetales-Alola, F|100/100
|-damage|p1a: Ninetales|76/100|[from] Stealth Rock
|-weather|Hail|[from] ability: Snow Warning|[of] p1a: Ninetales
|move|p2a: Hippowdon|Slack Off|p2a: Hippowdon
|-heal|p2a: Hippowdon|100/100
|
|-weather|Hail|[upkeep]
|-damage|p2a: Hippowdon|94/100|[from] Hail
|-heal|p2a: Hippowdon|100/100|[from] item: Leftovers
|upkeep
|turn|27
|j| LT91BB Bless
|
|t:|1659110459
|switch|p2a: Blissey|Blissey, F, shiny|74/100
|move|p1a: Ninetales|Encore||[still]
|-fail|p1a: Ninetales
|
|-weather|Hail|[upkeep]
|-damage|p2a: Blissey|68/100|[from] Hail
|upkeep
|turn|28
|
|t:|1659110463
|switch|p1a: Blaziken|Blaziken, M|100/100
|-damage|p1a: Blaziken|88/100|[from] Stealth Rock
|-item|p1a: Blaziken|Air Balloon
|move|p2a: Blissey|Toxic|p1a: Blaziken
|-status|p1a: Blaziken|tox
|
|-weather|Hail|[upkeep]
|-damage|p1a: Blaziken|82/100 tox|[from] Hail
|-damage|p2a: Blissey|62/100|[from] Hail
|-damage|p1a: Blaziken|76/100 tox|[from] psn
|upkeep
|turn|29
|
|t:|1659110466
|move|p1a: Blaziken|Swords Dance|p1a: Blaziken
|-boost|p1a: Blaziken|atk|2
|move|p2a: Blissey|Seismic Toss|p1a: Blaziken
|-damage|p1a: Blaziken|43/100 tox
|-enditem|p1a: Blaziken|Air Balloon
|
|-weather|Hail|[upkeep]
|-damage|p1a: Blaziken|37/100 tox|[from] Hail
|-damage|p2a: Blissey|56/100|[from] Hail
|-damage|p1a: Blaziken|25/100 tox|[from] psn
|-sideend|p1: LT91BB Manololt|move: Aurora Veil
|-ability|p1a: Blaziken|Speed Boost|boost
|-boost|p1a: Blaziken|spe|1
|upkeep
|turn|30
|l| LT91BB Bless
|
|t:|1659110472
|move|p1a: Blaziken|Close Combat|p2a: Blissey
|-supereffective|p2a: Blissey
|-damage|p2a: Blissey|0 fnt
|-unboost|p1a: Blaziken|def|1
|-unboost|p1a: Blaziken|spd|1
|faint|p2a: Blissey
|
|-weather|none
|-damage|p1a: Blaziken|7/100 tox|[from] psn
|-ability|p1a: Blaziken|Speed Boost|boost
|-boost|p1a: Blaziken|spe|1
|upkeep
|
|t:|1659110474
|switch|p2a: Hippowdon|Hippowdon, F, shiny|100/100
|-weather|Sandstorm|[from] ability: Sand Stream|[of] p2a: Hippowdon
|turn|31
|
|t:|1659110479
|move|p1a: Blaziken|Close Combat|p2a: Hippowdon
|-damage|p2a: Hippowdon|41/100
|-unboost|p1a: Blaziken|def|1
|-unboost|p1a: Blaziken|spd|1
|move|p2a: Hippowdon|Slack Off|p2a: Hippowdon
|-heal|p2a: Hippowdon|91/100
|
|-weather|Sandstorm|[upkeep]
|-damage|p1a: Blaziken|1/100 tox|[from] Sandstorm
|-heal|p2a: Hippowdon|97/100|[from] item: Leftovers
|-damage|p1a: Blaziken|0 fnt|[from] psn
|faint|p1a: Blaziken
|upkeep
|
|t:|1659110482
|switch|p1a: Ninetales|Ninetales-Alola, F|76/100
|-damage|p1a: Ninetales|51/100|[from] Stealth Rock
|-weather|Hail|[from] ability: Snow Warning|[of] p1a: Ninetales
|turn|32
|
|t:|1659110485
|switch|p2a: Corviknight|Corviknight, F, shiny|100/100
|-ability|p2a: Corviknight|Pressure
|move|p1a: Ninetales|Encore||[still]
|-fail|p1a: Ninetales
|
|-weather|Hail|[upkeep]
|-damage|p2a: Corviknight|94/100|[from] Hail
|-heal|p2a: Corviknight|100/100|[from] item: Leftovers
|upkeep
|turn|33
|l| Dbzxnk
|
|t:|1659110488
|move|p1a: Ninetales|Aurora Veil|p1a: Ninetales
|-sidestart|p1: LT91BB Manololt|move: Aurora Veil
|move|p2a: Corviknight|Brave Bird|p1a: Ninetales
|-damage|p1a: Ninetales|28/100
|-damage|p2a: Corviknight|94/100|[from] Recoil
|
|-weather|Hail|[upkeep]
|-damage|p2a: Corviknight|88/100|[from] Hail
|-heal|p2a: Corviknight|94/100|[from] item: Leftovers
|upkeep
|turn|34
|
|t:|1659110494
|move|p1a: Ninetales|Encore|p2a: Corviknight
|-start|p2a: Corviknight|Encore
|move|p2a: Corviknight|Brave Bird|p1a: Ninetales
|-damage|p1a: Ninetales|7/100
|-damage|p2a: Corviknight|88/100|[from] Recoil
|
|-weather|Hail|[upkeep]
|-damage|p2a: Corviknight|81/100|[from] Hail
|-heal|p2a: Corviknight|88/100|[from] item: Leftovers
|upkeep
|turn|35
|
|t:|1659110499
|move|p1a: Ninetales|Freeze-Dry|p2a: Corviknight
|-damage|p2a: Corviknight|71/100
|move|p2a: Corviknight|Brave Bird|p1a: Ninetales
|-damage|p1a: Ninetales|0 fnt
|faint|p1a: Ninetales
|-damage|p2a: Corviknight|69/100|[from] Recoil
|
|-weather|Hail|[upkeep]
|-damage|p2a: Corviknight|63/100|[from] Hail
|-heal|p2a: Corviknight|69/100|[from] item: Leftovers
|upkeep
|
|t:|1659110503
|switch|p1a: Sweety|Tapu Lele|100/100
|-damage|p1a: Sweety|88/100|[from] Stealth Rock
|-fieldstart|move: Psychic Terrain|[from] ability: Psychic Surge|[of] p1a: Sweety
|turn|36
|
|t:|1659110506
|switch|p2a: Hippowdon|Hippowdon, F, shiny|97/100
|-weather|Sandstorm|[from] ability: Sand Stream|[of] p2a: Hippowdon
|move|p1a: Sweety|Calm Mind|p1a: Sweety
|-boost|p1a: Sweety|spa|1
|-boost|p1a: Sweety|spd|1
|
|-weather|Sandstorm|[upkeep]
|-damage|p1a: Sweety|82/100|[from] Sandstorm
|-heal|p2a: Hippowdon|100/100|[from] item: Leftovers
|upkeep
|turn|37
|
|t:|1659110510
|move|p1a: Sweety|Calm Mind|p1a: Sweety
|-boost|p1a: Sweety|spa|1
|-boost|p1a: Sweety|spd|1
|move|p2a: Hippowdon|Toxic|p1a: Sweety
|-status|p1a: Sweety|tox
|
|-weather|Sandstorm|[upkeep]
|-damage|p1a: Sweety|76/100 tox|[from] Sandstorm
|-damage|p1a: Sweety|70/100 tox|[from] psn
|upkeep
|turn|38
|
|t:|1659110514
|switch|p2a: Xatu|Xatu, M, shiny|100/100
|move|p1a: Sweety|Calm Mind|p1a: Sweety
|-boost|p1a: Sweety|spa|1
|-boost|p1a: Sweety|spd|1
|
|-weather|Sandstorm|[upkeep]
|-damage|p1a: Sweety|64/100 tox|[from] Sandstorm
|-damage|p2a: Xatu|94/100|[from] Sandstorm
|-heal|p2a: Xatu|100/100|[from] item: Leftovers
|-damage|p1a: Sweety|52/100 tox|[from] psn
|upkeep
|turn|39
|
|t:|1659110517
|move|p1a: Sweety|Draining Kiss|p2a: Xatu
|-damage|p2a: Xatu|43/100
|-heal|p1a: Sweety|100/100 tox|[from] drain|[of] p2a: Xatu
|move|p2a: Xatu|Haze|p2a: Xatu
|-clearallboost
|
|-weather|Sandstorm|[upkeep]
|-damage|p1a: Sweety|94/100 tox|[from] Sandstorm
|-damage|p2a: Xatu|37/100|[from] Sandstorm
|-heal|p2a: Xatu|43/100|[from] item: Leftovers
|-damage|p1a: Sweety|76/100 tox|[from] psn
|upkeep
|turn|40
|
|t:|1659110519
|move|p1a: Sweety|Draining Kiss|p2a: Xatu
|-damage|p2a: Xatu|20/100
|-heal|p1a: Sweety|97/100 tox|[from] drain|[of] p2a: Xatu
|move|p2a: Xatu|Roost|p2a: Xatu
|-heal|p2a: Xatu|70/100
|-singleturn|p2a: Xatu|move: Roost
|
|-weather|none
|-heal|p2a: Xatu|76/100|[from] item: Leftovers
|-damage|p1a: Sweety|72/100 tox|[from] psn
|-sideend|p1: LT91BB Manololt|move: Aurora Veil
|-fieldend|move: Psychic Terrain
|upkeep
|turn|41
|-message|LT91BB Manololt forfeited.
|
|win|antarctozolt
|raw|LT91BB Manololt's rating: 1880 &rarr; <strong>1861</strong><br />(-19 for losing)
|raw|antarctozolt's rating: 1905 &rarr; <strong>1924</strong><br />(+19 for winning)
|l|☆LT91BB Manololt
