|j|☆yung_iznamakin
|j|☆Tawny mauve
|t:|1648517536
|gametype|singles
|player|p1|yung_iznamakin|brendan-gen3|1571
|player|p2|Tawny mauve|lucas|1573
|teamsize|p1|6
|teamsize|p2|6
|gen|8
|tier|[Gen 8] OU
|rated|
|rule|Sleep Clause Mod: Limit one foe put to sleep
|rule|Species Clause: Limit one of each Pokémon
|rule|OHKO Clause: OHKO moves are banned
|rule|Evasion Moves Clause: Evasion moves are banned
|rule|Endless Battle Clause: Forcing endless battles is banned
|rule|HP Percentage Mod: HP is shown in percentages
|rule|Dynamax Clause: You cannot dynamax
|clearpoke
|poke|p1|Kartana|
|poke|p1|Tapu Lele|
|poke|p1|Toxapex, M|
|poke|p1|Mandibuzz, F|
|poke|p1|Magnezone|
|poke|p1|Landorus-Therian, M|
|poke|p2|Tornadus-Therian, M|
|poke|p2|Crawdaunt, F|
|poke|p2|Urshifu-*, F|
|poke|p2|Pelipper, F|
|poke|p2|Ferrothorn, M|
|poke|p2|Swampert, F|
|teampreview
|inactive|Battle timer is ON: inactive players will automatically lose when time's up. (requested by yung_iznamakin)
|
|t:|1648517548
|start
|switch|p1a: Kartana|Kartana|100/100
|switch|p2a: Urshifu|Urshifu-Rapid-Strike, F|100/100
|turn|1
|
|t:|1648517553
|switch|p2a: Tornadus|Tornadus-Therian, M|100/100
|switch|p1a: Magnezone|Magnezone|100/100
|
|upkeep
|turn|2
|
|t:|1648517558
|switch|p2a: Swampert|Swampert, F|100/100
|move|p1a: Magnezone|Thunderbolt|p2a: Swampert
|-immune|p2a: Swampert
|
|upkeep
|turn|3
|
|t:|1648517563
|switch|p1a: Toxapex|Toxapex, M|100/100
|move|p2a: Swampert|Stealth Rock|p1a: Toxapex
|-sidestart|p1: yung_iznamakin|move: Stealth Rock
|
|upkeep
|turn|4
|
|t:|1648517567
|move|p2a: Swampert|Earthquake|p1a: Toxapex
|-supereffective|p1a: Toxapex
|-damage|p1a: Toxapex|52/100
|-enditem|p1a: Toxapex|Eject Button
|
|t:|1648517571
|switch|p1a: Kartana|Kartana|100/100
|-damage|p1a: Kartana|94/100|[from] Stealth Rock
|
|upkeep
|turn|5
|
|t:|1648517575
|switch|p2a: Tornadus|Tornadus-Therian, M|100/100
|move|p1a: Kartana|Knock Off|p2a: Tornadus
|-damage|p2a: Tornadus|32/100
|-enditem|p2a: Tornadus|Heavy-Duty Boots|[from] move: Knock Off|[of] p1a: Kartana
|
|upkeep
|turn|6
|
|t:|1648517582
|switch|p2a: Urshifu|Urshifu-Rapid-Strike, F|100/100
|switch|p1a: Mandibuzz|Mandibuzz, F|100/100
|
|upkeep
|turn|7
|
|t:|1648517589
|move|p2a: Urshifu|U-turn|p1a: Mandibuzz
|-damage|p1a: Mandibuzz|84/100
|
|t:|1648517591
|switch|p2a: Swampert|Swampert, F|100/100|[from]move: U-turn
|move|p1a: Mandibuzz|Defog|p2a: Swampert
|-unboost|p2a: Swampert|evasion|1
|-sideend|p1: yung_iznamakin|Stealth Rock|[from] move: Defog|[of] p1a: Mandibuzz
|
|upkeep
|turn|8
|
|t:|1648517597
|switch|p1a: Kartana|Kartana|94/100
|move|p2a: Swampert|Stealth Rock|p1a: Kartana
|-sidestart|p1: yung_iznamakin|move: Stealth Rock
|
|upkeep
|turn|9
|
|t:|1648517602
|switch|p2a: Tornadus|Tornadus-Therian, M|65/100
|move|p1a: Kartana|Smart Strike|p2a: Tornadus
|-damage|p2a: Tornadus|0 fnt
|faint|p2a: Tornadus
|-ability|p1a: Kartana|Beast Boost|boost
|-boost|p1a: Kartana|atk|1
|
|upkeep
|
|t:|1648517607
|switch|p2a: Crawdaunt|Crawdaunt, F|100/100
|turn|10
|
|t:|1648517617
|switch|p1a: Landorus|Landorus-Therian, M|100/100
|-damage|p1a: Landorus|88/100|[from] Stealth Rock
|-ability|p1a: Landorus|Intimidate|boost
|-unboost|p2a: Crawdaunt|atk|1
|move|p2a: Crawdaunt|Swords Dance|p2a: Crawdaunt
|-boost|p2a: Crawdaunt|atk|2
|
|-heal|p1a: Landorus|94/100|[from] item: Leftovers
|upkeep
|turn|11
|
|t:|1648517626
|move|p2a: Crawdaunt|Aqua Jet|p1a: Landorus
|-supereffective|p1a: Landorus
|-damage|p1a: Landorus|0 fnt
|faint|p1a: Landorus
|-damage|p2a: Crawdaunt|91/100|[from] item: Life Orb
|
|upkeep
|
|t:|1648517632
|switch|p1a: Kartana|Kartana|94/100
|-damage|p1a: Kartana|88/100|[from] Stealth Rock
|turn|12
|
|t:|1648517635
|switch|p1a: Magnezone|Magnezone|100/100
|-damage|p1a: Magnezone|94/100|[from] Stealth Rock
|switch|p2a: Pelipper|Pelipper, F|100/100
|-weather|RainDance|[from] ability: Drizzle|[of] p2a: Pelipper
|
|-weather|RainDance|[upkeep]
|-heal|p1a: Magnezone|100/100|[from] item: Leftovers
|upkeep
|turn|13
|
|t:|1648517644
|switch|p1a: Kartana|Kartana|88/100
|-damage|p1a: Kartana|82/100|[from] Stealth Rock
|switch|p2a: Swampert|Swampert, F|100/100
|
|-weather|RainDance|[upkeep]
|upkeep
|turn|14
|
|t:|1648517653
|switch|p1a: Magnezone|Magnezone|100/100
|-damage|p1a: Magnezone|94/100|[from] Stealth Rock
|switch|p2a: Pelipper|Pelipper, F|100/100
|
|-weather|RainDance|[upkeep]
|-heal|p1a: Magnezone|100/100|[from] item: Leftovers
|upkeep
|turn|15
|
|t:|1648517659
|switch|p2a: Swampert|Swampert, F|100/100
|move|p1a: Magnezone|Thunderbolt|p2a: Swampert
|-immune|p2a: Swampert
|
|-weather|RainDance|[upkeep]
|upkeep
|turn|16
|
|t:|1648517663
|switch|p1a: Mandibuzz|Mandibuzz, F|84/100
|move|p2a: Swampert|Flip Turn|p1a: Mandibuzz
|-damage|p1a: Mandibuzz|64/100
|
|t:|1648517666
|switch|p2a: Crawdaunt|Crawdaunt, F|91/100|[from]move: Flip Turn
|
|-weather|RainDance|[upkeep]
|upkeep
|turn|17
|
|t:|1648517674
|move|p2a: Crawdaunt|Swords Dance|p2a: Crawdaunt
|-boost|p2a: Crawdaunt|atk|2
|move|p1a: Mandibuzz|Defog|p2a: Crawdaunt
|-unboost|p2a: Crawdaunt|evasion|1
|-sideend|p1: yung_iznamakin|Stealth Rock|[from] move: Defog|[of] p1a: Mandibuzz
|
|-weather|RainDance|[upkeep]
|upkeep
|turn|18
|
|t:|1648517681
|move|p2a: Crawdaunt|Crabhammer|p1a: Mandibuzz
|-damage|p1a: Mandibuzz|0 fnt
|faint|p1a: Mandibuzz
|-damage|p2a: Crawdaunt|81/100|[from] item: Life Orb
|
|-weather|RainDance|[upkeep]
|upkeep
|
|t:|1648517686
|switch|p1a: Tapu Lele|Tapu Lele, shiny|100/100
|-fieldstart|move: Psychic Terrain|[from] ability: Psychic Surge|[of] p1a: Tapu Lele
|turn|19
|
|t:|1648517690
|switch|p1a: Magnezone|Magnezone|100/100
|switch|p2a: Swampert|Swampert, F|100/100
|
|-weather|none
|upkeep
|turn|20
|
|t:|1648517695
|switch|p1a: Kartana|Kartana|82/100
|move|p2a: Swampert|Stealth Rock|p1a: Kartana
|-sidestart|p1: yung_iznamakin|move: Stealth Rock
|
|upkeep
|turn|21
|
|t:|1648517702
|switch|p2a: Pelipper|Pelipper, F|100/100
|-weather|RainDance|[from] ability: Drizzle|[of] p2a: Pelipper
|move|p1a: Kartana|Leaf Blade|p2a: Pelipper
|-damage|p2a: Pelipper|33/100
|
|-weather|RainDance|[upkeep]
|upkeep
|turn|22
|
|t:|1648517710
|switch|p1a: Magnezone|Magnezone|100/100
|-damage|p1a: Magnezone|94/100|[from] Stealth Rock
|move|p2a: Pelipper|Scald|p1a: Magnezone
|-damage|p1a: Magnezone|38/100
|
|-weather|RainDance|[upkeep]
|-heal|p1a: Magnezone|44/100|[from] item: Leftovers
|upkeep
|turn|23
|
|t:|1648517723
|move|p1a: Magnezone|Body Press|p2a: Pelipper
|-resisted|p2a: Pelipper
|-damage|p2a: Pelipper|22/100
|move|p2a: Pelipper|Scald|p1a: Magnezone
|-damage|p1a: Magnezone|0 fnt
|faint|p1a: Magnezone
|
|-weather|RainDance|[upkeep]
|-fieldend|move: Psychic Terrain
|upkeep
|-message|yung_iznamakin forfeited.
|
|win|Tawny mauve
|raw|yung_iznamakin's rating: 1571 &rarr; <strong>1551</strong><br />(-20 for losing)
|raw|Tawny mauve's rating: 1573 &rarr; <strong>1593</strong><br />(+20 for winning)
|l|☆yung_iznamakin
