|j|☆minimax_ai
|j|☆maxinyuuu
|t:|1665383317
|gametype|singles
|player|p1|minimax_ai|lusamine-nihilego|1474
|player|p2|maxinyuuu|1|1503
|teamsize|p1|6
|teamsize|p2|6
|gen|8
|tier|[Gen 8] OU
|rated|
|rule|Sleep Clause Mod: Limit one foe put to sleep
|rule|Species Clause: Limit one of each Pokémon
|rule|OHKO Clause: OHKO moves are banned
|rule|Evasion Items Clause: Evasion items are banned
|rule|Evasion Moves Clause: Evasion moves are banned
|rule|Endless Battle Clause: Forcing endless battles is banned
|rule|HP Percentage Mod: HP is shown in percentages
|rule|Dynamax Clause: You cannot dynamax
|clearpoke
|poke|p1|Rotom-Wash|
|poke|p1|Weavile, M|
|poke|p1|Landorus-Therian, M|
|poke|p1|Heatran, M|
|poke|p1|Tangrowth, F|
|poke|p1|Melmetal|
|poke|p2|Volcarona, F|
|poke|p2|Zapdos|
|poke|p2|Rillaboom, M|
|poke|p2|Mantine, F|
|poke|p2|Garchomp, M|
|poke|p2|Heatran, M|
|teampreview
|c|☆minimax_ai|hf
|inactive|Battle timer is ON: inactive players will automatically lose when time's up. (requested by minimax_ai)
|
|t:|1665383324
|start
|switch|p1a: landorustherian|Landorus-Therian, M|100/100
|switch|p2a: Garchomp|Garchomp, M|100/100
|-ability|p1a: landorustherian|Intimidate|boost
|-unboost|p2a: Garchomp|atk|1
|turn|1
|
|t:|1665383329
|move|p2a: Garchomp|Swords Dance|p2a: Garchomp
|-boost|p2a: Garchomp|atk|2
|move|p1a: landorustherian|Toxic|p2a: Garchomp
|-status|p2a: Garchomp|tox
|
|-damage|p2a: Garchomp|94/100 tox|[from] psn
|upkeep
|turn|2
|
|t:|1665383331
|move|p2a: Garchomp|Swords Dance|p2a: Garchomp
|-boost|p2a: Garchomp|atk|2
|move|p1a: landorustherian|U-turn|p2a: Garchomp
|-damage|p2a: Garchomp|72/100 tox
|-damage|p1a: landorustherian|88/100|[from] ability: Rough Skin|[of] p2a: Garchomp
|
|t:|1665383331
|switch|p1a: Weavile|Weavile, M|100/100|[from]move: U-turn
|-ability|p1a: Weavile|Pressure
|
|-heal|p2a: Garchomp|78/100 tox|[from] item: Leftovers
|-damage|p2a: Garchomp|66/100 tox|[from] psn
|upkeep
|turn|3
|
|t:|1665383333
|move|p1a: Weavile|Knock Off|p2a: Garchomp
|-damage|p2a: Garchomp|0 fnt
|-damage|p1a: Weavile|88/100|[from] ability: Rough Skin|[of] p2a: Garchomp
|-enditem|p2a: Garchomp|Leftovers|[from] move: Knock Off|[of] p1a: Weavile
|faint|p2a: Garchomp
|
|upkeep
|
|t:|1665383340
|switch|p2a: Rillaboom|Rillaboom, M|100/100
|-fieldstart|move: Grassy Terrain|[from] ability: Grassy Surge|[of] p2a: Rillaboom
|turn|4
|
|t:|1665383342
|switch|p1a: Tangrowth|Tangrowth, F|100/100
|move|p2a: Rillaboom|Swords Dance|p2a: Rillaboom
|-boost|p2a: Rillaboom|atk|2
|
|upkeep
|turn|5
|
|t:|1665383344
|move|p2a: Rillaboom|Knock Off|p1a: Tangrowth
|-damage|p1a: Tangrowth|53/100
|-damage|p2a: Rillaboom|84/100|[from] item: Rocky Helmet|[of] p1a: Tangrowth
|-enditem|p1a: Tangrowth|Rocky Helmet|[from] move: Knock Off|[of] p2a: Rillaboom
|-damage|p2a: Rillaboom|74/100|[from] item: Life Orb
|move|p1a: Tangrowth|Knock Off|p2a: Rillaboom
|-damage|p2a: Rillaboom|49/100
|-enditem|p2a: Rillaboom|Life Orb|[from] move: Knock Off|[of] p1a: Tangrowth
|
|-heal|p2a: Rillaboom|55/100|[from] Grassy Terrain
|-heal|p1a: Tangrowth|59/100|[from] Grassy Terrain
|upkeep
|turn|6
|
|t:|1665383349
|switch|p1a: landorustherian|Landorus-Therian, M|88/100
|-ability|p1a: landorustherian|Intimidate|boost
|-unboost|p2a: Rillaboom|atk|1
|move|p2a: Rillaboom|Swords Dance|p2a: Rillaboom
|-boost|p2a: Rillaboom|atk|2
|
|-heal|p2a: Rillaboom|61/100|[from] Grassy Terrain
|-heal|p1a: landorustherian|94/100|[from] item: Leftovers
|upkeep
|turn|7
|
|t:|1665383351
|switch|p1a: Tangrowth|Tangrowth, F|93/100
|move|p2a: Rillaboom|Grassy Glide|p1a: Tangrowth
|-resisted|p1a: Tangrowth
|-damage|p1a: Tangrowth|57/100
|
|-heal|p2a: Rillaboom|68/100|[from] Grassy Terrain
|-heal|p1a: Tangrowth|63/100|[from] Grassy Terrain
|upkeep
|turn|8
|
|t:|1665383353
|move|p2a: Rillaboom|Knock Off|p1a: Tangrowth
|-damage|p1a: Tangrowth|32/100
|move|p1a: Tangrowth|Giga Drain|p2a: Rillaboom
|-resisted|p2a: Rillaboom
|-damage|p2a: Rillaboom|43/100
|-heal|p1a: Tangrowth|43/100|[from] drain|[of] p2a: Rillaboom
|
|-heal|p2a: Rillaboom|49/100|[from] Grassy Terrain
|-heal|p1a: Tangrowth|49/100|[from] Grassy Terrain
|-fieldend|move: Grassy Terrain
|upkeep
|turn|9
|
|t:|1665383356
|switch|p1a: landorustherian|Landorus-Therian, M|94/100
|-ability|p1a: landorustherian|Intimidate|boost
|-unboost|p2a: Rillaboom|atk|1
|move|p2a: Rillaboom|Swords Dance|p2a: Rillaboom
|-boost|p2a: Rillaboom|atk|2
|
|-heal|p1a: landorustherian|99/100|[from] item: Leftovers
|upkeep
|turn|10
|
|t:|1665383358
|switch|p1a: Tangrowth|Tangrowth, F|82/100
|move|p2a: Rillaboom|Grassy Glide|p1a: Tangrowth
|-resisted|p1a: Tangrowth
|-damage|p1a: Tangrowth|51/100
|
|upkeep
|turn|11
|
|t:|1665383361
|switch|p1a: landorustherian|Landorus-Therian, M|99/100
|-ability|p1a: landorustherian|Intimidate|boost
|-unboost|p2a: Rillaboom|atk|1
|move|p2a: Rillaboom|Swords Dance|p2a: Rillaboom
|-boost|p2a: Rillaboom|atk|2
|
|-heal|p1a: landorustherian|100/100|[from] item: Leftovers
|upkeep
|turn|12
|
|t:|1665383364
|switch|p1a: Tangrowth|Tangrowth, F|84/100
|move|p2a: Rillaboom|Grassy Glide|p1a: Tangrowth
|-resisted|p1a: Tangrowth
|-damage|p1a: Tangrowth|49/100
|
|upkeep
|turn|13
|
|t:|1665383366
|move|p2a: Rillaboom|Swords Dance|p2a: Rillaboom
|-boost|p2a: Rillaboom|atk|1
|move|p1a: Tangrowth|Giga Drain|p2a: Rillaboom
|-resisted|p2a: Rillaboom
|-damage|p2a: Rillaboom|32/100
|-heal|p1a: Tangrowth|57/100|[from] drain|[of] p2a: Rillaboom
|
|upkeep
|turn|14
|
|t:|1665383368
|move|p2a: Rillaboom|Knock Off|p1a: Tangrowth
|-damage|p1a: Tangrowth|4/100
|move|p1a: Tangrowth|Focus Blast|p2a: Rillaboom
|-damage|p2a: Rillaboom|0 fnt
|faint|p2a: Rillaboom
|
|upkeep
|
|t:|1665383373
|switch|p2a: Volcarona|Volcarona, F|100/100
|turn|15
|
|t:|1665383375
|switch|p1a: landorustherian|Landorus-Therian, M|100/100
|-ability|p1a: landorustherian|Intimidate|boost
|-unboost|p2a: Volcarona|atk|1
|move|p2a: Volcarona|Quiver Dance|p2a: Volcarona
|-boost|p2a: Volcarona|spa|1
|-boost|p2a: Volcarona|spd|1
|-boost|p2a: Volcarona|spe|1
|
|upkeep
|turn|16
|
|t:|1665383377
|move|p2a: Volcarona|Quiver Dance|p2a: Volcarona
|-boost|p2a: Volcarona|spa|1
|-boost|p2a: Volcarona|spd|1
|-boost|p2a: Volcarona|spe|1
|move|p1a: landorustherian|Earthquake|p2a: Volcarona
|-damage|p2a: Volcarona|54/100
|
|upkeep
|turn|17
|
|t:|1665383380
|move|p2a: Volcarona|Roost|p2a: Volcarona
|-heal|p2a: Volcarona|100/100
|-singleturn|p2a: Volcarona|move: Roost
|move|p1a: landorustherian|Earthquake|p2a: Volcarona
|-damage|p2a: Volcarona|51/100
|
|upkeep
|turn|18
|
|t:|1665383382
|switch|p1a: Heatran|Heatran, M|100/100
|-item|p1a: Heatran|Air Balloon
|move|p2a: Volcarona|Flamethrower|p1a: Heatran
|-start|p1a: Heatran|ability: Flash Fire
|
|upkeep
|turn|19
|
|t:|1665383385
|move|p2a: Volcarona|Psychic|p1a: Heatran
|-resisted|p1a: Heatran
|-damage|p1a: Heatran|73/100
|-enditem|p1a: Heatran|Air Balloon
|move|p1a: Heatran|Magma Storm|p2a: Volcarona
|-damage|p2a: Volcarona|17/100
|-activate|p2a: Volcarona|move: Magma Storm|[of] p1a: Heatran
|
|-damage|p2a: Volcarona|5/100|[from] move: Magma Storm|[partiallytrapped]
|upkeep
|turn|20
|
|t:|1665383387
|move|p2a: Volcarona|Roost|p2a: Volcarona
|-heal|p2a: Volcarona|55/100
|-singleturn|p2a: Volcarona|move: Roost
|move|p1a: Heatran|Magma Storm|p2a: Volcarona
|-damage|p2a: Volcarona|21/100
|
|-damage|p2a: Volcarona|9/100|[from] move: Magma Storm|[partiallytrapped]
|upkeep
|turn|21
|
|t:|1665383389
|move|p2a: Volcarona|Roost|p2a: Volcarona
|-heal|p2a: Volcarona|59/100
|-singleturn|p2a: Volcarona|move: Roost
|move|p1a: Heatran|Magma Storm|p2a: Volcarona
|-damage|p2a: Volcarona|27/100
|
|-damage|p2a: Volcarona|14/100|[from] move: Magma Storm|[partiallytrapped]
|upkeep
|turn|22
|
|t:|1665383391
|move|p2a: Volcarona|Roost|p2a: Volcarona
|-heal|p2a: Volcarona|65/100
|-singleturn|p2a: Volcarona|move: Roost
|move|p1a: Heatran|Magma Storm|p2a: Volcarona
|-damage|p2a: Volcarona|30/100
|
|-damage|p2a: Volcarona|17/100|[from] move: Magma Storm|[partiallytrapped]
|upkeep
|turn|23
|
|t:|1665383392
|move|p2a: Volcarona|Roost|p2a: Volcarona
|-heal|p2a: Volcarona|68/100
|-singleturn|p2a: Volcarona|move: Roost
|move|p1a: Heatran|Magma Storm|p2a: Volcarona
|-crit|p2a: Volcarona
|-damage|p2a: Volcarona|0 fnt
|faint|p2a: Volcarona
|
|upkeep
|-message|maxinyuuu forfeited.
|
|win|minimax_ai
|raw|minimax_ai's rating: 1474 &rarr; <strong>1496</strong><br />(+22 for winning)
|raw|maxinyuuu's rating: 1503 &rarr; <strong>1481</strong><br />(-22 for losing)
|c|☆minimax_ai|gg
|l|☆maxinyuuu
