|j|☆Kaleor
|j|☆quixana
|t:|1654806794
|gametype|singles
|player|p1|Kaleor|swimmer-gen4dp|1583
|player|p2|quixana|ethan-pokeathlon|1638
|teamsize|p1|6
|teamsize|p2|6
|gen|8
|tier|[Gen 8] OU
|rated|
|rule|Sleep Clause Mod: Limit one foe put to sleep
|rule|Species Clause: Limit one of each Pokémon
|rule|OHKO Clause: OHKO moves are banned
|rule|Evasion Moves Clause: Evasion moves are banned
|rule|Endless Battle Clause: Forcing endless battles is banned
|rule|HP Percentage Mod: HP is shown in percentages
|rule|Dynamax Clause: You cannot dynamax
|clearpoke
|poke|p1|Zapdos-Galar|
|poke|p1|Volcanion|
|poke|p1|Landorus-Therian, M|
|poke|p1|Kartana|
|poke|p1|Ninetales-Alola, F|
|poke|p1|Aegislash, F|
|poke|p2|Clefable, F|
|poke|p2|Toxapex, F|
|poke|p2|Hippowdon, F|
|poke|p2|Excadrill, M|
|poke|p2|Blacephalon|
|poke|p2|Skarmory, F|
|teampreview
|inactive|Battle timer is ON: inactive players will automatically lose when time's up. (requested by Kaleor)
|
|t:|1654806810
|start
|switch|p1a: Landorus|Landorus-Therian, M|100/100
|switch|p2a: Toxapex|Toxapex, F|100/100
|-ability|p1a: Landorus|Intimidate|boost
|-unboost|p2a: Toxapex|atk|1
|turn|1
|
|t:|1654806816
|move|p1a: Landorus|U-turn|p2a: Toxapex
|-resisted|p2a: Toxapex
|-damage|p2a: Toxapex|92/100
|
|t:|1654806820
|switch|p1a: Volcanion|Volcanion|100/100|[from]move: U-turn
|move|p2a: Toxapex|Knock Off|p1a: Volcanion
|-damage|p1a: Volcanion|90/100
|-enditem|p1a: Volcanion|Choice Specs|[from] move: Knock Off|[of] p2a: Toxapex
|
|upkeep
|turn|2
|j| RIP_lildeee
|
|t:|1654806844
|move|p1a: Volcanion|Earth Power|p2a: Toxapex
|-supereffective|p2a: Toxapex
|-damage|p2a: Toxapex|48/100
|-unboost|p2a: Toxapex|spd|1
|move|p2a: Toxapex|Light Screen|p2a: Toxapex
|-sidestart|p2: quixana|move: Light Screen
|
|upkeep
|turn|3
|j| GROSS SAMPLE TEAM
|
|t:|1654806864
|switch|p2a: Clefable|Clefable, F|100/100
|move|p1a: Volcanion|Steam Eruption|p2a: Clefable
|-damage|p2a: Clefable|71/100
|
|upkeep
|turn|4
|
|t:|1654806876
|move|p1a: Volcanion|Sludge Wave|p2a: Clefable
|-supereffective|p2a: Clefable
|-damage|p2a: Clefable|38/100
|move|p2a: Clefable|Thunder|p1a: Volcanion|[miss]
|-miss|p2a: Clefable|p1a: Volcanion
|
|upkeep
|turn|5
|
|t:|1654806881
|switch|p1a: Landorus|Landorus-Therian, M|100/100
|-ability|p1a: Landorus|Intimidate|boost
|-unboost|p2a: Clefable|atk|1
|switch|p2a: Toxapex|Toxapex, F|81/100
|
|upkeep
|turn|6
|
|t:|1654806885
|switch|p2a: Skarmory|Skarmory, F, shiny|100/100
|move|p1a: Landorus|Earthquake|p2a: Skarmory
|-immune|p2a: Skarmory
|
|-sideend|p2: quixana|move: Light Screen
|upkeep
|turn|7
|
|t:|1654806887
|move|p1a: Landorus|U-turn|p2a: Skarmory
|-resisted|p2a: Skarmory
|-damage|p2a: Skarmory|98/100
|-damage|p1a: Landorus|84/100|[from] item: Rocky Helmet|[of] p2a: Skarmory
|
|t:|1654806891
|switch|p1a: Volcanion|Volcanion|90/100|[from]move: U-turn
|move|p2a: Skarmory|Spikes|p1a: Volcanion
|-sidestart|p1: Kaleor|Spikes
|
|upkeep
|turn|8
|
|t:|1654806898
|switch|p2a: Toxapex|Toxapex, F|100/100
|move|p1a: Volcanion|Earth Power|p2a: Toxapex
|-supereffective|p2a: Toxapex
|-damage|p2a: Toxapex|56/100
|
|upkeep
|turn|9
|
|t:|1654806904
|move|p1a: Volcanion|Earth Power|p2a: Toxapex
|-supereffective|p2a: Toxapex
|-damage|p2a: Toxapex|15/100
|move|p2a: Toxapex|Recover|p2a: Toxapex
|-heal|p2a: Toxapex|65/100
|
|upkeep
|turn|10
|
|t:|1654806909
|switch|p2a: Skarmory|Skarmory, F, shiny|98/100
|move|p1a: Volcanion|Earth Power|p2a: Skarmory
|-immune|p2a: Skarmory
|
|upkeep
|turn|11
|
|t:|1654806916
|switch|p2a: Toxapex|Toxapex, F|98/100
|move|p1a: Volcanion|Fire Blast|p2a: Toxapex
|-resisted|p2a: Toxapex
|-crit|p2a: Toxapex
|-damage|p2a: Toxapex|66/100
|
|upkeep
|turn|12
|
|t:|1654806919
|move|p1a: Volcanion|Earth Power|p2a: Toxapex
|-supereffective|p2a: Toxapex
|-damage|p2a: Toxapex|22/100
|move|p2a: Toxapex|Light Screen|p2a: Toxapex
|-sidestart|p2: quixana|move: Light Screen
|
|upkeep
|turn|13
|
|t:|1654806926
|switch|p1a: Landorus|Landorus-Therian, M|84/100
|-ability|p1a: Landorus|Intimidate|boost
|-unboost|p2a: Toxapex|atk|1
|switch|p2a: Clefable|Clefable, F|38/100
|
|-heal|p1a: Landorus|90/100|[from] item: Leftovers
|upkeep
|turn|14
|
|t:|1654806931
|move|p1a: Landorus|Earthquake|p2a: Clefable
|-damage|p2a: Clefable|3/100
|move|p2a: Clefable|Soft-Boiled|p2a: Clefable
|-heal|p2a: Clefable|53/100
|
|-heal|p1a: Landorus|96/100|[from] item: Leftovers
|upkeep
|turn|15
|
|t:|1654806934
|move|p1a: Landorus|Defog|p2a: Clefable
|-unboost|p2a: Clefable|evasion|1
|-sideend|p2: quixana|move: Light Screen
|-sideend|p1: Kaleor|Spikes|[from] move: Defog|[of] p1a: Landorus
|move|p2a: Clefable|Soft-Boiled|p2a: Clefable
|-heal|p2a: Clefable|100/100
|
|-heal|p1a: Landorus|100/100|[from] item: Leftovers
|upkeep
|turn|16
|
|t:|1654806937
|move|p1a: Landorus|U-turn|p2a: Clefable
|-resisted|p2a: Clefable
|-damage|p2a: Clefable|92/100
|
|t:|1654806940
|switch|p1a: Volcanion|Volcanion|90/100|[from]move: U-turn
|move|p2a: Clefable|Moonblast|p1a: Volcanion
|-resisted|p1a: Volcanion
|-damage|p1a: Volcanion|65/100
|
|upkeep
|turn|17
|
|t:|1654806947
|move|p1a: Volcanion|Sludge Wave|p2a: Clefable
|-supereffective|p2a: Clefable
|-damage|p2a: Clefable|25/100
|move|p2a: Clefable|Thunder|p1a: Volcanion
|-supereffective|p1a: Volcanion
|-damage|p1a: Volcanion|0 fnt
|faint|p1a: Volcanion
|
|upkeep
|
|t:|1654806952
|switch|p1a: Kartana|Kartana|100/100
|turn|18
|
|t:|1654806955
|switch|p2a: Skarmory|Skarmory, F, shiny|98/100
|move|p1a: Kartana|Swords Dance|p1a: Kartana
|-boost|p1a: Kartana|atk|2
|
|upkeep
|turn|19
|
|t:|1654806958
|move|p1a: Kartana|Knock Off|p2a: Skarmory
|-damage|p2a: Skarmory|27/100
|-damage|p1a: Kartana|84/100|[from] item: Rocky Helmet|[of] p2a: Skarmory
|-enditem|p2a: Skarmory|Rocky Helmet|[from] move: Knock Off|[of] p1a: Kartana
|-damage|p1a: Kartana|74/100|[from] item: Life Orb
|move|p2a: Skarmory|Body Press|p1a: Kartana
|-supereffective|p1a: Kartana
|-damage|p1a: Kartana|8/100
|
|upkeep
|turn|20
|l| GROSS SAMPLE TEAM
|inactive|quixana has 120 seconds left.
|
|t:|1654806991
|switch|p2a: Clefable|Clefable, F|25/100
|move|p1a: Kartana|Knock Off|p2a: Clefable
|-resisted|p2a: Clefable
|-damage|p2a: Clefable|0 fnt
|-enditem|p2a: Clefable|Life Orb|[from] move: Knock Off|[of] p1a: Kartana
|faint|p2a: Clefable
|-ability|p1a: Kartana|Beast Boost|boost
|-boost|p1a: Kartana|atk|1
|-damage|p1a: Kartana|0 fnt|[from] item: Life Orb
|faint|p1a: Kartana
|
|upkeep
|inactive|quixana has 120 seconds left.
|
|t:|1654807010
|switch|p1a: Landorus|Landorus-Therian, M|100/100
|switch|p2a: Blacephalon|Blacephalon|100/100
|-ability|p1a: Landorus|Intimidate|boost
|-unboost|p2a: Blacephalon|atk|1
|turn|21
|
|t:|1654807016
|switch|p2a: Skarmory|Skarmory, F, shiny|27/100
|move|p1a: Landorus|U-turn|p2a: Skarmory
|-resisted|p2a: Skarmory
|-damage|p2a: Skarmory|24/100
|
|t:|1654807024
|switch|p1a: Aegislash|Aegislash, F|100/100|[from]move: U-turn
|
|upkeep
|turn|22
|
|t:|1654807027
|switch|p2a: Toxapex|Toxapex, F|55/100
|-formechange|p1a: Aegislash|Aegislash-Blade||[from] ability: Stance Change
|move|p1a: Aegislash|Shadow Ball|p2a: Toxapex
|-damage|p2a: Toxapex|16/100
|-damage|p1a: Aegislash|91/100|[from] item: Life Orb
|
|upkeep
|turn|23
|
|t:|1654807033
|switch|p2a: Hippowdon|Hippowdon, F|100/100
|-weather|Sandstorm|[from] ability: Sand Stream|[of] p2a: Hippowdon
|move|p1a: Aegislash|Shadow Ball|p2a: Hippowdon
|-damage|p2a: Hippowdon|56/100
|-damage|p1a: Aegislash|81/100|[from] item: Life Orb
|
|-weather|Sandstorm|[upkeep]
|-heal|p2a: Hippowdon|62/100|[from] item: Leftovers
|upkeep
|turn|24
|
|t:|1654807041
|switch|p1a: Ninetales|Ninetales-Alola, F|100/100
|-weather|Hail|[from] ability: Snow Warning|[of] p1a: Ninetales
|move|p2a: Hippowdon|Slack Off|p2a: Hippowdon
|-heal|p2a: Hippowdon|100/100
|
|-weather|Hail|[upkeep]
|-damage|p2a: Hippowdon|94/100|[from] Hail
|-heal|p2a: Hippowdon|100/100|[from] item: Leftovers
|upkeep
|turn|25
|
|t:|1654807066
|move|p1a: Ninetales|Freeze-Dry|p2a: Hippowdon
|-supereffective|p2a: Hippowdon
|-damage|p2a: Hippowdon|64/100
|move|p2a: Hippowdon|Stealth Rock|p1a: Ninetales
|-sidestart|p1: Kaleor|move: Stealth Rock
|
|-weather|Hail|[upkeep]
|-damage|p2a: Hippowdon|58/100|[from] Hail
|-heal|p2a: Hippowdon|64/100|[from] item: Leftovers
|upkeep
|turn|26
|
|t:|1654807070
|move|p1a: Ninetales|Freeze-Dry|p2a: Hippowdon
|-supereffective|p2a: Hippowdon
|-damage|p2a: Hippowdon|28/100
|-status|p2a: Hippowdon|frz
|cant|p2a: Hippowdon|frz
|
|-weather|Hail|[upkeep]
|-damage|p2a: Hippowdon|22/100 frz|[from] Hail
|-heal|p2a: Hippowdon|28/100 frz|[from] item: Leftovers
|upkeep
|turn|27
|
|t:|1654807075
|move|p1a: Ninetales|Freeze-Dry|p2a: Hippowdon
|-supereffective|p2a: Hippowdon
|-damage|p2a: Hippowdon|0 fnt
|faint|p2a: Hippowdon
|
|-weather|Hail|[upkeep]
|upkeep
|
|t:|1654807084
|switch|p2a: Blacephalon|Blacephalon|100/100
|turn|28
|
|t:|1654807100
|switch|p1a: Zapdos|Zapdos-Galar|100/100
|-damage|p1a: Zapdos|88/100|[from] Stealth Rock
|move|p2a: Blacephalon|Flamethrower|p1a: Zapdos
|-damage|p1a: Zapdos|3/100
|
|-weather|none
|upkeep
|turn|29
|
|t:|1654807113
|switch|p2a: Toxapex|Toxapex, F|50/100
|move|p1a: Zapdos|Brave Bird|p2a: Toxapex
|-damage|p2a: Toxapex|6/100
|-damage|p1a: Zapdos|0 fnt|[from] Recoil
|faint|p1a: Zapdos
|
|upkeep
|
|t:|1654807122
|switch|p1a: Aegislash|Aegislash, F|81/100
|-damage|p1a: Aegislash|74/100|[from] Stealth Rock
|turn|30
|
|t:|1654807127
|switch|p2a: Skarmory|Skarmory, F, shiny|24/100
|-formechange|p1a: Aegislash|Aegislash-Blade||[from] ability: Stance Change
|move|p1a: Aegislash|Shadow Ball|p2a: Skarmory
|-damage|p2a: Skarmory|0 fnt
|faint|p2a: Skarmory
|-damage|p1a: Aegislash|64/100|[from] item: Life Orb
|
|upkeep
|
|t:|1654807132
|switch|p2a: Excadrill|Excadrill, M|100/100
|turn|31
|
|t:|1654807158
|switch|p1a: Landorus|Landorus-Therian, M|100/100
|-damage|p1a: Landorus|88/100|[from] Stealth Rock
|-ability|p1a: Landorus|Intimidate|boost
|-unboost|p2a: Excadrill|atk|1
|move|p2a: Excadrill|Earthquake|p1a: Landorus
|-immune|p1a: Landorus
|
|-heal|p1a: Landorus|94/100|[from] item: Leftovers
|upkeep
|turn|32
|
|t:|1654807162
|switch|p2a: Toxapex|Toxapex, F|39/100
|move|p1a: Landorus|Earthquake|p2a: Toxapex
|-supereffective|p2a: Toxapex
|-damage|p2a: Toxapex|0 fnt
|faint|p2a: Toxapex
|
|-heal|p1a: Landorus|99/100|[from] item: Leftovers
|upkeep
|
|t:|1654807164
|switch|p2a: Blacephalon|Blacephalon|100/100
|turn|33
|
|t:|1654807167
|move|p2a: Blacephalon|Overheat|p1a: Landorus
|-crit|p1a: Landorus
|-damage|p1a: Landorus|0 fnt
|-unboost|p2a: Blacephalon|spa|2
|faint|p1a: Landorus
|-ability|p2a: Blacephalon|Beast Boost|boost
|-boost|p2a: Blacephalon|spa|1
|
|upkeep
|
|t:|1654807178
|switch|p1a: Aegislash|Aegislash, F|64/100
|-damage|p1a: Aegislash|58/100|[from] Stealth Rock
|turn|34
|
|t:|1654807183
|-formechange|p1a: Aegislash|Aegislash-Blade||[from] ability: Stance Change
|move|p1a: Aegislash|Shadow Sneak|p2a: Blacephalon
|-supereffective|p2a: Blacephalon
|-damage|p2a: Blacephalon|6/100
|-damage|p1a: Aegislash|48/100|[from] item: Life Orb
|move|p2a: Blacephalon|Overheat|p1a: Aegislash
|-supereffective|p1a: Aegislash
|-damage|p1a: Aegislash|0 fnt
|-unboost|p2a: Blacephalon|spa|2
|faint|p1a: Aegislash
|-ability|p2a: Blacephalon|Beast Boost|boost
|-boost|p2a: Blacephalon|spa|1
|
|upkeep
|
|t:|1654807185
|switch|p1a: Ninetales|Ninetales-Alola, F|100/100
|-damage|p1a: Ninetales|76/100|[from] Stealth Rock
|-weather|Hail|[from] ability: Snow Warning|[of] p1a: Ninetales
|turn|35
|
|t:|1654807191
|move|p1a: Ninetales|Blizzard|p2a: Blacephalon
|-resisted|p2a: Blacephalon
|-damage|p2a: Blacephalon|0 fnt
|faint|p2a: Blacephalon
|
|-weather|Hail|[upkeep]
|upkeep
|
|t:|1654807193
|switch|p2a: Excadrill|Excadrill, M|100/100
|turn|36
|
|t:|1654807195
|move|p1a: Ninetales|Blizzard|p2a: Excadrill
|-damage|p2a: Excadrill|43/100
|move|p2a: Excadrill|Iron Head|p1a: Ninetales
|-supereffective|p1a: Ninetales
|-damage|p1a: Ninetales|0 fnt
|faint|p1a: Ninetales
|
|win|quixana
|raw|Kaleor's rating: 1583 &rarr; <strong>1565</strong><br />(-18 for losing)
|raw|quixana's rating: 1619 &rarr; <strong>1637</strong><br />(+18 for winning)
|l|☆Kaleor
|l| RIP_lildeee
||Ladder isn't responding, score probably updated but might not have (Request timeout).
