|j|☆Steez Ibanez
|j|☆kazt 5
|inactive|Battle timer is ON: inactive players will automatically lose when time's up.
|t:|1629761891
|gametype|singles
|player|p1|Steez Ibanez|pokemonranger-gen4|
|player|p2|kazt 5|acetrainersnowf|
|teamsize|p1|6
|teamsize|p2|6
|gen|8
|tier|[Gen 8] OU
|rated|Tournament battle
|rule|Sleep Clause Mod: Limit one foe put to sleep
|rule|Species Clause: Limit one of each Pokémon
|rule|OHKO Clause: OHKO moves are banned
|rule|Evasion Moves Clause: Evasion moves are banned
|rule|Endless Battle Clause: Forcing endless battles is banned
|rule|HP Percentage Mod: HP is shown in percentages
|rule|Dynamax Clause: You cannot dynamax
|clearpoke
|poke|p1|Ninetales-Alola, M|
|poke|p1|Dragapult, M|
|poke|p1|Arctozolt|
|poke|p1|Ferrothorn, M|
|poke|p1|Zapdos|
|poke|p1|Swampert, M|
|poke|p2|Weavile, F|
|poke|p2|Landorus-Therian, M|
|poke|p2|Tapu Koko|
|poke|p2|Skarmory, M|
|poke|p2|Toxapex, F|
|poke|p2|Heatran, F|
|teampreview
|j| Y1theking100
|j| ohfreewin
|j| GGeorgie
|j| Big Slowpoke
|c|☆Steez Ibanez|Hf
|j| OUTJ Johnny
|j| Queenss
|c|☆kazt 5|hf bro
|j| 2facey
|
|t:|1629761911
|start
|switch|p1a: Frozen Kurama|Ninetales-Alola, M|100/100
|switch|p2a: Toxapex|Toxapex, F|100/100
|-weather|Hail|[from] ability: Snow Warning|[of] p1a: Frozen Kurama
|turn|1
|
|t:|1629761922
|switch|p1a: Gucci|Ferrothorn, M, shiny|100/100
|move|p2a: Toxapex|Knock Off|p1a: Gucci
|-damage|p1a: Gucci|91/100
|-damage|p2a: Toxapex|88/100|[from] ability: Iron Barbs|[of] p1a: Gucci
|-damage|p2a: Toxapex|72/100|[from] item: Rocky Helmet|[of] p1a: Gucci
|-enditem|p1a: Gucci|Rocky Helmet|[from] move: Knock Off|[of] p2a: Toxapex
|
|-weather|Hail|[upkeep]
|-damage|p2a: Toxapex|65/100|[from] Hail
|-damage|p1a: Gucci|85/100|[from] Hail
|-heal|p2a: Toxapex|72/100|[from] item: Black Sludge
|upkeep
|turn|2
|
|t:|1629761927
|move|p2a: Toxapex|Scald|p1a: Gucci
|-resisted|p1a: Gucci
|-damage|p1a: Gucci|78/100
|-status|p1a: Gucci|brn
|move|p1a: Gucci|Knock Off|p2a: Toxapex
|-damage|p2a: Toxapex|64/100
|-enditem|p2a: Toxapex|Black Sludge|[from] move: Knock Off|[of] p1a: Gucci
|
|-weather|Hail|[upkeep]
|-damage|p2a: Toxapex|57/100|[from] Hail
|-damage|p1a: Gucci|72/100 brn|[from] Hail
|-damage|p1a: Gucci|66/100 brn|[from] brn
|upkeep
|turn|3
|
|t:|1629761932
|move|p2a: Toxapex|Recover|p2a: Toxapex
|-heal|p2a: Toxapex|100/100
|move|p1a: Gucci|Spikes|p2a: Toxapex
|-sidestart|p2: kazt 5|Spikes
|
|-weather|Hail|[upkeep]
|-damage|p2a: Toxapex|94/100|[from] Hail
|-damage|p1a: Gucci|60/100 brn|[from] Hail
|-damage|p1a: Gucci|54/100 brn|[from] brn
|upkeep
|turn|4
|j|#UnovX
|
|t:|1629761940
|switch|p2a: Skarmory|Skarmory, M|100/100
|move|p1a: Gucci|Leech Seed|p2a: Skarmory
|-start|p2a: Skarmory|move: Leech Seed
|
|-weather|Hail|[upkeep]
|-damage|p2a: Skarmory|95/100|[from] Hail
|-damage|p1a: Gucci|48/100 brn|[from] Hail
|-damage|p2a: Skarmory|82/100|[from] Leech Seed|[of] p1a: Gucci
|-heal|p1a: Gucci|59/100 brn|[silent]
|-damage|p1a: Gucci|53/100 brn|[from] brn
|upkeep
|turn|5
|
|t:|1629761946
|switch|p2a: Landorus|Landorus-Therian, M|100/100
|-ability|p2a: Landorus|Intimidate|boost
|-unboost|p1a: Gucci|atk|1
|move|p1a: Gucci|Knock Off|p2a: Landorus
|-crit|p2a: Landorus
|-damage|p2a: Landorus|89/100
|-enditem|p2a: Landorus|Leftovers|[from] move: Knock Off|[of] p1a: Gucci
|
|-weather|none
|-damage|p1a: Gucci|48/100 brn|[from] brn
|upkeep
|turn|6
|j| codeinecrayzy
|
|t:|1629761973
|move|p2a: Landorus|Earthquake|p1a: Gucci
|-damage|p1a: Gucci|20/100 brn
|move|p1a: Gucci|Leech Seed|p2a: Landorus
|-start|p2a: Landorus|move: Leech Seed
|
|-damage|p2a: Landorus|77/100|[from] Leech Seed|[of] p1a: Gucci
|-heal|p1a: Gucci|33/100 brn|[silent]
|-damage|p1a: Gucci|27/100 brn|[from] brn
|upkeep
|turn|7
|
|t:|1629761980
|move|p2a: Landorus|Earthquake|p1a: Gucci
|-damage|p1a: Gucci|2/100 brn
|move|p1a: Gucci|Spikes|p2a: Landorus
|-sidestart|p2: kazt 5|Spikes
|
|-damage|p2a: Landorus|65/100|[from] Leech Seed|[of] p1a: Gucci
|-heal|p1a: Gucci|15/100 brn|[silent]
|-damage|p1a: Gucci|9/100 brn|[from] brn
|upkeep
|turn|8
|
|t:|1629761987
|move|p2a: Landorus|Earthquake|p1a: Gucci
|-damage|p1a: Gucci|0 fnt
|faint|p1a: Gucci
|
|upkeep
|
|t:|1629761993
|switch|p1a: Frozen Kurama|Ninetales-Alola, M|100/100
|-weather|Hail|[from] ability: Snow Warning|[of] p1a: Frozen Kurama
|turn|9
|
|t:|1629761999
|switch|p1a: Swamp Thing|Swampert, M|100/100
|switch|p2a: Heatran|Heatran, F|100/100
|-damage|p2a: Heatran|84/100|[from] Spikes
|
|-weather|Hail|[upkeep]
|-damage|p2a: Heatran|78/100|[from] Hail
|-damage|p1a: Swamp Thing|94/100|[from] Hail
|-heal|p2a: Heatran|84/100|[from] item: Leftovers
|-heal|p1a: Swamp Thing|100/100|[from] item: Leftovers
|upkeep
|turn|10
|
|t:|1629762003
|switch|p2a: Skarmory|Skarmory, M|82/100
|move|p1a: Swamp Thing|Flip Turn|p2a: Skarmory
|-damage|p2a: Skarmory|68/100
|-damage|p1a: Swamp Thing|84/100|[from] item: Rocky Helmet|[of] p2a: Skarmory
|
|t:|1629762009
|switch|p1a: Frozen Big Bird|Arctozolt|100/100|[from]move: Flip Turn
|
|-weather|Hail|[upkeep]
|-damage|p2a: Skarmory|62/100|[from] Hail
|upkeep
|turn|11
|j| Kay9ine1
|
|t:|1629762015
|move|p1a: Frozen Big Bird|Bolt Beak|p2a: Skarmory
|-supereffective|p2a: Skarmory
|-damage|p2a: Skarmory|0 fnt
|-damage|p1a: Frozen Big Bird|84/100|[from] item: Rocky Helmet|[of] p2a: Skarmory
|faint|p2a: Skarmory
|
|-weather|Hail|[upkeep]
|upkeep
|
|t:|1629762024
|switch|p2a: Heatran|Heatran, F|84/100
|-damage|p2a: Heatran|67/100|[from] Spikes
|turn|12
|
|t:|1629762033
|switch|p1a: Swamp Thing|Swampert, M|84/100
|move|p2a: Heatran|Toxic|p1a: Swamp Thing|[miss]
|-miss|p2a: Heatran|p1a: Swamp Thing
|
|-weather|Hail|[upkeep]
|-damage|p2a: Heatran|61/100|[from] Hail
|-damage|p1a: Swamp Thing|78/100|[from] Hail
|-heal|p2a: Heatran|67/100|[from] item: Leftovers
|-heal|p1a: Swamp Thing|84/100|[from] item: Leftovers
|upkeep
|turn|13
|l| Queenss
|l| OUTJ Johnny
|
|t:|1629762040
|move|p2a: Heatran|Toxic|p1a: Swamp Thing
|-status|p1a: Swamp Thing|tox
|move|p1a: Swamp Thing|Earthquake|p2a: Heatran
|-supereffective|p2a: Heatran
|-damage|p2a: Heatran|0 fnt
|faint|p2a: Heatran
|
|-weather|none
|-heal|p1a: Swamp Thing|90/100 tox|[from] item: Leftovers
|-damage|p1a: Swamp Thing|84/100 tox|[from] psn
|upkeep
|
|t:|1629762045
|switch|p2a: Landorus|Landorus-Therian, M|65/100
|-ability|p2a: Landorus|Intimidate|boost
|-unboost|p1a: Swamp Thing|atk|1
|turn|14
|
|t:|1629762058
|move|p2a: Landorus|Stealth Rock|p1a: Swamp Thing
|-sidestart|p1: Steez Ibanez|move: Stealth Rock
|move|p1a: Swamp Thing|Flip Turn|p2a: Landorus
|-supereffective|p2a: Landorus
|-damage|p2a: Landorus|43/100
|
|t:|1629762060
|switch|p1a: Frozen Kurama|Ninetales-Alola, M|100/100|[from]move: Flip Turn
|-weather|Hail|[from] ability: Snow Warning|[of] p1a: Frozen Kurama
|
|-weather|Hail|[upkeep]
|-damage|p2a: Landorus|37/100|[from] Hail
|upkeep
|turn|15
|
|t:|1629762070
|switch|p2a: Weavile|Weavile, F|100/100
|-ability|p2a: Weavile|Pressure
|move|p1a: Frozen Kurama|Freeze-Dry|p2a: Weavile
|-resisted|p2a: Weavile
|-crit|p2a: Weavile
|-damage|p2a: Weavile|72/100
|
|-weather|Hail|[upkeep]
|upkeep
|turn|16
|
|t:|1629762076
|move|p2a: Weavile|Swords Dance|p2a: Weavile
|-boost|p2a: Weavile|atk|2
|move|p1a: Frozen Kurama|Moonblast|p2a: Weavile
|-supereffective|p2a: Weavile
|-damage|p2a: Weavile|0 fnt
|faint|p2a: Weavile
|
|-weather|Hail|[upkeep]
|upkeep
|
|t:|1629762080
|switch|p2a: Tapu Koko|Tapu Koko|100/100
|-fieldstart|move: Electric Terrain|[from] ability: Electric Surge|[of] p2a: Tapu Koko
|turn|17
|c|☆Steez Ibanez|Can you feel it mr krabs
|
|t:|1629762086
|switch|p1a: Swamp Thing|Swampert, M|84/100 tox
|-damage|p1a: Swamp Thing|78/100 tox|[from] Stealth Rock
|move|p2a: Tapu Koko|Dazzling Gleam|p1a: Swamp Thing
|-damage|p1a: Swamp Thing|55/100 tox
|
|-weather|Hail|[upkeep]
|-damage|p2a: Tapu Koko|94/100|[from] Hail
|-damage|p1a: Swamp Thing|49/100 tox|[from] Hail
|-heal|p1a: Swamp Thing|55/100 tox|[from] item: Leftovers
|-damage|p1a: Swamp Thing|49/100 tox|[from] psn
|upkeep
|turn|18
|c|☆kazt 5|i can feel it
|c|☆kazt 5|my only 3 viable teams all loses to hail lol
|
|t:|1629762110
|move|p2a: Tapu Koko|U-turn|p1a: Swamp Thing
|-damage|p1a: Swamp Thing|34/100 tox
|
|t:|1629762112
|switch|p2a: Toxapex|Toxapex, F|100/100|[from]move: U-turn
|-damage|p2a: Toxapex|84/100|[from] Spikes
|move|p1a: Swamp Thing|Flip Turn|p2a: Toxapex
|-resisted|p2a: Toxapex
|-damage|p2a: Toxapex|76/100
|j| Lynarto
|
|t:|1629762142
|switch|p1a: Bolt|Zapdos, shiny|100/100|[from]move: Flip Turn
|
|-weather|none
|upkeep
|turn|19
|
|t:|1629762147
|move|p1a: Bolt|Volt Switch|p2a: Toxapex
|-supereffective|p2a: Toxapex
|-damage|p2a: Toxapex|34/100
|
|t:|1629762150
|switch|p1a: Frozen Kurama|Ninetales-Alola, M|100/100|[from]move: Volt Switch
|-weather|Hail|[from] ability: Snow Warning|[of] p1a: Frozen Kurama
|move|p2a: Toxapex|Recover|p2a: Toxapex
|-heal|p2a: Toxapex|84/100
|
|-weather|Hail|[upkeep]
|-damage|p2a: Toxapex|78/100|[from] Hail
|upkeep
|turn|20
|
|t:|1629762155
|move|p1a: Frozen Kurama|Nasty Plot|p1a: Frozen Kurama
|-boost|p1a: Frozen Kurama|spa|2
|move|p2a: Toxapex|Recover|p2a: Toxapex
|-heal|p2a: Toxapex|100/100
|
|-weather|Hail|[upkeep]
|-damage|p2a: Toxapex|94/100|[from] Hail
|upkeep
|turn|21
|
|t:|1629762158
|move|p1a: Frozen Kurama|Freeze-Dry|p2a: Toxapex
|-supereffective|p2a: Toxapex
|-damage|p2a: Toxapex|33/100
|move|p2a: Toxapex|Knock Off|p1a: Frozen Kurama
|-resisted|p1a: Frozen Kurama
|-damage|p1a: Frozen Kurama|90/100
|-enditem|p1a: Frozen Kurama|Heavy-Duty Boots|[from] move: Knock Off|[of] p2a: Toxapex
|
|-weather|Hail|[upkeep]
|-damage|p2a: Toxapex|27/100|[from] Hail
|-fieldend|move: Electric Terrain
|upkeep
|turn|22
|
|t:|1629762165
|switch|p2a: Landorus|Landorus-Therian, M|37/100
|-ability|p2a: Landorus|Intimidate|boost
|-unboost|p1a: Frozen Kurama|atk|1
|move|p1a: Frozen Kurama|Freeze-Dry|p2a: Landorus
|-supereffective|p2a: Landorus
|-damage|p2a: Landorus|0 fnt
|faint|p2a: Landorus
|
|-weather|Hail|[upkeep]
|upkeep
|
|t:|1629762167
|switch|p2a: Tapu Koko|Tapu Koko|94/100
|-fieldstart|move: Electric Terrain|[from] ability: Electric Surge|[of] p2a: Tapu Koko
|turn|23
|
|t:|1629762171
|move|p2a: Tapu Koko|Thunderbolt|p1a: Frozen Kurama
|-damage|p1a: Frozen Kurama|28/100
|move|p1a: Frozen Kurama|Moonblast|p2a: Tapu Koko
|-damage|p2a: Tapu Koko|0 fnt
|faint|p2a: Tapu Koko
|
|-weather|none
|upkeep
|
|t:|1629762174
|switch|p2a: Toxapex|Toxapex, F|60/100
|-damage|p2a: Toxapex|44/100|[from] Spikes
|turn|24
|
|t:|1629762176
|move|p1a: Frozen Kurama|Freeze-Dry|p2a: Toxapex
|-supereffective|p2a: Toxapex
|-damage|p2a: Toxapex|0 fnt
|faint|p2a: Toxapex
|
|win|Steez Ibanez
|n|☆Steez Ibanez|steezibanez
|n|☆kazt 5|kazt5
|n| Y1theking100|y1theking100
|n| ohfreewin|ohfreewin
|n| GGeorgie|ggeorgie
|n| Big Slowpoke|bigslowpoke
|n| 2facey|2facey
|n|+UnovX|unovx
|n| codeinecrayzy|codeinecrayzy
|n| Kay9ine1|kay9ine1
|n| Lynarto|lynarto
