|j|☆Black Zircon
|j|☆Shootingwolf
|t:|1604281562
|player|p1|Black Zircon|galacticgruntf|1519
|player|p2|Shootingwolf|2|1515
|teamsize|p1|6
|teamsize|p2|6
|gametype|singles
|gen|8
|tier|[Gen 8] OU
|rated|
|clearpoke
|poke|p1|Melmetal|
|poke|p1|Cresselia, F|
|poke|p1|Hatterene, F|
|poke|p1|Magearna|
|poke|p1|Marowak-Alola, F|
|poke|p1|Porygon2|
|poke|p2|Kyurem-Black|
|poke|p2|Excadrill, F|
|poke|p2|Tapu Fini|
|poke|p2|Urshifu-*, F|
|poke|p2|Tapu Koko|
|poke|p2|Zapdos|
|rule|Sleep Clause Mod: Limit one foe put to sleep
|rule|Species Clause: Limit one of each Pokémon
|rule|OHKO Clause: OHKO moves are banned
|rule|Evasion Moves Clause: Evasion moves are banned
|rule|Endless Battle Clause: Forcing endless battles is banned
|rule|HP Percentage Mod: HP is shown in percentages
|rule|Dynamax Clause: You cannot dynamax
|teampreview
|j| Superkillerman
|
|t:|1604281584
|start
|switch|p1a: Hatterene|Hatterene, F|100/100
|switch|p2a: Urshifu|Urshifu, F|100/100
|turn|1
|
|t:|1604281591
|move|p2a: Urshifu|U-turn|p1a: Hatterene
|-crit|p1a: Hatterene
|-damage|p1a: Hatterene|38/100
|
|t:|1604281594
|switch|p2a: Excadrill|Excadrill, F|100/100|[from]move: U-turn
|-ability|p2a: Excadrill|Mold Breaker
|move|p1a: Hatterene|Trick Room|p1a: Hatterene
|-fieldstart|move: Trick Room|[of] p1a: Hatterene
|
|upkeep
|turn|2
|
|t:|1604281598
|move|p1a: Hatterene|Mystical Fire|p2a: Excadrill
|-supereffective|p2a: Excadrill
|-crit|p2a: Excadrill
|-damage|p2a: Excadrill|27/100
|-unboost|p2a: Excadrill|spa|1
|move|p2a: Excadrill|Stealth Rock|p1a: Hatterene
|-sidestart|p1: Black Zircon|move: Stealth Rock
|
|-heal|p2a: Excadrill|33/100|[from] item: Leftovers
|upkeep
|turn|3
|
|t:|1604281608
|move|p1a: Hatterene|Mystical Fire|p2a: Excadrill
|-supereffective|p2a: Excadrill
|-damage|p2a: Excadrill|0 fnt
|faint|p2a: Excadrill
|
|upkeep
|
|t:|1604281617
|switch|p2a: hidden power ice|Zapdos|100/100
|turn|4
|
|t:|1604281625
|move|p1a: Hatterene|Misty Explosion|p2a: hidden power ice
|-damage|p2a: hidden power ice|40/100
|faint|p1a: Hatterene
|move|p2a: hidden power ice|Heat Wave|p1: Hatterene|[notarget]
|-fail|p2a: hidden power ice
|
|upkeep
|
|t:|1604281634
|switch|p1a: Magearna|Magearna|100/100
|-damage|p1a: Magearna|94/100|[from] Stealth Rock
|turn|5
|
|t:|1604281639
|move|p1a: Magearna|Thunderbolt|p2a: hidden power ice
|-damage|p2a: hidden power ice|0 fnt
|-damage|p1a: Magearna|85/100|[from] item: Life Orb
|faint|p2a: hidden power ice
|-ability|p1a: Magearna|Soul-Heart|boost
|-boost|p1a: Magearna|spa|1
|
|-fieldend|move: Trick Room
|upkeep
|
|t:|1604281648
|switch|p2a: Urshifu|Urshifu, F|100/100
|turn|6
|
|t:|1604281651
|move|p2a: Urshifu|U-turn|p1a: Magearna
|-resisted|p1a: Magearna
|-crit|p1a: Magearna
|-damage|p1a: Magearna|74/100
|
|t:|1604281658
|switch|p2a: Tapu Koko|Tapu Koko|100/100|[from]move: U-turn
|-fieldstart|move: Electric Terrain|[from] ability: Electric Surge|[of] p2a: Tapu Koko
|move|p1a: Magearna|Trick Room|p1a: Magearna
|-fieldstart|move: Trick Room|[of] p1a: Magearna
|
|upkeep
|turn|7
|
|t:|1604281667
|move|p1a: Magearna|Thunderbolt|p2a: Tapu Koko
|-resisted|p2a: Tapu Koko
|-damage|p2a: Tapu Koko|29/100
|-damage|p1a: Magearna|64/100|[from] item: Life Orb
|move|p2a: Tapu Koko|Thunderbolt|p1a: Magearna
|-damage|p1a: Magearna|18/100
|
|upkeep
|turn|8
|
|t:|1604281677
|move|p1a: Magearna|Thunderbolt|p2a: Tapu Koko
|-resisted|p2a: Tapu Koko
|-damage|p2a: Tapu Koko|0 fnt
|-damage|p1a: Magearna|8/100|[from] item: Life Orb
|faint|p2a: Tapu Koko
|-ability|p1a: Magearna|Soul-Heart|boost
|-boost|p1a: Magearna|spa|1
|
|upkeep
|
|t:|1604281687
|switch|p2a: Tapu Fini|Tapu Fini|100/100
|-fieldstart|move: Misty Terrain|[from] ability: Misty Surge|[of] p2a: Tapu Fini
|turn|9
|
|t:|1604281691
|switch|p2a: Kyurem|Kyurem-Black|100/100
|-ability|p2a: Kyurem|Teravolt
|move|p1a: Magearna|Thunderbolt|p2a: Kyurem
|-resisted|p2a: Kyurem
|-damage|p2a: Kyurem|59/100
|-damage|p1a: Magearna|0 fnt|[from] item: Life Orb
|faint|p1a: Magearna
|
|upkeep
|
|t:|1604281696
|switch|p1a: Porygon2|Porygon2|100/100
|-damage|p1a: Porygon2|88/100|[from] Stealth Rock
|-ability|p1a: Porygon2|Download|boost
|-boost|p1a: Porygon2|spa|1
|turn|10
|
|t:|1604281701
|move|p2a: Kyurem|Dragon Dance|p2a: Kyurem
|-boost|p2a: Kyurem|atk|1
|-boost|p2a: Kyurem|spe|1
|move|p1a: Porygon2|Trick Room|p1a: Porygon2
|-fieldend|move: Trick Room
|
|upkeep
|turn|11
|
|t:|1604281706
|move|p2a: Kyurem|Icicle Spear|p1a: Porygon2
|-damage|p1a: Porygon2|64/100
|-damage|p1a: Porygon2|43/100
|-damage|p1a: Porygon2|22/100
|-damage|p1a: Porygon2|0 fnt
|-hitcount|p1a: Porygon2|4
|-damage|p2a: Kyurem|49/100|[from] item: Life Orb
|faint|p1a: Porygon2
|
|upkeep
|
|t:|1604281717
|switch|p1a: Melmetal|Melmetal|100/100
|-damage|p1a: Melmetal|94/100|[from] Stealth Rock
|turn|12
|
|t:|1604281723
|move|p2a: Kyurem|Fusion Bolt|p1a: Melmetal
|-damage|p1a: Melmetal|50/100
|-damage|p2a: Kyurem|39/100|[from] item: Life Orb
|move|p1a: Melmetal|Double Iron Bash|p2a: Kyurem
|-supereffective|p2a: Kyurem
|-damage|p2a: Kyurem|0 fnt
|-hitcount|p2a: Kyurem|1
|faint|p2a: Kyurem
|
|upkeep
|
|t:|1604281731
|switch|p2a: Tapu Fini|Tapu Fini|100/100
|turn|13
|
|t:|1604281737
|switch|p1a: Cresselia|Cresselia, F|100/100
|-damage|p1a: Cresselia|88/100|[from] Stealth Rock
|move|p2a: Tapu Fini|Whirlpool|p1a: Cresselia
|-damage|p1a: Cresselia|80/100
|-activate|p1a: Cresselia|move: Whirlpool|[of] p2a: Tapu Fini
|
|-heal|p1a: Cresselia|87/100|[from] item: Leftovers
|-damage|p1a: Cresselia|74/100|[from] move: Whirlpool|[partiallytrapped]
|-fieldend|Misty Terrain
|upkeep
|turn|14
|
|t:|1604281744
|move|p2a: Tapu Fini|Taunt|p1a: Cresselia
|-start|p1a: Cresselia|move: Taunt
|cant|p1a: Cresselia|move: Taunt|Trick Room
|
|-heal|p1a: Cresselia|80/100|[from] item: Leftovers
|-damage|p1a: Cresselia|68/100|[from] move: Whirlpool|[partiallytrapped]
|upkeep
|turn|15
|
|t:|1604281746
|move|p2a: Tapu Fini|Nature's Madness|p1a: Cresselia
|-damage|p1a: Cresselia|34/100
|move|p1a: Cresselia|Ice Beam|p2a: Tapu Fini
|-resisted|p2a: Tapu Fini
|-damage|p2a: Tapu Fini|94/100
|
|-heal|p2a: Tapu Fini|100/100|[from] item: Leftovers
|-heal|p1a: Cresselia|40/100|[from] item: Leftovers
|-damage|p1a: Cresselia|28/100|[from] move: Whirlpool|[partiallytrapped]
|upkeep
|turn|16
|
|t:|1604281750
|move|p2a: Tapu Fini|Moonblast|p1a: Cresselia
|-damage|p1a: Cresselia|10/100
|-unboost|p1a: Cresselia|spa|1
|move|p1a: Cresselia|Ice Beam|p2a: Tapu Fini
|-resisted|p2a: Tapu Fini
|-damage|p2a: Tapu Fini|96/100
|
|-heal|p2a: Tapu Fini|100/100|[from] item: Leftovers
|-heal|p1a: Cresselia|16/100|[from] item: Leftovers
|-damage|p1a: Cresselia|3/100|[from] move: Whirlpool|[partiallytrapped]
|-end|p1a: Cresselia|move: Taunt
|upkeep
|turn|17
|
|t:|1604281761
|move|p2a: Tapu Fini|Moonblast|p1a: Cresselia
|-damage|p1a: Cresselia|0 fnt
|faint|p1a: Cresselia
|
|upkeep
|
|t:|1604281766
|switch|p1a: Marowak|Marowak-Alola, F|100/100
|-damage|p1a: Marowak|76/100|[from] Stealth Rock
|turn|18
|
|t:|1604281769
|move|p2a: Tapu Fini|Whirlpool|p1a: Marowak
|-supereffective|p1a: Marowak
|-damage|p1a: Marowak|46/100
|-activate|p1a: Marowak|move: Whirlpool|[of] p2a: Tapu Fini
|move|p1a: Marowak|Poltergeist|p2a: Tapu Fini
|-activate|p2a: Tapu Fini|move: Poltergeist|Leftovers
|-damage|p2a: Tapu Fini|44/100
|
|-heal|p2a: Tapu Fini|50/100|[from] item: Leftovers
|-damage|p1a: Marowak|34/100|[from] move: Whirlpool|[partiallytrapped]
|upkeep
|turn|19
|
|t:|1604281779
|move|p2a: Tapu Fini|Whirlpool|p1a: Marowak
|-supereffective|p1a: Marowak
|-damage|p1a: Marowak|4/100
|move|p1a: Marowak|Poltergeist|p2a: Tapu Fini
|-activate|p2a: Tapu Fini|move: Poltergeist|Leftovers
|-damage|p2a: Tapu Fini|0 fnt
|faint|p2a: Tapu Fini
|
|-end|p1a: Marowak|Whirlpool|[partiallytrapped]|[silent]
|upkeep
|
|t:|1604281787
|switch|p2a: Urshifu|Urshifu, F|100/100
|turn|20
|
|t:|1604281791
|move|p2a: Urshifu|Wicked Blow|p1a: Marowak
|-supereffective|p1a: Marowak
|-crit|p1a: Marowak
|-damage|p1a: Marowak|0 fnt
|faint|p1a: Marowak
|
|upkeep
|
|t:|1604281793
|switch|p1a: Melmetal|Melmetal|50/100
|-damage|p1a: Melmetal|44/100|[from] Stealth Rock
|turn|21
|
|t:|1604281797
|move|p2a: Urshifu|Wicked Blow|p1a: Melmetal
|-crit|p1a: Melmetal
|-damage|p1a: Melmetal|0 fnt
|faint|p1a: Melmetal
|
|win|Shootingwolf
|l|☆Black Zircon
||Ladder (probably) updated, but score could not be retrieved (Request timeout).
