|html|<div class="broadcast-blue"><strong>[Gen 8] OU is currently suspecting Melmetal! For information on how to participate check out the <a href="https://www.smogon.com/forums/threads/np-ss-ou-suspect-process-round-12-monster-mash.3709234/">suspect thread</a>.</strong></div>
|j|☆minimax_ai
|j|☆Huskothy
|t:|1666015245
|gametype|singles
|player|p1|minimax_ai|lusamine-nihilego|1544
|player|p2|Huskothy|lucas|1568
|teamsize|p1|6
|teamsize|p2|6
|gen|8
|tier|[Gen 8] OU
|rated|
|rule|Sleep Clause Mod: Limit one foe put to sleep
|rule|Species Clause: Limit one of each Pokémon
|rule|OHKO Clause: OHKO moves are banned
|rule|Evasion Items Clause: Evasion items are banned
|rule|Evasion Moves Clause: Evasion moves are banned
|rule|Endless Battle Clause: Forcing endless battles is banned
|rule|HP Percentage Mod: HP is shown in percentages
|rule|Dynamax Clause: You cannot dynamax
|clearpoke
|poke|p1|Rotom-Wash|
|poke|p1|Weavile, F|
|poke|p1|Landorus-Therian, M|
|poke|p1|Heatran, M|
|poke|p1|Tangrowth, M|
|poke|p1|Melmetal|
|poke|p2|Aerodactyl, F|
|poke|p2|Tornadus-Therian, M|
|poke|p2|Scizor, M|
|poke|p2|Garchomp, F|
|poke|p2|Rotom-Wash|
|poke|p2|Dragapult, M|
|teampreview
|c|☆minimax_ai|hf
|inactive|Battle timer is ON: inactive players will automatically lose when time's up. (requested by minimax_ai)
|c|☆Huskothy|u2
|
|t:|1666015255
|start
|switch|p1a: landorustherian|Landorus-Therian, M|100/100
|switch|p2a: Tornadus|Tornadus-Therian, M|100/100
|-ability|p1a: landorustherian|Intimidate|boost
|-unboost|p2a: Tornadus|atk|1
|turn|1
|
|t:|1666015258
|move|p2a: Tornadus|Knock Off|p1a: landorustherian
|-damage|p1a: landorustherian|89/100
|-enditem|p1a: landorustherian|Leftovers|[from] move: Knock Off|[of] p2a: Tornadus
|move|p1a: landorustherian|Toxic|p2a: Tornadus
|-status|p2a: Tornadus|tox
|
|-damage|p2a: Tornadus|94/100 tox|[from] psn
|upkeep
|turn|2
|
|t:|1666015261
|switch|p1a: rotomwash|Rotom-Wash|100/100
|move|p2a: Tornadus|Hurricane|p1a: rotomwash|[miss]
|-miss|p2a: Tornadus|p1a: rotomwash
|
|-damage|p2a: Tornadus|82/100 tox|[from] psn
|upkeep
|turn|3
|
|t:|1666015264
|move|p2a: Tornadus|U-turn|p1a: rotomwash
|-damage|p1a: rotomwash|89/100
|
|t:|1666015269
|switch|p2a: Garchomp|Garchomp, F|100/100|[from]move: U-turn
|move|p1a: rotomwash|Nasty Plot|p1a: rotomwash
|-boost|p1a: rotomwash|spa|2
|
|-heal|p1a: rotomwash|95/100|[from] item: Leftovers
|upkeep
|turn|4
|
|t:|1666015270
|move|p2a: Garchomp|Toxic|p1a: rotomwash
|-status|p1a: rotomwash|tox
|move|p1a: rotomwash|Hydro Pump|p2a: Garchomp
|-damage|p2a: Garchomp|19/100
|
|-heal|p2a: Garchomp|25/100|[from] item: Leftovers
|-heal|p1a: rotomwash|100/100 tox|[from] item: Leftovers
|-damage|p1a: rotomwash|94/100 tox|[from] psn
|upkeep
|turn|5
|
|t:|1666015273
|move|p2a: Garchomp|Protect|p2a: Garchomp
|-singleturn|p2a: Garchomp|Protect
|move|p1a: rotomwash|Hydro Pump|p2a: Garchomp
|-activate|p2a: Garchomp|move: Protect
|
|-heal|p2a: Garchomp|31/100|[from] item: Leftovers
|-heal|p1a: rotomwash|100/100 tox|[from] item: Leftovers
|-damage|p1a: rotomwash|88/100 tox|[from] psn
|upkeep
|turn|6
|
|t:|1666015275
|switch|p2a: Dragapult|Dragapult, M|100/100
|move|p1a: rotomwash|Hydro Pump|p2a: Dragapult
|-resisted|p2a: Dragapult
|-damage|p2a: Dragapult|47/100
|
|-heal|p1a: rotomwash|94/100 tox|[from] item: Leftovers
|-damage|p1a: rotomwash|75/100 tox|[from] psn
|upkeep
|turn|7
|
|t:|1666015280
|switch|p1a: Melmetal|Melmetal|100/100
|move|p2a: Dragapult|Hex|p1a: Melmetal
|-damage|p1a: Melmetal|82/100
|
|upkeep
|turn|8
|
|t:|1666015282
|move|p2a: Dragapult|U-turn|p1a: Melmetal
|-resisted|p1a: Melmetal
|-damage|p1a: Melmetal|77/100
|
|t:|1666015283
|switch|p2a: Scizor|Scizor, M|100/100|[from]move: U-turn
|move|p1a: Melmetal|Ice Punch|p2a: Scizor
|-resisted|p2a: Scizor
|-damage|p2a: Scizor|88/100
|
|upkeep
|turn|9
|
|t:|1666015286
|switch|p1a: landorustherian|Landorus-Therian, M|89/100
|-ability|p1a: landorustherian|Intimidate|boost
|-unboost|p2a: Scizor|atk|1
|move|p2a: Scizor|U-turn|p1a: landorustherian
|-resisted|p1a: landorustherian
|-damage|p1a: landorustherian|78/100
|
|t:|1666015290
|switch|p2a: Aerodactyl|Aerodactyl, F|100/100|[from]move: U-turn
|-ability|p2a: Aerodactyl|Pressure
|
|upkeep
|turn|10
|
|t:|1666015291
|move|p2a: Aerodactyl|Stone Edge|p1a: landorustherian
|-damage|p1a: landorustherian|16/100
|move|p1a: landorustherian|U-turn|p2a: Aerodactyl
|-resisted|p2a: Aerodactyl
|-damage|p2a: Aerodactyl|83/100
|
|t:|1666015291
|switch|p1a: Melmetal|Melmetal|77/100|[from]move: U-turn
|
|upkeep
|turn|11
|
|t:|1666015295
|switch|p2a: Scizor|Scizor, M|88/100
|move|p1a: Melmetal|Ice Punch|p2a: Scizor
|-resisted|p2a: Scizor
|-damage|p2a: Scizor|74/100
|
|upkeep
|turn|12
|
|t:|1666015299
|move|p2a: Scizor|U-turn|p1a: Melmetal
|-resisted|p1a: Melmetal
|-crit|p1a: Melmetal
|-damage|p1a: Melmetal|65/100
|
|t:|1666015300
|switch|p2a: Rotom|Rotom-Wash|100/100|[from]move: U-turn
|move|p1a: Melmetal|Ice Punch|p2a: Rotom
|-resisted|p2a: Rotom
|-damage|p2a: Rotom|83/100
|
|-heal|p2a: Rotom|89/100|[from] item: Leftovers
|upkeep
|turn|13
|
|t:|1666015302
|switch|p1a: Tangrowth|Tangrowth, M|100/100
|move|p2a: Rotom|Hydro Pump|p1a: Tangrowth
|-resisted|p1a: Tangrowth
|-damage|p1a: Tangrowth|72/100
|
|-heal|p2a: Rotom|96/100|[from] item: Leftovers
|upkeep
|turn|14
|
|t:|1666015304
|move|p2a: Rotom|Volt Switch|p1a: Tangrowth
|-resisted|p1a: Tangrowth
|-damage|p1a: Tangrowth|52/100
|
|t:|1666015306
|switch|p2a: Tornadus|Tornadus-Therian, M|100/100 tox|[from]move: Volt Switch
|move|p1a: Tangrowth|Giga Drain|p2a: Tornadus
|-resisted|p2a: Tornadus
|-damage|p2a: Tornadus|91/100 tox
|-heal|p1a: Tangrowth|57/100|[from] drain|[of] p2a: Tornadus
|
|-damage|p2a: Tornadus|85/100 tox|[from] psn
|upkeep
|turn|15
|
|t:|1666015308
|switch|p1a: Melmetal|Melmetal|65/100
|move|p2a: Tornadus|Knock Off|p1a: Melmetal
|-damage|p1a: Melmetal|54/100
|-enditem|p1a: Melmetal|Assault Vest|[from] move: Knock Off|[of] p2a: Tornadus
|
|-damage|p2a: Tornadus|73/100 tox|[from] psn
|upkeep
|turn|16
|
|t:|1666015310
|move|p2a: Tornadus|U-turn|p1a: Melmetal
|-resisted|p1a: Melmetal
|-damage|p1a: Melmetal|50/100
|
|t:|1666015311
|switch|p2a: Scizor|Scizor, M|74/100|[from]move: U-turn
|move|p1a: Melmetal|Ice Punch|p2a: Scizor
|-resisted|p2a: Scizor
|-damage|p2a: Scizor|61/100
|
|upkeep
|turn|17
|
|t:|1666015313
|move|p2a: Scizor|Roost|p2a: Scizor
|-heal|p2a: Scizor|100/100
|-singleturn|p2a: Scizor|move: Roost
|move|p1a: Melmetal|Double Iron Bash|p2a: Scizor
|-resisted|p2a: Scizor
|-crit|p2a: Scizor
|-damage|p2a: Scizor|79/100
|-resisted|p2a: Scizor
|-damage|p2a: Scizor|63/100
|-hitcount|p2a: Scizor|2
|
|upkeep
|turn|18
|
|t:|1666015316
|move|p2a: Scizor|Roost|p2a: Scizor
|-heal|p2a: Scizor|100/100
|-singleturn|p2a: Scizor|move: Roost
|move|p1a: Melmetal|Double Iron Bash|p2a: Scizor
|-resisted|p2a: Scizor
|-damage|p2a: Scizor|85/100
|-resisted|p2a: Scizor
|-damage|p2a: Scizor|69/100
|-hitcount|p2a: Scizor|2
|
|upkeep
|turn|19
|
|t:|1666015318
|move|p2a: Scizor|U-turn|p1a: Melmetal
|-resisted|p1a: Melmetal
|-damage|p1a: Melmetal|42/100
|
|t:|1666015320
|switch|p2a: Rotom|Rotom-Wash|96/100|[from]move: U-turn
|move|p1a: Melmetal|Double Iron Bash|p2a: Rotom
|-resisted|p2a: Rotom
|-crit|p2a: Rotom
|-damage|p2a: Rotom|79/100
|-resisted|p2a: Rotom
|-damage|p2a: Rotom|69/100
|-hitcount|p2a: Rotom|2
|
|-heal|p2a: Rotom|75/100|[from] item: Leftovers
|upkeep
|turn|20
|
|t:|1666015322
|move|p2a: Rotom|Hydro Pump|p1a: Melmetal
|-damage|p1a: Melmetal|9/100
|move|p1a: Melmetal|Ice Punch|p2a: Rotom
|-resisted|p2a: Rotom
|-damage|p2a: Rotom|58/100
|
|-heal|p2a: Rotom|65/100|[from] item: Leftovers
|upkeep
|turn|21
|
|t:|1666015324
|switch|p1a: Weavile|Weavile, F|100/100
|-ability|p1a: Weavile|Pressure
|move|p2a: Rotom|Volt Switch|p1a: Weavile
|-damage|p1a: Weavile|67/100
|
|t:|1666015332
|switch|p2a: Scizor|Scizor, M|69/100|[from]move: Volt Switch
|
|upkeep
|turn|22
|
|t:|1666015336
|switch|p1a: Heatran|Heatran, M|100/100
|-item|p1a: Heatran|Air Balloon
|move|p2a: Scizor|Bullet Punch|p1a: Heatran
|-resisted|p1a: Heatran
|-damage|p1a: Heatran|94/100
|-enditem|p1a: Heatran|Air Balloon
|
|upkeep
|turn|23
|
|t:|1666015341
|switch|p2a: Garchomp|Garchomp, F|31/100
|move|p1a: Heatran|Stealth Rock|p2a: Garchomp
|-sidestart|p2: Huskothy|move: Stealth Rock
|
|-heal|p2a: Garchomp|38/100|[from] item: Leftovers
|upkeep
|turn|24
|
|t:|1666015343
|switch|p1a: rotomwash|Rotom-Wash|75/100 tox
|move|p2a: Garchomp|Stealth Rock|p1a: rotomwash
|-sidestart|p1: minimax_ai|move: Stealth Rock
|
|-heal|p2a: Garchomp|44/100|[from] item: Leftovers
|-heal|p1a: rotomwash|82/100 tox|[from] item: Leftovers
|-damage|p1a: rotomwash|75/100 tox|[from] psn
|upkeep
|turn|25
|
|t:|1666015349
|switch|p2a: Dragapult|Dragapult, M|47/100
|-damage|p2a: Dragapult|34/100|[from] Stealth Rock
|move|p1a: rotomwash|Thunderbolt|p2a: Dragapult
|-resisted|p2a: Dragapult
|-damage|p2a: Dragapult|9/100
|
|-heal|p1a: rotomwash|82/100 tox|[from] item: Leftovers
|-damage|p1a: rotomwash|69/100 tox|[from] psn
|upkeep
|turn|26
|
|t:|1666015353
|move|p2a: Dragapult|Hex|p1a: rotomwash
|-damage|p1a: rotomwash|0 fnt
|faint|p1a: rotomwash
|
|upkeep
|
|t:|1666015353
|switch|p1a: Heatran|Heatran, M|94/100
|-damage|p1a: Heatran|82/100|[from] Stealth Rock
|turn|27
|
|t:|1666015360
|move|p2a: Dragapult|Thunder Wave|p1a: Heatran|[miss]
|-miss|p2a: Dragapult|p1a: Heatran
|move|p1a: Heatran|Magma Storm|p2a: Dragapult
|-resisted|p2a: Dragapult
|-damage|p2a: Dragapult|0 fnt
|faint|p2a: Dragapult
|
|upkeep
|
|t:|1666015364
|switch|p2a: Tornadus|Tornadus-Therian, M|100/100 tox
|-damage|p2a: Tornadus|76/100 tox|[from] Stealth Rock
|turn|28
|
|t:|1666015366
|move|p2a: Tornadus|Knock Off|p1a: Heatran
|-damage|p1a: Heatran|68/100
|move|p1a: Heatran|Magma Storm|p2a: Tornadus|[miss]
|-miss|p1a: Heatran|p2a: Tornadus
|
|-damage|p2a: Tornadus|70/100 tox|[from] psn
|upkeep
|turn|29
|
|t:|1666015370
|move|p2a: Tornadus|U-turn|p1a: Heatran
|-resisted|p1a: Heatran
|-damage|p1a: Heatran|64/100
|
|t:|1666015371
|switch|p2a: Garchomp|Garchomp, F|44/100|[from]move: U-turn
|-damage|p2a: Garchomp|38/100|[from] Stealth Rock
|move|p1a: Heatran|Magma Storm|p2a: Garchomp
|-resisted|p2a: Garchomp
|-damage|p2a: Garchomp|14/100
|-activate|p2a: Garchomp|move: Magma Storm|[of] p1a: Heatran
|
|-heal|p2a: Garchomp|20/100|[from] item: Leftovers
|-damage|p2a: Garchomp|8/100|[from] move: Magma Storm|[partiallytrapped]
|upkeep
|turn|30
|
|t:|1666015374
|switch|p1a: landorustherian|Landorus-Therian, M|16/100
|-damage|p1a: landorustherian|4/100|[from] Stealth Rock
|-ability|p1a: landorustherian|Intimidate|boost
|-unboost|p2a: Garchomp|atk|1
|move|p2a: Garchomp|Stealth Rock||[still]
|-fail|p2a: Garchomp
|
|-heal|p2a: Garchomp|14/100|[from] item: Leftovers
|-end|p2a: Garchomp|Magma Storm|[partiallytrapped]|[silent]
|upkeep
|turn|31
|
|t:|1666015376
|move|p2a: Garchomp|Protect|p2a: Garchomp
|-singleturn|p2a: Garchomp|Protect
|move|p1a: landorustherian|Toxic|p2a: Garchomp
|-activate|p2a: Garchomp|move: Protect
|
|-heal|p2a: Garchomp|20/100|[from] item: Leftovers
|upkeep
|turn|32
|
|t:|1666015382
|switch|p2a: Tornadus|Tornadus-Therian, M|100/100 tox
|-damage|p2a: Tornadus|76/100 tox|[from] Stealth Rock
|move|p1a: landorustherian|Toxic|p2a: Tornadus
|-fail|p2a: Tornadus|tox
|
|-damage|p2a: Tornadus|70/100 tox|[from] psn
|upkeep
|turn|33
|
|t:|1666015388
|move|p2a: Tornadus|U-turn|p1a: landorustherian
|-resisted|p1a: landorustherian
|-damage|p1a: landorustherian|0 fnt
|faint|p1a: landorustherian
|
|t:|1666015390
|switch|p2a: Scizor|Scizor, M|69/100|[from]move: U-turn
|-damage|p2a: Scizor|57/100|[from] Stealth Rock
|
|upkeep
|
|t:|1666015390
|switch|p1a: Heatran|Heatran, M|64/100
|-damage|p1a: Heatran|52/100|[from] Stealth Rock
|turn|34
|
|t:|1666015393
|switch|p2a: Rotom|Rotom-Wash|65/100
|-damage|p2a: Rotom|52/100|[from] Stealth Rock
|move|p1a: Heatran|Magma Storm|p2a: Rotom
|-resisted|p2a: Rotom
|-damage|p2a: Rotom|29/100
|-activate|p2a: Rotom|move: Magma Storm|[of] p1a: Heatran
|
|-heal|p2a: Rotom|35/100|[from] item: Leftovers
|-damage|p2a: Rotom|23/100|[from] move: Magma Storm|[partiallytrapped]
|upkeep
|turn|35
|
|t:|1666015395
|switch|p1a: Tangrowth|Tangrowth, M|90/100
|-damage|p1a: Tangrowth|78/100|[from] Stealth Rock
|move|p2a: Rotom|Pain Split|p1a: Tangrowth
|-sethp|p1a: Tangrowth|48/100|[from] move: Pain Split|[silent]
|-sethp|p2a: Rotom|63/100|[from] move: Pain Split
|
|-heal|p2a: Rotom|69/100|[from] item: Leftovers
|-end|p2a: Rotom|Magma Storm|[partiallytrapped]|[silent]
|upkeep
|turn|36
|
|t:|1666015397
|move|p2a: Rotom|Volt Switch|p1a: Tangrowth
|-resisted|p1a: Tangrowth
|-damage|p1a: Tangrowth|28/100
|
|t:|1666015399
|switch|p2a: Tornadus|Tornadus-Therian, M|100/100 tox|[from]move: Volt Switch
|-damage|p2a: Tornadus|76/100 tox|[from] Stealth Rock
|move|p1a: Tangrowth|Sleep Powder|p2a: Tornadus|[miss]
|-miss|p1a: Tangrowth|p2a: Tornadus
|
|-damage|p2a: Tornadus|70/100 tox|[from] psn
|upkeep
|turn|37
|j| Inv solak plz
|
|t:|1666015402
|switch|p1a: Heatran|Heatran, M|52/100
|-damage|p1a: Heatran|40/100|[from] Stealth Rock
|move|p2a: Tornadus|Hurricane|p1a: Heatran|[miss]
|-miss|p2a: Tornadus|p1a: Heatran
|
|-damage|p2a: Tornadus|57/100 tox|[from] psn
|upkeep
|turn|38
|
|t:|1666015404
|move|p2a: Tornadus|U-turn|p1a: Heatran
|-resisted|p1a: Heatran
|-damage|p1a: Heatran|36/100
|
|t:|1666015409
|switch|p2a: Garchomp|Garchomp, F|20/100|[from]move: U-turn
|-damage|p2a: Garchomp|14/100|[from] Stealth Rock
|move|p1a: Heatran|Magma Storm|p2a: Garchomp
|-resisted|p2a: Garchomp
|-damage|p2a: Garchomp|0 fnt
|faint|p2a: Garchomp
|
|upkeep
|
|t:|1666015412
|switch|p2a: Aerodactyl|Aerodactyl, F|83/100
|-damage|p2a: Aerodactyl|58/100|[from] Stealth Rock
|-ability|p2a: Aerodactyl|Pressure
|turn|39
|l| Inv solak plz
|
|t:|1666015414
|switch|p1a: Tangrowth|Tangrowth, M|61/100
|-damage|p1a: Tangrowth|49/100|[from] Stealth Rock
|move|p2a: Aerodactyl|Stone Edge|p1a: Tangrowth|[miss]
|-miss|p2a: Aerodactyl|p1a: Tangrowth
|
|upkeep
|turn|40
|
|t:|1666015417
|switch|p2a: Tornadus|Tornadus-Therian, M|91/100 tox
|-damage|p2a: Tornadus|66/100 tox|[from] Stealth Rock
|move|p1a: Tangrowth|Sleep Powder||[still]
|-fail|p1a: Tangrowth
|
|-damage|p2a: Tornadus|60/100 tox|[from] psn
|upkeep
|turn|41
|
|t:|1666015422
|switch|p1a: Melmetal|Melmetal|9/100
|-damage|p1a: Melmetal|3/100|[from] Stealth Rock
|move|p2a: Tornadus|Hurricane|p1a: Melmetal
|-resisted|p1a: Melmetal
|-damage|p1a: Melmetal|0 fnt
|faint|p1a: Melmetal
|
|-damage|p2a: Tornadus|47/100 tox|[from] psn
|upkeep
|
|t:|1666015422
|switch|p1a: Weavile|Weavile, F|67/100
|-damage|p1a: Weavile|42/100|[from] Stealth Rock
|-ability|p1a: Weavile|Pressure
|turn|42
|
|t:|1666015446
|switch|p2a: Aerodactyl|Aerodactyl, F|58/100
|-damage|p2a: Aerodactyl|33/100|[from] Stealth Rock
|-ability|p2a: Aerodactyl|Pressure
|move|p1a: Weavile|Knock Off|p2a: Aerodactyl
|-damage|p2a: Aerodactyl|0 fnt
|-enditem|p2a: Aerodactyl|Choice Band|[from] move: Knock Off|[of] p1a: Weavile
|faint|p2a: Aerodactyl
|
|upkeep
|
|t:|1666015448
|switch|p2a: Scizor|Scizor, M|57/100
|-damage|p2a: Scizor|45/100|[from] Stealth Rock
|turn|43
|
|t:|1666015449
|switch|p1a: Heatran|Heatran, M|36/100
|-damage|p1a: Heatran|24/100|[from] Stealth Rock
|move|p2a: Scizor|Roost|p2a: Scizor
|-heal|p2a: Scizor|95/100
|-singleturn|p2a: Scizor|move: Roost
|
|upkeep
|turn|44
|
|t:|1666015455
|switch|p2a: Tornadus|Tornadus-Therian, M|81/100 tox
|-damage|p2a: Tornadus|56/100 tox|[from] Stealth Rock
|move|p1a: Heatran|Magma Storm|p2a: Tornadus
|-damage|p2a: Tornadus|18/100 tox
|-activate|p2a: Tornadus|move: Magma Storm|[of] p1a: Heatran
|
|-damage|p2a: Tornadus|12/100 tox|[from] psn
|-damage|p2a: Tornadus|0 fnt|[from] move: Magma Storm|[partiallytrapped]
|faint|p2a: Tornadus
|upkeep
|
|t:|1666015457
|switch|p2a: Rotom|Rotom-Wash|69/100
|-damage|p2a: Rotom|57/100|[from] Stealth Rock
|turn|45
|
|t:|1666015461
|switch|p1a: Tangrowth|Tangrowth, M|82/100
|-damage|p1a: Tangrowth|69/100|[from] Stealth Rock
|move|p2a: Rotom|Hydro Pump|p1a: Tangrowth
|-resisted|p1a: Tangrowth
|-damage|p1a: Tangrowth|42/100
|
|-heal|p2a: Rotom|63/100|[from] item: Leftovers
|upkeep
|turn|46
|
|t:|1666015465
|move|p2a: Rotom|Hydro Pump|p1a: Tangrowth|[miss]
|-miss|p2a: Rotom|p1a: Tangrowth
|move|p1a: Tangrowth|Giga Drain|p2a: Rotom
|-supereffective|p2a: Rotom
|-damage|p2a: Rotom|15/100
|-heal|p1a: Tangrowth|60/100|[from] drain|[of] p2a: Rotom
|
|-heal|p2a: Rotom|21/100|[from] item: Leftovers
|upkeep
|turn|47
|
|t:|1666015470
|move|p2a: Rotom|Pain Split|p1a: Tangrowth
|-sethp|p1a: Tangrowth|38/100|[from] move: Pain Split|[silent]
|-sethp|p2a: Rotom|50/100|[from] move: Pain Split
|move|p1a: Tangrowth|Giga Drain|p2a: Rotom
|-supereffective|p2a: Rotom
|-damage|p2a: Rotom|1/100
|-heal|p1a: Tangrowth|57/100|[from] drain|[of] p2a: Rotom
|
|-heal|p2a: Rotom|7/100|[from] item: Leftovers
|upkeep
|turn|48
|
|t:|1666015473
|move|p2a: Rotom|Volt Switch|p1a: Tangrowth
|-resisted|p1a: Tangrowth
|-damage|p1a: Tangrowth|40/100
|
|t:|1666015474
|switch|p2a: Scizor|Scizor, M|95/100|[from]move: Volt Switch
|-damage|p2a: Scizor|83/100|[from] Stealth Rock
|move|p1a: Tangrowth|Giga Drain|p2a: Scizor
|-resisted|p2a: Scizor
|-damage|p2a: Scizor|76/100
|-heal|p1a: Tangrowth|43/100|[from] drain|[of] p2a: Scizor
|
|upkeep
|turn|49
|
|t:|1666015476
|move|p2a: Scizor|Swords Dance|p2a: Scizor
|-boost|p2a: Scizor|atk|2
|move|p1a: Tangrowth|Sleep Powder|p2a: Scizor
|-status|p2a: Scizor|slp|[from] move: Sleep Powder
|
|upkeep
|turn|50
|
|t:|1666015478
|switch|p1a: Heatran|Heatran, M|24/100
|-damage|p1a: Heatran|11/100|[from] Stealth Rock
|cant|p2a: Scizor|slp
|
|upkeep
|turn|51
|
|t:|1666015480
|-curestatus|p2a: Scizor|slp|[msg]
|move|p2a: Scizor|Bullet Punch|p1a: Heatran
|-resisted|p1a: Heatran
|-damage|p1a: Heatran|0 fnt
|faint|p1a: Heatran
|
|upkeep
|
|t:|1666015480
|switch|p1a: Tangrowth|Tangrowth, M|76/100
|-damage|p1a: Tangrowth|63/100|[from] Stealth Rock
|turn|52
|
|t:|1666015489
|move|p2a: Scizor|Swords Dance|p2a: Scizor
|-boost|p2a: Scizor|atk|2
|move|p1a: Tangrowth|Focus Blast|p2a: Scizor
|-damage|p2a: Scizor|45/100
|
|upkeep
|turn|53
|
|t:|1666015491
|move|p2a: Scizor|Roost|p2a: Scizor
|-heal|p2a: Scizor|95/100
|-singleturn|p2a: Scizor|move: Roost
|move|p1a: Tangrowth|Knock Off|p2a: Scizor
|-damage|p2a: Scizor|84/100
|
|upkeep
|turn|54
|
|t:|1666015494
|move|p2a: Scizor|U-turn|p1a: Tangrowth
|-supereffective|p1a: Tangrowth
|-damage|p1a: Tangrowth|0 fnt
|-damage|p2a: Scizor|67/100|[from] item: Rocky Helmet|[of] p1a: Tangrowth
|faint|p1a: Tangrowth
|
|t:|1666015496
|switch|p2a: Rotom|Rotom-Wash|7/100|[from]move: U-turn
|-damage|p2a: Rotom|0 fnt|[from] Stealth Rock
|faint|p2a: Rotom
|
|upkeep
|
|t:|1666015497
|switch|p2a: Scizor|Scizor, M|67/100
|switch|p1a: Weavile|Weavile, F|42/100
|-damage|p1a: Weavile|18/100|[from] Stealth Rock
|-ability|p1a: Weavile|Pressure
|-damage|p2a: Scizor|55/100|[from] Stealth Rock
|turn|55
|
|t:|1666015498
|move|p1a: Weavile|Ice Shard|p2a: Scizor
|-resisted|p2a: Scizor
|-damage|p2a: Scizor|43/100
|move|p2a: Scizor|Bullet Punch|p1a: Weavile
|-supereffective|p1a: Weavile
|-damage|p1a: Weavile|0 fnt
|faint|p1a: Weavile
|
|win|Huskothy
|raw|minimax_ai's rating: 1544 &rarr; <strong>1525</strong><br />(-19 for losing)
|raw|Huskothy's rating: 1568 &rarr; <strong>1587</strong><br />(+19 for winning)
|c|☆minimax_ai|gg
|c|☆Huskothy|gg
|l|☆minimax_ai
||Ladder isn't responding, score probably updated but might not have (Request timeout).
