|j|☆LECH24
|j|☆Tawny mauve
|t:|1659145053
|gametype|singles
|player|p1|LECH24|169|1827
|player|p2|Tawny mauve|lucas|1814
|teamsize|p1|6
|teamsize|p2|6
|gen|8
|tier|[Gen 8] OU
|rated|
|rule|Sleep Clause Mod: Limit one foe put to sleep
|rule|Species Clause: Limit one of each Pokémon
|rule|OHKO Clause: OHKO moves are banned
|rule|Evasion Moves Clause: Evasion moves are banned
|rule|Endless Battle Clause: Forcing endless battles is banned
|rule|HP Percentage Mod: HP is shown in percentages
|rule|Dynamax Clause: You cannot dynamax
|clearpoke
|poke|p1|Clefable, F|
|poke|p1|Seismitoad, M|
|poke|p1|Mamoswine, F|
|poke|p1|Mandibuzz, F|
|poke|p1|Melmetal|
|poke|p1|Volcarona, F|
|poke|p2|Garchomp, F|
|poke|p2|Magnezone|
|poke|p2|Melmetal|
|poke|p2|Tapu Fini|
|poke|p2|Rillaboom, F|
|poke|p2|Dragapult, M|
|teampreview
|
|t:|1659145074
|start
|switch|p1a: Volcarona|Volcarona, F|100/100
|switch|p2a: Melmetal|Melmetal|100/100
|turn|1
|
|t:|1659145078
|move|p1a: Volcarona|Flamethrower|p2a: Melmetal
|-supereffective|p2a: Melmetal
|-damage|p2a: Melmetal|40/100
|move|p2a: Melmetal|Toxic|p1a: Volcarona
|-status|p1a: Volcarona|tox
|
|-heal|p2a: Melmetal|46/100|[from] item: Leftovers
|-damage|p1a: Volcarona|94/100 tox|[from] psn
|upkeep
|turn|2
|
|t:|1659145082
|switch|p1a: Mamoswine|Mamoswine, F|100/100
|switch|p2a: Garchomp|Garchomp, F|100/100
|
|upkeep
|turn|3
|
|t:|1659145086
|switch|p2a: Magnezone|Magnezone|100/100
|-item|p2a: Magnezone|Air Balloon
|move|p1a: Mamoswine|Earthquake|p2a: Magnezone
|-immune|p2a: Magnezone
|
|upkeep
|turn|4
|
|t:|1659145094
|switch|p1a: Volcarona|Volcarona, F|94/100 tox
|move|p2a: Magnezone|Flash Cannon|p1a: Volcarona
|-resisted|p1a: Volcarona
|-damage|p1a: Volcarona|77/100 tox
|
|-damage|p1a: Volcarona|71/100 tox|[from] psn
|upkeep
|turn|5
|
|t:|1659145097
|switch|p1a: Seismitoad|Seismitoad, M|100/100
|switch|p2a: Garchomp|Garchomp, F|100/100
|
|upkeep
|turn|6
|
|t:|1659145099
|move|p2a: Garchomp|Toxic|p1a: Seismitoad
|-status|p1a: Seismitoad|tox
|move|p1a: Seismitoad|Stealth Rock|p2a: Garchomp
|-sidestart|p2: Tawny mauve|move: Stealth Rock
|
|-damage|p1a: Seismitoad|94/100 tox|[from] psn
|upkeep
|turn|7
|
|t:|1659145103
|switch|p1a: Clefable|Clefable, F|100/100
|move|p2a: Garchomp|Stealth Rock|p1a: Clefable
|-sidestart|p1: LECH24|move: Stealth Rock
|
|upkeep
|turn|8
|
|t:|1659145115
|switch|p2a: Rillaboom|Rillaboom, F|100/100
|-damage|p2a: Rillaboom|88/100|[from] Stealth Rock
|-fieldstart|move: Grassy Terrain|[from] ability: Grassy Surge|[of] p2a: Rillaboom
|switch|p1a: Mamoswine|Mamoswine, F|100/100
|-damage|p1a: Mamoswine|88/100|[from] Stealth Rock
|
|-heal|p2a: Rillaboom|94/100|[from] Grassy Terrain
|-heal|p1a: Mamoswine|94/100|[from] Grassy Terrain
|upkeep
|turn|9
|
|t:|1659145125
|switch|p1a: Volcarona|Volcarona, F|71/100 tox
|move|p2a: Rillaboom|Grassy Glide|p1a: Volcarona
|-resisted|p1a: Volcarona
|-damage|p1a: Volcarona|54/100 tox
|-damage|p2a: Rillaboom|84/100|[from] item: Life Orb
|
|-heal|p2a: Rillaboom|91/100|[from] Grassy Terrain
|-heal|p1a: Volcarona|60/100 tox|[from] Grassy Terrain
|-damage|p1a: Volcarona|54/100 tox|[from] psn
|upkeep
|turn|10
|
|t:|1659145129
|switch|p2a: Garchomp|Garchomp, F|100/100
|-damage|p2a: Garchomp|94/100|[from] Stealth Rock
|move|p1a: Volcarona|Roost|p1a: Volcarona
|-heal|p1a: Volcarona|100/100 tox
|-singleturn|p1a: Volcarona|move: Roost
|
|-heal|p2a: Garchomp|100/100|[from] Grassy Terrain
|-damage|p1a: Volcarona|88/100 tox|[from] psn
|upkeep
|turn|11
|
|t:|1659145133
|switch|p1a: Clefable|Clefable, F|100/100
|move|p2a: Garchomp|Earthquake|p1a: Clefable
|-damage|p1a: Clefable|84/100
|
|-heal|p1a: Clefable|90/100|[from] Grassy Terrain
|upkeep
|turn|12
|
|t:|1659145135
|switch|p2a: Melmetal|Melmetal|46/100
|-damage|p2a: Melmetal|40/100|[from] Stealth Rock
|move|p1a: Clefable|Thunder|p2a: Melmetal
|-damage|p2a: Melmetal|16/100
|
|-heal|p1a: Clefable|96/100|[from] Grassy Terrain
|-heal|p2a: Melmetal|22/100|[from] Grassy Terrain
|-heal|p2a: Melmetal|28/100|[from] item: Leftovers
|-fieldend|move: Grassy Terrain
|upkeep
|turn|13
|
|t:|1659145143
|move|p1a: Clefable|Calm Mind|p1a: Clefable
|-boost|p1a: Clefable|spa|1
|-boost|p1a: Clefable|spd|1
|move|p2a: Melmetal|Double Iron Bash|p1a: Clefable
|-supereffective|p1a: Clefable
|-damage|p1a: Clefable|38/100
|-supereffective|p1a: Clefable
|-damage|p1a: Clefable|0 fnt
|faint|p1a: Clefable
|-hitcount|p1: Clefable|2
|
|-heal|p2a: Melmetal|34/100|[from] item: Leftovers
|upkeep
|
|t:|1659145148
|switch|p1a: Volcarona|Volcarona, F|88/100 tox
|turn|14
|
|t:|1659145154
|switch|p2a: Garchomp|Garchomp, F|100/100
|-damage|p2a: Garchomp|94/100|[from] Stealth Rock
|move|p1a: Volcarona|Flamethrower|p2a: Garchomp
|-resisted|p2a: Garchomp
|-damage|p2a: Garchomp|81/100
|
|-heal|p2a: Garchomp|87/100|[from] item: Leftovers
|-damage|p1a: Volcarona|82/100 tox|[from] psn
|upkeep
|turn|15
|
|t:|1659145161
|switch|p1a: Mandibuzz|Mandibuzz, F|100/100
|move|p2a: Garchomp|Earthquake|p1a: Mandibuzz
|-immune|p1a: Mandibuzz
|
|-heal|p2a: Garchomp|93/100|[from] item: Leftovers
|upkeep
|turn|16
|
|t:|1659145165
|switch|p1a: Melmetal|Melmetal|100/100
|-damage|p1a: Melmetal|94/100|[from] Stealth Rock
|move|p2a: Garchomp|Toxic|p1a: Melmetal
|-immune|p1a: Melmetal
|
|-heal|p2a: Garchomp|99/100|[from] item: Leftovers
|upkeep
|turn|17
|
|t:|1659145170
|switch|p2a: Melmetal|Melmetal|34/100
|-damage|p2a: Melmetal|28/100|[from] Stealth Rock
|move|p1a: Melmetal|Double Iron Bash|p2a: Melmetal
|-resisted|p2a: Melmetal
|-damage|p2a: Melmetal|18/100
|-resisted|p2a: Melmetal
|-damage|p2a: Melmetal|7/100
|-hitcount|p2a: Melmetal|2
|
|-heal|p2a: Melmetal|13/100|[from] item: Leftovers
|upkeep
|turn|18
|
|t:|1659145173
|move|p1a: Melmetal|Double Iron Bash|p2a: Melmetal
|-resisted|p2a: Melmetal
|-damage|p2a: Melmetal|3/100
|-resisted|p2a: Melmetal
|-damage|p2a: Melmetal|0 fnt
|faint|p2a: Melmetal
|-hitcount|p2: Melmetal|2
|
|upkeep
|
|t:|1659145175
|switch|p2a: Magnezone|Magnezone|100/100
|-damage|p2a: Magnezone|94/100|[from] Stealth Rock
|-item|p2a: Magnezone|Air Balloon
|turn|19
|
|t:|1659145178
|move|p2a: Magnezone|Iron Defense|p2a: Magnezone
|-boost|p2a: Magnezone|def|2
|move|p1a: Melmetal|Double Iron Bash|p2a: Magnezone
|-resisted|p2a: Magnezone
|-damage|p2a: Magnezone|90/100
|-enditem|p2a: Magnezone|Air Balloon
|-resisted|p2a: Magnezone
|-damage|p2a: Magnezone|85/100
|-hitcount|p2a: Magnezone|2
|
|upkeep
|turn|20
|j| Ima Bout To Smak U
|
|t:|1659145180
|move|p2a: Magnezone|Iron Defense|p2a: Magnezone
|-boost|p2a: Magnezone|def|2
|move|p1a: Melmetal|Earthquake|p2a: Magnezone
|-supereffective|p2a: Magnezone
|-damage|p2a: Magnezone|38/100
|
|upkeep
|turn|21
|
|t:|1659145186
|move|p2a: Magnezone|Iron Defense|p2a: Magnezone
|-boost|p2a: Magnezone|def|2
|move|p1a: Melmetal|Earthquake|p2a: Magnezone
|-supereffective|p2a: Magnezone
|-damage|p2a: Magnezone|3/100
|
|upkeep
|turn|22
|
|t:|1659145188
|move|p2a: Magnezone|Body Press|p1a: Melmetal
|-supereffective|p1a: Melmetal
|-damage|p1a: Melmetal|0 fnt
|faint|p1a: Melmetal
|
|upkeep
|
|t:|1659145195
|switch|p1a: Mamoswine|Mamoswine, F|94/100
|-damage|p1a: Mamoswine|82/100|[from] Stealth Rock
|turn|23
|
|t:|1659145198
|move|p1a: Mamoswine|Knock Off|p2a: Magnezone
|-damage|p2a: Magnezone|0 fnt
|faint|p2a: Magnezone
|
|upkeep
|
|t:|1659145200
|switch|p2a: Rillaboom|Rillaboom, F|91/100
|-damage|p2a: Rillaboom|78/100|[from] Stealth Rock
|-fieldstart|move: Grassy Terrain|[from] ability: Grassy Surge|[of] p2a: Rillaboom
|turn|24
|
|t:|1659145206
|move|p2a: Rillaboom|U-turn|p1a: Mamoswine
|-damage|p1a: Mamoswine|48/100
|-damage|p2a: Rillaboom|68/100|[from] item: Life Orb
|
|t:|1659145208
|switch|p2a: Tapu Fini|Tapu Fini|100/100|[from]move: U-turn
|-damage|p2a: Tapu Fini|88/100|[from] Stealth Rock
|-fieldstart|move: Misty Terrain|[from] ability: Misty Surge|[of] p2a: Tapu Fini
|move|p1a: Mamoswine|Knock Off|p2a: Tapu Fini
|-resisted|p2a: Tapu Fini
|-damage|p2a: Tapu Fini|64/100
|-enditem|p2a: Tapu Fini|Choice Scarf|[from] move: Knock Off|[of] p1a: Mamoswine
|
|upkeep
|turn|25
|
|t:|1659145214
|switch|p1a: Seismitoad|Seismitoad, M|94/100 tox
|-damage|p1a: Seismitoad|88/100 tox|[from] Stealth Rock
|move|p2a: Tapu Fini|Moonblast|p1a: Seismitoad
|-damage|p1a: Seismitoad|62/100 tox
|
|-heal|p1a: Seismitoad|68/100 tox|[from] item: Leftovers
|-damage|p1a: Seismitoad|62/100 tox|[from] psn
|upkeep
|turn|26
|
|t:|1659145220
|move|p2a: Tapu Fini|Trick|p1a: Seismitoad
|-activate|p2a: Tapu Fini|move: Trick|[of] p1a: Seismitoad
|-enditem|p1a: Seismitoad|Leftovers|[silent]|[from] move: Trick
|-item|p2a: Tapu Fini|Leftovers|[from] move: Trick
|move|p1a: Seismitoad|Earthquake|p2a: Tapu Fini
|-damage|p2a: Tapu Fini|31/100
|
|-heal|p2a: Tapu Fini|37/100|[from] item: Leftovers
|-damage|p1a: Seismitoad|50/100 tox|[from] psn
|upkeep
|turn|27
|
|t:|1659145226
|switch|p2a: Rillaboom|Rillaboom, F|68/100
|-damage|p2a: Rillaboom|56/100|[from] Stealth Rock
|-fieldstart|move: Grassy Terrain|[from] ability: Grassy Surge|[of] p2a: Rillaboom
|move|p1a: Seismitoad|Knock Off|p2a: Rillaboom
|-damage|p2a: Rillaboom|32/100
|-enditem|p2a: Rillaboom|Life Orb|[from] move: Knock Off|[of] p1a: Seismitoad
|
|-heal|p2a: Rillaboom|38/100|[from] Grassy Terrain
|-heal|p1a: Seismitoad|56/100 tox|[from] Grassy Terrain
|-damage|p1a: Seismitoad|38/100 tox|[from] psn
|upkeep
|turn|28
|
|t:|1659145234
|switch|p1a: Volcarona|Volcarona, F|82/100 tox
|move|p2a: Rillaboom|Knock Off|p1a: Volcarona
|-damage|p1a: Volcarona|47/100 tox
|-enditem|p1a: Volcarona|Heavy-Duty Boots|[from] move: Knock Off|[of] p2a: Rillaboom
|
|-heal|p2a: Rillaboom|44/100|[from] Grassy Terrain
|-heal|p1a: Volcarona|53/100 tox|[from] Grassy Terrain
|-damage|p1a: Volcarona|47/100 tox|[from] psn
|upkeep
|turn|29
|
|t:|1659145240
|switch|p2a: Garchomp|Garchomp, F|99/100
|-damage|p2a: Garchomp|93/100|[from] Stealth Rock
|move|p1a: Volcarona|Quiver Dance|p1a: Volcarona
|-boost|p1a: Volcarona|spa|1
|-boost|p1a: Volcarona|spd|1
|-boost|p1a: Volcarona|spe|1
|
|-heal|p1a: Volcarona|53/100 tox|[from] Grassy Terrain
|-heal|p2a: Garchomp|99/100|[from] Grassy Terrain
|-heal|p2a: Garchomp|100/100|[from] item: Leftovers
|-damage|p1a: Volcarona|41/100 tox|[from] psn
|upkeep
|turn|30
|
|t:|1659145244
|move|p1a: Volcarona|Roost|p1a: Volcarona
|-heal|p1a: Volcarona|91/100 tox
|-singleturn|p1a: Volcarona|move: Roost
|move|p2a: Garchomp|Earthquake|p1a: Volcarona
|-damage|p1a: Volcarona|67/100 tox
|
|-heal|p1a: Volcarona|73/100 tox|[from] Grassy Terrain
|-damage|p1a: Volcarona|55/100 tox|[from] psn
|upkeep
|turn|31
|
|t:|1659145251
|move|p1a: Volcarona|Psychic|p2a: Garchomp
|-damage|p2a: Garchomp|72/100
|move|p2a: Garchomp|Earthquake|p1a: Volcarona
|-damage|p1a: Volcarona|34/100 tox
|
|-heal|p1a: Volcarona|40/100 tox|[from] Grassy Terrain
|-heal|p2a: Garchomp|78/100|[from] Grassy Terrain
|-heal|p2a: Garchomp|85/100|[from] item: Leftovers
|-damage|p1a: Volcarona|15/100 tox|[from] psn
|-fieldend|move: Grassy Terrain
|upkeep
|turn|32
|
|t:|1659145254
|move|p1a: Volcarona|Psychic|p2a: Garchomp
|-damage|p2a: Garchomp|58/100
|-unboost|p2a: Garchomp|spd|1
|move|p2a: Garchomp|Earthquake|p1a: Volcarona
|-damage|p1a: Volcarona|0 fnt
|faint|p1a: Volcarona
|
|-heal|p2a: Garchomp|65/100|[from] item: Leftovers
|upkeep
|
|t:|1659145257
|switch|p1a: Mamoswine|Mamoswine, F|48/100
|-damage|p1a: Mamoswine|35/100|[from] Stealth Rock
|turn|33
|
|t:|1659145262
|move|p1a: Mamoswine|Ice Shard|p2a: Garchomp
|-supereffective|p2a: Garchomp
|-damage|p2a: Garchomp|0 fnt
|faint|p2a: Garchomp
|
|upkeep
|
|t:|1659145264
|switch|p2a: Tapu Fini|Tapu Fini|37/100
|-damage|p2a: Tapu Fini|25/100|[from] Stealth Rock
|-fieldstart|move: Misty Terrain|[from] ability: Misty Surge|[of] p2a: Tapu Fini
|turn|34
|
|t:|1659145276
|move|p1a: Mamoswine|Ice Shard|p2a: Tapu Fini
|-resisted|p2a: Tapu Fini
|-damage|p2a: Tapu Fini|10/100
|move|p2a: Tapu Fini|Moonblast|p1a: Mamoswine
|-damage|p1a: Mamoswine|0 fnt
|faint|p1a: Mamoswine
|
|-heal|p2a: Tapu Fini|16/100|[from] item: Leftovers
|upkeep
|
|t:|1659145279
|switch|p1a: Seismitoad|Seismitoad, M|38/100 tox
|-damage|p1a: Seismitoad|32/100 tox|[from] Stealth Rock
|turn|35
|
|t:|1659145283
|switch|p2a: Dragapult|Dragapult, M|100/100
|-damage|p2a: Dragapult|88/100|[from] Stealth Rock
|move|p1a: Seismitoad|Earthquake|p2a: Dragapult
|-damage|p2a: Dragapult|45/100
|
|-damage|p1a: Seismitoad|26/100 tox|[from] psn
|upkeep
|turn|36
|
|t:|1659145287
|switch|p1a: Mandibuzz|Mandibuzz, F|100/100
|move|p2a: Dragapult|U-turn|p1a: Mandibuzz
|-damage|p1a: Mandibuzz|91/100
|
|t:|1659145289
|switch|p2a: Tapu Fini|Tapu Fini|16/100|[from]move: U-turn
|-damage|p2a: Tapu Fini|3/100|[from] Stealth Rock
|
|-heal|p2a: Tapu Fini|10/100|[from] item: Leftovers
|upkeep
|turn|37
|
|t:|1659145296
|move|p2a: Tapu Fini|Moonblast|p1a: Mandibuzz
|-supereffective|p1a: Mandibuzz
|-damage|p1a: Mandibuzz|33/100
|move|p1a: Mandibuzz|Foul Play|p2a: Tapu Fini
|-resisted|p2a: Tapu Fini
|-damage|p2a: Tapu Fini|1/100
|
|-heal|p2a: Tapu Fini|7/100|[from] item: Leftovers
|upkeep
|turn|38
|
|t:|1659145300
|move|p2a: Tapu Fini|Moonblast|p1a: Mandibuzz
|-supereffective|p1a: Mandibuzz
|-damage|p1a: Mandibuzz|0 fnt
|faint|p1a: Mandibuzz
|
|-heal|p2a: Tapu Fini|13/100|[from] item: Leftovers
|-fieldend|Misty Terrain
|upkeep
|
|t:|1659145302
|switch|p1a: Seismitoad|Seismitoad, M|26/100 tox
|-damage|p1a: Seismitoad|20/100 tox|[from] Stealth Rock
|turn|39
|
|t:|1659145304
|move|p2a: Tapu Fini|Moonblast|p1a: Seismitoad
|-damage|p1a: Seismitoad|0 fnt
|faint|p1a: Seismitoad
|
|win|Tawny mauve
|raw|LECH24's rating: 1827 &rarr; <strong>1806</strong><br />(-21 for losing)
|raw|Tawny mauve's rating: 1814 &rarr; <strong>1835</strong><br />(+21 for winning)
