|j|☆LT83AQ TT
|j|☆not mb
|t:|1626889051
|gametype|singles
|player|p1|LT83AQ TT|1|1887
|player|p2|not mb|170|1927
|teamsize|p1|6
|teamsize|p2|6
|gen|8
|tier|[Gen 8] OU
|rated|
|rule|Sleep Clause Mod: Limit one foe put to sleep
|rule|Species Clause: Limit one of each Pokémon
|rule|OHKO Clause: OHKO moves are banned
|rule|Evasion Moves Clause: Evasion moves are banned
|rule|Endless Battle Clause: Forcing endless battles is banned
|rule|HP Percentage Mod: HP is shown in percentages
|rule|Dynamax Clause: You cannot dynamax
|clearpoke
|poke|p1|Dragapult, F|
|poke|p1|Tapu Lele|
|poke|p1|Nidoking, M|
|poke|p1|Ferrothorn, F|
|poke|p1|Landorus-Therian, M|
|poke|p1|Heatran, F|
|poke|p2|Pelipper, M|
|poke|p2|Barraskewda, F|
|poke|p2|Tapu Lele|
|poke|p2|Landorus-Therian, M|
|poke|p2|Regieleki|
|poke|p2|Ferrothorn, F|
|teampreview
|inactive|Battle timer is ON: inactive players will automatically lose when time's up. (requested by not mb)
|j| aaaaaayyy
|j| Mick Chiggin
|j| LT83AQ IPF
|j| Plasmeek
|l| aaaaaayyy
|
|t:|1626889094
|start
|switch|p1a: Tapu Lele|Tapu Lele|100/100
|switch|p2a: Tapu Lele|Tapu Lele|100/100
|-fieldstart|move: Psychic Terrain|[from] ability: Psychic Surge|[of] p2a: Tapu Lele
|turn|1
|j| aaaaaayyy
|j| pH Ryan
|
|t:|1626889118
|switch|p2a: Landorus|Landorus-Therian, M|100/100
|-ability|p2a: Landorus|Intimidate|boost
|-unboost|p1a: Tapu Lele|atk|1
|move|p1a: Tapu Lele|Moonblast|p2a: Landorus
|-damage|p2a: Landorus|55/100
|
|-heal|p2a: Landorus|61/100|[from] item: Leftovers
|upkeep
|turn|2
|
|t:|1626889130
|move|p1a: Tapu Lele|Moonblast|p2a: Landorus
|-damage|p2a: Landorus|17/100
|move|p2a: Landorus|Stealth Rock|p1a: Tapu Lele
|-sidestart|p1: LT83AQ TT|move: Stealth Rock
|
|-heal|p2a: Landorus|23/100|[from] item: Leftovers
|upkeep
|turn|3
|j| Ban Manaphy
|j| Boulicrok
|j| FyrexZ
|
|t:|1626889149
|switch|p2a: Ferrothorn|Ferrothorn, F|100/100
|move|p1a: Tapu Lele|Moonblast|p2a: Ferrothorn
|-resisted|p2a: Ferrothorn
|-damage|p2a: Ferrothorn|84/100
|-unboost|p2a: Ferrothorn|spa|1
|
|-heal|p2a: Ferrothorn|90/100|[from] item: Leftovers
|upkeep
|turn|4
|
|t:|1626889155
|switch|p1a: Ferrothorn|Ferrothorn, F|100/100
|-damage|p1a: Ferrothorn|94/100|[from] Stealth Rock
|move|p2a: Ferrothorn|Spikes|p1a: Ferrothorn
|-sidestart|p1: LT83AQ TT|Spikes
|
|-heal|p1a: Ferrothorn|100/100|[from] item: Leftovers
|-heal|p2a: Ferrothorn|96/100|[from] item: Leftovers
|upkeep
|turn|5
|j| Rubyblood
|
|t:|1626889163
|switch|p2a: Pelipper|Pelipper, M|100/100
|-weather|RainDance|[from] ability: Drizzle|[of] p2a: Pelipper
|move|p1a: Ferrothorn|Knock Off|p2a: Pelipper
|-damage|p2a: Pelipper|71/100
|-enditem|p2a: Pelipper|Choice Specs|[from] move: Knock Off|[of] p1a: Ferrothorn
|
|-weather|RainDance|[upkeep]
|-fieldend|move: Psychic Terrain
|upkeep
|turn|6
|j| LT83AQ Skrr
|j| cypher153
|
|t:|1626889170
|move|p2a: Pelipper|Hurricane|p1a: Ferrothorn
|-damage|p1a: Ferrothorn|54/100
|move|p1a: Ferrothorn|Leech Seed|p2a: Pelipper
|-start|p2a: Pelipper|move: Leech Seed
|
|-weather|RainDance|[upkeep]
|-heal|p1a: Ferrothorn|61/100|[from] item: Leftovers
|-damage|p2a: Pelipper|59/100|[from] Leech Seed|[of] p1a: Ferrothorn
|-heal|p1a: Ferrothorn|70/100|[silent]
|upkeep
|turn|7
|
|t:|1626889177
|move|p2a: Pelipper|Hurricane|p1a: Ferrothorn
|-damage|p1a: Ferrothorn|25/100
|-start|p1a: Ferrothorn|confusion
|-activate|p1a: Ferrothorn|confusion
|-damage|p1a: Ferrothorn|20/100|[from] confusion
|
|-weather|RainDance|[upkeep]
|-heal|p1a: Ferrothorn|27/100|[from] item: Leftovers
|-damage|p2a: Pelipper|47/100|[from] Leech Seed|[of] p1a: Ferrothorn
|-heal|p1a: Ferrothorn|36/100|[silent]
|upkeep
|turn|8
|j| centican
|
|t:|1626889186
|move|p2a: Pelipper|Hurricane|p1a: Ferrothorn
|-damage|p1a: Ferrothorn|0 fnt
|faint|p1a: Ferrothorn
|
|-weather|RainDance|[upkeep]
|upkeep
|
|t:|1626889191
|switch|p1a: Landorus|Landorus-Therian, M|100/100
|-damage|p1a: Landorus|88/100|[from] Stealth Rock
|-ability|p1a: Landorus|Intimidate|boost
|-unboost|p2a: Pelipper|atk|1
|turn|9
|j| Amigento1958
|j| Dojofa
|l| aaaaaayyy
|
|t:|1626889206
|switch|p2a: Landorus|Landorus-Therian, M|23/100
|-ability|p2a: Landorus|Intimidate|boost
|-unboost|p1a: Landorus|atk|1
|move|p1a: Landorus|Defog|p2a: Landorus
|-unboost|p2a: Landorus|evasion|1
|-sideend|p1: LT83AQ TT|Spikes|[from] move: Defog|[of] p1a: Landorus
|-sideend|p1: LT83AQ TT|Stealth Rock|[from] move: Defog|[of] p1a: Landorus
|
|-weather|none
|-heal|p2a: Landorus|29/100|[from] item: Leftovers
|upkeep
|turn|10
|
|t:|1626889211
|move|p1a: Landorus|U-turn|p2a: Landorus
|-resisted|p2a: Landorus
|-damage|p2a: Landorus|20/100
|
|t:|1626889214
|switch|p1a: Nidoking|Nidoking, M|100/100|[from]move: U-turn
|move|p2a: Landorus|Stealth Rock|p1a: Nidoking
|-sidestart|p1: LT83AQ TT|move: Stealth Rock
|
|-heal|p2a: Landorus|26/100|[from] item: Leftovers
|upkeep
|turn|11
|j| Luthadel Siege
|j| ChanseyDeBotas
|j|+Perry
|j|%Ox the Fox
|inactive|not mb has 120 seconds left.
|
|t:|1626889261
|move|p1a: Nidoking|Ice Beam|p2a: Landorus
|-supereffective|p2a: Landorus
|-damage|p2a: Landorus|0 fnt
|faint|p2a: Landorus
|
|upkeep
|
|t:|1626889271
|switch|p2a: Barraskewda|Barraskewda, F|100/100
|turn|12
|j| LT83AQ Starbit
|j| LT83AQ Montana
|inactive|LT83AQ TT has 120 seconds left.
|
|t:|1626889306
|switch|p1a: Heatran|Heatran, F|100/100
|-damage|p1a: Heatran|88/100|[from] Stealth Rock
|move|p2a: Barraskewda|Flip Turn|p1a: Heatran
|-supereffective|p1a: Heatran
|-damage|p1a: Heatran|6/100
|j| platinum rays
|
|t:|1626889326
|switch|p2a: Tapu Lele|Tapu Lele|100/100|[from]move: Flip Turn
|-fieldstart|move: Psychic Terrain|[from] ability: Psychic Surge|[of] p2a: Tapu Lele
|
|-heal|p1a: Heatran|12/100|[from] item: Leftovers
|upkeep
|turn|13
|
|t:|1626889332
|move|p1a: Heatran|Protect|p1a: Heatran
|-singleturn|p1a: Heatran|Protect
|move|p2a: Tapu Lele|Psyshock|p1a: Heatran
|-activate|p1a: Heatran|move: Protect
|
|-heal|p1a: Heatran|18/100|[from] item: Leftovers
|upkeep
|turn|14
|l|+Perry
|
|t:|1626889338
|move|p2a: Tapu Lele|Psyshock|p1a: Heatran
|-resisted|p1a: Heatran
|-damage|p1a: Heatran|0 fnt
|faint|p1a: Heatran
|
|upkeep
|
|t:|1626889348
|switch|p1a: Landorus|Landorus-Therian, M|88/100
|-damage|p1a: Landorus|76/100|[from] Stealth Rock
|-ability|p1a: Landorus|Intimidate|boost
|-unboost|p2a: Tapu Lele|atk|1
|turn|15
|inactive|not mb has 120 seconds left.
|l| cypher153
|
|t:|1626889365
|move|p2a: Tapu Lele|Psyshock|p1a: Landorus
|-damage|p1a: Landorus|22/100
|move|p1a: Landorus|Earthquake|p2a: Tapu Lele
|-damage|p2a: Tapu Lele|2/100
|
|upkeep
|turn|16
|
|t:|1626889371
|move|p2a: Tapu Lele|Psyshock|p1a: Landorus
|-damage|p1a: Landorus|0 fnt
|faint|p1a: Landorus
|
|-fieldend|move: Psychic Terrain
|upkeep
|
|t:|1626889374
|switch|p1a: Dragapult|Dragapult, F|100/100
|-damage|p1a: Dragapult|88/100|[from] Stealth Rock
|turn|17
|
|t:|1626889377
|move|p2a: Tapu Lele|Psyshock|p1a: Dragapult
|-damage|p1a: Dragapult|23/100
|move|p1a: Dragapult|Dragon Dance|p1a: Dragapult
|-boost|p1a: Dragapult|atk|1
|-boost|p1a: Dragapult|spe|1
|
|upkeep
|turn|18
|
|t:|1626889382
|move|p1a: Dragapult|Fire Blast|p2a: Tapu Lele
|-damage|p2a: Tapu Lele|0 fnt
|faint|p2a: Tapu Lele
|-damage|p1a: Dragapult|13/100|[from] item: Life Orb
|
|upkeep
|
|t:|1626889386
|switch|p2a: Pelipper|Pelipper, M|47/100
|-weather|RainDance|[from] ability: Drizzle|[of] p2a: Pelipper
|turn|19
|
|t:|1626889391
|move|p1a: Dragapult|Dragon Darts|p2a: Pelipper
|-damage|p2a: Pelipper|0 fnt
|faint|p2a: Pelipper
|-damage|p1a: Dragapult|3/100|[from] item: Life Orb
|
|-weather|RainDance|[upkeep]
|upkeep
|
|t:|1626889395
|switch|p2a: Barraskewda|Barraskewda, F|100/100
|turn|20
|
|t:|1626889404
|move|p2a: Barraskewda|Liquidation|p1a: Dragapult
|-resisted|p1a: Dragapult
|-damage|p1a: Dragapult|0 fnt
|faint|p1a: Dragapult
|
|-weather|RainDance|[upkeep]
|upkeep
|-message|LT83AQ TT forfeited.
|
|win|not mb
|raw|LT83AQ TT's rating: 1887 &rarr; <strong>1869</strong><br />(-18 for losing)
|raw|not mb's rating: 1927 &rarr; <strong>1945</strong><br />(+18 for winning)
|l|☆LT83AQ TT
|l|☆not mb
|l| LT83AQ IPF
|l| centican
