|j|☆King__MIttens
|j|☆hadahada
|t:|1655457931
|gametype|singles
|player|p1|King__MIttens|grimsley|1384
|player|p2|hadahada|gentleman-gen4dp|1466
|teamsize|p1|6
|teamsize|p2|6
|gen|8
|tier|[Gen 8] OU
|rated|
|rule|Sleep Clause Mod: Limit one foe put to sleep
|rule|Species Clause: Limit one of each Pokémon
|rule|OHKO Clause: OHKO moves are banned
|rule|Evasion Moves Clause: Evasion moves are banned
|rule|Endless Battle Clause: Forcing endless battles is banned
|rule|HP Percentage Mod: HP is shown in percentages
|rule|Dynamax Clause: You cannot dynamax
|clearpoke
|poke|p1|Buzzwole|
|poke|p1|Obstagoon, M|
|poke|p1|Rhyperior, M|
|poke|p1|Dragalge, M|
|poke|p1|Tyranitar, M|
|poke|p1|Nidoking, M|
|poke|p2|Gengar, M|
|poke|p2|Mew|
|poke|p2|Cloyster, M|
|poke|p2|Bisharp, M|
|poke|p2|Rillaboom, M|
|poke|p2|Hawlucha, M|
|teampreview
|inactive|Battle timer is ON: inactive players will automatically lose when time's up. (requested by King__MIttens)
|
|t:|1655457934
|start
|switch|p1a: Tyranitar|Tyranitar, M|100/100
|switch|p2a: Mew|Mew|100/100
|-weather|Sandstorm|[from] ability: Sand Stream|[of] p1a: Tyranitar
|turn|1
|
|t:|1655457939
|move|p2a: Mew|Taunt|p1a: Tyranitar
|-start|p1a: Tyranitar|move: Taunt
|move|p1a: Tyranitar|Crunch|p2a: Mew
|-supereffective|p2a: Mew
|-damage|p2a: Mew|0 fnt
|faint|p2a: Mew
|
|-weather|Sandstorm|[upkeep]
|upkeep
|
|t:|1655457952
|switch|p2a: Rillaboom|Rillaboom, M|100/100
|-fieldstart|move: Grassy Terrain|[from] ability: Grassy Surge|[of] p2a: Rillaboom
|turn|2
|
|t:|1655457955
|switch|p1a: Buzzwole|Buzzwole|100/100
|move|p2a: Rillaboom|Knock Off|p1a: Buzzwole
|-resisted|p1a: Buzzwole
|-damage|p1a: Buzzwole|86/100
|-damage|p2a: Rillaboom|84/100|[from] item: Rocky Helmet|[of] p1a: Buzzwole
|-enditem|p1a: Buzzwole|Rocky Helmet|[from] move: Knock Off|[of] p2a: Rillaboom
|-damage|p2a: Rillaboom|74/100|[from] item: Life Orb
|
|-weather|Sandstorm|[upkeep]
|-damage|p2a: Rillaboom|68/100|[from] Sandstorm
|-damage|p1a: Buzzwole|80/100|[from] Sandstorm
|-heal|p2a: Rillaboom|74/100|[from] Grassy Terrain
|-heal|p1a: Buzzwole|86/100|[from] Grassy Terrain
|upkeep
|turn|3
|
|t:|1655457959
|switch|p2a: Gengar|Gengar, M|100/100
|move|p1a: Buzzwole|Ice Punch|p2a: Gengar
|-damage|p2a: Gengar|43/100
|
|-weather|Sandstorm|[upkeep]
|-damage|p2a: Gengar|37/100|[from] Sandstorm
|-damage|p1a: Buzzwole|80/100|[from] Sandstorm
|-heal|p2a: Gengar|43/100|[from] Grassy Terrain
|-heal|p1a: Buzzwole|86/100|[from] Grassy Terrain
|upkeep
|turn|4
|
|t:|1655457966
|switch|p1a: Obstagoon|Obstagoon, M|100/100
|move|p2a: Gengar|Destiny Bond|p2a: Gengar
|-singlemove|p2a: Gengar|Destiny Bond
|
|-weather|Sandstorm|[upkeep]
|-damage|p2a: Gengar|37/100|[from] Sandstorm
|-damage|p1a: Obstagoon|94/100|[from] Sandstorm
|-heal|p2a: Gengar|43/100|[from] Grassy Terrain
|-heal|p1a: Obstagoon|100/100|[from] Grassy Terrain
|-status|p1a: Obstagoon|brn|[from] item: Flame Orb
|upkeep
|turn|5
|
|t:|1655457978
|move|p2a: Gengar|Focus Blast|p1a: Obstagoon
|-supereffective|p1a: Obstagoon
|-damage|p1a: Obstagoon|0 fnt
|faint|p1a: Obstagoon
|
|-weather|none
|-heal|p2a: Gengar|49/100|[from] Grassy Terrain
|upkeep
|
|t:|1655457981
|switch|p1a: Tyranitar|Tyranitar, M|100/100
|-weather|Sandstorm|[from] ability: Sand Stream|[of] p1a: Tyranitar
|turn|6
|
|t:|1655457988
|switch|p1a: Rhyperior|Rhyperior, M|100/100
|move|p2a: Gengar|Destiny Bond|p2a: Gengar
|-singlemove|p2a: Gengar|Destiny Bond
|
|-weather|Sandstorm|[upkeep]
|-damage|p2a: Gengar|43/100|[from] Sandstorm
|-heal|p2a: Gengar|49/100|[from] Grassy Terrain
|-fieldend|move: Grassy Terrain
|upkeep
|turn|7
|
|t:|1655457996
|move|p2a: Gengar|Shadow Ball|p1a: Rhyperior
|-damage|p1a: Rhyperior|78/100
|-unboost|p1a: Rhyperior|spd|1
|move|p1a: Rhyperior|Earthquake|p2a: Gengar
|-supereffective|p2a: Gengar
|-crit|p2a: Gengar
|-damage|p2a: Gengar|0 fnt
|faint|p2a: Gengar
|
|-weather|Sandstorm|[upkeep]
|-heal|p1a: Rhyperior|85/100|[from] item: Leftovers
|upkeep
|
|t:|1655458007
|switch|p2a: Rillaboom|Rillaboom, M|74/100
|-fieldstart|move: Grassy Terrain|[from] ability: Grassy Surge|[of] p2a: Rillaboom
|turn|8
|
|t:|1655458009
|switch|p1a: Buzzwole|Buzzwole|86/100
|move|p2a: Rillaboom|Swords Dance|p2a: Rillaboom
|-boost|p2a: Rillaboom|atk|2
|
|-weather|Sandstorm|[upkeep]
|-damage|p2a: Rillaboom|68/100|[from] Sandstorm
|-damage|p1a: Buzzwole|80/100|[from] Sandstorm
|-heal|p2a: Rillaboom|74/100|[from] Grassy Terrain
|-heal|p1a: Buzzwole|86/100|[from] Grassy Terrain
|upkeep
|turn|9
|
|t:|1655458013
|move|p2a: Rillaboom|Grassy Glide|p1a: Buzzwole
|-resisted|p1a: Buzzwole
|-damage|p1a: Buzzwole|43/100
|-damage|p2a: Rillaboom|64/100|[from] item: Life Orb
|move|p1a: Buzzwole|Leech Life|p2a: Rillaboom
|-supereffective|p2a: Rillaboom
|-damage|p2a: Rillaboom|0 fnt
|-heal|p1a: Buzzwole|71/100|[from] drain|[of] p2a: Rillaboom
|faint|p2a: Rillaboom
|-ability|p1a: Buzzwole|Beast Boost|boost
|-boost|p1a: Buzzwole|atk|1
|
|-weather|Sandstorm|[upkeep]
|-damage|p1a: Buzzwole|65/100|[from] Sandstorm
|-heal|p1a: Buzzwole|71/100|[from] Grassy Terrain
|upkeep
|
|t:|1655458017
|switch|p2a: Hawlucha|Hawlucha, M|100/100
|-enditem|p2a: Hawlucha|Grassy Seed
|-boost|p2a: Hawlucha|def|1|[from] item: Grassy Seed
|turn|10
|
|t:|1655458020
|move|p2a: Hawlucha|Swords Dance|p2a: Hawlucha
|-boost|p2a: Hawlucha|atk|2
|move|p1a: Buzzwole|Ice Punch|p2a: Hawlucha
|-supereffective|p2a: Hawlucha
|-damage|p2a: Hawlucha|12/100
|
|-weather|none
|-heal|p1a: Buzzwole|77/100|[from] Grassy Terrain
|upkeep
|turn|11
|
|t:|1655458027
|switch|p1a: Tyranitar|Tyranitar, M|100/100
|-weather|Sandstorm|[from] ability: Sand Stream|[of] p1a: Tyranitar
|move|p2a: Hawlucha|Acrobatics|p1a: Tyranitar
|-resisted|p1a: Tyranitar
|-damage|p1a: Tyranitar|51/100
|
|-weather|Sandstorm|[upkeep]
|-damage|p2a: Hawlucha|6/100|[from] Sandstorm
|-heal|p1a: Tyranitar|57/100|[from] Grassy Terrain
|upkeep
|turn|12
|
|t:|1655458038
|switch|p1a: Rhyperior|Rhyperior, M|85/100
|move|p2a: Hawlucha|Close Combat|p1a: Rhyperior
|-supereffective|p1a: Rhyperior
|-damage|p1a: Rhyperior|0 fnt
|-unboost|p2a: Hawlucha|def|1
|-unboost|p2a: Hawlucha|spd|1
|faint|p1a: Rhyperior
|
|-weather|Sandstorm|[upkeep]
|-damage|p2a: Hawlucha|0 fnt|[from] Sandstorm
|faint|p2a: Hawlucha
|-fieldend|move: Grassy Terrain
|upkeep
|
|t:|1655458045
|switch|p2a: Bisharp|Bisharp, M|100/100
|switch|p1a: Nidoking|Nidoking, M|100/100
|turn|13
|
|t:|1655458048
|move|p2a: Bisharp|Sucker Punch|p1a: Nidoking
|-damage|p1a: Nidoking|37/100
|move|p1a: Nidoking|Earth Power|p2a: Bisharp
|-supereffective|p2a: Bisharp
|-damage|p2a: Bisharp|0 fnt
|faint|p2a: Bisharp
|
|-weather|Sandstorm|[upkeep]
|upkeep
|
|t:|1655458050
|switch|p2a: Cloyster|Cloyster, M|100/100
|turn|14
|
|t:|1655458053
|move|p1a: Nidoking|Sludge Wave|p2a: Cloyster
|-enditem|p2a: Cloyster|Focus Sash
|-damage|p2a: Cloyster|1/100
|move|p2a: Cloyster|Shell Smash|p2a: Cloyster
|-unboost|p2a: Cloyster|def|1
|-unboost|p2a: Cloyster|spd|1
|-boost|p2a: Cloyster|atk|2
|-boost|p2a: Cloyster|spa|2
|-boost|p2a: Cloyster|spe|2
|
|-weather|Sandstorm|[upkeep]
|-damage|p2a: Cloyster|0 fnt|[from] Sandstorm
|faint|p2a: Cloyster
|
|win|King__MIttens
|upkeep
|raw|King__MIttens's rating: 1384 &rarr; <strong>1409</strong><br />(+25 for winning)
|raw|hadahada's rating: 1466 &rarr; <strong>1441</strong><br />(-25 for losing)
|c|☆King__MIttens|gg
|l|☆hadahada
