|j|☆Commando 55
|j|☆Bamba ai Bimbi
|t:|1603453905
|player|p1|Commando 55|iris-gen5bw2|1898
|player|p2|Bamba ai Bimbi|tucker-gen3|1874
|teamsize|p1|6
|teamsize|p2|6
|gametype|singles
|gen|8
|tier|[Gen 8] OU
|rated|
|clearpoke
|poke|p1|Regieleki|
|poke|p1|Pelipper, M|
|poke|p1|Blissey, F|
|poke|p1|Kingdra, F|
|poke|p1|Urshifu-*, M|
|poke|p1|Ferrothorn, M|
|poke|p2|Tyranitar, F|
|poke|p2|Clefable, M|
|poke|p2|Excadrill, F|
|poke|p2|Slowbro-Galar, F|
|poke|p2|Toxapex, F|
|poke|p2|Tangrowth, M|
|rule|Sleep Clause Mod: Limit one foe put to sleep
|rule|Species Clause: Limit one of each Pokémon
|rule|OHKO Clause: OHKO moves are banned
|rule|Evasion Moves Clause: Evasion moves are banned
|rule|Endless Battle Clause: Forcing endless battles is banned
|rule|HP Percentage Mod: HP is shown in percentages
|rule|Dynamax Clause: You cannot dynamax
|teampreview
|j| testemix2020
|j| Pidgey Gordito
|c|☆Commando 55|Gl
|j| i love you mark
|inactive|Battle timer is ON: inactive players will automatically lose when time's up. (requested by Commando 55)
|l| Pidgey Gordito
|j| darkfuk990
|j| adel19
|c|☆Bamba ai Bimbi|i dont even know what that shit does
|j| Shofu1234
|j| Firelord0zaii
|j| Nath RAK
|j| RokRocket
|c|☆Bamba ai Bimbi|!data regieleki
|raw|<div class="message"><ul class="utilichart"><li class="result"><span class="col numcol">OU</span> <span class="col iconcol"><psicon pokemon="regieleki"/></span> <span class="col pokemonnamecol" style="white-space:nowrap"><a href="https://dex.pokemonshowdown.com/pokemon/regieleki" target="_blank">Regieleki</a></span> <span class="col typecol"><img src="https://play.pokemonshowdown.com/sprites/types/Electric.png" alt="Electric" height="14" width="32"></span> <span style="float:left;min-height:26px"><span class="col abilitycol">Transistor</span><span class="col abilitycol"></span></span><span style="float:left;min-height:26px"><span class="col statcol"><em>HP</em><br />80</span> <span class="col statcol"><em>Atk</em><br />100</span> <span class="col statcol"><em>Def</em><br />50</span> <span class="col statcol"><em>SpA</em><br />100</span> <span class="col statcol"><em>SpD</em><br />50</span> <span class="col statcol"><em>Spe</em><br />200</span> <span class="col bstcol"><em>BST<br />580</em></span> </span></li><li style="clear:both"></li></ul></div>

|j| GWShark101
|c| adel19|dame its fast
|j| rickywang
|inactive|Bamba ai Bimbi has 120 seconds left.
|
|t:|1603453953
|start
|switch|p1a: Pelipper|Pelipper, M|100/100
|switch|p2a: Toxapex|Toxapex, F|100/100
|-weather|RainDance|[from] ability: Drizzle|[of] p1a: Pelipper
|turn|1
|c| GWShark101|it presses volt switch
|
|t:|1603453958
|move|p1a: Pelipper|Scald|p2a: Toxapex
|-resisted|p2a: Toxapex
|-damage|p2a: Toxapex|85/100
|move|p2a: Toxapex|Knock Off|p1a: Pelipper
|-damage|p1a: Pelipper|88/100
|-enditem|p1a: Pelipper|Damp Rock|[from] move: Knock Off|[of] p2a: Toxapex
|
|-weather|RainDance|[upkeep]
|upkeep
|turn|2
|c| testemix2020|and rapid spin
|
|t:|1603453966
|move|p1a: Pelipper|Scald|p2a: Toxapex
|-resisted|p2a: Toxapex
|-damage|p2a: Toxapex|70/100
|-status|p2a: Toxapex|brn
|move|p2a: Toxapex|Scald|p1a: Pelipper
|-resisted|p1a: Pelipper
|-damage|p1a: Pelipper|74/100
|
|-weather|RainDance|[upkeep]
|-damage|p2a: Toxapex|64/100 brn|[from] brn
|upkeep
|turn|3
|c| adel19|i hate rain
|c| GWShark101|is hyper beam viable
|c| GWShark101|on regi
|j| TKODATRUTH
|inactive|Commando 55 has 120 seconds left.
|j| shadolid
|c| adel19|hyper beam is not viable in ou
|l| shadolid
|j| Kilima
|j| Gengar_Mask
|
|t:|1603454015
|move|p1a: Pelipper|U-turn|p2a: Toxapex
|-resisted|p2a: Toxapex
|-damage|p2a: Toxapex|62/100 brn
|-damage|p1a: Pelipper|57/100|[from] item: Rocky Helmet|[of] p2a: Toxapex
|j| gfuca
|j| testinsunny
|inactive|Commando 55 has 90 seconds left.
|
|t:|1603454036
|switch|p1a: Ferrothorn|Ferrothorn, M|100/100|[from]move: U-turn
|move|p2a: Toxapex|Knock Off|p1a: Ferrothorn
|-damage|p1a: Ferrothorn|96/100
|-damage|p2a: Toxapex|49/100 brn|[from] ability: Iron Barbs|[of] p1a: Ferrothorn
|-damage|p2a: Toxapex|33/100 brn|[from] item: Rocky Helmet|[of] p1a: Ferrothorn
|-enditem|p1a: Ferrothorn|Rocky Helmet|[from] move: Knock Off|[of] p2a: Toxapex
|
|-weather|RainDance|[upkeep]
|-damage|p2a: Toxapex|27/100 brn|[from] brn
|upkeep
|turn|4
|j| Chamancall
|
|t:|1603454052
|move|p2a: Toxapex|Recover|p2a: Toxapex
|-heal|p2a: Toxapex|77/100 brn
|move|p1a: Ferrothorn|Knock Off|p2a: Toxapex
|-damage|p2a: Toxapex|65/100 brn
|-damage|p1a: Ferrothorn|79/100|[from] item: Rocky Helmet|[of] p2a: Toxapex
|-enditem|p2a: Toxapex|Rocky Helmet|[from] move: Knock Off|[of] p1a: Ferrothorn
|
|-weather|RainDance|[upkeep]
|-damage|p2a: Toxapex|59/100 brn|[from] brn
|upkeep
|turn|5
|j| fluffy cows
|j| Deskard✯
|j| Jey2
|j| heung min lone
|
|t:|1603454063
|switch|p2a: Slowbro|Slowbro-Galar, F|100/100
|move|p1a: Ferrothorn|Spikes|p2a: Slowbro
|-sidestart|p2: Bamba ai Bimbi|Spikes
|
|-weather|RainDance|[upkeep]
|upkeep
|turn|6
|
|t:|1603454070
|switch|p1a: Blissey|Blissey, F|100/100
|move|p2a: Slowbro|Nasty Plot|p2a: Slowbro
|-boost|p2a: Slowbro|spa|2
|
|-weather|RainDance|[upkeep]
|upkeep
|turn|7
|j| Pissog
|
|t:|1603454073
|move|p2a: Slowbro|Sludge Bomb|p1a: Blissey
|-damage|p1a: Blissey|70/100
|-status|p1a: Blissey|psn
|move|p1a: Blissey|Teleport|p1a: Blissey
|inactive|Commando 55 has 120 seconds left.
|j| Stall Sucks Bro✞
|
|t:|1603454085
|switch|p1a: Urshifu|Urshifu-Rapid-Strike, M|100/100|[from]move: Teleport
|
|-weather|RainDance|[upkeep]
|upkeep
|turn|8
|j| Priyankaa
|
|t:|1603454093
|move|p1a: Urshifu|U-turn|p2a: Slowbro
|-damage|p2a: Slowbro|65/100
|
|t:|1603454100
|switch|p1a: Blissey|Blissey, F|70/100|[from]move: U-turn
|move|p2a: Slowbro|Sludge Bomb|p1a: Blissey
|-damage|p1a: Blissey|40/100
|-status|p1a: Blissey|psn
|
|-weather|none
|-heal|p2a: Slowbro|72/100|[from] item: Leftovers
|-damage|p1a: Blissey|27/100 psn|[from] psn
|upkeep
|turn|9
|
|t:|1603454107
|move|p1a: Blissey|Soft-Boiled|p1a: Blissey
|-heal|p1a: Blissey|77/100 psn
|move|p2a: Slowbro|Sludge Bomb|p1a: Blissey
|-damage|p1a: Blissey|48/100 psn
|
|-heal|p2a: Slowbro|78/100|[from] item: Leftovers
|-damage|p1a: Blissey|35/100 psn|[from] psn
|upkeep
|turn|10
|
|t:|1603454111
|move|p1a: Blissey|Soft-Boiled|p1a: Blissey
|-heal|p1a: Blissey|85/100 psn
|move|p2a: Slowbro|Nasty Plot|p2a: Slowbro
|-boost|p2a: Slowbro|spa|2
|
|-heal|p2a: Slowbro|84/100|[from] item: Leftovers
|-damage|p1a: Blissey|73/100 psn|[from] psn
|upkeep
|turn|11
|
|t:|1603454114
|move|p2a: Slowbro|Sludge Bomb|p1a: Blissey
|-damage|p1a: Blissey|22/100 psn
|move|p1a: Blissey|Teleport|p1a: Blissey
|j| Cervixknight
|
|t:|1603454127
|-curestatus|p1a: Blissey|psn|[from] ability: Natural Cure
|switch|p1a: Urshifu|Urshifu-Rapid-Strike, M|100/100|[from]move: Teleport
|
|-heal|p2a: Slowbro|90/100|[from] item: Leftovers
|upkeep
|turn|12
|j| OUTY 3iz
|l| Gengar_Mask
|l| RokRocket
|inactive|Bamba ai Bimbi has 120 seconds left.
|l| Priyankaa
|
|t:|1603454167
|switch|p2a: Tangrowth|Tangrowth, M|100/100
|-damage|p2a: Tangrowth|88/100|[from] Spikes
|move|p1a: Urshifu|U-turn|p2a: Tangrowth
|-supereffective|p2a: Tangrowth
|-damage|p2a: Tangrowth|50/100
|-damage|p1a: Urshifu|84/100|[from] item: Rocky Helmet|[of] p2a: Tangrowth
|l| TKODATRUTH
|
|t:|1603454191
|switch|p1a: Kingdra|Kingdra, F|100/100|[from]move: U-turn
|
|upkeep
|turn|13
|inactive|Bamba ai Bimbi has 120 seconds left.
|
|t:|1603454204
|switch|p2a: Toxapex|Toxapex, F|92/100 brn
|-damage|p2a: Toxapex|80/100 brn|[from] Spikes
|move|p1a: Kingdra|Draco Meteor|p2a: Toxapex|[miss]
|-miss|p1a: Kingdra|p2a: Toxapex
|
|-damage|p2a: Toxapex|74/100 brn|[from] brn
|upkeep
|turn|14
|
|t:|1603454211
|switch|p2a: Clefable|Clefable, M|100/100
|move|p1a: Kingdra|Draco Meteor|p2a: Clefable
|-immune|p2a: Clefable
|
|upkeep
|turn|15
|j| TKODATRUTH
|
|t:|1603454218
|switch|p1a: Ferrothorn|Ferrothorn, M|79/100
|move|p2a: Clefable|Calm Mind|p2a: Clefable
|-boost|p2a: Clefable|spa|1
|-boost|p2a: Clefable|spd|1
|
|upkeep
|turn|16
|j| Jahkxun
|
|t:|1603454233
|switch|p1a: Pelipper|Pelipper, M|57/100
|-weather|RainDance|[from] ability: Drizzle|[of] p1a: Pelipper
|move|p2a: Clefable|Moonblast|p1a: Pelipper
|-damage|p1a: Pelipper|0 fnt
|faint|p1a: Pelipper
|
|-weather|RainDance|[upkeep]
|upkeep
|
|t:|1603454240
|switch|p1a: Urshifu|Urshifu-Rapid-Strike, M|84/100
|turn|17
|inactive|Bamba ai Bimbi has 120 seconds left.
|
|t:|1603454276
|switch|p2a: Tangrowth|Tangrowth, M|83/100
|-damage|p2a: Tangrowth|70/100|[from] Spikes
|move|p1a: Urshifu|U-turn|p2a: Tangrowth
|-supereffective|p2a: Tangrowth
|-damage|p2a: Tangrowth|35/100
|-damage|p1a: Urshifu|68/100|[from] item: Rocky Helmet|[of] p2a: Tangrowth
|j| dc cqv sw
|
|t:|1603454284
|switch|p1a: Kingdra|Kingdra, F|100/100|[from]move: U-turn
|
|-weather|RainDance|[upkeep]
|upkeep
|turn|18
|inactive|Bamba ai Bimbi has 120 seconds left.
|
|t:|1603454305
|switch|p2a: Toxapex|Toxapex, F|100/100 brn
|-damage|p2a: Toxapex|88/100 brn|[from] Spikes
|move|p1a: Kingdra|Hydro Pump|p2a: Toxapex
|-resisted|p2a: Toxapex
|-damage|p2a: Toxapex|44/100 brn
|
|-weather|RainDance|[upkeep]
|-damage|p2a: Toxapex|38/100 brn|[from] brn
|upkeep
|turn|19
|l| Jey2
|inactive|Bamba ai Bimbi has 90 seconds left.
|j| Zaettsu
|
|t:|1603454345
|switch|p2a: Slowbro|Slowbro-Galar, F|100/100
|-damage|p2a: Slowbro|88/100|[from] Spikes
|move|p1a: Kingdra|Hydro Pump|p2a: Slowbro|[miss]
|-miss|p1a: Kingdra|p2a: Slowbro
|
|-weather|RainDance|[upkeep]
|-heal|p2a: Slowbro|94/100|[from] item: Leftovers
|upkeep
|turn|20
|l| Zaettsu
|inactive|Bamba ai Bimbi has 90 seconds left.
|l| GWShark101
|l| Kilima
|
|t:|1603454354
|move|p1a: Kingdra|Hydro Pump|p2a: Slowbro|[miss]
|-miss|p1a: Kingdra|p2a: Slowbro
|move|p2a: Slowbro|Sludge Bomb|p1a: Kingdra
|-damage|p1a: Kingdra|46/100
|
|-weather|none
|-heal|p2a: Slowbro|99/100|[from] item: Leftovers
|upkeep
|turn|21
|
|t:|1603454365
|switch|p1a: Blissey|Blissey, F|22/100
|move|p2a: Slowbro|Sludge Bomb|p1a: Blissey
|-damage|p1a: Blissey|6/100
|
|-heal|p2a: Slowbro|100/100|[from] item: Leftovers
|upkeep
|turn|22
|
|t:|1603454368
|move|p1a: Blissey|Soft-Boiled|p1a: Blissey
|-heal|p1a: Blissey|56/100
|move|p2a: Slowbro|Nasty Plot|p2a: Slowbro
|-boost|p2a: Slowbro|spa|2
|
|upkeep
|turn|23
|
|t:|1603454372
|move|p1a: Blissey|Thunder Wave|p2a: Slowbro
|-status|p2a: Slowbro|par
|move|p2a: Slowbro|Sludge Bomb|p1a: Blissey
|-damage|p1a: Blissey|22/100
|
|upkeep
|turn|24
|inactive|Bamba ai Bimbi has 120 seconds left.
|
|t:|1603454379
|switch|p2a: Excadrill|Excadrill, F|100/100
|-damage|p2a: Excadrill|88/100|[from] Spikes
|move|p1a: Blissey|Soft-Boiled|p1a: Blissey
|-heal|p1a: Blissey|72/100
|
|-heal|p2a: Excadrill|94/100|[from] item: Leftovers
|upkeep
|turn|25
|
|t:|1603454384
|switch|p1a: Ferrothorn|Ferrothorn, M|79/100
|move|p2a: Excadrill|Earthquake|p1a: Ferrothorn
|-damage|p1a: Ferrothorn|47/100
|
|-heal|p2a: Excadrill|99/100|[from] item: Leftovers
|upkeep
|turn|26
|
|t:|1603454397
|switch|p2a: Clefable|Clefable, M|100/100
|move|p1a: Ferrothorn|Body Press|p2a: Clefable
|-resisted|p2a: Clefable
|-damage|p2a: Clefable|89/100
|
|-damage|p1a: Ferrothorn|35/100|[from] item: Sticky Barb
|upkeep
|turn|27
|l| Firelord0zaii
|
|t:|1603454405
|move|p2a: Clefable|Calm Mind|p2a: Clefable
|-boost|p2a: Clefable|spa|1
|-boost|p2a: Clefable|spd|1
|move|p1a: Ferrothorn|Knock Off|p2a: Clefable
|-resisted|p2a: Clefable
|-damage|p2a: Clefable|83/100
|
|-damage|p1a: Ferrothorn|22/100|[from] item: Sticky Barb
|upkeep
|turn|28
|
|t:|1603454419
|move|p2a: Clefable|Calm Mind|p2a: Clefable
|-boost|p2a: Clefable|spa|1
|-boost|p2a: Clefable|spd|1
|move|p1a: Ferrothorn|Spikes|p2a: Clefable
|-sidestart|p2: Bamba ai Bimbi|Spikes
|
|-damage|p1a: Ferrothorn|10/100|[from] item: Sticky Barb
|upkeep
|turn|29
|
|t:|1603454423
|move|p2a: Clefable|Moonblast|p1a: Ferrothorn
|-resisted|p1a: Ferrothorn
|-damage|p1a: Ferrothorn|0 fnt
|faint|p1a: Ferrothorn
|
|upkeep
|j| Eepsilon
|j| Allgoodsntook
|
|t:|1603454428
|switch|p1a: Blissey|Blissey, F|72/100
|turn|30
|
|t:|1603454431
|switch|p2a: Excadrill|Excadrill, F|99/100
|-damage|p2a: Excadrill|84/100|[from] Spikes
|move|p1a: Blissey|Thunder Wave|p2a: Excadrill
|-immune|p2a: Excadrill
|
|-heal|p2a: Excadrill|90/100|[from] item: Leftovers
|upkeep
|turn|31
|j| kohake
|
|t:|1603454436
|move|p2a: Excadrill|Rapid Spin|p1a: Blissey
|-damage|p1a: Blissey|56/100
|-boost|p2a: Excadrill|spe|1
|-sideend|p2: Bamba ai Bimbi|Spikes|[from] move: Rapid Spin|[of] p2a: Excadrill
|move|p1a: Blissey|Teleport|p1a: Blissey
|
|t:|1603454441
|switch|p1a: Urshifu|Urshifu-Rapid-Strike, M|68/100|[from]move: Teleport
|
|-heal|p2a: Excadrill|96/100|[from] item: Leftovers
|upkeep
|turn|32
|
|t:|1603454451
|switch|p2a: Slowbro|Slowbro-Galar, F|100/100 par
|move|p1a: Urshifu|Close Combat|p2a: Slowbro
|-resisted|p2a: Slowbro
|-damage|p2a: Slowbro|80/100 par
|-unboost|p1a: Urshifu|def|1
|-unboost|p1a: Urshifu|spd|1
|
|-heal|p2a: Slowbro|87/100 par|[from] item: Leftovers
|upkeep
|turn|33
|-message|Commando 55 forfeited.
|
|win|Bamba ai Bimbi
|l|☆Commando 55
|l|☆Bamba ai Bimbi
|raw|Commando 55's rating: 1898 &rarr; <strong>1877</strong><br />(-21 for losing)
|raw|Bamba ai Bimbi's rating: 1874 &rarr; <strong>1896</strong><br />(+22 for winning)
|l| Nath RAK
|l| Shofu1234
|l| Stall Sucks Bro✞
