|raw|<div class="broadcast-blue"><strong>This battle is required to be public due to a player having a name starting with 'LT73IU'.</div>
|j|☆Redemption
|j|☆LT73IU Michy
|t:|1598108739
|player|p1|Redemption|flint|1640
|player|p2|LT73IU Michy|266|1628
|teamsize|p1|6
|teamsize|p2|6
|gametype|singles
|gen|8
|tier|[Gen 8] OU
|rated|
|clearpoke
|poke|p1|Frosmoth, M|
|poke|p1|Torkoal, F|
|poke|p1|Urshifu-*, M|
|poke|p1|Pelipper, F|
|poke|p1|Venusaur, F|
|poke|p1|Clefable, M|
|poke|p2|Clefable, F|
|poke|p2|Kyurem|
|poke|p2|Toxapex, F|
|poke|p2|Ditto|
|poke|p2|Blissey, F|
|poke|p2|Hippowdon, M|
|rule|Sleep Clause Mod: Limit one foe put to sleep
|rule|Species Clause: Limit one of each Pokémon
|rule|OHKO Clause: OHKO moves are banned
|rule|Evasion Moves Clause: Evasion moves are banned
|rule|Endless Battle Clause: Forcing endless battles is banned
|rule|HP Percentage Mod: HP is shown in percentages
|rule|Dynamax Clause: You cannot dynamax
|teampreview
|inactive|Battle timer is ON: inactive players will automatically lose when time's up. (requested by LT73IU Michy)
|
|t:|1598108760
|start
|switch|p1a: Bahamut|Torkoal, F|100/100
|switch|p2a: Clefable|Clefable, F|100/100
|-weather|SunnyDay|[from] ability: Drought|[of] p1a: Bahamut
|turn|1
|
|t:|1598108764
|move|p2a: Clefable|Trick|p1a: Bahamut
|-activate|p2a: Clefable|move: Trick|[of] p1a: Bahamut
|-item|p1a: Bahamut|Sticky Barb|[from] move: Trick
|-item|p2a: Clefable|Heat Rock|[from] move: Trick
|move|p1a: Bahamut|Stealth Rock|p2a: Clefable
|-sidestart|p2: LT73IU Michy|move: Stealth Rock
|
|-weather|SunnyDay|[upkeep]
|-damage|p1a: Bahamut|88/100|[from] item: Sticky Barb
|upkeep
|turn|2
|
|t:|1598108785
|switch|p1a: Tiamat|Venusaur, F|100/100
|move|p2a: Clefable|Moonblast|p1a: Tiamat
|-resisted|p1a: Tiamat
|-damage|p1a: Tiamat|84/100
|
|-weather|SunnyDay|[upkeep]
|upkeep
|turn|3
|
|t:|1598108797
|switch|p2a: Blissey|Blissey, F|100/100
|move|p1a: Tiamat|Growth|p1a: Tiamat
|-boost|p1a: Tiamat|atk|2
|-boost|p1a: Tiamat|spa|2
|
|-weather|SunnyDay|[upkeep]
|upkeep
|turn|4
|
|t:|1598108801
|move|p1a: Tiamat|Sludge Bomb|p2a: Blissey
|-damage|p2a: Blissey|56/100
|-status|p2a: Blissey|psn
|-damage|p1a: Tiamat|74/100|[from] item: Life Orb
|move|p2a: Blissey|Teleport|p2a: Blissey
|
|t:|1598108804
|switch|p2a: Ditto|Ditto|100/100|[from]move: Teleport
|-damage|p2a: Ditto|88/100|[from] Stealth Rock
|-transform|p2a: Ditto|p1a: Tiamat|[from] ability: Imposter
|
|-weather|SunnyDay|[upkeep]
|upkeep
|turn|5
|
|t:|1598108818
|switch|p1a: Hraesvelgr|Pelipper, F|100/100
|-weather|RainDance|[from] ability: Drizzle|[of] p1a: Hraesvelgr
|move|p2a: Ditto|Sludge Bomb|p1a: Hraesvelgr
|-damage|p1a: Hraesvelgr|0 fnt
|faint|p1a: Hraesvelgr
|
|-weather|RainDance|[upkeep]
|upkeep
|
|t:|1598108825
|switch|p1a: Midgardsormr|Frosmoth, M|100/100
|turn|6
|
|t:|1598108830
|switch|p2a: Hippowdon|Hippowdon, M|100/100
|-damage|p2a: Hippowdon|94/100|[from] Stealth Rock
|-weather|Sandstorm|[from] ability: Sand Stream|[of] p2a: Hippowdon
|move|p1a: Midgardsormr|Quiver Dance|p1a: Midgardsormr
|-boost|p1a: Midgardsormr|spa|1
|-boost|p1a: Midgardsormr|spd|1
|-boost|p1a: Midgardsormr|spe|1
|
|-weather|Sandstorm|[upkeep]
|-damage|p1a: Midgardsormr|94/100|[from] Sandstorm
|-heal|p2a: Hippowdon|100/100|[from] item: Leftovers
|upkeep
|turn|7
|
|t:|1598108837
|switch|p2a: Toxapex|Toxapex, F|100/100
|-damage|p2a: Toxapex|88/100|[from] Stealth Rock
|move|p1a: Midgardsormr|Ice Beam|p2a: Toxapex
|-resisted|p2a: Toxapex
|-damage|p2a: Toxapex|55/100
|
|-weather|Sandstorm|[upkeep]
|-damage|p1a: Midgardsormr|88/100|[from] Sandstorm
|-damage|p2a: Toxapex|49/100|[from] Sandstorm
|upkeep
|turn|8
|
|t:|1598108843
|move|p1a: Midgardsormr|Hurricane|p2a: Toxapex
|-damage|p2a: Toxapex|3/100
|move|p2a: Toxapex|Recover|p2a: Toxapex
|-heal|p2a: Toxapex|53/100
|
|-weather|Sandstorm|[upkeep]
|-damage|p1a: Midgardsormr|82/100|[from] Sandstorm
|-damage|p2a: Toxapex|47/100|[from] Sandstorm
|upkeep
|turn|9
|
|t:|1598108851
|switch|p2a: Blissey|Blissey, F|56/100
|move|p1a: Midgardsormr|Quiver Dance|p1a: Midgardsormr
|-boost|p1a: Midgardsormr|spa|1
|-boost|p1a: Midgardsormr|spd|1
|-boost|p1a: Midgardsormr|spe|1
|
|-weather|Sandstorm|[upkeep]
|-damage|p1a: Midgardsormr|76/100|[from] Sandstorm
|-damage|p2a: Blissey|50/100|[from] Sandstorm
|upkeep
|turn|10
|
|t:|1598108857
|move|p1a: Midgardsormr|Ice Beam|p2a: Blissey
|-damage|p2a: Blissey|13/100
|move|p2a: Blissey|Teleport|p2a: Blissey
|
|t:|1598108860
|switch|p2a: Ditto|Ditto|88/100|[from]move: Teleport
|-damage|p2a: Ditto|76/100|[from] Stealth Rock
|-transform|p2a: Ditto|p1a: Midgardsormr|[from] ability: Imposter
|
|-weather|none
|upkeep
|turn|11
|
|t:|1598108869
|move|p2a: Ditto|Hurricane|p1a: Midgardsormr|[miss]
|-miss|p2a: Ditto|p1a: Midgardsormr
|move|p1a: Midgardsormr|Hurricane|p2a: Ditto
|-supereffective|p2a: Ditto
|-damage|p2a: Ditto|25/100
|
|upkeep
|turn|12
|
|t:|1598108886
|move|p2a: Ditto|Hurricane|p1a: Midgardsormr
|-supereffective|p1a: Midgardsormr
|-damage|p1a: Midgardsormr|24/100
|move|p1a: Midgardsormr|Hurricane|p2a: Ditto
|-supereffective|p2a: Ditto
|-crit|p2a: Ditto
|-damage|p2a: Ditto|0 fnt
|faint|p2a: Ditto
|
|upkeep
|
|t:|1598108895
|switch|p2a: Clefable|Clefable, F|100/100
|turn|13
|
|t:|1598108898
|move|p1a: Midgardsormr|Ice Beam|p2a: Clefable
|-damage|p2a: Clefable|9/100
|move|p2a: Clefable|Moonblast|p1a: Midgardsormr
|-damage|p1a: Midgardsormr|14/100
|
|upkeep
|turn|14
|c|☆LT73IU Michy|Evidemmeny
|-message|LT73IU Michy forfeited.
|
|win|Redemption
|l|☆LT73IU Michy
|raw|Redemption's rating: 1640 &rarr; <strong>1659</strong><br />(+19 for winning)
|raw|LT73IU Michy's rating: 1628 &rarr; <strong>1609</strong><br />(-19 for losing)
