|html|<div class="broadcast-blue"><strong>[Gen 8] OU is currently suspecting Melmetal! For information on how to participate check out the <a href="https://www.smogon.com/forums/threads/np-ss-ou-suspect-process-round-12-monster-mash.3709234/">suspect thread</a>.</strong></div>
|j|☆HQSTest
|j|☆Lnoccence
|t:|1666187997
|gametype|singles
|player|p1|HQSTest|veteranf|1740
|player|p2|Lnoccence|roxie|1755
|teamsize|p1|6
|teamsize|p2|6
|gen|8
|tier|[Gen 8] OU
|rated|
|rule|Sleep Clause Mod: Limit one foe put to sleep
|rule|Species Clause: Limit one of each Pokémon
|rule|OHKO Clause: OHKO moves are banned
|rule|Evasion Items Clause: Evasion items are banned
|rule|Evasion Moves Clause: Evasion moves are banned
|rule|Endless Battle Clause: Forcing endless battles is banned
|rule|HP Percentage Mod: HP is shown in percentages
|rule|Dynamax Clause: You cannot dynamax
|clearpoke
|poke|p1|Dragapult, F|
|poke|p1|Weavile, F|
|poke|p1|Rillaboom, F|
|poke|p1|Nihilego|
|poke|p1|Garchomp, F|
|poke|p1|Celesteela|
|poke|p2|Barraskewda, F|
|poke|p2|Seismitoad, F|
|poke|p2|Pelipper, M|
|poke|p2|Ferrothorn, F|
|poke|p2|Crawdaunt, F|
|poke|p2|Zapdos|
|teampreview
|inactive|Battle timer is ON: inactive players will automatically lose when time's up. (requested by HQSTest)
|
|t:|1666188008
|start
|switch|p1a: Garchomp|Garchomp, F|100/100
|switch|p2a: 脆皮乳鸽|Pelipper, M|100/100
|-weather|RainDance|[from] ability: Drizzle|[of] p2a: 脆皮乳鸽
|turn|1
|j| Jynx nuggets
|
|t:|1666188024
|switch|p2a: 水煮田鸡|Seismitoad, F|100/100
|move|p1a: Garchomp|Stealth Rock|p2a: 水煮田鸡
|-sidestart|p2: Lnoccence|move: Stealth Rock
|
|-weather|RainDance|[upkeep]
|upkeep
|turn|2
|
|t:|1666188032
|move|p2a: 水煮田鸡|Weather Ball|p1a: Garchomp
|-damage|p1a: Garchomp|0 fnt
|faint|p1a: Garchomp
|
|-weather|RainDance|[upkeep]
|upkeep
|
|t:|1666188043
|switch|p1a: Rillaboom|Rillaboom, F|100/100
|-fieldstart|move: Grassy Terrain|[from] ability: Grassy Surge|[of] p1a: Rillaboom
|turn|3
|
|t:|1666188045
|switch|p2a: 韩式炸鸡|Zapdos|100/100
|move|p1a: Rillaboom|Grassy Glide|p2a: 韩式炸鸡
|-resisted|p2a: 韩式炸鸡
|-damage|p2a: 韩式炸鸡|64/100
|-damage|p1a: Rillaboom|91/100|[from] item: Life Orb
|
|-weather|RainDance|[upkeep]
|-heal|p1a: Rillaboom|97/100|[from] Grassy Terrain
|upkeep
|turn|4
|
|t:|1666188060
|switch|p1a: Nihilego|Nihilego|100/100
|move|p2a: 韩式炸鸡|Roost|p2a: 韩式炸鸡
|-heal|p2a: 韩式炸鸡|100/100
|-singleturn|p2a: 韩式炸鸡|move: Roost
|
|-weather|RainDance|[upkeep]
|upkeep
|turn|5
|
|t:|1666188071
|switch|p2a: 刺身拼盘|Ferrothorn, F|100/100
|-damage|p2a: 刺身拼盘|94/100|[from] Stealth Rock
|move|p1a: Nihilego|Meteor Beam||[still]
|-prepare|p1a: Nihilego|Meteor Beam
|-boost|p1a: Nihilego|spa|1
|-enditem|p1a: Nihilego|Power Herb
|-anim|p1a: Nihilego|Meteor Beam|p2a: 刺身拼盘
|-resisted|p2a: 刺身拼盘
|-damage|p2a: 刺身拼盘|54/100
|
|-weather|RainDance|[upkeep]
|-heal|p2a: 刺身拼盘|61/100|[from] Grassy Terrain
|upkeep
|turn|6
|
|t:|1666188088
|move|p1a: Nihilego|Power Gem|p2a: 刺身拼盘
|-resisted|p2a: 刺身拼盘
|-damage|p2a: 刺身拼盘|34/100
|move|p2a: 刺身拼盘|Stealth Rock|p1a: Nihilego
|-sidestart|p1: HQSTest|move: Stealth Rock
|
|-weather|RainDance|[upkeep]
|-heal|p2a: 刺身拼盘|41/100|[from] Grassy Terrain
|upkeep
|turn|7
|
|t:|1666188092
|move|p1a: Nihilego|Meteor Beam||[still]
|-prepare|p1a: Nihilego|Meteor Beam
|-boost|p1a: Nihilego|spa|1
|move|p2a: 刺身拼盘|Gyro Ball|p1a: Nihilego
|-supereffective|p1a: Nihilego
|-damage|p1a: Nihilego|0 fnt
|faint|p1a: Nihilego
|
|-weather|RainDance|[upkeep]
|-heal|p2a: 刺身拼盘|47/100|[from] Grassy Terrain
|-fieldend|move: Grassy Terrain
|upkeep
|
|t:|1666188107
|switch|p1a: Celesteela|Celesteela|100/100
|-damage|p1a: Celesteela|88/100|[from] Stealth Rock
|turn|8
|j| xxgameronlinexx
|
|t:|1666188117
|move|p1a: Celesteela|Autotomize|p1a: Celesteela
|-boost|p1a: Celesteela|spe|2
|-start|p1a: Celesteela|Autotomize
|move|p2a: 刺身拼盘|Leech Seed|p1a: Celesteela|[miss]
|-miss|p2a: 刺身拼盘|p1a: Celesteela
|
|-weather|none
|upkeep
|turn|9
|
|t:|1666188123
|switch|p2a: 脆皮乳鸽|Pelipper, M|100/100
|-damage|p2a: 脆皮乳鸽|76/100|[from] Stealth Rock
|-weather|RainDance|[from] ability: Drizzle|[of] p2a: 脆皮乳鸽
|move|p1a: Celesteela|Autotomize|p1a: Celesteela
|-boost|p1a: Celesteela|spe|2
|-start|p1a: Celesteela|Autotomize
|
|-weather|RainDance|[upkeep]
|upkeep
|turn|10
|
|t:|1666188141
|switch|p2a: 刺身拼盘|Ferrothorn, F|47/100
|-damage|p2a: 刺身拼盘|41/100|[from] Stealth Rock
|move|p1a: Celesteela|Autotomize|p1a: Celesteela
|-boost|p1a: Celesteela|spe|2
|-start|p1a: Celesteela|Autotomize
|
|-weather|RainDance|[upkeep]
|upkeep
|turn|11
|j| mack865
|inactive|Lnoccence has 120 seconds left.
|
|t:|1666188174
|move|p1a: Celesteela|Flamethrower|p2a: 刺身拼盘
|-supereffective|p2a: 刺身拼盘
|-damage|p2a: 刺身拼盘|0 fnt
|faint|p2a: 刺身拼盘
|-ability|p1a: Celesteela|Beast Boost|boost
|-boost|p1a: Celesteela|spa|1
|
|-weather|RainDance|[upkeep]
|upkeep
|inactive|Lnoccence has 120 seconds left.
|
|t:|1666188188
|switch|p2a: 波士顿龙虾|Crawdaunt, F, shiny|100/100
|-damage|p2a: 波士顿龙虾|88/100|[from] Stealth Rock
|turn|12
|inactive|Lnoccence has 120 seconds left.
|
|t:|1666188195
|move|p2a: 波士顿龙虾|Aqua Jet|p1a: Celesteela
|-damage|p1a: Celesteela|21/100
|-damage|p2a: 波士顿龙虾|78/100|[from] item: Life Orb
|move|p1a: Celesteela|Air Slash|p2a: 波士顿龙虾
|-damage|p2a: 波士顿龙虾|0 fnt
|faint|p2a: 波士顿龙虾
|-ability|p1a: Celesteela|Beast Boost|boost
|-boost|p1a: Celesteela|spa|1
|
|-weather|RainDance|[upkeep]
|upkeep
|inactive|Lnoccence has 120 seconds left.
|
|t:|1666188201
|switch|p2a: 韩式炸鸡|Zapdos|100/100
|turn|13
|
|t:|1666188205
|move|p1a: Celesteela|Air Slash|p2a: 韩式炸鸡
|-resisted|p2a: 韩式炸鸡
|-damage|p2a: 韩式炸鸡|52/100
|move|p2a: 韩式炸鸡|Weather Ball|p1a: Celesteela
|-damage|p1a: Celesteela|0 fnt
|faint|p1a: Celesteela
|
|-weather|RainDance|[upkeep]
|upkeep
|j| trxgic★
|
|t:|1666188219
|switch|p1a: Weavile|Weavile, F|100/100
|-damage|p1a: Weavile|76/100|[from] Stealth Rock
|-ability|p1a: Weavile|Pressure
|turn|14
|l| trxgic★
|
|t:|1666188228
|switch|p2a: 水煮田鸡|Seismitoad, F|100/100
|-damage|p2a: 水煮田鸡|95/100|[from] Stealth Rock
|move|p1a: Weavile|Ice Shard|p2a: 水煮田鸡
|-damage|p2a: 水煮田鸡|56/100
|-damage|p1a: Weavile|66/100|[from] item: Life Orb
|
|-weather|RainDance|[upkeep]
|upkeep
|turn|15
|
|t:|1666188238
|move|p1a: Weavile|Ice Shard|p2a: 水煮田鸡
|-damage|p2a: 水煮田鸡|24/100
|-damage|p1a: Weavile|56/100|[from] item: Life Orb
|move|p2a: 水煮田鸡|Weather Ball|p1a: Weavile
|-damage|p1a: Weavile|0 fnt
|faint|p1a: Weavile
|
|-weather|RainDance|[upkeep]
|upkeep
|
|t:|1666188242
|switch|p1a: Dragapult|Dragapult, F|100/100
|-damage|p1a: Dragapult|88/100|[from] Stealth Rock
|turn|16
|
|t:|1666188246
|move|p2a: 水煮田鸡|Weather Ball|p1a: Dragapult
|-resisted|p1a: Dragapult
|-damage|p1a: Dragapult|30/100
|move|p1a: Dragapult|Substitute|p1a: Dragapult
|-start|p1a: Dragapult|Substitute
|-damage|p1a: Dragapult|6/100
|
|-weather|none
|-heal|p1a: Dragapult|12/100|[from] item: Leftovers
|upkeep
|turn|17
|
|t:|1666188257
|switch|p2a: 脆皮乳鸽|Pelipper, M|76/100
|-damage|p2a: 脆皮乳鸽|51/100|[from] Stealth Rock
|-weather|RainDance|[from] ability: Drizzle|[of] p2a: 脆皮乳鸽
|move|p1a: Dragapult|Dragon Dance|p1a: Dragapult
|-boost|p1a: Dragapult|atk|1
|-boost|p1a: Dragapult|spe|1
|
|-weather|RainDance|[upkeep]
|-heal|p1a: Dragapult|18/100|[from] item: Leftovers
|upkeep
|turn|18
|
|t:|1666188263
|move|p1a: Dragapult|Dragon Dance|p1a: Dragapult
|-boost|p1a: Dragapult|atk|1
|-boost|p1a: Dragapult|spe|1
|move|p2a: 脆皮乳鸽|Scald|p1a: Dragapult
|-resisted|p1a: Dragapult
|-crit|p1a: Dragapult
|-end|p1a: Dragapult|Substitute
|
|-weather|RainDance|[upkeep]
|-heal|p1a: Dragapult|24/100|[from] item: Leftovers
|upkeep
|turn|19
|c|☆Lnoccence|gg
|
|t:|1666188275
|move|p1a: Dragapult|Dragon Darts|p2a: 脆皮乳鸽
|-damage|p2a: 脆皮乳鸽|0 fnt
|faint|p2a: 脆皮乳鸽
|
|-weather|RainDance|[upkeep]
|-heal|p1a: Dragapult|30/100|[from] item: Leftovers
|upkeep
|
|t:|1666188282
|switch|p2a: 红烧鲫鱼|Barraskewda, F|100/100
|-damage|p2a: 红烧鲫鱼|88/100|[from] Stealth Rock
|turn|20
|
|t:|1666188285
|move|p2a: 红烧鲫鱼|Crunch|p1a: Dragapult
|-supereffective|p1a: Dragapult
|-damage|p1a: Dragapult|0 fnt
|faint|p1a: Dragapult
|
|-weather|RainDance|[upkeep]
|upkeep
|
|t:|1666188287
|switch|p1a: Rillaboom|Rillaboom, F|97/100
|-damage|p1a: Rillaboom|84/100|[from] Stealth Rock
|-fieldstart|move: Grassy Terrain|[from] ability: Grassy Surge|[of] p1a: Rillaboom
|turn|21
|inactive|Lnoccence has 120 seconds left.
|
|t:|1666188320
|move|p2a: 红烧鲫鱼|Crunch|p1a: Rillaboom
|-damage|p1a: Rillaboom|33/100
|-unboost|p1a: Rillaboom|def|1
|move|p1a: Rillaboom|Swords Dance|p1a: Rillaboom
|-boost|p1a: Rillaboom|atk|2
|
|-weather|RainDance|[upkeep]
|-heal|p2a: 红烧鲫鱼|94/100|[from] Grassy Terrain
|-heal|p1a: Rillaboom|40/100|[from] Grassy Terrain
|upkeep
|turn|22
|
|t:|1666188324
|move|p1a: Rillaboom|Grassy Glide|p2a: 红烧鲫鱼
|-supereffective|p2a: 红烧鲫鱼
|-damage|p2a: 红烧鲫鱼|0 fnt
|faint|p2a: 红烧鲫鱼
|-damage|p1a: Rillaboom|30/100|[from] item: Life Orb
|
|-weather|RainDance|[upkeep]
|-heal|p1a: Rillaboom|36/100|[from] Grassy Terrain
|upkeep
|
|t:|1666188327
|switch|p2a: 韩式炸鸡|Zapdos|52/100
|turn|23
|
|t:|1666188331
|move|p1a: Rillaboom|Grassy Glide|p2a: 韩式炸鸡
|-resisted|p2a: 韩式炸鸡
|-damage|p2a: 韩式炸鸡|0 fnt
|faint|p2a: 韩式炸鸡
|-damage|p1a: Rillaboom|26/100|[from] item: Life Orb
|
|-weather|RainDance|[upkeep]
|-heal|p1a: Rillaboom|32/100|[from] Grassy Terrain
|upkeep
|
|t:|1666188334
|switch|p2a: 水煮田鸡|Seismitoad, F|24/100
|-damage|p2a: 水煮田鸡|18/100|[from] Stealth Rock
|turn|24
|
|t:|1666188336
|move|p1a: Rillaboom|Grassy Glide|p2a: 水煮田鸡
|-supereffective|p2a: 水煮田鸡
|-damage|p2a: 水煮田鸡|0 fnt
|faint|p2a: 水煮田鸡
|-damage|p1a: Rillaboom|22/100|[from] item: Life Orb
|
|win|HQSTest
|raw|HQSTest's rating: 1740 &rarr; <strong>1761</strong><br />(+21 for winning)
|raw|Lnoccence's rating: 1755 &rarr; <strong>1734</strong><br />(-21 for losing)
|l|☆Lnoccence
|l| Jynx nuggets
||Ladder isn't responding, score probably updated but might not have (Request timeout).
