|j|☆j_albacino023
|j|☆LT92PF PDC
|t:|1660001267
|gametype|singles
|player|p1|j_albacino023|265|1955
|player|p2|LT92PF PDC|ethan|1881
|teamsize|p1|6
|teamsize|p2|6
|gen|8
|tier|[Gen 8] OU
|rated|
|rule|Sleep Clause Mod: Limit one foe put to sleep
|rule|Species Clause: Limit one of each Pokémon
|rule|OHKO Clause: OHKO moves are banned
|rule|Evasion Items Clause: Evasion items are banned
|rule|Evasion Moves Clause: Evasion moves are banned
|rule|Endless Battle Clause: Forcing endless battles is banned
|rule|HP Percentage Mod: HP is shown in percentages
|rule|Dynamax Clause: You cannot dynamax
|clearpoke
|poke|p1|Ferrothorn, M|
|poke|p1|Rotom-Wash|
|poke|p1|Tyranitar, M|
|poke|p1|Excadrill, M|
|poke|p1|Clefable, F|
|poke|p1|Dragapult, F|
|poke|p2|Hawlucha, M|
|poke|p2|Espeon, M|
|poke|p2|Tapu Lele|
|poke|p2|Omastar, M|
|poke|p2|Cloyster, M|
|poke|p2|Polteageist|
|teampreview
|j| LT92PF Dasmer
|
|t:|1660001296
|start
|switch|p1a: Dragapult|Dragapult, F|100/100
|switch|p2a: Tapu Lele|Tapu Lele|100/100
|-fieldstart|move: Psychic Terrain|[from] ability: Psychic Surge|[of] p2a: Tapu Lele
|turn|1
|j|+Dragonillis
|j| Clefan
|
|t:|1660001314
|move|p1a: Dragapult|Shadow Ball|p2a: Tapu Lele
|-supereffective|p2a: Tapu Lele
|-damage|p2a: Tapu Lele|0 fnt
|faint|p2a: Tapu Lele
|
|upkeep
|j| LT91BB Ox
|
|t:|1660001321
|switch|p2a: Hawlucha|Hawlucha, M|100/100
|-enditem|p2a: Hawlucha|Psychic Seed
|-boost|p2a: Hawlucha|spd|1|[from] item: Psychic Seed
|turn|2
|
|t:|1660001324
|switch|p1a: Clefable|Clefable, F|100/100
|move|p2a: Hawlucha|Swords Dance|p2a: Hawlucha
|-boost|p2a: Hawlucha|atk|2
|
|upkeep
|turn|3
|j| tigers jaw
|
|t:|1660001330
|move|p2a: Hawlucha|Swords Dance|p2a: Hawlucha
|-boost|p2a: Hawlucha|atk|2
|move|p1a: Clefable|Moonblast|p2a: Hawlucha
|-supereffective|p2a: Hawlucha
|-damage|p2a: Hawlucha|49/100
|
|upkeep
|turn|4
|
|t:|1660001335
|move|p2a: Hawlucha|Acrobatics|p1a: Clefable
|-damage|p1a: Clefable|0 fnt
|-damage|p2a: Hawlucha|32/100|[from] item: Rocky Helmet|[of] p1a: Clefable
|faint|p1a: Clefable
|
|upkeep
|
|t:|1660001339
|switch|p1a: Rotom|Rotom-Wash|100/100
|turn|5
|
|t:|1660001341
|switch|p1a: Dragapult|Dragapult, F|100/100
|move|p2a: Hawlucha|Close Combat|p1a: Dragapult
|-immune|p1a: Dragapult
|
|upkeep
|turn|6
|j| isabela000◥▶_◀◤
|j| Riquelme14
|
|t:|1660001344
|switch|p1a: Tyranitar|Tyranitar, M|100/100
|-weather|Sandstorm|[from] ability: Sand Stream|[of] p1a: Tyranitar
|move|p2a: Hawlucha|Acrobatics|p1a: Tyranitar
|-resisted|p1a: Tyranitar
|-damage|p1a: Tyranitar|32/100
|
|-weather|Sandstorm|[upkeep]
|-damage|p2a: Hawlucha|26/100|[from] Sandstorm
|upkeep
|turn|7
|j| rheysali
|l| Riquelme14
|
|t:|1660001354
|switch|p1a: Dragapult|Dragapult, F|100/100
|move|p2a: Hawlucha|Acrobatics|p1a: Dragapult
|-damage|p1a: Dragapult|0 fnt
|faint|p1a: Dragapult
|
|-weather|Sandstorm|[upkeep]
|-damage|p2a: Hawlucha|20/100|[from] Sandstorm
|upkeep
|
|t:|1660001363
|switch|p1a: Excadrill|Excadrill, M|100/100
|turn|8
|
|t:|1660001368
|move|p1a: Excadrill|Iron Head|p2a: Hawlucha
|-damage|p2a: Hawlucha|0 fnt
|faint|p2a: Hawlucha
|
|-weather|Sandstorm|[upkeep]
|-fieldend|move: Psychic Terrain
|upkeep
|j| Tace
|
|t:|1660001379
|switch|p2a: Omastar|Omastar, M|100/100
|turn|9
|
|t:|1660001388
|switch|p1a: Rotom|Rotom-Wash|100/100
|move|p2a: Omastar|Hydro Pump|p1a: Rotom|[miss]
|-miss|p2a: Omastar|p1a: Rotom
|
|-weather|Sandstorm|[upkeep]
|-damage|p1a: Rotom|94/100|[from] Sandstorm
|-heal|p1a: Rotom|100/100|[from] item: Leftovers
|upkeep
|turn|10
|j| Ghhgft
|
|t:|1660001392
|switch|p2a: Espeon|Espeon, M|100/100
|move|p1a: Rotom|Hydro Pump|p2a: Espeon
|-damage|p2a: Espeon|54/100
|-enditem|p2a: Espeon|Eject Button
|
|t:|1660001395
|switch|p2a: Polteageist|Polteageist|100/100
|
|-weather|none
|upkeep
|turn|11
|
|t:|1660001399
|switch|p1a: Tyranitar|Tyranitar, M|32/100
|-weather|Sandstorm|[from] ability: Sand Stream|[of] p1a: Tyranitar
|move|p2a: Polteageist|Shell Smash|p2a: Polteageist
|-unboost|p2a: Polteageist|def|1
|-unboost|p2a: Polteageist|spd|1
|-boost|p2a: Polteageist|atk|2
|-boost|p2a: Polteageist|spa|2
|-boost|p2a: Polteageist|spe|2
|
|-weather|Sandstorm|[upkeep]
|-damage|p2a: Polteageist|94/100|[from] Sandstorm
|upkeep
|turn|12
|
|t:|1660001401
|move|p2a: Polteageist|Giga Drain|p1a: Tyranitar
|-supereffective|p1a: Tyranitar
|-damage|p1a: Tyranitar|0 fnt
|-heal|p2a: Polteageist|100/100|[from] drain|[of] p1a: Tyranitar
|faint|p1a: Tyranitar
|
|-weather|Sandstorm|[upkeep]
|-damage|p2a: Polteageist|94/100|[from] Sandstorm
|upkeep
|j| HOF69
|j| juicelol
|
|t:|1660001403
|switch|p1a: Excadrill|Excadrill, M|100/100
|turn|13
|
|t:|1660001411
|switch|p2a: Espeon|Espeon, M|54/100
|move|p1a: Excadrill|Earthquake|p2a: Espeon
|-damage|p2a: Espeon|0 fnt
|faint|p2a: Espeon
|
|-weather|Sandstorm|[upkeep]
|upkeep
|j| thomas shelby 1
|
|t:|1660001415
|switch|p2a: Omastar|Omastar, M|100/100
|turn|14
|
|t:|1660001421
|switch|p1a: Rotom|Rotom-Wash|100/100
|move|p2a: Omastar|Shell Smash|p2a: Omastar
|-unboost|p2a: Omastar|def|1
|-unboost|p2a: Omastar|spd|1
|-boost|p2a: Omastar|atk|2
|-boost|p2a: Omastar|spa|2
|-boost|p2a: Omastar|spe|2
|
|-weather|Sandstorm|[upkeep]
|-damage|p1a: Rotom|94/100|[from] Sandstorm
|-heal|p1a: Rotom|100/100|[from] item: Leftovers
|upkeep
|turn|15
|
|t:|1660001428
|move|p2a: Omastar|Hydro Pump|p1a: Rotom
|-resisted|p1a: Rotom
|-crit|p1a: Rotom
|-damage|p1a: Rotom|12/100
|move|p1a: Rotom|Volt Switch|p2a: Omastar
|-supereffective|p2a: Omastar
|-damage|p2a: Omastar|17/100
|
|t:|1660001433
|switch|p1a: Ferrothorn|Ferrothorn, M|100/100|[from]move: Volt Switch
|
|-weather|none
|upkeep
|turn|16
|
|t:|1660001439
|move|p2a: Omastar|Ice Beam|p1a: Ferrothorn
|-damage|p1a: Ferrothorn|48/100
|move|p1a: Ferrothorn|Body Press|p2a: Omastar
|-supereffective|p2a: Omastar
|-damage|p2a: Omastar|0 fnt
|faint|p2a: Omastar
|
|-heal|p1a: Ferrothorn|54/100|[from] item: Leftovers
|upkeep
|
|t:|1660001448
|switch|p2a: Polteageist|Polteageist|94/100
|turn|17
|
|t:|1660001450
|switch|p1a: Excadrill|Excadrill, M|100/100
|move|p2a: Polteageist|Shadow Ball|p1a: Excadrill
|-damage|p1a: Excadrill|40/100
|
|-heal|p1a: Excadrill|46/100|[from] item: Leftovers
|upkeep
|turn|18
|
|t:|1660001455
|move|p1a: Excadrill|Earthquake|p2a: Polteageist
|-damage|p2a: Polteageist|0 fnt
|faint|p2a: Polteageist
|
|-heal|p1a: Excadrill|53/100|[from] item: Leftovers
|upkeep
|
|t:|1660001456
|switch|p2a: Cloyster|Cloyster, M|100/100
|turn|19
|j| LT92PF Ash
|
|t:|1660001460
|move|p1a: Excadrill|Iron Head|p2a: Cloyster
|-damage|p2a: Cloyster|67/100
|cant|p2a: Cloyster|flinch
|
|-heal|p1a: Excadrill|59/100|[from] item: Leftovers
|upkeep
|turn|20
|l| tigers jaw
|
|t:|1660001467
|move|p1a: Excadrill|Iron Head|p2a: Cloyster
|-damage|p2a: Cloyster|30/100
|move|p2a: Cloyster|Shell Smash|p2a: Cloyster
|-unboost|p2a: Cloyster|def|1
|-unboost|p2a: Cloyster|spd|1
|-boost|p2a: Cloyster|atk|2
|-boost|p2a: Cloyster|spa|2
|-boost|p2a: Cloyster|spe|2
|
|-heal|p1a: Excadrill|65/100|[from] item: Leftovers
|upkeep
|turn|21
|
|t:|1660001470
|move|p2a: Cloyster|Icicle Spear|p1a: Excadrill
|-damage|p1a: Excadrill|33/100
|-damage|p1a: Excadrill|0 fnt
|faint|p1a: Excadrill
|-hitcount|p1: Excadrill|2
|
|upkeep
|
|t:|1660001471
|switch|p1a: Ferrothorn|Ferrothorn, M|54/100
|turn|22
|
|t:|1660001480
|move|p2a: Cloyster|Icicle Spear|p1a: Ferrothorn
|-damage|p1a: Ferrothorn|40/100
|-damage|p1a: Ferrothorn|28/100
|-damage|p1a: Ferrothorn|15/100
|-damage|p1a: Ferrothorn|1/100
|-damage|p1a: Ferrothorn|0 fnt
|faint|p1a: Ferrothorn
|-hitcount|p1: Ferrothorn|5
|
|upkeep
|c|☆j_albacino023|gg
|c|☆LT92PF PDC|gg
|-message|j_albacino023 forfeited.
|
|win|LT92PF PDC
|raw|j_albacino023's rating: 1955 &rarr; <strong>1931</strong><br />(-24 for losing)
|raw|LT92PF PDC's rating: 1881 &rarr; <strong>1905</strong><br />(+24 for winning)
|l|☆j_albacino023
|l| isabela000◥▶_◀◤
|l| juicelol
|l| HOF69
|l| LT91BB Ox
|l| Tace
|l| rheysali
|l| Clefan
|l|☆LT92PF PDC
|l| LT92PF Ash
|l| Ghhgft
||Ladder isn't responding, score probably updated but might not have (Request timeout).
|l| thomas shelby 1
|l| LT92PF Dasmer
|j| NUYB phalange
|j| LT92PF Dasmer
|l| NUYB phalange
|l| LT92PF Dasmer
