|j|☆Fastpitchkiller
|j|☆Iknowup
|t:|1654410115
|gametype|singles
|player|p1|Fastpitchkiller|265|1665
|player|p2|Iknowup|koga-lgpe|1728
|teamsize|p1|6
|teamsize|p2|6
|gen|8
|tier|[Gen 8] OU
|rated|
|rule|Sleep Clause Mod: Limit one foe put to sleep
|rule|Species Clause: Limit one of each Pokémon
|rule|OHKO Clause: OHKO moves are banned
|rule|Evasion Moves Clause: Evasion moves are banned
|rule|Endless Battle Clause: Forcing endless battles is banned
|rule|HP Percentage Mod: HP is shown in percentages
|rule|Dynamax Clause: You cannot dynamax
|clearpoke
|poke|p1|Blaziken, M|
|poke|p1|Slowbro, F|
|poke|p1|Tyranitar, M|
|poke|p1|Corviknight, M|
|poke|p1|Landorus-Therian, M|
|poke|p1|Tapu Koko|
|poke|p2|Eiscue, M|
|poke|p2|Corviknight, M|
|poke|p2|Chansey, F|
|poke|p2|Clefable, M|
|poke|p2|Heatran, F|
|poke|p2|Slowking-Galar, M|
|teampreview
|
|t:|1654410129
|start
|switch|p1a: Slowgatell|Slowbro, F|100/100
|switch|p2a: Queen|Chansey, F|100/100
|turn|1
|
|t:|1654410136
|move|p2a: Queen|Toxic|p1a: Slowgatell
|-status|p1a: Slowgatell|tox
|move|p1a: Slowgatell|Future Sight|p2a: Queen
|-start|p1a: Slowgatell|move: Future Sight
|
|-damage|p1a: Slowgatell|94/100 tox|[from] psn
|upkeep
|turn|2
|
|t:|1654410143
|move|p2a: Queen|Teleport|p2a: Queen
|
|t:|1654410158
|switch|p2a: Pawn|Heatran, F|100/100|[from]move: Teleport
|move|p1a: Slowgatell|Teleport|p1a: Slowgatell
|
|t:|1654410170
|switch|p1a: Enamorousito|Landorus-Therian, M|100/100|[from]move: Teleport
|-ability|p1a: Enamorousito|Intimidate|boost
|-unboost|p2a: Pawn|atk|1
|
|upkeep
|turn|3
|
|t:|1654410176
|switch|p2a: (Obvious Name)|Corviknight, M|100/100
|-ability|p2a: (Obvious Name)|Pressure
|move|p1a: Enamorousito|Substitute|p1a: Enamorousito
|-start|p1a: Enamorousito|Substitute
|-damage|p1a: Enamorousito|76/100
|
|-end|p2a: (Obvious Name)|move: Future Sight
|-resisted|p2a: (Obvious Name)
|-damage|p2a: (Obvious Name)|80/100
|-heal|p1a: Enamorousito|82/100|[from] item: Leftovers
|upkeep
|turn|4
|
|t:|1654410188
|move|p1a: Enamorousito|Swords Dance|p1a: Enamorousito
|-boost|p1a: Enamorousito|atk|2
|move|p2a: (Obvious Name)|Iron Defense|p2a: (Obvious Name)
|-boost|p2a: (Obvious Name)|def|2
|
|-heal|p1a: Enamorousito|88/100|[from] item: Leftovers
|upkeep
|turn|5
|
|t:|1654410196
|move|p1a: Enamorousito|Smack Down|p2a: (Obvious Name)
|-damage|p2a: (Obvious Name)|68/100
|-start|p2a: (Obvious Name)|Smack Down
|move|p2a: (Obvious Name)|Iron Defense|p2a: (Obvious Name)
|-boost|p2a: (Obvious Name)|def|2
|
|-heal|p1a: Enamorousito|94/100|[from] item: Leftovers
|upkeep
|turn|6
|
|t:|1654410213
|move|p1a: Enamorousito|Earthquake|p2a: (Obvious Name)
|-supereffective|p2a: (Obvious Name)
|-damage|p2a: (Obvious Name)|24/100
|move|p2a: (Obvious Name)|Body Press|p1a: Enamorousito
|-resisted|p1a: Enamorousito
|-end|p1a: Enamorousito|Substitute
|
|-heal|p1a: Enamorousito|99/100|[from] item: Leftovers
|upkeep
|turn|7
|
|t:|1654410223
|switch|p2a: Emperor PengWin|Eiscue, M|100/100
|move|p1a: Enamorousito|Earthquake|p2a: Emperor PengWin
|-activate|p2a: Emperor PengWin|ability: Ice Face
|-damage|p2a: Emperor PengWin|100/100
|detailschange|p2a: Emperor PengWin|Eiscue-Noice, M
|
|-heal|p1a: Enamorousito|100/100|[from] item: Leftovers
|upkeep
|turn|8
|
|t:|1654410236
|switch|p1a: Slowgatell|Slowbro, F|100/100 tox
|move|p2a: Emperor PengWin|Hail|p2a: Emperor PengWin
|-weather|Hail
|-activate|p2a: Emperor PengWin|ability: Ice Face
|detailschange|p2a: Emperor PengWin|Eiscue, M
|
|-weather|Hail|[upkeep]
|-damage|p1a: Slowgatell|94/100 tox|[from] Hail
|-damage|p1a: Slowgatell|88/100 tox|[from] psn
|upkeep
|turn|9
|
|t:|1654410259
|move|p2a: Emperor PengWin|Whirlpool|p1a: Slowgatell
|-resisted|p1a: Slowgatell
|-damage|p1a: Slowgatell|85/100 tox
|-activate|p1a: Slowgatell|move: Whirlpool|[of] p2a: Emperor PengWin
|move|p1a: Slowgatell|Toxic|p2a: Emperor PengWin
|-status|p2a: Emperor PengWin|tox
|
|-weather|Hail|[upkeep]
|-damage|p1a: Slowgatell|79/100 tox|[from] Hail
|-damage|p2a: Emperor PengWin|95/100 tox|[from] psn
|-damage|p1a: Slowgatell|66/100 tox|[from] psn
|-damage|p1a: Slowgatell|54/100 tox|[from] move: Whirlpool|[partiallytrapped]
|upkeep
|turn|10
|
|t:|1654410316
|move|p2a: Emperor PengWin|Freeze-Dry|p1a: Slowgatell
|-supereffective|p1a: Slowgatell
|-damage|p1a: Slowgatell|10/100 tox
|move|p1a: Slowgatell|Teleport|p1a: Slowgatell
|
|t:|1654410326
|switch|p1a: Precoz|Tapu Koko|100/100|[from]move: Teleport
|-fieldstart|move: Electric Terrain|[from] ability: Electric Surge|[of] p1a: Precoz
|
|-weather|Hail|[upkeep]
|-damage|p1a: Precoz|94/100|[from] Hail
|-damage|p2a: Emperor PengWin|83/100 tox|[from] psn
|upkeep
|turn|11
|inactive|Battle timer is ON: inactive players will automatically lose when time's up. (requested by Iknowup)
|
|t:|1654410335
|switch|p2a: Queen|Chansey, F|100/100
|move|p1a: Precoz|Thunderbolt|p2a: Queen
|-damage|p2a: Queen|85/100
|-status|p2a: Queen|par
|
|-weather|Hail|[upkeep]
|-damage|p1a: Precoz|88/100|[from] Hail
|-damage|p2a: Queen|79/100 par|[from] Hail
|upkeep
|turn|12
|
|t:|1654410345
|move|p1a: Precoz|U-turn|p2a: Queen
|-damage|p2a: Queen|69/100 par
|
|t:|1654410349
|switch|p1a: Claudio|Blaziken, M|100/100|[from]move: U-turn
|move|p2a: Queen|Teleport|p2a: Queen
|
|t:|1654410367
|-curestatus|p2a: Queen|par|[from] ability: Natural Cure
|switch|p2a: Rook|Slowking-Galar, M|100/100|[from]move: Teleport
|
|-weather|none
|upkeep
|turn|13
|
|t:|1654410374
|move|p1a: Claudio|Knock Off|p2a: Rook
|-supereffective|p2a: Rook
|-damage|p2a: Rook|7/100
|-enditem|p2a: Rook|Assault Vest|[from] move: Knock Off|[of] p1a: Claudio
|move|p2a: Rook|Future Sight|p1a: Claudio
|-start|p2a: Rook|move: Future Sight
|
|-ability|p1a: Claudio|Speed Boost|boost
|-boost|p1a: Claudio|spe|1
|upkeep
|turn|14
|
|t:|1654410384
|switch|p2a: Emperor PengWin|Eiscue, M|83/100 tox
|move|p1a: Claudio|Knock Off|p2a: Emperor PengWin
|-activate|p2a: Emperor PengWin|ability: Ice Face
|-damage|p2a: Emperor PengWin|83/100 tox
|-damage|p1a: Claudio|84/100|[from] item: Rocky Helmet|[of] p2a: Emperor PengWin
|-enditem|p2a: Emperor PengWin|Rocky Helmet|[from] move: Knock Off|[of] p1a: Claudio
|detailschange|p2a: Emperor PengWin|Eiscue-Noice, M
|
|-damage|p2a: Emperor PengWin|77/100 tox|[from] psn
|-fieldend|move: Electric Terrain
|-ability|p1a: Claudio|Speed Boost|boost
|-boost|p1a: Claudio|spe|1
|upkeep
|turn|15
|
|t:|1654410399
|switch|p1a: GODzilla|Tyranitar, M|100/100
|-weather|Sandstorm|[from] ability: Sand Stream|[of] p1a: GODzilla
|move|p2a: Emperor PengWin|Hail|p2a: Emperor PengWin
|-weather|Hail
|-activate|p2a: Emperor PengWin|ability: Ice Face
|detailschange|p2a: Emperor PengWin|Eiscue, M
|
|-weather|Hail|[upkeep]
|-damage|p1a: GODzilla|94/100|[from] Hail
|-end|p1a: GODzilla|move: Future Sight
|-immune|p1a: GODzilla
|-heal|p1a: GODzilla|100/100|[from] item: Leftovers
|-damage|p2a: Emperor PengWin|65/100 tox|[from] psn
|upkeep
|turn|16
|
|t:|1654410418
|switch|p2a: Bishop|Clefable, M|100/100
|move|p1a: GODzilla|Rock Blast|p2a: Bishop|[miss]
|-miss|p1a: GODzilla|p2a: Bishop
|
|-weather|Hail|[upkeep]
|-damage|p1a: GODzilla|94/100|[from] Hail
|-heal|p1a: GODzilla|100/100|[from] item: Leftovers
|upkeep
|turn|17
|
|t:|1654410428
|move|p1a: GODzilla|Stealth Rock|p2a: Bishop
|-sidestart|p2: Iknowup|move: Stealth Rock
|move|p2a: Bishop|Stealth Rock|p1a: GODzilla
|-sidestart|p1: Fastpitchkiller|move: Stealth Rock
|
|-weather|Hail|[upkeep]
|-damage|p1a: GODzilla|94/100|[from] Hail
|-heal|p1a: GODzilla|100/100|[from] item: Leftovers
|upkeep
|turn|18
|
|t:|1654410439
|switch|p1a: Corvikstall|Corviknight, M|100/100
|-damage|p1a: Corvikstall|88/100|[from] Stealth Rock
|-ability|p1a: Corvikstall|Pressure
|move|p2a: Bishop|Knock Off|p1a: Corvikstall
|-damage|p1a: Corvikstall|77/100
|-enditem|p1a: Corvikstall|Rocky Helmet|[from] move: Knock Off|[of] p2a: Bishop
|
|-weather|Hail|[upkeep]
|-damage|p1a: Corvikstall|71/100|[from] Hail
|upkeep
|turn|19
|j| rip whitebeard
|
|t:|1654410451
|move|p2a: Bishop|Flamethrower|p1a: Corvikstall
|-supereffective|p1a: Corvikstall
|-damage|p1a: Corvikstall|36/100
|move|p1a: Corvikstall|Roost|p1a: Corvikstall
|-heal|p1a: Corvikstall|86/100
|-singleturn|p1a: Corvikstall|move: Roost
|
|-weather|none
|upkeep
|turn|20
|
|t:|1654410460
|move|p2a: Bishop|Flamethrower|p1a: Corvikstall
|-supereffective|p1a: Corvikstall
|-damage|p1a: Corvikstall|54/100
|move|p1a: Corvikstall|U-turn|p2a: Bishop
|-resisted|p2a: Bishop
|-damage|p2a: Bishop|95/100
|
|t:|1654410471
|switch|p1a: Enamorousito|Landorus-Therian, M|100/100|[from]move: U-turn
|-damage|p1a: Enamorousito|88/100|[from] Stealth Rock
|-ability|p1a: Enamorousito|Intimidate|boost
|-unboost|p2a: Bishop|atk|1
|
|-heal|p1a: Enamorousito|94/100|[from] item: Leftovers
|-heal|p2a: Bishop|100/100|[from] item: Leftovers
|upkeep
|turn|21
|
|t:|1654410485
|move|p1a: Enamorousito|Substitute|p1a: Enamorousito
|-start|p1a: Enamorousito|Substitute
|-damage|p1a: Enamorousito|69/100
|move|p2a: Bishop|Knock Off|p1a: Enamorousito
|-activate|p1a: Enamorousito|move: Substitute|[damage]
|
|-heal|p1a: Enamorousito|75/100|[from] item: Leftovers
|upkeep
|turn|22
|
|t:|1654410493
|move|p1a: Enamorousito|Earthquake|p2a: Bishop
|-damage|p2a: Bishop|61/100
|move|p2a: Bishop|Flamethrower|p1a: Enamorousito
|-end|p1a: Enamorousito|Substitute
|
|-heal|p1a: Enamorousito|81/100|[from] item: Leftovers
|-heal|p2a: Bishop|67/100|[from] item: Leftovers
|upkeep
|turn|23
|
|t:|1654410503
|move|p1a: Enamorousito|Swords Dance|p1a: Enamorousito
|-boost|p1a: Enamorousito|atk|2
|move|p2a: Bishop|Flamethrower|p1a: Enamorousito
|-damage|p1a: Enamorousito|57/100
|
|-heal|p1a: Enamorousito|63/100|[from] item: Leftovers
|-heal|p2a: Bishop|73/100|[from] item: Leftovers
|upkeep
|turn|24
|
|t:|1654410513
|switch|p2a: Emperor PengWin|Eiscue, M|65/100 tox
|-damage|p2a: Emperor PengWin|40/100 tox|[from] Stealth Rock
|move|p1a: Enamorousito|Earthquake|p2a: Emperor PengWin
|-activate|p2a: Emperor PengWin|ability: Ice Face
|-damage|p2a: Emperor PengWin|40/100 tox
|detailschange|p2a: Emperor PengWin|Eiscue-Noice, M
|
|-heal|p1a: Enamorousito|69/100|[from] item: Leftovers
|-damage|p2a: Emperor PengWin|34/100 tox|[from] psn
|upkeep
|turn|25
|
|t:|1654410531
|switch|p1a: GODzilla|Tyranitar, M|100/100
|-damage|p1a: GODzilla|88/100|[from] Stealth Rock
|-weather|Sandstorm|[from] ability: Sand Stream|[of] p1a: GODzilla
|move|p2a: Emperor PengWin|Freeze-Dry|p1a: GODzilla
|-damage|p1a: GODzilla|80/100
|
|-weather|Sandstorm|[upkeep]
|-damage|p2a: Emperor PengWin|28/100 tox|[from] Sandstorm
|-heal|p1a: GODzilla|86/100|[from] item: Leftovers
|-damage|p2a: Emperor PengWin|16/100 tox|[from] psn
|upkeep
|turn|26
|
|t:|1654410545
|move|p2a: Emperor PengWin|Freeze-Dry|p1a: GODzilla
|-damage|p1a: GODzilla|77/100
|-status|p1a: GODzilla|frz
|-curestatus|p1a: GODzilla|frz|[msg]
|move|p1a: GODzilla|Rock Blast|p2a: Emperor PengWin
|-supereffective|p2a: Emperor PengWin
|-damage|p2a: Emperor PengWin|0 fnt
|faint|p2a: Emperor PengWin
|-hitcount|p2: Emperor PengWin|1
|
|-weather|Sandstorm|[upkeep]
|-heal|p1a: GODzilla|83/100|[from] item: Leftovers
|upkeep
|
|t:|1654410553
|switch|p2a: (Obvious Name)|Corviknight, M|24/100
|-damage|p2a: (Obvious Name)|12/100|[from] Stealth Rock
|-ability|p2a: (Obvious Name)|Pressure
|turn|27
|
|t:|1654410562
|move|p2a: (Obvious Name)|Roost|p2a: (Obvious Name)
|-heal|p2a: (Obvious Name)|62/100
|-singleturn|p2a: (Obvious Name)|move: Roost
|move|p1a: GODzilla|Rock Blast|p2a: (Obvious Name)
|-resisted|p2a: (Obvious Name)
|-damage|p2a: (Obvious Name)|58/100
|-resisted|p2a: (Obvious Name)
|-damage|p2a: (Obvious Name)|55/100
|-hitcount|p2a: (Obvious Name)|2
|
|-weather|Sandstorm|[upkeep]
|-heal|p1a: GODzilla|89/100|[from] item: Leftovers
|upkeep
|turn|28
|
|t:|1654410574
|switch|p1a: Precoz|Tapu Koko|88/100
|-fieldstart|move: Electric Terrain|[from] ability: Electric Surge|[of] p1a: Precoz
|move|p2a: (Obvious Name)|Roost|p2a: (Obvious Name)
|-heal|p2a: (Obvious Name)|100/100
|-singleturn|p2a: (Obvious Name)|move: Roost
|
|-weather|Sandstorm|[upkeep]
|-damage|p1a: Precoz|82/100|[from] Sandstorm
|upkeep
|turn|29
|
|t:|1654410591
|switch|p2a: Queen|Chansey, F|69/100
|-damage|p2a: Queen|56/100|[from] Stealth Rock
|move|p1a: Precoz|Thunderbolt|p2a: Queen
|-damage|p2a: Queen|41/100
|
|-weather|none
|upkeep
|turn|30
|
|t:|1654410599
|move|p1a: Precoz|U-turn|p2a: Queen
|-damage|p2a: Queen|32/100
|
|t:|1654410614
|switch|p1a: Slowgatell|Slowbro, F|43/100 tox|[from]move: U-turn
|-damage|p1a: Slowgatell|31/100 tox|[from] Stealth Rock
|move|p2a: Queen|Soft-Boiled|p2a: Queen
|-heal|p2a: Queen|82/100
|
|-damage|p1a: Slowgatell|25/100 tox|[from] psn
|upkeep
|turn|31
|
|t:|1654410625
|switch|p1a: Corvikstall|Corviknight, M|54/100
|-damage|p1a: Corvikstall|41/100|[from] Stealth Rock
|-ability|p1a: Corvikstall|Pressure
|move|p2a: Queen|Teleport|p2a: Queen
|j| jeueueudud
|
|t:|1654410634
|switch|p2a: Pawn|Heatran, F|100/100|[from]move: Teleport
|-damage|p2a: Pawn|88/100|[from] Stealth Rock
|
|-heal|p2a: Pawn|94/100|[from] item: Leftovers
|upkeep
|turn|32
|
|t:|1654410641
|switch|p1a: GODzilla|Tyranitar, M|89/100
|-damage|p1a: GODzilla|77/100|[from] Stealth Rock
|-weather|Sandstorm|[from] ability: Sand Stream|[of] p1a: GODzilla
|move|p2a: Pawn|Magma Storm|p1a: GODzilla
|-resisted|p1a: GODzilla
|-damage|p1a: GODzilla|67/100
|-activate|p1a: GODzilla|move: Magma Storm|[of] p2a: Pawn
|
|-weather|Sandstorm|[upkeep]
|-heal|p2a: Pawn|100/100|[from] item: Leftovers
|-heal|p1a: GODzilla|73/100|[from] item: Leftovers
|-damage|p1a: GODzilla|60/100|[from] move: Magma Storm|[partiallytrapped]
|-fieldend|move: Electric Terrain
|upkeep
|turn|33
|
|t:|1654410656
|switch|p2a: (Obvious Name)|Corviknight, M|100/100
|-damage|p2a: (Obvious Name)|88/100|[from] Stealth Rock
|-ability|p2a: (Obvious Name)|Pressure
|move|p1a: GODzilla|Rock Blast|p2a: (Obvious Name)|[miss]
|-miss|p1a: GODzilla|p2a: (Obvious Name)
|
|-weather|Sandstorm|[upkeep]
|-heal|p1a: GODzilla|66/100|[from] item: Leftovers
|-end|p1a: GODzilla|Magma Storm|[partiallytrapped]|[silent]
|upkeep
|turn|34
|
|t:|1654410666
|switch|p1a: Precoz|Tapu Koko|82/100
|-fieldstart|move: Electric Terrain|[from] ability: Electric Surge|[of] p1a: Precoz
|move|p2a: (Obvious Name)|Body Press|p1a: Precoz
|-resisted|p1a: Precoz
|-damage|p1a: Precoz|65/100
|
|-weather|Sandstorm|[upkeep]
|-damage|p1a: Precoz|59/100|[from] Sandstorm
|upkeep
|turn|35
|
|t:|1654410677
|switch|p2a: Queen|Chansey, F|82/100
|-damage|p2a: Queen|69/100|[from] Stealth Rock
|move|p1a: Precoz|Roost|p1a: Precoz
|-heal|p1a: Precoz|100/100
|-singleturn|p1a: Precoz|move: Roost
|
|-weather|Sandstorm|[upkeep]
|-damage|p1a: Precoz|94/100|[from] Sandstorm
|-damage|p2a: Queen|63/100|[from] Sandstorm
|upkeep
|turn|36
|
|t:|1654410687
|move|p1a: Precoz|U-turn|p2a: Queen
|-damage|p2a: Queen|52/100
|
|t:|1654410691
|switch|p1a: Slowgatell|Slowbro, F|58/100 tox|[from]move: U-turn
|-damage|p1a: Slowgatell|45/100 tox|[from] Stealth Rock
|move|p2a: Queen|Soft-Boiled|p2a: Queen
|-heal|p2a: Queen|100/100
|
|-weather|none
|-damage|p1a: Slowgatell|39/100 tox|[from] psn
|upkeep
|turn|37
|
|t:|1654410701
|move|p2a: Queen|Teleport|p2a: Queen
|
|t:|1654410703
|switch|p2a: Rook|Slowking-Galar, M|40/100|[from]move: Teleport
|-damage|p2a: Rook|27/100|[from] Stealth Rock
|move|p1a: Slowgatell|Teleport|p1a: Slowgatell
|
|t:|1654410711
|switch|p1a: Enamorousito|Landorus-Therian, M|69/100|[from]move: Teleport
|-damage|p1a: Enamorousito|56/100|[from] Stealth Rock
|-ability|p1a: Enamorousito|Intimidate|boost
|-unboost|p2a: Rook|atk|1
|
|-heal|p1a: Enamorousito|62/100|[from] item: Leftovers
|upkeep
|turn|38
|
|t:|1654410723
|switch|p2a: Queen|Chansey, F|100/100
|-damage|p2a: Queen|88/100|[from] Stealth Rock
|move|p1a: Enamorousito|Swords Dance|p1a: Enamorousito
|-boost|p1a: Enamorousito|atk|2
|
|-heal|p1a: Enamorousito|68/100|[from] item: Leftovers
|-fieldend|move: Electric Terrain
|upkeep
|turn|39
|
|t:|1654410733
|move|p1a: Enamorousito|Substitute|p1a: Enamorousito
|-start|p1a: Enamorousito|Substitute
|-damage|p1a: Enamorousito|43/100
|move|p2a: Queen|Toxic|p1a: Enamorousito|[miss]
|-miss|p2a: Queen|p1a: Enamorousito
|
|-heal|p1a: Enamorousito|49/100|[from] item: Leftovers
|upkeep
|turn|40
|
|t:|1654410741
|switch|p2a: (Obvious Name)|Corviknight, M|88/100
|-damage|p2a: (Obvious Name)|75/100|[from] Stealth Rock
|-ability|p2a: (Obvious Name)|Pressure
|move|p1a: Enamorousito|Earthquake|p2a: (Obvious Name)
|-immune|p2a: (Obvious Name)
|
|-heal|p1a: Enamorousito|55/100|[from] item: Leftovers
|upkeep
|turn|41
|
|t:|1654410752
|move|p1a: Enamorousito|Smack Down|p2a: (Obvious Name)
|-damage|p2a: (Obvious Name)|54/100
|-start|p2a: (Obvious Name)|Smack Down
|move|p2a: (Obvious Name)|Iron Defense|p2a: (Obvious Name)
|-boost|p2a: (Obvious Name)|def|2
|
|-heal|p1a: Enamorousito|61/100|[from] item: Leftovers
|upkeep
|turn|42
|
|t:|1654410762
|move|p1a: Enamorousito|Earthquake|p2a: (Obvious Name)
|-supereffective|p2a: (Obvious Name)
|-damage|p2a: (Obvious Name)|0 fnt
|faint|p2a: (Obvious Name)
|
|-heal|p1a: Enamorousito|67/100|[from] item: Leftovers
|upkeep
|-message|Iknowup forfeited.
|
|win|Fastpitchkiller
|raw|Fastpitchkiller's rating: 1665 &rarr; <strong>1689</strong><br />(+24 for winning)
|raw|Iknowup's rating: 1728 &rarr; <strong>1704</strong><br />(-24 for losing)
|l|☆Iknowup
|l|☆Fastpitchkiller
