|raw|<div class="broadcast-blue"><strong>This battle is required to be public due to a player having a name starting with 'lt91bb'.</div>
|j|☆Escalando
|j|☆LT91BB 3d
|t:|1659050909
|gametype|singles
|player|p1|Escalando|hiker-gen4|1864
|player|p2|LT91BB 3d|265|1802
|teamsize|p1|6
|teamsize|p2|6
|gen|8
|tier|[Gen 8] OU
|rated|
|rule|Sleep Clause Mod: Limit one foe put to sleep
|rule|Species Clause: Limit one of each Pokémon
|rule|OHKO Clause: OHKO moves are banned
|rule|Evasion Moves Clause: Evasion moves are banned
|rule|Endless Battle Clause: Forcing endless battles is banned
|rule|HP Percentage Mod: HP is shown in percentages
|rule|Dynamax Clause: You cannot dynamax
|clearpoke
|poke|p1|Dragapult, M|
|poke|p1|Magnezone|
|poke|p1|Tapu Fini|
|poke|p1|Landorus-Therian, M|
|poke|p1|Scizor, F|
|poke|p1|Tornadus-Therian, M|
|poke|p2|Ferrothorn, M|
|poke|p2|Rotom-Wash|
|poke|p2|Tyranitar, F|
|poke|p2|Excadrill, F|
|poke|p2|Clefable, F|
|poke|p2|Dragapult, M|
|teampreview
|j| otze346
|l|☆Escalando
|player|p1|
|j|☆Escalando
|player|p1|Escalando|hiker-gen4
|inactive|Battle timer is ON: inactive players will automatically lose when time's up. (requested by LT91BB 3d)
|j| gaaris
|j| rheysali
|inactive|Escalando has 120 seconds left.
|j| sexylopunny69420
|
|t:|1659050984
|start
|switch|p1a: Dragapult|Dragapult, M|100/100
|switch|p2a: Clefable|Clefable, F|100/100
|turn|1
|
|t:|1659050991
|move|p1a: Dragapult|U-turn|p2a: Clefable
|-resisted|p2a: Clefable
|-damage|p2a: Clefable|93/100
|-damage|p1a: Dragapult|84/100|[from] item: Rocky Helmet|[of] p2a: Clefable
|j| saint anime
|
|t:|1659051000
|switch|p1a: Scizor|Scizor, F|100/100|[from]move: U-turn
|move|p2a: Clefable|Stealth Rock|p1a: Scizor
|-sidestart|p1: Escalando|move: Stealth Rock
|
|upkeep
|turn|2
|
|t:|1659051007
|move|p1a: Scizor|Knock Off|p2a: Clefable
|-resisted|p2a: Clefable
|-damage|p2a: Clefable|82/100
|-damage|p1a: Scizor|84/100|[from] item: Rocky Helmet|[of] p2a: Clefable
|-enditem|p2a: Clefable|Rocky Helmet|[from] move: Knock Off|[of] p1a: Scizor
|move|p2a: Clefable|Knock Off|p1a: Scizor
|-damage|p1a: Scizor|71/100
|-enditem|p1a: Scizor|Heavy-Duty Boots|[from] move: Knock Off|[of] p2a: Clefable
|
|upkeep
|turn|3
|
|t:|1659051014
|switch|p2a: Rotom|Rotom-Wash|100/100
|move|p1a: Scizor|U-turn|p2a: Rotom
|-damage|p2a: Rotom|68/100
|j| LT91BB Tace
|j| uiopgirl
|
|t:|1659051019
|switch|p1a: Dragapult|Dragapult, M|84/100|[from]move: U-turn
|-damage|p1a: Dragapult|72/100|[from] Stealth Rock
|
|-heal|p2a: Rotom|74/100|[from] item: Leftovers
|upkeep
|turn|4
|
|t:|1659051025
|switch|p2a: Tyranitar|Tyranitar, F|100/100
|-weather|Sandstorm|[from] ability: Sand Stream|[of] p2a: Tyranitar
|move|p1a: Dragapult|U-turn|p2a: Tyranitar
|-supereffective|p2a: Tyranitar
|-damage|p2a: Tyranitar|71/100
|j| petiteandcute
|
|t:|1659051028
|switch|p1a: Landorus|Landorus-Therian, M|100/100|[from]move: U-turn
|-damage|p1a: Landorus|88/100|[from] Stealth Rock
|-ability|p1a: Landorus|Intimidate|boost
|-unboost|p2a: Tyranitar|atk|1
|
|-weather|Sandstorm|[upkeep]
|-heal|p1a: Landorus|94/100|[from] item: Leftovers
|upkeep
|turn|5
|l| LT91BB Tace
|c| petiteandcute|uh whyd i get invited
|
|t:|1659051037
|move|p1a: Landorus|Stealth Rock|p2a: Tyranitar
|-sidestart|p2: LT91BB 3d|move: Stealth Rock
|move|p2a: Tyranitar|Stone Edge|p1a: Landorus|[miss]
|-miss|p2a: Tyranitar|p1a: Landorus
|
|-weather|Sandstorm|[upkeep]
|-heal|p1a: Landorus|99/100|[from] item: Leftovers
|upkeep
|turn|6
|j| guam_kelley
|
|t:|1659051046
|switch|p2a: Rotom|Rotom-Wash|74/100
|-damage|p2a: Rotom|62/100|[from] Stealth Rock
|move|p1a: Landorus|U-turn|p2a: Rotom
|-damage|p2a: Rotom|40/100
|l| petiteandcute
|
|t:|1659051049
|switch|p1a: Dragapult|Dragapult, M|72/100|[from]move: U-turn
|-damage|p1a: Dragapult|59/100|[from] Stealth Rock
|
|-weather|Sandstorm|[upkeep]
|-damage|p1a: Dragapult|53/100|[from] Sandstorm
|-damage|p2a: Rotom|33/100|[from] Sandstorm
|-heal|p2a: Rotom|40/100|[from] item: Leftovers
|upkeep
|turn|7
|j| LT91BB Dasmer
|
|t:|1659051054
|switch|p2a: Clefable|Clefable, F|82/100
|move|p1a: Dragapult|Shadow Ball|p2a: Clefable
|-damage|p2a: Clefable|35/100
|
|-weather|Sandstorm|[upkeep]
|-damage|p1a: Dragapult|48/100|[from] Sandstorm
|upkeep
|turn|8
|l| guam_kelley
|
|t:|1659051059
|switch|p2a: Tyranitar|Tyranitar, F|71/100
|-damage|p2a: Tyranitar|59/100|[from] Stealth Rock
|move|p1a: Dragapult|Shadow Ball|p2a: Tyranitar
|-resisted|p2a: Tyranitar
|-damage|p2a: Tyranitar|43/100
|
|-weather|none
|upkeep
|turn|9
|j| LT91BB yeat fan
|
|t:|1659051066
|switch|p1a: Landorus|Landorus-Therian, M|99/100
|-damage|p1a: Landorus|88/100|[from] Stealth Rock
|-ability|p1a: Landorus|Intimidate|boost
|-unboost|p2a: Tyranitar|atk|1
|move|p2a: Tyranitar|Stone Edge|p1a: Landorus
|-damage|p1a: Landorus|38/100
|
|-heal|p1a: Landorus|44/100|[from] item: Leftovers
|upkeep
|turn|10
|
|t:|1659051070
|switch|p2a: Ferrothorn|Ferrothorn, M|100/100
|-damage|p2a: Ferrothorn|94/100|[from] Stealth Rock
|move|p1a: Landorus|U-turn|p2a: Ferrothorn
|-damage|p2a: Ferrothorn|81/100
|-damage|p1a: Landorus|32/100|[from] ability: Iron Barbs|[of] p2a: Ferrothorn
|
|t:|1659051072
|switch|p1a: Magnezone|Magnezone|100/100|[from]move: U-turn
|-damage|p1a: Magnezone|94/100|[from] Stealth Rock
|-item|p1a: Magnezone|Air Balloon
|
|-heal|p2a: Ferrothorn|87/100|[from] item: Leftovers
|upkeep
|turn|11
|
|t:|1659051075
|move|p1a: Magnezone|Iron Defense|p1a: Magnezone
|-boost|p1a: Magnezone|def|2
|move|p2a: Ferrothorn|Iron Defense|p2a: Ferrothorn
|-boost|p2a: Ferrothorn|def|2
|
|-heal|p2a: Ferrothorn|93/100|[from] item: Leftovers
|upkeep
|turn|12
|j| aaykk
|j| drphdbj
|l| drphdbj
|l| aaykk
|inactive|Escalando has 120 seconds left.
|j| LT91BB Tace
|
|t:|1659051130
|switch|p1a: Dragapult|Dragapult, M|48/100
|-damage|p1a: Dragapult|35/100|[from] Stealth Rock
|move|p2a: Ferrothorn|Spikes|p1a: Dragapult
|-sidestart|p1: Escalando|Spikes
|
|-heal|p2a: Ferrothorn|99/100|[from] item: Leftovers
|upkeep
|turn|13
|
|t:|1659051135
|switch|p2a: Rotom|Rotom-Wash|40/100
|-damage|p2a: Rotom|27/100|[from] Stealth Rock
|move|p1a: Dragapult|Shadow Ball|p2a: Rotom
|-damage|p2a: Rotom|0 fnt
|faint|p2a: Rotom
|
|upkeep
|
|t:|1659051137
|switch|p2a: Tyranitar|Tyranitar, F|43/100
|-damage|p2a: Tyranitar|30/100|[from] Stealth Rock
|-weather|Sandstorm|[from] ability: Sand Stream|[of] p2a: Tyranitar
|turn|14
|l| LT91BB Tace
|inactive|Escalando has 90 seconds left.
|
|t:|1659051165
|switch|p1a: Landorus|Landorus-Therian, M|32/100
|-damage|p1a: Landorus|19/100|[from] Stealth Rock
|-ability|p1a: Landorus|Intimidate|boost
|-unboost|p2a: Tyranitar|atk|1
|move|p2a: Tyranitar|Crunch|p1a: Landorus
|-damage|p1a: Landorus|0 fnt
|faint|p1a: Landorus
|
|-weather|Sandstorm|[upkeep]
|upkeep
|j| LT91BB AxCypher
|inactive|Escalando has 90 seconds left.
|
|t:|1659051177
|switch|p1a: Tapu Fini|Tapu Fini|100/100
|-damage|p1a: Tapu Fini|88/100|[from] Stealth Rock
|-damage|p1a: Tapu Fini|76/100|[from] Spikes
|-fieldstart|move: Misty Terrain|[from] ability: Misty Surge|[of] p1a: Tapu Fini
|turn|15
|
|t:|1659051181
|switch|p2a: Clefable|Clefable, F|35/100
|move|p1a: Tapu Fini|Calm Mind|p1a: Tapu Fini
|-boost|p1a: Tapu Fini|spa|1
|-boost|p1a: Tapu Fini|spd|1
|
|-weather|Sandstorm|[upkeep]
|-damage|p1a: Tapu Fini|70/100|[from] Sandstorm
|-heal|p1a: Tapu Fini|76/100|[from] item: Leftovers
|upkeep
|turn|16
|l| LT91BB AxCypher
|inactive|Escalando has 90 seconds left.
|
|t:|1659051209
|move|p1a: Tapu Fini|Substitute|p1a: Tapu Fini
|-start|p1a: Tapu Fini|Substitute
|-damage|p1a: Tapu Fini|51/100
|move|p2a: Clefable|Knock Off|p1a: Tapu Fini
|-resisted|p1a: Tapu Fini
|-activate|p1a: Tapu Fini|move: Substitute|[damage]
|
|-weather|Sandstorm|[upkeep]
|-damage|p1a: Tapu Fini|45/100|[from] Sandstorm
|-heal|p1a: Tapu Fini|51/100|[from] item: Leftovers
|upkeep
|turn|17
|j| Ctannn
|j| pinkdragontamer
|l| pinkdragontamer
|
|t:|1659051228
|switch|p2a: Ferrothorn|Ferrothorn, M|99/100
|-damage|p2a: Ferrothorn|93/100|[from] Stealth Rock
|move|p1a: Tapu Fini|Draining Kiss|p2a: Ferrothorn
|-resisted|p2a: Ferrothorn
|-damage|p2a: Ferrothorn|81/100
|-heal|p1a: Tapu Fini|60/100|[from] drain|[of] p2a: Ferrothorn
|-damage|p1a: Tapu Fini|48/100|[from] ability: Iron Barbs|[of] p2a: Ferrothorn
|
|-weather|Sandstorm|[upkeep]
|-damage|p1a: Tapu Fini|42/100|[from] Sandstorm
|-heal|p1a: Tapu Fini|48/100|[from] item: Leftovers
|-heal|p2a: Ferrothorn|88/100|[from] item: Leftovers
|upkeep
|turn|18
|
|t:|1659051232
|move|p1a: Tapu Fini|Scald|p2a: Ferrothorn
|-resisted|p2a: Ferrothorn
|-damage|p2a: Ferrothorn|70/100
|move|p2a: Ferrothorn|Iron Defense|p2a: Ferrothorn
|-boost|p2a: Ferrothorn|def|2
|
|-weather|none
|-heal|p1a: Tapu Fini|54/100|[from] item: Leftovers
|-heal|p2a: Ferrothorn|76/100|[from] item: Leftovers
|upkeep
|turn|19
|
|t:|1659051235
|move|p1a: Tapu Fini|Calm Mind|p1a: Tapu Fini
|-boost|p1a: Tapu Fini|spa|1
|-boost|p1a: Tapu Fini|spd|1
|move|p2a: Ferrothorn|Body Press|p1a: Tapu Fini
|-resisted|p1a: Tapu Fini
|-end|p1a: Tapu Fini|Substitute
|
|-heal|p1a: Tapu Fini|60/100|[from] item: Leftovers
|-heal|p2a: Ferrothorn|82/100|[from] item: Leftovers
|-fieldend|Misty Terrain
|upkeep
|turn|20
|
|t:|1659051243
|move|p1a: Tapu Fini|Scald|p2a: Ferrothorn
|-resisted|p2a: Ferrothorn
|-damage|p2a: Ferrothorn|59/100
|move|p2a: Ferrothorn|Leech Seed|p1a: Tapu Fini
|-start|p1a: Tapu Fini|move: Leech Seed
|
|-heal|p1a: Tapu Fini|66/100|[from] item: Leftovers
|-heal|p2a: Ferrothorn|66/100|[from] item: Leftovers
|-damage|p1a: Tapu Fini|54/100|[from] Leech Seed|[of] p2a: Ferrothorn
|-heal|p2a: Ferrothorn|77/100|[silent]
|upkeep
|turn|21
|
|t:|1659051252
|move|p1a: Tapu Fini|Scald|p2a: Ferrothorn
|-resisted|p2a: Ferrothorn
|-damage|p2a: Ferrothorn|56/100
|-status|p2a: Ferrothorn|brn
|move|p2a: Ferrothorn|Spikes|p1a: Tapu Fini
|-sidestart|p1: Escalando|Spikes
|
|-heal|p1a: Tapu Fini|60/100|[from] item: Leftovers
|-heal|p2a: Ferrothorn|62/100 brn|[from] item: Leftovers
|-damage|p1a: Tapu Fini|48/100|[from] Leech Seed|[of] p2a: Ferrothorn
|-heal|p2a: Ferrothorn|74/100 brn|[silent]
|-damage|p2a: Ferrothorn|68/100 brn|[from] brn
|upkeep
|turn|22
|l| sexylopunny69420
|
|t:|1659051272
|switch|p1a: Tornadus|Tornadus-Therian, M|100/100
|move|p2a: Ferrothorn|Body Press|p1a: Tornadus
|-resisted|p1a: Tornadus
|-damage|p1a: Tornadus|86/100
|
|-heal|p2a: Ferrothorn|74/100 brn|[from] item: Leftovers
|-damage|p2a: Ferrothorn|68/100 brn|[from] brn
|upkeep
|turn|23
|
|t:|1659051281
|move|p1a: Tornadus|Knock Off|p2a: Ferrothorn
|-damage|p2a: Ferrothorn|62/100 brn
|-damage|p1a: Tornadus|74/100|[from] ability: Iron Barbs|[of] p2a: Ferrothorn
|-enditem|p2a: Ferrothorn|Leftovers|[from] move: Knock Off|[of] p1a: Tornadus
|move|p2a: Ferrothorn|Leech Seed|p1a: Tornadus
|-start|p1a: Tornadus|move: Leech Seed
|
|-damage|p1a: Tornadus|61/100|[from] Leech Seed|[of] p2a: Ferrothorn
|-heal|p2a: Ferrothorn|74/100 brn|[silent]
|-damage|p2a: Ferrothorn|68/100 brn|[from] brn
|upkeep
|turn|24
|
|t:|1659051291
|move|p1a: Tornadus|U-turn|p2a: Ferrothorn
|-damage|p2a: Ferrothorn|64/100 brn
|-damage|p1a: Tornadus|49/100|[from] ability: Iron Barbs|[of] p2a: Ferrothorn
|
|t:|1659051294
|switch|p1a: Scizor|Scizor, F|71/100|[from]move: U-turn
|-damage|p1a: Scizor|58/100|[from] Stealth Rock
|-damage|p1a: Scizor|42/100|[from] Spikes
|move|p2a: Ferrothorn|Spikes|p1a: Scizor
|-sidestart|p1: Escalando|Spikes
|
|-damage|p2a: Ferrothorn|58/100 brn|[from] brn
|upkeep
|turn|25
|j| tapu moxo
|
|t:|1659051300
|move|p1a: Scizor|Roost|p1a: Scizor
|-heal|p1a: Scizor|92/100
|-singleturn|p1a: Scizor|move: Roost
|move|p2a: Ferrothorn|Body Press|p1a: Scizor
|-damage|p1a: Scizor|63/100
|
|-damage|p2a: Ferrothorn|51/100 brn|[from] brn
|upkeep
|turn|26
|
|t:|1659051307
|switch|p2a: Dragapult|Dragapult, M|100/100
|-damage|p2a: Dragapult|88/100|[from] Stealth Rock
|move|p1a: Scizor|Roost|p1a: Scizor
|-heal|p1a: Scizor|100/100
|-singleturn|p1a: Scizor|move: Roost
|
|upkeep
|turn|27
|
|t:|1659051314
|move|p2a: Dragapult|Flamethrower|p1a: Scizor
|-supereffective|p1a: Scizor
|-crit|p1a: Scizor
|-damage|p1a: Scizor|0 fnt
|faint|p1a: Scizor
|
|upkeep
|
|t:|1659051318
|switch|p1a: Tornadus|Tornadus-Therian, M|82/100
|turn|28
|
|t:|1659051324
|switch|p2a: Tyranitar|Tyranitar, F|30/100
|-damage|p2a: Tyranitar|18/100|[from] Stealth Rock
|-weather|Sandstorm|[from] ability: Sand Stream|[of] p2a: Tyranitar
|move|p1a: Tornadus|Defog|p2a: Tyranitar
|-unboost|p2a: Tyranitar|evasion|1
|-sideend|p2: LT91BB 3d|Stealth Rock|[from] move: Defog|[of] p1a: Tornadus
|-sideend|p1: Escalando|Spikes|[from] move: Defog|[of] p1a: Tornadus
|-sideend|p1: Escalando|Stealth Rock|[from] move: Defog|[of] p1a: Tornadus
|
|-weather|Sandstorm|[upkeep]
|-damage|p1a: Tornadus|76/100|[from] Sandstorm
|upkeep
|turn|29
|
|t:|1659051329
|switch|p2a: Clefable|Clefable, F|35/100
|move|p1a: Tornadus|U-turn|p2a: Clefable
|-resisted|p2a: Clefable
|-damage|p2a: Clefable|28/100
|j| Barracades
|
|t:|1659051334
|switch|p1a: Dragapult|Dragapult, M|35/100|[from]move: U-turn
|
|-weather|Sandstorm|[upkeep]
|-damage|p1a: Dragapult|29/100|[from] Sandstorm
|upkeep
|turn|30
|
|t:|1659051337
|move|p1a: Dragapult|Shadow Ball|p2a: Clefable
|-damage|p2a: Clefable|0 fnt
|faint|p2a: Clefable
|
|-weather|Sandstorm|[upkeep]
|-damage|p1a: Dragapult|23/100|[from] Sandstorm
|upkeep
|
|t:|1659051339
|switch|p2a: Excadrill|Excadrill, F|100/100
|turn|31
|
|t:|1659051347
|switch|p1a: Tornadus|Tornadus-Therian, M|100/100
|move|p2a: Excadrill|Iron Head|p1a: Tornadus
|-damage|p1a: Tornadus|57/100
|
|-weather|Sandstorm|[upkeep]
|-damage|p1a: Tornadus|50/100|[from] Sandstorm
|upkeep
|turn|32
|
|t:|1659051358
|move|p2a: Excadrill|Iron Head|p1a: Tornadus
|-damage|p1a: Tornadus|4/100
|cant|p1a: Tornadus|flinch
|
|-weather|none
|upkeep
|turn|33
|
|t:|1659051371
|move|p1a: Tornadus|Knock Off|p2a: Excadrill
|-damage|p2a: Excadrill|71/100
|-enditem|p2a: Excadrill|Leftovers|[from] move: Knock Off|[of] p1a: Tornadus
|move|p2a: Excadrill|Iron Head|p1a: Tornadus
|-damage|p1a: Tornadus|0 fnt
|faint|p1a: Tornadus
|
|upkeep
|
|t:|1659051375
|switch|p1a: Magnezone|Magnezone|94/100
|-item|p1a: Magnezone|Air Balloon
|turn|34
|
|t:|1659051379
|move|p2a: Excadrill|Iron Head|p1a: Magnezone
|-resisted|p1a: Magnezone
|-damage|p1a: Magnezone|85/100
|-enditem|p1a: Magnezone|Air Balloon
|move|p1a: Magnezone|Magnet Rise|p1a: Magnezone
|-start|p1a: Magnezone|Magnet Rise
|
|upkeep
|turn|35
|
|t:|1659051388
|move|p2a: Excadrill|Swords Dance|p2a: Excadrill
|-boost|p2a: Excadrill|atk|2
|move|p1a: Magnezone|Iron Defense|p1a: Magnezone
|-boost|p1a: Magnezone|def|2
|
|upkeep
|turn|36
|
|t:|1659051390
|move|p2a: Excadrill|Iron Head|p1a: Magnezone
|-resisted|p1a: Magnezone
|-damage|p1a: Magnezone|76/100
|move|p1a: Magnezone|Body Press|p2a: Excadrill
|-supereffective|p2a: Excadrill
|-damage|p2a: Excadrill|0 fnt
|faint|p2a: Excadrill
|
|upkeep
|
|t:|1659051394
|switch|p2a: Dragapult|Dragapult, M|88/100
|turn|37
|
|t:|1659051401
|move|p2a: Dragapult|Flamethrower|p1a: Magnezone
|-supereffective|p1a: Magnezone
|-damage|p1a: Magnezone|0 fnt
|faint|p1a: Magnezone
|
|upkeep
|
|t:|1659051404
|switch|p1a: Tapu Fini|Tapu Fini|48/100
|-fieldstart|move: Misty Terrain|[from] ability: Misty Surge|[of] p1a: Tapu Fini
|turn|38
|
|t:|1659051408
|switch|p2a: Ferrothorn|Ferrothorn, M|51/100 brn
|move|p1a: Tapu Fini|Calm Mind|p1a: Tapu Fini
|-boost|p1a: Tapu Fini|spa|1
|-boost|p1a: Tapu Fini|spd|1
|
|-heal|p1a: Tapu Fini|54/100|[from] item: Leftovers
|-damage|p2a: Ferrothorn|45/100 brn|[from] brn
|upkeep
|turn|39
|
|t:|1659051411
|move|p1a: Tapu Fini|Substitute|p1a: Tapu Fini
|-start|p1a: Tapu Fini|Substitute
|-damage|p1a: Tapu Fini|29/100
|move|p2a: Ferrothorn|Leech Seed||[still]
|-fail|p2a: Ferrothorn
|
|-heal|p1a: Tapu Fini|35/100|[from] item: Leftovers
|-damage|p2a: Ferrothorn|39/100 brn|[from] brn
|upkeep
|turn|40
|
|t:|1659051414
|move|p1a: Tapu Fini|Calm Mind|p1a: Tapu Fini
|-boost|p1a: Tapu Fini|spa|1
|-boost|p1a: Tapu Fini|spd|1
|move|p2a: Ferrothorn|Spikes|p1a: Tapu Fini
|-sidestart|p1: Escalando|Spikes
|
|-heal|p1a: Tapu Fini|42/100|[from] item: Leftovers
|-damage|p2a: Ferrothorn|33/100 brn|[from] brn
|upkeep
|turn|41
|
|t:|1659051419
|move|p1a: Tapu Fini|Calm Mind|p1a: Tapu Fini
|-boost|p1a: Tapu Fini|spa|1
|-boost|p1a: Tapu Fini|spd|1
|move|p2a: Ferrothorn|Iron Defense|p2a: Ferrothorn
|-boost|p2a: Ferrothorn|def|2
|
|-heal|p1a: Tapu Fini|48/100|[from] item: Leftovers
|-damage|p2a: Ferrothorn|26/100 brn|[from] brn
|upkeep
|turn|42
|
|t:|1659051424
|move|p1a: Tapu Fini|Scald|p2a: Ferrothorn
|-resisted|p2a: Ferrothorn
|-damage|p2a: Ferrothorn|0 fnt
|faint|p2a: Ferrothorn
|
|-heal|p1a: Tapu Fini|54/100|[from] item: Leftovers
|-fieldend|Misty Terrain
|upkeep
|
|t:|1659051426
|switch|p2a: Tyranitar|Tyranitar, F|18/100
|-weather|Sandstorm|[from] ability: Sand Stream|[of] p2a: Tyranitar
|turn|43
|
|t:|1659051428
|move|p1a: Tapu Fini|Draining Kiss|p2a: Tyranitar
|-supereffective|p2a: Tyranitar
|-damage|p2a: Tyranitar|0 fnt
|-heal|p1a: Tapu Fini|67/100|[from] drain|[of] p2a: Tyranitar
|faint|p2a: Tyranitar
|
|-weather|Sandstorm|[upkeep]
|-damage|p1a: Tapu Fini|61/100|[from] Sandstorm
|-heal|p1a: Tapu Fini|67/100|[from] item: Leftovers
|upkeep
|
|t:|1659051430
|switch|p2a: Dragapult|Dragapult, M|88/100
|turn|44
|
|t:|1659051432
|move|p2a: Dragapult|Shadow Ball|p1a: Tapu Fini
|-damage|p1a: Tapu Fini|50/100
|move|p1a: Tapu Fini|Draining Kiss|p2a: Dragapult
|-supereffective|p2a: Dragapult
|-damage|p2a: Dragapult|0 fnt
|-heal|p1a: Tapu Fini|100/100|[from] drain|[of] p2a: Dragapult
|faint|p2a: Dragapult
|
|win|Escalando
|raw|Escalando's rating: 1864 &rarr; <strong>1880</strong><br />(+16 for winning)
|raw|LT91BB 3d's rating: 1802 &rarr; <strong>1786</strong><br />(-16 for losing)
|l|☆LT91BB 3d
|j| Alonge
|l| LT91BB yeat fan
