|html|<div class="broadcast-blue"><strong>[Gen 8] OU is currently suspecting Melmetal! For information on how to participate check out the <a href="https://www.smogon.com/forums/threads/np-ss-ou-suspect-process-round-12-monster-mash.3709234/">suspect thread</a>.</strong></div>
|j|‽MrRuf4si
|j|☆Highv0ltag3
|t:|1665878504
|gametype|singles
|player|p1|MrRuf4si|1|1754
|player|p2|Highv0ltag3|volo|1902
|teamsize|p1|6
|teamsize|p2|6
|gen|8
|tier|[Gen 8] OU
|rated|
|rule|Sleep Clause Mod: Limit one foe put to sleep
|rule|Species Clause: Limit one of each Pokémon
|rule|OHKO Clause: OHKO moves are banned
|rule|Evasion Items Clause: Evasion items are banned
|rule|Evasion Moves Clause: Evasion moves are banned
|rule|Endless Battle Clause: Forcing endless battles is banned
|rule|HP Percentage Mod: HP is shown in percentages
|rule|Dynamax Clause: You cannot dynamax
|clearpoke
|poke|p1|Bewear, M|
|poke|p1|Gastrodon-East, F|
|poke|p1|Reuniclus, M|
|poke|p1|Heatran, M|
|poke|p1|Dragonite, F|
|poke|p1|Clefable, M|
|poke|p2|Tornadus-Therian, M|
|poke|p2|Chansey, F|
|poke|p2|Hippowdon, F|
|poke|p2|Corviknight, M|
|poke|p2|Toxapex, M|
|poke|p2|Clefable, M|
|teampreview
|
|t:|1665878522
|start
|switch|p1a: Gastrodon|Gastrodon-East, F|100/100
|switch|p2a: Tornadus|Tornadus-Therian, M|100/100
|turn|1
|inactive|Battle timer is ON: inactive players will automatically lose when time's up. (requested by MrRuf4si)
|
|t:|1665878526
|move|p2a: Tornadus|Knock Off|p1a: Gastrodon
|-damage|p1a: Gastrodon|85/100
|-damage|p2a: Tornadus|84/100|[from] item: Rocky Helmet|[of] p1a: Gastrodon
|-enditem|p1a: Gastrodon|Rocky Helmet|[from] move: Knock Off|[of] p2a: Tornadus
|move|p1a: Gastrodon|Toxic|p2a: Tornadus
|-status|p2a: Tornadus|tox
|
|-damage|p2a: Tornadus|78/100 tox|[from] psn
|upkeep
|turn|2
|
|t:|1665878533
|switch|p2a: Chansey|Chansey, F|100/100
|move|p1a: Gastrodon|Scald|p2a: Chansey
|-damage|p2a: Chansey|93/100
|-status|p2a: Chansey|brn
|
|-damage|p2a: Chansey|87/100 brn|[from] brn
|upkeep
|turn|3
|
|t:|1665878538
|switch|p1a: Reuniclus|Reuniclus, M, shiny|100/100
|move|p2a: Chansey|Heal Bell|p2a: Chansey
|-activate|p2a: Chansey|move: Heal Bell
|-curestatus|p2a: Chansey|brn|[msg]
|-curestatus|p2: Tornadus|tox|[msg]
|
|upkeep
|turn|4
|j| Kwaga
|
|t:|1665878544
|move|p2a: Chansey|Thunder Wave|p1a: Reuniclus
|-status|p1a: Reuniclus|par
|move|p1a: Reuniclus|Knock Off|p2a: Chansey
|-damage|p2a: Chansey|76/100
|-enditem|p2a: Chansey|Eviolite|[from] move: Knock Off|[of] p1a: Reuniclus
|
|upkeep
|turn|5
|
|t:|1665878550
|move|p2a: Chansey|Seismic Toss|p1a: Reuniclus
|-damage|p1a: Reuniclus|77/100 par
|move|p1a: Reuniclus|Future Sight|p2a: Chansey
|-start|p1a: Reuniclus|move: Future Sight
|
|upkeep
|turn|6
|
|t:|1665878559
|switch|p2a: Tornadus|Tornadus-Therian, M|100/100
|switch|p1a: Bewear|Bewear, M|100/100
|
|upkeep
|turn|7
|
|t:|1665878562
|switch|p1a: Gastrodon|Gastrodon-East, F|85/100
|move|p2a: Tornadus|Hurricane|p1a: Gastrodon
|-damage|p1a: Gastrodon|48/100
|
|-end|p2a: Tornadus|move: Future Sight
|-damage|p2a: Tornadus|42/100
|upkeep
|turn|8
|
|t:|1665878570
|move|p2a: Tornadus|Hurricane|p1a: Gastrodon|[miss]
|-miss|p2a: Tornadus|p1a: Gastrodon
|move|p1a: Gastrodon|Recover|p1a: Gastrodon
|-heal|p1a: Gastrodon|99/100
|
|upkeep
|turn|9
|
|t:|1665878573
|switch|p2a: Chansey|Chansey, F|76/100
|move|p1a: Gastrodon|Toxic|p2a: Chansey
|-status|p2a: Chansey|tox
|
|-damage|p2a: Chansey|69/100 tox|[from] psn
|upkeep
|turn|10
|
|t:|1665878577
|-curestatus|p2a: Chansey|tox|[from] ability: Natural Cure
|switch|p2a: Toxapex|Toxapex, M|100/100
|switch|p1a: Bewear|Bewear, M|100/100
|
|upkeep
|turn|11
|
|t:|1665878581
|move|p1a: Bewear|Double-Edge|p2a: Toxapex
|-damage|p2a: Toxapex|37/100
|-damage|p1a: Bewear|84/100|[from] Recoil
|move|p2a: Toxapex|Knock Off|p1a: Bewear
|-resisted|p1a: Bewear
|-damage|p1a: Bewear|81/100
|-enditem|p1a: Bewear|Choice Band|[from] move: Knock Off|[of] p2a: Toxapex
|
|upkeep
|turn|12
|j| RazorForce21
|
|t:|1665878587
|switch|p2a: Corviknight|Corviknight, M|100/100
|-ability|p2a: Corviknight|Pressure
|move|p1a: Bewear|Close Combat|p2a: Corviknight
|-damage|p2a: Corviknight|57/100
|-unboost|p1a: Bewear|def|1
|-unboost|p1a: Bewear|spd|1
|
|upkeep
|turn|13
|j| mikatis
|
|t:|1665878590
|switch|p1a: Heatran|Heatran, M|100/100
|move|p2a: Corviknight|Roost|p2a: Corviknight
|-heal|p2a: Corviknight|100/100
|-singleturn|p2a: Corviknight|move: Roost
|
|upkeep
|turn|14
|
|t:|1665878593
|switch|p2a: Hippowdon|Hippowdon, F|100/100
|-weather|Sandstorm|[from] ability: Sand Stream|[of] p2a: Hippowdon
|move|p1a: Heatran|Stealth Rock|p2a: Hippowdon
|-sidestart|p2: Highv0ltag3|move: Stealth Rock
|
|-weather|Sandstorm|[upkeep]
|upkeep
|turn|15
|
|t:|1665878596
|switch|p1a: Gastrodon|Gastrodon-East, F|99/100
|move|p2a: Hippowdon|Stealth Rock|p1a: Gastrodon
|-sidestart|p1: MrRuf4si|move: Stealth Rock
|
|-weather|Sandstorm|[upkeep]
|upkeep
|turn|16
|
|t:|1665878610
|move|p2a: Hippowdon|Toxic|p1a: Gastrodon
|-status|p1a: Gastrodon|tox
|move|p1a: Gastrodon|Toxic|p2a: Hippowdon
|-status|p2a: Hippowdon|tox
|
|-weather|Sandstorm|[upkeep]
|-damage|p2a: Hippowdon|94/100 tox|[from] psn
|-damage|p1a: Gastrodon|92/100 tox|[from] psn
|upkeep
|turn|17
|j| sbhshsgehfhf
|
|t:|1665878616
|switch|p2a: Tornadus|Tornadus-Therian, M|75/100
|switch|p1a: Bewear|Bewear, M|81/100
|-damage|p1a: Bewear|75/100|[from] Stealth Rock
|
|-weather|Sandstorm|[upkeep]
|-damage|p2a: Tornadus|69/100|[from] Sandstorm
|-damage|p1a: Bewear|68/100|[from] Sandstorm
|upkeep
|turn|18
|
|t:|1665878623
|switch|p1a: Heatran|Heatran, M|100/100
|-damage|p1a: Heatran|88/100|[from] Stealth Rock
|move|p2a: Tornadus|Hurricane|p1a: Heatran
|-resisted|p1a: Heatran
|-damage|p1a: Heatran|75/100
|-start|p1a: Heatran|confusion
|
|-weather|none
|-heal|p1a: Heatran|81/100|[from] item: Leftovers
|upkeep
|turn|19
|
|t:|1665878628
|move|p2a: Tornadus|Knock Off|p1a: Heatran
|-damage|p1a: Heatran|65/100
|-enditem|p1a: Heatran|Leftovers|[from] move: Knock Off|[of] p2a: Tornadus
|-activate|p1a: Heatran|confusion
|-damage|p1a: Heatran|59/100|[from] confusion
|
|upkeep
|turn|20
|
|t:|1665878636
|switch|p2a: Toxapex|Toxapex, M|71/100
|-damage|p2a: Toxapex|58/100|[from] Stealth Rock
|-activate|p1a: Heatran|confusion
|move|p1a: Heatran|Magma Storm|p2a: Toxapex
|-resisted|p2a: Toxapex
|-damage|p2a: Toxapex|39/100
|-activate|p2a: Toxapex|move: Magma Storm|[of] p1a: Heatran
|
|-damage|p2a: Toxapex|27/100|[from] move: Magma Storm|[partiallytrapped]
|upkeep
|turn|21
|
|t:|1665878643
|switch|p2a: Chansey|Chansey, F|69/100
|-damage|p2a: Chansey|57/100|[from] Stealth Rock
|-end|p1a: Heatran|confusion
|move|p1a: Heatran|Magma Storm|p2a: Chansey
|-damage|p2a: Chansey|38/100
|-activate|p2a: Chansey|move: Magma Storm|[of] p1a: Heatran
|
|-damage|p2a: Chansey|25/100|[from] move: Magma Storm|[partiallytrapped]
|upkeep
|turn|22
|
|t:|1665878649
|move|p1a: Heatran|Taunt|p2a: Chansey
|-start|p2a: Chansey|move: Taunt
|cant|p2a: Chansey|move: Taunt|Soft-Boiled
|
|-damage|p2a: Chansey|13/100|[from] move: Magma Storm|[partiallytrapped]
|upkeep
|turn|23
|
|t:|1665878652
|move|p1a: Heatran|Earth Power|p2a: Chansey
|-damage|p2a: Chansey|1/100
|move|p2a: Chansey|Seismic Toss|p1a: Heatran
|-damage|p1a: Heatran|33/100
|
|-damage|p2a: Chansey|0 fnt|[from] move: Magma Storm|[partiallytrapped]
|faint|p2a: Chansey
|upkeep
|
|t:|1665878656
|switch|p2a: Tornadus|Tornadus-Therian, M|100/100
|turn|24
|
|t:|1665878659
|move|p2a: Tornadus|Nasty Plot|p2a: Tornadus
|-boost|p2a: Tornadus|spa|2
|move|p1a: Heatran|Magma Storm|p2a: Tornadus|[miss]
|-miss|p1a: Heatran|p2a: Tornadus
|
|upkeep
|turn|25
|
|t:|1665878663
|move|p2a: Tornadus|Focus Blast|p1a: Heatran
|-supereffective|p1a: Heatran
|-damage|p1a: Heatran|0 fnt
|faint|p1a: Heatran
|
|upkeep
|
|t:|1665878666
|switch|p1a: Clefable|Clefable, M|100/100
|turn|26
|
|t:|1665878669
|move|p2a: Tornadus|Hurricane|p1a: Clefable
|-damage|p1a: Clefable|58/100
|-start|p1a: Clefable|confusion
|-activate|p1a: Clefable|confusion
|move|p1a: Clefable|Calm Mind|p1a: Clefable
|-boost|p1a: Clefable|spa|1
|-boost|p1a: Clefable|spd|1
|
|upkeep
|turn|27
|
|t:|1665878677
|move|p2a: Tornadus|Knock Off|p1a: Clefable
|-resisted|p1a: Clefable
|-damage|p1a: Clefable|50/100
|-enditem|p1a: Clefable|Heavy-Duty Boots|[from] move: Knock Off|[of] p2a: Tornadus
|-activate|p1a: Clefable|confusion
|move|p1a: Clefable|Soft-Boiled|p1a: Clefable
|-heal|p1a: Clefable|99/100
|
|upkeep
|turn|28
|
|t:|1665878684
|switch|p2a: Toxapex|Toxapex, M|60/100
|-damage|p2a: Toxapex|48/100|[from] Stealth Rock
|-activate|p1a: Clefable|confusion
|move|p1a: Clefable|Moonblast|p2a: Toxapex
|-resisted|p2a: Toxapex
|-damage|p2a: Toxapex|27/100
|-unboost|p2a: Toxapex|spa|1
|
|upkeep
|turn|29
|l| Kwaga
|
|t:|1665878689
|switch|p1a: Reuniclus|Reuniclus, M, shiny|100/100 par
|-damage|p1a: Reuniclus|88/100 par|[from] Stealth Rock
|switch|p2a: Hippowdon|Hippowdon, F|94/100 tox
|-damage|p2a: Hippowdon|88/100 tox|[from] Stealth Rock
|-weather|Sandstorm|[from] ability: Sand Stream|[of] p2a: Hippowdon
|
|-weather|Sandstorm|[upkeep]
|-damage|p1a: Reuniclus|82/100 par|[from] Sandstorm
|-heal|p2a: Hippowdon|94/100 tox|[from] item: Leftovers
|-damage|p2a: Hippowdon|88/100 tox|[from] psn
|upkeep
|turn|30
|l| sbhshsgehfhf
|
|t:|1665878701
|switch|p2a: Toxapex|Toxapex, M|61/100
|-damage|p2a: Toxapex|48/100|[from] Stealth Rock
|move|p1a: Reuniclus|Future Sight|p2a: Toxapex
|-start|p1a: Reuniclus|move: Future Sight
|
|-weather|Sandstorm|[upkeep]
|-damage|p2a: Toxapex|42/100|[from] Sandstorm
|-damage|p1a: Reuniclus|76/100 par|[from] Sandstorm
|upkeep
|turn|31
|
|t:|1665878706
|move|p2a: Toxapex|Light Screen|p2a: Toxapex
|-sidestart|p2: Highv0ltag3|move: Light Screen
|cant|p1a: Reuniclus|par
|
|-weather|Sandstorm|[upkeep]
|-damage|p2a: Toxapex|36/100|[from] Sandstorm
|-damage|p1a: Reuniclus|70/100 par|[from] Sandstorm
|upkeep
|turn|32
|
|t:|1665878709
|move|p2a: Toxapex|Recover|p2a: Toxapex
|-heal|p2a: Toxapex|86/100
|move|p1a: Reuniclus|Knock Off|p2a: Toxapex
|-damage|p2a: Toxapex|76/100
|-enditem|p2a: Toxapex|Shed Shell|[from] move: Knock Off|[of] p1a: Reuniclus
|
|-weather|Sandstorm|[upkeep]
|-damage|p2a: Toxapex|70/100|[from] Sandstorm
|-damage|p1a: Reuniclus|64/100 par|[from] Sandstorm
|-end|p2a: Toxapex|move: Future Sight
|-supereffective|p2a: Toxapex
|-damage|p2a: Toxapex|23/100
|upkeep
|turn|33
|
|t:|1665878715
|move|p2a: Toxapex|Recover|p2a: Toxapex
|-heal|p2a: Toxapex|73/100
|move|p1a: Reuniclus|Future Sight|p2a: Toxapex
|-start|p1a: Reuniclus|move: Future Sight
|
|-weather|none
|upkeep
|turn|34
|
|t:|1665878719
|move|p2a: Toxapex|Knock Off|p1a: Reuniclus
|-supereffective|p1a: Reuniclus
|-damage|p1a: Reuniclus|35/100 par
|-enditem|p1a: Reuniclus|Assault Vest|[from] move: Knock Off|[of] p2a: Toxapex
|move|p1a: Reuniclus|Shadow Ball|p2a: Toxapex
|-damage|p2a: Toxapex|62/100
|-unboost|p2a: Toxapex|spd|1
|
|upkeep
|turn|35
|
|t:|1665878730
|switch|p2a: Corviknight|Corviknight, M|100/100
|-damage|p2a: Corviknight|88/100|[from] Stealth Rock
|-ability|p2a: Corviknight|Pressure
|move|p1a: Reuniclus|Knock Off|p2a: Corviknight
|-damage|p2a: Corviknight|78/100
|-enditem|p2a: Corviknight|Shed Shell|[from] move: Knock Off|[of] p1a: Reuniclus
|
|-end|p2a: Corviknight|move: Future Sight
|-resisted|p2a: Corviknight
|-damage|p2a: Corviknight|66/100
|-sideend|p2: Highv0ltag3|move: Light Screen
|upkeep
|turn|36
|j| meta abuser
|
|t:|1665878742
|switch|p1a: Gastrodon|Gastrodon-East, F|92/100 tox
|-damage|p1a: Gastrodon|86/100 tox|[from] Stealth Rock
|move|p2a: Corviknight|Roost|p2a: Corviknight
|-heal|p2a: Corviknight|100/100
|-singleturn|p2a: Corviknight|move: Roost
|
|-damage|p1a: Gastrodon|80/100 tox|[from] psn
|upkeep
|turn|37
|
|t:|1665878748
|switch|p2a: Toxapex|Toxapex, M|96/100
|-damage|p2a: Toxapex|83/100|[from] Stealth Rock
|move|p1a: Gastrodon|Scald|p2a: Toxapex
|-resisted|p2a: Toxapex
|-damage|p2a: Toxapex|71/100
|-status|p2a: Toxapex|brn
|
|-damage|p1a: Gastrodon|68/100 tox|[from] psn
|-damage|p2a: Toxapex|65/100 brn|[from] brn
|upkeep
|turn|38
|
|t:|1665878751
|move|p1a: Gastrodon|Earth Power|p2a: Toxapex
|-supereffective|p2a: Toxapex
|-damage|p2a: Toxapex|14/100 brn
|move|p2a: Toxapex|Recover|p2a: Toxapex
|-heal|p2a: Toxapex|64/100 brn
|
|-damage|p1a: Gastrodon|50/100 tox|[from] psn
|-damage|p2a: Toxapex|57/100 brn|[from] brn
|upkeep
|turn|39
|
|t:|1665878755
|move|p1a: Gastrodon|Earth Power|p2a: Toxapex
|-supereffective|p2a: Toxapex
|-damage|p2a: Toxapex|6/100 brn
|move|p2a: Toxapex|Recover|p2a: Toxapex
|-heal|p2a: Toxapex|56/100 brn
|
|-damage|p1a: Gastrodon|25/100 tox|[from] psn
|-damage|p2a: Toxapex|50/100 brn|[from] brn
|upkeep
|turn|40
|
|t:|1665878764
|switch|p2a: Corviknight|Corviknight, M|100/100
|-damage|p2a: Corviknight|88/100|[from] Stealth Rock
|-ability|p2a: Corviknight|Pressure
|move|p1a: Gastrodon|Recover|p1a: Gastrodon
|-heal|p1a: Gastrodon|75/100 tox
|
|-damage|p1a: Gastrodon|45/100 tox|[from] psn
|upkeep
|turn|41
|
|t:|1665878771
|switch|p2a: Tornadus|Tornadus-Therian, M|100/100
|move|p1a: Gastrodon|Recover|p1a: Gastrodon
|-heal|p1a: Gastrodon|95/100 tox
|
|-damage|p1a: Gastrodon|58/100 tox|[from] psn
|upkeep
|turn|42
|
|t:|1665878776
|switch|p2a: Toxapex|Toxapex, M|83/100 brn
|-damage|p2a: Toxapex|71/100 brn|[from] Stealth Rock
|move|p1a: Gastrodon|Toxic||[still]
|-fail|p1a: Gastrodon
|
|-damage|p1a: Gastrodon|15/100 tox|[from] psn
|-damage|p2a: Toxapex|64/100 brn|[from] brn
|upkeep
|turn|43
|
|t:|1665878782
|switch|p1a: Reuniclus|Reuniclus, M, shiny|68/100 par
|-damage|p1a: Reuniclus|56/100 par|[from] Stealth Rock
|move|p2a: Toxapex|Recover|p2a: Toxapex
|-heal|p2a: Toxapex|100/100 brn
|
|-damage|p2a: Toxapex|94/100 brn|[from] brn
|upkeep
|turn|44
|
|t:|1665878787
|move|p2a: Toxapex|Light Screen|p2a: Toxapex
|-sidestart|p2: Highv0ltag3|move: Light Screen
|cant|p1a: Reuniclus|par
|
|-damage|p2a: Toxapex|88/100 brn|[from] brn
|upkeep
|turn|45
|
|t:|1665878791
|switch|p2a: Tornadus|Tornadus-Therian, M|100/100
|move|p1a: Reuniclus|Shadow Ball|p2a: Tornadus
|-damage|p2a: Tornadus|88/100
|
|upkeep
|turn|46
|
|t:|1665878795
|move|p2a: Tornadus|Hurricane|p1a: Reuniclus
|-damage|p1a: Reuniclus|24/100 par
|move|p1a: Reuniclus|Knock Off|p2a: Tornadus
|-damage|p2a: Tornadus|73/100
|-enditem|p2a: Tornadus|Heavy-Duty Boots|[from] move: Knock Off|[of] p1a: Reuniclus
|
|upkeep
|turn|47
|
|t:|1665878803
|switch|p1a: Dragonite|Dragonite, F, shiny|100/100
|move|p2a: Tornadus|Hurricane|p1a: Dragonite
|-damage|p1a: Dragonite|83/100
|
|upkeep
|turn|48
|
|t:|1665878809
|move|p2a: Tornadus|Knock Off|p1a: Dragonite
|-damage|p1a: Dragonite|69/100
|-enditem|p1a: Dragonite|Heavy-Duty Boots|[from] move: Knock Off|[of] p2a: Tornadus
|move|p1a: Dragonite|Roost|p1a: Dragonite
|-heal|p1a: Dragonite|100/100
|-singleturn|p1a: Dragonite|move: Roost
|
|-sideend|p2: Highv0ltag3|move: Light Screen
|upkeep
|turn|49
|
|t:|1665878817
|switch|p2a: Clefable|Clefable, M|100/100
|switch|p1a: Clefable|Clefable, M|99/100
|-damage|p1a: Clefable|88/100|[from] Stealth Rock
|
|upkeep
|turn|50
|
|t:|1665878828
|move|p2a: Clefable|Moonblast|p1a: Clefable
|-damage|p1a: Clefable|59/100
|move|p1a: Clefable|Aromatherapy|p1a: Clefable
|-activate|p1a: Clefable|move: Aromatherapy
|-curestatus|p1: Gastrodon|tox|[msg]
|-curestatus|p1: Reuniclus|par|[msg]
|
|upkeep
|turn|51
|
|t:|1665878832
|move|p1a: Clefable|Soft-Boiled|p1a: Clefable
|-heal|p1a: Clefable|100/100
|move|p2a: Clefable|Moonblast|p1a: Clefable
|-damage|p1a: Clefable|69/100
|
|upkeep
|turn|52
|
|t:|1665878836
|move|p1a: Clefable|Soft-Boiled|p1a: Clefable
|-heal|p1a: Clefable|100/100
|move|p2a: Clefable|Moonblast|p1a: Clefable
|-damage|p1a: Clefable|72/100
|
|upkeep
|turn|53
|
|t:|1665878838
|move|p1a: Clefable|Soft-Boiled|p1a: Clefable
|-heal|p1a: Clefable|100/100
|move|p2a: Clefable|Moonblast|p1a: Clefable
|-damage|p1a: Clefable|69/100
|-unboost|p1a: Clefable|spa|1
|
|upkeep
|turn|54
|
|t:|1665878842
|switch|p1a: Reuniclus|Reuniclus, M, shiny|57/100
|-damage|p1a: Reuniclus|45/100|[from] Stealth Rock
|move|p2a: Clefable|Moonblast|p1a: Reuniclus
|-damage|p1a: Reuniclus|21/100
|
|upkeep
|turn|55
|
|t:|1665878854
|switch|p1a: Clefable|Clefable, M|69/100
|-damage|p1a: Clefable|56/100|[from] Stealth Rock
|move|p2a: Clefable|Moonblast|p1a: Clefable
|-damage|p1a: Clefable|26/100
|
|upkeep
|turn|56
|
|t:|1665878856
|move|p1a: Clefable|Soft-Boiled|p1a: Clefable
|-heal|p1a: Clefable|76/100
|move|p2a: Clefable|Moonblast|p1a: Clefable
|-damage|p1a: Clefable|45/100
|
|upkeep
|turn|57
|
|t:|1665878860
|move|p2a: Clefable|Moonblast|p1a: Clefable
|-damage|p1a: Clefable|18/100
|move|p1a: Clefable|Soft-Boiled|p1a: Clefable
|-heal|p1a: Clefable|68/100
|
|upkeep
|turn|58
|
|t:|1665878864
|move|p2a: Clefable|Moonblast|p1a: Clefable
|-damage|p1a: Clefable|41/100
|-unboost|p1a: Clefable|spa|1
|move|p1a: Clefable|Soft-Boiled|p1a: Clefable
|-heal|p1a: Clefable|91/100
|
|upkeep
|turn|59
|
|t:|1665878867
|move|p2a: Clefable|Moonblast|p1a: Clefable
|-damage|p1a: Clefable|63/100
|move|p1a: Clefable|Moonblast|p2a: Clefable
|-damage|p2a: Clefable|69/100
|
|upkeep
|turn|60
|
|t:|1665878870
|move|p1a: Clefable|Soft-Boiled|p1a: Clefable
|-heal|p1a: Clefable|100/100
|move|p2a: Clefable|Soft-Boiled|p2a: Clefable
|-heal|p2a: Clefable|100/100
|
|upkeep
|turn|61
|
|t:|1665878873
|switch|p1a: Reuniclus|Reuniclus, M, shiny|55/100
|-damage|p1a: Reuniclus|42/100|[from] Stealth Rock
|move|p2a: Clefable|Moonblast|p1a: Reuniclus
|-damage|p1a: Reuniclus|17/100
|-unboost|p1a: Reuniclus|spa|1
|
|upkeep
|turn|62
|
|t:|1665878876
|switch|p1a: Clefable|Clefable, M|100/100
|-damage|p1a: Clefable|88/100|[from] Stealth Rock
|move|p2a: Clefable|Flamethrower|p1a: Clefable
|-damage|p1a: Clefable|68/100
|
|upkeep
|turn|63
|j| BadTonic
|
|t:|1665878882
|move|p2a: Clefable|Flamethrower|p1a: Clefable
|-damage|p1a: Clefable|48/100
|move|p1a: Clefable|Moonblast|p2a: Clefable
|-damage|p2a: Clefable|71/100
|
|upkeep
|turn|64
|
|t:|1665878887
|move|p2a: Clefable|Soft-Boiled|p2a: Clefable
|-heal|p2a: Clefable|100/100
|move|p1a: Clefable|Soft-Boiled|p1a: Clefable
|-heal|p1a: Clefable|98/100
|
|upkeep
|turn|65
|
|t:|1665878890
|switch|p1a: Reuniclus|Reuniclus, M, shiny|50/100
|-damage|p1a: Reuniclus|38/100|[from] Stealth Rock
|switch|p2a: Toxapex|Toxapex, M|100/100 brn
|-damage|p2a: Toxapex|88/100 brn|[from] Stealth Rock
|
|-damage|p2a: Toxapex|82/100 brn|[from] brn
|upkeep
|turn|66
|
|t:|1665878895
|move|p2a: Toxapex|Light Screen|p2a: Toxapex
|-sidestart|p2: Highv0ltag3|move: Light Screen
|move|p1a: Reuniclus|Future Sight|p2a: Toxapex
|-start|p1a: Reuniclus|move: Future Sight
|
|-damage|p2a: Toxapex|75/100 brn|[from] brn
|upkeep
|turn|67
|
|t:|1665878899
|switch|p1a: Gastrodon|Gastrodon-East, F|15/100
|-damage|p1a: Gastrodon|9/100|[from] Stealth Rock
|move|p2a: Toxapex|Knock Off|p1a: Gastrodon
|-damage|p1a: Gastrodon|6/100
|
|-damage|p2a: Toxapex|69/100 brn|[from] brn
|upkeep
|turn|68
|l| meta abuser
|
|t:|1665878906
|switch|p2a: Corviknight|Corviknight, M|88/100
|-damage|p2a: Corviknight|75/100|[from] Stealth Rock
|-ability|p2a: Corviknight|Pressure
|move|p1a: Gastrodon|Recover|p1a: Gastrodon
|-heal|p1a: Gastrodon|56/100
|
|-end|p2a: Corviknight|move: Future Sight
|-resisted|p2a: Corviknight
|-damage|p2a: Corviknight|63/100
|upkeep
|turn|69
|
|t:|1665878911
|switch|p2a: Toxapex|Toxapex, M|100/100 brn
|-damage|p2a: Toxapex|88/100 brn|[from] Stealth Rock
|move|p1a: Gastrodon|Recover|p1a: Gastrodon
|-heal|p1a: Gastrodon|100/100
|
|-damage|p2a: Toxapex|82/100 brn|[from] brn
|upkeep
|turn|70
|
|t:|1665878916
|move|p1a: Gastrodon|Earth Power|p2a: Toxapex
|-supereffective|p2a: Toxapex
|-damage|p2a: Toxapex|57/100 brn
|move|p2a: Toxapex|Recover|p2a: Toxapex
|-heal|p2a: Toxapex|100/100 brn
|
|-damage|p2a: Toxapex|94/100 brn|[from] brn
|-sideend|p2: Highv0ltag3|move: Light Screen
|upkeep
|turn|71
|
|t:|1665878922
|move|p1a: Gastrodon|Earth Power|p2a: Toxapex
|-supereffective|p2a: Toxapex
|-damage|p2a: Toxapex|45/100 brn
|move|p2a: Toxapex|Light Screen|p2a: Toxapex
|-sidestart|p2: Highv0ltag3|move: Light Screen
|
|-damage|p2a: Toxapex|39/100 brn|[from] brn
|upkeep
|turn|72
|
|t:|1665878926
|switch|p2a: Corviknight|Corviknight, M|63/100
|-damage|p2a: Corviknight|51/100|[from] Stealth Rock
|-ability|p2a: Corviknight|Pressure
|move|p1a: Gastrodon|Scald|p2a: Corviknight
|-damage|p2a: Corviknight|40/100
|
|upkeep
|turn|73
|
|t:|1665878934
|move|p2a: Corviknight|Roost|p2a: Corviknight
|-heal|p2a: Corviknight|90/100
|-singleturn|p2a: Corviknight|move: Roost
|move|p1a: Gastrodon|Scald|p2a: Corviknight
|-damage|p2a: Corviknight|79/100
|
|upkeep
|turn|74
|
|t:|1665878939
|switch|p2a: Toxapex|Toxapex, M|72/100 brn
|-damage|p2a: Toxapex|59/100 brn|[from] Stealth Rock
|move|p1a: Gastrodon|Scald|p2a: Toxapex
|-resisted|p2a: Toxapex
|-damage|p2a: Toxapex|54/100 brn
|
|-damage|p2a: Toxapex|48/100 brn|[from] brn
|upkeep
|turn|75
|
|t:|1665878944
|move|p1a: Gastrodon|Earth Power|p2a: Toxapex
|-supereffective|p2a: Toxapex
|-damage|p2a: Toxapex|23/100 brn
|-unboost|p2a: Toxapex|spd|1
|move|p2a: Toxapex|Recover|p2a: Toxapex
|-heal|p2a: Toxapex|73/100 brn
|
|-damage|p2a: Toxapex|67/100 brn|[from] brn
|-sideend|p2: Highv0ltag3|move: Light Screen
|upkeep
|turn|76
|
|t:|1665878948
|switch|p2a: Corviknight|Corviknight, M|79/100
|-damage|p2a: Corviknight|66/100|[from] Stealth Rock
|-ability|p2a: Corviknight|Pressure
|move|p1a: Gastrodon|Scald|p2a: Corviknight
|-damage|p2a: Corviknight|42/100
|
|upkeep
|turn|77
|j| EdaltNeru
|
|t:|1665878953
|move|p2a: Corviknight|Roost|p2a: Corviknight
|-heal|p2a: Corviknight|92/100
|-singleturn|p2a: Corviknight|move: Roost
|move|p1a: Gastrodon|Earth Power|p2a: Corviknight
|-supereffective|p2a: Corviknight
|-damage|p2a: Corviknight|45/100
|
|upkeep
|turn|78
|
|t:|1665878956
|move|p2a: Corviknight|Roost|p2a: Corviknight
|-heal|p2a: Corviknight|95/100
|-singleturn|p2a: Corviknight|move: Roost
|move|p1a: Gastrodon|Scald|p2a: Corviknight
|-damage|p2a: Corviknight|72/100
|
|upkeep
|turn|79
|
|t:|1665878960
|switch|p2a: Toxapex|Toxapex, M|99/100 brn
|-damage|p2a: Toxapex|87/100 brn|[from] Stealth Rock
|move|p1a: Gastrodon|Scald|p2a: Toxapex
|-resisted|p2a: Toxapex
|-damage|p2a: Toxapex|77/100 brn
|
|-damage|p2a: Toxapex|71/100 brn|[from] brn
|upkeep
|turn|80
|
|t:|1665878964
|move|p1a: Gastrodon|Earth Power|p2a: Toxapex
|-supereffective|p2a: Toxapex
|-damage|p2a: Toxapex|23/100 brn
|move|p2a: Toxapex|Recover|p2a: Toxapex
|-heal|p2a: Toxapex|73/100 brn
|
|-damage|p2a: Toxapex|67/100 brn|[from] brn
|upkeep
|turn|81
|
|t:|1665878972
|move|p1a: Gastrodon|Earth Power|p2a: Toxapex
|-supereffective|p2a: Toxapex
|-damage|p2a: Toxapex|20/100 brn
|move|p2a: Toxapex|Recover|p2a: Toxapex
|-heal|p2a: Toxapex|70/100 brn
|
|-damage|p2a: Toxapex|63/100 brn|[from] brn
|upkeep
|turn|82
|
|t:|1665878975
|switch|p2a: Tornadus|Tornadus-Therian, M|100/100
|-damage|p2a: Tornadus|76/100|[from] Stealth Rock
|move|p1a: Gastrodon|Earth Power|p2a: Tornadus
|-immune|p2a: Tornadus
|
|upkeep
|turn|83
|
|t:|1665878980
|switch|p2a: Toxapex|Toxapex, M|97/100 brn
|-damage|p2a: Toxapex|84/100 brn|[from] Stealth Rock
|move|p1a: Gastrodon|Toxic||[still]
|-fail|p1a: Gastrodon
|
|-damage|p2a: Toxapex|78/100 brn|[from] brn
|upkeep
|turn|84
|
|t:|1665878984
|switch|p2a: Corviknight|Corviknight, M|72/100
|-damage|p2a: Corviknight|59/100|[from] Stealth Rock
|-ability|p2a: Corviknight|Pressure
|move|p1a: Gastrodon|Earth Power|p2a: Corviknight
|-immune|p2a: Corviknight
|
|upkeep
|turn|85
|
|t:|1665878988
|move|p2a: Corviknight|Roost|p2a: Corviknight
|-heal|p2a: Corviknight|100/100
|-singleturn|p2a: Corviknight|move: Roost
|move|p1a: Gastrodon|Scald|p2a: Corviknight
|-damage|p2a: Corviknight|76/100
|
|upkeep
|turn|86
|
|t:|1665878994
|switch|p2a: Toxapex|Toxapex, M|100/100 brn
|-damage|p2a: Toxapex|88/100 brn|[from] Stealth Rock
|move|p1a: Gastrodon|Scald|p2a: Toxapex
|-resisted|p2a: Toxapex
|-damage|p2a: Toxapex|76/100 brn
|
|-damage|p2a: Toxapex|70/100 brn|[from] brn
|upkeep
|turn|87
|
|t:|1665878999
|switch|p2a: Corviknight|Corviknight, M|76/100
|-damage|p2a: Corviknight|64/100|[from] Stealth Rock
|-ability|p2a: Corviknight|Pressure
|move|p1a: Gastrodon|Earth Power|p2a: Corviknight
|-immune|p2a: Corviknight
|
|upkeep
|turn|88
|
|t:|1665879005
|switch|p2a: Toxapex|Toxapex, M|100/100 brn
|-damage|p2a: Toxapex|88/100 brn|[from] Stealth Rock
|move|p1a: Gastrodon|Scald|p2a: Toxapex
|-resisted|p2a: Toxapex
|-damage|p2a: Toxapex|76/100 brn
|
|-damage|p2a: Toxapex|70/100 brn|[from] brn
|upkeep
|turn|89
|
|t:|1665879007
|move|p1a: Gastrodon|Earth Power|p2a: Toxapex
|-supereffective|p2a: Toxapex
|-damage|p2a: Toxapex|19/100 brn
|move|p2a: Toxapex|Recover|p2a: Toxapex
|-heal|p2a: Toxapex|69/100 brn
|
|-damage|p2a: Toxapex|63/100 brn|[from] brn
|upkeep
|turn|90
|
|t:|1665879011
|move|p1a: Gastrodon|Scald|p2a: Toxapex
|-resisted|p2a: Toxapex
|-damage|p2a: Toxapex|52/100 brn
|move|p2a: Toxapex|Recover|p2a: Toxapex
|-heal|p2a: Toxapex|100/100 brn
|
|-damage|p2a: Toxapex|94/100 brn|[from] brn
|upkeep
|turn|91
|
|t:|1665879014
|move|p1a: Gastrodon|Earth Power|p2a: Toxapex
|-supereffective|p2a: Toxapex
|-damage|p2a: Toxapex|43/100 brn
|move|p2a: Toxapex|Knock Off|p1a: Gastrodon
|-damage|p1a: Gastrodon|97/100
|
|-damage|p2a: Toxapex|37/100 brn|[from] brn
|upkeep
|turn|92
|j| Kwaga
|
|t:|1665879019
|switch|p1a: Reuniclus|Reuniclus, M, shiny|71/100
|-damage|p1a: Reuniclus|59/100|[from] Stealth Rock
|move|p2a: Toxapex|Recover|p2a: Toxapex
|-heal|p2a: Toxapex|87/100 brn
|
|-damage|p2a: Toxapex|80/100 brn|[from] brn
|upkeep
|turn|93
|
|t:|1665879024
|move|p2a: Toxapex|Light Screen|p2a: Toxapex
|-sidestart|p2: Highv0ltag3|move: Light Screen
|move|p1a: Reuniclus|Future Sight|p2a: Toxapex
|-start|p1a: Reuniclus|move: Future Sight
|
|-damage|p2a: Toxapex|74/100 brn|[from] brn
|upkeep
|turn|94
|
|t:|1665879027
|switch|p2a: Corviknight|Corviknight, M|64/100
|-damage|p2a: Corviknight|51/100|[from] Stealth Rock
|-ability|p2a: Corviknight|Pressure
|switch|p1a: Bewear|Bewear, M|68/100
|-damage|p1a: Bewear|62/100|[from] Stealth Rock
|
|upkeep
|turn|95
|
|t:|1665879030
|move|p1a: Bewear|Thunder Punch|p2a: Corviknight
|-supereffective|p2a: Corviknight
|-damage|p2a: Corviknight|18/100
|move|p2a: Corviknight|Roost|p2a: Corviknight
|-heal|p2a: Corviknight|68/100
|-singleturn|p2a: Corviknight|move: Roost
|
|-end|p2a: Corviknight|move: Future Sight
|-resisted|p2a: Corviknight
|-damage|p2a: Corviknight|55/100
|upkeep
|turn|96
|l| Kwaga
|
|t:|1665879035
|move|p1a: Bewear|Thunder Punch|p2a: Corviknight
|-supereffective|p2a: Corviknight
|-damage|p2a: Corviknight|20/100
|-status|p2a: Corviknight|par
|move|p2a: Corviknight|Roost|p2a: Corviknight
|-heal|p2a: Corviknight|70/100 par
|-singleturn|p2a: Corviknight|move: Roost
|
|upkeep
|turn|97
|
|t:|1665879045
|move|p1a: Bewear|Thunder Punch|p2a: Corviknight
|-supereffective|p2a: Corviknight
|-damage|p2a: Corviknight|31/100 par
|move|p2a: Corviknight|Body Press|p1a: Bewear
|-supereffective|p1a: Bewear
|-damage|p1a: Bewear|38/100
|
|-sideend|p2: Highv0ltag3|move: Light Screen
|upkeep
|turn|98
|
|t:|1665879052
|switch|p2a: Hippowdon|Hippowdon, F|88/100 tox
|-damage|p2a: Hippowdon|82/100 tox|[from] Stealth Rock
|-weather|Sandstorm|[from] ability: Sand Stream|[of] p2a: Hippowdon
|move|p1a: Bewear|Close Combat|p2a: Hippowdon
|-crit|p2a: Hippowdon
|-damage|p2a: Hippowdon|12/100 tox
|-unboost|p1a: Bewear|def|1
|-unboost|p1a: Bewear|spd|1
|
|-weather|Sandstorm|[upkeep]
|-damage|p1a: Bewear|32/100|[from] Sandstorm
|-heal|p2a: Hippowdon|18/100 tox|[from] item: Leftovers
|-damage|p2a: Hippowdon|12/100 tox|[from] psn
|upkeep
|turn|99
|
|t:|1665879059
|switch|p2a: Toxapex|Toxapex, M|100/100 brn
|-damage|p2a: Toxapex|88/100 brn|[from] Stealth Rock
|move|p1a: Bewear|Ice Punch|p2a: Toxapex
|-resisted|p2a: Toxapex
|-damage|p2a: Toxapex|79/100 brn
|
|-weather|Sandstorm|[upkeep]
|-damage|p1a: Bewear|26/100|[from] Sandstorm
|-damage|p2a: Toxapex|73/100 brn|[from] Sandstorm
|-damage|p2a: Toxapex|67/100 brn|[from] brn
|upkeep
|turn|100
|j| Jongruenwald
|
|t:|1665879071
|switch|p1a: Reuniclus|Reuniclus, M, shiny|92/100
|-damage|p1a: Reuniclus|80/100|[from] Stealth Rock
|move|p2a: Toxapex|Recover|p2a: Toxapex
|-heal|p2a: Toxapex|100/100 brn
|
|-weather|Sandstorm|[upkeep]
|-damage|p2a: Toxapex|94/100 brn|[from] Sandstorm
|-damage|p1a: Reuniclus|74/100|[from] Sandstorm
|-damage|p2a: Toxapex|88/100 brn|[from] brn
|upkeep
|turn|101
|
|t:|1665879076
|move|p2a: Toxapex|Light Screen|p2a: Toxapex
|-sidestart|p2: Highv0ltag3|move: Light Screen
|move|p1a: Reuniclus|Future Sight|p2a: Toxapex
|-start|p1a: Reuniclus|move: Future Sight
|
|-weather|Sandstorm|[upkeep]
|-damage|p2a: Toxapex|82/100 brn|[from] Sandstorm
|-damage|p1a: Reuniclus|68/100|[from] Sandstorm
|-damage|p2a: Toxapex|75/100 brn|[from] brn
|upkeep
|turn|102
|
|t:|1665879089
|switch|p2a: Hippowdon|Hippowdon, F|12/100 tox
|-damage|p2a: Hippowdon|6/100 tox|[from] Stealth Rock
|move|p1a: Reuniclus|Shadow Ball|p2a: Hippowdon
|-damage|p2a: Hippowdon|0 fnt
|faint|p2a: Hippowdon
|
|-weather|none
|upkeep
|
|t:|1665879091
|switch|p2a: Corviknight|Corviknight, M|31/100 par
|-damage|p2a: Corviknight|18/100 par|[from] Stealth Rock
|-ability|p2a: Corviknight|Pressure
|turn|103
|
|t:|1665879098
|move|p1a: Reuniclus|Focus Blast|p2a: Corviknight
|-damage|p2a: Corviknight|3/100 par
|move|p2a: Corviknight|Roost|p2a: Corviknight
|-heal|p2a: Corviknight|53/100 par
|-singleturn|p2a: Corviknight|move: Roost
|
|-end|p2a: Corviknight|move: Future Sight
|-resisted|p2a: Corviknight
|-damage|p2a: Corviknight|41/100 par
|upkeep
|turn|104
|
|t:|1665879101
|move|p1a: Reuniclus|Shadow Ball|p2a: Corviknight
|-damage|p2a: Corviknight|31/100 par
|move|p2a: Corviknight|Roost|p2a: Corviknight
|-heal|p2a: Corviknight|81/100 par
|-singleturn|p2a: Corviknight|move: Roost
|
|upkeep
|turn|105
|
|t:|1665879105
|move|p1a: Reuniclus|Shadow Ball|p2a: Corviknight
|-damage|p2a: Corviknight|71/100 par
|move|p2a: Corviknight|Roost|p2a: Corviknight
|-heal|p2a: Corviknight|100/100 par
|-singleturn|p2a: Corviknight|move: Roost
|
|-sideend|p2: Highv0ltag3|move: Light Screen
|upkeep
|turn|106
|
|t:|1665879109
|move|p1a: Reuniclus|Future Sight|p2a: Corviknight
|-start|p1a: Reuniclus|move: Future Sight
|move|p2a: Corviknight|Iron Defense|p2a: Corviknight
|-boost|p2a: Corviknight|def|2
|
|upkeep
|turn|107
|
|t:|1665879113
|switch|p1a: Clefable|Clefable, M|98/100
|-damage|p1a: Clefable|85/100|[from] Stealth Rock
|move|p2a: Corviknight|Iron Defense|p2a: Corviknight
|-boost|p2a: Corviknight|def|2
|
|upkeep
|turn|108
|
|t:|1665879116
|move|p1a: Clefable|Calm Mind|p1a: Clefable
|-boost|p1a: Clefable|spa|1
|-boost|p1a: Clefable|spd|1
|move|p2a: Corviknight|Body Press|p1a: Clefable
|-resisted|p1a: Clefable
|-damage|p1a: Clefable|76/100
|
|-end|p2a: Corviknight|move: Future Sight
|-resisted|p2a: Corviknight
|-damage|p2a: Corviknight|76/100 par
|upkeep
|turn|109
|
|t:|1665879120
|move|p1a: Clefable|Calm Mind|p1a: Clefable
|-boost|p1a: Clefable|spa|1
|-boost|p1a: Clefable|spd|1
|move|p2a: Corviknight|Body Press|p1a: Clefable
|-resisted|p1a: Clefable
|-crit|p1a: Clefable
|-damage|p1a: Clefable|62/100
|
|upkeep
|turn|110
|
|t:|1665879122
|switch|p2a: Toxapex|Toxapex, M|100/100 brn
|-damage|p2a: Toxapex|88/100 brn|[from] Stealth Rock
|move|p1a: Clefable|Calm Mind|p1a: Clefable
|-boost|p1a: Clefable|spa|1
|-boost|p1a: Clefable|spd|1
|
|-damage|p2a: Toxapex|82/100 brn|[from] brn
|upkeep
|turn|111
|
|t:|1665879124
|move|p1a: Clefable|Moonblast|p2a: Toxapex
|-resisted|p2a: Toxapex
|-damage|p2a: Toxapex|49/100 brn
|move|p2a: Toxapex|Haze|p2a: Toxapex
|-clearallboost
|
|-damage|p2a: Toxapex|43/100 brn|[from] brn
|upkeep
|turn|112
|
|t:|1665879127
|switch|p1a: Reuniclus|Reuniclus, M, shiny|100/100
|-damage|p1a: Reuniclus|88/100|[from] Stealth Rock
|switch|p2a: Clefable|Clefable, M|100/100
|
|upkeep
|turn|113
|inactiveoff|Battle timer is now OFF.
|
|t:|1665879141
|switch|p2a: Toxapex|Toxapex, M|76/100 brn
|-damage|p2a: Toxapex|64/100 brn|[from] Stealth Rock
|move|p1a: Reuniclus|Future Sight|p2a: Toxapex
|-start|p1a: Reuniclus|move: Future Sight
|
|-damage|p2a: Toxapex|57/100 brn|[from] brn
|upkeep
|turn|114
|
|t:|1665879146
|move|p2a: Toxapex|Light Screen|p2a: Toxapex
|-sidestart|p2: Highv0ltag3|move: Light Screen
|move|p1a: Reuniclus|Shadow Ball|p2a: Toxapex
|-damage|p2a: Toxapex|46/100 brn
|-unboost|p2a: Toxapex|spd|1
|
|-damage|p2a: Toxapex|40/100 brn|[from] brn
|upkeep
|turn|115
|
|t:|1665879150
|switch|p2a: Corviknight|Corviknight, M|76/100 par
|-damage|p2a: Corviknight|63/100 par|[from] Stealth Rock
|-ability|p2a: Corviknight|Pressure
|move|p1a: Reuniclus|Shadow Ball|p2a: Corviknight
|-damage|p2a: Corviknight|52/100 par
|
|-end|p2a: Corviknight|move: Future Sight
|-resisted|p2a: Corviknight
|-crit|p2a: Corviknight
|-damage|p2a: Corviknight|15/100 par
|upkeep
|turn|116
|j| cypherstest
|
|t:|1665879156
|move|p1a: Reuniclus|Focus Blast|p2a: Corviknight
|-damage|p2a: Corviknight|0 fnt
|faint|p2a: Corviknight
|
|upkeep
|
|t:|1665879165
|switch|p2a: Tornadus|Tornadus-Therian, M|100/100
|-damage|p2a: Tornadus|76/100|[from] Stealth Rock
|turn|117
|
|t:|1665879174
|move|p2a: Tornadus|Nasty Plot|p2a: Tornadus
|-boost|p2a: Tornadus|spa|2
|move|p1a: Reuniclus|Future Sight|p2a: Tornadus
|-start|p1a: Reuniclus|move: Future Sight
|
|upkeep
|turn|118
|
|t:|1665879178
|switch|p1a: Dragonite|Dragonite, F, shiny|100/100
|-damage|p1a: Dragonite|76/100|[from] Stealth Rock
|move|p2a: Tornadus|Hurricane|p1a: Dragonite
|-damage|p1a: Dragonite|0 fnt
|faint|p1a: Dragonite
|
|-sideend|p2: Highv0ltag3|move: Light Screen
|upkeep
|
|t:|1665879181
|switch|p1a: Clefable|Clefable, M|62/100
|-damage|p1a: Clefable|49/100|[from] Stealth Rock
|turn|119
|
|t:|1665879215
|move|p2a: Tornadus|Hurricane|p1a: Clefable
|-damage|p1a: Clefable|13/100
|move|p1a: Clefable|Soft-Boiled|p1a: Clefable
|-heal|p1a: Clefable|63/100
|
|-end|p2a: Tornadus|move: Future Sight
|-damage|p2a: Tornadus|19/100
|upkeep
|turn|120
|
|t:|1665879242
|switch|p2a: Toxapex|Toxapex, M|73/100 brn
|-damage|p2a: Toxapex|61/100 brn|[from] Stealth Rock
|move|p1a: Clefable|Soft-Boiled|p1a: Clefable
|-heal|p1a: Clefable|100/100
|
|-damage|p2a: Toxapex|54/100 brn|[from] brn
|upkeep
|turn|121
|
|t:|1665879246
|switch|p1a: Reuniclus|Reuniclus, M, shiny|100/100
|-damage|p1a: Reuniclus|88/100|[from] Stealth Rock
|move|p2a: Toxapex|Light Screen|p2a: Toxapex
|-sidestart|p2: Highv0ltag3|move: Light Screen
|
|-damage|p2a: Toxapex|48/100 brn|[from] brn
|upkeep
|turn|122
|
|t:|1665879251
|switch|p2a: Tornadus|Tornadus-Therian, M|52/100
|-damage|p2a: Tornadus|28/100|[from] Stealth Rock
|move|p1a: Reuniclus|Future Sight|p2a: Tornadus
|-start|p1a: Reuniclus|move: Future Sight
|
|upkeep
|turn|123
|
|t:|1665879260
|switch|p2a: Clefable|Clefable, M|100/100
|move|p1a: Reuniclus|Shadow Ball|p2a: Clefable
|-damage|p2a: Clefable|89/100
|
|upkeep
|turn|124
|
|t:|1665879272
|switch|p1a: Gastrodon|Gastrodon-East, F|97/100
|-damage|p1a: Gastrodon|91/100|[from] Stealth Rock
|move|p2a: Clefable|Calm Mind|p2a: Clefable
|-boost|p2a: Clefable|spa|1
|-boost|p2a: Clefable|spd|1
|
|-end|p2a: Clefable|move: Future Sight
|-damage|p2a: Clefable|72/100
|upkeep
|turn|125
|
|t:|1665879277
|switch|p2a: Toxapex|Toxapex, M|81/100 brn
|-damage|p2a: Toxapex|69/100 brn|[from] Stealth Rock
|move|p1a: Gastrodon|Toxic|p2a: Toxapex|[miss]
|-miss|p1a: Gastrodon|p2a: Toxapex
|
|-damage|p2a: Toxapex|63/100 brn|[from] brn
|-sideend|p2: Highv0ltag3|move: Light Screen
|upkeep
|turn|126
|
|t:|1665879281
|switch|p1a: Reuniclus|Reuniclus, M, shiny|100/100
|-damage|p1a: Reuniclus|88/100|[from] Stealth Rock
|move|p2a: Toxapex|Haze|p2a: Toxapex
|-clearallboost
|
|-damage|p2a: Toxapex|56/100 brn|[from] brn
|upkeep
|turn|127
|
|t:|1665879285
|switch|p2a: Clefable|Clefable, M|72/100
|move|p1a: Reuniclus|Future Sight|p2a: Clefable
|-start|p1a: Reuniclus|move: Future Sight
|
|upkeep
|turn|128
|
|t:|1665879290
|switch|p2a: Toxapex|Toxapex, M|90/100 brn
|-damage|p2a: Toxapex|77/100 brn|[from] Stealth Rock
|move|p1a: Reuniclus|Knock Off|p2a: Toxapex
|-damage|p2a: Toxapex|71/100 brn
|
|-damage|p2a: Toxapex|65/100 brn|[from] brn
|upkeep
|turn|129
|inactive|Battle timer is ON: inactive players will automatically lose when time's up. (requested by MrRuf4si)
|
|t:|1665879308
|move|p2a: Toxapex|Light Screen|p2a: Toxapex
|-sidestart|p2: Highv0ltag3|move: Light Screen
|move|p1a: Reuniclus|Shadow Ball|p2a: Toxapex
|-damage|p2a: Toxapex|54/100 brn
|
|-end|p2a: Toxapex|move: Future Sight
|-supereffective|p2a: Toxapex
|-damage|p2a: Toxapex|6/100 brn
|-damage|p2a: Toxapex|0 fnt|[from] brn
|faint|p2a: Toxapex
|upkeep
|
|t:|1665879315
|switch|p2a: Tornadus|Tornadus-Therian, M|61/100
|-damage|p2a: Tornadus|36/100|[from] Stealth Rock
|turn|130
|
|t:|1665879320
|move|p2a: Tornadus|Nasty Plot|p2a: Tornadus
|-boost|p2a: Tornadus|spa|2
|move|p1a: Reuniclus|Future Sight|p2a: Tornadus
|-start|p1a: Reuniclus|move: Future Sight
|
|upkeep
|turn|131
|
|t:|1665879331
|switch|p1a: Bewear|Bewear, M|26/100
|-damage|p1a: Bewear|20/100|[from] Stealth Rock
|move|p2a: Tornadus|Hurricane|p1a: Bewear
|-supereffective|p1a: Bewear
|-damage|p1a: Bewear|0 fnt
|faint|p1a: Bewear
|
|upkeep
|j| Udfhr
|
|t:|1665879333
|switch|p1a: Clefable|Clefable, M|100/100
|-damage|p1a: Clefable|88/100|[from] Stealth Rock
|turn|132
|
|t:|1665879337
|move|p2a: Tornadus|Hurricane|p1a: Clefable
|-crit|p1a: Clefable
|-damage|p1a: Clefable|30/100
|move|p1a: Clefable|Moonblast|p2a: Tornadus
|-damage|p2a: Tornadus|19/100
|
|-end|p2a: Tornadus|move: Future Sight
|-damage|p2a: Tornadus|0 fnt
|faint|p2a: Tornadus
|upkeep
|
|t:|1665879340
|switch|p2a: Clefable|Clefable, M|72/100
|turn|133
|
|t:|1665879343
|switch|p1a: Gastrodon|Gastrodon-East, F|91/100
|-damage|p1a: Gastrodon|85/100|[from] Stealth Rock
|move|p2a: Clefable|Calm Mind|p2a: Clefable
|-boost|p2a: Clefable|spa|1
|-boost|p2a: Clefable|spd|1
|
|-sideend|p2: Highv0ltag3|move: Light Screen
|upkeep
|turn|134
|
|t:|1665879348
|move|p2a: Clefable|Calm Mind|p2a: Clefable
|-boost|p2a: Clefable|spa|1
|-boost|p2a: Clefable|spd|1
|move|p1a: Gastrodon|Toxic|p2a: Clefable
|-status|p2a: Clefable|tox
|
|-damage|p2a: Clefable|65/100 tox|[from] psn
|upkeep
|turn|135
|
|t:|1665879351
|move|p2a: Clefable|Calm Mind|p2a: Clefable
|-boost|p2a: Clefable|spa|1
|-boost|p2a: Clefable|spd|1
|move|p1a: Gastrodon|Scald|p2a: Clefable
|-damage|p2a: Clefable|56/100 tox
|
|-damage|p2a: Clefable|43/100 tox|[from] psn
|upkeep
|turn|136
|
|t:|1665879356
|switch|p1a: Clefable|Clefable, M|30/100
|-damage|p1a: Clefable|18/100|[from] Stealth Rock
|move|p2a: Clefable|Calm Mind|p2a: Clefable
|-boost|p2a: Clefable|spa|1
|-boost|p2a: Clefable|spd|1
|
|-damage|p2a: Clefable|25/100 tox|[from] psn
|upkeep
|turn|137
|j| ISimpForIono
|
|t:|1665879361
|move|p1a: Clefable|Soft-Boiled|p1a: Clefable
|-heal|p1a: Clefable|68/100
|move|p2a: Clefable|Moonblast|p1a: Clefable
|-damage|p1a: Clefable|37/100
|
|-damage|p2a: Clefable|1/100 tox|[from] psn
|upkeep
|turn|138
|j| Guizinsssxz
|l| EdaltNeru
|c|☆Highv0ltag3|GgGg
|-message|Highv0ltag3 forfeited.
|
|win|MrRuf4si
|raw|MrRuf4si's rating: 1754 &rarr; <strong>1782</strong><br />(+28 for winning)
|raw|Highv0ltag3's rating: 1902 &rarr; <strong>1874</strong><br />(-28 for losing)
|l|☆Highv0ltag3
|l| Guizinsssxz
|l| RazorForce21
|l| cypherstest
||Ladder isn't responding, score probably updated but might not have (Request timeout).
