|j|☆fardin
|j|☆bramitoboy
|t:|1661121742
|gametype|singles
|player|p1|fardin|1|1819
|player|p2|bramitoboy|1|1898
|teamsize|p1|6
|teamsize|p2|6
|gen|8
|tier|[Gen 8] OU
|rated|
|rule|Sleep Clause Mod: Limit one foe put to sleep
|rule|Species Clause: Limit one of each Pokémon
|rule|OHKO Clause: OHKO moves are banned
|rule|Evasion Items Clause: Evasion items are banned
|rule|Evasion Moves Clause: Evasion moves are banned
|rule|Endless Battle Clause: Forcing endless battles is banned
|rule|HP Percentage Mod: HP is shown in percentages
|rule|Dynamax Clause: You cannot dynamax
|clearpoke
|poke|p1|Weavile, F|
|poke|p1|Nidoking, M|
|poke|p1|Garchomp, M|
|poke|p1|Heatran, M|
|poke|p1|Tornadus-Therian, M|
|poke|p1|Urshifu-*, F|
|poke|p2|Zarude-Dada|
|poke|p2|Keldeo-Resolute|
|poke|p2|Tapu Lele|
|poke|p2|Tapu Koko|
|poke|p2|Heatran, F|
|poke|p2|Landorus-Therian, M|
|teampreview
|inactive|Battle timer is ON: inactive players will automatically lose when time's up. (requested by fardin)
|j| Lilpeen9991
|
|t:|1661121767
|start
|switch|p1a: Urshifu|Urshifu-Rapid-Strike, F|100/100
|switch|p2a: Tapu Lele|Tapu Lele|100/100
|-fieldstart|move: Psychic Terrain|[from] ability: Psychic Surge|[of] p2a: Tapu Lele
|turn|1
|
|t:|1661121774
|switch|p1a: Heatran|Heatran, M|100/100
|move|p2a: Tapu Lele|Focus Blast|p1a: Heatran
|-supereffective|p1a: Heatran
|-damage|p1a: Heatran|43/100
|
|-heal|p1a: Heatran|49/100|[from] item: Leftovers
|upkeep
|turn|2
|
|t:|1661121792
|switch|p1a: Tornadus|Tornadus-Therian, M|100/100
|move|p2a: Tapu Lele|Psyshock|p1a: Tornadus
|-damage|p1a: Tornadus|38/100
|
|upkeep
|turn|3
|j| Plasmeek
|
|t:|1661121801
|move|p1a: Tornadus|U-turn|p2a: Tapu Lele
|-damage|p2a: Tapu Lele|76/100
|
|t:|1661121805
|switch|p1a: Heatran|Heatran, M|49/100|[from]move: U-turn
|move|p2a: Tapu Lele|Thunderbolt|p1a: Heatran
|-damage|p1a: Heatran|29/100
|
|-heal|p1a: Heatran|35/100|[from] item: Leftovers
|upkeep
|turn|4
|
|t:|1661121813
|move|p2a: Tapu Lele|Focus Blast|p1a: Heatran
|-supereffective|p1a: Heatran
|-damage|p1a: Heatran|0 fnt
|faint|p1a: Heatran
|
|upkeep
|
|t:|1661121816
|switch|p1a: Weavile|Weavile, F|100/100
|-ability|p1a: Weavile|Pressure
|turn|5
|j| Zinini5
|
|t:|1661121823
|switch|p2a: Landorus|Landorus-Therian, M|100/100
|-ability|p2a: Landorus|Intimidate|boost
|-unboost|p1a: Weavile|atk|1
|move|p1a: Weavile|Knock Off|p2a: Landorus
|-damage|p2a: Landorus|64/100
|-damage|p1a: Weavile|84/100|[from] item: Rocky Helmet|[of] p2a: Landorus
|-enditem|p2a: Landorus|Rocky Helmet|[from] move: Knock Off|[of] p1a: Weavile
|
|-fieldend|move: Psychic Terrain
|upkeep
|turn|6
|j| Devilex
|
|t:|1661121829
|switch|p1a: Nidoking|Nidoking, M|100/100
|move|p2a: Landorus|Knock Off|p1a: Nidoking
|-damage|p1a: Nidoking|55/100
|-enditem|p1a: Nidoking|Life Orb|[from] move: Knock Off|[of] p2a: Landorus
|
|upkeep
|turn|7
|
|t:|1661121840
|switch|p2a: Heatran|Heatran, F|100/100
|-item|p2a: Heatran|Air Balloon
|move|p1a: Nidoking|Sludge Wave|p2a: Heatran
|-immune|p2a: Heatran
|
|upkeep
|turn|8
|
|t:|1661121848
|switch|p1a: Urshifu|Urshifu-Rapid-Strike, F|100/100
|move|p2a: Heatran|Magma Storm|p1a: Urshifu
|-resisted|p1a: Urshifu
|-damage|p1a: Urshifu|60/100
|-activate|p1a: Urshifu|move: Magma Storm|[of] p2a: Heatran
|
|-damage|p1a: Urshifu|48/100|[from] move: Magma Storm|[partiallytrapped]
|upkeep
|turn|9
|
|t:|1661121855
|switch|p2a: Landorus|Landorus-Therian, M|64/100
|-ability|p2a: Landorus|Intimidate|boost
|-unboost|p1a: Urshifu|atk|1
|move|p1a: Urshifu|Thunder Punch|p2a: Landorus
|-immune|p2a: Landorus
|
|-end|p1a: Urshifu|Magma Storm|[partiallytrapped]|[silent]
|upkeep
|turn|10
|
|t:|1661121864
|move|p1a: Urshifu|U-turn|p2a: Landorus
|-resisted|p2a: Landorus
|-damage|p2a: Landorus|58/100
|
|t:|1661121866
|switch|p1a: Tornadus|Tornadus-Therian, M|71/100|[from]move: U-turn
|move|p2a: Landorus|Knock Off|p1a: Tornadus
|-damage|p1a: Tornadus|40/100
|-enditem|p1a: Tornadus|Heavy-Duty Boots|[from] move: Knock Off|[of] p2a: Landorus
|
|upkeep
|turn|11
|
|t:|1661121876
|switch|p2a: Tapu Koko|Tapu Koko|100/100
|-fieldstart|move: Electric Terrain|[from] ability: Electric Surge|[of] p2a: Tapu Koko
|move|p1a: Tornadus|U-turn|p2a: Tapu Koko
|-resisted|p2a: Tapu Koko
|-damage|p2a: Tapu Koko|90/100
|j| RealMadridOfficial
|
|t:|1661121878
|switch|p1a: Nidoking|Nidoking, M|55/100|[from]move: U-turn
|
|upkeep
|turn|12
|
|t:|1661121884
|switch|p2a: Keldeo|Keldeo-Resolute|100/100
|move|p1a: Nidoking|Earth Power|p2a: Keldeo
|-damage|p2a: Keldeo|45/100
|
|-heal|p2a: Keldeo|51/100|[from] item: Leftovers
|upkeep
|turn|13
|
|t:|1661121897
|switch|p1a: Tornadus|Tornadus-Therian, M|73/100
|move|p2a: Keldeo|Scald|p1a: Tornadus
|-damage|p1a: Tornadus|33/100
|-status|p1a: Tornadus|brn
|
|-heal|p2a: Keldeo|57/100|[from] item: Leftovers
|-damage|p1a: Tornadus|27/100 brn|[from] brn
|upkeep
|turn|14
|
|t:|1661121905
|switch|p2a: Tapu Koko|Tapu Koko|90/100
|move|p1a: Tornadus|Knock Off|p2a: Tapu Koko
|-resisted|p2a: Tapu Koko
|-crit|p2a: Tapu Koko
|-damage|p2a: Tapu Koko|79/100
|-enditem|p2a: Tapu Koko|Choice Scarf|[from] move: Knock Off|[of] p1a: Tornadus
|
|-damage|p1a: Tornadus|20/100 brn|[from] brn
|upkeep
|turn|15
|
|t:|1661121914
|switch|p1a: Nidoking|Nidoking, M|55/100
|move|p2a: Tapu Koko|Dazzling Gleam|p1a: Nidoking
|-resisted|p1a: Nidoking
|-crit|p1a: Nidoking
|-damage|p1a: Nidoking|16/100
|
|-fieldend|move: Electric Terrain
|upkeep
|turn|16
|j| LT94JEcrabouille
|
|t:|1661121923
|move|p2a: Tapu Koko|Dazzling Gleam|p1a: Nidoking
|-resisted|p1a: Nidoking
|-damage|p1a: Nidoking|0 fnt
|faint|p1a: Nidoking
|
|upkeep
|c|☆fardin|rip
|c|☆bramitoboy|yes
|
|t:|1661121933
|switch|p1a: Garchomp|Garchomp, M|100/100
|turn|17
|l| LT94JEcrabouille
|
|t:|1661121945
|switch|p2a: Landorus|Landorus-Therian, M|58/100
|-ability|p2a: Landorus|Intimidate|boost
|-unboost|p1a: Garchomp|atk|1
|move|p1a: Garchomp|Swords Dance|p1a: Garchomp
|-boost|p1a: Garchomp|atk|2
|
|upkeep
|turn|18
|
|t:|1661121953
|switch|p2a: Tapu Koko|Tapu Koko|79/100
|-fieldstart|move: Electric Terrain|[from] ability: Electric Surge|[of] p2a: Tapu Koko
|move|p1a: Garchomp|Scale Shot|p2a: Tapu Koko
|-immune|p2a: Tapu Koko
|
|upkeep
|turn|19
|j| POKEMH
|
|t:|1661121960
|move|p2a: Tapu Koko|Dazzling Gleam|p1a: Garchomp
|-supereffective|p1a: Garchomp
|-damage|p1a: Garchomp|18/100
|move|p1a: Garchomp|Earthquake|p2a: Tapu Koko
|-supereffective|p2a: Tapu Koko
|-damage|p2a: Tapu Koko|0 fnt
|faint|p2a: Tapu Koko
|
|-heal|p1a: Garchomp|24/100|[from] item: Leftovers
|upkeep
|
|t:|1661121973
|switch|p2a: Zarude|Zarude-Dada|100/100
|turn|20
|
|t:|1661121981
|switch|p1a: Weavile|Weavile, F|84/100
|-ability|p1a: Weavile|Pressure
|move|p2a: Zarude|Darkest Lariat|p1a: Weavile
|-resisted|p1a: Weavile
|-damage|p1a: Weavile|41/100
|-damage|p2a: Zarude|91/100|[from] item: Life Orb
|
|upkeep
|turn|21
|
|t:|1661121998
|switch|p2a: Heatran|Heatran, F|100/100
|-item|p2a: Heatran|Air Balloon
|move|p1a: Weavile|Triple Axel|p2a: Heatran
|-resisted|p2a: Heatran
|-damage|p2a: Heatran|98/100
|-enditem|p2a: Heatran|Air Balloon
|-resisted|p2a: Heatran
|-damage|p2a: Heatran|92/100
|-resisted|p2a: Heatran
|-damage|p2a: Heatran|82/100
|-hitcount|p2a: Heatran|3
|
|upkeep
|turn|22
|
|t:|1661122007
|switch|p1a: Tornadus|Tornadus-Therian, M|54/100 brn
|move|p2a: Heatran|Earth Power|p1a: Tornadus
|-immune|p1a: Tornadus
|
|-damage|p1a: Tornadus|48/100 brn|[from] brn
|-fieldend|move: Electric Terrain
|upkeep
|turn|23
|j|+Dragonillis
|
|t:|1661122014
|move|p1a: Tornadus|U-turn|p2a: Heatran
|-resisted|p2a: Heatran
|-damage|p2a: Heatran|81/100
|
|t:|1661122015
|switch|p1a: Urshifu|Urshifu-Rapid-Strike, F|48/100|[from]move: U-turn
|move|p2a: Heatran|Earth Power|p1a: Urshifu
|-damage|p1a: Urshifu|0 fnt
|faint|p1a: Urshifu
|
|upkeep
|
|t:|1661122017
|switch|p1a: Garchomp|Garchomp, M|24/100
|turn|24
|
|t:|1661122024
|move|p1a: Garchomp|Earthquake|p2a: Heatran
|-supereffective|p2a: Heatran
|-damage|p2a: Heatran|0 fnt
|faint|p2a: Heatran
|
|-heal|p1a: Garchomp|30/100|[from] item: Leftovers
|upkeep
|
|t:|1661122028
|switch|p2a: Zarude|Zarude-Dada|91/100
|turn|25
|
|t:|1661122031
|switch|p1a: Tornadus|Tornadus-Therian, M|81/100 brn
|move|p2a: Zarude|Darkest Lariat|p1a: Tornadus
|-damage|p1a: Tornadus|30/100 brn
|-damage|p2a: Zarude|81/100|[from] item: Life Orb
|
|-damage|p1a: Tornadus|23/100 brn|[from] brn
|upkeep
|turn|26
|j| Ninjack21
|l| Ninjack21
|
|t:|1661122042
|switch|p2a: Landorus|Landorus-Therian, M|58/100
|-ability|p2a: Landorus|Intimidate|boost
|-unboost|p1a: Tornadus|atk|1
|move|p1a: Tornadus|U-turn|p2a: Landorus
|-resisted|p2a: Landorus
|-damage|p2a: Landorus|56/100
|
|t:|1661122047
|switch|p1a: Weavile|Weavile, F|41/100|[from]move: U-turn
|-ability|p1a: Weavile|Pressure
|
|upkeep
|turn|27
|
|t:|1661122068
|move|p1a: Weavile|Triple Axel|p2a: Landorus
|-supereffective|p2a: Landorus
|-damage|p2a: Landorus|6/100
|-supereffective|p2a: Landorus
|-damage|p2a: Landorus|0 fnt
|faint|p2a: Landorus
|-hitcount|p2: Landorus|2
|
|upkeep
|
|t:|1661122072
|switch|p2a: Keldeo|Keldeo-Resolute|57/100
|turn|28
|
|t:|1661122099
|switch|p1a: Tornadus|Tornadus-Therian, M|57/100 brn
|move|p2a: Keldeo|Substitute|p2a: Keldeo
|-start|p2a: Keldeo|Substitute
|-damage|p2a: Keldeo|32/100
|
|-heal|p2a: Keldeo|38/100|[from] item: Leftovers
|-damage|p1a: Tornadus|51/100 brn|[from] brn
|upkeep
|turn|29
|c|☆fardin|i dont have cane on  this ur bailed
|inactive|fardin has 120 seconds left.
|
|t:|1661122119
|move|p1a: Tornadus|U-turn|p2a: Keldeo
|-resisted|p2a: Keldeo
|-activate|p2a: Keldeo|move: Substitute|[damage]
|
|t:|1661122121
|switch|p1a: Garchomp|Garchomp, M|30/100|[from]move: U-turn
|move|p2a: Keldeo|Scald|p1a: Garchomp
|-damage|p1a: Garchomp|0 fnt
|faint|p1a: Garchomp
|
|-heal|p2a: Keldeo|45/100|[from] item: Leftovers
|upkeep
|
|t:|1661122122
|switch|p1a: Tornadus|Tornadus-Therian, M|84/100 brn
|turn|30
|
|t:|1661122134
|move|p1a: Tornadus|Heat Wave|p2a: Keldeo
|-resisted|p2a: Keldeo
|-activate|p2a: Keldeo|move: Substitute|[damage]
|move|p2a: Keldeo|Scald|p1a: Tornadus
|-damage|p1a: Tornadus|43/100 brn
|
|-heal|p2a: Keldeo|51/100|[from] item: Leftovers
|-damage|p1a: Tornadus|37/100 brn|[from] brn
|upkeep
|turn|31
|c|☆bramitoboy|you would have hurricane
|j| 49erz$
|
|t:|1661122153
|move|p1a: Tornadus|U-turn|p2a: Keldeo
|-resisted|p2a: Keldeo
|-activate|p2a: Keldeo|move: Substitute|[damage]
|l| 49erz$
|
|t:|1661122155
|switch|p1a: Weavile|Weavile, F|41/100|[from]move: U-turn
|-ability|p1a: Weavile|Pressure
|move|p2a: Keldeo|Scald|p1a: Weavile
|-damage|p1a: Weavile|0 fnt
|faint|p1a: Weavile
|
|-heal|p2a: Keldeo|57/100|[from] item: Leftovers
|upkeep
|-message|fardin forfeited.
|
|win|bramitoboy
|raw|fardin's rating: 1819 &rarr; <strong>1803</strong><br />(-16 for losing)
|raw|bramitoboy's rating: 1898 &rarr; <strong>1914</strong><br />(+16 for winning)
|l|☆fardin
|l| Lilpeen9991
|l| RealMadridOfficial
||Ladder isn't responding, score probably updated but might not have (Request timeout).
