|raw|<div class="broadcast-blue"><strong>This battle is required to be public due to a player having a name starting with 'lt92pf'.</div>
|j|☆yhdrslb
|j|☆LT92PF yes bebe
|t:|1660160614
|gametype|singles
|player|p1|yhdrslb|169|1661
|player|p2|LT92PF yes bebe|camper|1709
|teamsize|p1|6
|teamsize|p2|6
|gen|8
|tier|[Gen 8] OU
|rated|
|rule|Sleep Clause Mod: Limit one foe put to sleep
|rule|Species Clause: Limit one of each Pokémon
|rule|OHKO Clause: OHKO moves are banned
|rule|Evasion Items Clause: Evasion items are banned
|rule|Evasion Moves Clause: Evasion moves are banned
|rule|Endless Battle Clause: Forcing endless battles is banned
|rule|HP Percentage Mod: HP is shown in percentages
|rule|Dynamax Clause: You cannot dynamax
|clearpoke
|poke|p1|Tapu Koko|
|poke|p1|Hawlucha, F|
|poke|p1|Garchomp, F|
|poke|p1|Ferrothorn, M|
|poke|p1|Victini|
|poke|p1|Regieleki|
|poke|p2|Kommo-o, F|
|poke|p2|Tapu Koko|
|poke|p2|Hawlucha, F|
|poke|p2|Kartana|
|poke|p2|Mew|
|poke|p2|Landorus-Therian, M|
|teampreview
|inactive|Battle timer is ON: inactive players will automatically lose when time's up. (requested by LT92PF yes bebe)
|
|t:|1660160621
|start
|switch|p1a: Tapu Koko|Tapu Koko|100/100
|switch|p2a: Landorus|Landorus-Therian, M|100/100
|-fieldstart|move: Electric Terrain|[from] ability: Electric Surge|[of] p1a: Tapu Koko
|-ability|p2a: Landorus|Intimidate|boost
|-unboost|p1a: Tapu Koko|atk|1
|turn|1
|
|t:|1660160625
|move|p1a: Tapu Koko|U-turn|p2a: Landorus
|-resisted|p2a: Landorus
|-damage|p2a: Landorus|94/100
|
|t:|1660160627
|switch|p1a: Garchomp|Garchomp, F|100/100|[from]move: U-turn
|move|p2a: Landorus|Earthquake|p1a: Garchomp
|-damage|p1a: Garchomp|65/100
|
|-heal|p1a: Garchomp|71/100|[from] item: Leftovers
|upkeep
|turn|2
|
|t:|1660160630
|move|p2a: Landorus|Stealth Rock|p1a: Garchomp
|-sidestart|p1: yhdrslb|move: Stealth Rock
|move|p1a: Garchomp|Stealth Rock|p2a: Landorus
|-sidestart|p2: LT92PF yes bebe|move: Stealth Rock
|
|-heal|p1a: Garchomp|78/100|[from] item: Leftovers
|upkeep
|turn|3
|
|t:|1660160632
|move|p2a: Landorus|Swords Dance|p2a: Landorus
|-boost|p2a: Landorus|atk|2
|move|p1a: Garchomp|Toxic|p2a: Landorus
|-status|p2a: Landorus|tox
|
|-heal|p1a: Garchomp|84/100|[from] item: Leftovers
|-damage|p2a: Landorus|88/100 tox|[from] psn
|upkeep
|turn|4
|
|t:|1660160638
|switch|p1a: Hawlucha|Hawlucha, F|100/100
|-damage|p1a: Hawlucha|88/100|[from] Stealth Rock
|-enditem|p1a: Hawlucha|Electric Seed
|-boost|p1a: Hawlucha|def|1|[from] item: Electric Seed
|move|p2a: Landorus|Earthquake|p1a: Hawlucha
|-immune|p1a: Hawlucha
|
|-damage|p2a: Landorus|76/100 tox|[from] psn
|upkeep
|turn|5
|
|t:|1660160642
|move|p1a: Hawlucha|Substitute|p1a: Hawlucha
|-start|p1a: Hawlucha|Substitute
|-damage|p1a: Hawlucha|63/100
|move|p2a: Landorus|Explosion|p1a: Hawlucha
|-end|p1a: Hawlucha|Substitute
|faint|p2a: Landorus
|
|upkeep
|
|t:|1660160646
|switch|p2a: Hawlucha|Hawlucha, F|100/100
|-damage|p2a: Hawlucha|88/100|[from] Stealth Rock
|-enditem|p2a: Hawlucha|Electric Seed
|-boost|p2a: Hawlucha|def|1|[from] item: Electric Seed
|turn|6
|
|t:|1660160649
|move|p2a: Hawlucha|Acrobatics|p1a: Hawlucha
|-supereffective|p1a: Hawlucha
|-damage|p1a: Hawlucha|0 fnt
|faint|p1a: Hawlucha
|
|upkeep
|
|t:|1660160651
|switch|p1a: Tapu Koko|Tapu Koko|100/100
|-damage|p1a: Tapu Koko|88/100|[from] Stealth Rock
|turn|7
|
|t:|1660160658
|move|p2a: Hawlucha|Close Combat|p1a: Tapu Koko
|-resisted|p1a: Tapu Koko
|-damage|p1a: Tapu Koko|47/100
|-unboost|p2a: Hawlucha|def|1
|-unboost|p2a: Hawlucha|spd|1
|move|p1a: Tapu Koko|Thunderbolt|p2a: Hawlucha
|-supereffective|p2a: Hawlucha
|-crit|p2a: Hawlucha
|-damage|p2a: Hawlucha|0 fnt
|faint|p2a: Hawlucha
|
|upkeep
|
|t:|1660160663
|switch|p2a: Tapu Koko|Tapu Koko|100/100
|-damage|p2a: Tapu Koko|88/100|[from] Stealth Rock
|turn|8
|
|t:|1660160667
|switch|p1a: Ferrothorn|Ferrothorn, M|100/100
|-damage|p1a: Ferrothorn|94/100|[from] Stealth Rock
|move|p2a: Tapu Koko|Light Screen|p2a: Tapu Koko
|-sidestart|p2: LT92PF yes bebe|move: Light Screen
|
|-heal|p1a: Ferrothorn|100/100|[from] item: Leftovers
|-fieldend|move: Electric Terrain
|upkeep
|turn|9
|
|t:|1660160679
|switch|p1a: Tapu Koko|Tapu Koko|47/100
|-damage|p1a: Tapu Koko|35/100|[from] Stealth Rock
|-fieldstart|move: Electric Terrain|[from] ability: Electric Surge|[of] p1a: Tapu Koko
|move|p2a: Tapu Koko|Taunt|p1a: Tapu Koko
|-start|p1a: Tapu Koko|move: Taunt
|
|upkeep
|turn|10
|
|t:|1660160681
|move|p2a: Tapu Koko|Reflect|p2a: Tapu Koko
|-sidestart|p2: LT92PF yes bebe|Reflect
|move|p1a: Tapu Koko|U-turn|p2a: Tapu Koko
|-resisted|p2a: Tapu Koko
|-damage|p2a: Tapu Koko|83/100
|
|t:|1660160692
|switch|p1a: Regieleki|Regieleki|100/100|[from]move: U-turn
|-damage|p1a: Regieleki|88/100|[from] Stealth Rock
|
|upkeep
|turn|11
|
|t:|1660160694
|move|p1a: Regieleki|Rapid Spin|p2a: Tapu Koko
|-damage|p2a: Tapu Koko|77/100
|-boost|p1a: Regieleki|spe|1
|-sideend|p1: yhdrslb|Stealth Rock|[from] move: Rapid Spin|[of] p1a: Regieleki
|move|p2a: Tapu Koko|U-turn|p1a: Regieleki
|-damage|p1a: Regieleki|51/100
|
|t:|1660160696
|switch|p2a: Kommo-o|Kommo-o, F|100/100|[from]move: U-turn
|-damage|p2a: Kommo-o|94/100|[from] Stealth Rock
|
|upkeep
|turn|12
|
|t:|1660160700
|move|p1a: Regieleki|Volt Switch|p2a: Kommo-o
|-resisted|p2a: Kommo-o
|-damage|p2a: Kommo-o|75/100
|
|t:|1660160706
|switch|p1a: Garchomp|Garchomp, F|84/100|[from]move: Volt Switch
|move|p2a: Kommo-o|Substitute|p2a: Kommo-o
|-start|p2a: Kommo-o|Substitute
|-damage|p2a: Kommo-o|50/100
|
|-heal|p1a: Garchomp|90/100|[from] item: Leftovers
|upkeep
|turn|13
|
|t:|1660160715
|switch|p1a: Tapu Koko|Tapu Koko|35/100
|move|p2a: Kommo-o|Drain Punch|p1a: Tapu Koko
|-resisted|p1a: Tapu Koko
|-damage|p1a: Tapu Koko|10/100
|-heal|p2a: Kommo-o|62/100|[from] drain|[of] p1a: Tapu Koko
|
|upkeep
|turn|14
|
|t:|1660160720
|move|p1a: Tapu Koko|Taunt|p2a: Kommo-o
|-start|p2a: Kommo-o|move: Taunt
|cant|p2a: Kommo-o|move: Taunt|Belly Drum
|
|upkeep
|turn|15
|
|t:|1660160739
|switch|p1a: Victini|Victini|100/100
|move|p2a: Kommo-o|Drain Punch|p1a: Victini
|-resisted|p1a: Victini
|-damage|p1a: Victini|84/100
|-heal|p2a: Kommo-o|72/100|[from] drain|[of] p1a: Victini
|
|-sideend|p2: LT92PF yes bebe|move: Light Screen
|upkeep
|turn|16
|
|t:|1660160743
|move|p1a: Victini|Bolt Strike|p2a: Kommo-o
|-resisted|p2a: Kommo-o
|-activate|p2a: Kommo-o|move: Substitute|[damage]
|move|p2a: Kommo-o|Thunder Punch|p1a: Victini
|-damage|p1a: Victini|52/100
|
|-end|p2a: Kommo-o|move: Taunt
|-fieldend|move: Electric Terrain
|upkeep
|turn|17
|
|t:|1660160762
|move|p1a: Victini|Final Gambit|p2a: Kommo-o
|-end|p2a: Kommo-o|Substitute
|faint|p1a: Victini
|move|p2a: Kommo-o|Belly Drum|p2a: Kommo-o
|-damage|p2a: Kommo-o|22/100
|-setboost|p2a: Kommo-o|atk|6|[from] move: Belly Drum
|-enditem|p2a: Kommo-o|Salac Berry|[eat]
|-boost|p2a: Kommo-o|spe|1|[from] item: Salac Berry
|
|-sideend|p2: LT92PF yes bebe|Reflect
|upkeep
|
|t:|1660160766
|switch|p1a: Regieleki|Regieleki|51/100
|turn|18
|
|t:|1660160767
|move|p1a: Regieleki|Volt Switch|p2a: Kommo-o
|-resisted|p2a: Kommo-o
|-damage|p2a: Kommo-o|0 fnt
|faint|p2a: Kommo-o
|
|t:|1660160771
|switch|p1a: Tapu Koko|Tapu Koko|10/100|[from]move: Volt Switch
|-fieldstart|move: Electric Terrain|[from] ability: Electric Surge|[of] p1a: Tapu Koko
|
|upkeep
|
|t:|1660160775
|switch|p2a: Tapu Koko|Tapu Koko|77/100
|-damage|p2a: Tapu Koko|64/100|[from] Stealth Rock
|turn|19
|
|t:|1660160777
|move|p2a: Tapu Koko|Light Screen|p2a: Tapu Koko
|-sidestart|p2: LT92PF yes bebe|move: Light Screen
|move|p1a: Tapu Koko|Taunt|p2a: Tapu Koko
|-start|p2a: Tapu Koko|move: Taunt
|
|upkeep
|turn|20
|
|t:|1660160782
|move|p1a: Tapu Koko|U-turn|p2a: Tapu Koko
|-resisted|p2a: Tapu Koko
|-damage|p2a: Tapu Koko|55/100
|
|t:|1660160785
|switch|p1a: Regieleki|Regieleki|51/100|[from]move: U-turn
|move|p2a: Tapu Koko|U-turn|p1a: Regieleki
|-damage|p1a: Regieleki|18/100
|
|t:|1660160788
|switch|p2a: Kartana|Kartana|100/100|[from]move: U-turn
|-damage|p2a: Kartana|94/100|[from] Stealth Rock
|
|upkeep
|turn|21
|
|t:|1660160816
|move|p1a: Regieleki|Rising Voltage|p2a: Kartana
|-hint|Rising Voltage's BP doubled on grounded target.
|-resisted|p2a: Kartana
|-damage|p2a: Kartana|0 fnt
|faint|p2a: Kartana
|
|upkeep
|c|☆LT92PF yes bebe|Aïe fullspeed
|
|t:|1660160828
|switch|p2a: Mew|Mew|100/100
|-damage|p2a: Mew|88/100|[from] Stealth Rock
|turn|22
|
|t:|1660160832
|move|p1a: Regieleki|Volt Switch|p2a: Mew
|-damage|p2a: Mew|58/100
|
|t:|1660160835
|switch|p1a: Tapu Koko|Tapu Koko|10/100|[from]move: Volt Switch
|move|p2a: Mew|Body Press|p1a: Tapu Koko
|-resisted|p1a: Tapu Koko
|-damage|p1a: Tapu Koko|0 fnt
|faint|p1a: Tapu Koko
|
|upkeep
|
|t:|1660160836
|switch|p1a: Regieleki|Regieleki|18/100
|turn|23
|inactive|yhdrslb has 120 seconds left.
|
|t:|1660160867
|move|p1a: Regieleki|Rising Voltage|p2a: Mew
|-hint|Rising Voltage's BP doubled on grounded target.
|-damage|p2a: Mew|0 fnt
|faint|p2a: Mew
|
|upkeep
|c|☆yhdrslb|GG
|-message|LT92PF yes bebe forfeited.
|
|win|yhdrslb
|raw|yhdrslb's rating: 1661 &rarr; <strong>1684</strong><br />(+23 for winning)
|raw|LT92PF yes bebe's rating: 1709 &rarr; <strong>1686</strong><br />(-23 for losing)
|l|☆LT92PF yes bebe
||Ladder isn't responding, score probably updated but might not have (Request timeout).
