|html|<div class="broadcast-blue"><strong>[Gen 8] OU is currently suspecting Melmetal! For information on how to participate check out the <a href="https://www.smogon.com/forums/threads/np-ss-ou-suspect-process-round-12-monster-mash.3709234/">suspect thread</a>.</strong></div>
|j|☆dddjfdw
|j|☆minimax_ai
|t:|1666697429
|gametype|singles
|player|p1|dddjfdw|266|1486
|player|p2|minimax_ai|lusamine-nihilego|1527
|teamsize|p1|6
|teamsize|p2|6
|gen|8
|tier|[Gen 8] OU
|rated|
|rule|Sleep Clause Mod: Limit one foe put to sleep
|rule|Species Clause: Limit one of each Pokémon
|rule|OHKO Clause: OHKO moves are banned
|rule|Evasion Items Clause: Evasion items are banned
|rule|Evasion Moves Clause: Evasion moves are banned
|rule|Endless Battle Clause: Forcing endless battles is banned
|rule|HP Percentage Mod: HP is shown in percentages
|rule|Dynamax Clause: You cannot dynamax
|clearpoke
|poke|p1|Landorus-Therian, M|
|poke|p1|Heatran, M|
|poke|p1|Slowbro, M|
|poke|p1|Urshifu-*, F|
|poke|p1|Zapdos|
|poke|p1|Rillaboom, M|
|poke|p2|Rotom-Wash|
|poke|p2|Weavile, F|
|poke|p2|Landorus-Therian, M|
|poke|p2|Heatran, M|
|poke|p2|Tangrowth, M|
|poke|p2|Melmetal|
|teampreview
|c|☆minimax_ai|hf
|inactive|Battle timer is ON: inactive players will automatically lose when time's up. (requested by minimax_ai)
|
|t:|1666697439
|start
|switch|p1a: Landorus|Landorus-Therian, M|100/100
|switch|p2a: landorustherian|Landorus-Therian, M|100/100
|-ability|p1a: Landorus|Intimidate|boost
|-unboost|p2a: landorustherian|atk|1
|-ability|p2a: landorustherian|Intimidate|boost
|-unboost|p1a: Landorus|atk|1
|turn|1
|
|t:|1666697443
|move|p1a: Landorus|Stealth Rock|p2a: landorustherian
|-sidestart|p2: minimax_ai|move: Stealth Rock
|move|p2a: landorustherian|Toxic|p1a: Landorus
|-status|p1a: Landorus|tox
|
|-damage|p1a: Landorus|94/100 tox|[from] psn
|upkeep
|turn|2
|
|t:|1666697446
|move|p1a: Landorus|Knock Off|p2a: landorustherian
|-damage|p2a: landorustherian|82/100
|-enditem|p2a: landorustherian|Leftovers|[from] move: Knock Off|[of] p1a: Landorus
|move|p2a: landorustherian|Defog|p1a: Landorus
|-unboost|p1a: Landorus|evasion|1
|-sideend|p2: minimax_ai|Stealth Rock|[from] move: Defog|[of] p2a: landorustherian
|
|-heal|p1a: Landorus|100/100 tox|[from] item: Leftovers
|-damage|p1a: Landorus|88/100 tox|[from] psn
|upkeep
|turn|3
|
|t:|1666697452
|move|p1a: Landorus|Stealth Rock|p2a: landorustherian
|-sidestart|p2: minimax_ai|move: Stealth Rock
|move|p2a: landorustherian|U-turn|p1a: Landorus
|-resisted|p1a: Landorus
|-damage|p1a: Landorus|81/100 tox
|
|t:|1666697452
|switch|p2a: Heatran|Heatran, M|100/100|[from]move: U-turn
|-damage|p2a: Heatran|88/100|[from] Stealth Rock
|-item|p2a: Heatran|Air Balloon
|
|-heal|p1a: Landorus|87/100 tox|[from] item: Leftovers
|-damage|p1a: Landorus|69/100 tox|[from] psn
|upkeep
|turn|4
|
|t:|1666697456
|move|p1a: Landorus|U-turn|p2a: Heatran
|-resisted|p2a: Heatran
|-damage|p2a: Heatran|85/100
|-enditem|p2a: Heatran|Air Balloon
|
|t:|1666697473
|switch|p1a: Slowbro|Slowbro, M|100/100|[from]move: U-turn
|move|p2a: Heatran|Stealth Rock|p1a: Slowbro
|-sidestart|p1: dddjfdw|move: Stealth Rock
|
|upkeep
|turn|5
|
|t:|1666697479
|switch|p2a: Tangrowth|Tangrowth, M|100/100
|-damage|p2a: Tangrowth|88/100|[from] Stealth Rock
|move|p1a: Slowbro|Future Sight|p2a: Tangrowth
|-start|p1a: Slowbro|move: Future Sight
|
|upkeep
|turn|6
|
|t:|1666697485
|move|p2a: Tangrowth|Giga Drain|p1a: Slowbro
|-supereffective|p1a: Slowbro
|-damage|p1a: Slowbro|37/100
|-heal|p2a: Tangrowth|100/100|[from] drain|[of] p1a: Slowbro
|move|p1a: Slowbro|Teleport|p1a: Slowbro
|
|t:|1666697490
|switch|p1a: Heatran|Heatran, M|100/100|[from]move: Teleport
|-damage|p1a: Heatran|88/100|[from] Stealth Rock
|
|-heal|p1a: Heatran|94/100|[from] item: Leftovers
|upkeep
|turn|7
|
|t:|1666697496
|switch|p2a: landorustherian|Landorus-Therian, M|82/100
|-damage|p2a: landorustherian|70/100|[from] Stealth Rock
|-ability|p2a: landorustherian|Intimidate|boost
|-unboost|p1a: Heatran|atk|1
|move|p1a: Heatran|Earth Power|p2a: landorustherian
|-immune|p2a: landorustherian
|
|-end|p2a: landorustherian|move: Future Sight
|-damage|p2a: landorustherian|39/100
|-heal|p1a: Heatran|100/100|[from] item: Leftovers
|upkeep
|turn|8
|
|t:|1666697508
|switch|p1a: Rillaboom|Rillaboom, M|100/100
|-damage|p1a: Rillaboom|88/100|[from] Stealth Rock
|-fieldstart|move: Grassy Terrain|[from] ability: Grassy Surge|[of] p1a: Rillaboom
|move|p2a: landorustherian|U-turn|p1a: Rillaboom
|-supereffective|p1a: Rillaboom
|-damage|p1a: Rillaboom|49/100
|
|t:|1666697509
|switch|p2a: Melmetal|Melmetal|100/100|[from]move: U-turn
|-damage|p2a: Melmetal|94/100|[from] Stealth Rock
|
|-heal|p1a: Rillaboom|55/100|[from] Grassy Terrain
|-heal|p2a: Melmetal|100/100|[from] Grassy Terrain
|upkeep
|turn|9
|
|t:|1666697520
|move|p1a: Rillaboom|U-turn|p2a: Melmetal
|-resisted|p2a: Melmetal
|-damage|p2a: Melmetal|89/100
|
|t:|1666697527
|switch|p1a: Heatran|Heatran, M|100/100|[from]move: U-turn
|-damage|p1a: Heatran|88/100|[from] Stealth Rock
|move|p2a: Melmetal|Double Iron Bash|p1a: Heatran
|-resisted|p1a: Heatran
|-damage|p1a: Heatran|79/100
|-resisted|p1a: Heatran
|-damage|p1a: Heatran|70/100
|-hitcount|p1a: Heatran|2
|
|-heal|p1a: Heatran|76/100|[from] Grassy Terrain
|-heal|p1a: Heatran|83/100|[from] item: Leftovers
|-heal|p2a: Melmetal|95/100|[from] Grassy Terrain
|upkeep
|turn|10
|
|t:|1666697539
|move|p1a: Heatran|Magma Storm|p2a: Melmetal
|-supereffective|p2a: Melmetal
|-damage|p2a: Melmetal|47/100
|-activate|p2a: Melmetal|move: Magma Storm|[of] p1a: Heatran
|move|p2a: Melmetal|Earthquake|p1a: Heatran
|-supereffective|p1a: Heatran
|-damage|p1a: Heatran|13/100
|
|-heal|p1a: Heatran|19/100|[from] Grassy Terrain
|-heal|p1a: Heatran|25/100|[from] item: Leftovers
|-heal|p2a: Melmetal|53/100|[from] Grassy Terrain
|-damage|p2a: Melmetal|41/100|[from] move: Magma Storm|[partiallytrapped]
|upkeep
|turn|11
|
|t:|1666697556
|move|p1a: Heatran|Magma Storm|p2a: Melmetal
|-supereffective|p2a: Melmetal
|-damage|p2a: Melmetal|0 fnt
|faint|p2a: Melmetal
|
|-heal|p1a: Heatran|32/100|[from] Grassy Terrain
|-heal|p1a: Heatran|38/100|[from] item: Leftovers
|upkeep
|
|t:|1666697556
|switch|p2a: rotomwash|Rotom-Wash|100/100
|-damage|p2a: rotomwash|88/100|[from] Stealth Rock
|turn|12
|
|t:|1666697570
|switch|p1a: Zapdos|Zapdos|100/100
|move|p2a: rotomwash|Thunderbolt|p1a: Zapdos
|-damage|p1a: Zapdos|56/100
|
|-heal|p2a: rotomwash|94/100|[from] item: Leftovers
|-fieldend|move: Grassy Terrain
|upkeep
|turn|13
|
|t:|1666697579
|move|p1a: Zapdos|Volt Switch|p2a: rotomwash
|-damage|p2a: rotomwash|57/100
|
|t:|1666697583
|switch|p1a: Landorus|Landorus-Therian, M|69/100 tox|[from]move: Volt Switch
|-damage|p1a: Landorus|56/100 tox|[from] Stealth Rock
|-ability|p1a: Landorus|Intimidate|boost
|-unboost|p2a: rotomwash|atk|1
|move|p2a: rotomwash|Thunderbolt|p1a: Landorus
|-immune|p1a: Landorus
|
|-heal|p1a: Landorus|62/100 tox|[from] item: Leftovers
|-heal|p2a: rotomwash|64/100|[from] item: Leftovers
|-damage|p1a: Landorus|56/100 tox|[from] psn
|upkeep
|turn|14
|
|t:|1666697595
|move|p1a: Landorus|Knock Off|p2a: rotomwash
|-damage|p2a: rotomwash|28/100
|-enditem|p2a: rotomwash|Leftovers|[from] move: Knock Off|[of] p1a: Landorus
|move|p2a: rotomwash|Hydro Pump|p1a: Landorus
|-supereffective|p1a: Landorus
|-damage|p1a: Landorus|0 fnt
|faint|p1a: Landorus
|
|upkeep
|
|t:|1666697619
|switch|p1a: Rillaboom|Rillaboom, M|55/100
|-damage|p1a: Rillaboom|42/100|[from] Stealth Rock
|-fieldstart|move: Grassy Terrain|[from] ability: Grassy Surge|[of] p1a: Rillaboom
|turn|15
|
|t:|1666697627
|switch|p2a: Heatran|Heatran, M|85/100
|-damage|p2a: Heatran|72/100|[from] Stealth Rock
|move|p1a: Rillaboom|Knock Off|p2a: Heatran
|-damage|p2a: Heatran|38/100
|
|-heal|p2a: Heatran|44/100|[from] Grassy Terrain
|-heal|p1a: Rillaboom|49/100|[from] Grassy Terrain
|upkeep
|turn|16
|
|t:|1666697637
|switch|p1a: Urshifu|Urshifu-Rapid-Strike, F|100/100
|-damage|p1a: Urshifu|94/100|[from] Stealth Rock
|move|p2a: Heatran|Magma Storm|p1a: Urshifu
|-resisted|p1a: Urshifu
|-damage|p1a: Urshifu|52/100
|-activate|p1a: Urshifu|move: Magma Storm|[of] p2a: Heatran
|
|-heal|p1a: Urshifu|58/100|[from] Grassy Terrain
|-heal|p2a: Heatran|50/100|[from] Grassy Terrain
|-damage|p1a: Urshifu|46/100|[from] move: Magma Storm|[partiallytrapped]
|upkeep
|turn|17
|
|t:|1666697650
|switch|p2a: Tangrowth|Tangrowth, M|100/100
|-damage|p2a: Tangrowth|88/100|[from] Stealth Rock
|move|p1a: Urshifu|U-turn|p2a: Tangrowth
|-supereffective|p2a: Tangrowth
|-damage|p2a: Tangrowth|49/100
|-damage|p1a: Urshifu|30/100|[from] item: Rocky Helmet|[of] p2a: Tangrowth
|
|t:|1666697658
|switch|p1a: Heatran|Heatran, M|38/100|[from]move: U-turn
|-damage|p1a: Heatran|25/100|[from] Stealth Rock
|
|-heal|p1a: Heatran|32/100|[from] Grassy Terrain
|-heal|p1a: Heatran|38/100|[from] item: Leftovers
|-heal|p2a: Tangrowth|55/100|[from] Grassy Terrain
|upkeep
|turn|18
|
|t:|1666697665
|switch|p2a: rotomwash|Rotom-Wash|28/100
|-damage|p2a: rotomwash|16/100|[from] Stealth Rock
|move|p1a: Heatran|Magma Storm|p2a: rotomwash
|-resisted|p2a: rotomwash
|-damage|p2a: rotomwash|0 fnt
|faint|p2a: rotomwash
|
|-heal|p1a: Heatran|44/100|[from] Grassy Terrain
|-heal|p1a: Heatran|50/100|[from] item: Leftovers
|upkeep
|
|t:|1666697665
|switch|p2a: Weavile|Weavile, F|100/100
|-damage|p2a: Weavile|76/100|[from] Stealth Rock
|-ability|p2a: Weavile|Pressure
|turn|19
|
|t:|1666697690
|move|p2a: Weavile|Knock Off|p1a: Heatran
|-damage|p1a: Heatran|0 fnt
|-enditem|p1a: Heatran|Leftovers|[from] move: Knock Off|[of] p2a: Weavile
|faint|p1a: Heatran
|
|-heal|p2a: Weavile|82/100|[from] Grassy Terrain
|-fieldend|move: Grassy Terrain
|upkeep
|inactive|dddjfdw has 120 seconds left.
|
|t:|1666697700
|switch|p1a: Rillaboom|Rillaboom, M|49/100
|-damage|p1a: Rillaboom|36/100|[from] Stealth Rock
|-fieldstart|move: Grassy Terrain|[from] ability: Grassy Surge|[of] p1a: Rillaboom
|turn|20
|
|t:|1666697703
|switch|p2a: Tangrowth|Tangrowth, M|88/100
|-damage|p2a: Tangrowth|75/100|[from] Stealth Rock
|move|p1a: Rillaboom|Grassy Glide|p2a: Tangrowth
|-resisted|p2a: Tangrowth
|-damage|p2a: Tangrowth|56/100
|-damage|p1a: Rillaboom|20/100|[from] item: Rocky Helmet|[of] p2a: Tangrowth
|
|-heal|p1a: Rillaboom|26/100|[from] Grassy Terrain
|-heal|p2a: Tangrowth|62/100|[from] Grassy Terrain
|upkeep
|turn|21
|
|t:|1666697707
|switch|p1a: Zapdos|Zapdos|56/100
|move|p2a: Tangrowth|Sleep Powder|p1a: Zapdos|[miss]
|-miss|p2a: Tangrowth|p1a: Zapdos
|
|-heal|p2a: Tangrowth|69/100|[from] Grassy Terrain
|upkeep
|turn|22
|
|t:|1666697716
|switch|p2a: Heatran|Heatran, M|50/100
|-damage|p2a: Heatran|38/100|[from] Stealth Rock
|move|p1a: Zapdos|Hurricane|p2a: Heatran
|-resisted|p2a: Heatran
|-damage|p2a: Heatran|11/100
|
|-heal|p2a: Heatran|17/100|[from] Grassy Terrain
|upkeep
|turn|23
|
|t:|1666697725
|move|p1a: Zapdos|Volt Switch|p2a: Heatran
|-damage|p2a: Heatran|0 fnt
|faint|p2a: Heatran
|
|t:|1666697738
|switch|p1a: Urshifu|Urshifu-Rapid-Strike, F|30/100|[from]move: Volt Switch
|-damage|p1a: Urshifu|23/100|[from] Stealth Rock
|
|-heal|p1a: Urshifu|30/100|[from] Grassy Terrain
|upkeep
|
|t:|1666697738
|switch|p2a: Weavile|Weavile, F|82/100
|-damage|p2a: Weavile|57/100|[from] Stealth Rock
|-ability|p2a: Weavile|Pressure
|turn|24
|
|t:|1666697748
|move|p1a: Urshifu|Aqua Jet|p2a: Weavile
|-damage|p2a: Weavile|5/100
|move|p2a: Weavile|Knock Off|p1a: Urshifu
|-resisted|p1a: Urshifu
|-damage|p1a: Urshifu|0 fnt
|-enditem|p1a: Urshifu|Choice Band|[from] move: Knock Off|[of] p2a: Weavile
|faint|p1a: Urshifu
|
|-heal|p2a: Weavile|11/100|[from] Grassy Terrain
|-fieldend|move: Grassy Terrain
|upkeep
|
|t:|1666697754
|switch|p1a: Rillaboom|Rillaboom, M|26/100
|-damage|p1a: Rillaboom|13/100|[from] Stealth Rock
|-fieldstart|move: Grassy Terrain|[from] ability: Grassy Surge|[of] p1a: Rillaboom
|turn|25
|
|t:|1666697755
|switch|p2a: Tangrowth|Tangrowth, M|100/100
|-damage|p2a: Tangrowth|88/100|[from] Stealth Rock
|move|p1a: Rillaboom|Grassy Glide|p2a: Tangrowth
|-resisted|p2a: Tangrowth
|-damage|p2a: Tangrowth|70/100
|-damage|p1a: Rillaboom|0 fnt|[from] item: Rocky Helmet|[of] p2a: Tangrowth
|faint|p1a: Rillaboom
|
|-heal|p2a: Tangrowth|76/100|[from] Grassy Terrain
|upkeep
|
|t:|1666697762
|switch|p1a: Zapdos|Zapdos|56/100
|turn|26
|
|t:|1666697764
|switch|p2a: landorustherian|Landorus-Therian, M|39/100
|-damage|p2a: landorustherian|26/100|[from] Stealth Rock
|-ability|p2a: landorustherian|Intimidate|boost
|-unboost|p1a: Zapdos|atk|1
|move|p1a: Zapdos|Hurricane|p2a: landorustherian
|-damage|p2a: landorustherian|0 fnt
|faint|p2a: landorustherian
|
|upkeep
|
|t:|1666697764
|switch|p2a: Weavile|Weavile, F|11/100
|-damage|p2a: Weavile|0 fnt|[from] Stealth Rock
|faint|p2a: Weavile
|
|t:|1666697764
|switch|p2a: Tangrowth|Tangrowth, M|100/100
|-damage|p2a: Tangrowth|88/100|[from] Stealth Rock
|turn|27
|
|t:|1666697772
|move|p1a: Zapdos|Hurricane|p2a: Tangrowth|[miss]
|-miss|p1a: Zapdos|p2a: Tangrowth
|move|p2a: Tangrowth|Sleep Powder|p1a: Zapdos
|-status|p1a: Zapdos|slp|[from] move: Sleep Powder
|
|-heal|p2a: Tangrowth|94/100|[from] Grassy Terrain
|upkeep
|turn|28
|
|t:|1666697776
|cant|p1a: Zapdos|slp
|move|p2a: Tangrowth|Giga Drain|p1a: Zapdos
|-resisted|p1a: Zapdos
|-damage|p1a: Zapdos|34/100 slp
|-heal|p2a: Tangrowth|100/100|[from] drain|[of] p1a: Zapdos
|
|upkeep
|turn|29
|
|t:|1666697781
|cant|p1a: Zapdos|slp
|move|p2a: Tangrowth|Giga Drain|p1a: Zapdos
|-resisted|p1a: Zapdos
|-damage|p1a: Zapdos|14/100 slp
|
|-fieldend|move: Grassy Terrain
|upkeep
|turn|30
|
|t:|1666697785
|-curestatus|p1a: Zapdos|slp|[msg]
|move|p1a: Zapdos|Roost|p1a: Zapdos
|-heal|p1a: Zapdos|64/100
|-singleturn|p1a: Zapdos|move: Roost
|move|p2a: Tangrowth|Knock Off|p1a: Zapdos
|-damage|p1a: Zapdos|37/100
|-enditem|p1a: Zapdos|Heavy-Duty Boots|[from] move: Knock Off|[of] p2a: Tangrowth
|
|upkeep
|turn|31
|
|t:|1666697794
|move|p1a: Zapdos|Hurricane|p2a: Tangrowth|[miss]
|-miss|p1a: Zapdos|p2a: Tangrowth
|move|p2a: Tangrowth|Sleep Powder|p1a: Zapdos
|-status|p1a: Zapdos|slp|[from] move: Sleep Powder
|
|upkeep
|turn|32
|
|t:|1666697796
|cant|p1a: Zapdos|slp
|move|p2a: Tangrowth|Giga Drain|p1a: Zapdos
|-resisted|p1a: Zapdos
|-damage|p1a: Zapdos|20/100 slp
|
|upkeep
|turn|33
|
|t:|1666697798
|cant|p1a: Zapdos|slp
|move|p2a: Tangrowth|Giga Drain|p1a: Zapdos
|-resisted|p1a: Zapdos
|-damage|p1a: Zapdos|3/100 slp
|
|upkeep
|turn|34
|
|t:|1666697803
|cant|p1a: Zapdos|slp
|move|p2a: Tangrowth|Giga Drain|p1a: Zapdos
|-resisted|p1a: Zapdos
|-damage|p1a: Zapdos|0 fnt
|faint|p1a: Zapdos
|
|upkeep
|
|t:|1666697808
|switch|p1a: Slowbro|Slowbro, M|70/100
|turn|35
|
|t:|1666697811
|move|p2a: Tangrowth|Giga Drain|p1a: Slowbro
|-supereffective|p1a: Slowbro
|-damage|p1a: Slowbro|14/100
|move|p1a: Slowbro|Ice Beam|p2a: Tangrowth
|-supereffective|p2a: Tangrowth
|-damage|p2a: Tangrowth|43/100
|
|upkeep
|turn|36
|-message|dddjfdw forfeited.
|
|win|minimax_ai
|raw|dddjfdw's rating: 1486 &rarr; <strong>1468</strong><br />(-18 for losing)
|raw|minimax_ai's rating: 1527 &rarr; <strong>1545</strong><br />(+18 for winning)
|c|☆minimax_ai|gg
|l|☆dddjfdw
