|raw|<div class="broadcast-blue"><strong>This battle is required to be public due to a player having a name prefixed by 'LT71LX'.</div>
|j|☆lt71lx xImRaptor
|j|☆Arnaud Senju vgc
|t:|1597262763
|player|p1|lt71lx xImRaptor|hilbert-dueldisk|2079
|player|p2|Arnaud Senju vgc|steven|1930
|teamsize|p1|6
|teamsize|p2|6
|gametype|singles
|gen|8
|tier|[Gen 8] OU
|rated|
|clearpoke
|poke|p1|Amoonguss, F|
|poke|p1|Skarmory, F|
|poke|p1|Blissey, F|
|poke|p1|Clefable, M|
|poke|p1|Hatterene, F|
|poke|p1|Ditto|
|poke|p2|Mew|
|poke|p2|Azumarill, F|
|poke|p2|Rillaboom, M|
|poke|p2|Urshifu-*, M|
|poke|p2|Volcarona, M|
|poke|p2|Togekiss, M|
|rule|Sleep Clause Mod: Limit one foe put to sleep
|rule|Species Clause: Limit one of each Pokémon
|rule|OHKO Clause: OHKO moves are banned
|rule|Evasion Moves Clause: Evasion moves are banned
|rule|Endless Battle Clause: Forcing endless battles is banned
|rule|HP Percentage Mod: HP is shown in percentages
|rule|Dynamax Clause: You cannot dynamax
|teampreview
|j| LT71LX SW
|j| LT71LX RXS
|j| myboneshurt
|j| samurott champloo
|inactive|Battle timer is ON: inactive players will automatically lose when time's up. (requested by lt71lx xImRaptor)
|j|@Finchinator
|j| tau solarin
|j| Echoless Chamber
|l| LT71LX SW
|
|t:|1597262784
|start
|switch|p1a: Clefable|Clefable, M|100/100
|switch|p2a: Urshifu|Urshifu, M|100/100
|turn|1
|l|@Finchinator
|j| LT71LX BFL
|j| ZDen ✘
|
|t:|1597262795
|switch|p2a: Volcarona|Volcarona, M|100/100
|move|p1a: Clefable|Stealth Rock|p2a: Volcarona
|-sidestart|p2: Arnaud Senju vgc|move: Stealth Rock
|
|upkeep
|turn|2
|j| ostia el teclado
|j| LT71LX Storm
|j| LT71LX SW
|j| Leo
|
|t:|1597262812
|switch|p2a: Mew|Mew|100/100
|-damage|p2a: Mew|88/100|[from] Stealth Rock
|move|p1a: Clefable|Knock Off|p2a: Mew
|-supereffective|p2a: Mew
|-damage|p2a: Mew|62/100
|-enditem|p2a: Mew|Leftovers|[from] move: Knock Off|[of] p1a: Clefable
|
|upkeep
|turn|3
|
|t:|1597262822
|switch|p1a: Hatterene|Hatterene, F|100/100
|move|p2a: Mew|Block|p1a: Hatterene
|move|p1a: Hatterene|Block|p2a: Mew|[from]Magic Bounce
|-activate|p2a: Mew|trapped
|
|upkeep
|turn|4
|j| Infe
|
|t:|1597262834
|move|p2a: Mew|Imprison|p2a: Mew
|-start|p2a: Mew|move: Imprison
|move|p1a: Hatterene|Calm Mind|p1a: Hatterene
|-boost|p1a: Hatterene|spa|1
|-boost|p1a: Hatterene|spd|1
|
|upkeep
|turn|5
|j|%Pigeons ❤
|
|t:|1597262848
|move|p2a: Mew|Transform|p1a: Hatterene
|-transform|p2a: Mew|p1a: Hatterene
|-endability|p2a: Mew|Synchronize|[from] move: Transform
|cant|p1a: Hatterene|move: Imprison|Mystical Fire
|
|upkeep
|turn|6
|j| LT71LX Newal
|
|t:|1597262859
|switch|p1a: Ditto|Ditto|100/100
|move|p2a: Mew|Calm Mind|p2a: Mew
|-boost|p2a: Mew|spa|1
|-boost|p2a: Mew|spd|1
|
|upkeep
|turn|7
|j| Astral Step
|j| OUTU Hide And Seek
|c| ostia el teclado|x.d
|c|☆lt71lx xImRaptor|tengo retraso mental
|j| Destro16
|j| LT71LX ayouko
|c| Leo|que te hace creer eso
|c| LT71LX ayouko|..
|inactive|lt71lx xImRaptor has 120 seconds left.
|l| Echoless Chamber
|j| tytyui
|inactive|lt71lx xImRaptor has 90 seconds left.
|
|t:|1597262923
|switch|p1a: Skarmory|Skarmory, F|100/100
|move|p2a: Mew|Calm Mind|p2a: Mew
|-boost|p2a: Mew|spa|1
|-boost|p2a: Mew|spd|1
|
|upkeep
|turn|8
|l| Infe
|
|t:|1597262931
|move|p1a: Skarmory|Brave Bird|p2a: Mew
|-damage|p2a: Mew|38/100
|-damage|p1a: Skarmory|91/100|[from] Recoil
|move|p2a: Mew|Mystical Fire|p1a: Skarmory
|-supereffective|p1a: Skarmory
|-damage|p1a: Skarmory|0 fnt
|faint|p1a: Skarmory
|
|upkeep
|inactive|lt71lx xImRaptor has 90 seconds left.
|l| LT71LX SW
|l| tytyui
|j| LT71LX wd
|inactive|lt71lx xImRaptor has 60 seconds left.
|j| Windows 98 SE
|c| LT71LX wd|nice team arnaud
|c| LT71LX wd|looks familia
|l| LT71LX RXS
|
|t:|1597262999
|switch|p1a: Clefable|Clefable, M|100/100
|turn|9
|c| LT71LX wd|<- invented current hyper offense
|
|t:|1597263005
|move|p1a: Clefable|Moonblast|p2a: Mew
|-crit|p2a: Mew
|-damage|p2a: Mew|0 fnt
|faint|p2a: Mew
|
|upkeep
|c| LT71LX ayouko|crit
|j| yodahs
|c| LT71LX ayouko|LOOL
|c|☆lt71lx xImRaptor|blessed
|
|t:|1597263021
|switch|p2a: Togekiss|Togekiss, M|100/100
|-damage|p2a: Togekiss|75/100|[from] Stealth Rock
|turn|10
|c| LT71LX wd|nice evs
|inactive|lt71lx xImRaptor has 60 seconds left.
|c| LT71LX wd|arnaud
|
|t:|1597263029
|move|p2a: Togekiss|Trick|p1a: Clefable
|-activate|p2a: Togekiss|move: Trick|[of] p1a: Clefable
|-item|p1a: Clefable|Choice Scarf|[from] move: Trick
|-item|p2a: Togekiss|Leftovers|[from] move: Trick
|move|p1a: Clefable|Moonblast|p2a: Togekiss
|-damage|p2a: Togekiss|45/100
|
|-heal|p2a: Togekiss|51/100|[from] item: Leftovers
|upkeep
|turn|11
|inactive|lt71lx xImRaptor has 60 seconds left.
|
|t:|1597263044
|switch|p1a: Blissey|Blissey, F|100/100
|move|p2a: Togekiss|Air Slash|p1a: Blissey
|-crit|p1a: Blissey
|-damage|p1a: Blissey|80/100
|
|-heal|p2a: Togekiss|57/100|[from] item: Leftovers
|upkeep
|turn|12
|
|t:|1597263054
|move|p2a: Togekiss|Air Slash|p1a: Blissey
|-damage|p1a: Blissey|66/100
|move|p1a: Blissey|Seismic Toss|p2a: Togekiss
|-damage|p2a: Togekiss|25/100
|
|-heal|p2a: Togekiss|31/100|[from] item: Leftovers
|upkeep
|turn|13
|j| guacamole socks
|
|t:|1597263067
|move|p2a: Togekiss|Air Slash|p1a: Blissey
|-damage|p1a: Blissey|52/100
|cant|p1a: Blissey|flinch
|
|-heal|p2a: Togekiss|37/100|[from] item: Leftovers
|upkeep
|turn|14
|inactive|lt71lx xImRaptor has 60 seconds left.
|
|t:|1597263097
|switch|p1a: Clefable|Clefable, M|100/100
|move|p2a: Togekiss|Air Slash|p1a: Clefable
|-damage|p1a: Clefable|69/100
|
|-heal|p2a: Togekiss|43/100|[from] item: Leftovers
|upkeep
|turn|15
|j| Lt71lx life
|
|t:|1597263110
|switch|p2a: Volcarona|Volcarona, M|100/100
|move|p1a: Clefable|Moonblast|p2a: Volcarona
|-resisted|p2a: Volcarona
|-damage|p2a: Volcarona|86/100
|
|upkeep
|turn|16
|j| D0n Ram0n
|
|t:|1597263119
|switch|p2a: Urshifu|Urshifu, M|100/100
|-damage|p2a: Urshifu|94/100|[from] Stealth Rock
|switch|p1a: Blissey|Blissey, F|52/100
|
|upkeep
|turn|17
|l| D0n Ram0n
|
|t:|1597263129
|switch|p1a: Amoonguss|Amoonguss, F|100/100
|move|p2a: Urshifu|Bulk Up|p2a: Urshifu
|-boost|p2a: Urshifu|atk|1
|-boost|p2a: Urshifu|def|1
|
|upkeep
|turn|18
|
|t:|1597263149
|move|p2a: Urshifu|Wicked Blow|p1a: Amoonguss
|-crit|p1a: Amoonguss
|-damage|p1a: Amoonguss|4/100
|-damage|p2a: Urshifu|78/100|[from] item: Rocky Helmet|[of] p1a: Amoonguss
|-damage|p2a: Urshifu|68/100|[from] item: Life Orb
|move|p1a: Amoonguss|Spore|p2a: Urshifu
|-status|p2a: Urshifu|slp|[from] move: Spore
|
|upkeep
|turn|19
|
|t:|1597263168
|switch|p1a: Ditto|Ditto|100/100
|-transform|p1a: Ditto|p2a: Urshifu|[from] ability: Imposter
|cant|p2a: Urshifu|slp
|
|upkeep
|turn|20
|
|t:|1597263177
|switch|p2a: Azumarill|Azumarill, F|100/100
|-damage|p2a: Azumarill|88/100|[from] Stealth Rock
|move|p1a: Ditto|Drain Punch|p2a: Azumarill
|-resisted|p2a: Azumarill
|-damage|p2a: Azumarill|60/100
|
|upkeep
|turn|21
|l| samurott champloo
|
|t:|1597263190
|switch|p1a: Amoonguss|Amoonguss, F|37/100
|move|p2a: Azumarill|Belly Drum|p2a: Azumarill
|-damage|p2a: Azumarill|10/100
|-setboost|p2a: Azumarill|atk|6|[from] move: Belly Drum
|-enditem|p2a: Azumarill|Sitrus Berry|[eat]
|-heal|p2a: Azumarill|35/100|[from] item: Sitrus Berry
|
|upkeep
|turn|22
|
|t:|1597263205
|switch|p1a: Clefable|Clefable, M|69/100
|move|p2a: Azumarill|Knock Off|p1a: Clefable
|-resisted|p1a: Clefable
|-damage|p1a: Clefable|5/100
|-enditem|p1a: Clefable|Choice Scarf|[from] move: Knock Off|[of] p2a: Azumarill
|
|upkeep
|turn|23
|
|t:|1597263214
|move|p2a: Azumarill|Aqua Jet|p1a: Clefable
|-damage|p1a: Clefable|0 fnt
|faint|p1a: Clefable
|
|upkeep
|
|t:|1597263216
|switch|p1a: Ditto|Ditto|100/100
|-transform|p1a: Ditto|p2a: Azumarill|[from] ability: Imposter
|turn|24
|
|t:|1597263223
|move|p1a: Ditto|Aqua Jet|p2a: Azumarill
|-resisted|p2a: Azumarill
|-damage|p2a: Azumarill|0 fnt
|faint|p2a: Azumarill
|
|upkeep
|
|t:|1597263229
|switch|p2a: Rillaboom|Rillaboom, M|100/100
|-damage|p2a: Rillaboom|88/100|[from] Stealth Rock
|-fieldstart|move: Grassy Terrain|[from] ability: Grassy Surge|[of] p2a: Rillaboom
|-enditem|p2a: Rillaboom|Grassy Seed
|-boost|p2a: Rillaboom|def|1|[from] item: Grassy Seed
|turn|25
|
|t:|1597263247
|move|p1a: Ditto|Aqua Jet|p2a: Rillaboom
|-resisted|p2a: Rillaboom
|-damage|p2a: Rillaboom|57/100
|move|p2a: Rillaboom|Swords Dance|p2a: Rillaboom
|-boost|p2a: Rillaboom|atk|2
|
|-heal|p2a: Rillaboom|63/100|[from] Grassy Terrain
|upkeep
|turn|26
|
|t:|1597263259
|switch|p1a: Amoonguss|Amoonguss, F|71/100
|move|p2a: Rillaboom|Acrobatics|p1a: Amoonguss
|-supereffective|p1a: Amoonguss
|-damage|p1a: Amoonguss|0 fnt
|-damage|p2a: Rillaboom|46/100|[from] item: Rocky Helmet|[of] p1a: Amoonguss
|faint|p1a: Amoonguss
|
|-heal|p2a: Rillaboom|52/100|[from] Grassy Terrain
|upkeep
|
|t:|1597263265
|switch|p1a: Ditto|Ditto|100/100
|-transform|p1a: Ditto|p2a: Rillaboom|[from] ability: Imposter
|turn|27
|
|t:|1597263275
|move|p2a: Rillaboom|Grassy Glide|p1a: Ditto
|-resisted|p1a: Ditto
|-damage|p1a: Ditto|55/100
|move|p1a: Ditto|Acrobatics|p2a: Rillaboom
|-supereffective|p2a: Rillaboom
|-damage|p2a: Rillaboom|1/100
|
|-heal|p1a: Ditto|61/100|[from] Grassy Terrain
|-heal|p2a: Rillaboom|7/100|[from] Grassy Terrain
|upkeep
|turn|28
|c| LT71LX wd|ditto op
|inactive|lt71lx xImRaptor has 120 seconds left.
|c| LT71LX wd|wow
|c| LT71LX wd|tfw it lived
|c|☆lt71lx xImRaptor|god evs
|
|t:|1597263297
|move|p2a: Rillaboom|Grassy Glide|p1a: Ditto
|-resisted|p1a: Ditto
|-damage|p1a: Ditto|23/100
|move|p1a: Ditto|Acrobatics|p2a: Rillaboom
|-supereffective|p2a: Rillaboom
|-damage|p2a: Rillaboom|0 fnt
|faint|p2a: Rillaboom
|
|-heal|p1a: Ditto|29/100|[from] Grassy Terrain
|upkeep
|
|t:|1597263309
|switch|p2a: Volcarona|Volcarona, M|86/100
|turn|29
|
|t:|1597263314
|move|p1a: Ditto|Acrobatics|p2a: Volcarona
|-supereffective|p2a: Volcarona
|-damage|p2a: Volcarona|0 fnt
|-status|p1a: Ditto|brn|[from] ability: Flame Body|[of] p2a: Volcarona
|faint|p2a: Volcarona
|
|-heal|p1a: Ditto|35/100 brn|[from] Grassy Terrain
|-fieldend|move: Grassy Terrain
|-damage|p1a: Ditto|29/100 brn|[from] brn
|upkeep
|
|t:|1597263325
|switch|p2a: Togekiss|Togekiss, M|43/100
|-damage|p2a: Togekiss|18/100|[from] Stealth Rock
|turn|30
|c|☆lt71lx xImRaptor|!calc
|c| lt71lx xImRaptor|/raw <div class="infobox">Pok&eacute;mon Showdown! damage calculator. (Courtesy of Honko &amp; Austin)<br />- <a href="https://calc.pokemonshowdown.com/index.html">Damage Calculator</a></div>
|inactive|lt71lx xImRaptor has 120 seconds left.
|inactive|lt71lx xImRaptor has 90 seconds left.
|c| LT71LX wd|what the baby narmsay
|j| lt71lx georgie
|c| LT71LX wd|the ditto be burneed
|
|t:|1597263403
|move|p1a: Ditto|Acrobatics|p2a: Togekiss
|-damage|p2a: Togekiss|0 fnt
|faint|p2a: Togekiss
|
|-damage|p1a: Ditto|23/100 brn|[from] brn
|upkeep
|
|t:|1597263410
|switch|p2a: Urshifu|Urshifu, M|68/100 slp
|-damage|p2a: Urshifu|62/100 slp|[from] Stealth Rock
|turn|31
|j| Der SWeitzer †
|c| LT71LX wd|are we humannnnn
|
|t:|1597263418
|move|p1a: Ditto|Acrobatics|p2a: Urshifu
|-supereffective|p2a: Urshifu
|-damage|p2a: Urshifu|19/100 slp
|cant|p2a: Urshifu|slp
|
|-damage|p1a: Ditto|17/100 brn|[from] brn
|upkeep
|turn|32
|c| LT71LX wd|or are we dancer
|l| Lt71lx life
|
|t:|1597263437
|switch|p1a: Hatterene|Hatterene, F|100/100
|-curestatus|p2a: Urshifu|slp|[msg]
|move|p2a: Urshifu|Drain Punch|p1a: Hatterene
|-resisted|p1a: Hatterene
|-damage|p1a: Hatterene|89/100
|-heal|p2a: Urshifu|24/100|[from] drain|[of] p1a: Hatterene
|-damage|p2a: Urshifu|15/100|[from] item: Life Orb
|
|-heal|p1a: Hatterene|95/100|[from] item: Leftovers
|upkeep
|turn|33
|
|t:|1597263452
|move|p2a: Urshifu|Iron Head|p1a: Hatterene
|-supereffective|p1a: Hatterene
|-damage|p1a: Hatterene|23/100
|-damage|p2a: Urshifu|5/100|[from] item: Life Orb
|move|p1a: Hatterene|Draining Kiss|p2a: Urshifu
|-supereffective|p2a: Urshifu
|-damage|p2a: Urshifu|0 fnt
|-heal|p1a: Hatterene|27/100|[from] drain|[of] p2a: Urshifu
|faint|p2a: Urshifu
|
|win|lt71lx xImRaptor
|l|☆lt71lx xImRaptor
|l|☆Arnaud Senju vgc
|l|%Pigeons ❤
|l| Der SWeitzer †
|l| LT71LX Newal
|l| LT71LX wd
