|j|☆smashbruhthers
|j|‽not mb
|t:|1624499797
|gametype|singles
|player|p1|smashbruhthers|youngster-gen4dp|1744
|player|p2|not mb|#ssdbushmasters|1946
|teamsize|p1|6
|teamsize|p2|6
|gen|8
|tier|[Gen 8] OU
|rated|
|rule|Sleep Clause Mod: Limit one foe put to sleep
|rule|Species Clause: Limit one of each Pokémon
|rule|OHKO Clause: OHKO moves are banned
|rule|Evasion Moves Clause: Evasion moves are banned
|rule|Endless Battle Clause: Forcing endless battles is banned
|rule|HP Percentage Mod: HP is shown in percentages
|rule|Dynamax Clause: You cannot dynamax
|clearpoke
|poke|p1|Umbreon, M|
|poke|p1|Swampert, M|
|poke|p1|Tauros, M|
|poke|p1|Jirachi|
|poke|p1|Slowking, F|
|poke|p1|Tornadus-Therian, M|
|poke|p2|Tapu Lele|
|poke|p2|Landorus-Therian, M|
|poke|p2|Zapdos|
|poke|p2|Volcanion|
|poke|p2|Dragapult, M|
|poke|p2|Melmetal|
|teampreview
|j| Rias
|j| Bunny Girl Mai
|j| Charl Dunois
|
|t:|1624499840
|start
|switch|p1a: Swampert|Swampert, M|100/100
|switch|p2a: Landorus|Landorus-Therian, M|100/100
|-ability|p2a: Landorus|Intimidate|boost
|-unboost|p1a: Swampert|atk|1
|turn|1
|inactive|Battle timer is ON: inactive players will automatically lose when time's up. (requested by not mb)
|j| plantyby
|j| InsaneBread
|
|t:|1624499859
|move|p2a: Landorus|Knock Off|p1a: Swampert
|-damage|p1a: Swampert|73/100
|-enditem|p1a: Swampert|Leftovers|[from] move: Knock Off|[of] p2a: Landorus
|move|p1a: Swampert|Toxic|p2a: Landorus
|-status|p2a: Landorus|tox
|
|-damage|p2a: Landorus|94/100 tox|[from] psn
|upkeep
|turn|2
|l| plantyby
|
|t:|1624499880
|move|p2a: Landorus|Stealth Rock|p1a: Swampert
|-sidestart|p1: smashbruhthers|move: Stealth Rock
|move|p1a: Swampert|Stealth Rock|p2a: Landorus
|-sidestart|p2: not mb|move: Stealth Rock
|
|-heal|p2a: Landorus|100/100 tox|[from] item: Leftovers
|-damage|p2a: Landorus|88/100 tox|[from] psn
|upkeep
|turn|3
|j| nyanPls
|c| Rias|i like your tauros :)
|
|t:|1624499889
|move|p2a: Landorus|U-turn|p1a: Swampert
|-damage|p1a: Swampert|51/100
|c| Bunny Girl Mai|i like your tauros :)
|
|t:|1624499892
|switch|p2a: Volcanion|Volcanion|100/100|[from]move: U-turn
|move|p1a: Swampert|Flip Turn|p2a: Volcanion
|-immune|p2a: Volcanion|[from] ability: Water Absorb
|
|upkeep
|turn|4
|c|☆smashbruhthers|thanks
|
|t:|1624499906
|switch|p2a: Landorus|Landorus-Therian, M|88/100 tox
|-damage|p2a: Landorus|76/100 tox|[from] Stealth Rock
|-ability|p2a: Landorus|Intimidate|boost
|-unboost|p1a: Swampert|atk|1
|switch|p1a: Slowking|Slowking, F|100/100
|-damage|p1a: Slowking|88/100|[from] Stealth Rock
|
|-heal|p2a: Landorus|82/100 tox|[from] item: Leftovers
|-heal|p1a: Slowking|94/100|[from] item: Leftovers
|-damage|p2a: Landorus|76/100 tox|[from] psn
|upkeep
|turn|5
|
|t:|1624499918
|switch|p1a: Swampert|Swampert, M|51/100
|-damage|p1a: Swampert|45/100|[from] Stealth Rock
|move|p2a: Landorus|Knock Off|p1a: Swampert
|-damage|p1a: Swampert|26/100
|
|-heal|p2a: Landorus|82/100 tox|[from] item: Leftovers
|-damage|p2a: Landorus|70/100 tox|[from] psn
|upkeep
|turn|6
|
|t:|1624499924
|move|p2a: Landorus|U-turn|p1a: Swampert
|-damage|p1a: Swampert|5/100
|
|t:|1624499928
|switch|p2a: Volcanion|Volcanion|100/100|[from]move: U-turn
|move|p1a: Swampert|Flip Turn|p2a: Volcanion
|-immune|p2a: Volcanion|[from] ability: Water Absorb
|
|upkeep
|turn|7
|c| InsaneBread|Oof
|
|t:|1624499933
|switch|p1a: Slowking|Slowking, F|100/100
|-damage|p1a: Slowking|88/100|[from] Stealth Rock
|move|p2a: Volcanion|Sludge Bomb|p1a: Slowking
|-damage|p1a: Slowking|69/100
|
|-heal|p1a: Slowking|75/100|[from] item: Leftovers
|upkeep
|turn|8
|
|t:|1624499942
|switch|p2a: Melmetal|Melmetal|100/100
|-damage|p2a: Melmetal|94/100|[from] Stealth Rock
|move|p1a: Slowking|Future Sight|p2a: Melmetal
|-start|p1a: Slowking|move: Future Sight
|
|-heal|p2a: Melmetal|100/100|[from] item: Leftovers
|-heal|p1a: Slowking|81/100|[from] item: Leftovers
|upkeep
|turn|9
|
|t:|1624499947
|move|p2a: Melmetal|Toxic|p1a: Slowking
|-status|p1a: Slowking|tox
|move|p1a: Slowking|Thunder Wave|p2a: Melmetal
|-status|p2a: Melmetal|par
|
|-heal|p1a: Slowking|87/100 tox|[from] item: Leftovers
|-damage|p1a: Slowking|81/100 tox|[from] psn
|upkeep
|turn|10
|
|t:|1624499953
|move|p2a: Melmetal|Double Iron Bash|p1a: Slowking
|-resisted|p1a: Slowking
|-damage|p1a: Slowking|58/100 tox
|-resisted|p1a: Slowking
|-damage|p1a: Slowking|33/100 tox
|-hitcount|p1a: Slowking|2
|move|p1a: Slowking|Teleport|p1a: Slowking
|l| nyanPls
|
|t:|1624499959
|switch|p1a: Jirachi|Jirachi|100/100|[from]move: Teleport
|-damage|p1a: Jirachi|94/100|[from] Stealth Rock
|
|-end|p2a: Melmetal|move: Future Sight
|-resisted|p2a: Melmetal
|-damage|p2a: Melmetal|84/100 par
|-heal|p1a: Jirachi|100/100|[from] item: Leftovers
|-heal|p2a: Melmetal|90/100 par|[from] item: Leftovers
|upkeep
|turn|11
|
|t:|1624499970
|move|p1a: Jirachi|Substitute|p1a: Jirachi
|-start|p1a: Jirachi|Substitute
|-damage|p1a: Jirachi|76/100
|move|p2a: Melmetal|Earthquake|p1a: Jirachi
|-supereffective|p1a: Jirachi
|-end|p1a: Jirachi|Substitute
|
|-heal|p1a: Jirachi|82/100|[from] item: Leftovers
|-heal|p2a: Melmetal|96/100 par|[from] item: Leftovers
|upkeep
|turn|12
|
|t:|1624499984
|switch|p2a: Dragapult|Dragapult, M|100/100
|-damage|p2a: Dragapult|88/100|[from] Stealth Rock
|move|p1a: Jirachi|Substitute|p1a: Jirachi
|-start|p1a: Jirachi|Substitute
|-damage|p1a: Jirachi|57/100
|
|-heal|p1a: Jirachi|63/100|[from] item: Leftovers
|upkeep
|turn|13
|
|t:|1624500000
|switch|p1a: Umbreon|Umbreon, M|100/100
|-damage|p1a: Umbreon|88/100|[from] Stealth Rock
|move|p2a: Dragapult|Dragon Darts|p1a: Umbreon
|-damage|p1a: Umbreon|67/100
|-anim|p2a: Dragapult|Dragon Darts|p1a: Umbreon
|-damage|p1a: Umbreon|45/100
|
|-heal|p1a: Umbreon|51/100|[from] item: Leftovers
|upkeep
|turn|14
|c| Rias|hes not infiltrator
|c| InsaneBread|Ban this dude
|c|☆smashbruhthers|yeah
|c|☆smashbruhthers|i know now
|inactive|not mb has 120 seconds left.
|
|t:|1624500052
|switch|p2a: Melmetal|Melmetal|96/100 par
|-damage|p2a: Melmetal|90/100 par|[from] Stealth Rock
|move|p1a: Umbreon|Wish|p1a: Umbreon
|
|-heal|p1a: Umbreon|57/100|[from] item: Leftovers
|-heal|p2a: Melmetal|96/100 par|[from] item: Leftovers
|upkeep
|turn|15
|c| Rias|this guy has no tauros switchin
|
|t:|1624500081
|move|p1a: Umbreon|Protect|p1a: Umbreon
|-singleturn|p1a: Umbreon|Protect
|move|p2a: Melmetal|Earthquake|p1a: Umbreon
|-activate|p1a: Umbreon|move: Protect
|
|-heal|p1a: Umbreon|100/100|[from] move: Wish|[wisher] Umbreon
|-heal|p2a: Melmetal|100/100 par|[from] item: Leftovers
|upkeep
|turn|16
|
|t:|1624500092
|move|p1a: Umbreon|Wish|p1a: Umbreon
|move|p2a: Melmetal|Toxic||[still]
|-status|p1a: Umbreon|tox
|-activate|p1a: Umbreon|ability: Synchronize
|-fail|p1a: Umbreon
|
|-damage|p1a: Umbreon|94/100 tox|[from] psn
|upkeep
|turn|17
|inactive|not mb has 90 seconds left.
|
|t:|1624500109
|switch|p2a: Volcanion|Volcanion|100/100
|move|p1a: Umbreon|Heal Bell|p1a: Umbreon
|-activate|p1a: Umbreon|move: Heal Bell
|-curestatus|p1a: Umbreon|tox|[msg]
|-curestatus|p1: Slowking|tox|[msg]
|
|-heal|p1a: Umbreon|100/100|[from] move: Wish|[wisher] Umbreon
|upkeep
|turn|18
|inactive|not mb has 90 seconds left.
|
|t:|1624500120
|switch|p1a: Slowking|Slowking, F|66/100
|-damage|p1a: Slowking|54/100|[from] Stealth Rock
|move|p2a: Volcanion|Steam Eruption|p1a: Slowking
|-resisted|p1a: Slowking
|-damage|p1a: Slowking|38/100
|-status|p1a: Slowking|brn
|
|-heal|p1a: Slowking|44/100 brn|[from] item: Leftovers
|-damage|p1a: Slowking|38/100 brn|[from] brn
|upkeep
|turn|19
|inactive|not mb has 90 seconds left.
|
|t:|1624500134
|switch|p2a: Melmetal|Melmetal|100/100 par
|-damage|p2a: Melmetal|94/100 par|[from] Stealth Rock
|move|p1a: Slowking|Teleport|p1a: Slowking
|
|t:|1624500141
|switch|p1a: Tornadus|Tornadus-Therian, M|100/100|[from]move: Teleport
|-damage|p1a: Tornadus|76/100|[from] Stealth Rock
|
|-heal|p2a: Melmetal|100/100 par|[from] item: Leftovers
|upkeep
|turn|20
|
|t:|1624500152
|switch|p2a: Zapdos|Zapdos|100/100
|move|p1a: Tornadus|Heat Wave|p2a: Zapdos
|-damage|p2a: Zapdos|61/100
|-damage|p1a: Tornadus|66/100|[from] item: Life Orb
|
|upkeep
|turn|21
|
|t:|1624500164
|move|p1a: Tornadus|Knock Off|p2a: Zapdos
|-damage|p2a: Zapdos|37/100
|-enditem|p2a: Zapdos|Heavy-Duty Boots|[from] move: Knock Off|[of] p1a: Tornadus
|-damage|p1a: Tornadus|56/100|[from] item: Life Orb
|move|p2a: Zapdos|Volt Switch|p1a: Tornadus
|-supereffective|p1a: Tornadus
|-damage|p1a: Tornadus|0 fnt
|faint|p1a: Tornadus
|
|t:|1624500171
|switch|p2a: Dragapult|Dragapult, M|88/100|[from]move: Volt Switch
|-damage|p2a: Dragapult|76/100|[from] Stealth Rock
|
|upkeep
|
|t:|1624500193
|switch|p1a: Umbreon|Umbreon, M|100/100
|-damage|p1a: Umbreon|88/100|[from] Stealth Rock
|turn|22
|
|t:|1624500201
|move|p2a: Dragapult|U-turn|p1a: Umbreon
|-supereffective|p1a: Umbreon
|-damage|p1a: Umbreon|47/100
|
|t:|1624500220
|switch|p2a: Tapu Lele|Tapu Lele|100/100|[from]move: U-turn
|-damage|p2a: Tapu Lele|88/100|[from] Stealth Rock
|-fieldstart|move: Psychic Terrain|[from] ability: Psychic Surge|[of] p2a: Tapu Lele
|move|p1a: Umbreon|Foul Play|p2a: Tapu Lele
|-damage|p2a: Tapu Lele|57/100
|
|-heal|p1a: Umbreon|54/100|[from] item: Leftovers
|upkeep
|turn|23
|
|t:|1624500234
|switch|p2a: Zapdos|Zapdos|37/100
|-damage|p2a: Zapdos|12/100|[from] Stealth Rock
|move|p1a: Umbreon|Protect||[still]
|-fail|p1a: Umbreon
|
|-heal|p1a: Umbreon|60/100|[from] item: Leftovers
|upkeep
|turn|24
|
|t:|1624500241
|move|p2a: Zapdos|Roost|p2a: Zapdos
|-heal|p2a: Zapdos|62/100
|-singleturn|p2a: Zapdos|move: Roost
|move|p1a: Umbreon|Wish|p1a: Umbreon
|
|-heal|p1a: Umbreon|66/100|[from] item: Leftovers
|upkeep
|turn|25
|inactive|not mb has 120 seconds left.
|
|t:|1624500247
|switch|p1a: Jirachi|Jirachi|63/100
|-damage|p1a: Jirachi|57/100|[from] Stealth Rock
|move|p2a: Zapdos|Roost|p2a: Zapdos
|-heal|p2a: Zapdos|100/100
|-singleturn|p2a: Zapdos|move: Roost
|
|-heal|p1a: Jirachi|100/100|[from] move: Wish|[wisher] Umbreon
|upkeep
|turn|26
|l| Charl Dunois
|c|☆smashbruhthers|gg
|-message|smashbruhthers forfeited.
|
|win|not mb
|raw|smashbruhthers's rating: 1744 &rarr; <strong>1734</strong><br />(-10 for losing)
|raw|not mb's rating: 1946 &rarr; <strong>1956</strong><br />(+10 for winning)
|l|☆smashbruhthers
|l| InsaneBread
|l| Rias
