|j|☆PokeDa
|j|☆hobby
|player|p1|PokeDa|wallace|1262
|player|p2|hobby|229|1203
|teamsize|p1|6
|teamsize|p2|6
|gametype|singles
|gen|8
|tier|[Gen 8] OU
|rated|
|rule|Sleep Clause Mod: Limit one foe put to sleep
|rule|Species Clause: Limit one of each Pokémon
|rule|OHKO Clause: OHKO moves are banned
|rule|Evasion Moves Clause: Evasion moves are banned
|rule|Endless Battle Clause: Forcing endless battles is banned
|rule|HP Percentage Mod: HP is shown in percentages
|clearpoke
|poke|p1|Dragapult, F|
|poke|p1|Clefable, M|
|poke|p1|Seismitoad, F|
|poke|p1|Excadrill, M|
|poke|p1|Conkeldurr, M|
|poke|p1|Rotom-Heat|
|poke|p2|Grimmsnarl, M|
|poke|p2|Rotom-Heat|
|poke|p2|Ferrothorn, F|
|poke|p2|Duraludon, F|
|poke|p2|Gengar, M|
|poke|p2|Jellicent, F|
|rule|Dynamax Clause: You cannot dynamax
|teampreview
|inactive|Battle timer is ON: inactive players will automatically lose when time's up. (requested by hobby)
|
|start
|switch|p1a: Seismitoad|Seismitoad, F|100/100
|switch|p2a: Rotom|Rotom-Heat|100/100
|turn|1
|
|switch|p2a: Ferrothorn|Ferrothorn, F|100/100
|move|p1a: Seismitoad|Stealth Rock|p2a: Ferrothorn
|-sidestart|p2: hobby|move: Stealth Rock
|
|upkeep
|turn|2
|
|switch|p1a: Rotom|Rotom-Heat|100/100
|move|p2a: Ferrothorn|Stealth Rock|p1a: Rotom
|-sidestart|p1: PokeDa|move: Stealth Rock
|
|upkeep
|turn|3
|
|switch|p2a: Rotom|Rotom-Heat|100/100
|move|p1a: Rotom|Nasty Plot|p1a: Rotom
|-boost|p1a: Rotom|spa|2
|
|upkeep
|turn|4
|inactive|hobby has 120 seconds left.
|
|move|p1a: Rotom|Dark Pulse|p2a: Rotom
|-damage|p2a: Rotom|40/100
|move|p2a: Rotom|Nasty Plot|p2a: Rotom
|-boost|p2a: Rotom|spa|2
|
|upkeep
|turn|5
|
|move|p1a: Rotom|Dark Pulse|p2a: Rotom
|-damage|p2a: Rotom|0 fnt
|faint|p2a: Rotom
|
|upkeep
|
|switch|p2a: Gengar|Gengar, M|100/100
|-damage|p2a: Gengar|88/100|[from] Stealth Rock
|turn|6
|
|move|p2a: Gengar|Shadow Ball|p1a: Rotom
|-damage|p1a: Rotom|40/100
|-unboost|p1a: Rotom|spd|1
|move|p1a: Rotom|Dark Pulse|p2a: Gengar
|-supereffective|p2a: Gengar
|-damage|p2a: Gengar|0 fnt
|faint|p2a: Gengar
|
|upkeep
|
|switch|p2a: Grimmsnarl|Grimmsnarl, M|100/100
|-damage|p2a: Grimmsnarl|88/100|[from] Stealth Rock
|turn|7
|
|move|p1a: Rotom|Overheat|p2a: Grimmsnarl
|-damage|p2a: Grimmsnarl|0 fnt
|-unboost|p1a: Rotom|spa|2
|faint|p2a: Grimmsnarl
|
|upkeep
|
|switch|p2a: Duraludon|Duraludon, F|100/100
|-damage|p2a: Duraludon|94/100|[from] Stealth Rock
|turn|8
|
|move|p1a: Rotom|Volt Switch|p2a: Duraludon
|-resisted|p2a: Duraludon
|-damage|p2a: Duraludon|77/100
|
|switch|p1a: Seismitoad|Seismitoad, F|100/100|[from]move: Volt Switch
|-damage|p1a: Seismitoad|94/100|[from] Stealth Rock
|move|p2a: Duraludon|Draco Meteor|p1a: Seismitoad
|-damage|p1a: Seismitoad|26/100
|-unboost|p2a: Duraludon|spa|2
|
|-heal|p1a: Seismitoad|32/100|[from] item: Leftovers
|upkeep
|turn|9
|
|move|p2a: Duraludon|Draco Meteor|p1a: Seismitoad|[miss]
|-miss|p2a: Duraludon|p1a: Seismitoad
|move|p1a: Seismitoad|Focus Blast|p2a: Duraludon
|-supereffective|p2a: Duraludon
|-damage|p2a: Duraludon|19/100
|
|-heal|p1a: Seismitoad|38/100|[from] item: Leftovers
|upkeep
|turn|10
|
|switch|p1a: Clefable|Clefable, M|100/100
|move|p2a: Duraludon|Draco Meteor|p1a: Clefable
|-immune|p1a: Clefable
|
|upkeep
|turn|11
|
|move|p2a: Duraludon|Flash Cannon|p1a: Clefable
|-supereffective|p1a: Clefable
|-damage|p1a: Clefable|56/100
|-unboost|p1a: Clefable|spd|1
|move|p1a: Clefable|Moonblast|p2a: Duraludon
|-damage|p2a: Duraludon|0 fnt
|faint|p2a: Duraludon
|
|upkeep
|
|switch|p2a: Ferrothorn|Ferrothorn, F|100/100
|-damage|p2a: Ferrothorn|94/100|[from] Stealth Rock
|turn|12
|
|move|p1a: Clefable|Flamethrower|p2a: Ferrothorn
|-supereffective|p2a: Ferrothorn
|-damage|p2a: Ferrothorn|0 fnt
|faint|p2a: Ferrothorn
|
|upkeep
|
|switch|p2a: Jellicent|Jellicent, F|100/100
|-damage|p2a: Jellicent|88/100|[from] Stealth Rock
|turn|13
|
|switch|p1a: Seismitoad|Seismitoad, F|38/100
|-damage|p1a: Seismitoad|32/100|[from] Stealth Rock
|move|p2a: Jellicent|Scald|p1a: Seismitoad
|-heal|p1a: Seismitoad|57/100|[from] ability: Water Absorb|[of] p2a: Jellicent
|
|-heal|p1a: Seismitoad|63/100|[from] item: Leftovers
|-heal|p2a: Jellicent|94/100|[from] item: Leftovers
|upkeep
|turn|14
|
|move|p1a: Seismitoad|Toxic|p2a: Jellicent|[miss]
|-miss|p1a: Seismitoad|p2a: Jellicent
|move|p2a: Jellicent|Will-O-Wisp|p1a: Seismitoad
|-status|p1a: Seismitoad|brn
|
|-heal|p1a: Seismitoad|69/100 brn|[from] item: Leftovers
|-heal|p2a: Jellicent|100/100|[from] item: Leftovers
|-damage|p1a: Seismitoad|63/100 brn|[from] brn
|upkeep
|turn|15
|
|move|p1a: Seismitoad|Toxic|p2a: Jellicent
|-status|p2a: Jellicent|tox
|move|p2a: Jellicent|Hex|p1a: Seismitoad
|-damage|p1a: Seismitoad|24/100 brn
|
|-heal|p1a: Seismitoad|30/100 brn|[from] item: Leftovers
|-damage|p1a: Seismitoad|24/100 brn|[from] brn
|-damage|p2a: Jellicent|94/100 tox|[from] psn
|upkeep
|turn|16
|
|switch|p1a: Clefable|Clefable, M|56/100
|move|p2a: Jellicent|Hex|p1a: Clefable
|-damage|p1a: Clefable|37/100
|
|-heal|p2a: Jellicent|100/100 tox|[from] item: Leftovers
|-damage|p2a: Jellicent|88/100 tox|[from] psn
|upkeep
|turn|17
|
|move|p1a: Clefable|Moonlight|p1a: Clefable
|-heal|p1a: Clefable|87/100
|move|p2a: Jellicent|Scald|p1a: Clefable
|-damage|p1a: Clefable|63/100
|
|-heal|p2a: Jellicent|94/100 tox|[from] item: Leftovers
|-damage|p2a: Jellicent|76/100 tox|[from] psn
|upkeep
|turn|18
|
|move|p1a: Clefable|Thunderbolt|p2a: Jellicent
|-supereffective|p2a: Jellicent
|-damage|p2a: Jellicent|18/100 tox
|move|p2a: Jellicent|Hex|p1a: Clefable
|-damage|p1a: Clefable|44/100
|
|-heal|p2a: Jellicent|24/100 tox|[from] item: Leftovers
|-damage|p2a: Jellicent|0 fnt|[from] psn
|faint|p2a: Jellicent
|
|win|PokeDa
|upkeep
|raw|PokeDa's rating: 1262 &rarr; <strong>1283</strong><br />(+21 for winning)
|raw|hobby's rating: 1203 &rarr; <strong>1182</strong><br />(-21 for losing)
