|html|<div class="broadcast-blue"><strong>[Gen 8] OU is currently suspecting Melmetal! For information on how to participate check out the <a href="https://www.smogon.com/forums/threads/np-ss-ou-suspect-process-round-12-monster-mash.3709234/">suspect thread</a>.</strong></div>
|j|☆ogeiv
|j|☆Spectre Ace
|t:|1666570364
|gametype|singles
|player|p1|ogeiv|170|1747
|player|p2|Spectre Ace|juggler|1720
|teamsize|p1|6
|teamsize|p2|6
|gen|8
|tier|[Gen 8] OU
|rated|
|rule|Sleep Clause Mod: Limit one foe put to sleep
|rule|Species Clause: Limit one of each Pokémon
|rule|OHKO Clause: OHKO moves are banned
|rule|Evasion Items Clause: Evasion items are banned
|rule|Evasion Moves Clause: Evasion moves are banned
|rule|Endless Battle Clause: Forcing endless battles is banned
|rule|HP Percentage Mod: HP is shown in percentages
|rule|Dynamax Clause: You cannot dynamax
|clearpoke
|poke|p1|Tyranitar, M|
|poke|p1|Excadrill, M|
|poke|p1|Rotom-Wash|
|poke|p1|Clefable, M|
|poke|p1|Tornadus-Therian, M|
|poke|p1|Heatran, F|
|poke|p2|Garchomp, M|
|poke|p2|Mandibuzz, F|
|poke|p2|Ferrothorn, M|
|poke|p2|Primarina, F|
|poke|p2|Raichu-Alola, F|
|poke|p2|Tapu Koko|
|teampreview
|c|☆ogeiv|uh oh
|c|☆ogeiv|the run back
|l|☆Spectre Ace
|player|p2|
|c|☆ogeiv|have fun
|inactive|Battle timer is ON: inactive players will automatically lose when time's up. (requested by ogeiv)
|j|☆Spectre Ace
|inactive|Spectre Ace reconnected and has 130 seconds left.
|player|p2|Spectre Ace|juggler
|
|t:|1666570404
|start
|switch|p1a: Tyranitar|Tyranitar, M|100/100
|switch|p2a: Primarina|Primarina, F|100/100
|-weather|Sandstorm|[from] ability: Sand Stream|[of] p1a: Tyranitar
|turn|1
|
|t:|1666570411
|switch|p2a: Garchomp|Garchomp, M|100/100
|move|p1a: Tyranitar|Stone Edge|p2a: Garchomp
|-resisted|p2a: Garchomp
|-damage|p2a: Garchomp|55/100
|
|-weather|Sandstorm|[upkeep]
|-heal|p2a: Garchomp|61/100|[from] item: Leftovers
|upkeep
|turn|2
|
|t:|1666570416
|move|p2a: Garchomp|Stone Edge|p1a: Tyranitar
|-damage|p1a: Tyranitar|71/100
|move|p1a: Tyranitar|Stone Edge|p2a: Garchomp
|-resisted|p2a: Garchomp
|-damage|p2a: Garchomp|19/100
|
|-weather|Sandstorm|[upkeep]
|-heal|p2a: Garchomp|25/100|[from] item: Leftovers
|upkeep
|turn|3
|
|t:|1666570421
|switch|p1a: Clefable|Clefable, M|100/100
|move|p2a: Garchomp|Stone Edge|p1a: Clefable|[miss]
|-miss|p2a: Garchomp|p1a: Clefable
|
|-weather|Sandstorm|[upkeep]
|-heal|p2a: Garchomp|32/100|[from] item: Leftovers
|upkeep
|turn|4
|j| marietee
|
|t:|1666570424
|switch|p2a: Ferrothorn|Ferrothorn, M|100/100
|move|p1a: Clefable|Moonblast|p2a: Ferrothorn
|-resisted|p2a: Ferrothorn
|-damage|p2a: Ferrothorn|89/100
|
|-weather|Sandstorm|[upkeep]
|-heal|p2a: Ferrothorn|96/100|[from] item: Leftovers
|upkeep
|turn|5
|
|t:|1666570429
|move|p1a: Clefable|Knock Off|p2a: Ferrothorn
|-damage|p2a: Ferrothorn|85/100
|-activate|p2a: Ferrothorn|ability: Iron Barbs
|-enditem|p2a: Ferrothorn|Leftovers|[from] move: Knock Off|[of] p1a: Clefable
|move|p2a: Ferrothorn|Spikes|p1a: Clefable
|-sidestart|p1: ogeiv|Spikes
|
|-weather|none
|upkeep
|turn|6
|
|t:|1666570432
|move|p1a: Clefable|Stealth Rock|p2a: Ferrothorn
|-sidestart|p2: Spectre Ace|move: Stealth Rock
|move|p2a: Ferrothorn|Knock Off|p1a: Clefable
|-resisted|p1a: Clefable
|-crit|p1a: Clefable
|-damage|p1a: Clefable|89/100
|-damage|p2a: Ferrothorn|68/100|[from] item: Rocky Helmet|[of] p1a: Clefable
|-enditem|p1a: Clefable|Rocky Helmet|[from] move: Knock Off|[of] p2a: Ferrothorn
|
|upkeep
|turn|7
|
|t:|1666570436
|move|p1a: Clefable|Knock Off|p2a: Ferrothorn
|-damage|p2a: Ferrothorn|61/100
|-activate|p2a: Ferrothorn|ability: Iron Barbs
|move|p2a: Ferrothorn|Gyro Ball|p1a: Clefable
|-supereffective|p1a: Clefable
|-damage|p1a: Clefable|37/100
|
|upkeep
|turn|8
|
|t:|1666570441
|switch|p2a: Primarina|Primarina, F|100/100
|-damage|p2a: Primarina|88/100|[from] Stealth Rock
|move|p1a: Clefable|Soft-Boiled|p1a: Clefable
|-heal|p1a: Clefable|87/100
|
|upkeep
|turn|9
|
|t:|1666570450
|switch|p1a: Rotom|Rotom-Wash|100/100
|move|p2a: Primarina|Hydro Pump|p1a: Rotom
|-resisted|p1a: Rotom
|-damage|p1a: Rotom|63/100
|
|-heal|p1a: Rotom|69/100|[from] item: Leftovers
|upkeep
|turn|10
|
|t:|1666570458
|switch|p2a: Garchomp|Garchomp, M|32/100
|-damage|p2a: Garchomp|25/100|[from] Stealth Rock
|move|p1a: Rotom|Volt Switch|p2a: Garchomp
|-immune|p2a: Garchomp
|
|-heal|p2a: Garchomp|32/100|[from] item: Leftovers
|-heal|p1a: Rotom|75/100|[from] item: Leftovers
|upkeep
|turn|11
|
|t:|1666570459
|move|p2a: Garchomp|Stealth Rock|p1a: Rotom
|-sidestart|p1: ogeiv|move: Stealth Rock
|move|p1a: Rotom|Hydro Pump|p2a: Garchomp
|-damage|p2a: Garchomp|0 fnt
|faint|p2a: Garchomp
|
|-heal|p1a: Rotom|82/100|[from] item: Leftovers
|upkeep
|
|t:|1666570462
|switch|p2a: Tapu Koko|Tapu Koko|100/100
|-damage|p2a: Tapu Koko|88/100|[from] Stealth Rock
|-fieldstart|move: Electric Terrain|[from] ability: Electric Surge|[of] p2a: Tapu Koko
|turn|12
|
|t:|1666570469
|switch|p1a: Excadrill|Excadrill, M|100/100
|-damage|p1a: Excadrill|88/100|[from] Spikes
|-damage|p1a: Excadrill|85/100|[from] Stealth Rock
|move|p2a: Tapu Koko|Thunderbolt|p1a: Excadrill
|-immune|p1a: Excadrill
|
|-heal|p1a: Excadrill|91/100|[from] item: Leftovers
|upkeep
|turn|13
|
|t:|1666570474
|switch|p2a: Primarina|Primarina, F|88/100
|-damage|p2a: Primarina|76/100|[from] Stealth Rock
|move|p1a: Excadrill|Rapid Spin|p2a: Primarina
|-damage|p2a: Primarina|50/100
|-boost|p1a: Excadrill|spe|1
|-sideend|p1: ogeiv|Spikes|[from] move: Rapid Spin|[of] p1a: Excadrill
|-sideend|p1: ogeiv|Stealth Rock|[from] move: Rapid Spin|[of] p1a: Excadrill
|
|-heal|p1a: Excadrill|97/100|[from] item: Leftovers
|upkeep
|turn|14
|
|t:|1666570477
|move|p1a: Excadrill|Earthquake|p2a: Primarina
|-damage|p2a: Primarina|0 fnt
|faint|p2a: Primarina
|
|-heal|p1a: Excadrill|100/100|[from] item: Leftovers
|upkeep
|
|t:|1666570479
|switch|p2a: Raichu|Raichu-Alola, F, shiny|100/100
|-damage|p2a: Raichu|88/100|[from] Stealth Rock
|turn|15
|
|t:|1666570482
|move|p2a: Raichu|Surf|p1a: Excadrill
|-supereffective|p1a: Excadrill
|-damage|p1a: Excadrill|0 fnt
|faint|p1a: Excadrill
|-damage|p2a: Raichu|78/100|[from] item: Life Orb
|
|upkeep
|c|☆ogeiv|oh damn
|c|☆ogeiv|it kille that time
|
|t:|1666570494
|switch|p1a: Clefable|Clefable, M|87/100
|turn|16
|
|t:|1666570499
|move|p2a: Raichu|Rising Voltage|p1a: Clefable
|-hint|Rising Voltage's BP doubled on grounded target.
|-damage|p1a: Clefable|0 fnt
|faint|p1a: Clefable
|-damage|p2a: Raichu|68/100|[from] item: Life Orb
|
|upkeep
|
|t:|1666570503
|switch|p1a: Tyranitar|Tyranitar, M|71/100
|-weather|Sandstorm|[from] ability: Sand Stream|[of] p1a: Tyranitar
|turn|17
|
|t:|1666570515
|switch|p2a: Croft|Mandibuzz, F|100/100
|move|p1a: Tyranitar|Crunch|p2a: Croft
|-resisted|p2a: Croft
|-damage|p2a: Croft|79/100
|
|-weather|Sandstorm|[upkeep]
|upkeep
|turn|18
|
|t:|1666570518
|switch|p1a: Tornadus|Tornadus-Therian, M|100/100
|move|p2a: Croft|Defog|p1a: Tornadus
|-unboost|p1a: Tornadus|evasion|1
|-sideend|p2: Spectre Ace|Stealth Rock|[from] move: Defog|[of] p2a: Croft
|-fieldend|move: Electric Terrain
|
|-weather|Sandstorm|[upkeep]
|-damage|p1a: Tornadus|94/100|[from] Sandstorm
|upkeep
|turn|19
|
|t:|1666570520
|move|p1a: Tornadus|Hurricane|p2a: Croft
|-damage|p2a: Croft|40/100
|move|p2a: Croft|U-turn|p1a: Tornadus
|-resisted|p1a: Tornadus
|-damage|p1a: Tornadus|87/100
|
|t:|1666570522
|switch|p2a: Tapu Koko|Tapu Koko|88/100|[from]move: U-turn
|-fieldstart|move: Electric Terrain|[from] ability: Electric Surge|[of] p2a: Tapu Koko
|
|-weather|Sandstorm|[upkeep]
|-damage|p2a: Tapu Koko|82/100|[from] Sandstorm
|-damage|p1a: Tornadus|81/100|[from] Sandstorm
|upkeep
|turn|20
|
|t:|1666570525
|move|p2a: Tapu Koko|Thunderbolt|p1a: Tornadus
|-supereffective|p1a: Tornadus
|-damage|p1a: Tornadus|0 fnt
|faint|p1a: Tornadus
|
|-weather|Sandstorm|[upkeep]
|-damage|p2a: Tapu Koko|76/100|[from] Sandstorm
|upkeep
|j| jyhtgrteehbgre
|
|t:|1666570530
|switch|p1a: Rotom|Rotom-Wash|82/100
|turn|21
|
|t:|1666570534
|move|p2a: Tapu Koko|Thunderbolt|p1a: Rotom
|-damage|p1a: Rotom|45/100
|move|p1a: Rotom|Hydro Pump|p2a: Tapu Koko
|-damage|p2a: Tapu Koko|17/100
|
|-weather|none
|-heal|p1a: Rotom|51/100|[from] item: Leftovers
|upkeep
|turn|22
|
|t:|1666570540
|switch|p2a: Ferrothorn|Ferrothorn, M|61/100
|move|p1a: Rotom|Hydro Pump|p2a: Ferrothorn
|-resisted|p2a: Ferrothorn
|-damage|p2a: Ferrothorn|47/100
|
|-heal|p1a: Rotom|58/100|[from] item: Leftovers
|upkeep
|turn|23
|
|t:|1666570543
|move|p1a: Rotom|Volt Switch|p2a: Ferrothorn
|-resisted|p2a: Ferrothorn
|-damage|p2a: Ferrothorn|38/100
|
|t:|1666570545
|switch|p1a: Heatran|Heatran, F|100/100|[from]move: Volt Switch
|move|p2a: Ferrothorn|Spikes|p1a: Heatran
|-sidestart|p1: ogeiv|Spikes
|
|upkeep
|turn|24
|
|t:|1666570550
|move|p1a: Heatran|Magma Storm|p2a: Ferrothorn
|-supereffective|p2a: Ferrothorn
|-damage|p2a: Ferrothorn|0 fnt
|faint|p2a: Ferrothorn
|
|upkeep
|
|t:|1666570551
|switch|p2a: Tapu Koko|Tapu Koko|17/100
|turn|25
|
|t:|1666570557
|switch|p1a: Rotom|Rotom-Wash|58/100
|move|p2a: Tapu Koko|U-turn|p1a: Rotom
|-damage|p1a: Rotom|39/100
|
|t:|1666570559
|switch|p2a: Raichu|Raichu-Alola, F, shiny|68/100|[from]move: U-turn
|
|-heal|p1a: Rotom|46/100|[from] item: Leftovers
|upkeep
|turn|26
|
|t:|1666570569
|move|p2a: Raichu|Rising Voltage|p1a: Rotom
|-crit|p1a: Rotom
|-damage|p1a: Rotom|0 fnt
|faint|p1a: Rotom
|-damage|p2a: Raichu|58/100|[from] item: Life Orb
|
|-fieldend|move: Electric Terrain
|upkeep
|
|t:|1666570574
|switch|p1a: Heatran|Heatran, F|100/100
|-damage|p1a: Heatran|88/100|[from] Spikes
|turn|27
|
|t:|1666570587
|move|p2a: Raichu|Surf|p1a: Heatran
|-supereffective|p1a: Heatran
|-damage|p1a: Heatran|26/100
|-damage|p2a: Raichu|48/100|[from] item: Life Orb
|move|p1a: Heatran|Magma Storm|p2a: Raichu|[miss]
|-miss|p1a: Heatran|p2a: Raichu
|
|-heal|p1a: Heatran|32/100|[from] item: Leftovers
|upkeep
|turn|28
|c|☆Spectre Ace|Mb
|c|☆ogeiv|its fine
|-message|ogeiv forfeited.
|
|win|Spectre Ace
|raw|ogeiv's rating: 1747 &rarr; <strong>1725</strong><br />(-22 for losing)
|raw|Spectre Ace's rating: 1720 &rarr; <strong>1742</strong><br />(+22 for winning)
|j| tapu moxo
|c|☆ogeiv|woulda had to hit two edges anyways
|c|☆ogeiv|actually nvm i could just ice punch
|c|☆ogeiv|unfort
|c|☆ogeiv|oh ur uturn bro it didnt matter
|l| jyhtgrteehbgre
|c|☆ogeiv|gg
||Ladder isn't responding, score probably updated but might not have (Request timeout).
|l|☆ogeiv
