|raw|<div class="broadcast-blue"><strong>This battle is required to be public due to a player having a name starting with 'lt82zw'.</div>
|j|☆LT82ZW Toasted
|j|☆Orangesss
|t:|1626103940
|gametype|singles
|player|p1|LT82ZW Toasted|jasmine|1746
|player|p2|Orangesss|silver|1700
|teamsize|p1|6
|teamsize|p2|6
|gen|8
|tier|[Gen 8] OU
|rated|
|rule|Sleep Clause Mod: Limit one foe put to sleep
|rule|Species Clause: Limit one of each Pokémon
|rule|OHKO Clause: OHKO moves are banned
|rule|Evasion Moves Clause: Evasion moves are banned
|rule|Endless Battle Clause: Forcing endless battles is banned
|rule|HP Percentage Mod: HP is shown in percentages
|rule|Dynamax Clause: You cannot dynamax
|clearpoke
|poke|p1|Hippowdon, F|
|poke|p1|Corviknight, F|
|poke|p1|Toxapex, F|
|poke|p1|Clefable, M|
|poke|p1|Tornadus-Therian, M|
|poke|p1|Blissey, F|
|poke|p2|Pelipper, F|
|poke|p2|Barraskewda, M|
|poke|p2|Ferrothorn, M|
|poke|p2|Seismitoad, F|
|poke|p2|Tapu Koko|
|poke|p2|Tornadus-Therian, M|
|teampreview
|inactive|Battle timer is ON: inactive players will automatically lose when time's up. (requested by Orangesss)
|inactive|LT82ZW Toasted has 120 seconds left.
|
|t:|1626103999
|start
|switch|p1a: Clefable|Clefable, M|100/100
|switch|p2a: Speed Overdose|Tapu Koko|100/100
|-fieldstart|move: Electric Terrain|[from] ability: Electric Surge|[of] p2a: Speed Overdose
|turn|1
|
|t:|1626104019
|move|p2a: Speed Overdose|Volt Switch|p1a: Clefable
|-damage|p1a: Clefable|52/100
|
|t:|1626104024
|switch|p2a: Big Gulp sponsor|Pelipper, F|100/100|[from]move: Volt Switch
|-weather|RainDance|[from] ability: Drizzle|[of] p2a: Big Gulp sponsor
|move|p1a: Clefable|Soft-Boiled|p1a: Clefable
|-heal|p1a: Clefable|100/100
|
|-weather|RainDance|[upkeep]
|upkeep
|turn|2
|
|t:|1626104035
|switch|p2a: Hates rain|Ferrothorn, M|100/100
|move|p1a: Clefable|Calm Mind|p1a: Clefable
|-boost|p1a: Clefable|spa|1
|-boost|p1a: Clefable|spd|1
|
|-weather|RainDance|[upkeep]
|upkeep
|turn|3
|inactive|LT82ZW Toasted has 120 seconds left.
|
|t:|1626104092
|move|p1a: Clefable|Calm Mind|p1a: Clefable
|-boost|p1a: Clefable|spa|1
|-boost|p1a: Clefable|spd|1
|move|p2a: Hates rain|Knock Off|p1a: Clefable
|-resisted|p1a: Clefable
|-damage|p1a: Clefable|92/100
|-enditem|p1a: Clefable|Heavy-Duty Boots|[from] move: Knock Off|[of] p2a: Hates rain
|
|-weather|RainDance|[upkeep]
|upkeep
|turn|4
|
|t:|1626104099
|move|p1a: Clefable|Flamethrower|p2a: Hates rain
|-supereffective|p2a: Hates rain
|-damage|p2a: Hates rain|32/100
|move|p2a: Hates rain|Spikes|p1a: Clefable
|-sidestart|p1: LT82ZW Toasted|Spikes
|
|-weather|RainDance|[upkeep]
|-heal|p2a: Hates rain|39/100|[from] item: Leftovers
|upkeep
|turn|5
|
|t:|1626104113
|switch|p2a: Agent ¥|Seismitoad, F|100/100
|move|p1a: Clefable|Moonblast|p2a: Agent ¥
|-damage|p2a: Agent ¥|21/100
|
|-weather|RainDance|[upkeep]
|-fieldend|move: Electric Terrain
|upkeep
|turn|6
|inactive|LT82ZW Toasted has 90 seconds left.
|inactive|LT82ZW Toasted has 60 seconds left.
|
|t:|1626104193
|move|p2a: Agent ¥|Surf|p1a: Clefable
|-damage|p1a: Clefable|56/100
|-damage|p2a: Agent ¥|11/100|[from] item: Life Orb
|move|p1a: Clefable|Soft-Boiled|p1a: Clefable
|-heal|p1a: Clefable|100/100
|
|-weather|RainDance|[upkeep]
|upkeep
|turn|7
|
|t:|1626104203
|move|p2a: Agent ¥|Stealth Rock|p1a: Clefable
|-sidestart|p1: LT82ZW Toasted|move: Stealth Rock
|move|p1a: Clefable|Soft-Boiled||[still]
|-fail|p1a: Clefable|heal
|
|-weather|RainDance|[upkeep]
|upkeep
|turn|8
|
|t:|1626104214
|move|p2a: Agent ¥|Surf|p1a: Clefable
|-damage|p1a: Clefable|69/100
|-damage|p2a: Agent ¥|1/100|[from] item: Life Orb
|move|p1a: Clefable|Calm Mind|p1a: Clefable
|-boost|p1a: Clefable|spa|1
|-boost|p1a: Clefable|spd|1
|
|-weather|none
|upkeep
|turn|9
|
|t:|1626104222
|switch|p2a: Big Gulp sponsor|Pelipper, F|100/100
|-weather|RainDance|[from] ability: Drizzle|[of] p2a: Big Gulp sponsor
|move|p1a: Clefable|Moonblast|p2a: Big Gulp sponsor
|-damage|p2a: Big Gulp sponsor|0 fnt
|faint|p2a: Big Gulp sponsor
|
|-weather|RainDance|[upkeep]
|upkeep
|
|t:|1626104225
|switch|p2a: One fish two fish|Barraskewda, M|100/100
|turn|10
|inactive|LT82ZW Toasted has 60 seconds left.
|inactive|LT82ZW Toasted has 30 seconds left.
|
|t:|1626104270
|switch|p1a: Toxapex|Toxapex, F|100/100
|-damage|p1a: Toxapex|88/100|[from] Spikes
|-damage|p1a: Toxapex|76/100|[from] Stealth Rock
|move|p2a: One fish two fish|Flip Turn|p1a: Toxapex
|-resisted|p1a: Toxapex
|-damage|p1a: Toxapex|55/100
|inactive|LT82ZW Toasted has 30 seconds left this turn.
|
|t:|1626104274
|switch|p2a: Speed Overdose|Tapu Koko|100/100|[from]move: Flip Turn
|-fieldstart|move: Electric Terrain|[from] ability: Electric Surge|[of] p2a: Speed Overdose
|
|-weather|RainDance|[upkeep]
|upkeep
|turn|11
|inactive|LT82ZW Toasted has 30 seconds left.
|inactive|LT82ZW Toasted has 20 seconds left.
|
|t:|1626104296
|switch|p1a: Hippowdon|Hippowdon, F|100/100
|-damage|p1a: Hippowdon|94/100|[from] Stealth Rock
|-damage|p1a: Hippowdon|82/100|[from] Spikes
|-weather|Sandstorm|[from] ability: Sand Stream|[of] p1a: Hippowdon
|move|p2a: Speed Overdose|Grass Knot|p1a: Hippowdon
|-supereffective|p1a: Hippowdon
|-damage|p1a: Hippowdon|15/100
|
|-weather|Sandstorm|[upkeep]
|-damage|p2a: Speed Overdose|94/100|[from] Sandstorm
|-heal|p1a: Hippowdon|21/100|[from] item: Leftovers
|upkeep
|turn|12
|inactive|LT82ZW Toasted has 30 seconds left this turn.
|
|t:|1626104302
|switch|p1a: Corviknight|Corviknight, F|100/100
|-damage|p1a: Corviknight|88/100|[from] Stealth Rock
|-ability|p1a: Corviknight|Pressure
|move|p2a: Speed Overdose|Grass Knot|p1a: Corviknight
|-resisted|p1a: Corviknight
|-damage|p1a: Corviknight|80/100
|
|-weather|Sandstorm|[upkeep]
|-damage|p2a: Speed Overdose|88/100|[from] Sandstorm
|-heal|p1a: Corviknight|86/100|[from] item: Leftovers
|upkeep
|turn|13
|
|t:|1626104309
|switch|p2a: Hates rain|Ferrothorn, M|39/100
|move|p1a: Corviknight|Defog|p2a: Hates rain
|-unboost|p2a: Hates rain|evasion|1
|-sideend|p1: LT82ZW Toasted|Spikes|[from] move: Defog|[of] p1a: Corviknight
|-sideend|p1: LT82ZW Toasted|Stealth Rock|[from] move: Defog|[of] p1a: Corviknight
|-fieldend|move: Electric Terrain
|
|-weather|Sandstorm|[upkeep]
|-heal|p1a: Corviknight|92/100|[from] item: Leftovers
|-heal|p2a: Hates rain|45/100|[from] item: Leftovers
|upkeep
|turn|14
|
|t:|1626104317
|switch|p2a: One fish two fish|Barraskewda, M|100/100
|move|p1a: Corviknight|Iron Defense|p1a: Corviknight
|-boost|p1a: Corviknight|def|2
|
|-weather|Sandstorm|[upkeep]
|-damage|p2a: One fish two fish|94/100|[from] Sandstorm
|-heal|p1a: Corviknight|98/100|[from] item: Leftovers
|upkeep
|turn|15
|
|t:|1626104334
|move|p2a: One fish two fish|Flip Turn|p1a: Corviknight
|-damage|p1a: Corviknight|83/100
|
|t:|1626104338
|switch|p2a: Speed Overdose|Tapu Koko|88/100|[from]move: Flip Turn
|-fieldstart|move: Electric Terrain|[from] ability: Electric Surge|[of] p2a: Speed Overdose
|move|p1a: Corviknight|Body Press|p2a: Speed Overdose
|-resisted|p2a: Speed Overdose
|-damage|p2a: Speed Overdose|50/100
|
|-weather|none
|-heal|p1a: Corviknight|90/100|[from] item: Leftovers
|upkeep
|turn|16
|
|t:|1626104363
|switch|p1a: Hippowdon|Hippowdon, F|21/100
|-weather|Sandstorm|[from] ability: Sand Stream|[of] p1a: Hippowdon
|move|p2a: Speed Overdose|Dazzling Gleam|p1a: Hippowdon
|-damage|p1a: Hippowdon|0 fnt
|faint|p1a: Hippowdon
|
|-weather|Sandstorm|[upkeep]
|-damage|p2a: Speed Overdose|44/100|[from] Sandstorm
|upkeep
|inactive|LT82ZW Toasted has 30 seconds left.
|inactive|LT82ZW Toasted has 20 seconds left.
|inactive|LT82ZW Toasted has 15 seconds left.
|
|t:|1626104389
|switch|p1a: Toxapex|Toxapex, F|88/100
|turn|17
|inactive|LT82ZW Toasted has 25 seconds left this turn.
|inactive|LT82ZW Toasted has 20 seconds left.
|
|t:|1626104395
|switch|p2a: Hates rain|Ferrothorn, M|45/100
|move|p1a: Toxapex|Knock Off|p2a: Hates rain
|-damage|p2a: Hates rain|35/100
|-damage|p1a: Toxapex|76/100|[from] ability: Iron Barbs|[of] p2a: Hates rain
|-enditem|p2a: Hates rain|Leftovers|[from] move: Knock Off|[of] p1a: Toxapex
|
|-weather|Sandstorm|[upkeep]
|-damage|p1a: Toxapex|70/100|[from] Sandstorm
|upkeep
|turn|18
|inactive|LT82ZW Toasted has 30 seconds left this turn.
|inactive|LT82ZW Toasted has 20 seconds left.
|inactive|LT82ZW Toasted has 15 seconds left.
|
|t:|1626104411
|switch|p1a: Clefable|Clefable, M|69/100
|move|p2a: Hates rain|Spikes|p1a: Clefable
|-sidestart|p1: LT82ZW Toasted|Spikes
|
|-weather|Sandstorm|[upkeep]
|-damage|p1a: Clefable|63/100|[from] Sandstorm
|upkeep
|turn|19
|inactive|LT82ZW Toasted has 25 seconds left this turn.
|inactive|LT82ZW Toasted has 20 seconds left.
|
|t:|1626104416
|switch|p2a: One fish two fish|Barraskewda, M|94/100
|move|p1a: Clefable|Calm Mind|p1a: Clefable
|-boost|p1a: Clefable|spa|1
|-boost|p1a: Clefable|spd|1
|
|-weather|Sandstorm|[upkeep]
|-damage|p2a: One fish two fish|88/100|[from] Sandstorm
|-damage|p1a: Clefable|57/100|[from] Sandstorm
|-fieldend|move: Electric Terrain
|upkeep
|turn|20
|inactive|LT82ZW Toasted has 30 seconds left this turn.
|inactive|LT82ZW Toasted has 20 seconds left.
|inactive|LT82ZW Toasted has 15 seconds left.
|
|t:|1626104433
|switch|p1a: Toxapex|Toxapex, F|100/100
|-damage|p1a: Toxapex|88/100|[from] Spikes
|move|p2a: One fish two fish|Flip Turn|p1a: Toxapex
|-resisted|p1a: Toxapex
|-damage|p1a: Toxapex|73/100
|inactive|LT82ZW Toasted has 20 seconds left this turn.
|
|t:|1626104438
|switch|p2a: Speed Overdose|Tapu Koko|44/100|[from]move: Flip Turn
|-fieldstart|move: Electric Terrain|[from] ability: Electric Surge|[of] p2a: Speed Overdose
|
|-weather|none
|upkeep
|turn|21
|inactive|LT82ZW Toasted has 30 seconds left this turn.
|
|t:|1626104446
|switch|p1a: Blissey|Blissey, F|100/100
|move|p2a: Speed Overdose|Volt Switch|p1a: Blissey
|-damage|p1a: Blissey|80/100
|inactive|LT82ZW Toasted has 30 seconds left this turn.
|
|t:|1626104452
|switch|p2a: One fish two fish|Barraskewda, M|88/100|[from]move: Volt Switch
|
|upkeep
|turn|22
|
|t:|1626104462
|switch|p1a: Tornadus|Tornadus-Therian, M, shiny|100/100
|move|p2a: One fish two fish|Flip Turn|p1a: Tornadus
|-damage|p1a: Tornadus|53/100
|
|t:|1626104465
|switch|p2a: Speed Overdose|Tapu Koko|44/100|[from]move: Flip Turn
|
|upkeep
|turn|23
|inactive|LT82ZW Toasted has 30 seconds left.
|inactive|LT82ZW Toasted has 20 seconds left.
|inactive|LT82ZW Toasted has 15 seconds left.
|inactive|LT82ZW Toasted has 10 seconds left.
|
|t:|1626104509
|switch|p1a: Blissey|Blissey, F|80/100
|move|p2a: Speed Overdose|Volt Switch|p1a: Blissey
|-damage|p1a: Blissey|60/100
|inactive|LT82ZW Toasted has 15 seconds left this turn.
|
|t:|1626104515
|switch|p2a: One fish two fish|Barraskewda, M|88/100|[from]move: Volt Switch
|
|upkeep
|turn|24
|inactive|LT82ZW Toasted has 25 seconds left this turn.
|inactive|LT82ZW Toasted has 20 seconds left.
|inactive|LT82ZW Toasted has 15 seconds left.
|
|t:|1626104525
|switch|p1a: Corviknight|Corviknight, F|90/100
|-ability|p1a: Corviknight|Pressure
|move|p2a: One fish two fish|Close Combat|p1a: Corviknight
|-damage|p1a: Corviknight|48/100
|-unboost|p2a: One fish two fish|def|1
|-unboost|p2a: One fish two fish|spd|1
|
|-heal|p1a: Corviknight|54/100|[from] item: Leftovers
|-fieldend|move: Electric Terrain
|upkeep
|turn|25
|inactive|LT82ZW Toasted has 25 seconds left this turn.
|inactive|LT82ZW Toasted has 20 seconds left.
|inactive|LT82ZW Toasted has 15 seconds left.
|
|t:|1626104536
|switch|p2a: Speed Overdose|Tapu Koko|44/100
|-fieldstart|move: Electric Terrain|[from] ability: Electric Surge|[of] p2a: Speed Overdose
|switch|p1a: Blissey|Blissey, F|60/100
|
|upkeep
|turn|26
|inactive|LT82ZW Toasted has 25 seconds left this turn.
|inactive|LT82ZW Toasted has 20 seconds left.
|
|t:|1626104543
|move|p2a: Speed Overdose|Volt Switch|p1a: Blissey
|-damage|p1a: Blissey|39/100
|inactive|LT82ZW Toasted has 25 seconds left this turn.
|
|t:|1626104547
|switch|p2a: One fish two fish|Barraskewda, M|88/100|[from]move: Volt Switch
|move|p1a: Blissey|Soft-Boiled|p1a: Blissey
|-heal|p1a: Blissey|89/100
|
|upkeep
|turn|27
|inactive|LT82ZW Toasted has 30 seconds left.
|
|t:|1626104552
|move|p2a: One fish two fish|Flip Turn|p1a: Blissey
|-damage|p1a: Blissey|47/100
|
|t:|1626104558
|switch|p2a: Hates rain|Ferrothorn, M|35/100|[from]move: Flip Turn
|move|p1a: Blissey|Soft-Boiled|p1a: Blissey
|-heal|p1a: Blissey|97/100
|
|upkeep
|turn|28
|
|t:|1626104566
|switch|p1a: Tornadus|Tornadus-Therian, M, shiny|86/100
|move|p2a: Hates rain|Knock Off|p1a: Tornadus
|-damage|p1a: Tornadus|63/100
|-enditem|p1a: Tornadus|Heavy-Duty Boots|[from] move: Knock Off|[of] p2a: Hates rain
|
|upkeep
|turn|29
|
|t:|1626104572
|switch|p2a: Tornadus|Tornadus-Therian, M|100/100
|move|p1a: Tornadus|Focus Blast|p2a: Tornadus
|-resisted|p2a: Tornadus
|-damage|p2a: Tornadus|84/100
|
|-fieldend|move: Electric Terrain
|upkeep
|turn|30
|
|t:|1626104583
|move|p2a: Tornadus|U-turn|p1a: Tornadus
|-resisted|p1a: Tornadus
|-crit|p1a: Tornadus
|-damage|p1a: Tornadus|51/100
|
|t:|1626104591
|switch|p2a: Agent ¥|Seismitoad, F|1/100|[from]move: U-turn
|move|p1a: Tornadus|Hurricane|p2a: Agent ¥|[miss]
|-miss|p1a: Tornadus|p2a: Agent ¥
|
|upkeep
|turn|31
|
|t:|1626104596
|switch|p2a: Tornadus|Tornadus-Therian, M|100/100
|move|p1a: Tornadus|Hurricane|p2a: Tornadus
|-damage|p2a: Tornadus|54/100
|
|upkeep
|turn|32
|inactive|LT82ZW Toasted has 60 seconds left.
|
|t:|1626104608
|move|p2a: Tornadus|U-turn|p1a: Tornadus
|-resisted|p1a: Tornadus
|-damage|p1a: Tornadus|43/100
|
|t:|1626104612
|switch|p2a: Speed Overdose|Tapu Koko|44/100|[from]move: U-turn
|-fieldstart|move: Electric Terrain|[from] ability: Electric Surge|[of] p2a: Speed Overdose
|move|p1a: Tornadus|Hurricane|p2a: Speed Overdose
|-resisted|p2a: Speed Overdose
|-damage|p2a: Speed Overdose|14/100
|
|upkeep
|turn|33
|
|t:|1626104625
|switch|p1a: Blissey|Blissey, F|97/100
|move|p2a: Speed Overdose|Volt Switch|p1a: Blissey
|-damage|p1a: Blissey|77/100
|
|t:|1626104629
|switch|p2a: One fish two fish|Barraskewda, M|88/100|[from]move: Volt Switch
|
|upkeep
|turn|34
|
|t:|1626104633
|switch|p1a: Toxapex|Toxapex, F|100/100
|-damage|p1a: Toxapex|88/100|[from] Spikes
|move|p2a: One fish two fish|Flip Turn|p1a: Toxapex
|-resisted|p1a: Toxapex
|-damage|p1a: Toxapex|72/100
|
|t:|1626104636
|switch|p2a: Speed Overdose|Tapu Koko|14/100|[from]move: Flip Turn
|
|upkeep
|turn|35
|inactive|LT82ZW Toasted has 90 seconds left.
|inactive|LT82ZW Toasted has 60 seconds left.
|
|t:|1626104697
|switch|p1a: Corviknight|Corviknight, F|54/100
|-ability|p1a: Corviknight|Pressure
|move|p2a: Speed Overdose|Volt Switch|p1a: Corviknight
|-supereffective|p1a: Corviknight
|-damage|p1a: Corviknight|0 fnt
|faint|p1a: Corviknight
|
|t:|1626104704
|switch|p2a: One fish two fish|Barraskewda, M|88/100|[from]move: Volt Switch
|
|upkeep
|inactive|LT82ZW Toasted has 30 seconds left.
|inactive|LT82ZW Toasted has 20 seconds left.
|
|t:|1626104731
|switch|p1a: Toxapex|Toxapex, F|100/100
|-damage|p1a: Toxapex|88/100|[from] Spikes
|turn|36
|inactive|LT82ZW Toasted has 30 seconds left this turn.
|
|t:|1626104740
|move|p2a: One fish two fish|Flip Turn|p1a: Toxapex
|-resisted|p1a: Toxapex
|-damage|p1a: Toxapex|74/100
|
|t:|1626104746
|switch|p2a: Tornadus|Tornadus-Therian, M|87/100|[from]move: Flip Turn
|move|p1a: Toxapex|Scald|p2a: Tornadus
|-damage|p2a: Tornadus|70/100
|-status|p2a: Tornadus|brn
|
|-damage|p2a: Tornadus|64/100 brn|[from] brn
|-fieldend|move: Electric Terrain
|upkeep
|turn|37
|
|t:|1626104754
|move|p2a: Tornadus|Knock Off|p1a: Toxapex
|-damage|p1a: Toxapex|68/100
|-enditem|p1a: Toxapex|Shed Shell|[from] move: Knock Off|[of] p2a: Tornadus
|move|p1a: Toxapex|Scald|p2a: Tornadus
|-damage|p2a: Tornadus|48/100 brn
|
|-damage|p2a: Tornadus|42/100 brn|[from] brn
|upkeep
|turn|38
|
|t:|1626104759
|move|p2a: Tornadus|Hurricane|p1a: Toxapex|[miss]
|-miss|p2a: Tornadus|p1a: Toxapex
|move|p1a: Toxapex|Scald|p2a: Tornadus
|-damage|p2a: Tornadus|23/100 brn
|
|-damage|p2a: Tornadus|17/100 brn|[from] brn
|upkeep
|turn|39
|
|t:|1626104764
|move|p2a: Tornadus|U-turn|p1a: Toxapex
|-resisted|p1a: Toxapex
|-damage|p1a: Toxapex|66/100
|
|t:|1626104767
|switch|p2a: Hates rain|Ferrothorn, M|35/100|[from]move: U-turn
|move|p1a: Toxapex|Scald|p2a: Hates rain
|-resisted|p2a: Hates rain
|-damage|p2a: Hates rain|29/100
|
|upkeep
|turn|40
|
|t:|1626104775
|move|p1a: Toxapex|Scald|p2a: Hates rain
|-resisted|p2a: Hates rain
|-damage|p2a: Hates rain|22/100
|move|p2a: Hates rain|Leech Seed|p1a: Toxapex
|-start|p1a: Toxapex|move: Leech Seed
|
|-damage|p1a: Toxapex|54/100|[from] Leech Seed|[of] p2a: Hates rain
|-heal|p2a: Hates rain|33/100|[silent]
|upkeep
|turn|41
|
|t:|1626104783
|switch|p1a: Clefable|Clefable, M|57/100
|-damage|p1a: Clefable|44/100|[from] Spikes
|switch|p2a: Tornadus|Tornadus-Therian, M|51/100 brn
|
|-damage|p2a: Tornadus|45/100 brn|[from] brn
|upkeep
|turn|42
|
|t:|1626104790
|move|p2a: Tornadus|U-turn|p1a: Clefable
|-resisted|p1a: Clefable
|-damage|p1a: Clefable|41/100
|
|t:|1626104794
|switch|p2a: Agent ¥|Seismitoad, F|1/100|[from]move: U-turn
|move|p1a: Clefable|Soft-Boiled|p1a: Clefable
|-heal|p1a: Clefable|91/100
|
|upkeep
|turn|43
|inactive|LT82ZW Toasted has 90 seconds left.
|
|t:|1626104806
|move|p2a: Agent ¥|Sludge Wave|p1a: Clefable
|-supereffective|p1a: Clefable
|-damage|p1a: Clefable|28/100
|-damage|p2a: Agent ¥|0 fnt|[from] item: Life Orb
|faint|p2a: Agent ¥
|move|p1a: Clefable|Soft-Boiled|p1a: Clefable
|-heal|p1a: Clefable|78/100
|
|upkeep
|
|t:|1626104812
|switch|p2a: Speed Overdose|Tapu Koko|14/100
|-fieldstart|move: Electric Terrain|[from] ability: Electric Surge|[of] p2a: Speed Overdose
|turn|44
|
|t:|1626104826
|move|p2a: Speed Overdose|Volt Switch|p1a: Clefable
|-damage|p1a: Clefable|32/100
|
|t:|1626104830
|switch|p2a: One fish two fish|Barraskewda, M|88/100|[from]move: Volt Switch
|move|p1a: Clefable|Soft-Boiled|p1a: Clefable
|-heal|p1a: Clefable|82/100
|
|upkeep
|turn|45
|
|t:|1626104836
|move|p2a: One fish two fish|Flip Turn|p1a: Clefable
|-damage|p1a: Clefable|40/100
|
|t:|1626104841
|switch|p2a: Hates rain|Ferrothorn, M|33/100|[from]move: Flip Turn
|move|p1a: Clefable|Soft-Boiled|p1a: Clefable
|-heal|p1a: Clefable|90/100
|
|upkeep
|turn|46
|
|t:|1626104847
|move|p1a: Clefable|Flamethrower|p2a: Hates rain
|-supereffective|p2a: Hates rain
|-damage|p2a: Hates rain|0 fnt
|faint|p2a: Hates rain
|
|upkeep
|
|t:|1626104852
|switch|p2a: Speed Overdose|Tapu Koko|14/100
|turn|47
|inactive|LT82ZW Toasted has 120 seconds left.
|
|t:|1626104867
|move|p2a: Speed Overdose|Thunder|p1a: Clefable
|-damage|p1a: Clefable|12/100
|move|p1a: Clefable|Soft-Boiled|p1a: Clefable
|-heal|p1a: Clefable|62/100
|
|upkeep
|turn|48
|
|t:|1626104874
|switch|p1a: Blissey|Blissey, F|77/100
|move|p2a: Speed Overdose|Thunder|p1a: Blissey|[miss]
|-miss|p2a: Speed Overdose|p1a: Blissey
|
|-fieldend|move: Electric Terrain
|upkeep
|turn|49
|
|t:|1626104881
|switch|p2a: One fish two fish|Barraskewda, M|88/100
|move|p1a: Blissey|Seismic Toss|p2a: One fish two fish
|-damage|p2a: One fish two fish|50/100
|
|upkeep
|turn|50
|inactive|LT82ZW Toasted has 120 seconds left.
|
|t:|1626104910
|move|p2a: One fish two fish|Flip Turn|p1a: Blissey
|-damage|p1a: Blissey|37/100
|
|t:|1626104914
|switch|p2a: Tornadus|Tornadus-Therian, M|78/100 brn|[from]move: Flip Turn
|move|p1a: Blissey|Seismic Toss|p2a: Tornadus
|-damage|p2a: Tornadus|48/100 brn
|
|-damage|p2a: Tornadus|42/100 brn|[from] brn
|upkeep
|turn|51
|
|t:|1626104922
|move|p2a: Tornadus|U-turn|p1a: Blissey
|-damage|p1a: Blissey|31/100
|
|t:|1626104925
|switch|p2a: One fish two fish|Barraskewda, M|50/100|[from]move: U-turn
|move|p1a: Blissey|Soft-Boiled|p1a: Blissey
|-heal|p1a: Blissey|81/100
|
|upkeep
|turn|52
|
|t:|1626104935
|switch|p1a: Toxapex|Toxapex, F|87/100
|-damage|p1a: Toxapex|75/100|[from] Spikes
|move|p2a: One fish two fish|Close Combat|p1a: Toxapex
|-resisted|p1a: Toxapex
|-damage|p1a: Toxapex|54/100
|-unboost|p2a: One fish two fish|def|1
|-unboost|p2a: One fish two fish|spd|1
|
|upkeep
|turn|53
|
|t:|1626104946
|switch|p2a: Tornadus|Tornadus-Therian, M|75/100 brn
|move|p1a: Toxapex|Poison Jab|p2a: Tornadus
|-damage|p2a: Tornadus|54/100 brn
|
|-damage|p2a: Tornadus|48/100 brn|[from] brn
|upkeep
|turn|54
|
|t:|1626104951
|move|p2a: Tornadus|Hurricane|p1a: Toxapex
|-damage|p1a: Toxapex|19/100
|move|p1a: Toxapex|Recover|p1a: Toxapex
|-heal|p1a: Toxapex|69/100
|
|-damage|p2a: Tornadus|42/100 brn|[from] brn
|upkeep
|turn|55
|
|t:|1626104970
|move|p2a: Tornadus|Hurricane|p1a: Toxapex
|-damage|p1a: Toxapex|35/100
|move|p1a: Toxapex|Poison Jab|p2a: Tornadus
|-damage|p2a: Tornadus|23/100 brn
|
|-damage|p2a: Tornadus|17/100 brn|[from] brn
|upkeep
|turn|56
|
|t:|1626104976
|switch|p2a: Speed Overdose|Tapu Koko|14/100
|-fieldstart|move: Electric Terrain|[from] ability: Electric Surge|[of] p2a: Speed Overdose
|switch|p1a: Tornadus|Tornadus-Therian, M, shiny|76/100
|
|upkeep
|turn|57
|inactive|LT82ZW Toasted has 120 seconds left.
|inactive|LT82ZW Toasted has 90 seconds left.
|
|t:|1626105040
|move|p2a: Speed Overdose|Volt Switch|p1a: Tornadus
|-supereffective|p1a: Tornadus
|-damage|p1a: Tornadus|0 fnt
|faint|p1a: Tornadus
|
|t:|1626105045
|switch|p2a: One fish two fish|Barraskewda, M|50/100|[from]move: Volt Switch
|
|upkeep
|
|t:|1626105052
|switch|p1a: Toxapex|Toxapex, F|68/100
|-damage|p1a: Toxapex|56/100|[from] Spikes
|turn|58
|
|t:|1626105058
|move|p2a: One fish two fish|Flip Turn|p1a: Toxapex
|-resisted|p1a: Toxapex
|-damage|p1a: Toxapex|41/100
|
|t:|1626105063
|switch|p2a: Speed Overdose|Tapu Koko|14/100|[from]move: Flip Turn
|move|p1a: Toxapex|Recover|p1a: Toxapex
|-heal|p1a: Toxapex|91/100
|
|upkeep
|turn|59
|inactive|LT82ZW Toasted has 90 seconds left.
|inactive|LT82ZW Toasted has 60 seconds left.
|
|t:|1626105133
|switch|p1a: Blissey|Blissey, F|81/100
|move|p2a: Speed Overdose|Volt Switch|p1a: Blissey
|-damage|p1a: Blissey|59/100
|
|t:|1626105137
|switch|p2a: One fish two fish|Barraskewda, M|50/100|[from]move: Volt Switch
|
|upkeep
|turn|60
|
|t:|1626105142
|switch|p1a: Toxapex|Toxapex, F|100/100
|-damage|p1a: Toxapex|88/100|[from] Spikes
|move|p2a: One fish two fish|Liquidation|p1a: Toxapex
|-resisted|p1a: Toxapex
|-damage|p1a: Toxapex|68/100
|-unboost|p1a: Toxapex|def|1
|
|-fieldend|move: Electric Terrain
|upkeep
|turn|61
|
|t:|1626105152
|switch|p1a: Blissey|Blissey, F|59/100
|move|p2a: One fish two fish|Liquidation|p1a: Blissey
|-damage|p1a: Blissey|3/100
|-unboost|p1a: Blissey|def|1
|
|upkeep
|turn|62
|inactive|LT82ZW Toasted has 60 seconds left.
|
|t:|1626105176
|move|p2a: One fish two fish|Liquidation|p1a: Blissey
|-damage|p1a: Blissey|0 fnt
|faint|p1a: Blissey
|
|upkeep
|
|t:|1626105179
|switch|p1a: Toxapex|Toxapex, F|100/100
|-damage|p1a: Toxapex|88/100|[from] Spikes
|turn|63
|
|t:|1626105184
|switch|p2a: Tornadus|Tornadus-Therian, M|50/100 brn
|move|p1a: Toxapex|Recover|p1a: Toxapex
|-heal|p1a: Toxapex|100/100
|
|-damage|p2a: Tornadus|44/100 brn|[from] brn
|upkeep
|turn|64
|
|t:|1626105192
|move|p2a: Tornadus|Hurricane|p1a: Toxapex|[miss]
|-miss|p2a: Tornadus|p1a: Toxapex
|move|p1a: Toxapex|Poison Jab|p2a: Tornadus
|-damage|p2a: Tornadus|24/100 brn
|
|-damage|p2a: Tornadus|18/100 brn|[from] brn
|upkeep
|turn|65
|inactive|LT82ZW Toasted has 90 seconds left.
|
|t:|1626105201
|move|p2a: Tornadus|Hurricane|p1a: Toxapex
|-damage|p1a: Toxapex|68/100
|move|p1a: Toxapex|Recover|p1a: Toxapex
|-heal|p1a: Toxapex|100/100
|
|-damage|p2a: Tornadus|12/100 brn|[from] brn
|upkeep
|turn|66
|
|t:|1626105208
|move|p2a: Tornadus|Knock Off|p1a: Toxapex
|-damage|p1a: Toxapex|96/100
|move|p1a: Toxapex|Recover|p1a: Toxapex
|-heal|p1a: Toxapex|100/100
|
|-damage|p2a: Tornadus|6/100 brn|[from] brn
|upkeep
|turn|67
|inactive|LT82ZW Toasted has 90 seconds left.
|
|t:|1626105236
|move|p2a: Tornadus|Hurricane|p1a: Toxapex
|-damage|p1a: Toxapex|69/100
|move|p1a: Toxapex|Recover|p1a: Toxapex
|-heal|p1a: Toxapex|100/100
|
|-damage|p2a: Tornadus|0 fnt|[from] brn
|faint|p2a: Tornadus
|upkeep
|
|t:|1626105240
|switch|p2a: Speed Overdose|Tapu Koko|14/100
|-fieldstart|move: Electric Terrain|[from] ability: Electric Surge|[of] p2a: Speed Overdose
|turn|68
|
|t:|1626105247
|move|p2a: Speed Overdose|Volt Switch|p1a: Toxapex
|-supereffective|p1a: Toxapex
|-damage|p1a: Toxapex|7/100
|
|t:|1626105251
|switch|p2a: One fish two fish|Barraskewda, M|50/100|[from]move: Volt Switch
|move|p1a: Toxapex|Recover|p1a: Toxapex
|-heal|p1a: Toxapex|58/100
|
|upkeep
|turn|69
|inactive|LT82ZW Toasted has 90 seconds left.
|
|t:|1626105262
|move|p2a: One fish two fish|Liquidation|p1a: Toxapex
|-resisted|p1a: Toxapex
|-crit|p1a: Toxapex
|-damage|p1a: Toxapex|27/100
|move|p1a: Toxapex|Poison Jab|p2a: One fish two fish
|-damage|p2a: One fish two fish|12/100
|
|upkeep
|turn|70
|inactive|LT82ZW Toasted has 90 seconds left.
|
|t:|1626105281
|move|p2a: One fish two fish|Liquidation|p1a: Toxapex
|-resisted|p1a: Toxapex
|-damage|p1a: Toxapex|4/100
|move|p1a: Toxapex|Recover|p1a: Toxapex
|-heal|p1a: Toxapex|55/100
|
|upkeep
|turn|71
|
|t:|1626105290
|move|p2a: One fish two fish|Liquidation|p1a: Toxapex
|-resisted|p1a: Toxapex
|-damage|p1a: Toxapex|34/100
|move|p1a: Toxapex|Recover|p1a: Toxapex
|-heal|p1a: Toxapex|84/100
|
|upkeep
|turn|72
|
|t:|1626105306
|move|p2a: One fish two fish|Liquidation|p1a: Toxapex
|-resisted|p1a: Toxapex
|-damage|p1a: Toxapex|64/100
|move|p1a: Toxapex|Recover|p1a: Toxapex
|-heal|p1a: Toxapex|100/100
|
|-fieldend|move: Electric Terrain
|upkeep
|turn|73
|
|t:|1626105326
|move|p2a: One fish two fish|Liquidation|p1a: Toxapex
|-resisted|p1a: Toxapex
|-damage|p1a: Toxapex|78/100
|move|p1a: Toxapex|Scald|p2a: One fish two fish
|-resisted|p2a: One fish two fish
|-damage|p2a: One fish two fish|0 fnt
|faint|p2a: One fish two fish
|
|upkeep
|
|t:|1626105333
|switch|p2a: Speed Overdose|Tapu Koko|14/100
|-fieldstart|move: Electric Terrain|[from] ability: Electric Surge|[of] p2a: Speed Overdose
|turn|74
|
|t:|1626105344
|move|p2a: Speed Overdose|Volt Switch|p1a: Toxapex
|-supereffective|p1a: Toxapex
|-damage|p1a: Toxapex|0 fnt
|faint|p1a: Toxapex
|
|upkeep
|
|t:|1626105347
|switch|p1a: Clefable|Clefable, M|62/100
|-damage|p1a: Clefable|49/100|[from] Spikes
|turn|75
|c|☆LT82ZW Toasted|low roll plzzz
|
|t:|1626105354
|move|p2a: Speed Overdose|Volt Switch|p1a: Clefable
|-damage|p1a: Clefable|0 fnt
|faint|p1a: Clefable
|
|win|Orangesss
|raw|LT82ZW Toasted's rating: 1746 &rarr; <strong>1723</strong><br />(-23 for losing)
|raw|Orangesss's rating: 1700 &rarr; <strong>1723</strong><br />(+23 for winning)
|c|☆LT82ZW Toasted|gg
|l|☆LT82ZW Toasted
|c|☆Orangesss|gg
