|j|☆macstar8
|j|☆Antonazz
|t:|1640035316
|gametype|singles
|player|p1|macstar8|101|1441
|player|p2|Antonazz|palmer|1486
|teamsize|p1|6
|teamsize|p2|6
|gen|8
|tier|[Gen 8] OU
|rated|
|rule|Sleep Clause Mod: Limit one foe put to sleep
|rule|Species Clause: Limit one of each Pokémon
|rule|OHKO Clause: OHKO moves are banned
|rule|Evasion Moves Clause: Evasion moves are banned
|rule|Endless Battle Clause: Forcing endless battles is banned
|rule|HP Percentage Mod: HP is shown in percentages
|rule|Dynamax Clause: You cannot dynamax
|clearpoke
|poke|p1|Urshifu-*, M|
|poke|p1|Pelipper, F|
|poke|p1|Cryogonal|
|poke|p1|Ferrothorn, F|
|poke|p1|Thundurus-Therian, M|
|poke|p1|Kingdra, F|
|poke|p2|Torkoal, M|
|poke|p2|Charizard, F|
|poke|p2|Latias, F|
|poke|p2|Buzzwole|
|poke|p2|Blaziken, M|
|poke|p2|Scizor, F|
|teampreview
|j| BigFishMan
|inactive|Battle timer is ON: inactive players will automatically lose when time's up. (requested by Antonazz)
|
|t:|1640035333
|start
|switch|p1a: Pelipper|Pelipper, F|100/100
|switch|p2a: Torkoal|Torkoal, M|100/100
|-weather|RainDance|[from] ability: Drizzle|[of] p1a: Pelipper
|-weather|SunnyDay|[from] ability: Drought|[of] p2a: Torkoal
|turn|1
|
|t:|1640035337
|move|p1a: Pelipper|U-turn|p2a: Torkoal
|-resisted|p2a: Torkoal
|-damage|p2a: Torkoal|98/100
|
|t:|1640035341
|switch|p1a: Kingdra|Kingdra, F|100/100|[from]move: U-turn
|move|p2a: Torkoal|Stealth Rock|p1a: Kingdra
|-sidestart|p1: macstar8|move: Stealth Rock
|
|-weather|SunnyDay|[upkeep]
|upkeep
|turn|2
|
|t:|1640035346
|switch|p2a: Scizor|Scizor, F|100/100
|move|p1a: Kingdra|Flip Turn|p2a: Scizor
|-damage|p2a: Scizor|89/100
|
|t:|1640035352
|switch|p1a: Ferrothorn|Ferrothorn, F|100/100|[from]move: Flip Turn
|-damage|p1a: Ferrothorn|94/100|[from] Stealth Rock
|
|-weather|SunnyDay|[upkeep]
|upkeep
|turn|3
|
|t:|1640035361
|switch|p2a: Charizard|Charizard, F|100/100
|move|p1a: Ferrothorn|Spikes|p2a: Charizard
|-sidestart|p2: Antonazz|Spikes
|
|-weather|SunnyDay|[upkeep]
|-damage|p2a: Charizard|88/100|[from] ability: Solar Power|[of] p2a: Charizard
|upkeep
|turn|4
|
|t:|1640035373
|switch|p1a: Pelipper|Pelipper, F|100/100
|-damage|p1a: Pelipper|76/100|[from] Stealth Rock
|-weather|RainDance|[from] ability: Drizzle|[of] p1a: Pelipper
|move|p2a: Charizard|Weather Ball|p1a: Pelipper
|-resisted|p1a: Pelipper
|-damage|p1a: Pelipper|35/100
|
|-weather|RainDance|[upkeep]
|upkeep
|turn|5
|
|t:|1640035385
|switch|p2a: Torkoal|Torkoal, M|98/100
|-damage|p2a: Torkoal|86/100|[from] Spikes
|-weather|SunnyDay|[from] ability: Drought|[of] p2a: Torkoal
|switch|p1a: Kingdra|Kingdra, F|100/100
|-damage|p1a: Kingdra|88/100|[from] Stealth Rock
|
|-weather|SunnyDay|[upkeep]
|upkeep
|turn|6
|
|t:|1640035389
|switch|p2a: Scizor|Scizor, F|89/100
|-damage|p2a: Scizor|77/100|[from] Spikes
|move|p1a: Kingdra|Draco Meteor|p2a: Scizor
|-resisted|p2a: Scizor
|-damage|p2a: Scizor|13/100
|-unboost|p1a: Kingdra|spa|2
|
|-weather|SunnyDay|[upkeep]
|upkeep
|turn|7
|
|t:|1640035400
|move|p1a: Kingdra|Draco Meteor|p2a: Scizor
|-resisted|p2a: Scizor
|-damage|p2a: Scizor|0 fnt
|-unboost|p1a: Kingdra|spa|2
|faint|p2a: Scizor
|
|-weather|SunnyDay|[upkeep]
|upkeep
|
|t:|1640035408
|switch|p2a: Blaziken|Blaziken, M|100/100
|-damage|p2a: Blaziken|88/100|[from] Spikes
|turn|8
|
|t:|1640035418
|switch|p1a: Pelipper|Pelipper, F|35/100
|-damage|p1a: Pelipper|10/100|[from] Stealth Rock
|-weather|RainDance|[from] ability: Drizzle|[of] p1a: Pelipper
|move|p2a: Blaziken|Close Combat|p1a: Pelipper
|-resisted|p1a: Pelipper
|-damage|p1a: Pelipper|0 fnt
|-unboost|p2a: Blaziken|def|1
|-unboost|p2a: Blaziken|spd|1
|faint|p1a: Pelipper
|-damage|p2a: Blaziken|78/100|[from] item: Life Orb
|
|-weather|RainDance|[upkeep]
|-ability|p2a: Blaziken|Speed Boost|boost
|-boost|p2a: Blaziken|spe|1
|upkeep
|
|t:|1640035424
|switch|p1a: Kingdra|Kingdra, F|88/100
|-damage|p1a: Kingdra|76/100|[from] Stealth Rock
|turn|9
|
|t:|1640035432
|switch|p2a: Torkoal|Torkoal, M|86/100
|-damage|p2a: Torkoal|74/100|[from] Spikes
|-weather|SunnyDay|[from] ability: Drought|[of] p2a: Torkoal
|move|p1a: Kingdra|Surf|p2a: Torkoal
|-supereffective|p2a: Torkoal
|-damage|p2a: Torkoal|0 fnt
|faint|p2a: Torkoal
|
|-weather|SunnyDay|[upkeep]
|upkeep
|
|t:|1640035436
|switch|p2a: Buzzwole|Buzzwole|100/100
|-damage|p2a: Buzzwole|88/100|[from] Spikes
|turn|10
|
|t:|1640035440
|move|p2a: Buzzwole|Close Combat|p1a: Kingdra
|-damage|p1a: Kingdra|0 fnt
|-unboost|p2a: Buzzwole|def|1
|-unboost|p2a: Buzzwole|spd|1
|faint|p1a: Kingdra
|-ability|p2a: Buzzwole|Beast Boost|boost
|-boost|p2a: Buzzwole|atk|1
|
|-weather|SunnyDay|[upkeep]
|upkeep
|
|t:|1640035460
|switch|p1a: Urshifu|Urshifu-Rapid-Strike, M|100/100
|-damage|p1a: Urshifu|94/100|[from] Stealth Rock
|turn|11
|
|t:|1640035463
|move|p2a: Buzzwole|Close Combat|p1a: Urshifu
|-damage|p1a: Urshifu|0 fnt
|-unboost|p2a: Buzzwole|def|1
|-unboost|p2a: Buzzwole|spd|1
|faint|p1a: Urshifu
|-ability|p2a: Buzzwole|Beast Boost|boost
|-boost|p2a: Buzzwole|atk|1
|
|-weather|SunnyDay|[upkeep]
|upkeep
|
|t:|1640035466
|switch|p1a: Thundurus|Thundurus-Therian, M|100/100
|-damage|p1a: Thundurus|76/100|[from] Stealth Rock
|turn|12
|
|t:|1640035470
|move|p2a: Buzzwole|Close Combat|p1a: Thundurus
|-resisted|p1a: Thundurus
|-damage|p1a: Thundurus|0 fnt
|-unboost|p2a: Buzzwole|def|1
|-unboost|p2a: Buzzwole|spd|1
|faint|p1a: Thundurus
|-ability|p2a: Buzzwole|Beast Boost|boost
|-boost|p2a: Buzzwole|atk|1
|
|-weather|SunnyDay|[upkeep]
|upkeep
|-message|macstar8 forfeited.
|
|win|Antonazz
|raw|macstar8's rating: 1441 &rarr; <strong>1424</strong><br />(-17 for losing)
|raw|Antonazz's rating: 1486 &rarr; <strong>1503</strong><br />(+17 for winning)
|l|☆macstar8
