|raw|<div class="broadcast-blue"><strong>This battle is required to be public due to a player having a name starting with 'lt94je'.</div>
|j|☆Pinkacross
|j|☆LT94JE EGC
|t:|1661729020
|gametype|singles
|player|p1|Pinkacross|102|1868
|player|p2|LT94JE EGC|unknown|1839
|teamsize|p1|6
|teamsize|p2|6
|gen|8
|tier|[Gen 8] OU
|rated|
|rule|Sleep Clause Mod: Limit one foe put to sleep
|rule|Species Clause: Limit one of each Pokémon
|rule|OHKO Clause: OHKO moves are banned
|rule|Evasion Items Clause: Evasion items are banned
|rule|Evasion Moves Clause: Evasion moves are banned
|rule|Endless Battle Clause: Forcing endless battles is banned
|rule|HP Percentage Mod: HP is shown in percentages
|rule|Dynamax Clause: You cannot dynamax
|clearpoke
|poke|p1|Moltres-Galar|
|poke|p1|Bisharp, F|
|poke|p1|Volcarona, M|
|poke|p1|Volcanion|
|poke|p1|Ninetales-Alola, M|
|poke|p1|Landorus-Therian, M|
|poke|p2|Tyranitar, F|
|poke|p2|Excadrill, M|
|poke|p2|Skarmory, F|
|poke|p2|Volcarona, F|
|poke|p2|Slowbro, M|
|poke|p2|Melmetal|
|teampreview
|inactive|Battle timer is ON: inactive players will automatically lose when time's up. (requested by LT94JE EGC)
|c|☆Pinkacross|hf
|inactive|LT94JE EGC has 120 seconds left.
|j| LT94JE Scoptile
|c|☆LT94JE EGC|u2
|j| lt94je cuzzie
|j| Skyrio
|
|t:|1661729085
|start
|switch|p1a: Landorus|Landorus-Therian, M|100/100
|switch|p2a: Skarmory|Skarmory, F|100/100
|-ability|p1a: Landorus|Intimidate|boost
|-unboost|p2a: Skarmory|atk|1
|turn|1
|
|t:|1661729097
|move|p1a: Landorus|U-turn|p2a: Skarmory
|-resisted|p2a: Skarmory
|-damage|p2a: Skarmory|94/100
|-damage|p1a: Landorus|84/100|[from] item: Rocky Helmet|[of] p2a: Skarmory
|
|t:|1661729099
|switch|p1a: Volcanion|Volcanion|100/100|[from]move: U-turn
|move|p2a: Skarmory|Spikes|p1a: Volcanion
|-sidestart|p1: Pinkacross|Spikes
|
|upkeep
|turn|2
|j| bugofdenight
|
|t:|1661729103
|switch|p2a: Slowbro|Slowbro, M|100/100
|move|p1a: Volcanion|Defog|p2a: Slowbro
|-unboost|p2a: Slowbro|evasion|1
|-sideend|p1: Pinkacross|Spikes|[from] move: Defog|[of] p1a: Volcanion
|
|upkeep
|turn|3
|
|t:|1661729108
|move|p1a: Volcanion|Sludge Bomb|p2a: Slowbro
|-damage|p2a: Slowbro|69/100
|-status|p2a: Slowbro|psn
|move|p2a: Slowbro|Future Sight|p1a: Volcanion
|-start|p2a: Slowbro|move: Future Sight
|
|-damage|p2a: Slowbro|57/100 psn|[from] psn
|upkeep
|turn|4
|
|t:|1661729116
|move|p1a: Volcanion|Sludge Bomb|p2a: Slowbro
|-damage|p2a: Slowbro|26/100 psn
|move|p2a: Slowbro|Teleport|p2a: Slowbro
|
|t:|1661729120
|switch|p2a: Excadrill|Excadrill, M|100/100|[from]move: Teleport
|
|upkeep
|turn|5
|
|t:|1661729125
|move|p2a: Excadrill|Earthquake|p1a: Volcanion
|-supereffective|p1a: Volcanion
|-damage|p1a: Volcanion|0 fnt
|faint|p1a: Volcanion
|-damage|p2a: Excadrill|91/100|[from] item: Life Orb
|
|-hint|Future Sight did not hit because the target is fainted.
|upkeep
|j| Creuzoo
|
|t:|1661729128
|switch|p1a: Landorus|Landorus-Therian, M|84/100
|-ability|p1a: Landorus|Intimidate|boost
|-unboost|p2a: Excadrill|atk|1
|turn|6
|
|t:|1661729131
|switch|p2a: Skarmory|Skarmory, F|94/100
|move|p1a: Landorus|U-turn|p2a: Skarmory
|-resisted|p2a: Skarmory
|-damage|p2a: Skarmory|88/100
|-damage|p1a: Landorus|67/100|[from] item: Rocky Helmet|[of] p2a: Skarmory
|j| LT94JE 36
|l| LT94JE 36
|j| Lt94jewhyaddicted
|
|t:|1661729140
|switch|p1a: Volcarona|Volcarona, M|100/100|[from]move: U-turn
|
|upkeep
|turn|7
|
|t:|1661729144
|switch|p2a: Tyranitar|Tyranitar, F|100/100
|-weather|Sandstorm|[from] ability: Sand Stream|[of] p2a: Tyranitar
|move|p1a: Volcarona|Substitute|p1a: Volcarona
|-start|p1a: Volcarona|Substitute
|-damage|p1a: Volcarona|76/100
|
|-weather|Sandstorm|[upkeep]
|-damage|p1a: Volcarona|69/100|[from] Sandstorm
|-heal|p1a: Volcarona|76/100|[from] item: Leftovers
|upkeep
|turn|8
|j| Kyurem
|
|t:|1661729154
|move|p1a: Volcarona|Quiver Dance|p1a: Volcarona
|-boost|p1a: Volcarona|spa|1
|-boost|p1a: Volcarona|spd|1
|-boost|p1a: Volcarona|spe|1
|move|p2a: Tyranitar|Crunch|p1a: Volcarona
|-end|p1a: Volcarona|Substitute
|
|-weather|Sandstorm|[upkeep]
|-damage|p1a: Volcarona|69/100|[from] Sandstorm
|-heal|p1a: Volcarona|76/100|[from] item: Leftovers
|upkeep
|turn|9
|
|t:|1661729156
|move|p1a: Volcarona|Substitute|p1a: Volcarona
|-start|p1a: Volcarona|Substitute
|-damage|p1a: Volcarona|51/100
|move|p2a: Tyranitar|Crunch|p1a: Volcarona
|-end|p1a: Volcarona|Substitute
|
|-weather|Sandstorm|[upkeep]
|-damage|p1a: Volcarona|44/100|[from] Sandstorm
|-heal|p1a: Volcarona|51/100|[from] item: Leftovers
|upkeep
|turn|10
|
|t:|1661729160
|move|p1a: Volcarona|Substitute|p1a: Volcarona
|-start|p1a: Volcarona|Substitute
|-damage|p1a: Volcarona|26/100
|move|p2a: Tyranitar|Crunch|p1a: Volcarona
|-end|p1a: Volcarona|Substitute
|
|-weather|Sandstorm|[upkeep]
|-damage|p1a: Volcarona|20/100|[from] Sandstorm
|-heal|p1a: Volcarona|26/100|[from] item: Leftovers
|upkeep
|turn|11
|
|t:|1661729174
|switch|p2a: Slowbro|Slowbro, M|59/100 psn
|move|p1a: Volcarona|Bug Buzz|p2a: Slowbro
|-supereffective|p2a: Slowbro
|-damage|p2a: Slowbro|0 fnt
|faint|p2a: Slowbro
|
|-weather|none
|-heal|p1a: Volcarona|32/100|[from] item: Leftovers
|upkeep
|
|t:|1661729181
|switch|p2a: Volcarona|Volcarona, F|100/100
|turn|12
|
|t:|1661729186
|move|p1a: Volcarona|Flamethrower|p2a: Volcarona
|-damage|p2a: Volcarona|33/100
|move|p2a: Volcarona|Flamethrower|p1a: Volcarona
|-damage|p1a: Volcarona|3/100
|
|-heal|p1a: Volcarona|10/100|[from] item: Leftovers
|upkeep
|turn|13
|
|t:|1661729201
|switch|p2a: Skarmory|Skarmory, F|88/100
|move|p1a: Volcarona|Flamethrower|p2a: Skarmory
|-supereffective|p2a: Skarmory
|-crit|p2a: Skarmory
|-damage|p2a: Skarmory|0 fnt
|faint|p2a: Skarmory
|
|-heal|p1a: Volcarona|16/100|[from] item: Leftovers
|upkeep
|
|t:|1661729203
|switch|p2a: Tyranitar|Tyranitar, F|100/100
|-weather|Sandstorm|[from] ability: Sand Stream|[of] p2a: Tyranitar
|turn|14
|
|t:|1661729208
|switch|p2a: Volcarona|Volcarona, F|33/100
|move|p1a: Volcarona|Bug Buzz|p2a: Volcarona
|-resisted|p2a: Volcarona
|-damage|p2a: Volcarona|0 fnt
|faint|p2a: Volcarona
|
|-weather|Sandstorm|[upkeep]
|-damage|p1a: Volcarona|10/100|[from] Sandstorm
|-heal|p1a: Volcarona|16/100|[from] item: Leftovers
|upkeep
|
|t:|1661729210
|switch|p2a: Excadrill|Excadrill, M|91/100
|turn|15
|
|t:|1661729212
|switch|p1a: Landorus|Landorus-Therian, M|67/100
|-ability|p1a: Landorus|Intimidate|boost
|-unboost|p2a: Excadrill|atk|1
|move|p2a: Excadrill|Iron Head|p1a: Landorus
|-damage|p1a: Landorus|15/100
|-damage|p2a: Excadrill|81/100|[from] item: Life Orb
|
|-weather|Sandstorm|[upkeep]
|upkeep
|turn|16
|
|t:|1661729223
|switch|p1a: Moltres|Moltres-Galar|100/100
|move|p2a: Excadrill|Iron Head|p1a: Moltres
|-damage|p1a: Moltres|52/100
|-damage|p2a: Excadrill|71/100|[from] item: Life Orb
|
|-weather|Sandstorm|[upkeep]
|-damage|p1a: Moltres|46/100|[from] Sandstorm
|upkeep
|turn|17
|
|t:|1661729227
|switch|p1a: Bisharp|Bisharp, F|100/100
|move|p2a: Excadrill|Iron Head|p1a: Bisharp
|-resisted|p1a: Bisharp
|-damage|p1a: Bisharp|81/100
|-damage|p2a: Excadrill|61/100|[from] item: Life Orb
|
|-weather|Sandstorm|[upkeep]
|upkeep
|turn|18
|
|t:|1661729230
|switch|p2a: Melmetal|Melmetal|100/100
|move|p1a: Bisharp|Sucker Punch||[still]
|-fail|p1a: Bisharp
|
|-weather|none
|upkeep
|turn|19
|j| LT94JE Dasmer
|
|t:|1661729234
|switch|p1a: Volcarona|Volcarona, M|16/100
|move|p2a: Melmetal|Substitute|p2a: Melmetal
|-start|p2a: Melmetal|Substitute
|-damage|p2a: Melmetal|76/100
|
|-heal|p1a: Volcarona|22/100|[from] item: Leftovers
|-heal|p2a: Melmetal|82/100|[from] item: Leftovers
|upkeep
|turn|20
|
|t:|1661729238
|move|p1a: Volcarona|Flamethrower|p2a: Melmetal
|-supereffective|p2a: Melmetal
|-end|p2a: Melmetal|Substitute
|move|p2a: Melmetal|Double Iron Bash|p1a: Volcarona
|-resisted|p1a: Volcarona
|-damage|p1a: Volcarona|7/100
|-resisted|p1a: Volcarona
|-damage|p1a: Volcarona|0 fnt
|faint|p1a: Volcarona
|-hitcount|p1: Volcarona|2
|
|-heal|p2a: Melmetal|88/100|[from] item: Leftovers
|upkeep
|
|t:|1661729240
|switch|p1a: Landorus|Landorus-Therian, M|15/100
|-ability|p1a: Landorus|Intimidate|boost
|-unboost|p2a: Melmetal|atk|1
|turn|21
|
|t:|1661729248
|move|p1a: Landorus|Earthquake|p2a: Melmetal
|-supereffective|p2a: Melmetal
|-damage|p2a: Melmetal|5/100
|move|p2a: Melmetal|Double Iron Bash|p1a: Landorus
|-damage|p1a: Landorus|0 fnt
|faint|p1a: Landorus
|-hitcount|p1: Landorus|1
|
|-heal|p2a: Melmetal|11/100|[from] item: Leftovers
|upkeep
|
|t:|1661729254
|switch|p1a: Bisharp|Bisharp, F|81/100
|turn|22
|j| tryju7l
|l| tryju7l
|
|t:|1661729265
|move|p1a: Bisharp|Knock Off|p2a: Melmetal
|-damage|p2a: Melmetal|0 fnt
|-enditem|p2a: Melmetal|Leftovers|[from] move: Knock Off|[of] p1a: Bisharp
|faint|p2a: Melmetal
|
|upkeep
|
|t:|1661729271
|switch|p2a: Excadrill|Excadrill, M|61/100
|turn|23
|
|t:|1661729299
|move|p1a: Bisharp|Sucker Punch|p2a: Excadrill
|-damage|p2a: Excadrill|0 fnt
|faint|p2a: Excadrill
|
|upkeep
|-message|LT94JE EGC forfeited.
|
|win|Pinkacross
|raw|Pinkacross's rating: 1868 &rarr; <strong>1886</strong><br />(+18 for winning)
|raw|LT94JE EGC's rating: 1839 &rarr; <strong>1821</strong><br />(-18 for losing)
|l| Creuzoo
|l|☆LT94JE EGC
|l| LT94JE Scoptile
|l| Skyrio
||Ladder isn't responding, score probably updated but might not have (Request timeout).
|c|☆Pinkacross|gg
