|j|☆Expert cain
|j|☆Kaleor
|t:|1649585526
|gametype|singles
|player|p1|Expert cain|265|1661
|player|p2|Kaleor|swimmer-gen4dp|1715
|teamsize|p1|6
|teamsize|p2|6
|gen|8
|tier|[Gen 8] OU
|rated|
|rule|Sleep Clause Mod: Limit one foe put to sleep
|rule|Species Clause: Limit one of each Pokémon
|rule|OHKO Clause: OHKO moves are banned
|rule|Evasion Moves Clause: Evasion moves are banned
|rule|Endless Battle Clause: Forcing endless battles is banned
|rule|HP Percentage Mod: HP is shown in percentages
|rule|Dynamax Clause: You cannot dynamax
|clearpoke
|poke|p1|Melmetal|
|poke|p1|Urshifu-*, F|
|poke|p1|Tapu Koko|
|poke|p1|Landorus-Therian, M|
|poke|p1|Chansey, F|
|poke|p1|Regieleki|
|poke|p2|Buzzwole|
|poke|p2|Blacephalon|
|poke|p2|Garchomp, F|
|poke|p2|Melmetal|
|poke|p2|Tapu Fini|
|poke|p2|Landorus-Therian, M|
|teampreview
|inactive|Battle timer is ON: inactive players will automatically lose when time's up. (requested by Kaleor)
|
|t:|1649585533
|start
|switch|p1a: Tapu Koko|Tapu Koko|100/100
|switch|p2a: Landorus|Landorus-Therian, M|100/100
|-ability|p2a: Landorus|Intimidate|boost
|-unboost|p1a: Tapu Koko|atk|1
|-fieldstart|move: Electric Terrain|[from] ability: Electric Surge|[of] p1a: Tapu Koko
|turn|1
|j| guho
|inactive|Kaleor has 120 seconds left.
|
|t:|1649585586
|switch|p1a: Landorus|Landorus-Therian, M|100/100
|-ability|p1a: Landorus|Intimidate|boost
|-unboost|p2a: Landorus|atk|1
|move|p2a: Landorus|U-turn|p1a: Landorus
|-resisted|p1a: Landorus
|-damage|p1a: Landorus|95/100
|-damage|p2a: Landorus|84/100|[from] item: Rocky Helmet|[of] p1a: Landorus
|j| maddy so hot
|inactive|Kaleor has 90 seconds left.
|
|t:|1649585606
|switch|p2a: Tapu Fini|Tapu Fini|100/100|[from]move: U-turn
|-fieldstart|move: Misty Terrain|[from] ability: Misty Surge|[of] p2a: Tapu Fini
|
|upkeep
|turn|2
|j| GDFK
|l| maddy so hot
|l| GDFK
|
|t:|1649585614
|switch|p1a: Tapu Koko|Tapu Koko|100/100
|-fieldstart|move: Electric Terrain|[from] ability: Electric Surge|[of] p1a: Tapu Koko
|move|p2a: Tapu Fini|Nature's Madness|p1a: Tapu Koko|[miss]
|-miss|p2a: Tapu Fini|p1a: Tapu Koko
|
|upkeep
|turn|3
|j| Ctannn
|inactive|Kaleor has 90 seconds left.
|
|t:|1649585649
|switch|p2a: Melmetal|Melmetal|100/100
|move|p1a: Tapu Koko|Nature's Madness|p2a: Melmetal
|-damage|p2a: Melmetal|50/100
|
|upkeep
|turn|4
|
|t:|1649585656
|move|p1a: Tapu Koko|Volt Switch|p2a: Melmetal
|-damage|p2a: Melmetal|28/100
|
|t:|1649585661
|switch|p1a: Melmetal|Melmetal|100/100|[from]move: Volt Switch
|move|p2a: Melmetal|Double Iron Bash|p1a: Melmetal
|-resisted|p1a: Melmetal
|-damage|p1a: Melmetal|93/100
|-resisted|p1a: Melmetal
|-damage|p1a: Melmetal|85/100
|-hitcount|p1a: Melmetal|2
|
|upkeep
|turn|5
|
|t:|1649585673
|switch|p2a: Buzzwole|Buzzwole|100/100
|move|p1a: Melmetal|Earthquake|p2a: Buzzwole
|-resisted|p2a: Buzzwole
|-damage|p2a: Buzzwole|92/100
|
|upkeep
|turn|6
|
|t:|1649585682
|switch|p1a: Tapu Koko|Tapu Koko|100/100
|move|p2a: Buzzwole|Ice Punch|p1a: Tapu Koko
|-damage|p1a: Tapu Koko|70/100
|
|upkeep
|turn|7
|inactive|Kaleor has 90 seconds left.
|
|t:|1649585688
|switch|p2a: Garchomp|Garchomp, F|100/100
|move|p1a: Tapu Koko|Nature's Madness|p2a: Garchomp|[miss]
|-miss|p1a: Tapu Koko|p2a: Garchomp
|
|upkeep
|turn|8
|
|t:|1649585695
|move|p1a: Tapu Koko|Dazzling Gleam|p2a: Garchomp
|-supereffective|p2a: Garchomp
|-damage|p2a: Garchomp|23/100
|move|p2a: Garchomp|Stealth Rock|p1a: Tapu Koko
|-sidestart|p1: Expert cain|move: Stealth Rock
|
|-heal|p2a: Garchomp|29/100|[from] item: Leftovers
|upkeep
|turn|9
|
|t:|1649585702
|move|p1a: Tapu Koko|Dazzling Gleam|p2a: Garchomp
|-supereffective|p2a: Garchomp
|-damage|p2a: Garchomp|0 fnt
|faint|p2a: Garchomp
|
|-fieldend|move: Electric Terrain
|upkeep
|
|t:|1649585706
|switch|p2a: Landorus|Landorus-Therian, M|84/100
|-ability|p2a: Landorus|Intimidate|boost
|-unboost|p1a: Tapu Koko|atk|1
|turn|10
|
|t:|1649585711
|switch|p1a: Landorus|Landorus-Therian, M|95/100
|-damage|p1a: Landorus|82/100|[from] Stealth Rock
|-ability|p1a: Landorus|Intimidate|boost
|-unboost|p2a: Landorus|atk|1
|move|p2a: Landorus|U-turn|p1a: Landorus
|-resisted|p1a: Landorus
|-damage|p1a: Landorus|77/100
|-damage|p2a: Landorus|67/100|[from] item: Rocky Helmet|[of] p1a: Landorus
|
|t:|1649585713
|switch|p2a: Tapu Fini|Tapu Fini|100/100|[from]move: U-turn
|-fieldstart|move: Misty Terrain|[from] ability: Misty Surge|[of] p2a: Tapu Fini
|
|upkeep
|turn|11
|
|t:|1649585720
|move|p2a: Tapu Fini|Nature's Madness|p1a: Landorus
|-damage|p1a: Landorus|39/100
|move|p1a: Landorus|U-turn|p2a: Tapu Fini
|-resisted|p2a: Tapu Fini
|-damage|p2a: Tapu Fini|91/100
|
|t:|1649585724
|switch|p1a: Tapu Koko|Tapu Koko|70/100|[from]move: U-turn
|-damage|p1a: Tapu Koko|57/100|[from] Stealth Rock
|-fieldstart|move: Electric Terrain|[from] ability: Electric Surge|[of] p1a: Tapu Koko
|
|-heal|p2a: Tapu Fini|97/100|[from] item: Leftovers
|upkeep
|turn|12
|
|t:|1649585728
|move|p1a: Tapu Koko|Volt Switch|p2a: Tapu Fini
|-supereffective|p2a: Tapu Fini
|-damage|p2a: Tapu Fini|55/100
|
|t:|1649585732
|switch|p1a: Melmetal|Melmetal|85/100|[from]move: Volt Switch
|-damage|p1a: Melmetal|79/100|[from] Stealth Rock
|move|p2a: Tapu Fini|Scald|p1a: Melmetal
|-damage|p1a: Melmetal|49/100
|
|-heal|p2a: Tapu Fini|61/100|[from] item: Leftovers
|upkeep
|turn|13
|j| ChouYou
|
|t:|1649585741
|move|p2a: Tapu Fini|Scald|p1a: Melmetal
|-damage|p1a: Melmetal|21/100
|move|p1a: Melmetal|Double Iron Bash|p2a: Tapu Fini
|-damage|p2a: Tapu Fini|23/100
|-damage|p2a: Tapu Fini|0 fnt
|faint|p2a: Tapu Fini
|-hitcount|p2: Tapu Fini|2
|
|upkeep
|
|t:|1649585745
|switch|p2a: Blacephalon|Blacephalon|100/100
|turn|14
|j| it's just my job
|
|t:|1649585752
|move|p2a: Blacephalon|Trick|p1a: Melmetal
|-activate|p2a: Blacephalon|move: Trick|[of] p1a: Melmetal
|-item|p1a: Melmetal|Choice Specs|[from] move: Trick
|-item|p2a: Blacephalon|Shuca Berry|[from] move: Trick
|move|p1a: Melmetal|Earthquake|p2a: Blacephalon
|-supereffective|p2a: Blacephalon
|-enditem|p2a: Blacephalon|Shuca Berry|[eat]
|-enditem|p2a: Blacephalon|Shuca Berry|[weaken]
|-damage|p2a: Blacephalon|16/100
|
|upkeep
|turn|15
|
|t:|1649585759
|move|p2a: Blacephalon|Flamethrower|p1a: Melmetal
|-supereffective|p1a: Melmetal
|-damage|p1a: Melmetal|0 fnt
|faint|p1a: Melmetal
|-ability|p2a: Blacephalon|Beast Boost|boost
|-boost|p2a: Blacephalon|spa|1
|
|upkeep
|
|t:|1649585763
|switch|p1a: Chansey|Chansey, F|100/100
|-damage|p1a: Chansey|88/100|[from] Stealth Rock
|turn|16
|
|t:|1649585767
|move|p2a: Blacephalon|Trick|p1a: Chansey
|-activate|p2a: Blacephalon|move: Trick|[of] p1a: Chansey
|-enditem|p1a: Chansey|Eviolite|[silent]|[from] move: Trick
|-item|p2a: Blacephalon|Eviolite|[from] move: Trick
|move|p1a: Chansey|Stealth Rock|p2a: Blacephalon
|-sidestart|p2: Kaleor|move: Stealth Rock
|
|upkeep
|turn|17
|
|t:|1649585776
|move|p2a: Blacephalon|Mind Blown|p1a: Chansey
|-damage|p1a: Chansey|31/100
|-damage|p2a: Blacephalon|0 fnt|[from] mindblown
|faint|p2a: Blacephalon
|move|p1a: Chansey|Teleport|p1a: Chansey
|
|t:|1649585783
|switch|p1a: Regieleki|Regieleki|100/100|[from]move: Teleport
|-damage|p1a: Regieleki|88/100|[from] Stealth Rock
|
|upkeep
|
|t:|1649585786
|switch|p2a: Landorus|Landorus-Therian, M|67/100
|-damage|p2a: Landorus|55/100|[from] Stealth Rock
|-ability|p2a: Landorus|Intimidate|boost
|-unboost|p1a: Regieleki|atk|1
|turn|18
|
|t:|1649585790
|switch|p1a: Landorus|Landorus-Therian, M|39/100
|-damage|p1a: Landorus|26/100|[from] Stealth Rock
|-ability|p1a: Landorus|Intimidate|boost
|-unboost|p2a: Landorus|atk|1
|move|p2a: Landorus|Knock Off|p1a: Landorus
|-damage|p1a: Landorus|10/100
|-damage|p2a: Landorus|38/100|[from] item: Rocky Helmet|[of] p1a: Landorus
|-enditem|p1a: Landorus|Rocky Helmet|[from] move: Knock Off|[of] p2a: Landorus
|
|-fieldend|move: Electric Terrain
|upkeep
|turn|19
|
|t:|1649585798
|move|p2a: Landorus|Knock Off|p1a: Landorus
|-damage|p1a: Landorus|0 fnt
|faint|p1a: Landorus
|
|upkeep
|
|t:|1649585802
|switch|p1a: Tapu Koko|Tapu Koko|57/100
|-damage|p1a: Tapu Koko|45/100|[from] Stealth Rock
|-fieldstart|move: Electric Terrain|[from] ability: Electric Surge|[of] p1a: Tapu Koko
|turn|20
|
|t:|1649585807
|switch|p2a: Melmetal|Melmetal|28/100
|-damage|p2a: Melmetal|22/100|[from] Stealth Rock
|move|p1a: Tapu Koko|Dazzling Gleam|p2a: Melmetal
|-resisted|p2a: Melmetal
|-damage|p2a: Melmetal|13/100
|
|upkeep
|turn|21
|
|t:|1649585813
|switch|p2a: Landorus|Landorus-Therian, M|38/100
|-damage|p2a: Landorus|26/100|[from] Stealth Rock
|-ability|p2a: Landorus|Intimidate|boost
|-unboost|p1a: Tapu Koko|atk|1
|move|p1a: Tapu Koko|Volt Switch|p2a: Landorus
|-immune|p2a: Landorus
|
|upkeep
|turn|22
|
|t:|1649585817
|switch|p1a: Chansey|Chansey, F|31/100
|-damage|p1a: Chansey|18/100|[from] Stealth Rock
|move|p2a: Landorus|Earthquake|p1a: Chansey
|-damage|p1a: Chansey|0 fnt
|faint|p1a: Chansey
|
|upkeep
|
|t:|1649585824
|switch|p1a: Urshifu|Urshifu-Rapid-Strike, F|100/100
|-damage|p1a: Urshifu|94/100|[from] Stealth Rock
|turn|23
|
|t:|1649585826
|switch|p2a: Buzzwole|Buzzwole|92/100
|-damage|p2a: Buzzwole|80/100|[from] Stealth Rock
|move|p1a: Urshifu|U-turn|p2a: Buzzwole
|-resisted|p2a: Buzzwole
|-damage|p2a: Buzzwole|74/100
|
|t:|1649585834
|switch|p1a: Tapu Koko|Tapu Koko|45/100|[from]move: U-turn
|-damage|p1a: Tapu Koko|33/100|[from] Stealth Rock
|
|upkeep
|turn|24
|
|t:|1649585840
|switch|p2a: Melmetal|Melmetal|13/100
|-damage|p2a: Melmetal|7/100|[from] Stealth Rock
|move|p1a: Tapu Koko|Dazzling Gleam|p2a: Melmetal
|-resisted|p2a: Melmetal
|-damage|p2a: Melmetal|0 fnt
|faint|p2a: Melmetal
|
|upkeep
|
|t:|1649585843
|switch|p2a: Landorus|Landorus-Therian, M|26/100
|-damage|p2a: Landorus|14/100|[from] Stealth Rock
|-ability|p2a: Landorus|Intimidate|boost
|-unboost|p1a: Tapu Koko|atk|1
|turn|25
|
|t:|1649585847
|switch|p1a: Urshifu|Urshifu-Rapid-Strike, F|94/100
|-damage|p1a: Urshifu|88/100|[from] Stealth Rock
|move|p2a: Landorus|Earthquake|p1a: Urshifu
|-damage|p1a: Urshifu|35/100
|
|upkeep
|turn|26
|
|t:|1649585853
|move|p2a: Landorus|Earthquake|p1a: Urshifu
|-damage|p1a: Urshifu|0 fnt
|faint|p1a: Urshifu
|
|upkeep
|
|t:|1649585858
|switch|p1a: Regieleki|Regieleki|88/100
|-damage|p1a: Regieleki|76/100|[from] Stealth Rock
|turn|27
|
|t:|1649585866
|move|p1a: Regieleki|Ancient Power|p2a: Landorus
|-damage|p2a: Landorus|0 fnt
|faint|p2a: Landorus
|
|-fieldend|move: Electric Terrain
|upkeep
|
|t:|1649585868
|switch|p2a: Buzzwole|Buzzwole|74/100
|-damage|p2a: Buzzwole|62/100|[from] Stealth Rock
|turn|28
|
|t:|1649585870
|switch|p1a: Tapu Koko|Tapu Koko|33/100
|-damage|p1a: Tapu Koko|20/100|[from] Stealth Rock
|-fieldstart|move: Electric Terrain|[from] ability: Electric Surge|[of] p1a: Tapu Koko
|move|p2a: Buzzwole|Roost|p2a: Buzzwole
|-heal|p2a: Buzzwole|100/100
|-singleturn|p2a: Buzzwole|move: Roost
|
|upkeep
|turn|29
|
|t:|1649585872
|move|p1a: Tapu Koko|Dazzling Gleam|p2a: Buzzwole
|-supereffective|p2a: Buzzwole
|-damage|p2a: Buzzwole|12/100
|move|p2a: Buzzwole|Earthquake|p1a: Tapu Koko
|-supereffective|p1a: Tapu Koko
|-damage|p1a: Tapu Koko|0 fnt
|faint|p1a: Tapu Koko
|-ability|p2a: Buzzwole|Beast Boost|boost
|-boost|p2a: Buzzwole|def|1
|
|upkeep
|
|t:|1649585875
|switch|p1a: Regieleki|Regieleki|76/100
|-damage|p1a: Regieleki|64/100|[from] Stealth Rock
|turn|30
|
|t:|1649585877
|move|p1a: Regieleki|Rising Voltage|p2a: Buzzwole
|-hint|Rising Voltage's BP doubled on grounded target.
|-damage|p2a: Buzzwole|0 fnt
|faint|p2a: Buzzwole
|
|win|Expert cain
|raw|Expert cain's rating: 1661 &rarr; <strong>1684</strong><br />(+23 for winning)
|raw|Kaleor's rating: 1715 &rarr; <strong>1692</strong><br />(-23 for losing)
|l|☆Kaleor
|l|☆Expert cain
|l| Ctannn
