|j|☆damorush
|j|☆Sleepdrawing
|t:|1667829902
|gametype|singles
|player|p1|damorush|169|1848
|player|p2|Sleepdrawing|lillie|1773
|teamsize|p1|6
|teamsize|p2|6
|gen|8
|tier|[Gen 8] OU
|rated|
|rule|Sleep Clause Mod: Limit one foe put to sleep
|rule|Species Clause: Limit one of each Pokémon
|rule|OHKO Clause: OHKO moves are banned
|rule|Evasion Items Clause: Evasion items are banned
|rule|Evasion Moves Clause: Evasion moves are banned
|rule|Endless Battle Clause: Forcing endless battles is banned
|rule|HP Percentage Mod: HP is shown in percentages
|rule|Dynamax Clause: You cannot dynamax
|clearpoke
|poke|p1|Mew|
|poke|p1|Dragapult, F|
|poke|p1|Rillaboom, F|
|poke|p1|Kartana|
|poke|p1|Nidoking, M|
|poke|p1|Zapdos-Galar|
|poke|p2|Rillaboom, M|
|poke|p2|Blaziken, M|
|poke|p2|Slowbro, F|
|poke|p2|Hippowdon, F|
|poke|p2|Tapu Fini|
|poke|p2|Corviknight, M|
|teampreview
|inactive|Battle timer is ON: inactive players will automatically lose when time's up. (requested by Sleepdrawing)
|j| ddddddabai
|j| jushu114514
|
|t:|1667829941
|start
|switch|p1a: Mew|Mew|100/100
|switch|p2a: Rillaboom|Rillaboom, M|100/100
|-fieldstart|move: Grassy Terrain|[from] ability: Grassy Surge|[of] p2a: Rillaboom
|turn|1
|
|t:|1667829948
|move|p1a: Mew|Stealth Rock|p2a: Rillaboom
|-sidestart|p2: Sleepdrawing|move: Stealth Rock
|move|p2a: Rillaboom|Swords Dance|p2a: Rillaboom
|-boost|p2a: Rillaboom|atk|2
|
|upkeep
|turn|2
|
|t:|1667829956
|move|p1a: Mew|Spikes|p2a: Rillaboom
|-sidestart|p2: Sleepdrawing|Spikes
|move|p2a: Rillaboom|Knock Off|p1a: Mew
|-supereffective|p1a: Mew
|-enditem|p1a: Mew|Focus Sash
|-damage|p1a: Mew|1/100
|
|-heal|p1a: Mew|7/100|[from] Grassy Terrain
|upkeep
|turn|3
|
|t:|1667829965
|move|p2a: Rillaboom|Grassy Glide|p1a: Mew
|-damage|p1a: Mew|0 fnt
|faint|p1a: Mew
|
|upkeep
|c| jushu114514|k8晋级局
|
|t:|1667829972
|switch|p1a: Zapdos|Zapdos-Galar|100/100
|turn|4
|j| DuskZ1919810
|
|t:|1667829988
|switch|p2a: Slowbro|Slowbro, F|100/100
|-damage|p2a: Slowbro|88/100|[from] Stealth Rock
|-damage|p2a: Slowbro|76/100|[from] Spikes
|move|p1a: Zapdos|U-turn|p2a: Slowbro
|-supereffective|p2a: Slowbro
|-damage|p2a: Slowbro|43/100
|-damage|p1a: Zapdos|84/100|[from] item: Rocky Helmet|[of] p2a: Slowbro
|
|t:|1667829997
|switch|p1a: Nidoking|Nidoking, M|100/100|[from]move: U-turn
|
|-heal|p2a: Slowbro|49/100|[from] Grassy Terrain
|upkeep
|turn|5
|
|t:|1667830025
|switch|p2a: Corviknight|Corviknight, M|100/100
|-damage|p2a: Corviknight|88/100|[from] Stealth Rock
|-ability|p2a: Corviknight|Pressure
|move|p1a: Nidoking|Sludge Wave|p2a: Corviknight
|-immune|p2a: Corviknight
|
|-heal|p2a: Corviknight|94/100|[from] item: Leftovers
|-fieldend|move: Grassy Terrain
|upkeep
|turn|6
|
|t:|1667830036
|move|p1a: Nidoking|Flamethrower|p2a: Corviknight
|-supereffective|p2a: Corviknight
|-damage|p2a: Corviknight|19/100
|move|p2a: Corviknight|Defog|p1a: Nidoking
|-unboost|p1a: Nidoking|evasion|1
|-sideend|p2: Sleepdrawing|Spikes|[from] move: Defog|[of] p2a: Corviknight
|-sideend|p2: Sleepdrawing|Stealth Rock|[from] move: Defog|[of] p2a: Corviknight
|
|-heal|p2a: Corviknight|25/100|[from] item: Leftovers
|upkeep
|turn|7
|
|t:|1667830051
|switch|p2a: Tapu Fini|Tapu Fini, shiny|100/100
|-fieldstart|move: Misty Terrain|[from] ability: Misty Surge|[of] p2a: Tapu Fini
|move|p1a: Nidoking|Ice Beam|p2a: Tapu Fini
|-resisted|p2a: Tapu Fini
|-damage|p2a: Tapu Fini|81/100
|
|upkeep
|turn|8
|
|t:|1667830063
|switch|p1a: Rillaboom|Rillaboom, F|100/100
|-fieldstart|move: Grassy Terrain|[from] ability: Grassy Surge|[of] p1a: Rillaboom
|move|p2a: Tapu Fini|Hydro Pump|p1a: Rillaboom|[miss]
|-miss|p2a: Tapu Fini|p1a: Rillaboom
|
|-heal|p2a: Tapu Fini|87/100|[from] Grassy Terrain
|upkeep
|turn|9
|
|t:|1667830081
|switch|p2a: Corviknight|Corviknight, M|25/100
|-ability|p2a: Corviknight|Pressure
|switch|p1a: Kartana|Kartana|100/100
|
|-heal|p2a: Corviknight|31/100|[from] item: Leftovers
|upkeep
|turn|10
|inactive|Sleepdrawing has 120 seconds left.
|
|t:|1667830115
|switch|p2a: Rillaboom|Rillaboom, M|100/100
|move|p1a: Kartana|Swords Dance|p1a: Kartana
|-boost|p1a: Kartana|atk|2
|
|upkeep
|turn|11
|
|t:|1667830131
|move|p1a: Kartana|Knock Off|p2a: Rillaboom
|-damage|p2a: Rillaboom|39/100
|-enditem|p2a: Rillaboom|Leftovers|[from] move: Knock Off|[of] p1a: Kartana
|move|p2a: Rillaboom|Drain Punch|p1a: Kartana
|-supereffective|p1a: Kartana
|-damage|p1a: Kartana|53/100
|-heal|p2a: Rillaboom|59/100|[from] drain|[of] p1a: Kartana
|
|-heal|p1a: Kartana|59/100|[from] Grassy Terrain
|-heal|p2a: Rillaboom|65/100|[from] Grassy Terrain
|upkeep
|turn|12
|
|t:|1667830143
|move|p1a: Kartana|Sacred Sword|p2a: Rillaboom
|-damage|p2a: Rillaboom|11/100
|move|p2a: Rillaboom|Drain Punch|p1a: Kartana
|-supereffective|p1a: Kartana
|-damage|p1a: Kartana|10/100
|-heal|p2a: Rillaboom|31/100|[from] drain|[of] p1a: Kartana
|
|-heal|p1a: Kartana|16/100|[from] Grassy Terrain
|-heal|p2a: Rillaboom|37/100|[from] Grassy Terrain
|-fieldend|move: Grassy Terrain
|upkeep
|turn|13
|c| jushu114514|胆小的
|
|t:|1667830167
|switch|p2a: Slowbro|Slowbro, F|82/100
|move|p1a: Kartana|Sacred Sword|p2a: Slowbro
|-resisted|p2a: Slowbro
|-damage|p2a: Slowbro|64/100
|
|upkeep
|turn|14
|inactive|Sleepdrawing has 90 seconds left.
|inactive|Sleepdrawing has 60 seconds left.
|
|t:|1667830214
|switch|p2a: Corviknight|Corviknight, M|31/100
|-ability|p2a: Corviknight|Pressure
|move|p1a: Kartana|Leaf Blade|p2a: Corviknight
|-resisted|p2a: Corviknight
|-damage|p2a: Corviknight|17/100
|
|-heal|p2a: Corviknight|24/100|[from] item: Leftovers
|upkeep
|turn|15
|inactive|Sleepdrawing has 60 seconds left.
|
|t:|1667830233
|move|p1a: Kartana|Knock Off|p2a: Corviknight
|-damage|p2a: Corviknight|0 fnt
|-enditem|p2a: Corviknight|Leftovers|[from] move: Knock Off|[of] p1a: Kartana
|faint|p2a: Corviknight
|-ability|p1a: Kartana|Beast Boost|boost
|-boost|p1a: Kartana|spe|1
|
|upkeep
|
|t:|1667830235
|switch|p2a: Rillaboom|Rillaboom, M|37/100
|-fieldstart|move: Grassy Terrain|[from] ability: Grassy Surge|[of] p2a: Rillaboom
|turn|16
|j| gzh1234
|
|t:|1667830243
|move|p2a: Rillaboom|Grassy Glide|p1a: Kartana
|-resisted|p1a: Kartana
|-damage|p1a: Kartana|6/100
|move|p1a: Kartana|Sacred Sword|p2a: Rillaboom
|-damage|p2a: Rillaboom|0 fnt
|faint|p2a: Rillaboom
|-ability|p1a: Kartana|Beast Boost|boost
|-boost|p1a: Kartana|spe|1
|
|-heal|p1a: Kartana|13/100|[from] Grassy Terrain
|upkeep
|c| jushu114514|算下圣剑打火鸡多少
|j| wzt123
|inactive|Sleepdrawing has 60 seconds left.
|
|t:|1667830258
|switch|p2a: Blaziken|Blaziken, M|100/100
|turn|17
|
|t:|1667830265
|move|p1a: Kartana|Sacred Sword|p2a: Blaziken
|-damage|p2a: Blaziken|22/100
|move|p2a: Blaziken|Close Combat|p1a: Kartana
|-supereffective|p1a: Kartana
|-damage|p1a: Kartana|0 fnt
|-unboost|p2a: Blaziken|def|1
|-unboost|p2a: Blaziken|spd|1
|faint|p1a: Kartana
|
|-heal|p2a: Blaziken|28/100|[from] Grassy Terrain
|-heal|p2a: Blaziken|35/100|[from] item: Leftovers
|-ability|p2a: Blaziken|Speed Boost|boost
|-boost|p2a: Blaziken|spe|1
|upkeep
|
|t:|1667830280
|switch|p1a: Rillaboom|Rillaboom, F|100/100
|turn|18
|
|t:|1667830283
|move|p2a: Blaziken|Protect|p2a: Blaziken
|-singleturn|p2a: Blaziken|Protect
|move|p1a: Rillaboom|Grassy Glide|p2a: Blaziken
|-activate|p2a: Blaziken|move: Protect
|
|-heal|p2a: Blaziken|41/100|[from] Grassy Terrain
|-heal|p2a: Blaziken|47/100|[from] item: Leftovers
|-ability|p2a: Blaziken|Speed Boost|boost
|-boost|p2a: Blaziken|spe|1
|upkeep
|turn|19
|l| ddddddabai
|j| ddddddabai
|
|t:|1667830312
|switch|p2a: Slowbro|Slowbro, F|97/100
|move|p1a: Rillaboom|Grassy Glide|p2a: Slowbro
|-supereffective|p2a: Slowbro
|-crit|p2a: Slowbro
|-damage|p2a: Slowbro|0 fnt
|-damage|p1a: Rillaboom|84/100|[from] item: Rocky Helmet|[of] p2a: Slowbro
|faint|p2a: Slowbro
|-damage|p1a: Rillaboom|74/100|[from] item: Life Orb
|
|-heal|p1a: Rillaboom|80/100|[from] Grassy Terrain
|upkeep
|j| badslowking
|
|t:|1667830318
|switch|p2a: Blaziken|Blaziken, M|47/100
|turn|20
|
|t:|1667830329
|switch|p1a: Zapdos|Zapdos-Galar|84/100
|move|p2a: Blaziken|Protect||[still]
|-fail|p2a: Blaziken
|
|-heal|p2a: Blaziken|53/100|[from] Grassy Terrain
|-heal|p2a: Blaziken|60/100|[from] item: Leftovers
|-fieldend|move: Grassy Terrain
|-ability|p2a: Blaziken|Speed Boost|boost
|-boost|p2a: Blaziken|spe|1
|upkeep
|turn|21
|
|t:|1667830339
|move|p2a: Blaziken|Protect|p2a: Blaziken
|-singleturn|p2a: Blaziken|Protect
|move|p1a: Zapdos|Brave Bird|p2a: Blaziken
|-activate|p2a: Blaziken|move: Protect
|
|-heal|p2a: Blaziken|66/100|[from] item: Leftovers
|-ability|p2a: Blaziken|Speed Boost|boost
|-boost|p2a: Blaziken|spe|1
|upkeep
|turn|22
|
|t:|1667830349
|switch|p2a: Hippowdon|Hippowdon, F|100/100
|-weather|Sandstorm|[from] ability: Sand Stream|[of] p2a: Hippowdon
|move|p1a: Zapdos|Brave Bird|p2a: Hippowdon
|-damage|p2a: Hippowdon|53/100
|-damage|p1a: Zapdos|63/100|[from] Recoil
|
|-weather|Sandstorm|[upkeep]
|-damage|p1a: Zapdos|57/100|[from] Sandstorm
|-heal|p2a: Hippowdon|59/100|[from] item: Leftovers
|upkeep
|turn|23
|j| rfgvcursdygbfiygb
|j| Bar236
|inactive|Sleepdrawing has 90 seconds left.
|
|t:|1667830374
|switch|p1a: Nidoking|Nidoking, M|100/100
|switch|p2a: Blaziken|Blaziken, M|66/100
|
|-weather|Sandstorm|[upkeep]
|-damage|p2a: Blaziken|60/100|[from] Sandstorm
|-heal|p2a: Blaziken|66/100|[from] item: Leftovers
|upkeep
|turn|24
|
|t:|1667830383
|move|p2a: Blaziken|Protect|p2a: Blaziken
|-singleturn|p2a: Blaziken|Protect
|move|p1a: Nidoking|Earth Power|p2a: Blaziken
|-activate|p2a: Blaziken|move: Protect
|
|-weather|Sandstorm|[upkeep]
|-damage|p2a: Blaziken|60/100|[from] Sandstorm
|-heal|p2a: Blaziken|66/100|[from] item: Leftovers
|-ability|p2a: Blaziken|Speed Boost|boost
|-boost|p2a: Blaziken|spe|1
|upkeep
|turn|25
|inactive|Sleepdrawing has 90 seconds left.
|l| Bar236
|j| darkforward
|
|t:|1667830409
|switch|p2a: Tapu Fini|Tapu Fini, shiny|87/100
|-fieldstart|move: Misty Terrain|[from] ability: Misty Surge|[of] p2a: Tapu Fini
|move|p1a: Nidoking|Earth Power|p2a: Tapu Fini
|-damage|p2a: Tapu Fini|23/100
|
|-weather|Sandstorm|[upkeep]
|-damage|p2a: Tapu Fini|17/100|[from] Sandstorm
|upkeep
|turn|26
|
|t:|1667830418
|move|p2a: Tapu Fini|Ice Beam|p1a: Nidoking
|-supereffective|p1a: Nidoking
|-damage|p1a: Nidoking|31/100
|move|p1a: Nidoking|Sludge Wave|p2a: Tapu Fini
|-supereffective|p2a: Tapu Fini
|-damage|p2a: Tapu Fini|0 fnt
|faint|p2a: Tapu Fini
|
|-weather|none
|upkeep
|
|t:|1667830429
|switch|p2a: Blaziken|Blaziken, M|66/100
|turn|27
|
|t:|1667830436
|move|p2a: Blaziken|Protect|p2a: Blaziken
|-singleturn|p2a: Blaziken|Protect
|move|p1a: Nidoking|Earth Power|p2a: Blaziken
|-activate|p2a: Blaziken|move: Protect
|
|-heal|p2a: Blaziken|72/100|[from] item: Leftovers
|-ability|p2a: Blaziken|Speed Boost|boost
|-boost|p2a: Blaziken|spe|1
|upkeep
|turn|28
|
|t:|1667830446
|move|p2a: Blaziken|Flare Blitz|p1a: Nidoking
|-damage|p1a: Nidoking|0 fnt
|faint|p1a: Nidoking
|-damage|p2a: Blaziken|63/100|[from] Recoil
|
|-heal|p2a: Blaziken|69/100|[from] item: Leftovers
|-ability|p2a: Blaziken|Speed Boost|boost
|-boost|p2a: Blaziken|spe|1
|upkeep
|
|t:|1667830455
|switch|p1a: Dragapult|Dragapult, F|100/100
|turn|29
|inactive|Sleepdrawing has 90 seconds left.
|
|t:|1667830468
|move|p2a: Blaziken|Swords Dance|p2a: Blaziken
|-boost|p2a: Blaziken|atk|2
|move|p1a: Dragapult|Dragon Dance|p1a: Dragapult
|-boost|p1a: Dragapult|atk|1
|-boost|p1a: Dragapult|spe|1
|
|-heal|p2a: Blaziken|76/100|[from] item: Leftovers
|-fieldend|Misty Terrain
|-ability|p2a: Blaziken|Speed Boost|boost
|-boost|p2a: Blaziken|spe|1
|upkeep
|turn|30
|
|t:|1667830478
|move|p1a: Dragapult|Dragon Darts|p2a: Blaziken
|-damage|p2a: Blaziken|12/100
|-anim|p1a: Dragapult|Dragon Darts|p2a: Blaziken
|-damage|p2a: Blaziken|0 fnt
|faint|p2a: Blaziken
|
|upkeep
|
|t:|1667830484
|switch|p2a: Hippowdon|Hippowdon, F|59/100
|-weather|Sandstorm|[from] ability: Sand Stream|[of] p2a: Hippowdon
|turn|31
|c| wzt123|没了
|
|t:|1667830489
|move|p1a: Dragapult|Dragon Darts|p2a: Hippowdon
|-damage|p2a: Hippowdon|29/100
|-anim|p1a: Dragapult|Dragon Darts|p2a: Hippowdon
|-damage|p2a: Hippowdon|0 fnt
|faint|p2a: Hippowdon
|
|win|damorush
|raw|damorush's rating: 1848 &rarr; <strong>1864</strong><br />(+16 for winning)
|raw|Sleepdrawing's rating: 1773 &rarr; <strong>1757</strong><br />(-16 for losing)
