|raw|<div class="broadcast-blue"><strong>This battle is required to be public due to a player having a name starting with 'lt91bb'.</div>
|j|☆IMSOMALD
|j|☆LT91BB Senku
|t:|1659331655
|gametype|singles
|player|p1|IMSOMALD|ethan-masters|1685
|player|p2|LT91BB Senku|volo|1694
|teamsize|p1|6
|teamsize|p2|6
|gen|8
|tier|[Gen 8] OU
|rated|
|rule|Sleep Clause Mod: Limit one foe put to sleep
|rule|Species Clause: Limit one of each Pokémon
|rule|OHKO Clause: OHKO moves are banned
|rule|Evasion Moves Clause: Evasion moves are banned
|rule|Endless Battle Clause: Forcing endless battles is banned
|rule|HP Percentage Mod: HP is shown in percentages
|rule|Dynamax Clause: You cannot dynamax
|clearpoke
|poke|p1|Tyranitar, F|
|poke|p1|Clefable, F|
|poke|p1|Excadrill, M|
|poke|p1|Tangrowth, M|
|poke|p1|Slowking-Galar, M|
|poke|p1|Rotom-Wash|
|poke|p2|Volcanion|
|poke|p2|Zapdos|
|poke|p2|Melmetal|
|poke|p2|Blacephalon|
|poke|p2|Dragapult, M|
|poke|p2|Landorus-Therian, M|
|teampreview
|inactive|Battle timer is ON: inactive players will automatically lose when time's up. (requested by IMSOMALD)
|c|☆LT91BB Senku|Hf
|c|☆IMSOMALD|hf
|inactive|LT91BB Senku has 120 seconds left.
|
|t:|1659331689
|start
|switch|p1a: Rotom|Rotom-Wash|100/100
|switch|p2a: Landorus|Landorus-Therian, M|100/100
|-ability|p2a: Landorus|Intimidate|boost
|-unboost|p1a: Rotom|atk|1
|turn|1
|
|t:|1659331692
|switch|p2a: Melmetal|Melmetal|100/100
|switch|p1a: Clefable|Clefable, F|100/100
|
|upkeep
|turn|2
|
|t:|1659331699
|switch|p1a: Tangrowth|Tangrowth, M|100/100
|switch|p2a: Zapdos|Zapdos|100/100
|-ability|p2a: Zapdos|Pressure
|
|upkeep
|turn|3
|
|t:|1659331713
|switch|p1a: Clefable|Clefable, F|100/100
|move|p2a: Zapdos|Substitute|p2a: Zapdos
|-start|p2a: Zapdos|Substitute
|-damage|p2a: Zapdos|76/100
|
|upkeep
|turn|4
|
|t:|1659331717
|move|p2a: Zapdos|Discharge|p1a: Clefable
|-crit|p1a: Clefable
|-damage|p1a: Clefable|47/100
|move|p1a: Clefable|Stealth Rock|p2a: Zapdos
|-sidestart|p2: LT91BB Senku|move: Stealth Rock
|
|upkeep
|turn|5
|
|t:|1659331723
|move|p2a: Zapdos|Discharge|p1a: Clefable
|-damage|p1a: Clefable|0 fnt
|faint|p1a: Clefable
|
|upkeep
|
|t:|1659331736
|switch|p1a: Slowking|Slowking-Galar, M|100/100
|turn|6
|
|t:|1659331739
|move|p2a: Zapdos|Discharge|p1a: Slowking
|-damage|p1a: Slowking|55/100
|move|p1a: Slowking|Psychic|p2a: Zapdos
|-end|p2a: Zapdos|Substitute
|
|-heal|p1a: Slowking|62/100|[from] item: Black Sludge
|upkeep
|turn|7
|
|t:|1659331746
|move|p2a: Zapdos|Discharge|p1a: Slowking
|-damage|p1a: Slowking|7/100
|-status|p1a: Slowking|par
|move|p1a: Slowking|Psychic|p2a: Zapdos
|-damage|p2a: Zapdos|37/100
|
|-heal|p1a: Slowking|14/100 par|[from] item: Black Sludge
|upkeep
|turn|8
|
|t:|1659331753
|switch|p1a: Tyranitar|Tyranitar, F|100/100
|-weather|Sandstorm|[from] ability: Sand Stream|[of] p1a: Tyranitar
|move|p2a: Zapdos|Roost|p2a: Zapdos
|-heal|p2a: Zapdos|87/100
|-singleturn|p2a: Zapdos|move: Roost
|
|-weather|Sandstorm|[upkeep]
|-damage|p2a: Zapdos|81/100|[from] Sandstorm
|upkeep
|turn|9
|
|t:|1659331758
|switch|p2a: Melmetal|Melmetal|100/100
|-damage|p2a: Melmetal|94/100|[from] Stealth Rock
|move|p1a: Tyranitar|Crunch|p2a: Melmetal
|-damage|p2a: Melmetal|54/100
|
|-weather|Sandstorm|[upkeep]
|upkeep
|turn|10
|
|t:|1659331764
|switch|p1a: Tangrowth|Tangrowth, M|100/100
|move|p2a: Melmetal|Double Iron Bash|p1a: Tangrowth
|-damage|p1a: Tangrowth|82/100
|-damage|p2a: Melmetal|38/100|[from] item: Rocky Helmet|[of] p1a: Tangrowth
|-damage|p1a: Tangrowth|64/100
|-damage|p2a: Melmetal|21/100|[from] item: Rocky Helmet|[of] p1a: Tangrowth
|-hitcount|p1a: Tangrowth|2
|
|-weather|Sandstorm|[upkeep]
|-damage|p1a: Tangrowth|58/100|[from] Sandstorm
|upkeep
|turn|11
|
|t:|1659331773
|switch|p2a: Volcanion|Volcanion|100/100
|move|p1a: Tangrowth|Focus Blast|p2a: Volcanion
|-damage|p2a: Volcanion|61/100
|
|-weather|Sandstorm|[upkeep]
|-damage|p2a: Volcanion|55/100|[from] Sandstorm
|-damage|p1a: Tangrowth|51/100|[from] Sandstorm
|upkeep
|turn|12
|
|t:|1659331778
|switch|p1a: Rotom|Rotom-Wash|100/100
|move|p2a: Volcanion|Defog|p1a: Rotom
|-unboost|p1a: Rotom|evasion|1
|-sideend|p2: LT91BB Senku|Stealth Rock|[from] move: Defog|[of] p2a: Volcanion
|
|-weather|none
|upkeep
|turn|13
|
|t:|1659331786
|switch|p2a: Dragapult|Dragapult, M|100/100
|move|p1a: Rotom|Toxic|p2a: Dragapult
|-status|p2a: Dragapult|tox
|
|-damage|p2a: Dragapult|95/100 tox|[from] psn
|upkeep
|turn|14
|
|t:|1659331793
|move|p2a: Dragapult|Draco Meteor|p1a: Rotom
|-damage|p1a: Rotom|31/100
|-unboost|p2a: Dragapult|spa|2
|move|p1a: Rotom|Pain Split|p2a: Dragapult
|-sethp|p2a: Dragapult|62/100 tox|[from] move: Pain Split|[silent]
|-sethp|p1a: Rotom|65/100|[from] move: Pain Split
|
|-heal|p1a: Rotom|71/100|[from] item: Leftovers
|-damage|p2a: Dragapult|50/100 tox|[from] psn
|upkeep
|turn|15
|
|t:|1659331801
|switch|p2a: Melmetal|Melmetal|21/100
|move|p1a: Rotom|Hydro Pump|p2a: Melmetal
|-damage|p2a: Melmetal|0 fnt
|faint|p2a: Melmetal
|
|-heal|p1a: Rotom|77/100|[from] item: Leftovers
|upkeep
|
|t:|1659331819
|switch|p2a: Zapdos|Zapdos|81/100
|-ability|p2a: Zapdos|Pressure
|turn|16
|
|t:|1659331826
|switch|p1a: Tyranitar|Tyranitar, F|100/100
|-weather|Sandstorm|[from] ability: Sand Stream|[of] p1a: Tyranitar
|move|p2a: Zapdos|Discharge|p1a: Tyranitar
|-damage|p1a: Tyranitar|73/100
|
|-weather|Sandstorm|[upkeep]
|-damage|p2a: Zapdos|75/100|[from] Sandstorm
|upkeep
|turn|17
|
|t:|1659331832
|move|p2a: Zapdos|Substitute|p2a: Zapdos
|-start|p2a: Zapdos|Substitute
|-damage|p2a: Zapdos|50/100
|move|p1a: Tyranitar|Crunch|p2a: Zapdos
|-end|p2a: Zapdos|Substitute
|
|-weather|Sandstorm|[upkeep]
|-damage|p2a: Zapdos|43/100|[from] Sandstorm
|upkeep
|turn|18
|
|t:|1659331836
|move|p2a: Zapdos|Roost|p2a: Zapdos
|-heal|p2a: Zapdos|94/100
|-singleturn|p2a: Zapdos|move: Roost
|move|p1a: Tyranitar|Crunch|p2a: Zapdos
|-damage|p2a: Zapdos|1/100
|-unboost|p2a: Zapdos|def|1
|
|-weather|Sandstorm|[upkeep]
|-damage|p2a: Zapdos|0 fnt|[from] Sandstorm
|faint|p2a: Zapdos
|upkeep
|
|t:|1659331843
|switch|p2a: Landorus|Landorus-Therian, M|100/100
|-ability|p2a: Landorus|Intimidate|boost
|-unboost|p1a: Tyranitar|atk|1
|turn|19
|
|t:|1659331863
|switch|p1a: Tangrowth|Tangrowth, M|85/100
|move|p2a: Landorus|Stealth Rock|p1a: Tangrowth
|-sidestart|p1: IMSOMALD|move: Stealth Rock
|
|-weather|Sandstorm|[upkeep]
|-damage|p1a: Tangrowth|78/100|[from] Sandstorm
|upkeep
|turn|20
|
|t:|1659331874
|move|p2a: Landorus|Toxic|p1a: Tangrowth
|-status|p1a: Tangrowth|tox
|move|p1a: Tangrowth|Knock Off|p2a: Landorus
|-damage|p2a: Landorus|78/100
|-enditem|p2a: Landorus|Leftovers|[from] move: Knock Off|[of] p1a: Tangrowth
|
|-weather|none
|-damage|p1a: Tangrowth|72/100 tox|[from] psn
|upkeep
|turn|21
|
|t:|1659331887
|move|p2a: Landorus|Earthquake|p1a: Tangrowth
|-resisted|p1a: Tangrowth
|-damage|p1a: Tangrowth|60/100 tox
|move|p1a: Tangrowth|Knock Off|p2a: Landorus
|-damage|p2a: Landorus|64/100
|
|-damage|p1a: Tangrowth|47/100 tox|[from] psn
|upkeep
|turn|22
|
|t:|1659331892
|move|p2a: Landorus|U-turn|p1a: Tangrowth
|-supereffective|p1a: Tangrowth
|-damage|p1a: Tangrowth|23/100 tox
|-damage|p2a: Landorus|47/100|[from] item: Rocky Helmet|[of] p1a: Tangrowth
|
|t:|1659331911
|switch|p2a: Volcanion|Volcanion|55/100|[from]move: U-turn
|move|p1a: Tangrowth|Giga Drain|p2a: Volcanion
|-damage|p2a: Volcanion|21/100
|-heal|p1a: Tangrowth|36/100 tox|[from] drain|[of] p2a: Volcanion
|
|-damage|p1a: Tangrowth|17/100 tox|[from] psn
|upkeep
|turn|23
|
|t:|1659331923
|switch|p1a: Slowking|Slowking-Galar, M|47/100 par
|-damage|p1a: Slowking|35/100 par|[from] Stealth Rock
|move|p2a: Volcanion|Steam Eruption|p1a: Slowking
|-damage|p1a: Slowking|0 fnt
|faint|p1a: Slowking
|
|upkeep
|inactive|IMSOMALD has 120 seconds left.
|
|t:|1659331967
|switch|p1a: Rotom|Rotom-Wash|77/100
|-damage|p1a: Rotom|65/100|[from] Stealth Rock
|turn|24
|
|t:|1659331979
|move|p2a: Volcanion|Sludge Wave|p1a: Rotom
|-damage|p1a: Rotom|41/100
|move|p1a: Rotom|Volt Switch|p2a: Volcanion
|-supereffective|p2a: Volcanion
|-damage|p2a: Volcanion|0 fnt
|faint|p2a: Volcanion
|
|t:|1659331987
|switch|p1a: Tyranitar|Tyranitar, F|73/100|[from]move: Volt Switch
|-damage|p1a: Tyranitar|61/100|[from] Stealth Rock
|-weather|Sandstorm|[from] ability: Sand Stream|[of] p1a: Tyranitar
|
|-weather|Sandstorm|[upkeep]
|upkeep
|
|t:|1659332003
|switch|p2a: Landorus|Landorus-Therian, M|47/100
|-ability|p2a: Landorus|Intimidate|boost
|-unboost|p1a: Tyranitar|atk|1
|turn|25
|
|t:|1659332008
|move|p1a: Tyranitar|Crunch|p2a: Landorus
|-damage|p2a: Landorus|0 fnt
|faint|p2a: Landorus
|
|-weather|Sandstorm|[upkeep]
|upkeep
|
|t:|1659332011
|switch|p2a: Dragapult|Dragapult, M|50/100 tox
|turn|26
|c|☆LT91BB Senku|Gg
|
|t:|1659332016
|switch|p1a: Tangrowth|Tangrowth, M|51/100 tox
|-damage|p1a: Tangrowth|38/100 tox|[from] Stealth Rock
|move|p2a: Dragapult|Draco Meteor|p1a: Tangrowth
|-crit|p1a: Tangrowth
|-damage|p1a: Tangrowth|0 fnt
|-unboost|p2a: Dragapult|spa|2
|faint|p1a: Tangrowth
|
|-weather|Sandstorm|[upkeep]
|-damage|p2a: Dragapult|44/100 tox|[from] Sandstorm
|-damage|p2a: Dragapult|38/100 tox|[from] psn
|upkeep
|-message|LT91BB Senku forfeited.
|
|win|IMSOMALD
|raw|IMSOMALD's rating: 1685 &rarr; <strong>1706</strong><br />(+21 for winning)
|raw|LT91BB Senku's rating: 1694 &rarr; <strong>1673</strong><br />(-21 for losing)
|l|☆LT91BB Senku
|c|☆IMSOMALD|gg
