|raw|<div class="broadcast-blue"><strong>This battle is required to be public due to a player having a name starting with 'lt91bb'.</div>
|j|☆LT91BB Mimi
|j|☆Pinkacross
|t:|1659060603
|gametype|singles
|player|p1|LT91BB Mimi|#mimikyustardust|1855
|player|p2|Pinkacross|artist|1909
|teamsize|p1|6
|teamsize|p2|6
|gen|8
|tier|[Gen 8] OU
|rated|
|rule|Sleep Clause Mod: Limit one foe put to sleep
|rule|Species Clause: Limit one of each Pokémon
|rule|OHKO Clause: OHKO moves are banned
|rule|Evasion Moves Clause: Evasion moves are banned
|rule|Endless Battle Clause: Forcing endless battles is banned
|rule|HP Percentage Mod: HP is shown in percentages
|rule|Dynamax Clause: You cannot dynamax
|clearpoke
|poke|p1|Pelipper, F|
|poke|p1|Barraskewda, F|
|poke|p1|Regieleki|
|poke|p1|Tapu Lele|
|poke|p1|Landorus-Therian, M|
|poke|p1|Ferrothorn, F|
|poke|p2|Tyranitar, M|
|poke|p2|Zygarde-10%|
|poke|p2|Excadrill, M|
|poke|p2|Slowbro, M|
|poke|p2|Ferrothorn, F|
|poke|p2|Zapdos-Galar|
|teampreview
|c|☆Pinkacross|hf
|c|☆LT91BB Mimi|hf
|c|☆Pinkacross|hehe nice team
|j| Toxtripedia
|c|☆LT91BB Mimi|lol
|c|☆LT91BB Mimi|still with the dog ic
|c|☆Pinkacross|ye
|
|t:|1659060623
|start
|switch|p1a: Regieleki|Regieleki|100/100
|switch|p2a: Slowbro|Slowbro, M|100/100
|turn|1
|j| passthatj
|j| cscl
|inactive|Battle timer is ON: inactive players will automatically lose when time's up. (requested by Pinkacross)
|j| Korkskrew
|j| tapu moxo
|j| d18l
|j| shxwk
|c| Korkskrew|mimi i love you :O
|
|t:|1659060662
|switch|p2a: Excadrill|Excadrill, M|100/100
|move|p1a: Regieleki|Volt Switch|p2a: Excadrill
|-immune|p2a: Excadrill
|
|upkeep
|turn|2
|
|t:|1659060664
|switch|p1a: Lando Calrissian|Landorus-Therian, M|100/100
|-ability|p1a: Lando Calrissian|Intimidate|boost
|-unboost|p2a: Excadrill|atk|1
|move|p2a: Excadrill|Swords Dance|p2a: Excadrill
|-boost|p2a: Excadrill|atk|2
|
|upkeep
|turn|3
|j| idkifteamworks
|
|t:|1659060668
|move|p2a: Excadrill|Iron Head|p1a: Lando Calrissian
|-damage|p1a: Lando Calrissian|34/100
|move|p1a: Lando Calrissian|Earthquake|p2a: Excadrill
|-supereffective|p2a: Excadrill
|-damage|p2a: Excadrill|0 fnt
|faint|p2a: Excadrill
|
|-heal|p1a: Lando Calrissian|40/100|[from] item: Leftovers
|upkeep
|
|t:|1659060670
|switch|p2a: Zygarde|Zygarde-10%|100/100
|-ability|p2a: Zygarde|Aura Break
|turn|4
|c|☆LT91BB Mimi|kork i have a mild liking towards you
|
|t:|1659060679
|move|p2a: Zygarde|Thousand Arrows|p1a: Lando Calrissian
|-damage|p1a: Lando Calrissian|0 fnt
|faint|p1a: Lando Calrissian
|
|upkeep
|j| LT91BB JD
|j| Pure Ruby
|
|t:|1659060686
|switch|p1a: Tapu Lele Pons|Tapu Lele|100/100
|-fieldstart|move: Psychic Terrain|[from] ability: Psychic Surge|[of] p1a: Tapu Lele Pons
|turn|5
|j| LT91BB BBats
|j| Weaselfie
|
|t:|1659060691
|switch|p2a: Slowbro|Slowbro, M|100/100
|move|p1a: Tapu Lele Pons|Moonblast|p2a: Slowbro
|-damage|p2a: Slowbro|60/100
|-unboost|p2a: Slowbro|spa|1
|
|upkeep
|turn|6
|j|+Disorient
|c| Korkskrew|good enough for me
|j| krbyptty
|l| LT91BB BBats
|
|t:|1659060703
|switch|p2a: Ferrothorn|Ferrothorn, F|100/100
|move|p1a: Tapu Lele Pons|Moonblast|p2a: Ferrothorn
|-resisted|p2a: Ferrothorn
|-damage|p2a: Ferrothorn|77/100
|-unboost|p2a: Ferrothorn|spa|1
|
|upkeep
|turn|7
|
|t:|1659060706
|switch|p1a: Pelipprime|Pelipper, F|100/100
|-weather|RainDance|[from] ability: Drizzle|[of] p1a: Pelipprime
|move|p2a: Ferrothorn|Knock Off|p1a: Pelipprime
|-damage|p1a: Pelipprime|74/100
|-enditem|p1a: Pelipprime|Choice Specs|[from] move: Knock Off|[of] p2a: Ferrothorn
|
|-weather|RainDance|[upkeep]
|upkeep
|turn|8
|l| passthatj
|j|+Wildfiree
|j| LT91BB Nick
|j| 1nightinTHEASIANCY
|
|t:|1659060735
|switch|p2a: Tyranitar|Tyranitar, M|100/100
|-weather|Sandstorm|[from] ability: Sand Stream|[of] p2a: Tyranitar
|move|p1a: Pelipprime|Hurricane|p2a: Tyranitar
|-resisted|p2a: Tyranitar
|-damage|p2a: Tyranitar|90/100
|-start|p2a: Tyranitar|confusion
|
|-weather|Sandstorm|[upkeep]
|-damage|p1a: Pelipprime|68/100|[from] Sandstorm
|-heal|p2a: Tyranitar|96/100|[from] item: Leftovers
|upkeep
|turn|9
|
|t:|1659060739
|move|p1a: Pelipprime|U-turn|p2a: Tyranitar
|-supereffective|p2a: Tyranitar
|-damage|p2a: Tyranitar|84/100
|
|t:|1659060741
|switch|p1a: Ferro Thornberry|Ferrothorn, F|100/100|[from]move: U-turn
|-activate|p2a: Tyranitar|confusion
|-damage|p2a: Tyranitar|75/100|[from] confusion
|
|-weather|Sandstorm|[upkeep]
|-heal|p2a: Tyranitar|81/100|[from] item: Leftovers
|-fieldend|move: Psychic Terrain
|upkeep
|turn|10
|c|☆Pinkacross|big L
|j| joey milktank
|
|t:|1659060747
|switch|p2a: Zapdos|Zapdos-Galar|100/100
|move|p1a: Ferro Thornberry|Spikes|p2a: Zapdos
|-sidestart|p2: Pinkacross|Spikes
|
|-weather|Sandstorm|[upkeep]
|-damage|p2a: Zapdos|94/100|[from] Sandstorm
|upkeep
|turn|11
|c|☆LT91BB Mimi|hmm
|inactive|LT91BB Mimi has 120 seconds left.
|
|t:|1659060780
|switch|p1a: Regieleki|Regieleki|100/100
|move|p2a: Zapdos|Brave Bird|p1a: Regieleki
|-resisted|p1a: Regieleki
|-damage|p1a: Regieleki|23/100
|-damage|p2a: Zapdos|68/100|[from] Recoil
|
|-weather|Sandstorm|[upkeep]
|-damage|p1a: Regieleki|16/100|[from] Sandstorm
|-damage|p2a: Zapdos|62/100|[from] Sandstorm
|upkeep
|turn|12
|j|+AM
|
|t:|1659060788
|switch|p1a: Tapu Lele Pons|Tapu Lele|100/100
|-fieldstart|move: Psychic Terrain|[from] ability: Psychic Surge|[of] p1a: Tapu Lele Pons
|switch|p2a: Zygarde|Zygarde-10%|100/100
|-damage|p2a: Zygarde|88/100|[from] Spikes
|-ability|p2a: Zygarde|Aura Break
|
|-weather|none
|upkeep
|turn|13
|j| LT91BB Gray
|
|t:|1659060794
|switch|p2a: Ferrothorn|Ferrothorn, F|77/100
|-damage|p2a: Ferrothorn|65/100|[from] Spikes
|move|p1a: Tapu Lele Pons|Moonblast|p2a: Ferrothorn
|-resisted|p2a: Ferrothorn
|-damage|p2a: Ferrothorn|41/100
|
|upkeep
|turn|14
|j| Corazan
|c| LT91BB Gray|Pinkacross is it true you packed up spookyz
|inactive|LT91BB Mimi has 120 seconds left.
|
|t:|1659060820
|switch|p1a: Regieleki|Regieleki|16/100
|move|p2a: Ferrothorn|Spikes|p1a: Regieleki
|-sidestart|p1: LT91BB Mimi|Spikes
|
|upkeep
|turn|15
|
|t:|1659060823
|switch|p2a: Zygarde|Zygarde-10%|88/100
|-damage|p2a: Zygarde|76/100|[from] Spikes
|-ability|p2a: Zygarde|Aura Break
|move|p1a: Regieleki|Electro Ball|p2a: Zygarde
|-immune|p2a: Zygarde
|
|upkeep
|turn|16
|j| SHSP
|inactive|LT91BB Mimi has 120 seconds left.
|j| famzy
|j| DrasticLightning
|n| practicinq|idkifteamworks
|c| DrasticLightning|zyDOG
|j| lineheavyslam140
|inactive|LT91BB Mimi has 90 seconds left.
|
|t:|1659060875
|move|p1a: Regieleki|Rapid Spin|p2a: Zygarde
|-damage|p2a: Zygarde|58/100
|-boost|p1a: Regieleki|spe|1
|-sideend|p1: LT91BB Mimi|Spikes|[from] move: Rapid Spin|[of] p1a: Regieleki
|move|p2a: Zygarde|Thousand Arrows|p1a: Regieleki
|-supereffective|p1a: Regieleki
|-damage|p1a: Regieleki|0 fnt
|faint|p1a: Regieleki
|
|-fieldend|move: Psychic Terrain
|upkeep
|
|t:|1659060877
|switch|p1a: Tapu Lele Pons|Tapu Lele|100/100
|-fieldstart|move: Psychic Terrain|[from] ability: Psychic Surge|[of] p1a: Tapu Lele Pons
|turn|17
|j| maeve68
|j| lt91bb tier
|inactive|Pinkacross has 120 seconds left.
|
|t:|1659060912
|move|p1a: Tapu Lele Pons|Moonblast|p2a: Zygarde
|-supereffective|p2a: Zygarde
|-damage|p2a: Zygarde|0 fnt
|faint|p2a: Zygarde
|
|upkeep
|
|t:|1659060913
|switch|p2a: Tyranitar|Tyranitar, M|81/100
|-damage|p2a: Tyranitar|69/100|[from] Spikes
|-weather|Sandstorm|[from] ability: Sand Stream|[of] p2a: Tyranitar
|turn|18
|j| LT91BB qtipsa
|
|t:|1659060935
|move|p1a: Tapu Lele Pons|Moonblast|p2a: Tyranitar
|-supereffective|p2a: Tyranitar
|-damage|p2a: Tyranitar|23/100
|move|p2a: Tyranitar|Thunder Wave|p1a: Tapu Lele Pons
|-status|p1a: Tapu Lele Pons|par
|
|-weather|Sandstorm|[upkeep]
|-damage|p1a: Tapu Lele Pons|94/100 par|[from] Sandstorm
|-heal|p2a: Tyranitar|29/100|[from] item: Leftovers
|upkeep
|turn|19
|j| Barracades
|c|☆LT91BB Mimi|o u sick man
|
|t:|1659060942
|cant|p1a: Tapu Lele Pons|par
|move|p2a: Tyranitar|Stealth Rock|p1a: Tapu Lele Pons
|-sidestart|p1: LT91BB Mimi|move: Stealth Rock
|
|-weather|Sandstorm|[upkeep]
|-damage|p1a: Tapu Lele Pons|88/100 par|[from] Sandstorm
|-heal|p2a: Tyranitar|35/100|[from] item: Leftovers
|upkeep
|turn|20
|l| tapu moxo
|j| LT91BB AGK
|
|t:|1659060970
|cant|p1a: Tapu Lele Pons|par
|move|p2a: Tyranitar|Earthquake|p1a: Tapu Lele Pons
|-damage|p1a: Tapu Lele Pons|41/100 par
|
|-weather|Sandstorm|[upkeep]
|-damage|p1a: Tapu Lele Pons|35/100 par|[from] Sandstorm
|-heal|p2a: Tyranitar|41/100|[from] item: Leftovers
|upkeep
|turn|21
|l| cscl
|c|☆Pinkacross|1 more ttar
|inactive|LT91BB Mimi has 120 seconds left.
|
|t:|1659060986
|cant|p1a: Tapu Lele Pons|par
|move|p2a: Tyranitar|Rock Blast|p1a: Tapu Lele Pons
|-damage|p1a: Tapu Lele Pons|19/100 par
|-damage|p1a: Tapu Lele Pons|1/100 par
|-damage|p1a: Tapu Lele Pons|0 fnt
|faint|p1a: Tapu Lele Pons
|-hitcount|p1: Tapu Lele Pons|3
|
|-weather|Sandstorm|[upkeep]
|-heal|p2a: Tyranitar|47/100|[from] item: Leftovers
|-fieldend|move: Psychic Terrain
|upkeep
|c|☆LT91BB Mimi|:(
|c|☆LT91BB Mimi|gg
|c|☆Pinkacross|rip
|c|☆Pinkacross|srry
|-message|LT91BB Mimi forfeited.
|
|win|Pinkacross
|raw|LT91BB Mimi's rating: 1823 &rarr; <strong>1808</strong><br />(-15 for losing)
|raw|Pinkacross's rating: 1909 &rarr; <strong>1924</strong><br />(+15 for winning)
|l|☆LT91BB Mimi
|c|☆Pinkacross|gg
