|html|<div class="broadcast-blue"><strong>[Gen 8] OU is currently suspecting Melmetal! For information on how to participate check out the <a href="https://www.smogon.com/forums/threads/np-ss-ou-suspect-process-round-12-monster-mash.3709234/">suspect thread</a>.</strong></div>
|j|☆ProbablyTTT
|j|☆ty-tyui↻
|t:|1665863885
|gametype|singles
|player|p1|ProbablyTTT|ethan|1555
|player|p2|ty-tyui↻|grace|1583
|teamsize|p1|6
|teamsize|p2|6
|gen|8
|tier|[Gen 8] OU
|rated|
|rule|Sleep Clause Mod: Limit one foe put to sleep
|rule|Species Clause: Limit one of each Pokémon
|rule|OHKO Clause: OHKO moves are banned
|rule|Evasion Items Clause: Evasion items are banned
|rule|Evasion Moves Clause: Evasion moves are banned
|rule|Endless Battle Clause: Forcing endless battles is banned
|rule|HP Percentage Mod: HP is shown in percentages
|rule|Dynamax Clause: You cannot dynamax
|clearpoke
|poke|p1|Pelipper, M|
|poke|p1|Heliolisk, F|
|poke|p1|Barraskewda, M|
|poke|p1|Ferrothorn, M|
|poke|p1|Tornadus-Therian, M|
|poke|p1|Seismitoad, F|
|poke|p2|Zygarde-10%|
|poke|p2|Kartana|
|poke|p2|Blacephalon|
|poke|p2|Landorus-Therian, M|
|poke|p2|Tapu Fini|
|poke|p2|Corviknight, M|
|teampreview
|inactive|Battle timer is ON: inactive players will automatically lose when time's up. (requested by ty-tyui↻)
|
|t:|1665863901
|start
|switch|p1a: Pelipper|Pelipper, M|100/100
|switch|p2a: Blacephalon|Blacephalon|100/100
|-weather|RainDance|[from] ability: Drizzle|[of] p1a: Pelipper
|turn|1
|
|t:|1665863904
|switch|p1a: Heliolisk|Heliolisk, F|100/100
|move|p2a: Blacephalon|Shadow Ball|p1a: Heliolisk
|-immune|p1a: Heliolisk
|
|-weather|RainDance|[upkeep]
|upkeep
|turn|2
|
|t:|1665863916
|switch|p2a: Tapu Fini|Tapu Fini|100/100
|-fieldstart|move: Misty Terrain|[from] ability: Misty Surge|[of] p2a: Tapu Fini
|move|p1a: Heliolisk|Surf|p2a: Tapu Fini
|-resisted|p2a: Tapu Fini
|-damage|p2a: Tapu Fini|78/100
|-damage|p1a: Heliolisk|91/100|[from] item: Life Orb
|
|-weather|RainDance|[upkeep]
|-heal|p1a: Heliolisk|100/100|[from] ability: Dry Skin
|-heal|p2a: Tapu Fini|84/100|[from] item: Leftovers
|upkeep
|turn|3
|
|t:|1665863918
|switch|p2a: Landorus|Landorus-Therian, M|100/100
|-ability|p2a: Landorus|Intimidate|boost
|-unboost|p1a: Heliolisk|atk|1
|move|p1a: Heliolisk|Thunder|p2a: Landorus
|-immune|p2a: Landorus
|
|-weather|RainDance|[upkeep]
|upkeep
|turn|4
|
|t:|1665863921
|move|p1a: Heliolisk|Surf|p2a: Landorus
|-supereffective|p2a: Landorus
|-damage|p2a: Landorus|14/100
|-damage|p1a: Heliolisk|91/100|[from] item: Life Orb
|move|p2a: Landorus|Earthquake|p1a: Heliolisk
|-supereffective|p1a: Heliolisk
|-damage|p1a: Heliolisk|0 fnt
|faint|p1a: Heliolisk
|
|-weather|RainDance|[upkeep]
|-heal|p2a: Landorus|20/100|[from] item: Leftovers
|upkeep
|
|t:|1665863925
|switch|p1a: Barraskewda|Barraskewda, M|100/100
|turn|5
|
|t:|1665863932
|move|p1a: Barraskewda|Flip Turn|p2a: Landorus
|-supereffective|p2a: Landorus
|-damage|p2a: Landorus|0 fnt
|faint|p2a: Landorus
|
|t:|1665863936
|switch|p1a: Tornadus|Tornadus-Therian, M|100/100|[from]move: Flip Turn
|
|-weather|RainDance|[upkeep]
|upkeep
|
|t:|1665863944
|switch|p2a: Corviknight|Corviknight, M|100/100
|-ability|p2a: Corviknight|Pressure
|turn|6
|
|t:|1665863946
|move|p1a: Tornadus|Taunt|p2a: Corviknight
|-start|p2a: Corviknight|move: Taunt
|move|p2a: Corviknight|Brave Bird|p1a: Tornadus
|-damage|p1a: Tornadus|53/100
|-damage|p2a: Corviknight|88/100|[from] Recoil
|
|-weather|RainDance|[upkeep]
|-fieldend|Misty Terrain
|upkeep
|turn|7
|
|t:|1665863958
|switch|p1a: Ferrothorn|Ferrothorn, M|100/100
|move|p2a: Corviknight|U-turn|p1a: Ferrothorn
|-damage|p1a: Ferrothorn|92/100
|-damage|p2a: Corviknight|76/100|[from] ability: Iron Barbs|[of] p1a: Ferrothorn
|-damage|p2a: Corviknight|59/100|[from] item: Rocky Helmet|[of] p1a: Ferrothorn
|
|t:|1665863961
|switch|p2a: Blacephalon|Blacephalon|100/100|[from]move: U-turn
|
|-weather|RainDance|[upkeep]
|upkeep
|turn|8
|
|t:|1665863974
|switch|p1a: Tornadus|Tornadus-Therian, M|86/100
|move|p2a: Blacephalon|Flamethrower|p1a: Tornadus
|-damage|p1a: Tornadus|41/100
|
|-weather|none
|upkeep
|turn|9
|
|t:|1665863980
|switch|p1a: Pelipper|Pelipper, M|100/100
|-weather|RainDance|[from] ability: Drizzle|[of] p1a: Pelipper
|switch|p2a: Corviknight|Corviknight, M|59/100
|-ability|p2a: Corviknight|Pressure
|
|-weather|RainDance|[upkeep]
|upkeep
|turn|10
|
|t:|1665863990
|move|p2a: Corviknight|Roost|p2a: Corviknight
|-heal|p2a: Corviknight|100/100
|-singleturn|p2a: Corviknight|move: Roost
|move|p1a: Pelipper|U-turn|p2a: Corviknight
|-resisted|p2a: Corviknight
|-damage|p2a: Corviknight|97/100
|-damage|p1a: Pelipper|84/100|[from] item: Rocky Helmet|[of] p2a: Corviknight
|
|t:|1665863996
|switch|p1a: Tornadus|Tornadus-Therian, M|74/100|[from]move: U-turn
|
|-weather|RainDance|[upkeep]
|upkeep
|turn|11
|
|t:|1665864000
|move|p1a: Tornadus|Nasty Plot|p1a: Tornadus
|-boost|p1a: Tornadus|spa|2
|move|p2a: Corviknight|Brave Bird|p1a: Tornadus
|-damage|p1a: Tornadus|26/100
|-damage|p2a: Corviknight|85/100|[from] Recoil
|
|-weather|RainDance|[upkeep]
|upkeep
|turn|12
|
|t:|1665864008
|move|p1a: Tornadus|Weather Ball|p2a: Corviknight
|-damage|p2a: Corviknight|2/100
|move|p2a: Corviknight|Brave Bird|p1a: Tornadus
|-damage|p1a: Tornadus|0 fnt
|faint|p1a: Tornadus
|-damage|p2a: Corviknight|0 fnt|[from] Recoil
|faint|p2a: Corviknight
|
|-weather|RainDance|[upkeep]
|upkeep
|
|t:|1665864014
|switch|p1a: Barraskewda|Barraskewda, M|100/100
|switch|p2a: Kartana|Kartana|100/100
|turn|13
|
|t:|1665864019
|switch|p2a: Blacephalon|Blacephalon|100/100
|move|p1a: Barraskewda|Flip Turn|p2a: Blacephalon
|-supereffective|p2a: Blacephalon
|-damage|p2a: Blacephalon|0 fnt
|faint|p2a: Blacephalon
|
|t:|1665864025
|switch|p1a: Seismitoad|Seismitoad, F|100/100|[from]move: Flip Turn
|
|-weather|RainDance|[upkeep]
|upkeep
|
|t:|1665864030
|switch|p2a: Kartana|Kartana|100/100
|turn|14
|
|t:|1665864036
|move|p2a: Kartana|Leaf Blade|p1a: Seismitoad
|-supereffective|p1a: Seismitoad
|-damage|p1a: Seismitoad|0 fnt
|faint|p1a: Seismitoad
|-ability|p2a: Kartana|Beast Boost|boost
|-boost|p2a: Kartana|atk|1
|
|-weather|RainDance|[upkeep]
|upkeep
|
|t:|1665864041
|switch|p1a: Barraskewda|Barraskewda, M|100/100
|turn|15
|
|t:|1665864062
|switch|p2a: Tapu Fini|Tapu Fini|84/100
|-fieldstart|move: Misty Terrain|[from] ability: Misty Surge|[of] p2a: Tapu Fini
|move|p1a: Barraskewda|Flip Turn|p2a: Tapu Fini
|-resisted|p2a: Tapu Fini
|-damage|p2a: Tapu Fini|58/100
|
|t:|1665864069
|switch|p1a: Ferrothorn|Ferrothorn, M|92/100|[from]move: Flip Turn
|
|-weather|RainDance|[upkeep]
|-heal|p2a: Tapu Fini|64/100|[from] item: Leftovers
|upkeep
|turn|16
|
|t:|1665864076
|move|p2a: Tapu Fini|Taunt|p1a: Ferrothorn
|-start|p1a: Ferrothorn|move: Taunt
|cant|p1a: Ferrothorn|move: Taunt|Leech Seed
|
|-weather|none
|-heal|p2a: Tapu Fini|71/100|[from] item: Leftovers
|upkeep
|turn|17
|
|t:|1665864079
|move|p2a: Tapu Fini|Calm Mind|p2a: Tapu Fini
|-boost|p2a: Tapu Fini|spa|1
|-boost|p2a: Tapu Fini|spd|1
|move|p1a: Ferrothorn|Gyro Ball|p2a: Tapu Fini
|-damage|p2a: Tapu Fini|34/100
|
|-heal|p2a: Tapu Fini|40/100|[from] item: Leftovers
|upkeep
|turn|18
|
|t:|1665864085
|switch|p2a: Kartana|Kartana|100/100
|switch|p1a: Pelipper|Pelipper, M|84/100
|-weather|RainDance|[from] ability: Drizzle|[of] p1a: Pelipper
|
|-weather|RainDance|[upkeep]
|upkeep
|turn|19
|
|t:|1665864091
|switch|p2a: Zygarde|Zygarde-10%|100/100
|-ability|p2a: Zygarde|Aura Break
|move|p1a: Pelipper|Scald|p2a: Zygarde
|-damage|p2a: Zygarde|37/100
|
|-weather|RainDance|[upkeep]
|-fieldend|Misty Terrain
|upkeep
|turn|20
|
|t:|1665864099
|switch|p1a: Ferrothorn|Ferrothorn, M|92/100
|move|p2a: Zygarde|Thousand Arrows|p1a: Ferrothorn
|-damage|p1a: Ferrothorn|58/100
|
|-weather|RainDance|[upkeep]
|upkeep
|turn|21
|
|t:|1665864106
|move|p2a: Zygarde|Thousand Arrows|p1a: Ferrothorn
|-damage|p1a: Ferrothorn|21/100
|move|p1a: Ferrothorn|Gyro Ball|p2a: Zygarde
|-damage|p2a: Zygarde|0 fnt
|faint|p2a: Zygarde
|
|-weather|RainDance|[upkeep]
|upkeep
|
|t:|1665864109
|switch|p2a: Kartana|Kartana|100/100
|turn|22
|
|t:|1665864116
|move|p2a: Kartana|Knock Off|p1a: Ferrothorn
|-damage|p1a: Ferrothorn|0 fnt
|-damage|p2a: Kartana|88/100|[from] ability: Iron Barbs|[of] p1a: Ferrothorn
|-damage|p2a: Kartana|72/100|[from] item: Rocky Helmet|[of] p1a: Ferrothorn
|-enditem|p1a: Ferrothorn|Rocky Helmet|[from] move: Knock Off|[of] p2a: Kartana
|faint|p1a: Ferrothorn
|-ability|p2a: Kartana|Beast Boost|boost
|-boost|p2a: Kartana|atk|1
|
|-weather|RainDance|[upkeep]
|upkeep
|
|t:|1665864130
|switch|p1a: Barraskewda|Barraskewda, M|100/100
|turn|23
|
|t:|1665864133
|move|p1a: Barraskewda|Close Combat|p2a: Kartana
|-supereffective|p2a: Kartana
|-damage|p2a: Kartana|0 fnt
|-unboost|p1a: Barraskewda|def|1
|-unboost|p1a: Barraskewda|spd|1
|faint|p2a: Kartana
|
|-weather|RainDance|[upkeep]
|upkeep
|
|t:|1665864135
|switch|p2a: Tapu Fini|Tapu Fini|40/100
|-fieldstart|move: Misty Terrain|[from] ability: Misty Surge|[of] p2a: Tapu Fini
|turn|24
|
|t:|1665864138
|switch|p1a: Pelipper|Pelipper, M|84/100
|move|p2a: Tapu Fini|Draining Kiss|p1a: Pelipper
|-damage|p1a: Pelipper|69/100
|-heal|p2a: Tapu Fini|50/100|[from] drain|[of] p1a: Pelipper
|
|-weather|RainDance|[upkeep]
|-heal|p2a: Tapu Fini|57/100|[from] item: Leftovers
|upkeep
|turn|25
|
|t:|1665864147
|move|p2a: Tapu Fini|Calm Mind|p2a: Tapu Fini
|-boost|p2a: Tapu Fini|spa|1
|-boost|p2a: Tapu Fini|spd|1
|move|p1a: Pelipper|U-turn|p2a: Tapu Fini
|-resisted|p2a: Tapu Fini
|-damage|p2a: Tapu Fini|53/100
|
|t:|1665864151
|switch|p1a: Barraskewda|Barraskewda, M|100/100|[from]move: U-turn
|
|-weather|none
|-heal|p2a: Tapu Fini|60/100|[from] item: Leftovers
|upkeep
|turn|26
|
|t:|1665864155
|move|p1a: Barraskewda|Flip Turn|p2a: Tapu Fini
|-resisted|p2a: Tapu Fini
|-crit|p2a: Tapu Fini
|-damage|p2a: Tapu Fini|32/100
|
|t:|1665864158
|switch|p1a: Pelipper|Pelipper, M|69/100|[from]move: Flip Turn
|-weather|RainDance|[from] ability: Drizzle|[of] p1a: Pelipper
|move|p2a: Tapu Fini|Draining Kiss|p1a: Pelipper
|-damage|p1a: Pelipper|44/100
|-heal|p2a: Tapu Fini|50/100|[from] drain|[of] p1a: Pelipper
|
|-weather|RainDance|[upkeep]
|-heal|p2a: Tapu Fini|56/100|[from] item: Leftovers
|upkeep
|turn|27
|
|t:|1665864162
|move|p2a: Tapu Fini|Draining Kiss|p1a: Pelipper
|-damage|p1a: Pelipper|20/100
|-heal|p2a: Tapu Fini|73/100|[from] drain|[of] p1a: Pelipper
|move|p1a: Pelipper|U-turn|p2a: Tapu Fini
|-resisted|p2a: Tapu Fini
|-damage|p2a: Tapu Fini|70/100
|
|t:|1665864165
|switch|p1a: Barraskewda|Barraskewda, M|100/100|[from]move: U-turn
|
|-weather|RainDance|[upkeep]
|-heal|p2a: Tapu Fini|76/100|[from] item: Leftovers
|upkeep
|turn|28
|
|t:|1665864168
|move|p1a: Barraskewda|Liquidation|p2a: Tapu Fini
|-resisted|p2a: Tapu Fini
|-damage|p2a: Tapu Fini|39/100
|-unboost|p2a: Tapu Fini|def|1
|move|p2a: Tapu Fini|Draining Kiss|p1a: Barraskewda
|-damage|p1a: Barraskewda|49/100
|-heal|p2a: Tapu Fini|68/100|[from] drain|[of] p1a: Barraskewda
|
|-weather|RainDance|[upkeep]
|-heal|p2a: Tapu Fini|74/100|[from] item: Leftovers
|-fieldend|Misty Terrain
|upkeep
|turn|29
|
|t:|1665864171
|move|p1a: Barraskewda|Liquidation|p2a: Tapu Fini
|-resisted|p2a: Tapu Fini
|-damage|p2a: Tapu Fini|19/100
|move|p2a: Tapu Fini|Draining Kiss|p1a: Barraskewda
|-damage|p1a: Barraskewda|0 fnt
|-heal|p2a: Tapu Fini|46/100|[from] drain|[of] p1a: Barraskewda
|faint|p1a: Barraskewda
|
|-weather|RainDance|[upkeep]
|-heal|p2a: Tapu Fini|52/100|[from] item: Leftovers
|upkeep
|-message|ProbablyTTT forfeited.
|
|win|ty-tyui↻
|raw|ProbablyTTT's rating: 1555 &rarr; <strong>1537</strong><br />(-18 for losing)
|raw|ty-tyui↻'s rating: 1583 &rarr; <strong>1601</strong><br />(+18 for winning)
|c|☆ty-tyui↻|gg
|l|☆ProbablyTTT
||Ladder isn't responding, score probably updated but might not have (Request timeout).
