|j|☆bramitoboy
|j|☆LT94JE Starmind
|t:|1661436461
|gametype|singles
|player|p1|bramitoboy|170|1803
|player|p2|LT94JE Starmind|169|1788
|teamsize|p1|6
|teamsize|p2|6
|gen|8
|tier|[Gen 8] OU
|rated|
|rule|Sleep Clause Mod: Limit one foe put to sleep
|rule|Species Clause: Limit one of each Pokémon
|rule|OHKO Clause: OHKO moves are banned
|rule|Evasion Items Clause: Evasion items are banned
|rule|Evasion Moves Clause: Evasion moves are banned
|rule|Endless Battle Clause: Forcing endless battles is banned
|rule|HP Percentage Mod: HP is shown in percentages
|rule|Dynamax Clause: You cannot dynamax
|clearpoke
|poke|p1|Zarude-Dada|
|poke|p1|Keldeo-Resolute|
|poke|p1|Tapu Lele|
|poke|p1|Tapu Koko|
|poke|p1|Heatran, F|
|poke|p1|Landorus-Therian, M|
|poke|p2|Melmetal|
|poke|p2|Cresselia, F|
|poke|p2|Crawdaunt, M|
|poke|p2|Hatterene, F|
|poke|p2|Porygon2|
|poke|p2|Marowak-Alola, F|
|teampreview
|
|t:|1661436469
|start
|switch|p1a: Heatran|Heatran, F|100/100
|switch|p2a: Hatterene|Hatterene, F|100/100
|-item|p1a: Heatran|Air Balloon
|turn|1
|
|t:|1661436481
|move|p1a: Heatran|Magma Storm|p2a: Hatterene
|-damage|p2a: Hatterene|42/100
|-activate|p2a: Hatterene|move: Magma Storm|[of] p1a: Heatran
|move|p2a: Hatterene|Trick Room|p2a: Hatterene
|-fieldstart|move: Trick Room|[of] p2a: Hatterene
|
|-damage|p2a: Hatterene|29/100|[from] move: Magma Storm|[partiallytrapped]
|upkeep
|turn|2
|
|t:|1661436487
|switch|p1a: Tapu Lele|Tapu Lele|100/100
|-fieldstart|move: Psychic Terrain|[from] ability: Psychic Surge|[of] p1a: Tapu Lele
|move|p2a: Hatterene|Healing Wish|p2a: Hatterene
|faint|p2a: Hatterene
|
|upkeep
|j| HereForFrens
|
|t:|1661436496
|switch|p2a: Marowak|Marowak-Alola, F|100/100
|turn|3
|j| LT94JE reje
|
|t:|1661436504
|switch|p1a: Zarude|Zarude-Dada|100/100
|move|p2a: Marowak|Swords Dance|p2a: Marowak
|-boost|p2a: Marowak|atk|2
|
|upkeep
|turn|4
|j| shaqfrombasketball
|
|t:|1661436511
|switch|p1a: Heatran|Heatran, F|100/100
|-item|p1a: Heatran|Air Balloon
|move|p2a: Marowak|Flare Blitz|p1a: Heatran
|-start|p1a: Heatran|ability: Flash Fire
|
|upkeep
|turn|5
|j| samurott champloo
|
|t:|1661436518
|-end|p1a: Heatran|ability: Flash Fire|[silent]
|switch|p1a: Tapu Koko|Tapu Koko|100/100
|-fieldstart|move: Electric Terrain|[from] ability: Electric Surge|[of] p1a: Tapu Koko
|move|p2a: Marowak|Poltergeist|p1a: Tapu Koko
|-activate|p1a: Tapu Koko|move: Poltergeist|Choice Scarf
|-damage|p1a: Tapu Koko|0 fnt
|faint|p1a: Tapu Koko
|
|-fieldend|move: Trick Room
|upkeep
|
|t:|1661436526
|switch|p1a: Keldeo|Keldeo-Resolute|100/100
|turn|6
|j| Gwaaarn
|
|t:|1661436531
|switch|p2a: Cresselia|Cresselia, F|100/100
|move|p1a: Keldeo|Scald|p2a: Cresselia
|-damage|p2a: Cresselia|76/100
|
|upkeep
|turn|7
|
|t:|1661436534
|move|p1a: Keldeo|Substitute|p1a: Keldeo
|-start|p1a: Keldeo|Substitute
|-damage|p1a: Keldeo|75/100
|move|p2a: Cresselia|Trick Room|p2a: Cresselia
|-fieldstart|move: Trick Room|[of] p2a: Cresselia
|
|-heal|p1a: Keldeo|82/100|[from] item: Leftovers
|upkeep
|turn|8
|
|t:|1661436537
|switch|p2a: Melmetal|Melmetal|100/100
|move|p1a: Keldeo|Calm Mind|p1a: Keldeo
|-boost|p1a: Keldeo|spa|1
|-boost|p1a: Keldeo|spd|1
|
|-heal|p1a: Keldeo|88/100|[from] item: Leftovers
|upkeep
|turn|9
|j| Stoutberg
|j| Separation
|
|t:|1661436540
|move|p2a: Melmetal|Thunder Punch|p1a: Keldeo
|-supereffective|p1a: Keldeo
|-end|p1a: Keldeo|Substitute
|move|p1a: Keldeo|Secret Sword|p2a: Melmetal
|-supereffective|p2a: Melmetal
|-damage|p2a: Melmetal|27/100
|
|-heal|p1a: Keldeo|94/100|[from] item: Leftovers
|-fieldend|move: Electric Terrain
|upkeep
|turn|10
|
|t:|1661436547
|switch|p2a: Porygon2|Porygon2|100/100
|-ability|p2a: Porygon2|Download|boost
|-boost|p2a: Porygon2|atk|1
|switch|p1a: Landorus|Landorus-Therian, M|100/100
|-ability|p1a: Landorus|Intimidate|boost
|-unboost|p2a: Porygon2|atk|1
|
|upkeep
|turn|11
|
|t:|1661436550
|switch|p1a: Heatran|Heatran, F|100/100
|-item|p1a: Heatran|Air Balloon
|move|p2a: Porygon2|Ice Beam|p1a: Heatran
|-resisted|p1a: Heatran
|-damage|p1a: Heatran|95/100
|-enditem|p1a: Heatran|Air Balloon
|
|-fieldend|move: Trick Room
|upkeep
|turn|12
|
|t:|1661436556
|move|p1a: Heatran|Taunt|p2a: Porygon2
|-start|p2a: Porygon2|move: Taunt
|cant|p2a: Porygon2|move: Taunt|Trick Room
|
|upkeep
|turn|13
|
|t:|1661436562
|switch|p2a: Marowak|Marowak-Alola, F|100/100
|move|p1a: Heatran|Stealth Rock|p2a: Marowak
|-sidestart|p2: LT94JE Starmind|move: Stealth Rock
|
|upkeep
|turn|14
|
|t:|1661436568
|move|p1a: Heatran|Earth Power|p2a: Marowak
|-supereffective|p2a: Marowak
|-damage|p2a: Marowak|6/100
|move|p2a: Marowak|Bonemerang|p1a: Heatran
|-supereffective|p1a: Heatran
|-damage|p1a: Heatran|6/100
|-supereffective|p1a: Heatran
|-damage|p1a: Heatran|0 fnt
|faint|p1a: Heatran
|-hitcount|p1: Heatran|2
|
|upkeep
|j| wowoooop
|
|t:|1661436576
|switch|p1a: Keldeo|Keldeo-Resolute|94/100
|turn|15
|l| Separation
|
|t:|1661436587
|switch|p2a: Porygon2|Porygon2|100/100
|-damage|p2a: Porygon2|88/100|[from] Stealth Rock
|-ability|p2a: Porygon2|Download|boost
|-boost|p2a: Porygon2|spa|1
|move|p1a: Keldeo|Substitute|p1a: Keldeo
|-start|p1a: Keldeo|Substitute
|-damage|p1a: Keldeo|69/100
|
|-heal|p1a: Keldeo|75/100|[from] item: Leftovers
|upkeep
|turn|16
|l| wowoooop
|
|t:|1661436592
|move|p1a: Keldeo|Secret Sword|p2a: Porygon2
|-supereffective|p2a: Porygon2
|-damage|p2a: Porygon2|33/100
|move|p2a: Porygon2|Thunderbolt|p1a: Keldeo
|-supereffective|p1a: Keldeo
|-end|p1a: Keldeo|Substitute
|
|-heal|p1a: Keldeo|81/100|[from] item: Leftovers
|upkeep
|turn|17
|
|t:|1661436604
|switch|p2a: Melmetal|Melmetal|27/100
|-heal|p2a: Melmetal|100/100|[from] move: Healing Wish
|-damage|p2a: Melmetal|94/100|[from] Stealth Rock
|move|p1a: Keldeo|Secret Sword|p2a: Melmetal
|-supereffective|p2a: Melmetal
|-damage|p2a: Melmetal|44/100
|
|-heal|p1a: Keldeo|88/100|[from] item: Leftovers
|upkeep
|turn|18
|
|t:|1661436613
|switch|p2a: Cresselia|Cresselia, F|76/100
|-damage|p2a: Cresselia|64/100|[from] Stealth Rock
|move|p1a: Keldeo|Secret Sword|p2a: Cresselia
|-resisted|p2a: Cresselia
|-damage|p2a: Cresselia|54/100
|
|-heal|p1a: Keldeo|94/100|[from] item: Leftovers
|upkeep
|turn|19
|
|t:|1661436620
|move|p1a: Keldeo|Substitute|p1a: Keldeo
|-start|p1a: Keldeo|Substitute
|-damage|p1a: Keldeo|69/100
|move|p2a: Cresselia|Trick Room|p2a: Cresselia
|-fieldstart|move: Trick Room|[of] p2a: Cresselia
|
|-heal|p1a: Keldeo|75/100|[from] item: Leftovers
|upkeep
|turn|20
|
|t:|1661436624
|switch|p2a: Melmetal|Melmetal|44/100
|-damage|p2a: Melmetal|38/100|[from] Stealth Rock
|move|p1a: Keldeo|Calm Mind|p1a: Keldeo
|-boost|p1a: Keldeo|spa|1
|-boost|p1a: Keldeo|spd|1
|
|-heal|p1a: Keldeo|81/100|[from] item: Leftovers
|upkeep
|turn|21
|
|t:|1661436631
|move|p2a: Melmetal|Double Iron Bash|p1a: Keldeo
|-resisted|p1a: Keldeo
|-end|p1a: Keldeo|Substitute
|-resisted|p1a: Keldeo
|-damage|p1a: Keldeo|41/100
|-hitcount|p1a: Keldeo|2
|cant|p1a: Keldeo|flinch
|
|-heal|p1a: Keldeo|47/100|[from] item: Leftovers
|upkeep
|turn|22
|
|t:|1661436639
|switch|p1a: Landorus|Landorus-Therian, M|100/100
|-ability|p1a: Landorus|Intimidate|boost
|-unboost|p2a: Melmetal|atk|1
|move|p2a: Melmetal|Double Iron Bash|p1a: Landorus
|-damage|p1a: Landorus|70/100
|-damage|p2a: Melmetal|21/100|[from] item: Rocky Helmet|[of] p1a: Landorus
|-damage|p1a: Landorus|34/100
|-damage|p2a: Melmetal|4/100|[from] item: Rocky Helmet|[of] p1a: Landorus
|-hitcount|p1a: Landorus|2
|
|upkeep
|turn|23
|
|t:|1661436646
|move|p2a: Melmetal|Double Iron Bash|p1a: Landorus
|-damage|p1a: Landorus|3/100
|-damage|p2a: Melmetal|0 fnt|[from] item: Rocky Helmet|[of] p1a: Landorus
|faint|p2a: Melmetal
|-hitcount|p1a: Landorus|1
|move|p1a: Landorus|Knock Off|p2: Melmetal|[notarget]
|-fail|p1a: Landorus
|
|-fieldend|move: Trick Room
|upkeep
|
|t:|1661436658
|switch|p2a: Cresselia|Cresselia, F|54/100
|-damage|p2a: Cresselia|41/100|[from] Stealth Rock
|turn|24
|
|t:|1661436666
|move|p1a: Landorus|Knock Off|p2a: Cresselia
|-supereffective|p2a: Cresselia
|-damage|p2a: Cresselia|10/100
|-enditem|p2a: Cresselia|Mental Herb|[from] move: Knock Off|[of] p1a: Landorus
|move|p2a: Cresselia|Moonlight|p2a: Cresselia
|-heal|p2a: Cresselia|60/100
|
|upkeep
|turn|25
|
|t:|1661436676
|switch|p1a: Keldeo|Keldeo-Resolute|47/100
|move|p2a: Cresselia|Trick Room|p2a: Cresselia
|-fieldstart|move: Trick Room|[of] p2a: Cresselia
|
|-heal|p1a: Keldeo|54/100|[from] item: Leftovers
|upkeep
|turn|26
|
|t:|1661436682
|switch|p2a: Marowak|Marowak-Alola, F|6/100
|-damage|p2a: Marowak|0 fnt|[from] Stealth Rock
|faint|p2a: Marowak
|move|p1a: Keldeo|Secret Sword|p2: Marowak|[notarget]
|-fail|p1a: Keldeo
|
|-heal|p1a: Keldeo|60/100|[from] item: Leftovers
|upkeep
|
|t:|1661436685
|switch|p2a: Porygon2|Porygon2|33/100
|-damage|p2a: Porygon2|21/100|[from] Stealth Rock
|-ability|p2a: Porygon2|Download|boost
|-boost|p2a: Porygon2|spa|1
|turn|27
|
|t:|1661436691
|switch|p1a: Tapu Lele|Tapu Lele|100/100
|-fieldstart|move: Psychic Terrain|[from] ability: Psychic Surge|[of] p1a: Tapu Lele
|move|p2a: Porygon2|Ice Beam|p1a: Tapu Lele
|-damage|p1a: Tapu Lele|68/100
|
|upkeep
|turn|28
|
|t:|1661436699
|switch|p2a: Cresselia|Cresselia, F|60/100
|-damage|p2a: Cresselia|47/100|[from] Stealth Rock
|move|p1a: Tapu Lele|Moonblast|p2a: Cresselia
|-damage|p2a: Cresselia|14/100
|
|upkeep
|turn|29
|
|t:|1661436706
|move|p2a: Cresselia|Moonlight|p2a: Cresselia
|-heal|p2a: Cresselia|64/100
|move|p1a: Tapu Lele|Moonblast|p2a: Cresselia
|-damage|p2a: Cresselia|28/100
|
|-fieldend|move: Trick Room
|upkeep
|turn|30
|c|☆bramitoboy|it's over
|-message|LT94JE Starmind forfeited.
|
|win|bramitoboy
|raw|bramitoboy's rating: 1803 &rarr; <strong>1822</strong><br />(+19 for winning)
|raw|LT94JE Starmind's rating: 1788 &rarr; <strong>1769</strong><br />(-19 for losing)
|l|☆LT94JE Starmind
|l|☆bramitoboy
|l| samurott champloo
