|raw|<div class="broadcast-blue"><strong>This battle is required to be public due to a player having a name starting with 'lt91bb'.</div>
|j|☆LT91BB EclipseY
|j|☆dmt dreams
|t:|1659533061
|gametype|singles
|player|p1|LT91BB EclipseY|cynthia-gen4|1876
|player|p2|dmt dreams|pokefan-gen4|1982
|teamsize|p1|6
|teamsize|p2|6
|gen|8
|tier|[Gen 8] OU
|rated|
|rule|Sleep Clause Mod: Limit one foe put to sleep
|rule|Species Clause: Limit one of each Pokémon
|rule|OHKO Clause: OHKO moves are banned
|rule|Evasion Moves Clause: Evasion moves are banned
|rule|Endless Battle Clause: Forcing endless battles is banned
|rule|HP Percentage Mod: HP is shown in percentages
|rule|Dynamax Clause: You cannot dynamax
|clearpoke
|poke|p1|Landorus-Therian, M|
|poke|p1|Magnezone|
|poke|p1|Corviknight, M|
|poke|p1|Gastrodon-East, F|
|poke|p1|Weavile, F|
|poke|p1|Clefable, M|
|poke|p2|Moltres|
|poke|p2|Corviknight, M|
|poke|p2|Toxapex, F|
|poke|p2|Zeraora|
|poke|p2|Cresselia, F|
|poke|p2|Clefable, M|
|teampreview
|j| Vkvkhg
|inactive|Battle timer is ON: inactive players will automatically lose when time's up. (requested by LT91BB EclipseY)
|
|t:|1659533085
|start
|switch|p1a: Weavile|Weavile, F|100/100
|switch|p2a: Toxapex|Toxapex, F|100/100
|-ability|p1a: Weavile|Pressure
|turn|1
|
|t:|1659533092
|move|p1a: Weavile|Knock Off|p2a: Toxapex
|-damage|p2a: Toxapex|64/100
|-enditem|p2a: Toxapex|Shed Shell|[from] move: Knock Off|[of] p1a: Weavile
|move|p2a: Toxapex|Knock Off|p1a: Weavile
|-resisted|p1a: Weavile
|-damage|p1a: Weavile|87/100
|-enditem|p1a: Weavile|Heavy-Duty Boots|[from] move: Knock Off|[of] p2a: Toxapex
|
|upkeep
|turn|2
|
|t:|1659533095
|switch|p1a: Clefable|Clefable, M|100/100
|move|p2a: Toxapex|Toxic|p1a: Clefable
|-status|p1a: Clefable|tox
|
|upkeep
|turn|3
|
|t:|1659533097
|move|p1a: Clefable|Stealth Rock|p2a: Toxapex
|-sidestart|p2: dmt dreams|move: Stealth Rock
|move|p2a: Toxapex|Knock Off|p1a: Clefable
|-resisted|p1a: Clefable
|-damage|p1a: Clefable|95/100 tox
|-damage|p2a: Toxapex|48/100|[from] item: Rocky Helmet|[of] p1a: Clefable
|-enditem|p1a: Clefable|Rocky Helmet|[from] move: Knock Off|[of] p2a: Toxapex
|
|upkeep
|turn|4
|
|t:|1659533103
|move|p1a: Clefable|Moonblast|p2a: Toxapex
|-resisted|p2a: Toxapex
|-damage|p2a: Toxapex|38/100
|move|p2a: Toxapex|Toxic|p1a: Clefable
|-fail|p1a: Clefable|tox
|
|upkeep
|turn|5
|
|t:|1659533106
|switch|p1a: Landorus|Landorus-Therian, M|100/100
|-ability|p1a: Landorus|Intimidate|boost
|-unboost|p2a: Toxapex|atk|1
|move|p2a: Toxapex|Recover|p2a: Toxapex
|-heal|p2a: Toxapex|88/100
|
|upkeep
|turn|6
|
|t:|1659533110
|switch|p2a: Cresselia|Cresselia, F|100/100
|-damage|p2a: Cresselia|88/100|[from] Stealth Rock
|move|p1a: Landorus|Earthquake|p2a: Cresselia
|-immune|p2a: Cresselia|[from] ability: Levitate
|
|-heal|p2a: Cresselia|94/100|[from] item: Leftovers
|upkeep
|turn|7
|j| Confusien
|
|t:|1659533116
|switch|p1a: Corviknight|Corviknight, M|100/100
|-ability|p1a: Corviknight|Pressure
|move|p2a: Cresselia|Ice Beam|p1a: Corviknight
|-damage|p1a: Corviknight|88/100
|
|-heal|p2a: Cresselia|99/100|[from] item: Leftovers
|-heal|p1a: Corviknight|94/100|[from] item: Leftovers
|upkeep
|turn|8
|
|t:|1659533124
|switch|p2a: Moltres|Moltres|100/100
|-ability|p2a: Moltres|Pressure
|move|p1a: Corviknight|U-turn|p2a: Moltres
|-resisted|p2a: Moltres
|-damage|p2a: Moltres|98/100
|j| LT91BB Storm
|
|t:|1659533129
|switch|p1a: Gastrodon|Gastrodon-East, F|100/100|[from]move: U-turn
|
|upkeep
|turn|9
|j| Venositile
|
|t:|1659533133
|switch|p1a: Landorus|Landorus-Therian, M|100/100
|-ability|p1a: Landorus|Intimidate|boost
|-unboost|p2a: Moltres|atk|1
|move|p2a: Moltres|Defog|p1a: Landorus
|-unboost|p1a: Landorus|evasion|1
|-sideend|p2: dmt dreams|Stealth Rock|[from] move: Defog|[of] p2a: Moltres
|
|upkeep
|turn|10
|
|t:|1659533136
|switch|p2a: Cresselia|Cresselia, F|99/100
|move|p1a: Landorus|Stone Edge|p2a: Cresselia|[miss]
|-miss|p1a: Landorus|p2a: Cresselia
|
|-heal|p2a: Cresselia|100/100|[from] item: Leftovers
|upkeep
|turn|11
|j| OmBrArch
|
|t:|1659533143
|switch|p1a: Clefable|Clefable, M|95/100 tox
|switch|p2a: Zeraora|Zeraora|100/100
|
|upkeep
|turn|12
|
|t:|1659533145
|move|p2a: Zeraora|Volt Switch|p1a: Clefable
|-crit|p1a: Clefable
|-damage|p1a: Clefable|62/100 tox
|
|t:|1659533147
|switch|p2a: Moltres|Moltres|98/100|[from]move: Volt Switch
|-ability|p2a: Moltres|Pressure
|move|p1a: Clefable|Moonblast|p2a: Moltres
|-resisted|p2a: Moltres
|-damage|p2a: Moltres|82/100
|
|upkeep
|turn|13
|
|t:|1659533149
|move|p2a: Moltres|Flamethrower|p1a: Clefable
|-damage|p1a: Clefable|28/100 tox
|move|p1a: Clefable|Soft-Boiled|p1a: Clefable
|-heal|p1a: Clefable|78/100 tox
|
|upkeep
|turn|14
|
|t:|1659533151
|move|p2a: Moltres|Flamethrower|p1a: Clefable
|-damage|p1a: Clefable|43/100 tox
|move|p1a: Clefable|Stealth Rock|p2a: Moltres
|-sidestart|p2: dmt dreams|move: Stealth Rock
|
|upkeep
|turn|15
|
|t:|1659533153
|move|p2a: Moltres|Defog|p1a: Clefable
|-unboost|p1a: Clefable|evasion|1
|-sideend|p2: dmt dreams|Stealth Rock|[from] move: Defog|[of] p2a: Moltres
|move|p1a: Clefable|Soft-Boiled|p1a: Clefable
|-heal|p1a: Clefable|93/100 tox
|
|upkeep
|turn|16
|
|t:|1659533155
|move|p2a: Moltres|Flamethrower|p1a: Clefable
|-damage|p1a: Clefable|59/100 tox
|move|p1a: Clefable|Stealth Rock|p2a: Moltres
|-sidestart|p2: dmt dreams|move: Stealth Rock
|
|upkeep
|turn|17
|
|t:|1659533157
|move|p2a: Moltres|Defog|p1a: Clefable
|-unboost|p1a: Clefable|evasion|1
|-sideend|p2: dmt dreams|Stealth Rock|[from] move: Defog|[of] p2a: Moltres
|move|p1a: Clefable|Soft-Boiled|p1a: Clefable
|-heal|p1a: Clefable|100/100 tox
|
|upkeep
|turn|18
|j| De la Bourdonnais
|
|t:|1659533159
|move|p2a: Moltres|Flamethrower|p1a: Clefable
|-damage|p1a: Clefable|65/100 tox
|move|p1a: Clefable|Stealth Rock|p2a: Moltres
|-sidestart|p2: dmt dreams|move: Stealth Rock
|
|upkeep
|turn|19
|
|t:|1659533161
|switch|p1a: Gastrodon|Gastrodon-East, F|100/100
|move|p2a: Moltres|Defog|p1a: Gastrodon
|-unboost|p1a: Gastrodon|evasion|1
|-sideend|p2: dmt dreams|Stealth Rock|[from] move: Defog|[of] p2a: Moltres
|
|upkeep
|turn|20
|l| Venositile
|
|t:|1659533164
|switch|p2a: Toxapex|Toxapex, F|100/100
|switch|p1a: Clefable|Clefable, M|65/100 tox
|
|upkeep
|turn|21
|
|t:|1659533166
|switch|p2a: Moltres|Moltres|82/100
|-ability|p2a: Moltres|Pressure
|move|p1a: Clefable|Stealth Rock|p2a: Moltres
|-sidestart|p2: dmt dreams|move: Stealth Rock
|
|upkeep
|turn|22
|j| LT91BB Tace
|
|t:|1659533168
|move|p2a: Moltres|Defog|p1a: Clefable
|-unboost|p1a: Clefable|evasion|1
|-sideend|p2: dmt dreams|Stealth Rock|[from] move: Defog|[of] p2a: Moltres
|move|p1a: Clefable|Soft-Boiled|p1a: Clefable
|-heal|p1a: Clefable|100/100 tox
|
|upkeep
|turn|23
|
|t:|1659533170
|switch|p1a: Gastrodon|Gastrodon-East, F|100/100
|move|p2a: Moltres|Flamethrower|p1a: Gastrodon
|-resisted|p1a: Gastrodon
|-damage|p1a: Gastrodon|88/100
|-status|p1a: Gastrodon|brn
|
|-heal|p1a: Gastrodon|94/100 brn|[from] item: Leftovers
|-damage|p1a: Gastrodon|88/100 brn|[from] brn
|upkeep
|turn|24
|
|t:|1659533176
|move|p2a: Moltres|Flamethrower|p1a: Gastrodon
|-resisted|p1a: Gastrodon
|-damage|p1a: Gastrodon|75/100 brn
|move|p1a: Gastrodon|Scald|p2a: Moltres
|-supereffective|p2a: Moltres
|-damage|p2a: Moltres|34/100
|
|-heal|p1a: Gastrodon|81/100 brn|[from] item: Leftovers
|-damage|p1a: Gastrodon|75/100 brn|[from] brn
|upkeep
|turn|25
|
|t:|1659533179
|move|p2a: Moltres|Roost|p2a: Moltres
|-heal|p2a: Moltres|84/100
|-singleturn|p2a: Moltres|move: Roost
|move|p1a: Gastrodon|Toxic|p2a: Moltres
|-status|p2a: Moltres|tox
|
|-heal|p1a: Gastrodon|81/100 brn|[from] item: Leftovers
|-damage|p2a: Moltres|78/100 tox|[from] psn
|-damage|p1a: Gastrodon|75/100 brn|[from] brn
|upkeep
|turn|26
|
|t:|1659533182
|switch|p2a: Clefable|Clefable, M|100/100
|switch|p1a: Clefable|Clefable, M|100/100 tox
|
|upkeep
|turn|27
|j| zReptar
|
|t:|1659533186
|move|p2a: Clefable|Stealth Rock|p1a: Clefable
|-sidestart|p1: LT91BB EclipseY|move: Stealth Rock
|move|p1a: Clefable|Stealth Rock|p2a: Clefable
|-sidestart|p2: dmt dreams|move: Stealth Rock
|
|upkeep
|turn|28
|
|t:|1659533191
|switch|p1a: Magnezone|Magnezone|100/100
|-damage|p1a: Magnezone|94/100|[from] Stealth Rock
|move|p2a: Clefable|Aromatherapy|p2a: Clefable
|-activate|p2a: Clefable|move: Aromatherapy
|-curestatus|p2: Moltres|tox|[msg]
|
|-heal|p1a: Magnezone|100/100|[from] item: Leftovers
|upkeep
|turn|29
|
|t:|1659533196
|switch|p2a: Zeraora|Zeraora|100/100
|-damage|p2a: Zeraora|88/100|[from] Stealth Rock
|move|p1a: Magnezone|Flash Cannon|p2a: Zeraora
|-resisted|p2a: Zeraora
|-damage|p2a: Zeraora|66/100
|
|-heal|p2a: Zeraora|72/100|[from] item: Leftovers
|upkeep
|turn|30
|
|t:|1659533199
|switch|p1a: Clefable|Clefable, M|100/100 tox
|move|p2a: Zeraora|Knock Off|p1a: Clefable
|-resisted|p1a: Clefable
|-damage|p1a: Clefable|92/100 tox
|
|-heal|p2a: Zeraora|78/100|[from] item: Leftovers
|upkeep
|turn|31
|
|t:|1659533202
|move|p2a: Zeraora|Volt Switch|p1a: Clefable
|-damage|p1a: Clefable|73/100 tox
|
|t:|1659533204
|switch|p2a: Moltres|Moltres|78/100|[from]move: Volt Switch
|-ability|p2a: Moltres|Pressure
|move|p1a: Clefable|Soft-Boiled|p1a: Clefable
|-heal|p1a: Clefable|100/100 tox
|
|upkeep
|turn|32
|
|t:|1659533210
|switch|p1a: Gastrodon|Gastrodon-East, F|75/100 brn
|-damage|p1a: Gastrodon|69/100 brn|[from] Stealth Rock
|move|p2a: Moltres|Defog|p1a: Gastrodon
|-unboost|p1a: Gastrodon|evasion|1
|-sideend|p1: LT91BB EclipseY|Stealth Rock|[from] move: Defog|[of] p2a: Moltres
|-sideend|p2: dmt dreams|Stealth Rock|[from] move: Defog|[of] p2a: Moltres
|
|-heal|p1a: Gastrodon|75/100 brn|[from] item: Leftovers
|-damage|p1a: Gastrodon|69/100 brn|[from] brn
|upkeep
|turn|33
|
|t:|1659533213
|switch|p2a: Toxapex|Toxapex, F|100/100
|move|p1a: Gastrodon|Recover|p1a: Gastrodon
|-heal|p1a: Gastrodon|100/100 brn
|
|-damage|p1a: Gastrodon|94/100 brn|[from] brn
|upkeep
|turn|34
|
|t:|1659533218
|switch|p1a: Clefable|Clefable, M|100/100 tox
|move|p2a: Toxapex|Knock Off|p1a: Clefable
|-resisted|p1a: Clefable
|-damage|p1a: Clefable|97/100 tox
|
|upkeep
|turn|35
|
|t:|1659533220
|switch|p2a: Moltres|Moltres|78/100
|-ability|p2a: Moltres|Pressure
|move|p1a: Clefable|Stealth Rock|p2a: Moltres
|-sidestart|p2: dmt dreams|move: Stealth Rock
|
|upkeep
|turn|36
|
|t:|1659533222
|switch|p1a: Gastrodon|Gastrodon-East, F|94/100 brn
|move|p2a: Moltres|Defog|p1a: Gastrodon
|-unboost|p1a: Gastrodon|evasion|1
|-sideend|p2: dmt dreams|Stealth Rock|[from] move: Defog|[of] p2a: Moltres
|
|-heal|p1a: Gastrodon|100/100 brn|[from] item: Leftovers
|-damage|p1a: Gastrodon|94/100 brn|[from] brn
|upkeep
|turn|37
|
|t:|1659533226
|switch|p2a: Toxapex|Toxapex, F|100/100
|switch|p1a: Magnezone|Magnezone|100/100
|
|upkeep
|turn|38
|
|t:|1659533230
|move|p1a: Magnezone|Thunderbolt|p2a: Toxapex
|-supereffective|p2a: Toxapex
|-damage|p2a: Toxapex|49/100
|move|p2a: Toxapex|Knock Off|p1a: Magnezone
|-damage|p1a: Magnezone|87/100
|-enditem|p1a: Magnezone|Leftovers|[from] move: Knock Off|[of] p2a: Toxapex
|
|upkeep
|turn|39
|j| vkhss
|
|t:|1659533238
|switch|p2a: Zeraora|Zeraora|78/100
|move|p1a: Magnezone|Body Press|p2a: Zeraora
|-damage|p2a: Zeraora|44/100
|
|-heal|p2a: Zeraora|50/100|[from] item: Leftovers
|upkeep
|turn|40
|
|t:|1659533243
|move|p2a: Zeraora|Volt Switch|p1a: Magnezone
|-resisted|p1a: Magnezone
|-damage|p1a: Magnezone|72/100
|
|t:|1659533245
|switch|p2a: Cresselia|Cresselia, F|100/100|[from]move: Volt Switch
|move|p1a: Magnezone|Body Press|p2a: Cresselia
|-resisted|p2a: Cresselia
|-damage|p2a: Cresselia|92/100
|
|-heal|p2a: Cresselia|98/100|[from] item: Leftovers
|upkeep
|turn|41
|
|t:|1659533250
|move|p1a: Magnezone|Flash Cannon|p2a: Cresselia
|-damage|p2a: Cresselia|82/100
|move|p2a: Cresselia|Ice Beam|p1a: Magnezone
|-resisted|p1a: Magnezone
|-damage|p1a: Magnezone|61/100
|
|-heal|p2a: Cresselia|88/100|[from] item: Leftovers
|upkeep
|turn|42
|
|t:|1659533253
|switch|p1a: Weavile|Weavile, F|87/100
|-ability|p1a: Weavile|Pressure
|switch|p2a: Zeraora|Zeraora|50/100
|
|-heal|p2a: Zeraora|56/100|[from] item: Leftovers
|upkeep
|turn|43
|
|t:|1659533257
|switch|p1a: Gastrodon|Gastrodon-East, F|94/100 brn
|move|p2a: Zeraora|Plasma Fists|p1a: Gastrodon
|-immune|p1a: Gastrodon
|
|-heal|p2a: Zeraora|62/100|[from] item: Leftovers
|-heal|p1a: Gastrodon|100/100 brn|[from] item: Leftovers
|-damage|p1a: Gastrodon|94/100 brn|[from] brn
|upkeep
|turn|44
|l| De la Bourdonnais
|
|t:|1659533264
|switch|p2a: Corviknight|Corviknight, M|100/100
|-ability|p2a: Corviknight|Pressure
|switch|p1a: Landorus|Landorus-Therian, M|100/100
|-ability|p1a: Landorus|Intimidate|boost
|-unboost|p2a: Corviknight|atk|1
|
|upkeep
|turn|45
|
|t:|1659533269
|switch|p2a: Toxapex|Toxapex, F|82/100
|move|p1a: Landorus|Knock Off|p2a: Toxapex
|-damage|p2a: Toxapex|61/100
|
|upkeep
|turn|46
|
|t:|1659533275
|move|p1a: Landorus|Swords Dance|p1a: Landorus
|-boost|p1a: Landorus|atk|2
|move|p2a: Toxapex|Toxic|p1a: Landorus
|-status|p1a: Landorus|tox
|
|-damage|p1a: Landorus|95/100 tox|[from] psn
|upkeep
|turn|47
|
|t:|1659533279
|switch|p2a: Clefable|Clefable, M|100/100
|move|p1a: Landorus|Knock Off|p2a: Clefable
|-resisted|p2a: Clefable
|-damage|p2a: Clefable|87/100
|-enditem|p2a: Clefable|Leftovers|[from] move: Knock Off|[of] p1a: Landorus
|
|-damage|p1a: Landorus|83/100 tox|[from] psn
|upkeep
|turn|48
|
|t:|1659533283
|move|p1a: Landorus|Earthquake|p2a: Clefable
|-damage|p2a: Clefable|40/100
|move|p2a: Clefable|Soft-Boiled|p2a: Clefable
|-heal|p2a: Clefable|90/100
|
|-damage|p1a: Landorus|65/100 tox|[from] psn
|upkeep
|turn|49
|
|t:|1659533286
|switch|p1a: Clefable|Clefable, M|97/100 tox
|move|p2a: Clefable|Soft-Boiled|p2a: Clefable
|-heal|p2a: Clefable|100/100
|
|upkeep
|turn|50
|-message|LT91BB EclipseY forfeited.
|
|win|dmt dreams
|raw|LT91BB EclipseY's rating: 1876 &rarr; <strong>1862</strong><br />(-14 for losing)
|raw|dmt dreams's rating: 1982 &rarr; <strong>1996</strong><br />(+14 for winning)
|l|☆LT91BB EclipseY
|c|☆dmt dreams|gg
|j| Suta Pulachina
|l| vkhss
|l| Suta Pulachina
||Ladder isn't responding, score probably updated but might not have (Request timeout).
