|j|☆Makuryu
|j|☆Whitedevil12345678
|t:|1643295061
|gametype|singles
|player|p1|Makuryu|koga|1734
|player|p2|Whitedevil12345678|blue|1803
|teamsize|p1|6
|teamsize|p2|6
|gen|8
|tier|[Gen 8] OU
|rated|
|rule|Sleep Clause Mod: Limit one foe put to sleep
|rule|Species Clause: Limit one of each Pokémon
|rule|OHKO Clause: OHKO moves are banned
|rule|Evasion Moves Clause: Evasion moves are banned
|rule|Endless Battle Clause: Forcing endless battles is banned
|rule|HP Percentage Mod: HP is shown in percentages
|rule|Dynamax Clause: You cannot dynamax
|clearpoke
|poke|p1|Bisharp, F|
|poke|p1|Zapdos-Galar|
|poke|p1|Mew|
|poke|p1|Rillaboom, M|
|poke|p1|Garchomp, F|
|poke|p1|Dragapult, M|
|poke|p2|Stakataka|
|poke|p2|Mew|
|poke|p2|Garchomp, F|
|poke|p2|Blacephalon|
|poke|p2|Tapu Fini|
|poke|p2|Melmetal|
|teampreview
|inactive|Battle timer is ON: inactive players will automatically lose when time's up. (requested by Whitedevil12345678)
|c|☆Makuryu|good match
|
|t:|1643295094
|start
|switch|p1a: Mew|Mew|100/100
|switch|p2a: Kriti Sanon😍|Mew|100/100
|turn|1
|j| sand gym noob
|
|t:|1643295107
|move|p2a: Kriti Sanon😍|Swords Dance|p2a: Kriti Sanon😍
|-boost|p2a: Kriti Sanon😍|atk|2
|move|p1a: Mew|Taunt|p2a: Kriti Sanon😍
|-start|p2a: Kriti Sanon😍|move: Taunt
|
|upkeep
|turn|2
|
|t:|1643295112
|move|p1a: Mew|Stealth Rock|p2a: Kriti Sanon😍
|-sidestart|p2: Whitedevil12345678|move: Stealth Rock
|move|p2a: Kriti Sanon😍|Psychic Fangs|p1a: Mew
|-resisted|p1a: Mew
|-damage|p1a: Mew|57/100
|-damage|p2a: Kriti Sanon😍|91/100|[from] item: Life Orb
|
|upkeep
|turn|3
|
|t:|1643295122
|move|p1a: Mew|Spikes|p2a: Kriti Sanon😍
|-sidestart|p2: Whitedevil12345678|Spikes
|move|p2a: Kriti Sanon😍|Drain Punch|p1a: Mew
|-resisted|p1a: Mew
|-damage|p1a: Mew|30/100
|-heal|p2a: Kriti Sanon😍|100/100|[from] drain|[of] p1a: Mew
|-damage|p2a: Kriti Sanon😍|91/100|[from] item: Life Orb
|
|upkeep
|turn|4
|
|t:|1643295129
|move|p2a: Kriti Sanon😍|Psychic Fangs|p1a: Mew
|-resisted|p1a: Mew
|-damage|p1a: Mew|0 fnt
|faint|p1a: Mew
|-damage|p2a: Kriti Sanon😍|81/100|[from] item: Life Orb
|
|-end|p2a: Kriti Sanon😍|move: Taunt
|upkeep
|
|t:|1643295137
|switch|p1a: Dragapult|Dragapult, M|100/100
|turn|5
|
|t:|1643295139
|move|p2a: Kriti Sanon😍|Sucker Punch|p1a: Dragapult
|-supereffective|p1a: Dragapult
|-damage|p1a: Dragapult|0 fnt
|faint|p1a: Dragapult
|-damage|p2a: Kriti Sanon😍|71/100|[from] item: Life Orb
|
|upkeep
|
|t:|1643295156
|switch|p1a: Bisharp|Bisharp, F|100/100
|turn|6
|
|t:|1643295165
|switch|p2a: Disha Patani👙|Tapu Fini, shiny|100/100
|-damage|p2a: Disha Patani👙|88/100|[from] Spikes
|-damage|p2a: Disha Patani👙|76/100|[from] Stealth Rock
|-fieldstart|move: Misty Terrain|[from] ability: Misty Surge|[of] p2a: Disha Patani👙
|move|p1a: Bisharp|Sucker Punch||[still]
|-fail|p1a: Bisharp
|
|upkeep
|turn|7
|
|t:|1643295178
|move|p2a: Disha Patani👙|Trick|p1a: Bisharp
|-activate|p2a: Disha Patani👙|move: Trick|[of] p1a: Bisharp
|-item|p1a: Bisharp|Choice Scarf|[from] move: Trick
|-item|p2a: Disha Patani👙|Black Glasses|[from] move: Trick
|move|p1a: Bisharp|Swords Dance|p1a: Bisharp
|-boost|p1a: Bisharp|atk|2
|
|upkeep
|turn|8
|
|t:|1643295187
|switch|p1a: Zapdos|Zapdos-Galar|100/100
|move|p2a: Disha Patani👙|Defog|p1a: Zapdos
|-unboost|p1a: Zapdos|evasion|1
|-ability|p1a: Zapdos|Defiant
|-boost|p1a: Zapdos|atk|2
|-sideend|p2: Whitedevil12345678|Spikes|[from] move: Defog|[of] p2a: Disha Patani👙
|-sideend|p2: Whitedevil12345678|Stealth Rock|[from] move: Defog|[of] p2a: Disha Patani👙
|-fieldend|Misty Terrain
|
|upkeep
|turn|9
|
|t:|1643295200
|switch|p2a: 🦈|Garchomp, F, shiny|100/100
|move|p1a: Zapdos|Brave Bird|p2a: 🦈
|-damage|p2a: 🦈|0 fnt
|-damage|p1a: Zapdos|88/100|[from] ability: Rough Skin|[of] p2a: 🦈
|faint|p2a: 🦈
|-damage|p1a: Zapdos|45/100|[from] Recoil
|
|upkeep
|
|t:|1643295203
|switch|p2a: Psycho Killer🔮|Blacephalon, shiny|100/100
|turn|10
|j| Marquesa-10%
|
|t:|1643295210
|move|p2a: Psycho Killer🔮|Flamethrower|p1a: Zapdos
|-damage|p1a: Zapdos|0 fnt
|faint|p1a: Zapdos
|-ability|p2a: Psycho Killer🔮|Beast Boost|boost
|-boost|p2a: Psycho Killer🔮|spe|1
|
|upkeep
|
|t:|1643295216
|switch|p1a: Garchomp|Garchomp, F|100/100
|turn|11
|
|t:|1643295223
|move|p2a: Psycho Killer🔮|Shadow Ball|p1a: Garchomp
|-damage|p1a: Garchomp|58/100
|move|p1a: Garchomp|Earthquake|p2a: Psycho Killer🔮
|-supereffective|p2a: Psycho Killer🔮
|-damage|p2a: Psycho Killer🔮|0 fnt
|faint|p2a: Psycho Killer🔮
|
|-heal|p1a: Garchomp|64/100|[from] item: Leftovers
|upkeep
|
|t:|1643295227
|switch|p2a: ♠️|Stakataka|100/100
|-item|p2a: ♠️|Air Balloon
|turn|12
|
|t:|1643295233
|move|p1a: Garchomp|Fire Fang|p2a: ♠️
|-damage|p2a: ♠️|87/100
|-enditem|p2a: ♠️|Air Balloon
|move|p2a: ♠️|Trick Room|p2a: ♠️
|-fieldstart|move: Trick Room|[of] p2a: ♠️
|
|-heal|p1a: Garchomp|70/100|[from] item: Leftovers
|upkeep
|turn|13
|j| LT_Alt1
|inactive|Makuryu has 120 seconds left.
|
|t:|1643295290
|switch|p1a: Bisharp|Bisharp, F|100/100
|move|p2a: ♠️|Gyro Ball|p1a: Bisharp
|-resisted|p1a: Bisharp
|-damage|p1a: Bisharp|49/100
|
|upkeep
|turn|14
|
|t:|1643295299
|move|p1a: Bisharp|Sucker Punch|p2a: ♠️
|-damage|p2a: ♠️|64/100
|move|p2a: ♠️|Heat Crash|p1a: Bisharp
|-supereffective|p1a: Bisharp
|-damage|p1a: Bisharp|0 fnt
|faint|p1a: Bisharp
|-ability|p2a: ♠️|Beast Boost|boost
|-boost|p2a: ♠️|atk|1
|
|upkeep
|
|t:|1643295310
|switch|p1a: Rillaboom|Rillaboom, M|100/100
|-fieldstart|move: Grassy Terrain|[from] ability: Grassy Surge|[of] p1a: Rillaboom
|turn|15
|c| sand gym noob|gg
|
|t:|1643295322
|switch|p1a: Garchomp|Garchomp, F|70/100
|move|p2a: ♠️|Heat Crash|p1a: Garchomp
|-resisted|p1a: Garchomp
|-damage|p1a: Garchomp|38/100
|-damage|p2a: ♠️|52/100|[from] ability: Rough Skin|[of] p1a: Garchomp
|
|-heal|p2a: ♠️|58/100|[from] Grassy Terrain
|-heal|p1a: Garchomp|44/100|[from] Grassy Terrain
|-heal|p1a: Garchomp|51/100|[from] item: Leftovers
|upkeep
|turn|16
|
|t:|1643295332
|switch|p1a: Rillaboom|Rillaboom, M|100/100
|move|p2a: ♠️|Gyro Ball|p1a: Rillaboom
|-damage|p1a: Rillaboom|0 fnt
|faint|p1a: Rillaboom
|-ability|p2a: ♠️|Beast Boost|boost
|-boost|p2a: ♠️|atk|1
|
|-heal|p2a: ♠️|64/100|[from] Grassy Terrain
|-fieldend|move: Trick Room
|upkeep
|l| LT_Alt1
|
|t:|1643295340
|switch|p1a: Garchomp|Garchomp, F|51/100
|turn|17
|j| LT_Alt1
|
|t:|1643295347
|move|p1a: Garchomp|Earthquake|p2a: ♠️
|-supereffective|p2a: ♠️
|-damage|p2a: ♠️|0 fnt
|faint|p2a: ♠️
|
|-heal|p1a: Garchomp|57/100|[from] Grassy Terrain
|-heal|p1a: Garchomp|63/100|[from] item: Leftovers
|upkeep
|
|t:|1643295351
|switch|p2a: Megazord🤖|Melmetal|100/100
|turn|18
|
|t:|1643295360
|move|p1a: Garchomp|Fire Fang|p2a: Megazord🤖
|-supereffective|p2a: Megazord🤖
|-damage|p2a: Megazord🤖|76/100
|move|p2a: Megazord🤖|Ice Punch|p1a: Garchomp
|-supereffective|p1a: Garchomp
|-damage|p1a: Garchomp|0 fnt
|-damage|p2a: Megazord🤖|64/100|[from] ability: Rough Skin|[of] p1a: Garchomp
|faint|p1a: Garchomp
|
|win|Whitedevil12345678
|raw|Makuryu's rating: 1734 &rarr; <strong>1718</strong><br />(-16 for losing)
|raw|Whitedevil12345678's rating: 1803 &rarr; <strong>1819</strong><br />(+16 for winning)
|l| Marquesa-10%
|l|☆Makuryu
