|j|☆Down$hift
|j|☆Ice type 4 ever
|inactive|Battle timer is ON: inactive players will automatically lose when time's up.
|t:|1663016941
|gametype|singles
|player|p1|Down$hift|teamrocket|
|player|p2|Ice type 4 ever|scientistf|
|teamsize|p1|6
|teamsize|p2|6
|gen|8
|tier|[Gen 8] OU
|rated|Tournament battle
|rule|Sleep Clause Mod: Limit one foe put to sleep
|rule|Species Clause: Limit one of each Pokémon
|rule|OHKO Clause: OHKO moves are banned
|rule|Evasion Items Clause: Evasion items are banned
|rule|Evasion Moves Clause: Evasion moves are banned
|rule|Endless Battle Clause: Forcing endless battles is banned
|rule|HP Percentage Mod: HP is shown in percentages
|rule|Dynamax Clause: You cannot dynamax
|clearpoke
|poke|p1|Melmetal|
|poke|p1|Pelipper, F|
|poke|p1|Regieleki|
|poke|p1|Buzzwole|
|poke|p1|Blissey, F|
|poke|p1|Seismitoad, F|
|poke|p2|Landorus-Therian, M|
|poke|p2|Torkoal, M|
|poke|p2|Venusaur, M|
|poke|p2|Charizard, F|
|poke|p2|Primarina, M|
|poke|p2|Mandibuzz, F|
|teampreview
|j| SatelliteFifteen
|c|☆Ice type 4 ever|glhf
|j| packrat386
|j|%Sww-Suwa
|c|☆Down$hift|hf
|j| PkmnMasterEclipse
|inactive|Down$hift has 120 seconds left.
|c|☆Down$hift|ooh im in finals
|c|☆Down$hift|neato
|
|t:|1663016988
|start
|switch|p1a: Nurse Depression|Blissey, F|100/100
|switch|p2a: Torkoal Gaming|Torkoal, M|100/100
|-weather|SunnyDay|[from] ability: Drought|[of] p2a: Torkoal Gaming
|turn|1
|
|t:|1663016993
|switch|p2a: specsavers|Charizard, F, shiny|100/100
|move|p1a: Nurse Depression|Stealth Rock|p2a: specsavers
|-sidestart|p2: Ice type 4 ever|move: Stealth Rock
|
|-weather|SunnyDay|[upkeep]
|-damage|p2a: specsavers|88/100|[from] ability: Solar Power|[of] p2a: specsavers
|upkeep
|turn|2
|
|t:|1663017000
|switch|p1a: Pottymouth|Pelipper, F|100/100
|-weather|RainDance|[from] ability: Drizzle|[of] p1a: Pottymouth
|move|p2a: specsavers|Weather Ball|p1a: Pottymouth
|-resisted|p1a: Pottymouth
|-damage|p1a: Pottymouth|42/100
|
|-weather|RainDance|[upkeep]
|upkeep
|turn|3
|c|☆Down$hift|jeez
|
|t:|1663017008
|switch|p1a: Nurse Depression|Blissey, F|100/100
|move|p2a: specsavers|Weather Ball|p1a: Nurse Depression
|-damage|p1a: Nurse Depression|73/100
|
|-weather|RainDance|[upkeep]
|upkeep
|turn|4
|c| SatelliteFifteen|damn
|c| SatelliteFifteen|LOL
|j| EVERYOPPSHOT
|j| JamieIsOver
|
|t:|1663017018
|switch|p2a: Primarina|Primarina, M|100/100
|-damage|p2a: Primarina|88/100|[from] Stealth Rock
|move|p1a: Nurse Depression|Teleport|p1a: Nurse Depression
|c| EVERYOPPSHOT|this other team is heat
|j| mooo2
|
|t:|1663017027
|switch|p1a: House of Pain|Regieleki|100/100|[from]move: Teleport
|
|-weather|RainDance|[upkeep]
|upkeep
|turn|5
|c| SatelliteFifteen|looks tuff ngl
|l| mooo2
|
|t:|1663017043
|move|p1a: House of Pain|Volt Switch|p2a: Primarina
|-supereffective|p2a: Primarina
|-damage|p2a: Primarina|40/100
|
|t:|1663017045
|switch|p1a: Nurse Depression|Blissey, F|73/100|[from]move: Volt Switch
|move|p2a: Primarina|Weather Ball|p1a: Nurse Depression
|-damage|p1a: Nurse Depression|43/100
|
|-weather|RainDance|[upkeep]
|upkeep
|turn|6
|
|t:|1663017055
|move|p1a: Nurse Depression|Soft-Boiled|p1a: Nurse Depression
|-heal|p1a: Nurse Depression|93/100
|move|p2a: Primarina|Flip Turn|p1a: Nurse Depression
|-damage|p1a: Nurse Depression|74/100
|
|t:|1663017058
|switch|p2a: Mandibuzz|Mandibuzz, F|100/100|[from]move: Flip Turn
|
|-weather|none
|upkeep
|turn|7
|
|t:|1663017062
|move|p2a: Mandibuzz|Defog|p1a: Nurse Depression
|-unboost|p1a: Nurse Depression|evasion|1
|-sideend|p2: Ice type 4 ever|Stealth Rock|[from] move: Defog|[of] p2a: Mandibuzz
|move|p1a: Nurse Depression|Teleport|p1a: Nurse Depression
|
|t:|1663017082
|switch|p1a: Pottymouth|Pelipper, F|42/100|[from]move: Teleport
|-weather|RainDance|[from] ability: Drizzle|[of] p1a: Pottymouth
|
|-weather|RainDance|[upkeep]
|upkeep
|turn|8
|
|t:|1663017087
|move|p1a: Pottymouth|Roost|p1a: Pottymouth
|-heal|p1a: Pottymouth|92/100
|-singleturn|p1a: Pottymouth|move: Roost
|move|p2a: Mandibuzz|U-turn|p1a: Pottymouth
|-damage|p1a: Pottymouth|82/100
|j| blooclipse
|
|t:|1663017090
|switch|p2a: specsavers|Charizard, F, shiny|88/100|[from]move: U-turn
|
|-weather|RainDance|[upkeep]
|upkeep
|turn|9
|
|t:|1663017095
|move|p2a: specsavers|Hurricane|p1a: Pottymouth
|-damage|p1a: Pottymouth|0 fnt
|faint|p1a: Pottymouth
|
|-weather|RainDance|[upkeep]
|upkeep
|c|☆Down$hift|wait im dumb
|
|t:|1663017103
|switch|p1a: Phroge|Seismitoad, F|100/100
|turn|10
|
|t:|1663017108
|switch|p2a: Primarina|Primarina, M|40/100
|move|p1a: Phroge|Hydro Pump|p2a: Primarina
|-resisted|p2a: Primarina
|-damage|p2a: Primarina|10/100
|
|-weather|RainDance|[upkeep]
|upkeep
|turn|11
|j| qxfn143
|c|☆Down$hift|well i lost
|
|t:|1663017113
|move|p1a: Phroge|Hydro Pump|p2a: Primarina
|-resisted|p2a: Primarina
|-damage|p2a: Primarina|0 fnt
|faint|p2a: Primarina
|
|-weather|none
|upkeep
|
|t:|1663017120
|switch|p2a: Torkoal Gaming|Torkoal, M|100/100
|-weather|SunnyDay|[from] ability: Drought|[of] p2a: Torkoal Gaming
|turn|12
|c| SatelliteFifteen|zard time
|
|t:|1663017123
|switch|p2a: specsavers|Charizard, F, shiny|88/100
|move|p1a: Phroge|Hydro Pump|p2a: specsavers
|-supereffective|p2a: specsavers
|-damage|p2a: specsavers|0 fnt
|faint|p2a: specsavers
|
|-weather|SunnyDay|[upkeep]
|upkeep
|c| SatelliteFifteen|lol
|l| qxfn143
|c| SatelliteFifteen|nvm
|c|☆Down$hift|or not
|
|t:|1663017129
|switch|p2a: Venusaur|Venusaur, M|100/100
|turn|13
|c| JamieIsOver|?
|c| SatelliteFifteen|toad time
|
|t:|1663017133
|switch|p1a: Nurse Depression|Blissey, F|74/100
|move|p2a: Venusaur|Giga Drain|p1a: Nurse Depression
|-crit|p1a: Nurse Depression
|-damage|p1a: Nurse Depression|49/100
|-damage|p2a: Venusaur|91/100|[from] item: Life Orb
|
|-weather|SunnyDay|[upkeep]
|upkeep
|turn|14
|
|t:|1663017136
|move|p2a: Venusaur|Growth|p2a: Venusaur
|-boost|p2a: Venusaur|atk|2
|-boost|p2a: Venusaur|spa|2
|move|p1a: Nurse Depression|Soft-Boiled|p1a: Nurse Depression
|-heal|p1a: Nurse Depression|99/100
|
|-weather|SunnyDay|[upkeep]
|upkeep
|turn|15
|
|t:|1663017141
|move|p2a: Venusaur|Growth|p2a: Venusaur
|-boost|p2a: Venusaur|atk|2
|-boost|p2a: Venusaur|spa|2
|move|p1a: Nurse Depression|Seismic Toss|p2a: Venusaur
|-damage|p2a: Venusaur|57/100
|
|-weather|SunnyDay|[upkeep]
|upkeep
|turn|16
|c| EVERYOPPSHOT|how do u break blissey
|
|t:|1663017148
|move|p2a: Venusaur|Giga Drain|p1a: Nurse Depression
|-damage|p1a: Nurse Depression|50/100
|-heal|p2a: Venusaur|100/100|[from] drain|[of] p1a: Nurse Depression
|-damage|p2a: Venusaur|91/100|[from] item: Life Orb
|move|p1a: Nurse Depression|Soft-Boiled|p1a: Nurse Depression
|-heal|p1a: Nurse Depression|99/100
|
|-weather|SunnyDay|[upkeep]
|upkeep
|turn|17
|c| PkmnMasterEclipse|like that ig
|
|t:|1663017152
|move|p2a: Venusaur|Growth|p2a: Venusaur
|-boost|p2a: Venusaur|atk|2
|-boost|p2a: Venusaur|spa|2
|move|p1a: Nurse Depression|Soft-Boiled|p1a: Nurse Depression
|-heal|p1a: Nurse Depression|100/100
|
|-weather|SunnyDay|[upkeep]
|upkeep
|turn|18
|c| JamieIsOver|Oh, this blissey sees it's fate
|
|t:|1663017154
|move|p2a: Venusaur|Giga Drain|p1a: Nurse Depression
|-damage|p1a: Nurse Depression|38/100
|-heal|p2a: Venusaur|100/100|[from] drain|[of] p1a: Nurse Depression
|-damage|p2a: Venusaur|91/100|[from] item: Life Orb
|move|p1a: Nurse Depression|Soft-Boiled|p1a: Nurse Depression
|-heal|p1a: Nurse Depression|88/100
|
|-weather|SunnyDay|[upkeep]
|upkeep
|turn|19
|
|t:|1663017161
|move|p2a: Venusaur|Weather Ball|p1a: Nurse Depression
|-damage|p1a: Nurse Depression|4/100
|-damage|p2a: Venusaur|81/100|[from] item: Life Orb
|move|p1a: Nurse Depression|Teleport|p1a: Nurse Depression
|
|t:|1663017170
|switch|p1a: House of Pain|Regieleki|100/100|[from]move: Teleport
|
|-weather|none
|upkeep
|turn|20
|
|t:|1663017174
|move|p1a: House of Pain|Volt Switch|p2a: Venusaur
|-resisted|p2a: Venusaur
|-damage|p2a: Venusaur|53/100
|
|t:|1663017176
|switch|p1a: Nurse Depression|Blissey, F|4/100|[from]move: Volt Switch
|move|p2a: Venusaur|Giga Drain|p1a: Nurse Depression
|-damage|p1a: Nurse Depression|0 fnt
|-heal|p2a: Venusaur|57/100|[from] drain|[of] p1a: Nurse Depression
|faint|p1a: Nurse Depression
|-damage|p2a: Venusaur|47/100|[from] item: Life Orb
|
|upkeep
|
|t:|1663017183
|switch|p1a: House of Pain|Regieleki|100/100
|turn|21
|
|t:|1663017188
|move|p1a: House of Pain|Thunderbolt|p2a: Venusaur
|-resisted|p2a: Venusaur
|-damage|p2a: Venusaur|13/100
|move|p2a: Venusaur|Giga Drain|p1a: House of Pain
|-damage|p1a: House of Pain|0 fnt
|-heal|p2a: Venusaur|63/100|[from] drain|[of] p1a: House of Pain
|faint|p1a: House of Pain
|-damage|p2a: Venusaur|53/100|[from] item: Life Orb
|
|upkeep
|
|t:|1663017192
|switch|p1a: Nuts of Steel|Melmetal|100/100
|turn|22
|
|t:|1663017197
|move|p2a: Venusaur|Earth Power|p1a: Nuts of Steel
|-supereffective|p1a: Nuts of Steel
|-damage|p1a: Nuts of Steel|0 fnt
|faint|p1a: Nuts of Steel
|-damage|p2a: Venusaur|43/100|[from] item: Life Orb
|
|upkeep
|c|☆Ice type 4 ever|gg
|c|☆Down$hift|i chokedddddd
|j|%ian_yo
|c|☆Down$hift|such is the punishment for
|c|☆Ice type 4 ever|eh
|c|☆Down$hift|playing mons while
|c|☆Down$hift|doing homework
|c|☆Ice type 4 ever|rain is a positive matchup anyway
|c|☆Down$hift|nah toad won 1005
|c|☆Down$hift|1005
|inactive|Down$hift has 120 seconds left.
|c|☆Down$hift|100%
|c|☆Ice type 4 ever|Don't be too hard on yourself
|c|☆Down$hift|dont worry i will be :)
|c|☆Ice type 4 ever|ok
|
|t:|1663017243
|switch|p1a: Phroge|Seismitoad, F|100/100
|turn|23
|
|t:|1663017247
|move|p2a: Venusaur|Giga Drain|p1a: Phroge
|-supereffective|p1a: Phroge
|-damage|p1a: Phroge|0 fnt
|-heal|p2a: Venusaur|100/100|[from] drain|[of] p1a: Phroge
|faint|p1a: Phroge
|-damage|p2a: Venusaur|91/100|[from] item: Life Orb
|
|upkeep
|
|t:|1663017249
|switch|p1a: NachoThighJuice|Buzzwole|100/100
|turn|24
|c| SatelliteFifteen|what u know about quick claw ice punch buzz tho
|
|t:|1663017255
|move|p2a: Venusaur|Giga Drain|p1a: NachoThighJuice
|-resisted|p1a: NachoThighJuice
|-damage|p1a: NachoThighJuice|0 fnt
|-heal|p2a: Venusaur|100/100|[from] drain|[of] p1a: NachoThighJuice
|faint|p1a: NachoThighJuice
|-damage|p2a: Venusaur|91/100|[from] item: Life Orb
|
|win|Ice type 4 ever
|n|☆Down$hift|downhift
|n|☆Ice type 4 ever|icetype4ever
|n| SatelliteFifteen|satellitefifteen
|n| packrat386|packrat386
|n| Sww-Suwa|swwsuwa
|n| PkmnMasterEclipse|pkmnmastereclipse
|n| EVERYOPPSHOT|everyoppshot
|n| JamieIsOver|jamieisover
|n| blooclipse|blooclipse
|n| ian_yo|ianyo
|l|☆Down$hift
|l| Sww-Suwa
|l| packrat386
|l|☆Ice type 4 ever
|l| JamieIsOver
|l| SatelliteFifteen
|l| PkmnMasterEclipse
|l| EVERYOPPSHOT
|j|☆Ice type 4 ever
|player|p2|Ice type 4 ever|scientistf
|j| TheNewBrends11
