|j|☆ultimategoogolplex
|j|☆wooloo supremacy
|t:|1667523327
|gametype|singles
|player|p1|ultimategoogolplex|2|1740
|player|p2|wooloo supremacy|adaman|1651
|teamsize|p1|6
|teamsize|p2|6
|gen|8
|tier|[Gen 8] OU
|rated|
|rule|Sleep Clause Mod: Limit one foe put to sleep
|rule|Species Clause: Limit one of each Pokémon
|rule|OHKO Clause: OHKO moves are banned
|rule|Evasion Items Clause: Evasion items are banned
|rule|Evasion Moves Clause: Evasion moves are banned
|rule|Endless Battle Clause: Forcing endless battles is banned
|rule|HP Percentage Mod: HP is shown in percentages
|rule|Dynamax Clause: You cannot dynamax
|clearpoke
|poke|p1|Weavile, M|
|poke|p1|Volcanion|
|poke|p1|Zapdos|
|poke|p1|Landorus-Therian, M|
|poke|p1|Kartana|
|poke|p1|Melmetal|
|poke|p2|Kartana|
|poke|p2|Tapu Lele|
|poke|p2|Tornadus-Therian, M|
|poke|p2|Toxapex, M|
|poke|p2|Umbreon, F|
|poke|p2|Hippowdon, M|
|teampreview
|inactive|Battle timer is ON: inactive players will automatically lose when time's up. (requested by wooloo supremacy)
|inactive|ultimategoogolplex also wants the timer to be on.
|c|☆wooloo supremacy|hf
|inactive|wooloo supremacy has 120 seconds left.
|
|t:|1667523358
|start
|switch|p1a: Weavile|Weavile, M|100/100
|switch|p2a: Shiva|Toxapex, M|100/100
|-ability|p1a: Weavile|Pressure
|turn|1
|
|t:|1667523368
|switch|p1a: Melmetal|Melmetal|100/100
|move|p2a: Shiva|Knock Off|p1a: Melmetal
|-damage|p1a: Melmetal|93/100
|-enditem|p1a: Melmetal|Assault Vest|[from] move: Knock Off|[of] p2a: Shiva
|
|upkeep
|turn|2
|
|t:|1667523377
|switch|p2a: Garuda|Tornadus-Therian, M|100/100
|move|p1a: Melmetal|Earthquake|p2a: Garuda
|-immune|p2a: Garuda
|
|upkeep
|turn|3
|
|t:|1667523393
|move|p2a: Garuda|U-turn|p1a: Melmetal
|-resisted|p1a: Melmetal
|-damage|p1a: Melmetal|89/100
|
|t:|1667523396
|switch|p2a: Shiva|Toxapex, M|100/100|[from]move: U-turn
|move|p1a: Melmetal|Thunder Punch|p2a: Shiva
|-supereffective|p2a: Shiva
|-damage|p2a: Shiva|62/100
|
|upkeep
|turn|4
|
|t:|1667523409
|switch|p2a: Katar|Kartana|100/100
|move|p1a: Melmetal|Earthquake|p2a: Katar
|-damage|p2a: Katar|59/100
|
|upkeep
|turn|5
|
|t:|1667523415
|switch|p1a: Zapdos|Zapdos|100/100
|move|p2a: Katar|Sacred Sword|p1a: Zapdos
|-resisted|p1a: Zapdos
|-damage|p1a: Zapdos|83/100
|-status|p2a: Katar|par|[from] ability: Static|[of] p1a: Zapdos
|
|upkeep
|turn|6
|
|t:|1667523426
|switch|p1a: Volcanion|Volcanion|100/100
|switch|p2a: Bhumi|Hippowdon, M|100/100
|-weather|Sandstorm|[from] ability: Sand Stream|[of] p2a: Bhumi
|
|-weather|Sandstorm|[upkeep]
|-damage|p1a: Volcanion|95/100|[from] Sandstorm
|upkeep
|turn|7
|
|t:|1667523431
|switch|p2a: Garuda|Tornadus-Therian, M|100/100
|move|p1a: Volcanion|Earth Power|p2a: Garuda
|-immune|p2a: Garuda
|
|-weather|Sandstorm|[upkeep]
|-damage|p2a: Garuda|94/100|[from] Sandstorm
|-damage|p1a: Volcanion|89/100|[from] Sandstorm
|upkeep
|turn|8
|
|t:|1667523436
|switch|p1a: Zapdos|Zapdos|83/100
|move|p2a: Garuda|Knock Off|p1a: Zapdos
|-damage|p1a: Zapdos|68/100
|-enditem|p1a: Zapdos|Heavy-Duty Boots|[from] move: Knock Off|[of] p2a: Garuda
|
|-weather|Sandstorm|[upkeep]
|-damage|p2a: Garuda|88/100|[from] Sandstorm
|-damage|p1a: Zapdos|62/100|[from] Sandstorm
|upkeep
|turn|9
|
|t:|1667523445
|switch|p1a: Landorus|Landorus-Therian, M|100/100
|-ability|p1a: Landorus|Intimidate|boost
|-unboost|p2a: Garuda|atk|1
|move|p2a: Garuda|U-turn|p1a: Landorus
|-resisted|p1a: Landorus
|-damage|p1a: Landorus|97/100
|
|t:|1667523448
|switch|p2a: Pandit|Tapu Lele|100/100|[from]move: U-turn
|-fieldstart|move: Psychic Terrain|[from] ability: Psychic Surge|[of] p2a: Pandit
|
|-weather|Sandstorm|[upkeep]
|-damage|p2a: Pandit|94/100|[from] Sandstorm
|-heal|p1a: Landorus|100/100|[from] item: Leftovers
|upkeep
|turn|10
|
|t:|1667523463
|move|p2a: Pandit|Moonblast|p1a: Landorus
|-damage|p1a: Landorus|13/100
|-unboost|p1a: Landorus|spa|1
|move|p1a: Landorus|Earthquake|p2a: Pandit
|-damage|p2a: Pandit|23/100
|
|-weather|none
|-heal|p1a: Landorus|19/100|[from] item: Leftovers
|upkeep
|turn|11
|
|t:|1667523472
|switch|p2a: Garuda|Tornadus-Therian, M|100/100
|switch|p1a: Melmetal|Melmetal|89/100
|
|upkeep
|turn|12
|
|t:|1667523486
|move|p2a: Garuda|Hurricane|p1a: Melmetal
|-resisted|p1a: Melmetal
|-damage|p1a: Melmetal|71/100
|-start|p1a: Melmetal|confusion
|-activate|p1a: Melmetal|confusion
|-damage|p1a: Melmetal|62/100|[from] confusion
|
|upkeep
|turn|13
|
|t:|1667523493
|move|p2a: Garuda|Hurricane|p1a: Melmetal|[miss]
|-miss|p2a: Garuda|p1a: Melmetal
|-activate|p1a: Melmetal|confusion
|-damage|p1a: Melmetal|53/100|[from] confusion
|
|-fieldend|move: Psychic Terrain
|upkeep
|turn|14
|
|t:|1667523498
|move|p2a: Garuda|Hurricane|p1a: Melmetal|[miss]
|-miss|p2a: Garuda|p1a: Melmetal
|-activate|p1a: Melmetal|confusion
|move|p1a: Melmetal|Double Iron Bash|p2a: Garuda
|-damage|p2a: Garuda|58/100
|-damage|p2a: Garuda|17/100
|-hitcount|p2a: Garuda|2
|
|upkeep
|turn|15
|
|t:|1667523509
|move|p2a: Garuda|U-turn|p1a: Melmetal
|-resisted|p1a: Melmetal
|-damage|p1a: Melmetal|49/100
|
|t:|1667523512
|switch|p2a: Shiva|Toxapex, M|96/100|[from]move: U-turn
|-end|p1a: Melmetal|confusion
|move|p1a: Melmetal|Ice Punch|p2a: Shiva
|-resisted|p2a: Shiva
|-damage|p2a: Shiva|85/100
|
|upkeep
|turn|16
|
|t:|1667523525
|switch|p1a: Volcanion|Volcanion|89/100
|move|p2a: Shiva|Knock Off|p1a: Volcanion
|-damage|p1a: Volcanion|74/100
|-enditem|p1a: Volcanion|Choice Specs|[from] move: Knock Off|[of] p2a: Shiva
|
|upkeep
|turn|17
|-message|ultimategoogolplex forfeited.
|
|win|wooloo supremacy
|raw|ultimategoogolplex's rating: 1740 &rarr; <strong>1715</strong><br />(-25 for losing)
|raw|wooloo supremacy's rating: 1651 &rarr; <strong>1676</strong><br />(+25 for winning)
|l|☆ultimategoogolplex
||Ladder isn't responding, score probably updated but might not have (Request timeout).
