|html|<div class="broadcast-blue"><strong>[Gen 8] OU is currently suspecting Spectrier! For information on how to participate check out the <a href="https://www.smogon.com/forums/threads/np-ss-ou-suspect-process-round-9-old-town-road.3676744/">suspect thread</a>.</strong></div>
|j|☆BurlyBear_poke
|j|☆X-Wing Fighter
|t:|1611880477
|player|p1|BurlyBear_poke|266|
|player|p2|X-Wing Fighter|hilbert|
|teamsize|p1|6
|teamsize|p2|6
|gametype|singles
|gen|8
|tier|[Gen 8] OU
|rated|Tournament battle
|clearpoke
|poke|p1|Volcarona, M|
|poke|p1|Garchomp, M|
|poke|p1|Corviknight, F|
|poke|p1|Toxapex, M|
|poke|p1|Blissey, F|
|poke|p1|Clefable, M|
|poke|p2|Urshifu-*, M|
|poke|p2|Slowbro, M|
|poke|p2|Corviknight, F|
|poke|p2|Slowking-Galar, M|
|poke|p2|Rillaboom, M|
|poke|p2|Krookodile, M|
|rule|Sleep Clause Mod: Limit one foe put to sleep
|rule|Species Clause: Limit one of each Pokémon
|rule|OHKO Clause: OHKO moves are banned
|rule|Evasion Moves Clause: Evasion moves are banned
|rule|Endless Battle Clause: Forcing endless battles is banned
|rule|HP Percentage Mod: HP is shown in percentages
|rule|Dynamax Clause: You cannot dynamax
|teampreview
|c|☆X-Wing Fighter|hf man
|c|☆BurlyBear_poke|you as well
|
|t:|1611880518
|start
|switch|p1a: Garchomp|Garchomp, M|100/100
|switch|p2a: Slowbro|Slowbro, M|100/100
|turn|1
|j| drip severe
|
|t:|1611880539
|switch|p2a: Corviknight|Corviknight, F|100/100
|-ability|p2a: Corviknight|Pressure
|move|p1a: Garchomp|Stealth Rock|p2a: Corviknight
|-sidestart|p2: X-Wing Fighter|move: Stealth Rock
|
|upkeep
|turn|2
|c|☆BurlyBear_poke|yo drip
|j| heatrangoat
|j| Metool B
|
|t:|1611880581
|switch|p1a: Toxapex|Toxapex, M|100/100
|switch|p2a: Slowbro|Slowbro, M|100/100
|-damage|p2a: Slowbro|88/100|[from] Stealth Rock
|
|upkeep
|turn|3
|l| Metool B
|
|t:|1611880600
|switch|p1a: Clefable|Clefable, M|100/100
|move|p2a: Slowbro|Future Sight|p1a: Clefable
|-start|p2a: Slowbro|move: Future Sight
|
|upkeep
|turn|4
|
|t:|1611880603
|move|p1a: Clefable|Thunder|p2a: Slowbro
|-supereffective|p2a: Slowbro
|-damage|p2a: Slowbro|35/100
|move|p2a: Slowbro|Teleport|p2a: Slowbro
|
|t:|1611880617
|switch|p2a: Slowking|Slowking-Galar, M|100/100|[from]move: Teleport
|-damage|p2a: Slowking|88/100|[from] Stealth Rock
|
|upkeep
|turn|5
|
|t:|1611880623
|switch|p1a: Blissey|Blissey, F|100/100
|switch|p2a: Corviknight|Corviknight, F|100/100
|-damage|p2a: Corviknight|88/100|[from] Stealth Rock
|-ability|p2a: Corviknight|Pressure
|
|-end|p1a: Blissey|move: Future Sight
|-damage|p1a: Blissey|85/100
|upkeep
|turn|6
|j| K rool rules
|
|t:|1611880628
|switch|p1a: Clefable|Clefable, M|100/100
|move|p2a: Corviknight|Defog|p1a: Clefable
|-unboost|p1a: Clefable|evasion|1
|-sideend|p2: X-Wing Fighter|Stealth Rock|[from] move: Defog|[of] p2a: Corviknight
|
|upkeep
|turn|7
|
|t:|1611880640
|move|p2a: Corviknight|U-turn|p1a: Clefable
|-resisted|p1a: Clefable
|-damage|p1a: Clefable|95/100
|
|t:|1611880642
|switch|p2a: Slowking|Slowking-Galar, M|100/100|[from]move: U-turn
|move|p1a: Clefable|Calm Mind|p1a: Clefable
|-boost|p1a: Clefable|spa|1
|-boost|p1a: Clefable|spd|1
|
|upkeep
|turn|8
|
|t:|1611880646
|move|p1a: Clefable|Calm Mind|p1a: Clefable
|-boost|p1a: Clefable|spa|1
|-boost|p1a: Clefable|spd|1
|move|p2a: Slowking|Sludge Bomb|p1a: Clefable
|-supereffective|p1a: Clefable
|-damage|p1a: Clefable|61/100
|
|upkeep
|turn|9
|
|t:|1611880648
|move|p1a: Clefable|Moonblast|p2a: Slowking
|-resisted|p2a: Slowking
|-damage|p2a: Slowking|88/100
|move|p2a: Slowking|Sludge Bomb|p1a: Clefable
|-supereffective|p1a: Clefable
|-damage|p1a: Clefable|31/100
|
|upkeep
|turn|10
|
|t:|1611880651
|move|p1a: Clefable|Soft-Boiled|p1a: Clefable
|-heal|p1a: Clefable|81/100
|move|p2a: Slowking|Sludge Bomb|p1a: Clefable
|-supereffective|p1a: Clefable
|-damage|p1a: Clefable|50/100
|
|upkeep
|turn|11
|
|t:|1611880654
|move|p1a: Clefable|Soft-Boiled|p1a: Clefable
|-heal|p1a: Clefable|99/100
|move|p2a: Slowking|Future Sight|p1a: Clefable
|-start|p2a: Slowking|move: Future Sight
|
|upkeep
|turn|12
|
|t:|1611880662
|move|p1a: Clefable|Moonblast|p2a: Slowking
|-resisted|p2a: Slowking
|-damage|p2a: Slowking|75/100
|-unboost|p2a: Slowking|spa|1
|move|p2a: Slowking|Sludge Bomb|p1a: Clefable
|-supereffective|p1a: Clefable
|-damage|p1a: Clefable|70/100
|
|upkeep
|turn|13
|
|t:|1611880670
|move|p1a: Clefable|Soft-Boiled|p1a: Clefable
|-heal|p1a: Clefable|100/100
|move|p2a: Slowking|Sludge Bomb|p1a: Clefable
|-supereffective|p1a: Clefable
|-damage|p1a: Clefable|65/100
|-status|p1a: Clefable|psn
|
|-end|p1a: Clefable|move: Future Sight
|-damage|p1a: Clefable|50/100 psn
|-damage|p1a: Clefable|38/100 psn|[from] psn
|upkeep
|turn|14
|
|t:|1611880675
|switch|p2a: Rillaboom|Rillaboom, M|100/100
|-fieldstart|move: Grassy Terrain|[from] ability: Grassy Surge|[of] p2a: Rillaboom
|move|p1a: Clefable|Soft-Boiled|p1a: Clefable
|-heal|p1a: Clefable|88/100 psn
|
|-heal|p1a: Clefable|94/100 psn|[from] Grassy Terrain
|-damage|p1a: Clefable|81/100 psn|[from] psn
|upkeep
|turn|15
|l| K rool rules
|
|t:|1611880685
|switch|p2a: Slowking|Slowking-Galar, M|100/100
|switch|p1a: Garchomp|Garchomp, M|100/100
|
|upkeep
|turn|16
|j| Treyvion
|
|t:|1611880699
|switch|p2a: Corviknight|Corviknight, F|88/100
|-ability|p2a: Corviknight|Pressure
|move|p1a: Garchomp|Stealth Rock|p2a: Corviknight
|-sidestart|p2: X-Wing Fighter|move: Stealth Rock
|
|upkeep
|turn|17
|
|t:|1611880704
|switch|p1a: Blissey|Blissey, F|85/100
|move|p2a: Corviknight|Defog|p1a: Blissey
|-unboost|p1a: Blissey|evasion|1
|-sideend|p2: X-Wing Fighter|Stealth Rock|[from] move: Defog|[of] p2a: Corviknight
|-fieldend|move: Grassy Terrain
|
|upkeep
|turn|18
|
|t:|1611880706
|move|p2a: Corviknight|U-turn|p1a: Blissey
|-damage|p1a: Blissey|73/100
|
|t:|1611880717
|switch|p2a: Slowbro|Slowbro, M|68/100|[from]move: U-turn
|move|p1a: Blissey|Aromatherapy|p1a: Blissey
|-activate|p1a: Blissey|move: Aromatherapy
|-curestatus|p1: Clefable|psn|[msg]
|
|upkeep
|turn|19
|j| restainer
|
|t:|1611880732
|move|p1a: Blissey|Teleport|p1a: Blissey
|
|t:|1611880747
|switch|p1a: Toxapex|Toxapex, M|100/100|[from]move: Teleport
|move|p2a: Slowbro|Teleport|p2a: Slowbro
|l| Treyvion
|
|t:|1611880754
|switch|p2a: Slowking|Slowking-Galar, M|100/100|[from]move: Teleport
|
|upkeep
|turn|20
|
|t:|1611880758
|switch|p2a: Slowbro|Slowbro, M|100/100
|move|p1a: Toxapex|Knock Off|p2a: Slowbro
|-supereffective|p2a: Slowbro
|-damage|p2a: Slowbro|82/100
|-damage|p1a: Toxapex|84/100|[from] item: Rocky Helmet|[of] p2a: Slowbro
|-enditem|p2a: Slowbro|Rocky Helmet|[from] move: Knock Off|[of] p1a: Toxapex
|
|-heal|p1a: Toxapex|90/100|[from] item: Black Sludge
|upkeep
|turn|21
|
|t:|1611880764
|move|p1a: Toxapex|Knock Off|p2a: Slowbro
|-supereffective|p2a: Slowbro
|-damage|p2a: Slowbro|70/100
|move|p2a: Slowbro|Future Sight|p1a: Toxapex
|-start|p2a: Slowbro|move: Future Sight
|
|-heal|p1a: Toxapex|97/100|[from] item: Black Sludge
|upkeep
|turn|22
|
|t:|1611880775
|switch|p1a: Corviknight|Corviknight, F|100/100
|-ability|p1a: Corviknight|Pressure
|move|p2a: Slowbro|Teleport|p2a: Slowbro
|
|t:|1611880792
|switch|p2a: Slowking|Slowking-Galar, M|100/100|[from]move: Teleport
|
|upkeep
|turn|23
|
|t:|1611880798
|switch|p1a: Blissey|Blissey, F|73/100
|move|p2a: Slowking|Flamethrower|p1a: Blissey
|-damage|p1a: Blissey|65/100
|
|-end|p1a: Blissey|move: Future Sight
|-damage|p1a: Blissey|48/100
|upkeep
|turn|24
|j| cesles
|
|t:|1611880801
|move|p1a: Blissey|Soft-Boiled|p1a: Blissey
|-heal|p1a: Blissey|98/100
|move|p2a: Slowking|Future Sight|p1a: Blissey
|-start|p2a: Slowking|move: Future Sight
|
|upkeep
|turn|25
|
|t:|1611880807
|switch|p2a: Slowbro|Slowbro, M|100/100
|move|p1a: Blissey|Teleport|p1a: Blissey
|
|t:|1611880837
|switch|p1a: Clefable|Clefable, M|81/100|[from]move: Teleport
|
|upkeep
|turn|26
|
|t:|1611880849
|switch|p1a: Corviknight|Corviknight, F|100/100
|-ability|p1a: Corviknight|Pressure
|move|p2a: Slowbro|Scald|p1a: Corviknight
|-damage|p1a: Corviknight|80/100
|
|-end|p1a: Corviknight|move: Future Sight
|-resisted|p1a: Corviknight
|-damage|p1a: Corviknight|64/100
|upkeep
|turn|27
|
|t:|1611880855
|move|p1a: Corviknight|Roost|p1a: Corviknight
|-heal|p1a: Corviknight|100/100
|-singleturn|p1a: Corviknight|move: Roost
|move|p2a: Slowbro|Scald|p1a: Corviknight
|-damage|p1a: Corviknight|80/100
|
|upkeep
|turn|28
|
|t:|1611880861
|switch|p1a: Garchomp|Garchomp, M|100/100
|move|p2a: Slowbro|Future Sight|p1a: Garchomp
|-start|p2a: Slowbro|move: Future Sight
|
|upkeep
|turn|29
|
|t:|1611880881
|move|p1a: Garchomp|Toxic|p2a: Slowbro
|-status|p2a: Slowbro|tox
|move|p2a: Slowbro|Scald|p1a: Garchomp
|-damage|p1a: Garchomp|73/100
|
|-damage|p2a: Slowbro|94/100 tox|[from] psn
|upkeep
|turn|30
|
|t:|1611880889
|switch|p1a: Blissey|Blissey, F|98/100
|move|p2a: Slowbro|Teleport|p2a: Slowbro
|
|t:|1611880931
|switch|p2a: Urshifu|Urshifu-Rapid-Strike, M|100/100|[from]move: Teleport
|
|-end|p1a: Blissey|move: Future Sight
|-damage|p1a: Blissey|84/100
|upkeep
|turn|31
|
|t:|1611880939
|switch|p2a: Slowking|Slowking-Galar, M|100/100
|switch|p1a: Toxapex|Toxapex, M|100/100
|
|upkeep
|turn|32
|j| Teddy bear18
|
|t:|1611880965
|switch|p2a: Slowbro|Slowbro, M|100/100 tox
|move|p1a: Toxapex|Knock Off|p2a: Slowbro
|-supereffective|p2a: Slowbro
|-damage|p2a: Slowbro|87/100 tox
|
|-damage|p2a: Slowbro|81/100 tox|[from] psn
|upkeep
|turn|33
|
|t:|1611880975
|switch|p1a: Clefable|Clefable, M|81/100
|move|p2a: Slowbro|Future Sight|p1a: Clefable
|-start|p2a: Slowbro|move: Future Sight
|
|-damage|p2a: Slowbro|69/100 tox|[from] psn
|upkeep
|turn|34
|
|t:|1611880984
|switch|p1a: Corviknight|Corviknight, F|80/100
|-ability|p1a: Corviknight|Pressure
|switch|p2a: Slowking|Slowking-Galar, M|100/100
|
|upkeep
|turn|35
|j| Mel0nL0rd
|
|t:|1611881012
|switch|p2a: Slowbro|Slowbro, M|100/100 tox
|move|p1a: Corviknight|Roost|p1a: Corviknight
|-heal|p1a: Corviknight|100/100
|-singleturn|p1a: Corviknight|move: Roost
|
|-end|p1a: Corviknight|move: Future Sight
|-resisted|p1a: Corviknight
|-damage|p1a: Corviknight|87/100
|-damage|p2a: Slowbro|94/100 tox|[from] psn
|upkeep
|turn|36
|
|t:|1611881025
|move|p1a: Corviknight|Iron Defense|p1a: Corviknight
|-boost|p1a: Corviknight|def|2
|move|p2a: Slowbro|Scald|p1a: Corviknight
|-crit|p1a: Corviknight
|-damage|p1a: Corviknight|60/100
|
|-damage|p2a: Slowbro|82/100 tox|[from] psn
|upkeep
|turn|37
|
|t:|1611881031
|switch|p2a: Slowking|Slowking-Galar, M|100/100
|move|p1a: Corviknight|Roost|p1a: Corviknight
|-heal|p1a: Corviknight|100/100
|-singleturn|p1a: Corviknight|move: Roost
|
|upkeep
|turn|38
|
|t:|1611881036
|switch|p1a: Toxapex|Toxapex, M|100/100
|move|p2a: Slowking|Flamethrower|p1a: Toxapex
|-resisted|p1a: Toxapex
|-damage|p1a: Toxapex|91/100
|
|-heal|p1a: Toxapex|97/100|[from] item: Black Sludge
|upkeep
|turn|39
|j| BerrySlice
|
|t:|1611881041
|switch|p1a: Clefable|Clefable, M|81/100
|switch|p2a: Slowbro|Slowbro, M|100/100 tox
|
|-damage|p2a: Slowbro|94/100 tox|[from] psn
|upkeep
|turn|40
|
|t:|1611881049
|move|p1a: Clefable|Thunder|p2a: Slowbro|[miss]
|-miss|p1a: Clefable|p2a: Slowbro
|move|p2a: Slowbro|Future Sight|p1a: Clefable
|-start|p2a: Slowbro|move: Future Sight
|
|-damage|p2a: Slowbro|82/100 tox|[from] psn
|upkeep
|turn|41
|
|t:|1611881054
|switch|p1a: Corviknight|Corviknight, F|100/100
|-ability|p1a: Corviknight|Pressure
|switch|p2a: Slowking|Slowking-Galar, M|100/100
|
|upkeep
|turn|42
|c|☆X-Wing Fighter|sry
|
|t:|1611881066
|switch|p1a: Blissey|Blissey, F|84/100
|move|p2a: Slowking|Flamethrower|p1a: Blissey
|-damage|p1a: Blissey|76/100
|
|-end|p1a: Blissey|move: Future Sight
|-damage|p1a: Blissey|60/100
|upkeep
|turn|43
|
|t:|1611881071
|move|p1a: Blissey|Soft-Boiled|p1a: Blissey
|-heal|p1a: Blissey|100/100
|move|p2a: Slowking|Future Sight|p1a: Blissey
|-start|p2a: Slowking|move: Future Sight
|
|upkeep
|turn|44
|j| mustard is spicy
|
|t:|1611881087
|switch|p1a: Volcarona|Volcarona, M|100/100
|switch|p2a: Slowbro|Slowbro, M|100/100 tox
|
|-damage|p2a: Slowbro|94/100 tox|[from] psn
|upkeep
|turn|45
|l| mustard is spicy
|
|t:|1611881091
|switch|p2a: Slowking|Slowking-Galar, M|100/100
|move|p1a: Volcarona|Quiver Dance|p1a: Volcarona
|-boost|p1a: Volcarona|spa|1
|-boost|p1a: Volcarona|spd|1
|-boost|p1a: Volcarona|spe|1
|
|-end|p1a: Volcarona|move: Future Sight
|-damage|p1a: Volcarona|76/100
|upkeep
|turn|46
|c| restainer|who runs thunder like that.
|
|t:|1611881100
|move|p1a: Volcarona|Quiver Dance|p1a: Volcarona
|-boost|p1a: Volcarona|spa|1
|-boost|p1a: Volcarona|spd|1
|-boost|p1a: Volcarona|spe|1
|move|p2a: Slowking|Sludge Bomb|p1a: Volcarona
|-damage|p1a: Volcarona|61/100
|
|upkeep
|turn|47
|
|t:|1611881102
|move|p1a: Volcarona|Psychic|p2a: Slowking
|-damage|p2a: Slowking|79/100
|move|p2a: Slowking|Sludge Bomb|p1a: Volcarona
|-damage|p1a: Volcarona|45/100
|
|upkeep
|turn|48
|
|t:|1611881105
|move|p1a: Volcarona|Roost|p1a: Volcarona
|-heal|p1a: Volcarona|95/100
|-singleturn|p1a: Volcarona|move: Roost
|move|p2a: Slowking|Sludge Bomb|p1a: Volcarona
|-damage|p1a: Volcarona|81/100
|
|upkeep
|turn|49
|
|t:|1611881108
|move|p1a: Volcarona|Quiver Dance|p1a: Volcarona
|-boost|p1a: Volcarona|spa|1
|-boost|p1a: Volcarona|spd|1
|-boost|p1a: Volcarona|spe|1
|move|p2a: Slowking|Scald|p1a: Volcarona
|-supereffective|p1a: Volcarona
|-damage|p1a: Volcarona|67/100
|
|upkeep
|turn|50
|
|t:|1611881111
|move|p1a: Volcarona|Roost|p1a: Volcarona
|-heal|p1a: Volcarona|100/100
|-singleturn|p1a: Volcarona|move: Roost
|move|p2a: Slowking|Sludge Bomb|p1a: Volcarona
|-crit|p1a: Volcarona
|-damage|p1a: Volcarona|58/100
|
|upkeep
|turn|51
|c| Mel0nL0rd|oof that did so little
|
|t:|1611881115
|move|p1a: Volcarona|Psychic|p2a: Slowking
|-damage|p2a: Slowking|52/100
|move|p2a: Slowking|Sludge Bomb|p1a: Volcarona
|-damage|p1a: Volcarona|47/100
|-status|p1a: Volcarona|psn
|
|-damage|p1a: Volcarona|34/100 psn|[from] psn
|upkeep
|turn|52
|
|t:|1611881118
|switch|p2a: Urshifu|Urshifu-Rapid-Strike, M|100/100
|move|p1a: Volcarona|Roost|p1a: Volcarona
|-heal|p1a: Volcarona|84/100 psn
|-singleturn|p1a: Volcarona|move: Roost
|
|-damage|p1a: Volcarona|72/100 psn|[from] psn
|upkeep
|turn|53
|
|t:|1611881121
|switch|p1a: Toxapex|Toxapex, M|100/100
|move|p2a: Urshifu|Aqua Jet|p1a: Toxapex
|-resisted|p1a: Toxapex
|-damage|p1a: Toxapex|91/100
|
|-heal|p1a: Toxapex|97/100|[from] item: Black Sludge
|upkeep
|turn|54
|
|t:|1611881129
|switch|p2a: Slowbro|Slowbro, M|100/100 tox
|switch|p1a: Blissey|Blissey, F|100/100
|
|-damage|p2a: Slowbro|94/100 tox|[from] psn
|upkeep
|turn|55
|c| restainer|mate ur throwing
|
|t:|1611881136
|move|p1a: Blissey|Aromatherapy|p1a: Blissey
|-activate|p1a: Blissey|move: Aromatherapy
|-curestatus|p1: Volcarona|psn|[msg]
|move|p2a: Slowbro|Future Sight|p1a: Blissey
|-start|p2a: Slowbro|move: Future Sight
|
|-damage|p2a: Slowbro|82/100 tox|[from] psn
|upkeep
|turn|56
|
|t:|1611881142
|move|p1a: Blissey|Teleport|p1a: Blissey
|
|t:|1611881146
|switch|p1a: Corviknight|Corviknight, F|100/100|[from]move: Teleport
|-ability|p1a: Corviknight|Pressure
|move|p2a: Slowbro|Teleport|p2a: Slowbro
|c| restainer|nvm i see u
|c| Mel0nL0rd|erm burly bear why not use firey dance?
|
|t:|1611881155
|switch|p2a: Urshifu|Urshifu-Rapid-Strike, M|100/100|[from]move: Teleport
|
|upkeep
|turn|57
|c|☆BurlyBear_poke|we were trying to catch the urshifu
|c|☆BurlyBear_poke|i should have just kept spamming it
|
|t:|1611881174
|move|p2a: Urshifu|Close Combat|p1a: Corviknight
|-damage|p1a: Corviknight|21/100
|-unboost|p2a: Urshifu|def|1
|-unboost|p2a: Urshifu|spd|1
|move|p1a: Corviknight|Roost|p1a: Corviknight
|-heal|p1a: Corviknight|71/100
|-singleturn|p1a: Corviknight|move: Roost
|
|-end|p1a: Corviknight|move: Future Sight
|-resisted|p1a: Corviknight
|-damage|p1a: Corviknight|58/100
|upkeep
|turn|58
|c| Mel0nL0rd|ohhh
|c| Mel0nL0rd|cool
|
|t:|1611881183
|switch|p1a: Garchomp|Garchomp, M|73/100
|move|p2a: Urshifu|Close Combat|p1a: Garchomp
|-damage|p1a: Garchomp|10/100
|-unboost|p2a: Urshifu|def|1
|-unboost|p2a: Urshifu|spd|1
|-damage|p2a: Urshifu|88/100|[from] ability: Rough Skin|[of] p1a: Garchomp
|-damage|p2a: Urshifu|72/100|[from] item: Rocky Helmet|[of] p1a: Garchomp
|
|upkeep
|turn|59
|
|t:|1611881195
|switch|p2a: Corviknight|Corviknight, F|88/100
|-ability|p2a: Corviknight|Pressure
|switch|p1a: Volcarona|Volcarona, M|72/100
|
|upkeep
|turn|60
|j| Treyvion
|c| Treyvion|no way
|c|☆BurlyBear_poke|hello spooky's friend
|c|☆BurlyBear_poke|i saw you hit 1900s
|j| yaboiashK.
|c|☆BurlyBear_poke|well done
|c| Treyvion|Oh hey, ty :)
|
|t:|1611881265
|switch|p2a: Slowking|Slowking-Galar, M|86/100
|move|p1a: Volcarona|Quiver Dance|p1a: Volcarona
|-boost|p1a: Volcarona|spa|1
|-boost|p1a: Volcarona|spd|1
|-boost|p1a: Volcarona|spe|1
|
|upkeep
|turn|61
|c| drip severe|hello burly
|c|☆X-Wing Fighter|ffs
|n| demonic stall|dripsevere
|c|☆X-Wing Fighter|should have brave bird
|c|☆BurlyBear_poke|i mean
|
|t:|1611881289
|move|p1a: Volcarona|Roost|p1a: Volcarona
|-heal|p1a: Volcarona|100/100
|-singleturn|p1a: Volcarona|move: Roost
|move|p2a: Slowking|Sludge Bomb|p1a: Volcarona
|-damage|p1a: Volcarona|80/100
|
|upkeep
|turn|62
|
|t:|1611881301
|move|p1a: Volcarona|Quiver Dance|p1a: Volcarona
|-boost|p1a: Volcarona|spa|1
|-boost|p1a: Volcarona|spd|1
|-boost|p1a: Volcarona|spe|1
|move|p2a: Slowking|Future Sight|p1a: Volcarona
|-start|p2a: Slowking|move: Future Sight
|
|upkeep
|turn|63
|
|t:|1611881313
|move|p1a: Volcarona|Roost|p1a: Volcarona
|-heal|p1a: Volcarona|100/100
|-singleturn|p1a: Volcarona|move: Roost
|move|p2a: Slowking|Sludge Bomb|p1a: Volcarona
|-damage|p1a: Volcarona|84/100
|
|upkeep
|turn|64
|
|t:|1611881319
|move|p1a: Volcarona|Roost|p1a: Volcarona
|-heal|p1a: Volcarona|100/100
|-singleturn|p1a: Volcarona|move: Roost
|move|p2a: Slowking|Sludge Bomb|p1a: Volcarona
|-damage|p1a: Volcarona|84/100
|-status|p1a: Volcarona|psn
|
|-end|p1a: Volcarona|move: Future Sight
|-damage|p1a: Volcarona|63/100 psn
|-damage|p1a: Volcarona|50/100 psn|[from] psn
|upkeep
|turn|65
|
|t:|1611881325
|move|p1a: Volcarona|Roost|p1a: Volcarona
|-heal|p1a: Volcarona|100/100 psn
|-singleturn|p1a: Volcarona|move: Roost
|move|p2a: Slowking|Scald|p1a: Volcarona
|-supereffective|p1a: Volcarona
|-damage|p1a: Volcarona|82/100 psn
|
|-damage|p1a: Volcarona|70/100 psn|[from] psn
|upkeep
|turn|66
|
|t:|1611881342
|switch|p1a: Blissey|Blissey, F|100/100
|move|p2a: Slowking|Sludge Bomb|p1a: Blissey
|-damage|p1a: Blissey|88/100
|
|upkeep
|turn|67
|
|t:|1611881345
|move|p2a: Slowking|Future Sight|p1a: Blissey
|-start|p2a: Slowking|move: Future Sight
|move|p1a: Blissey|Teleport|p1a: Blissey
|
|t:|1611881346
|switch|p1a: Garchomp|Garchomp, M|10/100|[from]move: Teleport
|
|upkeep
|turn|68
|
|t:|1611881354
|switch|p2a: Corviknight|Corviknight, F|88/100
|-ability|p2a: Corviknight|Pressure
|move|p1a: Garchomp|Rest|p1a: Garchomp
|-status|p1a: Garchomp|slp|[from] move: Rest
|-heal|p1a: Garchomp|100/100 slp|[silent]
|
|upkeep
|turn|69
|c| restainer|is physic better then BB rn with the slow mons
|
|t:|1611881369
|switch|p1a: Corviknight|Corviknight, F|58/100
|-ability|p1a: Corviknight|Pressure
|move|p2a: Corviknight|U-turn|p1a: Corviknight
|-resisted|p1a: Corviknight
|-damage|p1a: Corviknight|55/100
|
|t:|1611881377
|switch|p2a: Slowking|Slowking-Galar, M|100/100|[from]move: U-turn
|
|-end|p1a: Corviknight|move: Future Sight
|-resisted|p1a: Corviknight
|-damage|p1a: Corviknight|39/100
|upkeep
|turn|70
|
|t:|1611881381
|move|p1a: Corviknight|Roost|p1a: Corviknight
|-heal|p1a: Corviknight|89/100
|-singleturn|p1a: Corviknight|move: Roost
|move|p2a: Slowking|Future Sight|p1a: Corviknight
|-start|p2a: Slowking|move: Future Sight
|
|upkeep
|turn|71
|
|t:|1611881390
|switch|p2a: Urshifu|Urshifu-Rapid-Strike, M|72/100
|move|p1a: Corviknight|Iron Defense|p1a: Corviknight
|-boost|p1a: Corviknight|def|2
|
|upkeep
|turn|72
|l| Mel0nL0rd
|l| restainer
|l| Teddy bear18
|l| demonic stall
|
|t:|1611881473
|switch|p2a: Slowking|Slowking-Galar, M|100/100
|move|p1a: Corviknight|Roost|p1a: Corviknight
|-heal|p1a: Corviknight|100/100
|-singleturn|p1a: Corviknight|move: Roost
|
|-end|p1a: Corviknight|move: Future Sight
|-resisted|p1a: Corviknight
|-damage|p1a: Corviknight|86/100
|upkeep
|turn|73
|inactive|Battle timer is ON: inactive players will automatically lose when time's up. (requested by BurlyBear_poke)
|j| demonic stall
|inactiveoff|Battle timer is now OFF.
|
|t:|1611881523
|move|p1a: Corviknight|Iron Defense|p1a: Corviknight
|-boost|p1a: Corviknight|def|2
|move|p2a: Slowking|Future Sight|p1a: Corviknight
|-start|p2a: Slowking|move: Future Sight
|
|upkeep
|turn|74
|
|t:|1611881543
|move|p1a: Corviknight|Iron Defense|p1a: Corviknight
|-boost|p1a: Corviknight|def|2
|move|p2a: Slowking|Flamethrower|p1a: Corviknight
|-supereffective|p1a: Corviknight
|-damage|p1a: Corviknight|53/100
|
|upkeep
|turn|75
|
|t:|1611881546
|move|p1a: Corviknight|Roost|p1a: Corviknight
|-heal|p1a: Corviknight|100/100
|-singleturn|p1a: Corviknight|move: Roost
|move|p2a: Slowking|Flamethrower|p1a: Corviknight
|-supereffective|p1a: Corviknight
|-damage|p1a: Corviknight|71/100
|
|-end|p1a: Corviknight|move: Future Sight
|-resisted|p1a: Corviknight
|-damage|p1a: Corviknight|55/100
|upkeep
|turn|76
|j| restainer
|
|t:|1611881550
|move|p1a: Corviknight|Roost|p1a: Corviknight
|-heal|p1a: Corviknight|100/100
|-singleturn|p1a: Corviknight|move: Roost
|move|p2a: Slowking|Flamethrower|p1a: Corviknight
|-supereffective|p1a: Corviknight
|-crit|p1a: Corviknight
|-damage|p1a: Corviknight|56/100
|
|upkeep
|turn|77
|
|t:|1611881556
|move|p1a: Corviknight|Roost|p1a: Corviknight
|-heal|p1a: Corviknight|100/100
|-singleturn|p1a: Corviknight|move: Roost
|move|p2a: Slowking|Scald|p1a: Corviknight
|-damage|p1a: Corviknight|86/100
|
|upkeep
|turn|78
|
|t:|1611881558
|move|p1a: Corviknight|Body Press|p2a: Slowking
|-resisted|p2a: Slowking
|-damage|p2a: Slowking|82/100
|move|p2a: Slowking|Scald|p1a: Corviknight
|-damage|p1a: Corviknight|73/100
|
|upkeep
|turn|79
|j| Omegasization
|
|t:|1611881566
|move|p1a: Corviknight|Roost|p1a: Corviknight
|-heal|p1a: Corviknight|100/100
|-singleturn|p1a: Corviknight|move: Roost
|move|p2a: Slowking|Scald|p1a: Corviknight
|-damage|p1a: Corviknight|88/100
|
|upkeep
|turn|80
|
|t:|1611881568
|switch|p1a: Blissey|Blissey, F|88/100
|move|p2a: Slowking|Scald|p1a: Blissey
|-damage|p1a: Blissey|80/100
|-status|p1a: Blissey|brn
|
|-damage|p1a: Blissey|74/100 brn|[from] brn
|upkeep
|turn|81
|
|t:|1611881578
|move|p1a: Blissey|Aromatherapy|p1a: Blissey
|-activate|p1a: Blissey|move: Aromatherapy
|-curestatus|p1a: Blissey|brn|[msg]
|-curestatus|p1: Volcarona|psn|[msg]
|-curestatus|p1: Garchomp|slp|[msg]
|move|p2a: Slowking|Future Sight|p1a: Blissey
|-start|p2a: Slowking|move: Future Sight
|
|upkeep
|turn|82
|j| berunkasuteru ☭
|l| yaboiashK.
|
|t:|1611881589
|move|p2a: Slowking|Scald|p1a: Blissey
|-crit|p1a: Blissey
|-damage|p1a: Blissey|63/100
|move|p1a: Blissey|Teleport|p1a: Blissey
|
|t:|1611881602
|switch|p1a: Clefable|Clefable, M|81/100|[from]move: Teleport
|
|upkeep
|turn|83
|
|t:|1611881607
|switch|p1a: Corviknight|Corviknight, F|88/100
|-ability|p1a: Corviknight|Pressure
|move|p2a: Slowking|Scald|p1a: Corviknight
|-damage|p1a: Corviknight|73/100
|
|-end|p1a: Corviknight|move: Future Sight
|-resisted|p1a: Corviknight
|-damage|p1a: Corviknight|58/100
|upkeep
|turn|84
|
|t:|1611881614
|switch|p1a: Blissey|Blissey, F|63/100
|move|p2a: Slowking|Flamethrower|p1a: Blissey
|-damage|p1a: Blissey|55/100
|
|upkeep
|turn|85
|
|t:|1611881619
|move|p1a: Blissey|Soft-Boiled|p1a: Blissey
|-heal|p1a: Blissey|100/100
|move|p2a: Slowking|Future Sight|p1a: Blissey
|-start|p2a: Slowking|move: Future Sight
|
|upkeep
|turn|86
|
|t:|1611881623
|move|p2a: Slowking|Scald|p1a: Blissey
|-damage|p1a: Blissey|93/100
|move|p1a: Blissey|Teleport|p1a: Blissey
|
|t:|1611881636
|switch|p1a: Corviknight|Corviknight, F|58/100|[from]move: Teleport
|-ability|p1a: Corviknight|Pressure
|
|upkeep
|turn|87
|
|t:|1611881642
|switch|p2a: Urshifu|Urshifu-Rapid-Strike, M|72/100
|move|p1a: Corviknight|Roost|p1a: Corviknight
|-heal|p1a: Corviknight|100/100
|-singleturn|p1a: Corviknight|move: Roost
|
|-end|p1a: Corviknight|move: Future Sight
|-resisted|p1a: Corviknight
|-damage|p1a: Corviknight|85/100
|upkeep
|turn|88
|
|t:|1611881653
|switch|p1a: Garchomp|Garchomp, M|100/100
|move|p2a: Urshifu|Close Combat|p1a: Garchomp
|-damage|p1a: Garchomp|33/100
|-unboost|p2a: Urshifu|def|1
|-unboost|p2a: Urshifu|spd|1
|-damage|p2a: Urshifu|59/100|[from] ability: Rough Skin|[of] p1a: Garchomp
|-damage|p2a: Urshifu|43/100|[from] item: Rocky Helmet|[of] p1a: Garchomp
|
|upkeep
|turn|89
|
|t:|1611881671
|switch|p2a: Corviknight|Corviknight, F|88/100
|-ability|p2a: Corviknight|Pressure
|move|p1a: Garchomp|Stealth Rock|p2a: Corviknight
|-sidestart|p2: X-Wing Fighter|move: Stealth Rock
|
|upkeep
|turn|90
|
|t:|1611881678
|move|p1a: Garchomp|Rest|p1a: Garchomp
|-status|p1a: Garchomp|slp|[from] move: Rest
|-heal|p1a: Garchomp|100/100 slp|[silent]
|move|p2a: Corviknight|Brave Bird|p1a: Garchomp
|-damage|p1a: Garchomp|77/100 slp
|-damage|p2a: Corviknight|76/100|[from] ability: Rough Skin|[of] p1a: Garchomp
|-damage|p2a: Corviknight|59/100|[from] item: Rocky Helmet|[of] p1a: Garchomp
|-damage|p2a: Corviknight|51/100|[from] Recoil
|
|upkeep
|turn|91
|c|☆BurlyBear_poke|wow  ok
|c|☆BurlyBear_poke|i would never
|c|☆X-Wing Fighter|u would never hard switch in?
|c|☆BurlyBear_poke|i mean
|c|☆BurlyBear_poke|i think you saw the video
|
|t:|1611881726
|switch|p1a: Clefable|Clefable, M|81/100
|move|p2a: Corviknight|Defog|p1a: Clefable
|-unboost|p1a: Clefable|evasion|1
|-sideend|p2: X-Wing Fighter|Stealth Rock|[from] move: Defog|[of] p2a: Corviknight
|
|upkeep
|turn|92
|c| berunkasuteru ☭|rest chomp
|c| berunkasuteru ☭|fuckin wild
|c|☆BurlyBear_poke|compliments of steez ibanez
|
|t:|1611881777
|switch|p2a: Slowking|Slowking-Galar, M|100/100
|move|p1a: Clefable|Moonblast|p2a: Slowking
|-resisted|p2a: Slowking
|-crit|p2a: Slowking
|-damage|p2a: Slowking|91/100
|
|upkeep
|turn|93
|
|t:|1611881783
|move|p1a: Clefable|Calm Mind|p1a: Clefable
|-boost|p1a: Clefable|spa|1
|-boost|p1a: Clefable|spd|1
|move|p2a: Slowking|Scald|p1a: Clefable
|-damage|p1a: Clefable|69/100
|
|upkeep
|turn|94
|
|t:|1611881800
|move|p1a: Clefable|Soft-Boiled|p1a: Clefable
|-heal|p1a: Clefable|100/100
|move|p2a: Slowking|Future Sight|p1a: Clefable
|-start|p2a: Slowking|move: Future Sight
|
|upkeep
|turn|95
|
|t:|1611881806
|move|p1a: Clefable|Moonblast|p2a: Slowking
|-resisted|p2a: Slowking
|-damage|p2a: Slowking|82/100
|-unboost|p2a: Slowking|spa|1
|move|p2a: Slowking|Sludge Bomb|p1a: Clefable
|-supereffective|p1a: Clefable
|-crit|p1a: Clefable
|-damage|p1a: Clefable|11/100
|-status|p1a: Clefable|psn
|
|-damage|p1a: Clefable|0 fnt|[from] psn
|faint|p1a: Clefable
|upkeep
|
|t:|1611881810
|switch|p1a: Volcarona|Volcarona, M|70/100
|turn|96
|c|☆X-Wing Fighter|oof
|c|☆X-Wing Fighter|sry
|j| Nesnot
|
|t:|1611881878
|move|p1a: Volcarona|Roost|p1a: Volcarona
|-heal|p1a: Volcarona|100/100
|-singleturn|p1a: Volcarona|move: Roost
|move|p2a: Slowking|Sludge Bomb|p1a: Volcarona
|-damage|p1a: Volcarona|79/100
|
|-end|p1a: Volcarona|move: Future Sight
|-damage|p1a: Volcarona|50/100
|upkeep
|turn|97
|
|t:|1611881896
|switch|p2a: Krookodile|Krookodile, M|100/100
|-ability|p2a: Krookodile|Intimidate|boost
|-unboost|p1a: Volcarona|atk|1
|move|p1a: Volcarona|Roost|p1a: Volcarona
|-heal|p1a: Volcarona|100/100
|-singleturn|p1a: Volcarona|move: Roost
|
|upkeep
|turn|98
|
|t:|1611881903
|switch|p1a: Corviknight|Corviknight, F|85/100
|-ability|p1a: Corviknight|Pressure
|move|p2a: Krookodile|Taunt|p1a: Corviknight
|-start|p1a: Corviknight|move: Taunt
|
|upkeep
|turn|99
|
|t:|1611881908
|switch|p2a: Slowbro|Slowbro, M|100/100 tox
|move|p1a: Corviknight|Body Press|p2a: Slowbro
|-resisted|p2a: Slowbro
|-damage|p2a: Slowbro|95/100 tox
|
|-damage|p2a: Slowbro|89/100 tox|[from] psn
|upkeep
|turn|100
|
|t:|1611881911
|switch|p1a: Volcarona|Volcarona, M|100/100
|move|p2a: Slowbro|Teleport|p2a: Slowbro
|
|t:|1611881922
|switch|p2a: Krookodile|Krookodile, M|100/100|[from]move: Teleport
|-ability|p2a: Krookodile|Intimidate|boost
|-unboost|p1a: Volcarona|atk|1
|
|upkeep
|turn|101
|c| Nesnot|Darn I was hoping Krookadile was offensive
|
|t:|1611881930
|switch|p1a: Corviknight|Corviknight, F|85/100
|-ability|p1a: Corviknight|Pressure
|move|p2a: Krookodile|Knock Off|p1a: Corviknight
|-damage|p1a: Corviknight|53/100
|-enditem|p1a: Corviknight|Shed Shell|[from] move: Knock Off|[of] p2a: Krookodile
|
|upkeep
|turn|102
|j| mustard is spicy
|
|t:|1611881939
|move|p2a: Krookodile|Taunt|p1a: Corviknight
|-start|p1a: Corviknight|move: Taunt
|move|p1a: Corviknight|Body Press|p2a: Krookodile
|-supereffective|p2a: Krookodile
|-damage|p2a: Krookodile|59/100
|
|-heal|p2a: Krookodile|65/100|[from] item: Leftovers
|upkeep
|turn|103
|j| K rool rules
|c| mustard is spicy|these guys still going huh
|
|t:|1611881964
|switch|p2a: Slowbro|Slowbro, M|100/100 tox
|move|p1a: Corviknight|Body Press|p2a: Slowbro
|-resisted|p2a: Slowbro
|-damage|p2a: Slowbro|95/100 tox
|
|-damage|p2a: Slowbro|89/100 tox|[from] psn
|upkeep
|turn|104
|
|t:|1611881973
|switch|p1a: Blissey|Blissey, F|93/100
|move|p2a: Slowbro|Scald|p1a: Blissey
|-damage|p1a: Blissey|82/100
|
|-damage|p2a: Slowbro|77/100 tox|[from] psn
|upkeep
|turn|105
|
|t:|1611881976
|move|p1a: Blissey|Aromatherapy|p1a: Blissey
|-activate|p1a: Blissey|move: Aromatherapy
|-curestatus|p1: Garchomp|slp|[msg]
|move|p2a: Slowbro|Future Sight|p1a: Blissey
|-start|p2a: Slowbro|move: Future Sight
|
|-damage|p2a: Slowbro|58/100 tox|[from] psn
|upkeep
|turn|106
|c| K rool rules|Omg u guys r still going?
|c|☆X-Wing Fighter|no
|c| BerrySlice|thankj youi
|c| K rool rules|After over 100 turns oml
|
|t:|1611882007
|move|p1a: Blissey|Teleport|p1a: Blissey
|c| restainer|this man said he going to the nfl
|c| mustard is spicy|tfw someone brings semistall to a tour
|
|t:|1611882034
|switch|p1a: Corviknight|Corviknight, F|53/100|[from]move: Teleport
|-ability|p1a: Corviknight|Pressure
|move|p2a: Slowbro|Teleport|p2a: Slowbro
|c| restainer|def a linebacker 380lbs
|j| lo hung
|
|t:|1611882045
|switch|p2a: Urshifu|Urshifu-Rapid-Strike, M|43/100|[from]move: Teleport
|
|upkeep
|turn|107
|
|t:|1611882047
|switch|p1a: Garchomp|Garchomp, M|77/100
|move|p2a: Urshifu|Close Combat|p1a: Garchomp
|-damage|p1a: Garchomp|15/100
|-unboost|p2a: Urshifu|def|1
|-unboost|p2a: Urshifu|spd|1
|-damage|p2a: Urshifu|31/100|[from] ability: Rough Skin|[of] p1a: Garchomp
|-damage|p2a: Urshifu|14/100|[from] item: Rocky Helmet|[of] p1a: Garchomp
|
|-end|p1a: Garchomp|move: Future Sight
|-damage|p1a: Garchomp|0 fnt
|upkeep
|faint|p1a: Garchomp
|
|t:|1611882049
|switch|p1a: Volcarona|Volcarona, M|100/100
|turn|108
|j|#brouha☆
|c| berunkasuteru ☭|this feels more like a full stall than semistall
|c| berunkasuteru ☭|the clef crit was lame
|j| did it done
|c|☆X-Wing Fighter|im sry
|c|☆BurlyBear_poke|no
|c|☆BurlyBear_poke|im a fucking clown for not going corvi
|c| berunkasuteru ☭|gf remove crits challenge haha just kidding
|c| berunkasuteru ☭|unless
|c|#brouha☆|im gonna have to force dq this game soon
|inactive|Battle timer is ON: inactive players will automatically lose when time's up. (requested by BurlyBear_poke)
|inactive|staff also wants the timer to be on.
|c|☆BurlyBear_poke|lets get it then
|l| K rool rules
|
|t:|1611882115
|switch|p2a: Slowking|Slowking-Galar, M|100/100
|move|p1a: Volcarona|Quiver Dance|p1a: Volcarona
|-boost|p1a: Volcarona|spa|1
|-boost|p1a: Volcarona|spd|1
|-boost|p1a: Volcarona|spe|1
|
|upkeep
|turn|109
|c| restainer|this why im never high ladder
|
|t:|1611882127
|move|p1a: Volcarona|Quiver Dance|p1a: Volcarona
|-boost|p1a: Volcarona|spa|1
|-boost|p1a: Volcarona|spd|1
|-boost|p1a: Volcarona|spe|1
|move|p2a: Slowking|Future Sight|p1a: Volcarona
|-start|p2a: Slowking|move: Future Sight
|
|upkeep
|turn|110
|j| kisian
|
|t:|1611882136
|switch|p2a: Corviknight|Corviknight, F|51/100
|-ability|p2a: Corviknight|Pressure
|move|p1a: Volcarona|Psychic|p2a: Corviknight
|-resisted|p2a: Corviknight
|-damage|p2a: Corviknight|25/100
|
|upkeep
|turn|111
|c| Nesnot|you see that Burly? he'll end the game because you're looking close to winning
|inactive|X-Wing Fighter has 120 seconds left.
|
|t:|1611882157
|move|p1a: Volcarona|Fiery Dance|p2a: Corviknight
|-supereffective|p2a: Corviknight
|-damage|p2a: Corviknight|0 fnt
|-boost|p1a: Volcarona|spa|1
|faint|p2a: Corviknight
|
|-end|p1a: Volcarona|move: Future Sight
|-damage|p1a: Volcarona|79/100
|upkeep
|
|t:|1611882159
|switch|p2a: Urshifu|Urshifu-Rapid-Strike, M|14/100
|turn|112
|j| toinha ♫♪
|c| berunkasuteru ☭|EAT
|c|☆BurlyBear_poke|should have danced again
|c|☆BurlyBear_poke|before hand
|inactive|BurlyBear_poke has 120 seconds left.
|j| tigers jaw
|c| restainer|he eats plenty look at his team
|c|☆BurlyBear_poke|wait
|
|t:|1611882212
|move|p2a: Urshifu|Aqua Jet|p1a: Volcarona
|-supereffective|p1a: Volcarona
|-damage|p1a: Volcarona|11/100
|move|p1a: Volcarona|Psychic|p2a: Urshifu
|-supereffective|p2a: Urshifu
|-damage|p2a: Urshifu|0 fnt
|faint|p2a: Urshifu
|
|upkeep
|c| berunkasuteru ☭|LETS GOOO
|l| heatrangoat
|c| Treyvion|He got boom tho
|
|t:|1611882227
|switch|p2a: Rillaboom|Rillaboom, M|100/100
|-fieldstart|move: Grassy Terrain|[from] ability: Grassy Surge|[of] p2a: Rillaboom
|turn|113
|c| Nesnot|Time for Rillaboom I guess
|c|☆BurlyBear_poke|i forgot to calc the def
|l| tigers jaw
|c|☆BurlyBear_poke|yeah
|c|☆BurlyBear_poke|if only i
|c|☆BurlyBear_poke|had done what i needed to do
|c| berunkasuteru ☭|flame body time
|inactive|BurlyBear_poke has 90 seconds left.
|j| hi i am joe
|inactive|BurlyBear_poke has 60 seconds left.
|
|t:|1611882278
|switch|p1a: Toxapex|Toxapex, M|100/100
|move|p2a: Rillaboom|Grassy Glide|p1a: Toxapex
|-damage|p1a: Toxapex|53/100
|
|-heal|p1a: Toxapex|59/100|[from] Grassy Terrain
|-heal|p1a: Toxapex|65/100|[from] item: Black Sludge
|upkeep
|turn|114
|inactive|BurlyBear_poke has 60 seconds left.
|inactive|X-Wing Fighter has 120 seconds left.
|c| Nesnot|God I hate Toxapex.
|j|^Steez Ibanez
|j| Codename Magnum
|c| toinha ♫♪|god i love toxapex
|
|t:|1611882303
|switch|p1a: Corviknight|Corviknight, F|53/100
|-ability|p1a: Corviknight|Pressure
|move|p2a: Rillaboom|Grassy Glide|p1a: Corviknight
|-resisted|p1a: Corviknight
|-damage|p1a: Corviknight|38/100
|
|upkeep
|turn|115
|j|%Fusien
|c| Nesnot|47% is what it does to a lot of resisted mons
|j| squirtleonherpika
|j|@Disorient
|j|%NixHex
|
|t:|1611882311
|switch|p2a: Slowking|Slowking-Galar, M|100/100
|move|p1a: Corviknight|Roost|p1a: Corviknight
|-heal|p1a: Corviknight|88/100
|-singleturn|p1a: Corviknight|move: Roost
|
|-heal|p1a: Corviknight|94/100|[from] Grassy Terrain
|upkeep
|turn|116
|j| 30GXENOOB
|c| berunkasuteru ☭|only the weak fear toxapex
|j| kalouless
|l|@Disorient
|
|t:|1611882320
|switch|p1a: Blissey|Blissey, F|82/100
|move|p2a: Slowking|Scald|p1a: Blissey
|-damage|p1a: Blissey|74/100
|
|-heal|p1a: Blissey|80/100|[from] Grassy Terrain
|upkeep
|turn|117
|
|t:|1611882323
|switch|p2a: Rillaboom|Rillaboom, M|100/100
|move|p1a: Blissey|Teleport|p1a: Blissey
|c| restainer|bro i got work tomorrow
|
|t:|1611882325
|switch|p1a: Volcarona|Volcarona, M|11/100|[from]move: Teleport
|
|-heal|p1a: Volcarona|17/100|[from] Grassy Terrain
|-fieldend|move: Grassy Terrain
|upkeep
|turn|118
|c| restainer|hurry up
|inactive|BurlyBear_poke has 60 seconds left.
|
|t:|1611882331
|switch|p1a: Corviknight|Corviknight, F|94/100
|-ability|p1a: Corviknight|Pressure
|move|p2a: Rillaboom|U-turn|p1a: Corviknight
|-resisted|p1a: Corviknight
|-damage|p1a: Corviknight|86/100
|j| PIPI in Pampers
|j| airfare++!
|
|t:|1611882338
|switch|p2a: Slowbro|Slowbro, M|92/100 tox|[from]move: U-turn
|
|-damage|p2a: Slowbro|85/100 tox|[from] psn
|upkeep
|turn|119
|l|^Steez Ibanez
|c|#brouha☆|ok maybe i spoke too soon about
|c|#brouha☆|ending naturally
|
|t:|1611882344
|switch|p1a: Blissey|Blissey, F|80/100
|move|p2a: Slowbro|Scald|p1a: Blissey
|-damage|p1a: Blissey|70/100
|-status|p1a: Blissey|brn
|
|-damage|p1a: Blissey|64/100 brn|[from] brn
|-damage|p2a: Slowbro|73/100 tox|[from] psn
|upkeep
|turn|120
|
|t:|1611882350
|move|p1a: Blissey|Teleport|p1a: Blissey
|c|%Fusien|Oh wait
|c| airfare++!|flip
|c|#brouha☆|im gonna flip a coin
|c|%Fusien|just realized
|c| airfare++!|yea
|c|%Fusien|my team
|c|%Fusien|shoutout x wing
|c|☆BurlyBear_poke|what
|c| airfare++!|ur supposed to end at 100 usually
|c|☆BurlyBear_poke|NO
|j|^Steez Ibanez
|inactive|BurlyBear_poke has 60 seconds left.
|c|☆X-Wing Fighter|holy shit
|
|t:|1611882366
|switch|p1a: Volcarona|Volcarona, M|17/100|[from]move: Teleport
|move|p2a: Slowbro|Teleport|p2a: Slowbro
|c|☆BurlyBear_poke|god damn it
|c| 30GXENOOB|Flip rfn
|c| restainer|clowns
|c|☆BurlyBear_poke|i should have played this faster
|c|☆BurlyBear_poke|more aggro
|
|t:|1611882376
|switch|p2a: Rillaboom|Rillaboom, M|100/100|[from]move: Teleport
|-fieldstart|move: Grassy Terrain|[from] ability: Grassy Surge|[of] p2a: Rillaboom
|
|-heal|p1a: Volcarona|24/100|[from] Grassy Terrain
|upkeep
|turn|121
|c|☆BurlyBear_poke|what is up with me
|c|#brouha☆|!pick BurlyBear_poke, X-Wing Fighter
|c|%brouha☆|/raw <div class="infobox"><em>We randomly picked:</em> X-Wing Fighter</div>
|
|t:|1611882385
|switch|p1a: Corviknight|Corviknight, F|86/100
|-ability|p1a: Corviknight|Pressure
|move|p2a: Rillaboom|Grassy Glide|p1a: Corviknight
|-resisted|p1a: Corviknight
|-damage|p1a: Corviknight|71/100
|
|upkeep
|turn|122
|c|☆X-Wing Fighter|hehe
|c|#brouha☆|sad
|c| airfare++!|x(
|c|☆BurlyBear_poke|but
|c|☆BurlyBear_poke|b
|c|☆BurlyBear_poke|but
|
|t:|1611882401
|switch|p1a: Toxapex|Toxapex, M|99/100
|move|p2a: Rillaboom|Grassy Glide|p1a: Toxapex
|-damage|p1a: Toxapex|52/100
|
|-heal|p1a: Toxapex|58/100|[from] Grassy Terrain
|-heal|p1a: Toxapex|65/100|[from] item: Black Sludge
|upkeep
|turn|123
|c|☆BurlyBear_poke|just a little more
|c|#brouha☆|srry yo
|c|%NixHex|weak
|c|#brouha☆|gonna be too long
|
|t:|1611882417
|move|p2a: Rillaboom|Grassy Glide|p1a: Toxapex
|-damage|p1a: Toxapex|21/100
|move|p1a: Toxapex|Scald|p2a: Rillaboom
|-resisted|p2a: Rillaboom
|-damage|p2a: Rillaboom|91/100
|
|-heal|p2a: Rillaboom|97/100|[from] Grassy Terrain
|-heal|p1a: Toxapex|27/100|[from] Grassy Terrain
|-heal|p1a: Toxapex|33/100|[from] item: Black Sludge
|upkeep
|turn|124
|l|%NixHex
|
|t:|1611882422
|switch|p1a: Corviknight|Corviknight, F|71/100
|-ability|p1a: Corviknight|Pressure
|move|p2a: Rillaboom|Grassy Glide|p1a: Corviknight
|-resisted|p1a: Corviknight
|-damage|p1a: Corviknight|57/100
|
|-heal|p2a: Rillaboom|100/100|[from] Grassy Terrain
|-fieldend|move: Grassy Terrain
|upkeep
|turn|125
|c| Nesnot|Why are we forcing the game to end?
|c| restainer|hey I got farther then this try hard lmao
|c|☆BurlyBear_poke|wait
|c|☆BurlyBear_poke|right here  i just
|inactive|BurlyBear_poke has 60 seconds left.
|
|t:|1611882438
|switch|p2a: Krookodile|Krookodile, M|65/100
|-ability|p2a: Krookodile|Intimidate|boost
|-unboost|p1a: Corviknight|atk|1
|switch|p1a: Blissey|Blissey, F|64/100
|
|-heal|p2a: Krookodile|71/100|[from] item: Leftovers
|upkeep
|turn|126
|
|t:|1611882443
|move|p2a: Krookodile|Knock Off|p1a: Blissey
|-damage|p1a: Blissey|28/100
|-enditem|p1a: Blissey|Heavy-Duty Boots|[from] move: Knock Off|[of] p2a: Krookodile
|move|p1a: Blissey|Seismic Toss|p2a: Krookodile
|-damage|p2a: Krookodile|46/100
|
|-heal|p2a: Krookodile|52/100|[from] item: Leftovers
|upkeep
|turn|127
|c| airfare++!|i would be
|c| airfare++!|malding
|c| did it done|should give til like 150
|inactive|X-Wing Fighter has 120 seconds left.
|c| airfare++!|or 250
|c| airfare++!|tbh
|inactive|BurlyBear_poke has 60 seconds left.
|c|^Steez Ibanez|zzzzzzzz
|c| Treyvion|solid 500
|
|t:|1611882467
|move|p2a: Krookodile|Taunt|p1a: Blissey
|-start|p1a: Blissey|move: Taunt
|move|p1a: Blissey|Seismic Toss|p2a: Krookodile
|-damage|p2a: Krookodile|26/100
|
|-heal|p2a: Krookodile|32/100|[from] item: Leftovers
|upkeep
|turn|128
|c| Treyvion|to be fair
|j| Stroft
|
|t:|1611882470
|switch|p1a: Corviknight|Corviknight, F|57/100
|-ability|p1a: Corviknight|Pressure
|move|p2a: Krookodile|High Horsepower|p1a: Corviknight
|-immune|p1a: Corviknight
|
|-heal|p2a: Krookodile|38/100|[from] item: Leftovers
|upkeep
|turn|129
|j| heatrangoat
|inactive|X-Wing Fighter has 120 seconds left.
|
|t:|1611882477
|switch|p2a: Rillaboom|Rillaboom, M|100/100
|-fieldstart|move: Grassy Terrain|[from] ability: Grassy Surge|[of] p2a: Rillaboom
|move|p1a: Corviknight|Body Press|p2a: Rillaboom
|-damage|p2a: Rillaboom|81/100
|
|-heal|p2a: Rillaboom|87/100|[from] Grassy Terrain
|upkeep
|turn|130
|inactive|BurlyBear_poke has 60 seconds left.
|n|☆BurlyBear_poke|burlybearpoke
|n|☆X-Wing Fighter|xwingfighter
|n| cesles|cesles
|n| BerrySlice|berryslice
|n| Treyvion|treyvion
|n| demonic stall|demonicstall
|n| restainer|restainer
|n| Omegasization|omegasization
|n| berunkasuteru ☭|berunkasuteru
|n| Nesnot|nesnot
|n| mustard is spicy|mustardisspicy
|n| lo hung|lohung
|n|%brouha☆|brouha
|n| did it done|diditdone
|n| kisian|kisian
|n| toinha ♫♪|toinha
|n| hi i am joe|hiiamjoe
|n| Codename Magnum|codenamemagnum
|n| Fusien|fusien
|n| squirtleonherpika|squirtleonherpika
|n| 30GXENOOB|30gxenoob
|n| kalouless|kalouless
|n| PIPI in Pampers|pipiinpampers
|n| airfare++!|airfare
|n| Steez Ibanez|steezibanez
|n| Stroft|stroft
|n| heatrangoat|heatrangoat
|-message|BurlyBear_poke forfeited.
|
|win|X-Wing Fighter
|c| restainer|is this pre dlc pokemon?
|c|☆X-Wing Fighter|????
|l| Steez Ibanez
|l|%brouha☆
|l| Stroft
|l| kalouless
|c| restainer|what it looks like 150 turns
|l| Codename Magnum
|c|☆BurlyBear_poke|dammit
|l| Nesnot
|l| hi i am joe
|l| 30GXENOOB
|l| PIPI in Pampers
|c| berunkasuteru ☭|thats what i thought too lmfao
|c| restainer|challenge me
|c| berunkasuteru ☭|the volc semistalls
|l| Treyvion
|l| mustard is spicy
|c| berunkasuteru ☭|in dlc1
|l| cesles
|c| airfare++!|he got dqd and didnt wanna play it out
|l| airfare++!
|l| did it done
|j| Mel0nL0rd
|l| BerrySlice
|l| lo hung
|l| toinha ♫♪
|l| Mel0nL0rd
|l| restainer
|l| kisian
|l| heatrangoat
|l| demonic stall
|c|☆BurlyBear_poke|damn
|c|☆BurlyBear_poke|so
|c|☆BurlyBear_poke|close
|l| squirtleonherpika
|j| Effect Volume
|j| Steez Ibanez
|l| Steez Ibanez
|l| Effect Volume
|l|☆X-Wing Fighter
|l| Fusien
|l| berunkasuteru ☭
|j|☆X-Wing Fighter
|player|p2|X-Wing Fighter|hilbert
