|j|☆CoconutCrabs
|j|☆Redflix
|t:|1667832739
|gametype|singles
|player|p1|CoconutCrabs|ninjaboy|1761
|player|p2|Redflix|erika|1710
|teamsize|p1|6
|teamsize|p2|6
|gen|8
|tier|[Gen 8] OU
|rated|
|rule|Sleep Clause Mod: Limit one foe put to sleep
|rule|Species Clause: Limit one of each Pokémon
|rule|OHKO Clause: OHKO moves are banned
|rule|Evasion Items Clause: Evasion items are banned
|rule|Evasion Moves Clause: Evasion moves are banned
|rule|Endless Battle Clause: Forcing endless battles is banned
|rule|HP Percentage Mod: HP is shown in percentages
|rule|Dynamax Clause: You cannot dynamax
|clearpoke
|poke|p1|Heatran, M|
|poke|p1|Excadrill, F|
|poke|p1|Tornadus-Therian, M|
|poke|p1|Toxapex, M|
|poke|p1|Tangrowth, M|
|poke|p1|Tyranitar, F|
|poke|p2|Weavile, M|
|poke|p2|Rotom-Wash|
|poke|p2|Landorus-Therian, M|
|poke|p2|Heatran, M|
|poke|p2|Dragapult, F|
|poke|p2|Volcarona, F|
|teampreview
|inactive|Battle timer is ON: inactive players will automatically lose when time's up. (requested by CoconutCrabs)
|
|t:|1667832756
|start
|switch|p1a: Tornadus|Tornadus-Therian, M|100/100
|switch|p2a: Rotom|Rotom-Wash|100/100
|turn|1
|
|t:|1667832760
|move|p1a: Tornadus|Focus Blast|p2a: Rotom
|-damage|p2a: Rotom|45/100
|move|p2a: Rotom|Thunder Wave|p1a: Tornadus
|-status|p1a: Tornadus|par
|
|upkeep
|turn|2
|
|t:|1667832769
|move|p2a: Rotom|Pain Split|p1a: Tornadus
|-sethp|p1a: Tornadus|73/100 par|[from] move: Pain Split|[silent]
|-sethp|p2a: Rotom|72/100|[from] move: Pain Split
|move|p1a: Tornadus|Focus Blast|p2a: Rotom
|-damage|p2a: Rotom|12/100
|
|upkeep
|turn|3
|
|t:|1667832773
|move|p2a: Rotom|Pain Split|p1a: Tornadus
|-sethp|p1a: Tornadus|43/100 par|[from] move: Pain Split|[silent]
|-sethp|p2a: Rotom|42/100|[from] move: Pain Split
|move|p1a: Tornadus|Focus Blast|p2a: Rotom|[miss]
|-miss|p1a: Tornadus|p2a: Rotom
|
|upkeep
|turn|4
|
|t:|1667832782
|switch|p1a: Excadrill|Excadrill, F|100/100
|move|p2a: Rotom|Pain Split|p1a: Excadrill
|-sethp|p1a: Excadrill|68/100|[from] move: Pain Split|[silent]
|-sethp|p2a: Rotom|80/100|[from] move: Pain Split
|
|-heal|p1a: Excadrill|74/100|[from] item: Leftovers
|upkeep
|turn|5
|
|t:|1667832793
|switch|p1a: Tangrowth|Tangrowth, M|100/100
|switch|p2a: Landorus|Landorus-Therian, M|100/100
|-ability|p2a: Landorus|Intimidate|boost
|-unboost|p1a: Tangrowth|atk|1
|
|upkeep
|turn|6
|
|t:|1667832798
|switch|p1a: Tornadus|Tornadus-Therian, M|76/100 par
|move|p2a: Landorus|U-turn|p1a: Tornadus
|-resisted|p1a: Tornadus
|-damage|p1a: Tornadus|61/100 par
|
|t:|1667832801
|switch|p2a: Heatran|Heatran, M|100/100|[from]move: U-turn
|
|upkeep
|turn|7
|
|t:|1667832804
|move|p2a: Heatran|Stealth Rock|p1a: Tornadus
|-sidestart|p1: CoconutCrabs|move: Stealth Rock
|cant|p1a: Tornadus|par
|
|upkeep
|turn|8
|-message|CoconutCrabs forfeited.
|
|win|Redflix
|raw|CoconutCrabs's rating: 1761 &rarr; <strong>1738</strong><br />(-23 for losing)
|raw|Redflix's rating: 1710 &rarr; <strong>1733</strong><br />(+23 for winning)
|l|☆CoconutCrabs
