|j|☆Bloody Busybody
|j|☆peiqiOvO
|t:|1664986203
|gametype|singles
|player|p1|Bloody Busybody|bugcatcher|1665
|player|p2|peiqiOvO|102|1706
|teamsize|p1|6
|teamsize|p2|6
|gen|8
|tier|[Gen 8] OU
|rated|
|rule|Sleep Clause Mod: Limit one foe put to sleep
|rule|Species Clause: Limit one of each Pokémon
|rule|OHKO Clause: OHKO moves are banned
|rule|Evasion Items Clause: Evasion items are banned
|rule|Evasion Moves Clause: Evasion moves are banned
|rule|Endless Battle Clause: Forcing endless battles is banned
|rule|HP Percentage Mod: HP is shown in percentages
|rule|Dynamax Clause: You cannot dynamax
|clearpoke
|poke|p1|Volcanion|
|poke|p1|Corviknight, M|
|poke|p1|Mamoswine, M|
|poke|p1|Blissey, F|
|poke|p1|Rillaboom, F|
|poke|p1|Hydreigon, F|
|poke|p2|Dragapult, M|
|poke|p2|Urshifu-*, F|
|poke|p2|Zapdos|
|poke|p2|Blacephalon|
|poke|p2|Ferrothorn, M|
|poke|p2|Melmetal|
|teampreview
|inactive|Battle timer is ON: inactive players will automatically lose when time's up. (requested by Bloody Busybody)
|
|t:|1664986226
|start
|switch|p1a: Volcanion|Volcanion|100/100
|switch|p2a: Dragapult|Dragapult, M|100/100
|turn|1
|
|t:|1664986249
|switch|p1a: Blissey|Blissey, F|100/100
|move|p2a: Dragapult|U-turn|p1a: Blissey
|-damage|p1a: Blissey|85/100
|j| Quagshi
|
|t:|1664986253
|switch|p2a: Urshifu|Urshifu-Rapid-Strike, F|100/100|[from]move: U-turn
|
|upkeep
|turn|2
|
|t:|1664986257
|switch|p1a: Corviknight|Corviknight, M|100/100
|-ability|p1a: Corviknight|Pressure
|move|p2a: Urshifu|Close Combat|p1a: Corviknight
|-damage|p1a: Corviknight|45/100
|-unboost|p2a: Urshifu|def|1
|-unboost|p2a: Urshifu|spd|1
|-damage|p2a: Urshifu|84/100|[from] item: Rocky Helmet|[of] p1a: Corviknight
|
|upkeep
|turn|3
|
|t:|1664986260
|switch|p1a: Hydreigon|Hydreigon, F|100/100
|move|p2a: Urshifu|Close Combat|p1a: Hydreigon
|-supereffective|p1a: Hydreigon
|-damage|p1a: Hydreigon|0 fnt
|-unboost|p2a: Urshifu|def|1
|-unboost|p2a: Urshifu|spd|1
|faint|p1a: Hydreigon
|
|upkeep
|
|t:|1664986269
|switch|p1a: Volcanion|Volcanion|100/100
|turn|4
|
|t:|1664986279
|switch|p2a: Dragapult|Dragapult, M|100/100
|move|p1a: Volcanion|Steam Eruption|p2a: Dragapult
|-resisted|p2a: Dragapult
|-damage|p2a: Dragapult|40/100
|-status|p2a: Dragapult|brn
|
|-damage|p2a: Dragapult|34/100 brn|[from] brn
|upkeep
|turn|5
|
|t:|1664986285
|move|p2a: Dragapult|U-turn|p1a: Volcanion
|-resisted|p1a: Volcanion
|-damage|p1a: Volcanion|97/100
|
|t:|1664986287
|switch|p2a: Ferrothorn|Ferrothorn, M|100/100|[from]move: U-turn
|move|p1a: Volcanion|Steam Eruption|p2a: Ferrothorn
|-resisted|p2a: Ferrothorn
|-damage|p2a: Ferrothorn|70/100
|-status|p2a: Ferrothorn|brn
|
|-heal|p2a: Ferrothorn|76/100 brn|[from] item: Leftovers
|-damage|p2a: Ferrothorn|70/100 brn|[from] brn
|upkeep
|turn|6
|j| crowBabman
|
|t:|1664986294
|move|p1a: Volcanion|Steam Eruption|p2a: Ferrothorn
|-resisted|p2a: Ferrothorn
|-damage|p2a: Ferrothorn|39/100 brn
|move|p2a: Ferrothorn|Knock Off|p1a: Volcanion
|-damage|p1a: Volcanion|89/100
|-enditem|p1a: Volcanion|Choice Specs|[from] move: Knock Off|[of] p2a: Ferrothorn
|
|-heal|p2a: Ferrothorn|45/100 brn|[from] item: Leftovers
|-damage|p2a: Ferrothorn|39/100 brn|[from] brn
|upkeep
|turn|7
|
|t:|1664986301
|move|p1a: Volcanion|Fire Blast|p2a: Ferrothorn
|-supereffective|p2a: Ferrothorn
|-damage|p2a: Ferrothorn|0 fnt
|faint|p2a: Ferrothorn
|
|upkeep
|
|t:|1664986305
|switch|p2a: Dragapult|Dragapult, M|34/100 brn
|turn|8
|
|t:|1664986309
|switch|p1a: Corviknight|Corviknight, M|45/100
|-ability|p1a: Corviknight|Pressure
|move|p2a: Dragapult|U-turn|p1a: Corviknight
|-resisted|p1a: Corviknight
|-damage|p1a: Corviknight|44/100
|-damage|p2a: Dragapult|18/100 brn|[from] item: Rocky Helmet|[of] p1a: Corviknight
|
|t:|1664986316
|switch|p2a: Urshifu|Urshifu-Rapid-Strike, F|84/100|[from]move: U-turn
|
|upkeep
|turn|9
|
|t:|1664986340
|switch|p1a: Mamoswine|Mamoswine, M|100/100
|move|p2a: Urshifu|Close Combat|p1a: Mamoswine
|-supereffective|p1a: Mamoswine
|-enditem|p1a: Mamoswine|Focus Sash
|-damage|p1a: Mamoswine|1/100
|-unboost|p2a: Urshifu|def|1
|-unboost|p2a: Urshifu|spd|1
|
|upkeep
|turn|10
|
|t:|1664986346
|move|p1a: Mamoswine|Ice Shard|p2a: Urshifu
|-resisted|p2a: Urshifu
|-damage|p2a: Urshifu|69/100
|move|p2a: Urshifu|Close Combat|p1a: Mamoswine
|-supereffective|p1a: Mamoswine
|-damage|p1a: Mamoswine|0 fnt
|-unboost|p2a: Urshifu|def|1
|-unboost|p2a: Urshifu|spd|1
|faint|p1a: Mamoswine
|
|upkeep
|
|t:|1664986349
|switch|p1a: Rillaboom|Rillaboom, F|100/100
|-fieldstart|move: Grassy Terrain|[from] ability: Grassy Surge|[of] p1a: Rillaboom
|turn|11
|
|t:|1664986352
|switch|p2a: Zapdos|Zapdos|100/100
|move|p1a: Rillaboom|U-turn|p2a: Zapdos
|-resisted|p2a: Zapdos
|-damage|p2a: Zapdos|87/100
|-status|p1a: Rillaboom|par|[from] ability: Static|[of] p2a: Zapdos
|
|t:|1664986354
|switch|p1a: Blissey|Blissey, F|85/100|[from]move: U-turn
|
|-heal|p1a: Blissey|91/100|[from] Grassy Terrain
|upkeep
|turn|12
|
|t:|1664986359
|move|p2a: Zapdos|Volt Switch|p1a: Blissey
|-damage|p1a: Blissey|81/100
|
|t:|1664986361
|switch|p2a: Melmetal|Melmetal|100/100|[from]move: Volt Switch
|move|p1a: Blissey|Teleport|p1a: Blissey
|
|t:|1664986364
|switch|p1a: Volcanion|Volcanion|89/100|[from]move: Teleport
|
|-heal|p1a: Volcanion|95/100|[from] Grassy Terrain
|upkeep
|turn|13
|
|t:|1664986373
|move|p1a: Volcanion|Fire Blast|p2a: Melmetal
|-supereffective|p2a: Melmetal
|-damage|p2a: Melmetal|0 fnt
|faint|p2a: Melmetal
|
|-heal|p1a: Volcanion|100/100|[from] Grassy Terrain
|upkeep
|
|t:|1664986381
|switch|p2a: Zapdos|Zapdos|87/100
|turn|14
|
|t:|1664986389
|switch|p1a: Rillaboom|Rillaboom, F|100/100 par
|move|p2a: Zapdos|Volt Switch|p1a: Rillaboom
|-resisted|p1a: Rillaboom
|-damage|p1a: Rillaboom|79/100 par
|
|t:|1664986395
|switch|p2a: Blacephalon|Blacephalon|100/100|[from]move: Volt Switch
|
|-heal|p1a: Rillaboom|86/100 par|[from] Grassy Terrain
|upkeep
|turn|15
|
|t:|1664986399
|switch|p2a: Zapdos|Zapdos|87/100
|move|p1a: Rillaboom|Knock Off|p2a: Zapdos
|-damage|p2a: Zapdos|47/100
|-enditem|p2a: Zapdos|Heavy-Duty Boots|[from] move: Knock Off|[of] p1a: Rillaboom
|
|-heal|p1a: Rillaboom|92/100 par|[from] Grassy Terrain
|-fieldend|move: Grassy Terrain
|upkeep
|turn|16
|
|t:|1664986405
|move|p2a: Zapdos|Roost|p2a: Zapdos
|-heal|p2a: Zapdos|97/100
|-singleturn|p2a: Zapdos|move: Roost
|cant|p1a: Rillaboom|par
|
|upkeep
|turn|17
|
|t:|1664986408
|move|p2a: Zapdos|Hurricane|p1a: Rillaboom
|-supereffective|p1a: Rillaboom
|-damage|p1a: Rillaboom|0 fnt
|faint|p1a: Rillaboom
|
|upkeep
|
|t:|1664986411
|switch|p1a: Blissey|Blissey, F|81/100
|turn|18
|
|t:|1664986413
|move|p2a: Zapdos|Volt Switch|p1a: Blissey
|-damage|p1a: Blissey|70/100
|
|t:|1664986415
|switch|p2a: Dragapult|Dragapult, M|18/100 brn|[from]move: Volt Switch
|move|p1a: Blissey|Teleport|p1a: Blissey
|
|t:|1664986418
|switch|p1a: Corviknight|Corviknight, M|44/100|[from]move: Teleport
|-ability|p1a: Corviknight|Pressure
|
|-damage|p2a: Dragapult|12/100 brn|[from] brn
|upkeep
|turn|19
|
|t:|1664986422
|move|p2a: Dragapult|Shadow Ball|p1a: Corviknight
|-damage|p1a: Corviknight|0 fnt
|faint|p1a: Corviknight
|
|-damage|p2a: Dragapult|6/100 brn|[from] brn
|upkeep
|-message|Bloody Busybody forfeited.
|
|win|peiqiOvO
|raw|Bloody Busybody's rating: 1665 &rarr; <strong>1647</strong><br />(-18 for losing)
|raw|peiqiOvO's rating: 1706 &rarr; <strong>1724</strong><br />(+18 for winning)
|l|☆Bloody Busybody
|l| Quagshi
|player|p2|peiqiOvO|102
||Ladder isn't responding, score probably updated but might not have (Request timeout).
