|raw|<div class="broadcast-blue"><strong>This battle is required to be public due to a player having a name starting with 'lt93oq'.</div>
|j|☆LT93OQ Lio
|j|‽kinetic chain
|t:|1660389491
|gametype|singles
|player|p1|LT93OQ Lio|2|1715
|player|p2|kinetic chain|giovanni-gen1|1890
|teamsize|p1|6
|teamsize|p2|6
|gen|8
|tier|[Gen 8] OU
|rated|
|rule|Sleep Clause Mod: Limit one foe put to sleep
|rule|Species Clause: Limit one of each Pokémon
|rule|OHKO Clause: OHKO moves are banned
|rule|Evasion Items Clause: Evasion items are banned
|rule|Evasion Moves Clause: Evasion moves are banned
|rule|Endless Battle Clause: Forcing endless battles is banned
|rule|HP Percentage Mod: HP is shown in percentages
|rule|Dynamax Clause: You cannot dynamax
|clearpoke
|poke|p1|Pelipper, F|
|poke|p1|Seismitoad, F|
|poke|p1|Ferrothorn, F|
|poke|p1|Barraskewda, M|
|poke|p1|Crawdaunt, F|
|poke|p1|Zapdos|
|poke|p2|Dragapult, F|
|poke|p2|Tapu Lele|
|poke|p2|Heatran, F|
|poke|p2|Landorus-Therian, M|
|poke|p2|Tornadus-Therian, M|
|poke|p2|Ferrothorn, M|
|teampreview
|j| Kobayashi Tohru
|j| lt93oq guez94
|j| chokst du
|j| LT91BB W.Rounar
|inactive|Battle timer is ON: inactive players will automatically lose when time's up. (requested by kinetic chain)
|
|t:|1660389529
|start
|switch|p1a: Pelipper|Pelipper, F|100/100
|switch|p2a: Tornadus|Tornadus-Therian, M|100/100
|-weather|RainDance|[from] ability: Drizzle|[of] p1a: Pelipper
|turn|1
|
|t:|1660389534
|move|p2a: Tornadus|Hurricane|p1a: Pelipper
|-damage|p1a: Pelipper|41/100
|move|p1a: Pelipper|U-turn|p2a: Tornadus
|-resisted|p2a: Tornadus
|-damage|p2a: Tornadus|96/100
|
|t:|1660389545
|switch|p1a: Barraskewda|Barraskewda, M|100/100|[from]move: U-turn
|
|-weather|RainDance|[upkeep]
|upkeep
|turn|2
|j| LT93OQ OUBEUZILINI
|
|t:|1660389557
|move|p1a: Barraskewda|Flip Turn|p2a: Tornadus
|-damage|p2a: Tornadus|18/100
|
|t:|1660389562
|switch|p1a: Zapdos|Zapdos|100/100|[from]move: Flip Turn
|move|p2a: Tornadus|Hurricane|p1a: Zapdos
|-resisted|p1a: Zapdos
|-damage|p1a: Zapdos|77/100
|
|-weather|RainDance|[upkeep]
|upkeep
|turn|3
|j| LT93OQ BeuhGrain
|j| KingRon265
|inactive|kinetic chain has 120 seconds left.
|
|t:|1660389604
|switch|p2a: Heatran|Heatran, F|100/100
|move|p1a: Zapdos|Hurricane|p2a: Heatran
|-resisted|p2a: Heatran
|-damage|p2a: Heatran|85/100
|
|-weather|RainDance|[upkeep]
|-heal|p2a: Heatran|91/100|[from] item: Leftovers
|upkeep
|turn|4
|
|t:|1660389612
|move|p1a: Zapdos|Weather Ball|p2a: Heatran
|-supereffective|p2a: Heatran
|-damage|p2a: Heatran|28/100
|move|p2a: Heatran|Magma Storm|p1a: Zapdos
|-damage|p1a: Zapdos|53/100
|-activate|p1a: Zapdos|move: Magma Storm|[of] p2a: Heatran
|
|-weather|RainDance|[upkeep]
|-heal|p2a: Heatran|34/100|[from] item: Leftovers
|-damage|p1a: Zapdos|40/100|[from] move: Magma Storm|[partiallytrapped]
|upkeep
|turn|5
|inactive|kinetic chain has 120 seconds left.
|
|t:|1660389622
|move|p1a: Zapdos|Thunder|p2a: Heatran
|-damage|p2a: Heatran|2/100
|move|p2a: Heatran|Earth Power|p1a: Zapdos
|-immune|p1a: Zapdos
|
|-weather|RainDance|[upkeep]
|-heal|p2a: Heatran|9/100|[from] item: Leftovers
|-damage|p1a: Zapdos|28/100|[from] move: Magma Storm|[partiallytrapped]
|upkeep
|turn|6
|inactive|kinetic chain has 120 seconds left.
|
|t:|1660389632
|move|p1a: Zapdos|Hurricane|p2a: Heatran
|-resisted|p2a: Heatran
|-damage|p2a: Heatran|0 fnt
|faint|p2a: Heatran
|
|-weather|RainDance|[upkeep]
|-end|p1a: Zapdos|Magma Storm|[partiallytrapped]|[silent]
|upkeep
|
|t:|1660389637
|switch|p2a: Dragapult|Dragapult, F|100/100
|turn|7
|
|t:|1660389642
|switch|p1a: Ferrothorn|Ferrothorn, F|100/100
|move|p2a: Dragapult|Will-O-Wisp|p1a: Ferrothorn
|-status|p1a: Ferrothorn|brn
|
|-weather|RainDance|[upkeep]
|-damage|p1a: Ferrothorn|94/100 brn|[from] brn
|upkeep
|turn|8
|
|t:|1660389650
|move|p2a: Dragapult|Hex|p1a: Ferrothorn
|-damage|p1a: Ferrothorn|62/100 brn
|move|p1a: Ferrothorn|Knock Off|p2a: Dragapult
|-supereffective|p2a: Dragapult
|-damage|p2a: Dragapult|72/100
|-enditem|p2a: Dragapult|Heavy-Duty Boots|[from] move: Knock Off|[of] p1a: Ferrothorn
|
|-weather|none
|-heal|p1a: Ferrothorn|68/100 brn|[from] item: Leftovers
|-damage|p1a: Ferrothorn|62/100 brn|[from] brn
|upkeep
|turn|9
|
|t:|1660389657
|move|p2a: Dragapult|Hex|p1a: Ferrothorn
|-damage|p1a: Ferrothorn|27/100 brn
|move|p1a: Ferrothorn|Leech Seed|p2a: Dragapult
|-start|p2a: Dragapult|move: Leech Seed
|
|-heal|p1a: Ferrothorn|33/100 brn|[from] item: Leftovers
|-damage|p2a: Dragapult|60/100|[from] Leech Seed|[of] p1a: Ferrothorn
|-heal|p1a: Ferrothorn|45/100 brn|[silent]
|-damage|p1a: Ferrothorn|38/100 brn|[from] brn
|upkeep
|turn|10
|n| LT93OQ OUBEUZILINI|lt93oqoubeuzilini
|
|t:|1660389666
|switch|p1a: Crawdaunt|Crawdaunt, F|100/100
|move|p2a: Dragapult|Hex|p1a: Crawdaunt
|-resisted|p1a: Crawdaunt
|-damage|p1a: Crawdaunt|70/100
|
|-damage|p2a: Dragapult|48/100|[from] Leech Seed|[of] p1a: Crawdaunt
|-heal|p1a: Crawdaunt|85/100|[silent]
|upkeep
|turn|11
|l| LT93OQ OUBEUZILINI
|
|t:|1660389682
|switch|p2a: Tornadus|Tornadus-Therian, M|51/100
|switch|p1a: Ferrothorn|Ferrothorn, F|38/100 brn
|
|-heal|p1a: Ferrothorn|45/100 brn|[from] item: Leftovers
|-damage|p1a: Ferrothorn|38/100 brn|[from] brn
|upkeep
|turn|12
|
|t:|1660389690
|switch|p1a: Seismitoad|Seismitoad, F|100/100
|move|p2a: Tornadus|Focus Blast|p1a: Seismitoad
|-damage|p1a: Seismitoad|64/100
|
|upkeep
|turn|13
|
|t:|1660389706
|move|p2a: Tornadus|Hurricane|p1a: Seismitoad
|-damage|p1a: Seismitoad|13/100
|move|p1a: Seismitoad|Icy Wind|p2a: Tornadus
|-supereffective|p2a: Tornadus
|-damage|p2a: Tornadus|9/100
|-unboost|p2a: Tornadus|spe|1
|-damage|p1a: Seismitoad|3/100|[from] item: Life Orb
|
|upkeep
|turn|14
|
|t:|1660389718
|move|p1a: Seismitoad|Stealth Rock|p2a: Tornadus
|-sidestart|p2: kinetic chain|move: Stealth Rock
|move|p2a: Tornadus|Hurricane|p1a: Seismitoad
|-damage|p1a: Seismitoad|0 fnt
|faint|p1a: Seismitoad
|
|upkeep
|j| bluri18cm
|
|t:|1660389741
|switch|p1a: Pelipper|Pelipper, F|41/100
|-weather|RainDance|[from] ability: Drizzle|[of] p1a: Pelipper
|turn|15
|
|t:|1660389746
|switch|p1a: Ferrothorn|Ferrothorn, F|38/100 brn
|move|p2a: Tornadus|Hurricane|p1a: Ferrothorn
|-damage|p1a: Ferrothorn|14/100 brn
|
|-weather|RainDance|[upkeep]
|-heal|p1a: Ferrothorn|20/100 brn|[from] item: Leftovers
|-damage|p1a: Ferrothorn|14/100 brn|[from] brn
|upkeep
|turn|16
|
|t:|1660389754
|move|p2a: Tornadus|Hurricane|p1a: Ferrothorn
|-damage|p1a: Ferrothorn|0 fnt
|faint|p1a: Ferrothorn
|
|-weather|RainDance|[upkeep]
|upkeep
|
|t:|1660389759
|switch|p1a: Barraskewda|Barraskewda, M|100/100
|turn|17
|
|t:|1660389768
|move|p1a: Barraskewda|Flip Turn|p2a: Tornadus
|-damage|p2a: Tornadus|0 fnt
|faint|p2a: Tornadus
|
|t:|1660389777
|switch|p1a: Crawdaunt|Crawdaunt, F|85/100|[from]move: Flip Turn
|
|-weather|RainDance|[upkeep]
|upkeep
|
|t:|1660389781
|switch|p2a: Tapu Lele|Tapu Lele|100/100
|-damage|p2a: Tapu Lele|88/100|[from] Stealth Rock
|-fieldstart|move: Psychic Terrain|[from] ability: Psychic Surge|[of] p2a: Tapu Lele
|turn|18
|inactive|LT93OQ Lio has 120 seconds left.
|
|t:|1660389821
|switch|p1a: Zapdos|Zapdos|28/100
|move|p2a: Tapu Lele|Moonblast|p1a: Zapdos
|-damage|p1a: Zapdos|0 fnt
|faint|p1a: Zapdos
|
|-weather|RainDance|[upkeep]
|upkeep
|
|t:|1660389823
|switch|p1a: Barraskewda|Barraskewda, M|100/100
|turn|19
|
|t:|1660389832
|switch|p2a: Landorus|Landorus-Therian, M|100/100
|-damage|p2a: Landorus|88/100|[from] Stealth Rock
|-ability|p2a: Landorus|Intimidate|boost
|-unboost|p1a: Barraskewda|atk|1
|move|p1a: Barraskewda|Flip Turn|p2a: Landorus
|-supereffective|p2a: Landorus
|-damage|p2a: Landorus|0 fnt
|faint|p2a: Landorus
|inactive|LT93OQ Lio has 120 seconds left.
|
|t:|1660389848
|switch|p1a: Crawdaunt|Crawdaunt, F|85/100|[from]move: Flip Turn
|
|-weather|RainDance|[upkeep]
|upkeep
|
|t:|1660389853
|switch|p2a: Tapu Lele|Tapu Lele|88/100
|-damage|p2a: Tapu Lele|76/100|[from] Stealth Rock
|turn|20
|inactive|LT93OQ Lio has 120 seconds left.
|
|t:|1660389870
|move|p2a: Tapu Lele|Moonblast|p1a: Crawdaunt
|-supereffective|p1a: Crawdaunt
|-damage|p1a: Crawdaunt|0 fnt
|faint|p1a: Crawdaunt
|
|-weather|RainDance|[upkeep]
|upkeep
|
|t:|1660389871
|switch|p1a: Barraskewda|Barraskewda, M|100/100
|turn|21
|inactive|LT93OQ Lio has 120 seconds left.
|
|t:|1660389892
|switch|p2a: Dragapult|Dragapult, F|48/100
|-damage|p2a: Dragapult|36/100|[from] Stealth Rock
|move|p1a: Barraskewda|Liquidation|p2a: Dragapult
|-resisted|p2a: Dragapult
|-damage|p2a: Dragapult|0 fnt
|faint|p2a: Dragapult
|
|-weather|RainDance|[upkeep]
|upkeep
|
|t:|1660389899
|switch|p2a: Ferrothorn|Ferrothorn, M|100/100
|-damage|p2a: Ferrothorn|95/100|[from] Stealth Rock
|turn|22
|inactive|LT93OQ Lio has 120 seconds left.
|j| Batey69
|
|t:|1660389916
|move|p1a: Barraskewda|Liquidation|p2a: Ferrothorn
|-resisted|p2a: Ferrothorn
|-damage|p2a: Ferrothorn|65/100
|-damage|p1a: Barraskewda|88/100|[from] ability: Iron Barbs|[of] p2a: Ferrothorn
|move|p2a: Ferrothorn|Leech Seed|p1a: Barraskewda|[miss]
|-miss|p2a: Ferrothorn|p1a: Barraskewda
|
|-weather|none
|-heal|p2a: Ferrothorn|71/100|[from] item: Leftovers
|-fieldend|move: Psychic Terrain
|upkeep
|turn|23
|l| Batey69
|
|t:|1660389934
|move|p1a: Barraskewda|Liquidation|p2a: Ferrothorn
|-resisted|p2a: Ferrothorn
|-damage|p2a: Ferrothorn|50/100
|-damage|p1a: Barraskewda|76/100|[from] ability: Iron Barbs|[of] p2a: Ferrothorn
|move|p2a: Ferrothorn|Leech Seed|p1a: Barraskewda|[miss]
|-miss|p2a: Ferrothorn|p1a: Barraskewda
|
|-heal|p2a: Ferrothorn|56/100|[from] item: Leftovers
|upkeep
|turn|24
|
|t:|1660389948
|switch|p1a: Pelipper|Pelipper, F|41/100
|-weather|RainDance|[from] ability: Drizzle|[of] p1a: Pelipper
|move|p2a: Ferrothorn|Leech Seed|p1a: Pelipper
|-start|p1a: Pelipper|move: Leech Seed
|
|-weather|RainDance|[upkeep]
|-heal|p2a: Ferrothorn|62/100|[from] item: Leftovers
|-damage|p1a: Pelipper|29/100|[from] Leech Seed|[of] p2a: Ferrothorn
|-heal|p2a: Ferrothorn|74/100|[silent]
|upkeep
|turn|25
|inactive|LT93OQ Lio has 120 seconds left.
|j| Alexlch
|inactive|kinetic chain has 120 seconds left.
|j| Batey69
|l| Batey69
|
|t:|1660389981
|switch|p2a: Tapu Lele|Tapu Lele|76/100
|-damage|p2a: Tapu Lele|63/100|[from] Stealth Rock
|-fieldstart|move: Psychic Terrain|[from] ability: Psychic Surge|[of] p2a: Tapu Lele
|move|p1a: Pelipper|U-turn|p2a: Tapu Lele
|-damage|p2a: Tapu Lele|50/100
|
|t:|1660389983
|switch|p1a: Barraskewda|Barraskewda, M|76/100|[from]move: U-turn
|
|-weather|RainDance|[upkeep]
|upkeep
|turn|26
|inactive|kinetic chain has 120 seconds left.
|inactive|LT93OQ Lio has 90 seconds left.
|
|t:|1660390011
|move|p1a: Barraskewda|Liquidation|p2a: Tapu Lele
|-damage|p2a: Tapu Lele|0 fnt
|faint|p2a: Tapu Lele
|
|-weather|RainDance|[upkeep]
|upkeep
|
|t:|1660390013
|switch|p2a: Ferrothorn|Ferrothorn, M|74/100
|-damage|p2a: Ferrothorn|68/100|[from] Stealth Rock
|turn|27
|
|t:|1660390015
|switch|p1a: Pelipper|Pelipper, F|29/100
|move|p2a: Ferrothorn|Leech Seed|p1a: Pelipper|[miss]
|-miss|p2a: Ferrothorn|p1a: Pelipper
|
|-weather|RainDance|[upkeep]
|-heal|p2a: Ferrothorn|74/100|[from] item: Leftovers
|upkeep
|turn|28
|l| LT93OQ BeuhGrain
|inactive|kinetic chain has 120 seconds left.
|l| LT91BB W.Rounar
|l| Alexlch
|j| Chomp42
|inactive|kinetic chain has 90 seconds left.
|
|t:|1660390096
|move|p1a: Pelipper|Scald|p2a: Ferrothorn
|-resisted|p2a: Ferrothorn
|-damage|p2a: Ferrothorn|55/100
|-status|p2a: Ferrothorn|brn
|move|p2a: Ferrothorn|Leech Seed|p1a: Pelipper
|-start|p1a: Pelipper|move: Leech Seed
|
|-weather|RainDance|[upkeep]
|-heal|p2a: Ferrothorn|61/100 brn|[from] item: Leftovers
|-damage|p1a: Pelipper|16/100|[from] Leech Seed|[of] p2a: Ferrothorn
|-heal|p2a: Ferrothorn|73/100 brn|[silent]
|-damage|p2a: Ferrothorn|67/100 brn|[from] brn
|upkeep
|turn|29
|
|t:|1660390103
|move|p1a: Pelipper|U-turn|p2a: Ferrothorn
|-damage|p2a: Ferrothorn|61/100 brn
|-damage|p1a: Pelipper|4/100|[from] ability: Iron Barbs|[of] p2a: Ferrothorn
|
|t:|1660390105
|switch|p1a: Barraskewda|Barraskewda, M|76/100|[from]move: U-turn
|move|p2a: Ferrothorn|Stealth Rock|p1a: Barraskewda
|-sidestart|p1: LT93OQ Lio|move: Stealth Rock
|
|-weather|RainDance|[upkeep]
|-heal|p2a: Ferrothorn|67/100 brn|[from] item: Leftovers
|-damage|p2a: Ferrothorn|61/100 brn|[from] brn
|-fieldend|move: Psychic Terrain
|upkeep
|turn|30
|
|t:|1660390108
|move|p1a: Barraskewda|Close Combat|p2a: Ferrothorn
|-supereffective|p2a: Ferrothorn
|-damage|p2a: Ferrothorn|0 fnt
|-unboost|p1a: Barraskewda|def|1
|-unboost|p1a: Barraskewda|spd|1
|-damage|p1a: Barraskewda|64/100|[from] ability: Iron Barbs|[of] p2a: Ferrothorn
|faint|p2a: Ferrothorn
|
|win|LT93OQ Lio
|raw|LT93OQ Lio's rating: 1715 &rarr; <strong>1744</strong><br />(+29 for winning)
|raw|kinetic chain's rating: 1890 &rarr; <strong>1861</strong><br />(-29 for losing)
|l| Kobayashi Tohru
|l|‽kinetic chain
|l| Chomp42
|l| KingRon265
