|html|<div class="broadcast-blue"><strong>[Gen 8] OU is currently suspecting Spectrier! For information on how to participate check out the <a href="https://www.smogon.com/forums/threads/np-ss-ou-suspect-process-round-9-old-town-road.3676744/">suspect thread</a>.</strong></div>
|j|☆RufflesPro
|j|☆I'M AT MY LIMIT
|t:|1611188740
|player|p1|RufflesPro|benga|
|player|p2|I'M AT MY LIMIT|dawn|
|teamsize|p1|6
|teamsize|p2|6
|gametype|singles
|gen|8
|tier|[Gen 8] OU
|clearpoke
|poke|p1|Tapu Lele|
|poke|p1|Cinderace, M|
|poke|p1|Slowbro, F|
|poke|p1|Porygon2|
|poke|p1|Corviknight, M|
|poke|p1|Garchomp, M|
|poke|p2|Tyranitar, F|
|poke|p2|Excadrill, M|
|poke|p2|Skarmory, F|
|poke|p2|Reuniclus, M|
|poke|p2|Toxapex, F|
|poke|p2|Blissey, F|
|rule|Sleep Clause Mod: Limit one foe put to sleep
|rule|Species Clause: Limit one of each Pokémon
|rule|OHKO Clause: OHKO moves are banned
|rule|Evasion Moves Clause: Evasion moves are banned
|rule|Endless Battle Clause: Forcing endless battles is banned
|rule|HP Percentage Mod: HP is shown in percentages
|rule|Dynamax Clause: You cannot dynamax
|teampreview
|inactive|Battle timer is ON: inactive players will automatically lose when time's up. (requested by I'M AT MY LIMIT)
|
|t:|1611188747
|start
|switch|p1a: Slowbro|Slowbro, F|100/100
|switch|p2a: 💃|Tyranitar, F|100/100
|-weather|Sandstorm|[from] ability: Sand Stream|[of] p2a: 💃
|turn|1
|
|t:|1611188761
|switch|p1a: Corviknight|Corviknight, M|100/100
|-ability|p1a: Corviknight|Pressure
|move|p2a: 💃|Toxic|p1a: Corviknight
|-immune|p1a: Corviknight
|
|-weather|Sandstorm|[upkeep]
|upkeep
|turn|2
|
|t:|1611188765
|switch|p2a: 🛢|Toxapex, F|100/100
|move|p1a: Corviknight|U-turn|p2a: 🛢
|-resisted|p2a: 🛢
|-damage|p2a: 🛢|96/100
|-damage|p1a: Corviknight|84/100|[from] item: Rocky Helmet|[of] p2a: 🛢
|
|t:|1611188769
|switch|p1a: Slowbro|Slowbro, F|100/100|[from]move: U-turn
|
|-weather|Sandstorm|[upkeep]
|-damage|p2a: 🛢|90/100|[from] Sandstorm
|-damage|p1a: Slowbro|94/100|[from] Sandstorm
|upkeep
|turn|3
|
|t:|1611188776
|switch|p2a: DaBaby|Reuniclus, M|100/100
|move|p1a: Slowbro|Future Sight|p2a: DaBaby
|-start|p1a: Slowbro|move: Future Sight
|
|-weather|Sandstorm|[upkeep]
|-damage|p1a: Slowbro|88/100|[from] Sandstorm
|upkeep
|turn|4
|
|t:|1611188779
|move|p2a: DaBaby|Calm Mind|p2a: DaBaby
|-boost|p2a: DaBaby|spa|1
|-boost|p2a: DaBaby|spd|1
|move|p1a: Slowbro|Teleport|p1a: Slowbro
|
|t:|1611188789
|switch|p1a: Cinderace|Cinderace, M|100/100|[from]move: Teleport
|
|-weather|Sandstorm|[upkeep]
|-damage|p1a: Cinderace|95/100|[from] Sandstorm
|upkeep
|turn|5
|
|t:|1611188796
|switch|p2a: SKAWWWW|Skarmory, F|100/100
|move|p1a: Cinderace|U-turn|p2a: SKAWWWW
|-start|p1a: Cinderace|typechange|Bug|[from] ability: Libero
|-resisted|p2a: SKAWWWW
|-damage|p2a: SKAWWWW|95/100
|-damage|p1a: Cinderace|78/100|[from] item: Rocky Helmet|[of] p2a: SKAWWWW
|
|t:|1611188799
|switch|p1a: Tapu Lele|Tapu Lele|100/100|[from]move: U-turn
|-fieldstart|move: Psychic Terrain|[from] ability: Psychic Surge|[of] p1a: Tapu Lele
|
|-weather|none
|-end|p2a: SKAWWWW|move: Future Sight
|-resisted|p2a: SKAWWWW
|-damage|p2a: SKAWWWW|60/100
|upkeep
|turn|6
|
|t:|1611188805
|switch|p2a: HEY WAIT STOP|Blissey, F|100/100
|move|p1a: Tapu Lele|Psychic|p2a: HEY WAIT STOP
|-damage|p2a: HEY WAIT STOP|62/100
|
|upkeep
|turn|7
|
|t:|1611188809
|move|p1a: Tapu Lele|Psychic|p2a: HEY WAIT STOP
|-damage|p2a: HEY WAIT STOP|22/100
|move|p2a: HEY WAIT STOP|Soft-Boiled|p2a: HEY WAIT STOP
|-heal|p2a: HEY WAIT STOP|72/100
|
|upkeep
|turn|8
|
|t:|1611188813
|switch|p1a: Slowbro|Slowbro, F|100/100
|move|p2a: HEY WAIT STOP|Thunder Wave|p1a: Slowbro
|-status|p1a: Slowbro|par
|
|upkeep
|turn|9
|
|t:|1611188819
|switch|p2a: DaBaby|Reuniclus, M|100/100
|move|p1a: Slowbro|Future Sight|p2a: DaBaby
|-start|p1a: Slowbro|move: Future Sight
|
|-fieldend|move: Psychic Terrain
|upkeep
|turn|10
|
|t:|1611188826
|move|p2a: DaBaby|Calm Mind|p2a: DaBaby
|-boost|p2a: DaBaby|spa|1
|-boost|p2a: DaBaby|spd|1
|move|p1a: Slowbro|Teleport|p1a: Slowbro
|
|t:|1611188829
|switch|p1a: Cinderace|Cinderace, M|78/100|[from]move: Teleport
|
|upkeep
|turn|11
|
|t:|1611188834
|move|p1a: Cinderace|U-turn|p2a: DaBaby
|-start|p1a: Cinderace|typechange|Bug|[from] ability: Libero
|-supereffective|p2a: DaBaby
|-damage|p2a: DaBaby|48/100
|
|t:|1611188837
|switch|p1a: Slowbro|Slowbro, F|100/100 par|[from]move: U-turn
|move|p2a: DaBaby|Recover|p2a: DaBaby
|-heal|p2a: DaBaby|98/100
|
|-end|p2a: DaBaby|move: Future Sight
|-resisted|p2a: DaBaby
|-damage|p2a: DaBaby|84/100
|-heal|p2a: DaBaby|91/100|[from] item: Leftovers
|upkeep
|turn|12
|
|t:|1611188846
|move|p2a: DaBaby|Calm Mind|p2a: DaBaby
|-boost|p2a: DaBaby|spa|1
|-boost|p2a: DaBaby|spd|1
|cant|p1a: Slowbro|par
|
|-heal|p2a: DaBaby|97/100|[from] item: Leftovers
|upkeep
|turn|13
|
|t:|1611188849
|move|p2a: DaBaby|Calm Mind|p2a: DaBaby
|-boost|p2a: DaBaby|spa|1
|-boost|p2a: DaBaby|spd|1
|move|p1a: Slowbro|Teleport|p1a: Slowbro
|
|t:|1611188851
|switch|p1a: Cinderace|Cinderace, M|78/100|[from]move: Teleport
|
|-heal|p2a: DaBaby|100/100|[from] item: Leftovers
|upkeep
|turn|14
|
|t:|1611188858
|move|p1a: Cinderace|U-turn|p2a: DaBaby
|-start|p1a: Cinderace|typechange|Bug|[from] ability: Libero
|-supereffective|p2a: DaBaby
|-damage|p2a: DaBaby|51/100
|
|t:|1611188861
|switch|p1a: Porygon2|Porygon2|100/100|[from]move: U-turn
|-ability|p1a: Porygon2|Magic Guard|[from] ability: Trace|[of] p2a: DaBaby
|move|p2a: DaBaby|Psyshock|p1a: Porygon2
|-damage|p1a: Porygon2|42/100
|
|-heal|p2a: DaBaby|57/100|[from] item: Leftovers
|upkeep
|turn|15
|
|t:|1611188869
|move|p1a: Porygon2|Thunder Wave|p2a: DaBaby
|-status|p2a: DaBaby|par
|move|p2a: DaBaby|Psyshock|p1a: Porygon2
|-damage|p1a: Porygon2|0 fnt
|faint|p1a: Porygon2
|
|-heal|p2a: DaBaby|63/100 par|[from] item: Leftovers
|upkeep
|
|t:|1611188872
|switch|p1a: Cinderace|Cinderace, M|78/100
|turn|16
|
|t:|1611188877
|move|p1a: Cinderace|U-turn|p2a: DaBaby
|-start|p1a: Cinderace|typechange|Bug|[from] ability: Libero
|-supereffective|p2a: DaBaby
|-damage|p2a: DaBaby|17/100 par
|
|t:|1611188880
|switch|p1a: Corviknight|Corviknight, M|84/100|[from]move: U-turn
|-ability|p1a: Corviknight|Pressure
|move|p2a: DaBaby|Recover|p2a: DaBaby
|-heal|p2a: DaBaby|67/100 par
|
|-heal|p2a: DaBaby|74/100 par|[from] item: Leftovers
|upkeep
|turn|17
|
|t:|1611188884
|move|p1a: Corviknight|U-turn|p2a: DaBaby
|-supereffective|p2a: DaBaby
|-damage|p2a: DaBaby|52/100 par
|
|t:|1611188886
|switch|p1a: Slowbro|Slowbro, F|100/100 par|[from]move: U-turn
|move|p2a: DaBaby|Focus Blast|p1a: Slowbro
|-resisted|p1a: Slowbro
|-damage|p1a: Slowbro|55/100 par
|
|-heal|p2a: DaBaby|59/100 par|[from] item: Leftovers
|upkeep
|turn|18
|
|t:|1611188890
|move|p2a: DaBaby|Recover|p2a: DaBaby
|-heal|p2a: DaBaby|100/100 par
|move|p1a: Slowbro|Teleport|p1a: Slowbro
|
|t:|1611188892
|switch|p1a: Cinderace|Cinderace, M|78/100|[from]move: Teleport
|
|upkeep
|turn|19
|
|t:|1611188897
|move|p1a: Cinderace|U-turn|p2a: DaBaby
|-start|p1a: Cinderace|typechange|Bug|[from] ability: Libero
|-supereffective|p2a: DaBaby
|-damage|p2a: DaBaby|55/100 par
|
|t:|1611188900
|switch|p1a: Corviknight|Corviknight, M|84/100|[from]move: U-turn
|-ability|p1a: Corviknight|Pressure
|move|p2a: DaBaby|Recover|p2a: DaBaby
|-heal|p2a: DaBaby|100/100 par
|
|upkeep
|turn|20
|
|t:|1611188905
|switch|p2a: 🛢|Toxapex, F|100/100
|move|p1a: Corviknight|U-turn|p2a: 🛢
|-resisted|p2a: 🛢
|-damage|p2a: 🛢|96/100
|-damage|p1a: Corviknight|67/100|[from] item: Rocky Helmet|[of] p2a: 🛢
|
|t:|1611188909
|switch|p1a: Slowbro|Slowbro, F|88/100 par|[from]move: U-turn
|
|upkeep
|turn|21
|
|t:|1611188911
|switch|p2a: 💃|Tyranitar, F|100/100
|-weather|Sandstorm|[from] ability: Sand Stream|[of] p2a: 💃
|move|p1a: Slowbro|Future Sight|p2a: 💃
|-start|p1a: Slowbro|move: Future Sight
|
|-weather|Sandstorm|[upkeep]
|-damage|p1a: Slowbro|82/100 par|[from] Sandstorm
|upkeep
|turn|22
|
|t:|1611188931
|move|p2a: 💃|Stealth Rock|p1a: Slowbro
|-sidestart|p1: RufflesPro|move: Stealth Rock
|cant|p1a: Slowbro|par
|
|-weather|Sandstorm|[upkeep]
|-damage|p1a: Slowbro|76/100 par|[from] Sandstorm
|upkeep
|turn|23
|
|t:|1611188937
|move|p2a: 💃|Crunch|p1a: Slowbro
|-supereffective|p1a: Slowbro
|-damage|p1a: Slowbro|31/100 par
|-unboost|p1a: Slowbro|def|1
|-damage|p2a: 💃|84/100|[from] item: Rocky Helmet|[of] p1a: Slowbro
|cant|p1a: Slowbro|par
|
|-weather|Sandstorm|[upkeep]
|-damage|p1a: Slowbro|25/100 par|[from] Sandstorm
|-end|p2a: 💃|move: Future Sight
|-immune|p2a: 💃
|-heal|p2a: 💃|90/100|[from] item: Leftovers
|upkeep
|turn|24
|c|☆RufflesPro|i dont understand how i got para'd 3/5 times and you sat there for no paras for like 9 turns lol
|
|t:|1611188954
|switch|p1a: Corviknight|Corviknight, M|67/100
|-damage|p1a: Corviknight|55/100|[from] Stealth Rock
|-ability|p1a: Corviknight|Pressure
|move|p2a: 💃|Crunch|p1a: Corviknight
|-damage|p1a: Corviknight|34/100
|-damage|p2a: 💃|74/100|[from] item: Rocky Helmet|[of] p1a: Corviknight
|
|-weather|Sandstorm|[upkeep]
|-heal|p2a: 💃|80/100|[from] item: Leftovers
|upkeep
|turn|25
|c|☆I'M AT MY LIMIT|As it do
|
|t:|1611188964
|switch|p2a: 🛢|Toxapex, F|100/100
|move|p1a: Corviknight|Roost|p1a: Corviknight
|-heal|p1a: Corviknight|84/100
|-singleturn|p1a: Corviknight|move: Roost
|
|-weather|none
|upkeep
|turn|26
|
|t:|1611188970
|switch|p2a: SKAWWWW|Skarmory, F|60/100
|move|p1a: Corviknight|Defog|p2a: SKAWWWW
|-unboost|p2a: SKAWWWW|evasion|1
|-sideend|p1: RufflesPro|Stealth Rock|[from] move: Defog|[of] p1a: Corviknight
|
|upkeep
|turn|27
|
|t:|1611188974
|switch|p1a: Slowbro|Slowbro, F|58/100 par
|move|p2a: SKAWWWW|Roost|p2a: SKAWWWW
|-heal|p2a: SKAWWWW|100/100
|-singleturn|p2a: SKAWWWW|move: Roost
|
|upkeep
|turn|28
|
|t:|1611188983
|switch|p2a: 💃|Tyranitar, F|80/100
|-weather|Sandstorm|[from] ability: Sand Stream|[of] p2a: 💃
|move|p1a: Slowbro|Teleport|p1a: Slowbro
|inactive|RufflesPro has 270 seconds left.
|c|☆RufflesPro|ye this is a bad matchup cant win it unless its hax free and play good so
|c|☆RufflesPro|gg
|c|☆RufflesPro|wp
|-message|RufflesPro forfeited.
|
|win|I'M AT MY LIMIT
|c|☆I'M AT MY LIMIT|Gg
|c|☆RufflesPro|im get reqs btw
