|html|<div class="broadcast-blue"><strong>[Gen 8] OU is currently suspecting Melmetal! For information on how to participate check out the <a href="https://www.smogon.com/forums/threads/np-ss-ou-suspect-process-round-12-monster-mash.3709234/">suspect thread</a>.</strong></div>
|j|☆wuyanwuyou
|j|‽george malone
|t:|1666255663
|gametype|singles
|player|p1|wuyanwuyou|cynthia-masters|1662
|player|p2|george malone|giovanni-gen1|1782
|teamsize|p1|6
|teamsize|p2|6
|gen|8
|tier|[Gen 8] OU
|rated|
|rule|Sleep Clause Mod: Limit one foe put to sleep
|rule|Species Clause: Limit one of each Pokémon
|rule|OHKO Clause: OHKO moves are banned
|rule|Evasion Items Clause: Evasion items are banned
|rule|Evasion Moves Clause: Evasion moves are banned
|rule|Endless Battle Clause: Forcing endless battles is banned
|rule|HP Percentage Mod: HP is shown in percentages
|rule|Dynamax Clause: You cannot dynamax
|clearpoke
|poke|p1|Zapdos|
|poke|p1|Clefable, F|
|poke|p1|Toxapex, M|
|poke|p1|Skarmory, F|
|poke|p1|Quagsire, F|
|poke|p1|Cresselia, F|
|poke|p2|Rillaboom, F|
|poke|p2|Hippowdon, F|
|poke|p2|Rotom-Wash|
|poke|p2|Tornadus-Therian, M|
|poke|p2|Clefable, M|
|poke|p2|Melmetal|
|teampreview
|inactive|Battle timer is ON: inactive players will automatically lose when time's up. (requested by george malone)
|
|t:|1666255697
|start
|switch|p1a: Skarmory|Skarmory, F, shiny|100/100
|switch|p2a: Tornadus|Tornadus-Therian, M|100/100
|turn|1
|
|t:|1666255710
|switch|p1a: Toxapex|Toxapex, M|100/100
|move|p2a: Tornadus|Knock Off|p1a: Toxapex
|-damage|p1a: Toxapex|86/100
|-enditem|p1a: Toxapex|Shed Shell|[from] move: Knock Off|[of] p2a: Tornadus
|
|upkeep
|turn|2
|
|t:|1666255721
|move|p2a: Tornadus|U-turn|p1a: Toxapex
|-resisted|p1a: Toxapex
|-damage|p1a: Toxapex|81/100
|
|t:|1666255722
|switch|p2a: Clefable|Clefable, M|100/100|[from]move: U-turn
|move|p1a: Toxapex|Knock Off|p2a: Clefable
|-resisted|p2a: Clefable
|-damage|p2a: Clefable|94/100
|
|-damage|p1a: Toxapex|68/100|[from] item: Sticky Barb
|upkeep
|turn|3
|
|t:|1666255741
|switch|p1a: Zapdos|Zapdos|100/100
|-ability|p1a: Zapdos|Pressure
|move|p2a: Clefable|Thunder Wave|p1a: Zapdos
|-immune|p1a: Zapdos
|
|upkeep
|turn|4
|
|t:|1666255748
|move|p1a: Zapdos|Volt Switch|p2a: Clefable
|-damage|p2a: Clefable|68/100
|
|t:|1666255756
|switch|p1a: Clefable|Clefable, F, shiny|100/100|[from]move: Volt Switch
|move|p2a: Clefable|Soft-Boiled|p2a: Clefable
|-heal|p2a: Clefable|100/100
|
|upkeep
|turn|5
|
|t:|1666255761
|move|p2a: Clefable|Thunder Wave|p1a: Clefable
|-status|p1a: Clefable|par
|move|p1a: Clefable|Stealth Rock|p2a: Clefable
|-sidestart|p2: george malone|move: Stealth Rock
|
|upkeep
|turn|6
|
|t:|1666255766
|switch|p2a: Hippowdon|Hippowdon, F|100/100
|-damage|p2a: Hippowdon|94/100|[from] Stealth Rock
|-weather|Sandstorm|[from] ability: Sand Stream|[of] p2a: Hippowdon
|cant|p1a: Clefable|par
|
|-weather|Sandstorm|[upkeep]
|-heal|p2a: Hippowdon|100/100|[from] item: Leftovers
|upkeep
|turn|7
|
|t:|1666255775
|move|p2a: Hippowdon|Stealth Rock|p1a: Clefable
|-sidestart|p1: wuyanwuyou|move: Stealth Rock
|move|p1a: Clefable|Heal Bell|p1a: Clefable
|-activate|p1a: Clefable|move: Heal Bell
|-curestatus|p1a: Clefable|par|[msg]
|
|-weather|Sandstorm|[upkeep]
|upkeep
|turn|8
|
|t:|1666255788
|switch|p1a: Skarmory|Skarmory, F, shiny|100/100
|-damage|p1a: Skarmory|88/100|[from] Stealth Rock
|switch|p2a: Clefable|Clefable, M|100/100
|
|-weather|Sandstorm|[upkeep]
|upkeep
|turn|9
|
|t:|1666255808
|move|p1a: Skarmory|Spikes|p2a: Clefable
|-sidestart|p2: george malone|Spikes
|move|p2a: Clefable|Thunder Wave|p1a: Skarmory
|-status|p1a: Skarmory|par
|
|-weather|Sandstorm|[upkeep]
|upkeep
|turn|10
|
|t:|1666255812
|switch|p2a: Tornadus|Tornadus-Therian, M|100/100
|switch|p1a: Zapdos|Zapdos|100/100
|-ability|p1a: Zapdos|Pressure
|
|-weather|none
|upkeep
|turn|11
|
|t:|1666255822
|move|p2a: Tornadus|Defog|p1a: Zapdos
|-unboost|p1a: Zapdos|evasion|1
|-sideend|p1: wuyanwuyou|Stealth Rock|[from] move: Defog|[of] p2a: Tornadus
|-sideend|p2: george malone|Spikes|[from] move: Defog|[of] p2a: Tornadus
|-sideend|p2: george malone|Stealth Rock|[from] move: Defog|[of] p2a: Tornadus
|move|p1a: Zapdos|Volt Switch|p2a: Tornadus
|-supereffective|p2a: Tornadus
|-damage|p2a: Tornadus|40/100
|
|t:|1666255831
|switch|p1a: Clefable|Clefable, F, shiny|100/100|[from]move: Volt Switch
|
|upkeep
|turn|12
|
|t:|1666255838
|switch|p2a: Hippowdon|Hippowdon, F|100/100
|-weather|Sandstorm|[from] ability: Sand Stream|[of] p2a: Hippowdon
|move|p1a: Clefable|Stealth Rock|p2a: Hippowdon
|-sidestart|p2: george malone|move: Stealth Rock
|
|-weather|Sandstorm|[upkeep]
|upkeep
|turn|13
|
|t:|1666255850
|switch|p1a: Cresselia|Cresselia, F, shiny|100/100
|move|p2a: Hippowdon|Stealth Rock|p1a: Cresselia
|-sidestart|p1: wuyanwuyou|move: Stealth Rock
|
|-weather|Sandstorm|[upkeep]
|-damage|p1a: Cresselia|94/100|[from] Sandstorm
|-heal|p1a: Cresselia|100/100|[from] item: Leftovers
|upkeep
|turn|14
|
|t:|1666255856
|move|p1a: Cresselia|Toxic|p2a: Hippowdon|[miss]
|-miss|p1a: Cresselia|p2a: Hippowdon
|move|p2a: Hippowdon|Toxic|p1a: Cresselia
|-status|p1a: Cresselia|tox
|
|-weather|Sandstorm|[upkeep]
|-damage|p1a: Cresselia|94/100 tox|[from] Sandstorm
|-heal|p1a: Cresselia|100/100 tox|[from] item: Leftovers
|-damage|p1a: Cresselia|94/100 tox|[from] psn
|upkeep
|turn|15
|
|t:|1666255864
|switch|p1a: Skarmory|Skarmory, F, shiny|88/100 par
|-damage|p1a: Skarmory|76/100 par|[from] Stealth Rock
|switch|p2a: Melmetal|Melmetal|100/100
|-damage|p2a: Melmetal|94/100|[from] Stealth Rock
|
|-weather|Sandstorm|[upkeep]
|-heal|p2a: Melmetal|100/100|[from] item: Leftovers
|upkeep
|turn|16
|
|t:|1666255869
|switch|p2a: Rotom|Rotom-Wash|100/100
|-damage|p2a: Rotom|88/100|[from] Stealth Rock
|move|p1a: Skarmory|Body Press|p2a: Rotom
|-damage|p2a: Rotom|56/100
|
|-weather|none
|-heal|p2a: Rotom|62/100|[from] item: Leftovers
|upkeep
|turn|17
|
|t:|1666255882
|switch|p1a: Clefable|Clefable, F, shiny|100/100
|move|p2a: Rotom|Pain Split|p1a: Clefable
|-sethp|p1a: Clefable|74/100|[from] move: Pain Split|[silent]
|-sethp|p2a: Rotom|96/100|[from] move: Pain Split
|
|-heal|p2a: Rotom|100/100|[from] item: Leftovers
|upkeep
|turn|18
|
|t:|1666255891
|move|p2a: Rotom|Hydro Pump|p1a: Clefable|[miss]
|-miss|p2a: Rotom|p1a: Clefable
|move|p1a: Clefable|Heal Bell|p1a: Clefable
|-activate|p1a: Clefable|move: Heal Bell
|-curestatus|p1: Cresselia|tox|[msg]
|-curestatus|p1: Skarmory|par|[msg]
|
|upkeep
|turn|19
|
|t:|1666255900
|move|p2a: Rotom|Will-O-Wisp|p1a: Clefable
|-status|p1a: Clefable|brn
|move|p1a: Clefable|Moonblast|p2a: Rotom
|-damage|p2a: Rotom|74/100
|
|-heal|p2a: Rotom|80/100|[from] item: Leftovers
|upkeep
|turn|20
|
|t:|1666255911
|move|p2a: Rotom|Hydro Pump|p1a: Clefable
|-damage|p1a: Clefable|46/100 brn
|move|p1a: Clefable|Moonblast|p2a: Rotom
|-damage|p2a: Rotom|53/100
|
|-heal|p2a: Rotom|59/100|[from] item: Leftovers
|upkeep
|turn|21
|
|t:|1666255916
|move|p2a: Rotom|Hydro Pump|p1a: Clefable
|-damage|p1a: Clefable|17/100 brn
|move|p1a: Clefable|Soft-Boiled|p1a: Clefable
|-heal|p1a: Clefable|67/100 brn
|
|-heal|p2a: Rotom|65/100|[from] item: Leftovers
|upkeep
|turn|22
|
|t:|1666255923
|move|p2a: Rotom|Will-O-Wisp|p1a: Clefable
|-fail|p1a: Clefable|brn
|move|p1a: Clefable|Soft-Boiled|p1a: Clefable
|-heal|p1a: Clefable|100/100 brn
|
|-heal|p2a: Rotom|71/100|[from] item: Leftovers
|upkeep
|turn|23
|
|t:|1666255937
|move|p2a: Rotom|Hydro Pump|p1a: Clefable|[miss]
|-miss|p2a: Rotom|p1a: Clefable
|move|p1a: Clefable|Moonblast|p2a: Rotom
|-damage|p2a: Rotom|44/100
|
|-heal|p2a: Rotom|50/100|[from] item: Leftovers
|upkeep
|turn|24
|
|t:|1666255940
|move|p2a: Rotom|Pain Split|p1a: Clefable
|-sethp|p1a: Clefable|70/100 brn|[from] move: Pain Split|[silent]
|-sethp|p2a: Rotom|90/100|[from] move: Pain Split
|move|p1a: Clefable|Moonblast|p2a: Rotom
|-damage|p2a: Rotom|66/100
|
|-heal|p2a: Rotom|71/100|[from] item: Leftovers
|upkeep
|turn|25
|
|t:|1666255942
|move|p2a: Rotom|Volt Switch|p1a: Clefable
|-damage|p1a: Clefable|52/100 brn
|
|t:|1666255950
|switch|p2a: Clefable|Clefable, M|100/100|[from]move: Volt Switch
|move|p1a: Clefable|Soft-Boiled|p1a: Clefable
|-heal|p1a: Clefable|100/100 brn
|
|upkeep
|turn|26
|
|t:|1666255956
|move|p2a: Clefable|Moonblast|p1a: Clefable
|-damage|p1a: Clefable|78/100 brn
|move|p1a: Clefable|Moonblast|p2a: Clefable
|-crit|p2a: Clefable
|-damage|p2a: Clefable|60/100
|-unboost|p2a: Clefable|spa|1
|
|upkeep
|turn|27
|
|t:|1666255964
|move|p2a: Clefable|Soft-Boiled|p2a: Clefable
|-heal|p2a: Clefable|100/100
|move|p1a: Clefable|Moonblast|p2a: Clefable
|-damage|p2a: Clefable|70/100
|
|upkeep
|turn|28
|
|t:|1666255969
|move|p2a: Clefable|Moonblast|p1a: Clefable
|-damage|p1a: Clefable|64/100 brn
|move|p1a: Clefable|Moonblast|p2a: Clefable
|-damage|p2a: Clefable|43/100
|-unboost|p2a: Clefable|spa|1
|
|upkeep
|turn|29
|
|t:|1666255971
|move|p2a: Clefable|Soft-Boiled|p2a: Clefable
|-heal|p2a: Clefable|93/100
|move|p1a: Clefable|Soft-Boiled|p1a: Clefable
|-heal|p1a: Clefable|100/100 brn
|
|upkeep
|turn|30
|
|t:|1666255979
|switch|p2a: Melmetal|Melmetal|100/100
|-damage|p2a: Melmetal|94/100|[from] Stealth Rock
|move|p1a: Clefable|Moonblast|p2a: Melmetal
|-resisted|p2a: Melmetal
|-damage|p2a: Melmetal|79/100
|
|-heal|p2a: Melmetal|85/100|[from] item: Leftovers
|upkeep
|turn|31
|
|t:|1666255988
|switch|p1a: Skarmory|Skarmory, F, shiny|76/100
|-damage|p1a: Skarmory|64/100|[from] Stealth Rock
|switch|p2a: Tornadus|Tornadus-Therian, M|73/100
|
|upkeep
|turn|32
|
|t:|1666255996
|switch|p1a: Clefable|Clefable, F, shiny|100/100 brn
|move|p2a: Tornadus|Hurricane|p1a: Clefable|[miss]
|-miss|p2a: Tornadus|p1a: Clefable
|
|upkeep
|turn|33
|
|t:|1666256003
|move|p2a: Tornadus|Defog|p1a: Clefable
|-unboost|p1a: Clefable|evasion|1
|-sideend|p1: wuyanwuyou|Stealth Rock|[from] move: Defog|[of] p2a: Tornadus
|-sideend|p2: george malone|Stealth Rock|[from] move: Defog|[of] p2a: Tornadus
|move|p1a: Clefable|Moonblast|p2a: Tornadus
|-damage|p2a: Tornadus|39/100
|-unboost|p2a: Tornadus|spa|1
|
|upkeep
|turn|34
|
|t:|1666256011
|move|p2a: Tornadus|U-turn|p1a: Clefable
|-resisted|p1a: Clefable
|-damage|p1a: Clefable|92/100 brn
|
|t:|1666256013
|switch|p2a: Hippowdon|Hippowdon, F|100/100|[from]move: U-turn
|-weather|Sandstorm|[from] ability: Sand Stream|[of] p2a: Hippowdon
|move|p1a: Clefable|Stealth Rock|p2a: Hippowdon
|-sidestart|p2: george malone|move: Stealth Rock
|
|-weather|Sandstorm|[upkeep]
|upkeep
|turn|35
|
|t:|1666256028
|switch|p1a: Skarmory|Skarmory, F, shiny|64/100
|move|p2a: Hippowdon|Stealth Rock|p1a: Skarmory
|-sidestart|p1: wuyanwuyou|move: Stealth Rock
|
|-weather|Sandstorm|[upkeep]
|upkeep
|turn|36
|
|t:|1666256034
|switch|p2a: Rotom|Rotom-Wash|71/100
|-damage|p2a: Rotom|59/100|[from] Stealth Rock
|move|p1a: Skarmory|Toxic|p2a: Rotom
|-status|p2a: Rotom|tox
|
|-weather|Sandstorm|[upkeep]
|-damage|p2a: Rotom|53/100 tox|[from] Sandstorm
|-heal|p2a: Rotom|59/100 tox|[from] item: Leftovers
|-damage|p2a: Rotom|53/100 tox|[from] psn
|upkeep
|turn|37
|
|t:|1666256044
|switch|p1a: Clefable|Clefable, F, shiny|92/100 brn
|move|p2a: Rotom|Pain Split|p1a: Clefable
|-sethp|p1a: Clefable|67/100 brn|[from] move: Pain Split|[silent]
|-sethp|p2a: Rotom|87/100 tox|[from] move: Pain Split
|
|-weather|Sandstorm|[upkeep]
|-damage|p2a: Rotom|81/100 tox|[from] Sandstorm
|-heal|p2a: Rotom|87/100 tox|[from] item: Leftovers
|-damage|p2a: Rotom|75/100 tox|[from] psn
|upkeep
|turn|38
|
|t:|1666256050
|move|p2a: Rotom|Volt Switch|p1a: Clefable
|-damage|p1a: Clefable|49/100 brn
|
|t:|1666256054
|switch|p2a: Clefable|Clefable, M|93/100|[from]move: Volt Switch
|move|p1a: Clefable|Soft-Boiled|p1a: Clefable
|-heal|p1a: Clefable|99/100 brn
|
|-weather|none
|upkeep
|turn|39
|
|t:|1666256083
|move|p2a: Clefable|Moonblast|p1a: Clefable
|-damage|p1a: Clefable|78/100 brn
|-unboost|p1a: Clefable|spa|1
|move|p1a: Clefable|Moonblast|p2a: Clefable
|-damage|p2a: Clefable|72/100
|
|upkeep
|turn|40
|
|t:|1666256091
|move|p2a: Clefable|Moonblast|p1a: Clefable
|-damage|p1a: Clefable|57/100 brn
|move|p1a: Clefable|Moonblast|p2a: Clefable
|-damage|p2a: Clefable|51/100
|
|upkeep
|turn|41
|
|t:|1666256097
|move|p2a: Clefable|Moonblast|p1a: Clefable
|-damage|p1a: Clefable|37/100 brn
|move|p1a: Clefable|Soft-Boiled|p1a: Clefable
|-heal|p1a: Clefable|87/100 brn
|
|upkeep
|turn|42
|
|t:|1666256112
|switch|p1a: Zapdos|Zapdos|100/100
|-ability|p1a: Zapdos|Pressure
|move|p2a: Clefable|Soft-Boiled|p2a: Clefable
|-heal|p2a: Clefable|100/100
|
|upkeep
|turn|43
|
|t:|1666256118
|move|p1a: Zapdos|Hurricane|p2a: Clefable
|-damage|p2a: Clefable|56/100
|move|p2a: Clefable|Aromatherapy|p2a: Clefable
|-activate|p2a: Clefable|move: Aromatherapy
|-curestatus|p2: Rotom|tox|[msg]
|
|upkeep
|turn|44
|
|t:|1666256127
|move|p1a: Zapdos|Volt Switch|p2a: Clefable
|-damage|p2a: Clefable|30/100
|
|t:|1666256144
|switch|p1a: Toxapex|Toxapex, M|100/100|[from]move: Volt Switch
|-damage|p1a: Toxapex|88/100|[from] Stealth Rock
|move|p2a: Clefable|Soft-Boiled|p2a: Clefable
|-heal|p2a: Clefable|80/100
|
|-damage|p1a: Toxapex|76/100|[from] item: Sticky Barb
|upkeep
|turn|45
|
|t:|1666256151
|move|p2a: Clefable|Thunder Wave|p1a: Toxapex
|-status|p1a: Toxapex|par
|move|p1a: Toxapex|Knock Off|p2a: Clefable
|-resisted|p2a: Clefable
|-damage|p2a: Clefable|76/100
|
|-damage|p1a: Toxapex|64/100 par|[from] item: Sticky Barb
|upkeep
|turn|46
|
|t:|1666256159
|switch|p1a: Clefable|Clefable, F, shiny|87/100 brn
|move|p2a: Clefable|Moonblast|p1a: Clefable
|-damage|p1a: Clefable|65/100 brn
|-unboost|p1a: Clefable|spa|1
|
|upkeep
|turn|47
|
|t:|1666256164
|move|p2a: Clefable|Moonblast|p1a: Clefable
|-damage|p1a: Clefable|44/100 brn
|-unboost|p1a: Clefable|spa|1
|move|p1a: Clefable|Moonblast|p2a: Clefable
|-damage|p2a: Clefable|61/100
|
|upkeep
|turn|48
|
|t:|1666256167
|move|p2a: Clefable|Moonblast|p1a: Clefable
|-damage|p1a: Clefable|21/100 brn
|move|p1a: Clefable|Soft-Boiled|p1a: Clefable
|-heal|p1a: Clefable|71/100 brn
|
|upkeep
|turn|49
|
|t:|1666256176
|move|p2a: Clefable|Moonblast|p1a: Clefable
|-damage|p1a: Clefable|49/100 brn
|-unboost|p1a: Clefable|spa|1
|move|p1a: Clefable|Soft-Boiled|p1a: Clefable
|-heal|p1a: Clefable|99/100 brn
|
|upkeep
|turn|50
|
|t:|1666256191
|switch|p1a: Cresselia|Cresselia, F, shiny|94/100
|-damage|p1a: Cresselia|82/100|[from] Stealth Rock
|move|p2a: Clefable|Moonblast|p1a: Cresselia
|-damage|p1a: Cresselia|68/100
|-unboost|p1a: Cresselia|spa|1
|
|-heal|p1a: Cresselia|74/100|[from] item: Leftovers
|upkeep
|turn|51
|
|t:|1666256199
|move|p1a: Cresselia|Protect|p1a: Cresselia
|-singleturn|p1a: Cresselia|Protect
|move|p2a: Clefable|Thunder Wave|p1a: Cresselia
|-activate|p1a: Cresselia|move: Protect
|
|-heal|p1a: Cresselia|80/100|[from] item: Leftovers
|upkeep
|turn|52
|
|t:|1666256211
|switch|p1a: Zapdos|Zapdos|100/100
|-ability|p1a: Zapdos|Pressure
|move|p2a: Clefable|Soft-Boiled|p2a: Clefable
|-heal|p2a: Clefable|100/100
|
|upkeep
|turn|53
|
|t:|1666256214
|switch|p2a: Hippowdon|Hippowdon, F|100/100
|-damage|p2a: Hippowdon|94/100|[from] Stealth Rock
|-weather|Sandstorm|[from] ability: Sand Stream|[of] p2a: Hippowdon
|move|p1a: Zapdos|Hurricane|p2a: Hippowdon
|-damage|p2a: Hippowdon|61/100
|
|-weather|Sandstorm|[upkeep]
|-damage|p1a: Zapdos|94/100|[from] Sandstorm
|-heal|p2a: Hippowdon|68/100|[from] item: Leftovers
|upkeep
|turn|54
|
|t:|1666256225
|switch|p1a: Clefable|Clefable, F, shiny|99/100 brn
|move|p2a: Hippowdon|Slack Off|p2a: Hippowdon
|-heal|p2a: Hippowdon|100/100
|
|-weather|Sandstorm|[upkeep]
|upkeep
|turn|55
|
|t:|1666256232
|move|p1a: Clefable|Heal Bell|p1a: Clefable
|-activate|p1a: Clefable|move: Heal Bell
|-curestatus|p1a: Clefable|brn|[msg]
|-curestatus|p1: Toxapex|par|[msg]
|move|p2a: Hippowdon|Earthquake|p1a: Clefable
|-damage|p1a: Clefable|60/100
|
|-weather|Sandstorm|[upkeep]
|upkeep
|turn|56
|
|t:|1666256236
|move|p1a: Clefable|Soft-Boiled|p1a: Clefable
|-heal|p1a: Clefable|100/100
|move|p2a: Hippowdon|Earthquake|p1a: Clefable
|-damage|p1a: Clefable|59/100
|
|-weather|Sandstorm|[upkeep]
|upkeep
|turn|57
|j| kitahara haruki
|
|t:|1666256239
|switch|p1a: Skarmory|Skarmory, F, shiny|64/100
|-damage|p1a: Skarmory|51/100|[from] Stealth Rock
|move|p2a: Hippowdon|Earthquake|p1a: Skarmory
|-immune|p1a: Skarmory
|
|-weather|none
|upkeep
|turn|58
|
|t:|1666256253
|switch|p2a: Tornadus|Tornadus-Therian, M|72/100
|move|p1a: Skarmory|Toxic|p2a: Tornadus
|-status|p2a: Tornadus|tox
|
|-damage|p2a: Tornadus|66/100 tox|[from] psn
|upkeep
|turn|59
|
|t:|1666256266
|switch|p1a: Clefable|Clefable, F, shiny|59/100
|move|p2a: Tornadus|Defog|p1a: Clefable
|-unboost|p1a: Clefable|evasion|1
|-sideend|p1: wuyanwuyou|Stealth Rock|[from] move: Defog|[of] p2a: Tornadus
|-sideend|p2: george malone|Stealth Rock|[from] move: Defog|[of] p2a: Tornadus
|
|-damage|p2a: Tornadus|54/100 tox|[from] psn
|upkeep
|turn|60
|
|t:|1666256273
|move|p2a: Tornadus|U-turn|p1a: Clefable
|-resisted|p1a: Clefable
|-damage|p1a: Clefable|52/100
|
|t:|1666256286
|switch|p2a: Clefable|Clefable, M|100/100|[from]move: U-turn
|move|p1a: Clefable|Stealth Rock|p2a: Clefable
|-sidestart|p2: george malone|move: Stealth Rock
|
|upkeep
|turn|61
|
|t:|1666256302
|move|p2a: Clefable|Moonblast|p1a: Clefable
|-damage|p1a: Clefable|30/100
|move|p1a: Clefable|Moonblast|p2a: Clefable
|-damage|p2a: Clefable|72/100
|
|upkeep
|turn|62
|
|t:|1666256310
|move|p2a: Clefable|Thunder Wave|p1a: Clefable
|-status|p1a: Clefable|par
|move|p1a: Clefable|Soft-Boiled|p1a: Clefable
|-heal|p1a: Clefable|80/100 par
|
|upkeep
|turn|63
|
|t:|1666256325
|move|p2a: Clefable|Soft-Boiled|p2a: Clefable
|-heal|p2a: Clefable|100/100
|cant|p1a: Clefable|par
|
|upkeep
|turn|64
|
|t:|1666256331
|switch|p1a: Zapdos|Zapdos|94/100
|-ability|p1a: Zapdos|Pressure
|move|p2a: Clefable|Aromatherapy|p2a: Clefable
|-activate|p2a: Clefable|move: Aromatherapy
|-curestatus|p2: Tornadus|tox|[msg]
|
|upkeep
|turn|65
|
|t:|1666256334
|switch|p2a: Hippowdon|Hippowdon, F|100/100
|-damage|p2a: Hippowdon|94/100|[from] Stealth Rock
|-weather|Sandstorm|[from] ability: Sand Stream|[of] p2a: Hippowdon
|move|p1a: Zapdos|Hurricane|p2a: Hippowdon|[miss]
|-miss|p1a: Zapdos|p2a: Hippowdon
|
|-weather|Sandstorm|[upkeep]
|-damage|p1a: Zapdos|88/100|[from] Sandstorm
|-heal|p2a: Hippowdon|100/100|[from] item: Leftovers
|upkeep
|turn|66
|
|t:|1666256343
|switch|p1a: Skarmory|Skarmory, F, shiny|51/100
|move|p2a: Hippowdon|Stealth Rock|p1a: Skarmory
|-sidestart|p1: wuyanwuyou|move: Stealth Rock
|
|-weather|Sandstorm|[upkeep]
|upkeep
|turn|67
|
|t:|1666256347
|switch|p2a: Clefable|Clefable, M|100/100
|move|p1a: Skarmory|Spikes|p2a: Clefable
|-sidestart|p2: george malone|Spikes
|
|-weather|Sandstorm|[upkeep]
|upkeep
|turn|68
|
|t:|1666256358
|switch|p1a: Zapdos|Zapdos|88/100
|-ability|p1a: Zapdos|Pressure
|move|p2a: Clefable|Thunder Wave|p1a: Zapdos
|-immune|p1a: Zapdos
|
|-weather|Sandstorm|[upkeep]
|-damage|p1a: Zapdos|82/100|[from] Sandstorm
|upkeep
|turn|69
|
|t:|1666256367
|move|p1a: Zapdos|Hurricane|p2a: Clefable
|-damage|p2a: Clefable|56/100
|move|p2a: Clefable|Moonblast|p1a: Zapdos
|-damage|p1a: Zapdos|62/100
|
|-weather|none
|upkeep
|turn|70
|
|t:|1666256372
|move|p1a: Zapdos|Hurricane|p2a: Clefable
|-damage|p2a: Clefable|13/100
|move|p2a: Clefable|Soft-Boiled|p2a: Clefable
|-heal|p2a: Clefable|64/100
|
|upkeep
|turn|71
|
|t:|1666256380
|move|p1a: Zapdos|Hurricane|p2a: Clefable
|-crit|p2a: Clefable
|-damage|p2a: Clefable|2/100
|-start|p2a: Clefable|confusion
|-activate|p2a: Clefable|confusion
|move|p2a: Clefable|Soft-Boiled|p2a: Clefable
|-heal|p2a: Clefable|52/100
|
|upkeep
|turn|72
|
|t:|1666256387
|switch|p2a: Hippowdon|Hippowdon, F|100/100
|-damage|p2a: Hippowdon|94/100|[from] Stealth Rock
|-damage|p2a: Hippowdon|82/100|[from] Spikes
|-weather|Sandstorm|[from] ability: Sand Stream|[of] p2a: Hippowdon
|move|p1a: Zapdos|Hurricane|p2a: Hippowdon|[miss]
|-miss|p1a: Zapdos|p2a: Hippowdon
|
|-weather|Sandstorm|[upkeep]
|-damage|p1a: Zapdos|56/100|[from] Sandstorm
|-heal|p2a: Hippowdon|88/100|[from] item: Leftovers
|upkeep
|turn|73
|
|t:|1666256399
|switch|p1a: Skarmory|Skarmory, F, shiny|51/100
|-damage|p1a: Skarmory|39/100|[from] Stealth Rock
|move|p2a: Hippowdon|Toxic|p1a: Skarmory
|-immune|p1a: Skarmory
|
|-weather|Sandstorm|[upkeep]
|-heal|p2a: Hippowdon|94/100|[from] item: Leftovers
|upkeep
|turn|74
|
|t:|1666256404
|move|p1a: Skarmory|Roost|p1a: Skarmory
|-heal|p1a: Skarmory|89/100
|-singleturn|p1a: Skarmory|move: Roost
|move|p2a: Hippowdon|Earthquake|p1a: Skarmory
|-supereffective|p1a: Skarmory
|-damage|p1a: Skarmory|46/100
|
|-weather|Sandstorm|[upkeep]
|-heal|p2a: Hippowdon|100/100|[from] item: Leftovers
|upkeep
|turn|75
|
|t:|1666256411
|switch|p2a: Clefable|Clefable, M|52/100
|move|p1a: Skarmory|Toxic|p2a: Clefable
|-status|p2a: Clefable|tox
|
|-weather|Sandstorm|[upkeep]
|upkeep
|turn|76
|
|t:|1666256418
|switch|p1a: Zapdos|Zapdos|56/100
|-ability|p1a: Zapdos|Pressure
|move|p2a: Clefable|Soft-Boiled|p2a: Clefable
|-heal|p2a: Clefable|100/100 tox
|
|-weather|none
|upkeep
|turn|77
|
|t:|1666256422
|move|p1a: Zapdos|Roost|p1a: Zapdos
|-heal|p1a: Zapdos|100/100
|-singleturn|p1a: Zapdos|move: Roost
|move|p2a: Clefable|Moonblast|p1a: Zapdos
|-damage|p1a: Zapdos|79/100
|-unboost|p1a: Zapdos|spa|1
|
|upkeep
|turn|78
|
|t:|1666256427
|move|p1a: Zapdos|Volt Switch|p2a: Clefable
|-damage|p2a: Clefable|82/100 tox
|
|t:|1666256431
|switch|p1a: Toxapex|Toxapex, M|97/100|[from]move: Volt Switch
|-damage|p1a: Toxapex|85/100|[from] Stealth Rock
|move|p2a: Clefable|Thunder Wave|p1a: Toxapex
|-status|p1a: Toxapex|par
|
|-damage|p1a: Toxapex|73/100 par|[from] item: Sticky Barb
|upkeep
|turn|79
|
|t:|1666256441
|move|p2a: Clefable|Moonblast|p1a: Toxapex
|-resisted|p1a: Toxapex
|-damage|p1a: Toxapex|63/100 par
|-unboost|p1a: Toxapex|spa|1
|move|p1a: Toxapex|Toxic Spikes|p2a: Clefable
|-sidestart|p2: george malone|move: Toxic Spikes
|
|-damage|p1a: Toxapex|51/100 par|[from] item: Sticky Barb
|upkeep
|turn|80
|
|t:|1666256450
|move|p2a: Clefable|Thunder Wave|p1a: Toxapex
|-fail|p1a: Toxapex|par
|move|p1a: Toxapex|Knock Off|p2a: Clefable
|-resisted|p2a: Clefable
|-damage|p2a: Clefable|78/100 tox
|
|-damage|p1a: Toxapex|38/100 par|[from] item: Sticky Barb
|upkeep
|turn|81
|
|t:|1666256456
|switch|p2a: Tornadus|Tornadus-Therian, M|87/100
|switch|p1a: Clefable|Clefable, F, shiny|80/100 par
|
|upkeep
|turn|82
|
|t:|1666256465
|move|p2a: Tornadus|Knock Off|p1a: Clefable
|-resisted|p1a: Clefable
|-damage|p1a: Clefable|70/100 par
|-enditem|p1a: Clefable|Sticky Barb|[from] move: Knock Off|[of] p2a: Tornadus
|move|p1a: Clefable|Heal Bell|p1a: Clefable
|-activate|p1a: Clefable|move: Heal Bell
|-curestatus|p1a: Clefable|par|[msg]
|-curestatus|p1: Toxapex|par|[msg]
|
|upkeep
|turn|83
|
|t:|1666256481
|switch|p1a: Zapdos|Zapdos|79/100
|-ability|p1a: Zapdos|Pressure
|move|p2a: Tornadus|Defog|p1a: Zapdos
|-unboost|p1a: Zapdos|evasion|1
|-sideend|p1: wuyanwuyou|Stealth Rock|[from] move: Defog|[of] p2a: Tornadus
|-sideend|p2: george malone|Spikes|[from] move: Defog|[of] p2a: Tornadus
|-sideend|p2: george malone|Toxic Spikes|[from] move: Defog|[of] p2a: Tornadus
|-sideend|p2: george malone|Stealth Rock|[from] move: Defog|[of] p2a: Tornadus
|
|upkeep
|turn|84
|
|t:|1666256491
|switch|p2a: Hippowdon|Hippowdon, F|100/100
|-weather|Sandstorm|[from] ability: Sand Stream|[of] p2a: Hippowdon
|move|p1a: Zapdos|Hurricane|p2a: Hippowdon
|-damage|p2a: Hippowdon|67/100
|-start|p2a: Hippowdon|confusion
|
|-weather|Sandstorm|[upkeep]
|-damage|p1a: Zapdos|73/100|[from] Sandstorm
|-heal|p2a: Hippowdon|73/100|[from] item: Leftovers
|upkeep
|turn|85
|
|t:|1666256502
|move|p1a: Zapdos|Hurricane|p2a: Hippowdon
|-damage|p2a: Hippowdon|39/100
|-activate|p2a: Hippowdon|confusion
|move|p2a: Hippowdon|Slack Off|p2a: Hippowdon
|-heal|p2a: Hippowdon|89/100
|
|-weather|Sandstorm|[upkeep]
|-damage|p1a: Zapdos|67/100|[from] Sandstorm
|-heal|p2a: Hippowdon|95/100|[from] item: Leftovers
|upkeep
|turn|86
|
|t:|1666256511
|switch|p1a: Skarmory|Skarmory, F, shiny|46/100
|-activate|p2a: Hippowdon|confusion
|-damage|p2a: Hippowdon|88/100|[from] confusion
|
|-weather|Sandstorm|[upkeep]
|-heal|p2a: Hippowdon|95/100|[from] item: Leftovers
|upkeep
|turn|87
|
|t:|1666256515
|switch|p2a: Clefable|Clefable, M|78/100 tox
|move|p1a: Skarmory|Roost|p1a: Skarmory
|-heal|p1a: Skarmory|96/100
|-singleturn|p1a: Skarmory|move: Roost
|
|-weather|Sandstorm|[upkeep]
|upkeep
|turn|88
|
|t:|1666256539
|switch|p1a: Zapdos|Zapdos|67/100
|-ability|p1a: Zapdos|Pressure
|move|p2a: Clefable|Thunder Wave|p1a: Zapdos
|-immune|p1a: Zapdos
|
|-weather|none
|upkeep
|turn|89
|
|t:|1666256544
|switch|p2a: Hippowdon|Hippowdon, F|95/100
|-weather|Sandstorm|[from] ability: Sand Stream|[of] p2a: Hippowdon
|move|p1a: Zapdos|Hurricane|p2a: Hippowdon
|-damage|p2a: Hippowdon|62/100
|-start|p2a: Hippowdon|confusion
|
|-weather|Sandstorm|[upkeep]
|-damage|p1a: Zapdos|61/100|[from] Sandstorm
|-heal|p2a: Hippowdon|69/100|[from] item: Leftovers
|upkeep
|turn|90
|
|t:|1666256554
|move|p1a: Zapdos|Hurricane|p2a: Hippowdon
|-damage|p2a: Hippowdon|38/100
|-activate|p2a: Hippowdon|confusion
|-damage|p2a: Hippowdon|30/100|[from] confusion
|
|-weather|Sandstorm|[upkeep]
|-damage|p1a: Zapdos|55/100|[from] Sandstorm
|-heal|p2a: Hippowdon|36/100|[from] item: Leftovers
|upkeep
|turn|91
|
|t:|1666256563
|move|p1a: Zapdos|Hurricane|p2a: Hippowdon
|-damage|p2a: Hippowdon|6/100
|-activate|p2a: Hippowdon|confusion
|move|p2a: Hippowdon|Slack Off|p2a: Hippowdon
|-heal|p2a: Hippowdon|56/100
|
|-weather|Sandstorm|[upkeep]
|-damage|p1a: Zapdos|49/100|[from] Sandstorm
|-heal|p2a: Hippowdon|62/100|[from] item: Leftovers
|upkeep
|turn|92
|
|t:|1666256570
|move|p1a: Zapdos|Hurricane|p2a: Hippowdon
|-damage|p2a: Hippowdon|32/100
|-activate|p2a: Hippowdon|confusion
|move|p2a: Hippowdon|Slack Off|p2a: Hippowdon
|-heal|p2a: Hippowdon|82/100
|
|-weather|Sandstorm|[upkeep]
|-damage|p1a: Zapdos|43/100|[from] Sandstorm
|-heal|p2a: Hippowdon|88/100|[from] item: Leftovers
|upkeep
|turn|93
|
|t:|1666256584
|move|p1a: Zapdos|Roost|p1a: Zapdos
|-heal|p1a: Zapdos|93/100
|-singleturn|p1a: Zapdos|move: Roost
|-end|p2a: Hippowdon|confusion
|move|p2a: Hippowdon|Stealth Rock|p1a: Zapdos
|-sidestart|p1: wuyanwuyou|move: Stealth Rock
|
|-weather|none
|-heal|p2a: Hippowdon|94/100|[from] item: Leftovers
|upkeep
|turn|94
|l| kitahara haruki
|
|t:|1666256593
|switch|p1a: Clefable|Clefable, F, shiny|70/100
|move|p2a: Hippowdon|Toxic|p1a: Clefable
|-status|p1a: Clefable|tox
|
|-heal|p2a: Hippowdon|99/100|[from] item: Leftovers
|upkeep
|turn|95
|
|t:|1666256596
|move|p1a: Clefable|Stealth Rock|p2a: Hippowdon
|-sidestart|p2: george malone|move: Stealth Rock
|move|p2a: Hippowdon|Earthquake|p1a: Clefable
|-damage|p1a: Clefable|28/100 tox
|
|-heal|p2a: Hippowdon|100/100|[from] item: Leftovers
|upkeep
|turn|96
|
|t:|1666256614
|move|p1a: Clefable|Soft-Boiled|p1a: Clefable
|-heal|p1a: Clefable|78/100 tox
|move|p2a: Hippowdon|Earthquake|p1a: Clefable
|-damage|p1a: Clefable|40/100 tox
|
|upkeep
|turn|97
|
|t:|1666256627
|switch|p1a: Skarmory|Skarmory, F, shiny|96/100
|-damage|p1a: Skarmory|84/100|[from] Stealth Rock
|move|p2a: Hippowdon|Earthquake|p1a: Skarmory
|-immune|p1a: Skarmory
|
|upkeep
|turn|98
|
|t:|1666256638
|switch|p2a: Rotom|Rotom-Wash|75/100
|-damage|p2a: Rotom|63/100|[from] Stealth Rock
|move|p1a: Skarmory|Spikes|p2a: Rotom
|-sidestart|p2: george malone|Spikes
|
|-heal|p2a: Rotom|68/100|[from] item: Leftovers
|upkeep
|turn|99
|inactive|wuyanwuyou has 120 seconds left.
|
|t:|1666256654
|switch|p1a: Zapdos|Zapdos|93/100
|-ability|p1a: Zapdos|Pressure
|move|p2a: Rotom|Volt Switch|p1a: Zapdos
|-damage|p1a: Zapdos|77/100
|
|t:|1666256659
|switch|p2a: Tornadus|Tornadus-Therian, M|100/100|[from]move: Volt Switch
|
|upkeep
|turn|100
|
|t:|1666256667
|switch|p1a: Toxapex|Toxapex, M|72/100
|-damage|p1a: Toxapex|60/100|[from] Stealth Rock
|move|p2a: Tornadus|Defog|p1a: Toxapex
|-unboost|p1a: Toxapex|evasion|1
|-sideend|p1: wuyanwuyou|Stealth Rock|[from] move: Defog|[of] p2a: Tornadus
|-sideend|p2: george malone|Spikes|[from] move: Defog|[of] p2a: Tornadus
|-sideend|p2: george malone|Stealth Rock|[from] move: Defog|[of] p2a: Tornadus
|
|-damage|p1a: Toxapex|47/100|[from] item: Sticky Barb
|upkeep
|turn|101
|
|t:|1666256677
|move|p2a: Tornadus|Hurricane|p1a: Toxapex
|-damage|p1a: Toxapex|22/100
|move|p1a: Toxapex|Toxic Spikes|p2a: Tornadus
|-sidestart|p2: george malone|move: Toxic Spikes
|
|-damage|p1a: Toxapex|10/100|[from] item: Sticky Barb
|upkeep
|turn|102
|
|t:|1666256684
|switch|p1a: Cresselia|Cresselia, F, shiny|80/100
|move|p2a: Tornadus|Knock Off|p1a: Cresselia
|-supereffective|p1a: Cresselia
|-damage|p1a: Cresselia|52/100
|-enditem|p1a: Cresselia|Leftovers|[from] move: Knock Off|[of] p2a: Tornadus
|
|upkeep
|turn|103
|inactive|wuyanwuyou has 120 seconds left.
|
|t:|1666256695
|move|p2a: Tornadus|Defog|p1a: Cresselia
|-unboost|p1a: Cresselia|evasion|1
|-sideend|p2: george malone|Toxic Spikes|[from] move: Defog|[of] p2a: Tornadus
|move|p1a: Cresselia|Ice Beam|p2a: Tornadus
|-supereffective|p2a: Tornadus
|-damage|p2a: Tornadus|66/100
|
|upkeep
|turn|104
|inactive|wuyanwuyou has 120 seconds left.
|
|t:|1666256702
|move|p2a: Tornadus|U-turn|p1a: Cresselia
|-supereffective|p1a: Cresselia
|-damage|p1a: Cresselia|33/100
|
|t:|1666256705
|switch|p2a: Clefable|Clefable, M|78/100 tox|[from]move: U-turn
|move|p1a: Cresselia|Moonlight|p1a: Cresselia
|-heal|p1a: Cresselia|83/100
|
|upkeep
|turn|105
|inactive|wuyanwuyou has 120 seconds left.
|
|t:|1666256732
|switch|p2a: Melmetal|Melmetal|85/100
|move|p1a: Cresselia|Protect||[still]
|-fail|p1a: Cresselia
|
|-heal|p2a: Melmetal|91/100|[from] item: Leftovers
|upkeep
|turn|106
|
|t:|1666256740
|switch|p1a: Skarmory|Skarmory, F, shiny|84/100
|switch|p2a: Rotom|Rotom-Wash|68/100
|
|-heal|p2a: Rotom|74/100|[from] item: Leftovers
|upkeep
|turn|107
|
|t:|1666256751
|switch|p1a: Cresselia|Cresselia, F, shiny|83/100
|move|p2a: Rotom|Volt Switch|p1a: Cresselia
|-damage|p1a: Cresselia|70/100
|
|t:|1666256760
|switch|p2a: Tornadus|Tornadus-Therian, M|99/100|[from]move: Volt Switch
|
|upkeep
|turn|108
|
|t:|1666256764
|move|p2a: Tornadus|U-turn|p1a: Cresselia
|-supereffective|p1a: Cresselia
|-damage|p1a: Cresselia|51/100
|
|t:|1666256766
|switch|p2a: Clefable|Clefable, M|78/100 tox|[from]move: U-turn
|move|p1a: Cresselia|Toxic|p2a: Clefable
|-fail|p2a: Clefable|tox
|
|upkeep
|turn|109
|j| r.nachik8th
|
|t:|1666256774
|move|p1a: Cresselia|Moonlight|p1a: Cresselia
|-heal|p1a: Cresselia|100/100
|move|p2a: Clefable|Thunder Wave|p1a: Cresselia
|-status|p1a: Cresselia|par
|
|upkeep
|turn|110
|inactive|wuyanwuyou has 120 seconds left.
|
|t:|1666256783
|switch|p2a: Hippowdon|Hippowdon, F|100/100
|-weather|Sandstorm|[from] ability: Sand Stream|[of] p2a: Hippowdon
|switch|p1a: Zapdos|Zapdos|77/100
|-ability|p1a: Zapdos|Pressure
|
|-weather|Sandstorm|[upkeep]
|-damage|p1a: Zapdos|71/100|[from] Sandstorm
|upkeep
|turn|111
|inactive|wuyanwuyou has 120 seconds left.
|
|t:|1666256789
|switch|p2a: Rotom|Rotom-Wash|74/100
|move|p1a: Zapdos|Hurricane|p2a: Rotom
|-resisted|p2a: Rotom
|-damage|p2a: Rotom|56/100
|
|-weather|Sandstorm|[upkeep]
|-damage|p1a: Zapdos|65/100|[from] Sandstorm
|-damage|p2a: Rotom|50/100|[from] Sandstorm
|-heal|p2a: Rotom|56/100|[from] item: Leftovers
|upkeep
|turn|112
|inactive|wuyanwuyou has 120 seconds left.
|
|t:|1666256802
|move|p1a: Zapdos|Volt Switch|p2a: Rotom
|-damage|p2a: Rotom|33/100
|l| r.nachik8th
|inactive|wuyanwuyou has 120 seconds left.
|
|t:|1666256807
|switch|p1a: Cresselia|Cresselia, F, shiny|100/100 par|[from]move: Volt Switch
|move|p2a: Rotom|Pain Split|p1a: Cresselia
|-sethp|p1a: Cresselia|61/100 par|[from] move: Pain Split|[silent]
|-sethp|p2a: Rotom|90/100|[from] move: Pain Split
|
|-weather|Sandstorm|[upkeep]
|-damage|p2a: Rotom|84/100|[from] Sandstorm
|-damage|p1a: Cresselia|55/100 par|[from] Sandstorm
|-heal|p2a: Rotom|90/100|[from] item: Leftovers
|upkeep
|turn|113
|
|t:|1666256811
|move|p2a: Rotom|Volt Switch|p1a: Cresselia
|-damage|p1a: Cresselia|43/100 par
|
|t:|1666256819
|switch|p2a: Clefable|Clefable, M|78/100 tox|[from]move: Volt Switch
|move|p1a: Cresselia|Moonlight|p1a: Cresselia
|-heal|p1a: Cresselia|68/100 par
|
|-weather|Sandstorm|[upkeep]
|-damage|p1a: Cresselia|62/100 par|[from] Sandstorm
|upkeep
|turn|114
|
|t:|1666256830
|switch|p2a: Tornadus|Tornadus-Therian, M|100/100
|switch|p1a: Zapdos|Zapdos|65/100
|-ability|p1a: Zapdos|Pressure
|
|-weather|none
|upkeep
|turn|115
|
|t:|1666256834
|switch|p2a: Hippowdon|Hippowdon, F|100/100
|-weather|Sandstorm|[from] ability: Sand Stream|[of] p2a: Hippowdon
|move|p1a: Zapdos|Volt Switch|p2a: Hippowdon
|-immune|p2a: Hippowdon
|
|-weather|Sandstorm|[upkeep]
|-damage|p1a: Zapdos|59/100|[from] Sandstorm
|upkeep
|turn|116
|
|t:|1666256843
|switch|p1a: Skarmory|Skarmory, F, shiny|84/100
|switch|p2a: Rotom|Rotom-Wash|90/100
|
|-weather|Sandstorm|[upkeep]
|-damage|p2a: Rotom|84/100|[from] Sandstorm
|-heal|p2a: Rotom|90/100|[from] item: Leftovers
|upkeep
|turn|117
|
|t:|1666256860
|switch|p1a: Zapdos|Zapdos|59/100
|-ability|p1a: Zapdos|Pressure
|move|p2a: Rotom|Volt Switch|p1a: Zapdos
|-damage|p1a: Zapdos|41/100
|
|t:|1666256870
|switch|p2a: Hippowdon|Hippowdon, F|100/100|[from]move: Volt Switch
|
|-weather|Sandstorm|[upkeep]
|-damage|p1a: Zapdos|35/100|[from] Sandstorm
|upkeep
|turn|118
|
|t:|1666256880
|move|p1a: Zapdos|Hurricane|p2a: Hippowdon|[miss]
|-miss|p1a: Zapdos|p2a: Hippowdon
|move|p2a: Hippowdon|Toxic|p1a: Zapdos
|-status|p1a: Zapdos|tox
|
|-weather|Sandstorm|[upkeep]
|-damage|p1a: Zapdos|29/100 tox|[from] Sandstorm
|-damage|p1a: Zapdos|23/100 tox|[from] psn
|upkeep
|turn|119
|
|t:|1666256889
|switch|p1a: Skarmory|Skarmory, F, shiny|84/100
|switch|p2a: Rotom|Rotom-Wash|90/100
|
|-weather|none
|-heal|p2a: Rotom|96/100|[from] item: Leftovers
|upkeep
|turn|120
|
|t:|1666256899
|switch|p1a: Cresselia|Cresselia, F, shiny|62/100 par
|move|p2a: Rotom|Volt Switch|p1a: Cresselia
|-damage|p1a: Cresselia|50/100 par
|j| ripreckful
|
|t:|1666256915
|switch|p2a: Melmetal|Melmetal|91/100|[from]move: Volt Switch
|
|-heal|p2a: Melmetal|98/100|[from] item: Leftovers
|upkeep
|turn|121
|l| ripreckful
|
|t:|1666256920
|switch|p2a: Rotom|Rotom-Wash|96/100
|switch|p1a: Quagsire|Quagsire, F, shiny|100/100
|
|-heal|p2a: Rotom|100/100|[from] item: Leftovers
|upkeep
|turn|122
|
|t:|1666256927
|switch|p2a: Clefable|Clefable, M|78/100 tox
|switch|p1a: Toxapex|Toxapex, M|43/100
|
|-damage|p1a: Toxapex|31/100|[from] item: Sticky Barb
|upkeep
|turn|123
|j| r.nachik8th
|
|t:|1666256940
|switch|p1a: Skarmory|Skarmory, F, shiny|84/100
|move|p2a: Clefable|Moonblast|p1a: Skarmory
|-resisted|p1a: Skarmory
|-damage|p1a: Skarmory|61/100
|
|upkeep
|turn|124
|
|t:|1666256947
|move|p1a: Skarmory|Spikes|p2a: Clefable
|-sidestart|p2: george malone|Spikes
|move|p2a: Clefable|Thunder Wave|p1a: Skarmory
|-status|p1a: Skarmory|par
|
|upkeep
|turn|125
|
|t:|1666256952
|switch|p1a: Clefable|Clefable, F, shiny|40/100 tox
|move|p2a: Clefable|Moonblast|p1a: Clefable
|-damage|p1a: Clefable|17/100 tox
|
|upkeep
|turn|126
|l| r.nachik8th
|
|t:|1666256964
|move|p2a: Clefable|Moonblast|p1a: Clefable
|-damage|p1a: Clefable|0 fnt
|faint|p1a: Clefable
|
|upkeep
|-message|wuyanwuyou forfeited.
|
|win|george malone
|raw|wuyanwuyou's rating: 1662 &rarr; <strong>1649</strong><br />(-13 for losing)
|raw|george malone's rating: 1782 &rarr; <strong>1795</strong><br />(+13 for winning)
|l|☆wuyanwuyou
