|j|☆The Hikozaru
|j|☆Mel2345
|t:|1647256307
|gametype|singles
|player|p1|The Hikozaru|2|1441
|player|p2|Mel2345|cheren-gen5bw2|1409
|teamsize|p1|6
|teamsize|p2|6
|gen|8
|tier|[Gen 8] OU
|rated|
|rule|Sleep Clause Mod: Limit one foe put to sleep
|rule|Species Clause: Limit one of each Pokémon
|rule|OHKO Clause: OHKO moves are banned
|rule|Evasion Moves Clause: Evasion moves are banned
|rule|Endless Battle Clause: Forcing endless battles is banned
|rule|HP Percentage Mod: HP is shown in percentages
|rule|Dynamax Clause: You cannot dynamax
|clearpoke
|poke|p1|Aegislash, M|
|poke|p1|Tapu Lele|
|poke|p1|Tornadus-Therian, M|
|poke|p1|Hippowdon, M|
|poke|p1|Buzzwole|
|poke|p1|Toxapex, F|
|poke|p2|Dragonite, F|
|poke|p2|Magnezone|
|poke|p2|Heatran, F|
|poke|p2|Slowbro, F|
|poke|p2|Kartana|
|poke|p2|Tornadus-Therian, M|
|teampreview
|inactive|Battle timer is ON: inactive players will automatically lose when time's up. (requested by Mel2345)
|inactive|The Hikozaru also wants the timer to be on.
|
|t:|1647256330
|start
|switch|p1a: Tornadus|Tornadus-Therian, M, shiny|100/100
|switch|p2a: Heatran|Heatran, F|100/100
|turn|1
|
|t:|1647256338
|move|p1a: Tornadus|Knock Off|p2a: Heatran
|-damage|p2a: Heatran|82/100
|-enditem|p2a: Heatran|Leftovers|[from] move: Knock Off|[of] p1a: Tornadus
|move|p2a: Heatran|Stealth Rock|p1a: Tornadus
|-sidestart|p1: The Hikozaru|move: Stealth Rock
|
|upkeep
|turn|2
|
|t:|1647256344
|move|p1a: Tornadus|Defog|p2a: Heatran
|-unboost|p2a: Heatran|evasion|1
|-sideend|p1: The Hikozaru|Stealth Rock|[from] move: Defog|[of] p1a: Tornadus
|move|p2a: Heatran|Magma Storm|p1a: Tornadus|[miss]
|-miss|p2a: Heatran|p1a: Tornadus
|
|upkeep
|turn|3
|
|t:|1647256352
|move|p1a: Tornadus|Knock Off|p2a: Heatran
|-damage|p2a: Heatran|70/100
|-status|p1a: Tornadus|brn|[from] ability: Flame Body|[of] p2a: Heatran
|move|p2a: Heatran|Stealth Rock|p1a: Tornadus
|-sidestart|p1: The Hikozaru|move: Stealth Rock
|
|-damage|p1a: Tornadus|94/100 brn|[from] brn
|upkeep
|turn|4
|
|t:|1647256359
|move|p1a: Tornadus|Defog|p2a: Heatran
|-unboost|p2a: Heatran|evasion|1
|-sideend|p1: The Hikozaru|Stealth Rock|[from] move: Defog|[of] p1a: Tornadus
|move|p2a: Heatran|Magma Storm|p1a: Tornadus|[miss]
|-miss|p2a: Heatran|p1a: Tornadus
|
|-damage|p1a: Tornadus|88/100 brn|[from] brn
|upkeep
|turn|5
|
|t:|1647256364
|move|p1a: Tornadus|Hurricane|p2a: Heatran
|-resisted|p2a: Heatran
|-damage|p2a: Heatran|57/100
|move|p2a: Heatran|Stealth Rock|p1a: Tornadus
|-sidestart|p1: The Hikozaru|move: Stealth Rock
|
|-damage|p1a: Tornadus|82/100 brn|[from] brn
|upkeep
|turn|6
|
|t:|1647256368
|move|p1a: Tornadus|Defog|p2a: Heatran
|-unboost|p2a: Heatran|evasion|1
|-sideend|p1: The Hikozaru|Stealth Rock|[from] move: Defog|[of] p1a: Tornadus
|move|p2a: Heatran|Magma Storm|p1a: Tornadus|[miss]
|-miss|p2a: Heatran|p1a: Tornadus
|
|-damage|p1a: Tornadus|76/100 brn|[from] brn
|upkeep
|turn|7
|
|t:|1647256377
|move|p1a: Tornadus|Hurricane|p2a: Heatran
|-resisted|p2a: Heatran
|-damage|p2a: Heatran|45/100
|-start|p2a: Heatran|confusion
|-activate|p2a: Heatran|confusion
|-damage|p2a: Heatran|39/100|[from] confusion
|
|-damage|p1a: Tornadus|70/100 brn|[from] brn
|upkeep
|turn|8
|
|t:|1647256393
|move|p1a: Tornadus|Hurricane|p2a: Heatran
|-resisted|p2a: Heatran
|-damage|p2a: Heatran|26/100
|-activate|p2a: Heatran|confusion
|move|p2a: Heatran|Stealth Rock|p1a: Tornadus
|-sidestart|p1: The Hikozaru|move: Stealth Rock
|
|-damage|p1a: Tornadus|64/100 brn|[from] brn
|upkeep
|turn|9
|
|t:|1647256399
|move|p1a: Tornadus|Defog|p2a: Heatran
|-unboost|p2a: Heatran|evasion|1
|-sideend|p1: The Hikozaru|Stealth Rock|[from] move: Defog|[of] p1a: Tornadus
|-activate|p2a: Heatran|confusion
|-damage|p2a: Heatran|20/100|[from] confusion
|
|-damage|p1a: Tornadus|58/100 brn|[from] brn
|upkeep
|turn|10
|
|t:|1647256403
|move|p1a: Tornadus|U-turn|p2a: Heatran
|-resisted|p2a: Heatran
|-damage|p2a: Heatran|19/100
|
|t:|1647256406
|switch|p1a: Hippowdon|Hippowdon, M, shiny|100/100|[from]move: U-turn
|-weather|Sandstorm|[from] ability: Sand Stream|[of] p1a: Hippowdon
|-end|p2a: Heatran|confusion
|move|p2a: Heatran|Stealth Rock|p1a: Hippowdon
|-sidestart|p1: The Hikozaru|move: Stealth Rock
|
|-weather|Sandstorm|[upkeep]
|upkeep
|turn|11
|
|t:|1647256413
|move|p2a: Heatran|Magma Storm|p1a: Hippowdon
|-damage|p1a: Hippowdon|67/100
|-activate|p1a: Hippowdon|move: Magma Storm|[of] p2a: Heatran
|move|p1a: Hippowdon|Earthquake|p2a: Heatran
|-supereffective|p2a: Heatran
|-damage|p2a: Heatran|0 fnt
|faint|p2a: Heatran
|
|-weather|Sandstorm|[upkeep]
|-heal|p1a: Hippowdon|74/100|[from] item: Leftovers
|-end|p1a: Hippowdon|Magma Storm|[partiallytrapped]|[silent]
|upkeep
|
|t:|1647256419
|switch|p2a: Kartana|Kartana|100/100
|turn|12
|
|t:|1647256427
|switch|p2a: Tornadus|Tornadus-Therian, M|100/100
|switch|p1a: Buzzwole|Buzzwole, shiny|100/100
|
|-weather|Sandstorm|[upkeep]
|-damage|p2a: Tornadus|94/100|[from] Sandstorm
|-damage|p1a: Buzzwole|94/100|[from] Sandstorm
|upkeep
|turn|13
|
|t:|1647256433
|switch|p1a: Tornadus|Tornadus-Therian, M, shiny|91/100 brn
|move|p2a: Tornadus|Knock Off|p1a: Tornadus
|-damage|p1a: Tornadus|72/100 brn
|-enditem|p1a: Tornadus|Heavy-Duty Boots|[from] move: Knock Off|[of] p2a: Tornadus
|
|-weather|Sandstorm|[upkeep]
|-damage|p2a: Tornadus|88/100|[from] Sandstorm
|-damage|p1a: Tornadus|66/100 brn|[from] Sandstorm
|-damage|p1a: Tornadus|60/100 brn|[from] brn
|upkeep
|turn|14
|
|t:|1647256439
|move|p2a: Tornadus|Hurricane|p1a: Tornadus
|-damage|p1a: Tornadus|21/100 brn
|move|p1a: Tornadus|Defog|p2a: Tornadus
|-unboost|p2a: Tornadus|evasion|1
|-sideend|p1: The Hikozaru|Stealth Rock|[from] move: Defog|[of] p1a: Tornadus
|
|-weather|none
|-damage|p1a: Tornadus|15/100 brn|[from] brn
|upkeep
|turn|15
|
|t:|1647256455
|switch|p1a: Toxapex|Toxapex, F, shiny|100/100
|move|p2a: Tornadus|Knock Off|p1a: Toxapex
|-crit|p1a: Toxapex
|-damage|p1a: Toxapex|82/100
|-enditem|p1a: Toxapex|Shed Shell|[from] move: Knock Off|[of] p2a: Tornadus
|
|upkeep
|turn|16
|
|t:|1647256469
|move|p2a: Tornadus|U-turn|p1a: Toxapex
|-resisted|p1a: Toxapex
|-damage|p1a: Toxapex|78/100
|
|t:|1647256473
|switch|p2a: Magnezone|Magnezone|100/100|[from]move: U-turn
|move|p1a: Toxapex|Scald|p2a: Magnezone
|-damage|p2a: Magnezone|81/100
|
|upkeep
|turn|17
|
|t:|1647256478
|switch|p1a: Hippowdon|Hippowdon, M, shiny|74/100
|-weather|Sandstorm|[from] ability: Sand Stream|[of] p1a: Hippowdon
|move|p2a: Magnezone|Flash Cannon|p1a: Hippowdon
|-damage|p1a: Hippowdon|23/100
|
|-weather|Sandstorm|[upkeep]
|-heal|p1a: Hippowdon|29/100|[from] item: Leftovers
|upkeep
|turn|18
|
|t:|1647256496
|switch|p2a: Kartana|Kartana|100/100
|switch|p1a: Aegislash|Aegislash, M, shiny|100/100
|
|-weather|Sandstorm|[upkeep]
|upkeep
|turn|19
|
|t:|1647256502
|move|p1a: Aegislash|King's Shield|p1a: Aegislash
|-singleturn|p1a: Aegislash|Protect
|move|p2a: Kartana|Knock Off|p1a: Aegislash
|-activate|p1a: Aegislash|move: Protect
|-unboost|p2a: Kartana|atk|1
|
|-weather|Sandstorm|[upkeep]
|upkeep
|turn|20
|
|t:|1647256516
|switch|p1a: Buzzwole|Buzzwole, shiny|94/100
|move|p2a: Kartana|Knock Off|p1a: Buzzwole
|-resisted|p1a: Buzzwole
|-damage|p1a: Buzzwole|82/100
|-enditem|p1a: Buzzwole|Heavy-Duty Boots|[from] move: Knock Off|[of] p2a: Kartana
|
|-weather|Sandstorm|[upkeep]
|-damage|p1a: Buzzwole|76/100|[from] Sandstorm
|upkeep
|turn|21
|
|t:|1647256521
|switch|p2a: Slowbro|Slowbro, F|100/100
|move|p1a: Buzzwole|Ice Punch|p2a: Slowbro
|-resisted|p2a: Slowbro
|-damage|p2a: Slowbro|93/100
|
|-weather|none
|upkeep
|turn|22
|
|t:|1647256534
|switch|p1a: Tornadus|Tornadus-Therian, M, shiny|48/100 brn
|move|p2a: Slowbro|Teleport|p2a: Slowbro
|
|t:|1647256546
|switch|p2a: Dragonite|Dragonite, F|100/100|[from]move: Teleport
|
|-damage|p1a: Tornadus|42/100 brn|[from] brn
|upkeep
|turn|23
|
|t:|1647256550
|move|p1a: Tornadus|U-turn|p2a: Dragonite
|-resisted|p2a: Dragonite
|-damage|p2a: Dragonite|99/100
|
|t:|1647256557
|switch|p1a: Buzzwole|Buzzwole, shiny|76/100|[from]move: U-turn
|move|p2a: Dragonite|Dragon Dance|p2a: Dragonite
|-boost|p2a: Dragonite|atk|1
|-boost|p2a: Dragonite|spe|1
|
|upkeep
|turn|24
|
|t:|1647256565
|switch|p1a: Aegislash|Aegislash, M, shiny|100/100
|move|p2a: Dragonite|Dual Wingbeat|p1a: Aegislash
|-resisted|p1a: Aegislash
|-damage|p1a: Aegislash|88/100
|-resisted|p1a: Aegislash
|-damage|p1a: Aegislash|77/100
|-hitcount|p1a: Aegislash|2
|
|-heal|p1a: Aegislash|83/100|[from] item: Leftovers
|upkeep
|turn|25
|
|t:|1647256581
|move|p2a: Dragonite|Dragon Dance|p2a: Dragonite
|-boost|p2a: Dragonite|atk|1
|-boost|p2a: Dragonite|spe|1
|move|p1a: Aegislash|Toxic|p2a: Dragonite|[miss]
|-miss|p1a: Aegislash|p2a: Dragonite
|
|-heal|p1a: Aegislash|89/100|[from] item: Leftovers
|upkeep
|turn|26
|
|t:|1647256602
|move|p1a: Aegislash|King's Shield|p1a: Aegislash
|-singleturn|p1a: Aegislash|Protect
|move|p2a: Dragonite|Earthquake|p1a: Aegislash
|-activate|p1a: Aegislash|move: Protect
|
|-heal|p1a: Aegislash|95/100|[from] item: Leftovers
|upkeep
|turn|27
|inactive|The Hikozaru has 120 seconds left.
|
|t:|1647256624
|switch|p1a: Tornadus|Tornadus-Therian, M, shiny|75/100 brn
|move|p2a: Dragonite|Earthquake|p1a: Tornadus
|-immune|p1a: Tornadus
|
|-damage|p1a: Tornadus|69/100 brn|[from] brn
|upkeep
|turn|28
|inactive|The Hikozaru has 120 seconds left.
|
|t:|1647256643
|switch|p1a: Hippowdon|Hippowdon, M, shiny|29/100
|-weather|Sandstorm|[from] ability: Sand Stream|[of] p1a: Hippowdon
|move|p2a: Dragonite|Dragon Dance|p2a: Dragonite
|-boost|p2a: Dragonite|atk|1
|-boost|p2a: Dragonite|spe|1
|
|-weather|Sandstorm|[upkeep]
|-damage|p2a: Dragonite|93/100|[from] Sandstorm
|-heal|p1a: Hippowdon|35/100|[from] item: Leftovers
|upkeep
|turn|29
|
|t:|1647256648
|move|p2a: Dragonite|Earthquake|p1a: Hippowdon
|-crit|p1a: Hippowdon
|-damage|p1a: Hippowdon|0 fnt
|faint|p1a: Hippowdon
|
|-weather|Sandstorm|[upkeep]
|-damage|p2a: Dragonite|86/100|[from] Sandstorm
|upkeep
|inactive|The Hikozaru has 120 seconds left.
|
|t:|1647256661
|switch|p1a: Toxapex|Toxapex, F, shiny|100/100
|turn|30
|
|t:|1647256666
|move|p2a: Dragonite|Earthquake|p1a: Toxapex
|-supereffective|p1a: Toxapex
|-damage|p1a: Toxapex|0 fnt
|faint|p1a: Toxapex
|
|-weather|Sandstorm|[upkeep]
|-damage|p2a: Dragonite|80/100|[from] Sandstorm
|upkeep
|-message|The Hikozaru forfeited.
|
|win|Mel2345
|raw|The Hikozaru's rating: 1441 &rarr; <strong>1419</strong><br />(-22 for losing)
|raw|Mel2345's rating: 1409 &rarr; <strong>1431</strong><br />(+22 for winning)
|l|☆The Hikozaru
