|j|☆jptoroglass
|j|☆j_albacino023
|t:|1660335175
|gametype|singles
|player|p1|jptoroglass|furisodegirl-white|1800
|player|p2|j_albacino023|1|1849
|teamsize|p1|6
|teamsize|p2|6
|gen|8
|tier|[Gen 8] OU
|rated|
|rule|Sleep Clause Mod: Limit one foe put to sleep
|rule|Species Clause: Limit one of each Pokémon
|rule|OHKO Clause: OHKO moves are banned
|rule|Evasion Items Clause: Evasion items are banned
|rule|Evasion Moves Clause: Evasion moves are banned
|rule|Endless Battle Clause: Forcing endless battles is banned
|rule|HP Percentage Mod: HP is shown in percentages
|rule|Dynamax Clause: You cannot dynamax
|clearpoke
|poke|p1|Mew|
|poke|p1|Cloyster, M|
|poke|p1|Gengar, M|
|poke|p1|Bisharp, M|
|poke|p1|Rillaboom, M|
|poke|p1|Hawlucha, F|
|poke|p2|Weavile, F|
|poke|p2|Dragapult, F|
|poke|p2|Gastrodon, F|
|poke|p2|Skarmory, M|
|poke|p2|Clefable, M|
|poke|p2|Heatran, F|
|teampreview
|inactive|Battle timer is ON: inactive players will automatically lose when time's up. (requested by jptoroglass)
|
|t:|1660335195
|start
|switch|p1a: DK did it first|Rillaboom, M|100/100
|switch|p2a: Dragapult|Dragapult, F|100/100
|-fieldstart|move: Grassy Terrain|[from] ability: Grassy Surge|[of] p1a: DK did it first
|turn|1
|
|t:|1660335199
|switch|p1a: Mew|Mew, shiny|100/100
|move|p2a: Dragapult|Fire Blast|p1a: Mew
|-damage|p1a: Mew|75/100
|-enditem|p1a: Mew|Red Card|[of] p2a: Dragapult
|drag|p2a: Gastrodon|Gastrodon, F|100/100
|
|-heal|p1a: Mew|81/100|[from] Grassy Terrain
|upkeep
|turn|2
|
|t:|1660335205
|switch|p2a: Dragapult|Dragapult, F|100/100
|move|p1a: Mew|Taunt|p2a: Dragapult
|-start|p2a: Dragapult|move: Taunt
|
|-heal|p1a: Mew|87/100|[from] Grassy Terrain
|upkeep
|turn|3
|
|t:|1660335211
|move|p2a: Dragapult|U-turn|p1a: Mew
|-supereffective|p1a: Mew
|-damage|p1a: Mew|61/100
|
|t:|1660335214
|switch|p2a: Weavile|Weavile, F|100/100|[from]move: U-turn
|-ability|p2a: Weavile|Pressure
|move|p1a: Mew|Stealth Rock|p2a: Weavile
|-sidestart|p2: j_albacino023|move: Stealth Rock
|
|-heal|p1a: Mew|67/100|[from] Grassy Terrain
|upkeep
|turn|4
|
|t:|1660335219
|move|p2a: Weavile|Knock Off|p1a: Mew
|-supereffective|p1a: Mew
|-damage|p1a: Mew|15/100
|move|p1a: Mew|Spikes|p2a: Weavile
|-sidestart|p2: j_albacino023|Spikes
|
|-heal|p1a: Mew|21/100|[from] Grassy Terrain
|upkeep
|turn|5
|
|t:|1660335238
|move|p2a: Weavile|Knock Off|p1a: Mew
|-supereffective|p1a: Mew
|-damage|p1a: Mew|0 fnt
|faint|p1a: Mew
|
|-fieldend|move: Grassy Terrain
|upkeep
|
|t:|1660335240
|switch|p1a: Zero|Bisharp, M|100/100
|turn|6
|
|t:|1660335247
|switch|p2a: Skarmory|Skarmory, M|100/100
|-damage|p2a: Skarmory|88/100|[from] Stealth Rock
|switch|p1a: Okage|Gengar, M|100/100
|
|upkeep
|turn|7
|
|t:|1660335252
|switch|p2a: Gastrodon|Gastrodon, F|100/100
|move|p1a: Okage|Taunt|p2a: Gastrodon
|-start|p2a: Gastrodon|move: Taunt
|
|upkeep
|turn|8
|
|t:|1660335256
|switch|p1a: DK did it first|Rillaboom, M|100/100
|-fieldstart|move: Grassy Terrain|[from] ability: Grassy Surge|[of] p1a: DK did it first
|move|p2a: Gastrodon|Scald|p1a: DK did it first
|-resisted|p1a: DK did it first
|-damage|p1a: DK did it first|84/100
|
|-heal|p1a: DK did it first|90/100|[from] Grassy Terrain
|upkeep
|turn|9
|j| Magatsu Izanagi
|
|t:|1660335265
|switch|p1a: Okage|Gengar, M|100/100
|switch|p2a: Skarmory|Skarmory, M|88/100
|-damage|p2a: Skarmory|76/100|[from] Stealth Rock
|
|upkeep
|turn|10
|
|t:|1660335275
|switch|p1a: DK did it first|Rillaboom, M|90/100
|switch|p2a: Gastrodon|Gastrodon, F|100/100
|
|-heal|p1a: DK did it first|96/100|[from] Grassy Terrain
|upkeep
|turn|11
|
|t:|1660335290
|switch|p1a: Okage|Gengar, M|100/100
|switch|p2a: Skarmory|Skarmory, M|76/100
|-damage|p2a: Skarmory|64/100|[from] Stealth Rock
|
|upkeep
|turn|12
|
|t:|1660335304
|switch|p2a: Gastrodon|Gastrodon, F|100/100
|move|p1a: Okage|Nasty Plot|p1a: Okage
|-boost|p1a: Okage|spa|2
|
|-fieldend|move: Grassy Terrain
|upkeep
|turn|13
|
|t:|1660335307
|move|p1a: Okage|Shadow Ball|p2a: Gastrodon
|-damage|p2a: Gastrodon|49/100
|-unboost|p2a: Gastrodon|spd|1
|move|p2a: Gastrodon|Earth Power|p1a: Okage
|-supereffective|p1a: Okage
|-crit|p1a: Okage
|-enditem|p1a: Okage|Focus Sash
|-damage|p1a: Okage|1/100
|-unboost|p1a: Okage|spd|1
|
|upkeep
|turn|14
|
|t:|1660335315
|move|p1a: Okage|Shadow Ball|p2a: Gastrodon
|-damage|p2a: Gastrodon|0 fnt
|faint|p2a: Gastrodon
|
|upkeep
|
|t:|1660335319
|switch|p2a: Dragapult|Dragapult, F|100/100
|turn|15
|
|t:|1660335324
|switch|p1a: Zero|Bisharp, M|100/100
|move|p2a: Dragapult|Hex|p1a: Zero
|-resisted|p1a: Zero
|-crit|p1a: Zero
|-damage|p1a: Zero|67/100
|
|upkeep
|turn|16
|
|t:|1660335332
|switch|p2a: Heatran|Heatran, F|100/100
|-damage|p2a: Heatran|88/100|[from] Stealth Rock
|-damage|p2a: Heatran|76/100|[from] Spikes
|move|p1a: Zero|Swords Dance|p1a: Zero
|-boost|p1a: Zero|atk|2
|
|-heal|p2a: Heatran|82/100|[from] item: Leftovers
|upkeep
|turn|17
|
|t:|1660335337
|move|p1a: Zero|Sucker Punch|p2a: Heatran
|-damage|p2a: Heatran|0 fnt
|faint|p2a: Heatran
|
|upkeep
|
|t:|1660335341
|switch|p2a: Clefable|Clefable, M|100/100
|turn|18
|
|t:|1660335344
|move|p1a: Zero|Iron Head|p2a: Clefable
|-supereffective|p2a: Clefable
|-damage|p2a: Clefable|0 fnt
|faint|p2a: Clefable
|
|upkeep
|-message|j_albacino023 forfeited.
|
|win|jptoroglass
|raw|jptoroglass's rating: 1800 &rarr; <strong>1823</strong><br />(+23 for winning)
|raw|j_albacino023's rating: 1849 &rarr; <strong>1826</strong><br />(-23 for losing)
|l|☆j_albacino023
|l| Magatsu Izanagi
|l|☆jptoroglass
|j|☆jptoroglass
|player|p1|jptoroglass|furisodegirl-white
||Ladder isn't responding, score probably updated but might not have (Request timeout).
