|j|☆Cyber_CJ
|j|☆A
|player|p1|Cyber_CJ|2|1708
|player|p2|A|clemont|1634
|teamsize|p1|6
|teamsize|p2|6
|gametype|singles
|gen|8
|tier|[Gen 8] OU
|rated|
|clearpoke
|poke|p1|Clefable, M|
|poke|p1|Corviknight, M|
|poke|p1|Kyurem|
|poke|p1|Toxapex, M|
|poke|p1|Darmanitan, M|
|poke|p1|Hydreigon, F|
|poke|p2|Dracovish|
|poke|p2|Hydreigon, F|
|poke|p2|Mew|
|poke|p2|Clefable, M|
|poke|p2|Jirachi|
|poke|p2|Conkeldurr, M|
|rule|Sleep Clause Mod: Limit one foe put to sleep
|rule|Species Clause: Limit one of each Pokémon
|rule|OHKO Clause: OHKO moves are banned
|rule|Evasion Moves Clause: Evasion moves are banned
|rule|Endless Battle Clause: Forcing endless battles is banned
|rule|HP Percentage Mod: HP is shown in percentages
|rule|Dynamax Clause: You cannot dynamax
|teampreview
|inactive|Battle timer is ON: inactive players will automatically lose when time's up. (requested by Cyber_CJ)
|inactive|Cyber_CJ has 120 seconds left.
|
|start
|switch|p1a: Darmanitan|Darmanitan, M|100/100
|switch|p2a: TellEM TELL EM|Hydreigon, F|100/100
|turn|1
|
|switch|p1a: Clefable|Clefable, M|100/100
|move|p2a: TellEM TELL EM|Draco Meteor|p1a: Clefable
|-immune|p1a: Clefable
|
|upkeep
|turn|2
|
|switch|p2a: KALEIDOSCOPE|Mew|100/100
|move|p1a: Clefable|Teleport|p1a: Clefable
|
|switch|p1a: Darmanitan|Darmanitan, M|100/100|[from]move: Teleport
|
|upkeep
|turn|3
|
|move|p2a: KALEIDOSCOPE|Stealth Rock|p1a: Darmanitan
|-sidestart|p1: Cyber_CJ|move: Stealth Rock
|move|p1a: Darmanitan|Flare Blitz|p2a: KALEIDOSCOPE
|-damage|p2a: KALEIDOSCOPE|0 fnt
|-damage|p1a: Darmanitan|68/100|[from] Recoil
|faint|p2a: KALEIDOSCOPE
|
|upkeep
|
|switch|p2a: REAL MANS|Dracovish, shiny|100/100
|turn|4
|
|switch|p1a: Toxapex|Toxapex, M|100/100
|-damage|p1a: Toxapex|88/100|[from] Stealth Rock
|move|p2a: REAL MANS|Substitute|p2a: REAL MANS
|-start|p2a: REAL MANS|Substitute
|-damage|p2a: REAL MANS|76/100
|
|-heal|p1a: Toxapex|94/100|[from] item: Black Sludge
|upkeep
|turn|5
|
|move|p2a: REAL MANS|Rain Dance|p2a: REAL MANS
|-weather|RainDance
|move|p1a: Toxapex|Knock Off|p2a: REAL MANS
|-activate|p2a: REAL MANS|move: Substitute|[damage]
|
|-weather|RainDance|[upkeep]
|-heal|p1a: Toxapex|100/100|[from] item: Black Sludge
|upkeep
|turn|6
|
|move|p2a: REAL MANS|Fishious Rend|p1a: Toxapex
|-resisted|p1a: Toxapex
|-damage|p1a: Toxapex|40/100
|move|p1a: Toxapex|Knock Off|p2a: REAL MANS
|-end|p2a: REAL MANS|Substitute
|
|-weather|RainDance|[upkeep]
|-heal|p1a: Toxapex|46/100|[from] item: Black Sludge
|upkeep
|turn|7
|
|switch|p1a: Darmanitan|Darmanitan, M|68/100
|-damage|p1a: Darmanitan|44/100|[from] Stealth Rock
|move|p2a: REAL MANS|Substitute|p2a: REAL MANS
|-start|p2a: REAL MANS|Substitute
|-damage|p2a: REAL MANS|51/100
|
|-weather|RainDance|[upkeep]
|upkeep
|turn|8
|
|move|p1a: Darmanitan|Earthquake|p2a: REAL MANS
|-end|p2a: REAL MANS|Substitute
|-damage|p1a: Darmanitan|34/100|[from] item: Life Orb
|move|p2a: REAL MANS|Fishious Rend|p1a: Darmanitan
|-supereffective|p1a: Darmanitan
|-damage|p1a: Darmanitan|0 fnt
|faint|p1a: Darmanitan
|
|-weather|RainDance|[upkeep]
|upkeep
|
|switch|p1a: Kyurem|Kyurem|100/100
|-damage|p1a: Kyurem|76/100|[from] Stealth Rock
|-ability|p1a: Kyurem|Pressure
|turn|9
|
|switch|p2a: UH OH STINKY|Jirachi|100/100
|move|p1a: Kyurem|Ice Beam|p2a: UH OH STINKY
|-resisted|p2a: UH OH STINKY
|-damage|p2a: UH OH STINKY|70/100
|-status|p2a: UH OH STINKY|frz
|
|-weather|none
|-heal|p2a: UH OH STINKY|76/100 frz|[from] item: Leftovers
|upkeep
|turn|10
|
|switch|p1a: Hydreigon|Hydreigon, F|100/100
|-damage|p1a: Hydreigon|88/100|[from] Stealth Rock
|-curestatus|p2a: UH OH STINKY|frz|[msg]
|move|p2a: UH OH STINKY|Calm Mind|p2a: UH OH STINKY
|-boost|p2a: UH OH STINKY|spa|1
|-boost|p2a: UH OH STINKY|spd|1
|
|-heal|p2a: UH OH STINKY|82/100|[from] item: Leftovers
|-heal|p1a: Hydreigon|94/100|[from] item: Leftovers
|upkeep
|turn|11
|inactive|A has 120 seconds left.
|
|move|p2a: UH OH STINKY|Aura Sphere|p1a: Hydreigon
|-supereffective|p1a: Hydreigon
|-damage|p1a: Hydreigon|27/100
|move|p1a: Hydreigon|Defog|p2a: UH OH STINKY
|-unboost|p2a: UH OH STINKY|evasion|1
|-sideend|p1: Cyber_CJ|Stealth Rock|[from] move: Defog|[of] p1a: Hydreigon
|
|-heal|p2a: UH OH STINKY|88/100|[from] item: Leftovers
|-heal|p1a: Hydreigon|33/100|[from] item: Leftovers
|upkeep
|turn|12
|
|switch|p1a: Toxapex|Toxapex, M|79/100
|move|p2a: UH OH STINKY|Aura Sphere|p1a: Toxapex
|-resisted|p1a: Toxapex
|-damage|p1a: Toxapex|66/100
|
|-heal|p2a: UH OH STINKY|94/100|[from] item: Leftovers
|-heal|p1a: Toxapex|73/100|[from] item: Black Sludge
|upkeep
|turn|13
|
|switch|p1a: Corviknight|Corviknight, M|100/100
|-ability|p1a: Corviknight|Pressure
|move|p2a: UH OH STINKY|Psychic|p1a: Corviknight
|-resisted|p1a: Corviknight
|-damage|p1a: Corviknight|81/100
|
|-heal|p2a: UH OH STINKY|99/100|[from] item: Leftovers
|-heal|p1a: Corviknight|88/100|[from] item: Leftovers
|upkeep
|turn|14
|
|move|p2a: UH OH STINKY|Calm Mind|p2a: UH OH STINKY
|-boost|p2a: UH OH STINKY|spa|1
|-boost|p2a: UH OH STINKY|spd|1
|move|p1a: Corviknight|Taunt|p2a: UH OH STINKY
|-start|p2a: UH OH STINKY|move: Taunt
|
|-heal|p2a: UH OH STINKY|100/100|[from] item: Leftovers
|-heal|p1a: Corviknight|94/100|[from] item: Leftovers
|upkeep
|turn|15
|
|switch|p1a: Toxapex|Toxapex, M|100/100
|move|p2a: UH OH STINKY|Thunderbolt|p1a: Toxapex
|-supereffective|p1a: Toxapex
|-damage|p1a: Toxapex|22/100
|-status|p1a: Toxapex|par
|
|-heal|p1a: Toxapex|28/100 par|[from] item: Black Sludge
|upkeep
|turn|16
|
|switch|p1a: Kyurem|Kyurem|76/100
|-ability|p1a: Kyurem|Pressure
|move|p2a: UH OH STINKY|Thunderbolt|p1a: Kyurem
|-resisted|p1a: Kyurem
|-damage|p1a: Kyurem|53/100
|
|upkeep
|turn|17
|
|move|p2a: UH OH STINKY|Psychic|p1a: Kyurem
|-damage|p1a: Kyurem|0 fnt
|faint|p1a: Kyurem
|
|-end|p2a: UH OH STINKY|move: Taunt
|upkeep
|-message|Cyber_CJ forfeited.
|
|win|A
|l|☆Cyber_CJ
|raw|Cyber_CJ's rating: 1709 &rarr; <strong>1685</strong><br />(-24 for losing)
|raw|A's rating: 1634 &rarr; <strong>1659</strong><br />(+25 for winning)
|j|☆Cyber_CJ
|player|p1|Cyber_CJ|2
|j|+kingbaruk
|c|☆Cyber_CJ|gg
|c|☆A|gg
|j|+moondazing
