|j|☆Dr. Elite
|j|☆x wing fighter
|inactive|Battle timer is ON: inactive players will automatically lose when time's up.
|t:|1665366014
|gametype|singles
|player|p1|Dr. Elite|#drelite|
|player|p2|x wing fighter|lucas|
|teamsize|p1|6
|teamsize|p2|6
|gen|8
|tier|[Gen 8] OU
|rated|Tournament battle
|rule|Sleep Clause Mod: Limit one foe put to sleep
|rule|Species Clause: Limit one of each Pokémon
|rule|OHKO Clause: OHKO moves are banned
|rule|Evasion Items Clause: Evasion items are banned
|rule|Evasion Moves Clause: Evasion moves are banned
|rule|Endless Battle Clause: Forcing endless battles is banned
|rule|HP Percentage Mod: HP is shown in percentages
|rule|Dynamax Clause: You cannot dynamax
|clearpoke
|poke|p1|Primarina, F|
|poke|p1|Comfey, F|
|poke|p1|Togekiss, M|
|poke|p1|Hatterene, F|
|poke|p1|Klefki, F|
|poke|p1|Gardevoir, F|
|poke|p2|Melmetal|
|poke|p2|Weavile, F|
|poke|p2|Volcanion|
|poke|p2|Zapdos|
|poke|p2|Landorus-Therian, M|
|poke|p2|Kartana|
|teampreview
|inactive|x wing fighter also wants the timer to be on.
|j| KfcGuyHeLikesFries
|c|☆x wing fighter|yo hf
|j| JustPrimalDialgia
|c|☆Dr. Elite|Thank you.
|inactive|Dr. Elite has 120 seconds left.
|c|☆Dr. Elite|I think this is as far as I will get.
|
|t:|1665366052
|start
|switch|p1a: Goodness|Gardevoir, F|100/100
|switch|p2a: Volcanion|Volcanion|100/100
|-ability|p1a: Goodness|Water Absorb|[from] ability: Trace|[of] p2a: Volcanion
|turn|1
|
|t:|1665366056
|move|p1a: Goodness|Trick|p2a: Volcanion
|-activate|p1a: Goodness|move: Trick|[of] p2a: Volcanion
|-item|p2a: Volcanion|Choice Scarf|[from] move: Trick
|-item|p1a: Goodness|Choice Specs|[from] move: Trick
|move|p2a: Volcanion|Sludge Wave|p1a: Goodness
|-supereffective|p1a: Goodness
|-damage|p1a: Goodness|29/100
|
|upkeep
|turn|2
|
|t:|1665366063
|switch|p2a: Melmetal|Melmetal|100/100
|switch|p1a: Kindness|Klefki, F|100/100
|
|upkeep
|turn|3
|
|t:|1665366069
|move|p1a: Kindness|Reflect|p1a: Kindness
|-sidestart|p1: Dr. Elite|Reflect
|move|p2a: Melmetal|Double Iron Bash|p1a: Kindness
|-damage|p1a: Kindness|73/100
|-damage|p1a: Kindness|47/100
|-hitcount|p1a: Kindness|2
|
|upkeep
|turn|4
|
|t:|1665366073
|move|p1a: Kindness|Switcheroo|p2a: Melmetal
|-activate|p1a: Kindness|move: Trick|[of] p2a: Melmetal
|-item|p2a: Melmetal|Full Incense|[from] move: Switcheroo
|-item|p1a: Kindness|Choice Band|[from] move: Switcheroo
|move|p2a: Melmetal|Double Iron Bash|p1a: Kindness
|-damage|p1a: Kindness|29/100
|-damage|p1a: Kindness|11/100
|-hitcount|p1a: Kindness|2
|
|upkeep
|turn|5
|
|t:|1665366078
|move|p1a: Kindness|Foul Play|p2a: Melmetal
|-damage|p2a: Melmetal|64/100
|move|p2a: Melmetal|Double Iron Bash|p1a: Kindness
|-damage|p1a: Kindness|0 fnt
|faint|p1a: Kindness
|-hitcount|p1: Kindness|1
|
|upkeep
|j| stainedMorph!
|
|t:|1665366083
|switch|p1a: Peace|Togekiss, M|100/100
|turn|6
|
|t:|1665366085
|move|p1a: Peace|Flamethrower|p2a: Melmetal
|-supereffective|p2a: Melmetal
|-crit|p2a: Melmetal
|-damage|p2a: Melmetal|0 fnt
|faint|p2a: Melmetal
|
|upkeep
|
|t:|1665366090
|switch|p2a: Zapdos|Zapdos|100/100
|turn|7
|
|t:|1665366095
|move|p2a: Zapdos|Volt Switch|p1a: Peace
|-supereffective|p1a: Peace
|-damage|p1a: Peace|36/100
|
|t:|1665366101
|switch|p2a: Landorus|Landorus-Therian, M|100/100|[from]move: Volt Switch
|-ability|p2a: Landorus|Intimidate|boost
|-unboost|p1a: Peace|atk|1
|move|p1a: Peace|Flamethrower|p2a: Landorus
|-crit|p2a: Landorus
|-damage|p2a: Landorus|65/100
|
|-heal|p2a: Landorus|71/100|[from] item: Leftovers
|-sideend|p1: Dr. Elite|Reflect
|upkeep
|turn|8
|
|t:|1665366105
|switch|p2a: Zapdos|Zapdos|100/100
|move|p1a: Peace|Air Slash|p2a: Zapdos
|-resisted|p2a: Zapdos
|-crit|p2a: Zapdos
|-damage|p2a: Zapdos|71/100
|
|upkeep
|turn|9
|
|t:|1665366117
|move|p2a: Zapdos|Volt Switch|p1a: Peace
|-supereffective|p1a: Peace
|-damage|p1a: Peace|0 fnt
|faint|p1a: Peace
|
|t:|1665366120
|switch|p2a: Volcanion|Volcanion|100/100|[from]move: Volt Switch
|
|upkeep
|
|t:|1665366144
|switch|p1a: Goodness|Gardevoir, F|29/100
|-ability|p1a: Goodness|Water Absorb|[from] ability: Trace|[of] p2a: Volcanion
|turn|10
|
|t:|1665366156
|move|p2a: Volcanion|Sludge Wave|p1a: Goodness
|-supereffective|p1a: Goodness
|-damage|p1a: Goodness|0 fnt
|faint|p1a: Goodness
|
|upkeep
|
|t:|1665366170
|switch|p1a: Joy|Comfey, F, shiny|100/100
|turn|11
|
|t:|1665366172
|move|p2a: Volcanion|Sludge Wave|p1a: Joy
|-supereffective|p1a: Joy
|-damage|p1a: Joy|28/100
|move|p1a: Joy|Calm Mind|p1a: Joy
|-boost|p1a: Joy|spa|1
|-boost|p1a: Joy|spd|1
|
|upkeep
|turn|12
|
|t:|1665366178
|move|p1a: Joy|Synthesis|p1a: Joy
|-heal|p1a: Joy|78/100
|move|p2a: Volcanion|Sludge Wave|p1a: Joy
|-supereffective|p1a: Joy
|-damage|p1a: Joy|28/100
|
|upkeep
|turn|13
|
|t:|1665366188
|switch|p2a: Kartana|Kartana, shiny|100/100
|move|p1a: Joy|Synthesis|p1a: Joy
|-heal|p1a: Joy|78/100
|
|upkeep
|turn|14
|
|t:|1665366191
|move|p1a: Joy|Draining Kiss|p2a: Kartana
|-resisted|p2a: Kartana
|-damage|p2a: Kartana|37/100
|-heal|p1a: Joy|100/100|[from] drain|[of] p2a: Kartana
|-damage|p1a: Joy|91/100|[from] item: Life Orb
|move|p2a: Kartana|Smart Strike|p1a: Joy
|-supereffective|p1a: Joy
|-damage|p1a: Joy|0 fnt
|faint|p1a: Joy
|-ability|p2a: Kartana|Beast Boost|boost
|-boost|p2a: Kartana|atk|1
|
|upkeep
|
|t:|1665366196
|switch|p1a: Love|Primarina, F|100/100
|turn|15
|
|t:|1665366201
|move|p2a: Kartana|Smart Strike|p1a: Love
|-damage|p1a: Love|47/100
|move|p1a: Love|Draining Kiss|p2a: Kartana
|-resisted|p2a: Kartana
|-damage|p2a: Kartana|3/100
|-heal|p1a: Love|66/100|[from] drain|[of] p2a: Kartana
|
|-heal|p1a: Love|72/100|[from] item: Leftovers
|upkeep
|turn|16
|j|@Sww-Suwa
|
|t:|1665366207
|move|p2a: Kartana|Smart Strike|p1a: Love
|-damage|p1a: Love|11/100
|move|p1a: Love|Draining Kiss|p2a: Kartana
|-resisted|p2a: Kartana
|-damage|p2a: Kartana|0 fnt
|-heal|p1a: Love|12/100|[from] drain|[of] p2a: Kartana
|faint|p2a: Kartana
|
|-heal|p1a: Love|18/100|[from] item: Leftovers
|upkeep
|l|@Sww-Suwa
|
|t:|1665366209
|switch|p2a: Volcanion|Volcanion|100/100
|turn|17
|
|t:|1665366213
|move|p2a: Volcanion|Sludge Wave|p1a: Love
|-supereffective|p1a: Love
|-damage|p1a: Love|0 fnt
|faint|p1a: Love
|
|upkeep
|
|t:|1665366215
|switch|p1a: Patience|Hatterene, F|100/100
|turn|18
|
|t:|1665366217
|move|p2a: Volcanion|Sludge Wave|p1a: Patience
|-supereffective|p1a: Patience
|-damage|p1a: Patience|28/100
|move|p1a: Patience|Calm Mind|p1a: Patience
|-boost|p1a: Patience|spa|1
|-boost|p1a: Patience|spd|1
|
|upkeep
|turn|19
|
|t:|1665366224
|move|p2a: Volcanion|Sludge Wave|p1a: Patience
|-supereffective|p1a: Patience
|-damage|p1a: Patience|0 fnt
|faint|p1a: Patience
|
|win|x wing fighter
|n|☆Dr. Elite|drelite
|n|☆x wing fighter|xwingfighter
|n| KfcGuyHeLikesFries|kfcguyhelikesfries
|n| JustPrimalDialgia|justprimaldialgia
|n| stainedMorph!|stainedmorph
|c|☆x wing fighter|gg
|c|☆Dr. Elite|Great work.
|c|☆Dr. Elite|As expected.
|c|☆Dr. Elite|Good luck in the finals.
|c|☆x wing fighter|haha
|c|☆x wing fighter|ty
|l| KfcGuyHeLikesFries
|l|☆x wing fighter
|l|☆Dr. Elite
|j|☆x wing fighter
|player|p2|x wing fighter|lucas
