|j|☆Down$hift
|j|☆abajass
|t:|1661612438
|gametype|singles
|player|p1|Down$hift|teamrocket|1495
|player|p2|abajass|clerk|1482
|teamsize|p1|6
|teamsize|p2|6
|gen|8
|tier|[Gen 8] OU
|rated|
|rule|Sleep Clause Mod: Limit one foe put to sleep
|rule|Species Clause: Limit one of each Pokémon
|rule|OHKO Clause: OHKO moves are banned
|rule|Evasion Items Clause: Evasion items are banned
|rule|Evasion Moves Clause: Evasion moves are banned
|rule|Endless Battle Clause: Forcing endless battles is banned
|rule|HP Percentage Mod: HP is shown in percentages
|rule|Dynamax Clause: You cannot dynamax
|clearpoke
|poke|p1|Volcanion|
|poke|p1|Tapu Koko|
|poke|p1|Terrakion|
|poke|p1|Corviknight, F|
|poke|p1|Chansey, F|
|poke|p1|Quagsire, M|
|poke|p2|Zapdos|
|poke|p2|Hydreigon, F|
|poke|p2|Urshifu-*, M|
|poke|p2|Gyarados, M|
|poke|p2|Ferrothorn, F|
|poke|p2|Landorus-Therian, M|
|teampreview
|c|☆Down$hift|hf
|
|t:|1661612456
|start
|switch|p1a: Tapu 3HKO|Tapu Koko|100/100
|switch|p2a: Landorus|Landorus-Therian, M|100/100
|-fieldstart|move: Electric Terrain|[from] ability: Electric Surge|[of] p1a: Tapu 3HKO
|-ability|p2a: Landorus|Intimidate|boost
|-unboost|p1a: Tapu 3HKO|atk|1
|turn|1
|
|t:|1661612475
|switch|p1a: Excalibird|Corviknight, F|100/100
|-ability|p1a: Excalibird|Pressure
|move|p2a: Landorus|Stealth Rock|p1a: Excalibird
|-sidestart|p1: Down$hift|move: Stealth Rock
|
|upkeep
|turn|2
|inactive|Battle timer is ON: inactive players will automatically lose when time's up. (requested by abajass)
|
|t:|1661612516
|move|p2a: Landorus|Knock Off|p1a: Excalibird
|-damage|p1a: Excalibird|83/100
|-damage|p2a: Landorus|84/100|[from] item: Rocky Helmet|[of] p1a: Excalibird
|-enditem|p1a: Excalibird|Rocky Helmet|[from] move: Knock Off|[of] p2a: Landorus
|move|p1a: Excalibird|Defog|p2a: Landorus
|-unboost|p2a: Landorus|evasion|1
|-sideend|p1: Down$hift|Stealth Rock|[from] move: Defog|[of] p1a: Excalibird
|-fieldend|move: Electric Terrain
|
|-heal|p2a: Landorus|90/100|[from] item: Leftovers
|upkeep
|turn|3
|
|t:|1661612526
|move|p2a: Landorus|Stealth Rock|p1a: Excalibird
|-sidestart|p1: Down$hift|move: Stealth Rock
|move|p1a: Excalibird|Body Press|p2a: Landorus
|-resisted|p2a: Landorus
|-crit|p2a: Landorus
|-damage|p2a: Landorus|75/100
|
|-heal|p2a: Landorus|81/100|[from] item: Leftovers
|upkeep
|turn|4
|
|t:|1661612540
|move|p2a: Landorus|Knock Off|p1a: Excalibird
|-damage|p1a: Excalibird|70/100
|move|p1a: Excalibird|Defog|p2a: Landorus
|-unboost|p2a: Landorus|evasion|1
|-sideend|p1: Down$hift|Stealth Rock|[from] move: Defog|[of] p1a: Excalibird
|
|-heal|p2a: Landorus|87/100|[from] item: Leftovers
|upkeep
|turn|5
|inactive|Down$hift has 120 seconds left.
|inactive|Down$hift has 90 seconds left.
|
|t:|1661612629
|move|p2a: Landorus|Stealth Rock|p1a: Excalibird
|-sidestart|p1: Down$hift|move: Stealth Rock
|move|p1a: Excalibird|Body Press|p2a: Landorus
|-resisted|p2a: Landorus
|-damage|p2a: Landorus|77/100
|
|-heal|p2a: Landorus|83/100|[from] item: Leftovers
|upkeep
|turn|6
|
|t:|1661612644
|move|p2a: Landorus|U-turn|p1a: Excalibird
|-resisted|p1a: Excalibird
|-damage|p1a: Excalibird|67/100
|
|t:|1661612647
|switch|p2a: Ferrothorn|Ferrothorn, F|100/100|[from]move: U-turn
|move|p1a: Excalibird|Defog|p2a: Ferrothorn
|-unboost|p2a: Ferrothorn|evasion|1
|-sideend|p1: Down$hift|Stealth Rock|[from] move: Defog|[of] p1a: Excalibird
|
|upkeep
|turn|7
|
|t:|1661612669
|move|p1a: Excalibird|Roost|p1a: Excalibird
|-heal|p1a: Excalibird|100/100
|-singleturn|p1a: Excalibird|move: Roost
|move|p2a: Ferrothorn|Leech Seed|p1a: Excalibird
|-start|p1a: Excalibird|move: Leech Seed
|
|-damage|p1a: Excalibird|88/100|[from] Leech Seed|[of] p2a: Ferrothorn
|upkeep
|turn|8
|
|t:|1661612677
|switch|p1a: Omega Scald|Volcanion|100/100
|move|p2a: Ferrothorn|Thunder Wave|p1a: Omega Scald
|-status|p1a: Omega Scald|par
|
|upkeep
|turn|9
|
|t:|1661612691
|switch|p2a: Zapdos|Zapdos|100/100
|move|p1a: Omega Scald|Overheat|p2a: Zapdos
|-damage|p2a: Zapdos|0 fnt
|-unboost|p1a: Omega Scald|spa|2
|faint|p2a: Zapdos
|
|upkeep
|
|t:|1661612704
|switch|p2a: Gyarados|Gyarados, M|100/100
|-ability|p2a: Gyarados|Intimidate|boost
|-unboost|p1a: Omega Scald|atk|1
|turn|10
|inactive|Down$hift has 90 seconds left.
|
|t:|1661612716
|switch|p1a: Mayro|Quagsire, M|100/100
|move|p2a: Gyarados|Substitute|p2a: Gyarados
|-start|p2a: Gyarados|Substitute
|-damage|p2a: Gyarados|76/100
|
|-heal|p2a: Gyarados|82/100|[from] item: Leftovers
|upkeep
|turn|11
|inactive|Down$hift has 90 seconds left.
|
|t:|1661612743
|move|p2a: Gyarados|Waterfall|p1a: Mayro
|-damage|p1a: Mayro|68/100
|move|p1a: Mayro|Scald|p2a: Gyarados
|-resisted|p2a: Gyarados
|-activate|p2a: Gyarados|move: Substitute|[damage]
|
|-heal|p2a: Gyarados|88/100|[from] item: Leftovers
|-heal|p1a: Mayro|74/100|[from] item: Leftovers
|upkeep
|turn|12
|
|t:|1661612752
|move|p2a: Gyarados|Waterfall|p1a: Mayro
|-damage|p1a: Mayro|42/100
|move|p1a: Mayro|Recover|p1a: Mayro
|-heal|p1a: Mayro|92/100
|
|-heal|p2a: Gyarados|94/100|[from] item: Leftovers
|-heal|p1a: Mayro|98/100|[from] item: Leftovers
|upkeep
|turn|13
|inactive|Down$hift has 90 seconds left.
|
|t:|1661612763
|switch|p1a: Nurse Depression|Chansey, F|100/100
|move|p2a: Gyarados|Waterfall|p1a: Nurse Depression
|-damage|p1a: Nurse Depression|72/100
|
|-heal|p2a: Gyarados|99/100|[from] item: Leftovers
|upkeep
|turn|14
|
|t:|1661612770
|switch|p2a: Ferrothorn|Ferrothorn, F|100/100
|move|p1a: Nurse Depression|Seismic Toss|p2a: Ferrothorn
|-damage|p2a: Ferrothorn|72/100
|-damage|p1a: Nurse Depression|60/100|[from] ability: Iron Barbs|[of] p2a: Ferrothorn
|
|-heal|p2a: Ferrothorn|78/100|[from] item: Leftovers
|upkeep
|turn|15
|inactive|Down$hift has 90 seconds left.
|
|t:|1661612795
|move|p2a: Ferrothorn|Leech Seed|p1a: Nurse Depression
|-start|p1a: Nurse Depression|move: Leech Seed
|move|p1a: Nurse Depression|Teleport|p1a: Nurse Depression
|
|t:|1661612798
|switch|p1a: Omega Scald|Volcanion|100/100 par|[from]move: Teleport
|
|-heal|p2a: Ferrothorn|85/100|[from] item: Leftovers
|upkeep
|turn|16
|
|t:|1661612811
|switch|p2a: Hydreigon|Hydreigon, F|100/100
|cant|p1a: Omega Scald|par
|
|upkeep
|turn|17
|
|t:|1661612821
|switch|p1a: Tapu 3HKO|Tapu Koko|100/100
|-fieldstart|move: Electric Terrain|[from] ability: Electric Surge|[of] p1a: Tapu 3HKO
|move|p2a: Hydreigon|Earth Power|p1a: Tapu 3HKO
|-supereffective|p1a: Tapu 3HKO
|-damage|p1a: Tapu 3HKO|0 fnt
|faint|p1a: Tapu 3HKO
|
|upkeep
|
|t:|1661612825
|switch|p1a: Literal Goat|Terrakion|100/100
|turn|18
|
|t:|1661612833
|switch|p2a: Landorus|Landorus-Therian, M|83/100
|-ability|p2a: Landorus|Intimidate|boost
|-unboost|p1a: Literal Goat|atk|1
|move|p1a: Literal Goat|Stone Edge|p2a: Landorus
|-damage|p2a: Landorus|40/100
|
|-heal|p2a: Landorus|46/100|[from] item: Leftovers
|upkeep
|turn|19
|
|t:|1661612846
|switch|p1a: Excalibird|Corviknight, F|88/100
|-ability|p1a: Excalibird|Pressure
|move|p2a: Landorus|Earthquake|p1a: Excalibird
|-immune|p1a: Excalibird
|
|-heal|p2a: Landorus|52/100|[from] item: Leftovers
|upkeep
|turn|20
|
|t:|1661612855
|move|p2a: Landorus|Stealth Rock|p1a: Excalibird
|-sidestart|p1: Down$hift|move: Stealth Rock
|move|p1a: Excalibird|Body Press|p2a: Landorus
|-resisted|p2a: Landorus
|-damage|p2a: Landorus|41/100
|
|-heal|p2a: Landorus|47/100|[from] item: Leftovers
|upkeep
|turn|21
|
|t:|1661612862
|move|p2a: Landorus|U-turn|p1a: Excalibird
|-resisted|p1a: Excalibird
|-damage|p1a: Excalibird|85/100
|
|t:|1661612865
|switch|p2a: Ferrothorn|Ferrothorn, F|85/100|[from]move: U-turn
|move|p1a: Excalibird|Defog|p2a: Ferrothorn
|-unboost|p2a: Ferrothorn|evasion|1
|-sideend|p1: Down$hift|Stealth Rock|[from] move: Defog|[of] p1a: Excalibird
|-fieldend|move: Electric Terrain
|
|-heal|p2a: Ferrothorn|91/100|[from] item: Leftovers
|upkeep
|turn|22
|
|t:|1661612876
|switch|p1a: Omega Scald|Volcanion|100/100 par
|move|p2a: Ferrothorn|Leech Seed|p1a: Omega Scald
|-start|p1a: Omega Scald|move: Leech Seed
|
|-heal|p2a: Ferrothorn|97/100|[from] item: Leftovers
|-damage|p1a: Omega Scald|88/100 par|[from] Leech Seed|[of] p2a: Ferrothorn
|-heal|p2a: Ferrothorn|100/100|[silent]
|upkeep
|turn|23
|
|t:|1661612884
|switch|p2a: Hydreigon|Hydreigon, F|100/100
|move|p1a: Omega Scald|Overheat|p2a: Hydreigon
|-resisted|p2a: Hydreigon
|-damage|p2a: Hydreigon|39/100
|-unboost|p1a: Omega Scald|spa|2
|
|-damage|p1a: Omega Scald|76/100 par|[from] Leech Seed|[of] p2a: Hydreigon
|-heal|p2a: Hydreigon|50/100|[silent]
|upkeep
|turn|24
|
|t:|1661612895
|switch|p2a: Urshifu|Urshifu-Rapid-Strike, M|100/100
|switch|p1a: Nurse Depression|Chansey, F|60/100
|
|upkeep
|turn|25
|
|t:|1661612906
|move|p2a: Urshifu|Close Combat|p1a: Nurse Depression
|-supereffective|p1a: Nurse Depression
|-damage|p1a: Nurse Depression|0 fnt
|-unboost|p2a: Urshifu|def|1
|-unboost|p2a: Urshifu|spd|1
|faint|p1a: Nurse Depression
|
|upkeep
|
|t:|1661612910
|switch|p1a: Literal Goat|Terrakion|100/100
|turn|26
|
|t:|1661612921
|switch|p2a: Landorus|Landorus-Therian, M|47/100
|-ability|p2a: Landorus|Intimidate|boost
|-unboost|p1a: Literal Goat|atk|1
|move|p1a: Literal Goat|Close Combat|p2a: Landorus
|-resisted|p2a: Landorus
|-damage|p2a: Landorus|24/100
|-unboost|p1a: Literal Goat|def|1
|-unboost|p1a: Literal Goat|spd|1
|
|-heal|p2a: Landorus|30/100|[from] item: Leftovers
|upkeep
|turn|27
|
|t:|1661612933
|switch|p1a: Excalibird|Corviknight, F|85/100
|-ability|p1a: Excalibird|Pressure
|move|p2a: Landorus|Knock Off|p1a: Excalibird
|-damage|p1a: Excalibird|73/100
|
|-heal|p2a: Landorus|36/100|[from] item: Leftovers
|upkeep
|turn|28
|
|t:|1661612942
|move|p2a: Landorus|Stealth Rock|p1a: Excalibird
|-sidestart|p1: Down$hift|move: Stealth Rock
|move|p1a: Excalibird|Body Press|p2a: Landorus
|-resisted|p2a: Landorus
|-damage|p2a: Landorus|26/100
|
|-heal|p2a: Landorus|32/100|[from] item: Leftovers
|upkeep
|turn|29
|
|t:|1661612951
|move|p2a: Landorus|Knock Off|p1a: Excalibird
|-damage|p1a: Excalibird|60/100
|move|p1a: Excalibird|Defog|p2a: Landorus
|-unboost|p2a: Landorus|evasion|1
|-sideend|p1: Down$hift|Stealth Rock|[from] move: Defog|[of] p1a: Excalibird
|
|-heal|p2a: Landorus|38/100|[from] item: Leftovers
|upkeep
|turn|30
|
|t:|1661612971
|move|p2a: Landorus|Stealth Rock|p1a: Excalibird
|-sidestart|p1: Down$hift|move: Stealth Rock
|move|p1a: Excalibird|Roost|p1a: Excalibird
|-heal|p1a: Excalibird|100/100
|-singleturn|p1a: Excalibird|move: Roost
|
|-heal|p2a: Landorus|44/100|[from] item: Leftovers
|upkeep
|turn|31
|
|t:|1661612980
|switch|p2a: Ferrothorn|Ferrothorn, F|100/100
|move|p1a: Excalibird|U-turn|p2a: Ferrothorn
|-damage|p2a: Ferrothorn|90/100
|-damage|p1a: Excalibird|88/100|[from] ability: Iron Barbs|[of] p2a: Ferrothorn
|
|t:|1661612982
|switch|p1a: Literal Goat|Terrakion|100/100|[from]move: U-turn
|-damage|p1a: Literal Goat|94/100|[from] Stealth Rock
|
|-heal|p2a: Ferrothorn|96/100|[from] item: Leftovers
|upkeep
|turn|32
|
|t:|1661612991
|switch|p2a: Landorus|Landorus-Therian, M|44/100
|-ability|p2a: Landorus|Intimidate|boost
|-unboost|p1a: Literal Goat|atk|1
|move|p1a: Literal Goat|Close Combat|p2a: Landorus
|-resisted|p2a: Landorus
|-damage|p2a: Landorus|18/100
|-unboost|p1a: Literal Goat|def|1
|-unboost|p1a: Literal Goat|spd|1
|
|-heal|p2a: Landorus|24/100|[from] item: Leftovers
|upkeep
|turn|33
|
|t:|1661613004
|move|p1a: Literal Goat|Close Combat|p2a: Landorus
|-resisted|p2a: Landorus
|-damage|p2a: Landorus|0 fnt
|-unboost|p1a: Literal Goat|def|1
|-unboost|p1a: Literal Goat|spd|1
|faint|p2a: Landorus
|
|upkeep
|
|t:|1661613024
|switch|p2a: Gyarados|Gyarados, M|99/100
|-ability|p2a: Gyarados|Intimidate|boost
|-unboost|p1a: Literal Goat|atk|1
|turn|34
|
|t:|1661613033
|switch|p1a: Excalibird|Corviknight, F|88/100
|-damage|p1a: Excalibird|76/100|[from] Stealth Rock
|-ability|p1a: Excalibird|Pressure
|move|p2a: Gyarados|Substitute|p2a: Gyarados
|-start|p2a: Gyarados|Substitute
|-damage|p2a: Gyarados|75/100
|
|-heal|p2a: Gyarados|81/100|[from] item: Leftovers
|upkeep
|turn|35
|
|t:|1661613045
|move|p2a: Gyarados|Dragon Dance|p2a: Gyarados
|-boost|p2a: Gyarados|atk|1
|-boost|p2a: Gyarados|spe|1
|move|p1a: Excalibird|Defog|p2a: Gyarados
|-sideend|p1: Down$hift|Stealth Rock|[from] move: Defog|[of] p1a: Excalibird
|
|-heal|p2a: Gyarados|87/100|[from] item: Leftovers
|upkeep
|turn|36
|
|t:|1661613063
|switch|p1a: Mayro|Quagsire, M|98/100
|move|p2a: Gyarados|Dragon Dance|p2a: Gyarados
|-boost|p2a: Gyarados|atk|1
|-boost|p2a: Gyarados|spe|1
|
|-heal|p2a: Gyarados|93/100|[from] item: Leftovers
|-heal|p1a: Mayro|100/100|[from] item: Leftovers
|upkeep
|turn|37
|
|t:|1661613073
|move|p2a: Gyarados|Waterfall|p1a: Mayro
|-damage|p1a: Mayro|67/100
|move|p1a: Mayro|Scald|p2a: Gyarados
|-resisted|p2a: Gyarados
|-activate|p2a: Gyarados|move: Substitute|[damage]
|
|-heal|p2a: Gyarados|99/100|[from] item: Leftovers
|-heal|p1a: Mayro|73/100|[from] item: Leftovers
|upkeep
|turn|38
|
|t:|1661613084
|move|p2a: Gyarados|Earthquake|p1a: Mayro
|-damage|p1a: Mayro|47/100
|move|p1a: Mayro|Recover|p1a: Mayro
|-heal|p1a: Mayro|97/100
|
|-heal|p2a: Gyarados|100/100|[from] item: Leftovers
|-heal|p1a: Mayro|100/100|[from] item: Leftovers
|upkeep
|turn|39
|
|t:|1661613108
|move|p2a: Gyarados|Dragon Dance|p2a: Gyarados
|-boost|p2a: Gyarados|atk|1
|-boost|p2a: Gyarados|spe|1
|move|p1a: Mayro|Scald|p2a: Gyarados
|-resisted|p2a: Gyarados
|-activate|p2a: Gyarados|move: Substitute|[damage]
|
|upkeep
|turn|40
|
|t:|1661613119
|move|p2a: Gyarados|Earthquake|p1a: Mayro
|-damage|p1a: Mayro|73/100
|move|p1a: Mayro|Scald|p2a: Gyarados
|-resisted|p2a: Gyarados
|-end|p2a: Gyarados|Substitute
|
|-heal|p1a: Mayro|79/100|[from] item: Leftovers
|upkeep
|turn|41
|
|t:|1661613130
|move|p2a: Gyarados|Substitute|p2a: Gyarados
|-start|p2a: Gyarados|Substitute
|-damage|p2a: Gyarados|76/100
|move|p1a: Mayro|Scald|p2a: Gyarados
|-resisted|p2a: Gyarados
|-activate|p2a: Gyarados|move: Substitute|[damage]
|
|-heal|p2a: Gyarados|82/100|[from] item: Leftovers
|-heal|p1a: Mayro|85/100|[from] item: Leftovers
|upkeep
|turn|42
|
|t:|1661613139
|move|p2a: Gyarados|Waterfall|p1a: Mayro
|-damage|p1a: Mayro|52/100
|move|p1a: Mayro|Scald|p2a: Gyarados
|-resisted|p2a: Gyarados
|-activate|p2a: Gyarados|move: Substitute|[damage]
|
|-heal|p2a: Gyarados|88/100|[from] item: Leftovers
|-heal|p1a: Mayro|58/100|[from] item: Leftovers
|upkeep
|turn|43
|
|t:|1661613150
|move|p2a: Gyarados|Waterfall|p1a: Mayro
|-damage|p1a: Mayro|26/100
|move|p1a: Mayro|Recover|p1a: Mayro
|-heal|p1a: Mayro|77/100
|
|-heal|p2a: Gyarados|94/100|[from] item: Leftovers
|-heal|p1a: Mayro|83/100|[from] item: Leftovers
|upkeep
|turn|44
|
|t:|1661613158
|move|p2a: Gyarados|Earthquake|p1a: Mayro
|-damage|p1a: Mayro|58/100
|move|p1a: Mayro|Recover|p1a: Mayro
|-heal|p1a: Mayro|100/100
|
|-heal|p2a: Gyarados|99/100|[from] item: Leftovers
|upkeep
|turn|45
|
|t:|1661613166
|move|p2a: Gyarados|Earthquake|p1a: Mayro
|-damage|p1a: Mayro|75/100
|move|p1a: Mayro|Scald|p2a: Gyarados
|-resisted|p2a: Gyarados
|-end|p2a: Gyarados|Substitute
|
|-heal|p2a: Gyarados|100/100|[from] item: Leftovers
|-heal|p1a: Mayro|81/100|[from] item: Leftovers
|upkeep
|turn|46
|
|t:|1661613186
|move|p2a: Gyarados|Substitute|p2a: Gyarados
|-start|p2a: Gyarados|Substitute
|-damage|p2a: Gyarados|76/100
|move|p1a: Mayro|Scald|p2a: Gyarados
|-resisted|p2a: Gyarados
|-activate|p2a: Gyarados|move: Substitute|[damage]
|
|-heal|p2a: Gyarados|82/100|[from] item: Leftovers
|-heal|p1a: Mayro|88/100|[from] item: Leftovers
|upkeep
|turn|47
|
|t:|1661613195
|move|p2a: Gyarados|Earthquake|p1a: Mayro
|-damage|p1a: Mayro|62/100
|move|p1a: Mayro|Scald|p2a: Gyarados
|-resisted|p2a: Gyarados
|-activate|p2a: Gyarados|move: Substitute|[damage]
|
|-heal|p2a: Gyarados|88/100|[from] item: Leftovers
|-heal|p1a: Mayro|68/100|[from] item: Leftovers
|upkeep
|turn|48
|
|t:|1661613206
|move|p2a: Gyarados|Waterfall|p1a: Mayro
|-damage|p1a: Mayro|35/100
|move|p1a: Mayro|Recover|p1a: Mayro
|-heal|p1a: Mayro|85/100
|
|-heal|p2a: Gyarados|94/100|[from] item: Leftovers
|-heal|p1a: Mayro|92/100|[from] item: Leftovers
|upkeep
|turn|49
|
|t:|1661613214
|move|p2a: Gyarados|Earthquake|p1a: Mayro
|-damage|p1a: Mayro|68/100
|move|p1a: Mayro|Scald|p2a: Gyarados
|-resisted|p2a: Gyarados
|-end|p2a: Gyarados|Substitute
|
|-heal|p2a: Gyarados|99/100|[from] item: Leftovers
|-heal|p1a: Mayro|74/100|[from] item: Leftovers
|upkeep
|turn|50
|
|t:|1661613224
|move|p2a: Gyarados|Substitute|p2a: Gyarados
|-start|p2a: Gyarados|Substitute
|-damage|p2a: Gyarados|75/100
|move|p1a: Mayro|Scald|p2a: Gyarados
|-resisted|p2a: Gyarados
|-activate|p2a: Gyarados|move: Substitute|[damage]
|
|-heal|p2a: Gyarados|81/100|[from] item: Leftovers
|-heal|p1a: Mayro|80/100|[from] item: Leftovers
|upkeep
|turn|51
|
|t:|1661613234
|move|p2a: Gyarados|Waterfall|p1a: Mayro
|-damage|p1a: Mayro|46/100
|move|p1a: Mayro|Scald|p2a: Gyarados
|-resisted|p2a: Gyarados
|-activate|p2a: Gyarados|move: Substitute|[damage]
|
|-heal|p2a: Gyarados|87/100|[from] item: Leftovers
|-heal|p1a: Mayro|52/100|[from] item: Leftovers
|upkeep
|turn|52
|
|t:|1661613246
|move|p2a: Gyarados|Waterfall|p1a: Mayro
|-damage|p1a: Mayro|21/100
|move|p1a: Mayro|Recover|p1a: Mayro
|-heal|p1a: Mayro|71/100
|
|-heal|p2a: Gyarados|93/100|[from] item: Leftovers
|-heal|p1a: Mayro|77/100|[from] item: Leftovers
|upkeep
|turn|53
|
|t:|1661613255
|move|p2a: Gyarados|Earthquake|p1a: Mayro
|-damage|p1a: Mayro|53/100
|move|p1a: Mayro|Scald|p2a: Gyarados
|-resisted|p2a: Gyarados
|-end|p2a: Gyarados|Substitute
|
|-heal|p2a: Gyarados|99/100|[from] item: Leftovers
|-heal|p1a: Mayro|59/100|[from] item: Leftovers
|upkeep
|turn|54
|
|t:|1661613265
|move|p2a: Gyarados|Substitute|p2a: Gyarados
|-start|p2a: Gyarados|Substitute
|-damage|p2a: Gyarados|75/100
|move|p1a: Mayro|Recover|p1a: Mayro
|-heal|p1a: Mayro|100/100
|
|-heal|p2a: Gyarados|81/100|[from] item: Leftovers
|upkeep
|turn|55
|
|t:|1661613277
|move|p2a: Gyarados|Dragon Dance|p2a: Gyarados
|-boost|p2a: Gyarados|atk|1
|-boost|p2a: Gyarados|spe|1
|move|p1a: Mayro|Scald|p2a: Gyarados
|-resisted|p2a: Gyarados
|-crit|p2a: Gyarados
|-activate|p2a: Gyarados|move: Substitute|[damage]
|
|-heal|p2a: Gyarados|87/100|[from] item: Leftovers
|upkeep
|turn|56
|
|t:|1661613292
|move|p2a: Gyarados|Earthquake|p1a: Mayro
|-damage|p1a: Mayro|73/100
|move|p1a: Mayro|Scald|p2a: Gyarados
|-resisted|p2a: Gyarados
|-end|p2a: Gyarados|Substitute
|
|-heal|p2a: Gyarados|93/100|[from] item: Leftovers
|-heal|p1a: Mayro|79/100|[from] item: Leftovers
|upkeep
|turn|57
|
|t:|1661613302
|move|p2a: Gyarados|Substitute|p2a: Gyarados
|-start|p2a: Gyarados|Substitute
|-damage|p2a: Gyarados|68/100
|move|p1a: Mayro|Scald|p2a: Gyarados
|-resisted|p2a: Gyarados
|-activate|p2a: Gyarados|move: Substitute|[damage]
|
|-heal|p2a: Gyarados|74/100|[from] item: Leftovers
|-heal|p1a: Mayro|85/100|[from] item: Leftovers
|upkeep
|turn|58
|
|t:|1661613313
|move|p2a: Gyarados|Waterfall|p1a: Mayro
|-damage|p1a: Mayro|56/100
|move|p1a: Mayro|Scald|p2a: Gyarados
|-resisted|p2a: Gyarados
|-activate|p2a: Gyarados|move: Substitute|[damage]
|
|-heal|p2a: Gyarados|80/100|[from] item: Leftovers
|-heal|p1a: Mayro|63/100|[from] item: Leftovers
|upkeep
|turn|59
|
|t:|1661613322
|move|p2a: Gyarados|Waterfall|p1a: Mayro
|-damage|p1a: Mayro|31/100
|move|p1a: Mayro|Recover|p1a: Mayro
|-heal|p1a: Mayro|81/100
|
|-heal|p2a: Gyarados|86/100|[from] item: Leftovers
|-heal|p1a: Mayro|87/100|[from] item: Leftovers
|upkeep
|turn|60
|
|t:|1661613338
|move|p2a: Gyarados|Waterfall|p1a: Mayro
|-damage|p1a: Mayro|54/100
|cant|p1a: Mayro|flinch
|
|-heal|p2a: Gyarados|92/100|[from] item: Leftovers
|-heal|p1a: Mayro|60/100|[from] item: Leftovers
|upkeep
|turn|61
|
|t:|1661613348
|move|p2a: Gyarados|Waterfall|p1a: Mayro
|-crit|p1a: Mayro
|-damage|p1a: Mayro|9/100
|cant|p1a: Mayro|flinch
|
|-heal|p2a: Gyarados|98/100|[from] item: Leftovers
|-heal|p1a: Mayro|15/100|[from] item: Leftovers
|upkeep
|turn|62
|c|☆Down$hift|gg
|-message|Down$hift forfeited.
|
|win|abajass
|raw|Down$hift's rating: 1495 &rarr; <strong>1474</strong><br />(-21 for losing)
|raw|abajass's rating: 1482 &rarr; <strong>1503</strong><br />(+21 for winning)
|l|☆Down$hift
|c|☆abajass|gg
