|j|☆Kazt_5
|j|☆Mimikyu Stardust
|inactive|Battle timer is ON: inactive players will automatically lose when time's up.
|t:|1614759929
|player|p1|Kazt_5|dawn|
|player|p2|Mimikyu Stardust|lillie-z|
|teamsize|p1|6
|teamsize|p2|6
|gametype|singles
|gen|8
|tier|[Gen 8] OU
|rated|Tournament battle
|clearpoke
|poke|p1|Volcanion|
|poke|p1|Tyranitar, F|
|poke|p1|Dracovish|
|poke|p1|Kartana|
|poke|p1|Kyurem|
|poke|p1|Landorus-Therian, M|
|poke|p2|Dracovish|
|poke|p2|Pelipper, F|
|poke|p2|Ferrothorn, F|
|poke|p2|Seismitoad, F|
|poke|p2|Tornadus-Therian, M|
|poke|p2|Barraskewda, M|
|rule|Sleep Clause Mod: Limit one foe put to sleep
|rule|Species Clause: Limit one of each Pokémon
|rule|OHKO Clause: OHKO moves are banned
|rule|Evasion Moves Clause: Evasion moves are banned
|rule|Endless Battle Clause: Forcing endless battles is banned
|rule|HP Percentage Mod: HP is shown in percentages
|rule|Dynamax Clause: You cannot dynamax
|teampreview
|j| Amigento1958
|j| slksjfnwjl
|j| AquaVanilla
|l| slksjfnwjl
|j| kisian
|
|t:|1614759940
|start
|switch|p1a: Volcanion|Volcanion|100/100
|switch|p2a: Dracovish|Dracovish|100/100
|turn|1
|j| NSXernos
|
|t:|1614759949
|switch|p2a: Seismitoad|Seismitoad, F|100/100
|switch|p1a: Landorus|Landorus-Therian, M|100/100
|-ability|p1a: Landorus|Intimidate|boost
|-unboost|p2a: Seismitoad|atk|1
|
|upkeep
|turn|2
|
|t:|1614759957
|switch|p2a: Pelipper|Pelipper, F|100/100
|-weather|RainDance|[from] ability: Drizzle|[of] p2a: Pelipper
|move|p1a: Landorus|U-turn|p2a: Pelipper
|-resisted|p2a: Pelipper
|-damage|p2a: Pelipper|92/100
|
|t:|1614759959
|switch|p1a: Volcanion|Volcanion|100/100|[from]move: U-turn
|
|-weather|RainDance|[upkeep]
|upkeep
|turn|3
|
|t:|1614759962
|switch|p2a: Seismitoad|Seismitoad, F|100/100
|move|p1a: Volcanion|Substitute|p1a: Volcanion
|-start|p1a: Volcanion|Substitute
|-damage|p1a: Volcanion|76/100
|
|-weather|RainDance|[upkeep]
|-heal|p1a: Volcanion|82/100|[from] item: Leftovers
|upkeep
|turn|4
|
|t:|1614759965
|move|p1a: Volcanion|Earth Power|p2a: Seismitoad
|-damage|p2a: Seismitoad|65/100
|move|p2a: Seismitoad|Earth Power|p1a: Volcanion
|-supereffective|p1a: Volcanion
|-end|p1a: Volcanion|Substitute
|
|-weather|RainDance|[upkeep]
|-heal|p1a: Volcanion|88/100|[from] item: Leftovers
|-heal|p2a: Seismitoad|71/100|[from] item: Leftovers
|upkeep
|turn|5
|
|t:|1614759972
|switch|p1a: Tyranitar|Tyranitar, F|100/100
|-weather|Sandstorm|[from] ability: Sand Stream|[of] p1a: Tyranitar
|move|p2a: Seismitoad|Earth Power|p1a: Tyranitar
|-supereffective|p1a: Tyranitar
|-damage|p1a: Tyranitar|78/100
|
|-weather|Sandstorm|[upkeep]
|-heal|p2a: Seismitoad|77/100|[from] item: Leftovers
|upkeep
|turn|6
|j| HarryKane247
|
|t:|1614759984
|switch|p1a: Kyurem|Kyurem|100/100
|-ability|p1a: Kyurem|Pressure
|move|p2a: Seismitoad|Stealth Rock|p1a: Kyurem
|-sidestart|p1: Kazt_5|move: Stealth Rock
|
|-weather|Sandstorm|[upkeep]
|-damage|p1a: Kyurem|94/100|[from] Sandstorm
|-heal|p1a: Kyurem|100/100|[from] item: Leftovers
|-heal|p2a: Seismitoad|83/100|[from] item: Leftovers
|upkeep
|turn|7
|
|t:|1614759991
|switch|p2a: Ferrothorn|Ferrothorn, F|100/100
|move|p1a: Kyurem|Substitute|p1a: Kyurem
|-start|p1a: Kyurem|Substitute
|-damage|p1a: Kyurem|76/100
|
|-weather|Sandstorm|[upkeep]
|-damage|p1a: Kyurem|69/100|[from] Sandstorm
|-heal|p1a: Kyurem|76/100|[from] item: Leftovers
|upkeep
|turn|8
|
|t:|1614759994
|move|p1a: Kyurem|Freeze-Dry|p2a: Ferrothorn
|-damage|p2a: Ferrothorn|75/100
|move|p2a: Ferrothorn|Power Whip|p1a: Kyurem
|-resisted|p1a: Kyurem
|-activate|p1a: Kyurem|move: Substitute|[damage]
|
|-weather|Sandstorm|[upkeep]
|-damage|p1a: Kyurem|69/100|[from] Sandstorm
|-heal|p1a: Kyurem|76/100|[from] item: Leftovers
|-heal|p2a: Ferrothorn|81/100|[from] item: Leftovers
|upkeep
|turn|9
|
|t:|1614759998
|move|p1a: Kyurem|Freeze-Dry|p2a: Ferrothorn
|-damage|p2a: Ferrothorn|53/100
|move|p2a: Ferrothorn|Power Whip|p1a: Kyurem
|-resisted|p1a: Kyurem
|-end|p1a: Kyurem|Substitute
|
|-weather|Sandstorm|[upkeep]
|-damage|p1a: Kyurem|69/100|[from] Sandstorm
|-heal|p1a: Kyurem|76/100|[from] item: Leftovers
|-heal|p2a: Ferrothorn|59/100|[from] item: Leftovers
|upkeep
|turn|10
|
|t:|1614760009
|switch|p2a: Pelipper|Pelipper, F|92/100
|-weather|RainDance|[from] ability: Drizzle|[of] p2a: Pelipper
|move|p1a: Kyurem|Substitute|p1a: Kyurem
|-start|p1a: Kyurem|Substitute
|-damage|p1a: Kyurem|51/100
|
|-weather|RainDance|[upkeep]
|-heal|p1a: Kyurem|57/100|[from] item: Leftovers
|upkeep
|turn|11
|
|t:|1614760016
|move|p1a: Kyurem|Roost|p1a: Kyurem
|-heal|p1a: Kyurem|100/100
|-singleturn|p1a: Kyurem|move: Roost
|move|p2a: Pelipper|U-turn|p1a: Kyurem
|-activate|p1a: Kyurem|move: Substitute|[damage]
|
|t:|1614760022
|switch|p2a: Barraskewda|Barraskewda, M|100/100|[from]move: U-turn
|
|-weather|RainDance|[upkeep]
|upkeep
|turn|12
|
|t:|1614760028
|move|p2a: Barraskewda|Liquidation|p1a: Kyurem
|-resisted|p1a: Kyurem
|-end|p1a: Kyurem|Substitute
|move|p1a: Kyurem|Substitute|p1a: Kyurem
|-start|p1a: Kyurem|Substitute
|-damage|p1a: Kyurem|76/100
|
|-weather|RainDance|[upkeep]
|-heal|p1a: Kyurem|82/100|[from] item: Leftovers
|upkeep
|turn|13
|
|t:|1614760031
|move|p2a: Barraskewda|Liquidation|p1a: Kyurem
|-resisted|p1a: Kyurem
|-end|p1a: Kyurem|Substitute
|move|p1a: Kyurem|Freeze-Dry|p2a: Barraskewda
|-supereffective|p2a: Barraskewda
|-damage|p2a: Barraskewda|0 fnt
|faint|p2a: Barraskewda
|
|-weather|RainDance|[upkeep]
|-heal|p1a: Kyurem|88/100|[from] item: Leftovers
|upkeep
|
|t:|1614760039
|switch|p2a: Dracovish|Dracovish|100/100
|turn|14
|
|t:|1614760048
|switch|p1a: Kartana|Kartana|100/100
|-damage|p1a: Kartana|94/100|[from] Stealth Rock
|move|p2a: Dracovish|Fishious Rend|p1a: Kartana
|-resisted|p1a: Kartana
|-damage|p1a: Kartana|18/100
|
|-weather|RainDance|[upkeep]
|upkeep
|turn|15
|
|t:|1614760053
|move|p2a: Dracovish|Fishious Rend|p1a: Kartana
|-resisted|p1a: Kartana
|-damage|p1a: Kartana|0 fnt
|faint|p1a: Kartana
|
|-weather|RainDance|[upkeep]
|upkeep
|c|☆Mimikyu Stardust|oof
|
|t:|1614760063
|switch|p1a: Volcanion|Volcanion|88/100
|-damage|p1a: Volcanion|63/100|[from] Stealth Rock
|turn|16
|
|t:|1614760068
|switch|p2a: Seismitoad|Seismitoad, F|83/100
|move|p1a: Volcanion|Earth Power|p2a: Seismitoad
|-damage|p2a: Seismitoad|50/100
|
|-weather|RainDance|[upkeep]
|-heal|p1a: Volcanion|69/100|[from] item: Leftovers
|-heal|p2a: Seismitoad|56/100|[from] item: Leftovers
|upkeep
|turn|17
|
|t:|1614760077
|switch|p1a: Landorus|Landorus-Therian, M|100/100
|-damage|p1a: Landorus|88/100|[from] Stealth Rock
|-ability|p1a: Landorus|Intimidate|boost
|-unboost|p2a: Seismitoad|atk|1
|move|p2a: Seismitoad|Knock Off|p1a: Landorus
|-damage|p1a: Landorus|78/100
|-enditem|p1a: Landorus|Leftovers|[from] move: Knock Off|[of] p2a: Seismitoad
|
|-weather|none
|-heal|p2a: Seismitoad|62/100|[from] item: Leftovers
|upkeep
|turn|18
|
|t:|1614760083
|switch|p2a: Pelipper|Pelipper, F|92/100
|-weather|RainDance|[from] ability: Drizzle|[of] p2a: Pelipper
|move|p1a: Landorus|Knock Off|p2a: Pelipper
|-damage|p2a: Pelipper|70/100
|-enditem|p2a: Pelipper|Damp Rock|[from] move: Knock Off|[of] p1a: Landorus
|
|-weather|RainDance|[upkeep]
|upkeep
|turn|19
|
|t:|1614760086
|move|p1a: Landorus|Defog|p2a: Pelipper
|-unboost|p2a: Pelipper|evasion|1
|-sideend|p1: Kazt_5|Stealth Rock|[from] move: Defog|[of] p1a: Landorus
|move|p2a: Pelipper|U-turn|p1a: Landorus
|-resisted|p1a: Landorus
|-damage|p1a: Landorus|75/100
|
|t:|1614760095
|switch|p2a: Dracovish|Dracovish|100/100|[from]move: U-turn
|
|-weather|RainDance|[upkeep]
|upkeep
|turn|20
|
|t:|1614760107
|switch|p1a: Tyranitar|Tyranitar, F|78/100
|-weather|Sandstorm|[from] ability: Sand Stream|[of] p1a: Tyranitar
|move|p2a: Dracovish|Earthquake|p1a: Tyranitar
|-supereffective|p1a: Tyranitar
|-damage|p1a: Tyranitar|39/100
|
|-weather|Sandstorm|[upkeep]
|-damage|p2a: Dracovish|94/100|[from] Sandstorm
|upkeep
|turn|21
|
|t:|1614760114
|switch|p1a: Landorus|Landorus-Therian, M|75/100
|-ability|p1a: Landorus|Intimidate|boost
|-unboost|p2a: Dracovish|atk|1
|move|p2a: Dracovish|Earthquake|p1a: Landorus
|-immune|p1a: Landorus
|
|-weather|Sandstorm|[upkeep]
|-damage|p2a: Dracovish|88/100|[from] Sandstorm
|upkeep
|turn|22
|
|t:|1614760120
|switch|p2a: Ferrothorn|Ferrothorn, F|59/100
|move|p1a: Landorus|U-turn|p2a: Ferrothorn
|-damage|p2a: Ferrothorn|42/100
|-damage|p1a: Landorus|63/100|[from] ability: Iron Barbs|[of] p2a: Ferrothorn
|
|t:|1614760132
|switch|p1a: Kyurem|Kyurem|88/100|[from]move: U-turn
|-ability|p1a: Kyurem|Pressure
|
|-weather|Sandstorm|[upkeep]
|-damage|p1a: Kyurem|82/100|[from] Sandstorm
|-heal|p1a: Kyurem|88/100|[from] item: Leftovers
|-heal|p2a: Ferrothorn|48/100|[from] item: Leftovers
|upkeep
|turn|23
|
|t:|1614760137
|move|p1a: Kyurem|Substitute|p1a: Kyurem
|-start|p1a: Kyurem|Substitute
|-damage|p1a: Kyurem|63/100
|move|p2a: Ferrothorn|Knock Off|p1a: Kyurem
|-activate|p1a: Kyurem|move: Substitute|[damage]
|
|-weather|Sandstorm|[upkeep]
|-damage|p1a: Kyurem|57/100|[from] Sandstorm
|-heal|p1a: Kyurem|63/100|[from] item: Leftovers
|-heal|p2a: Ferrothorn|54/100|[from] item: Leftovers
|upkeep
|turn|24
|
|t:|1614760140
|move|p1a: Kyurem|Roost|p1a: Kyurem
|-heal|p1a: Kyurem|100/100
|-singleturn|p1a: Kyurem|move: Roost
|move|p2a: Ferrothorn|Knock Off|p1a: Kyurem
|-end|p1a: Kyurem|Substitute
|
|-weather|Sandstorm|[upkeep]
|-damage|p1a: Kyurem|94/100|[from] Sandstorm
|-heal|p1a: Kyurem|100/100|[from] item: Leftovers
|-heal|p2a: Ferrothorn|60/100|[from] item: Leftovers
|upkeep
|turn|25
|
|t:|1614760143
|switch|p2a: Pelipper|Pelipper, F|70/100
|-weather|RainDance|[from] ability: Drizzle|[of] p2a: Pelipper
|move|p1a: Kyurem|Substitute|p1a: Kyurem
|-start|p1a: Kyurem|Substitute
|-damage|p1a: Kyurem|76/100
|
|-weather|RainDance|[upkeep]
|-heal|p1a: Kyurem|82/100|[from] item: Leftovers
|upkeep
|turn|26
|
|t:|1614760146
|move|p1a: Kyurem|Freeze-Dry|p2a: Pelipper
|-supereffective|p2a: Pelipper
|-damage|p2a: Pelipper|0 fnt
|faint|p2a: Pelipper
|
|-weather|RainDance|[upkeep]
|-heal|p1a: Kyurem|88/100|[from] item: Leftovers
|upkeep
|
|t:|1614760151
|switch|p2a: Tornadus|Tornadus-Therian, M|100/100
|turn|27
|
|t:|1614760154
|move|p2a: Tornadus|Hurricane|p1a: Kyurem
|-end|p1a: Kyurem|Substitute
|move|p1a: Kyurem|Freeze-Dry|p2a: Tornadus
|-supereffective|p2a: Tornadus
|-damage|p2a: Tornadus|0 fnt
|faint|p2a: Tornadus
|
|-weather|RainDance|[upkeep]
|-heal|p1a: Kyurem|94/100|[from] item: Leftovers
|upkeep
|c|☆Mimikyu Stardust|gg
|c|☆Kazt_5|gg
|-message|Mimikyu Stardust forfeited.
|
|win|Kazt_5
|n|☆Kazt_5|kazt5
|n|☆Mimikyu Stardust|mimikyustardust
|n| Amigento1958|amigento1958
|n| AquaVanilla|aquavanilla
|n| kisian|kisian
|n| NSXernos|nsxernos
|n| HarryKane247|harrykane247
