|raw|<div class="broadcast-blue"><strong>This battle is required to be public due to a player having a name starting with 'lt94je'.</div>
|j|‽kinetic chain
|j|☆lt94je bj
|t:|1661646927
|gametype|singles
|player|p1|kinetic chain|giovanni-gen1|1886
|player|p2|lt94je bj|colress|1896
|teamsize|p1|6
|teamsize|p2|6
|gen|8
|tier|[Gen 8] OU
|rated|
|rule|Sleep Clause Mod: Limit one foe put to sleep
|rule|Species Clause: Limit one of each Pokémon
|rule|OHKO Clause: OHKO moves are banned
|rule|Evasion Items Clause: Evasion items are banned
|rule|Evasion Moves Clause: Evasion moves are banned
|rule|Endless Battle Clause: Forcing endless battles is banned
|rule|HP Percentage Mod: HP is shown in percentages
|rule|Dynamax Clause: You cannot dynamax
|clearpoke
|poke|p1|Buzzwole|
|poke|p1|Heatran, M|
|poke|p1|Tapu Lele|
|poke|p1|Kartana|
|poke|p1|Rotom-Wash|
|poke|p1|Nidoking, M|
|poke|p2|Garchomp, F|
|poke|p2|Volcarona, F|
|poke|p2|Kartana|
|poke|p2|Tapu Fini|
|poke|p2|Heatran, M|
|poke|p2|Tornadus-Therian, M|
|teampreview
|inactive|Battle timer is ON: inactive players will automatically lose when time's up. (requested by kinetic chain)
|j| moonlit sailor
|
|t:|1661646960
|start
|switch|p1a: Heatran|Heatran, M, shiny|100/100
|switch|p2a: Garchomp|Garchomp, F|100/100
|-item|p1a: Heatran|Air Balloon
|turn|1
|
|t:|1661646969
|move|p2a: Garchomp|Scale Shot|p1a: Heatran
|-resisted|p1a: Heatran
|-damage|p1a: Heatran|95/100
|-enditem|p1a: Heatran|Air Balloon
|-resisted|p1a: Heatran
|-damage|p1a: Heatran|89/100
|-hitcount|p1a: Heatran|2
|-unboost|p2a: Garchomp|def|1
|-boost|p2a: Garchomp|spe|1
|-damage|p2a: Garchomp|91/100|[from] item: Life Orb
|move|p1a: Heatran|Stealth Rock|p2a: Garchomp
|-sidestart|p2: lt94je bj|move: Stealth Rock
|
|upkeep
|turn|2
|j| isabela000◥▶_◀◤
|j| wish kisser
|
|t:|1661646978
|switch|p2a: Kartana|Kartana|100/100
|-damage|p2a: Kartana|94/100|[from] Stealth Rock
|switch|p1a: Buzzwole|Buzzwole, shiny|100/100
|
|upkeep
|turn|3
|
|t:|1661646984
|switch|p2a: Tapu Fini|Tapu Fini|100/100
|-damage|p2a: Tapu Fini|88/100|[from] Stealth Rock
|-fieldstart|move: Misty Terrain|[from] ability: Misty Surge|[of] p2a: Tapu Fini
|move|p1a: Buzzwole|Close Combat|p2a: Tapu Fini
|-resisted|p2a: Tapu Fini
|-damage|p2a: Tapu Fini|52/100
|-unboost|p1a: Buzzwole|def|1
|-unboost|p1a: Buzzwole|spd|1
|
|-heal|p2a: Tapu Fini|58/100|[from] item: Leftovers
|upkeep
|turn|4
|inactive|lt94je bj has 120 seconds left.
|
|t:|1661647014
|switch|p1a: Rotom|Rotom-Wash, shiny|100/100
|switch|p2a: Tornadus|Tornadus-Therian, M|100/100
|-damage|p2a: Tornadus|76/100|[from] Stealth Rock
|
|upkeep
|turn|5
|j| CJQ1990
|
|t:|1661647018
|move|p2a: Tornadus|Knock Off|p1a: Rotom
|-damage|p1a: Rotom|78/100
|-enditem|p1a: Rotom|Leftovers|[from] move: Knock Off|[of] p2a: Tornadus
|move|p1a: Rotom|Thunder Wave|p2a: Tornadus
|-status|p2a: Tornadus|par
|
|upkeep
|turn|6
|
|t:|1661647023
|move|p1a: Rotom|Volt Switch|p2a: Tornadus
|-supereffective|p2a: Tornadus
|-damage|p2a: Tornadus|47/100 par
|
|t:|1661647027
|switch|p1a: Heatran|Heatran, M, shiny|89/100|[from]move: Volt Switch
|cant|p2a: Tornadus|par
|
|upkeep
|turn|7
|j| LT94JE Reze
|
|t:|1661647031
|move|p1a: Heatran|Lava Plume|p2a: Tornadus
|-damage|p2a: Tornadus|23/100 par
|move|p2a: Tornadus|U-turn|p1a: Heatran
|-resisted|p1a: Heatran
|-damage|p1a: Heatran|86/100
|
|t:|1661647038
|switch|p2a: Garchomp|Garchomp, F|91/100|[from]move: U-turn
|-damage|p2a: Garchomp|85/100|[from] Stealth Rock
|
|-fieldend|Misty Terrain
|upkeep
|turn|8
|
|t:|1661647044
|switch|p1a: Buzzwole|Buzzwole, shiny|100/100
|move|p2a: Garchomp|Scale Shot|p1a: Buzzwole
|-damage|p1a: Buzzwole|87/100
|-damage|p1a: Buzzwole|72/100
|-hitcount|p1a: Buzzwole|2
|-unboost|p2a: Garchomp|def|1
|-boost|p2a: Garchomp|spe|1
|-damage|p2a: Garchomp|75/100|[from] item: Life Orb
|
|upkeep
|turn|9
|j| Ninjack Testing
|inactive|lt94je bj has 120 seconds left.
|
|t:|1661647078
|switch|p2a: Tornadus|Tornadus-Therian, M|56/100 par
|-damage|p2a: Tornadus|31/100 par|[from] Stealth Rock
|move|p1a: Buzzwole|Close Combat|p2a: Tornadus
|-resisted|p2a: Tornadus
|-damage|p2a: Tornadus|0 fnt
|-unboost|p1a: Buzzwole|def|1
|-unboost|p1a: Buzzwole|spd|1
|faint|p2a: Tornadus
|-ability|p1a: Buzzwole|Beast Boost|boost
|-boost|p1a: Buzzwole|atk|1
|
|upkeep
|
|t:|1661647081
|switch|p2a: Volcarona|Volcarona, F|100/100
|turn|10
|
|t:|1661647093
|switch|p1a: Rotom|Rotom-Wash, shiny|78/100
|move|p2a: Volcarona|Flamethrower|p1a: Rotom
|-resisted|p1a: Rotom
|-damage|p1a: Rotom|60/100
|
|upkeep
|turn|11
|j| zeno420
|
|t:|1661647107
|switch|p2a: Tapu Fini|Tapu Fini|58/100
|-damage|p2a: Tapu Fini|46/100|[from] Stealth Rock
|-fieldstart|move: Misty Terrain|[from] ability: Misty Surge|[of] p2a: Tapu Fini
|move|p1a: Rotom|Hydro Pump|p2a: Tapu Fini|[miss]
|-miss|p1a: Rotom|p2a: Tapu Fini
|
|-heal|p2a: Tapu Fini|52/100|[from] item: Leftovers
|upkeep
|turn|12
|j| I'll forfite
|
|t:|1661647121
|move|p1a: Rotom|Volt Switch|p2a: Tapu Fini
|-supereffective|p2a: Tapu Fini
|-damage|p2a: Tapu Fini|15/100
|
|t:|1661647132
|switch|p1a: Nidoking|Nidoking, M, shiny|100/100|[from]move: Volt Switch
|move|p2a: Tapu Fini|Nature's Madness|p1a: Nidoking
|-damage|p1a: Nidoking|51/100
|
|-heal|p2a: Tapu Fini|21/100|[from] item: Leftovers
|upkeep
|turn|13
|
|t:|1661647138
|move|p1a: Nidoking|Earth Power|p2a: Tapu Fini
|-damage|p2a: Tapu Fini|0 fnt
|faint|p2a: Tapu Fini
|
|upkeep
|
|t:|1661647140
|switch|p2a: Volcarona|Volcarona, F|100/100
|turn|14
|
|t:|1661647153
|move|p2a: Volcarona|Quiver Dance|p2a: Volcarona
|-boost|p2a: Volcarona|spa|1
|-boost|p2a: Volcarona|spd|1
|-boost|p2a: Volcarona|spe|1
|move|p1a: Nidoking|Sludge Wave|p2a: Volcarona
|-damage|p2a: Volcarona|60/100
|
|upkeep
|turn|15
|
|t:|1661647161
|move|p2a: Volcarona|Quiver Dance|p2a: Volcarona
|-boost|p2a: Volcarona|spa|1
|-boost|p2a: Volcarona|spd|1
|-boost|p2a: Volcarona|spe|1
|move|p1a: Nidoking|Sludge Wave|p2a: Volcarona
|-damage|p2a: Volcarona|26/100
|
|-fieldend|Misty Terrain
|upkeep
|turn|16
|
|t:|1661647166
|move|p2a: Volcarona|Flamethrower|p1a: Nidoking
|-damage|p1a: Nidoking|0 fnt
|faint|p1a: Nidoking
|
|upkeep
|
|t:|1661647169
|switch|p1a: Heatran|Heatran, M, shiny|86/100
|turn|17
|
|t:|1661647173
|move|p2a: Volcarona|Substitute|p2a: Volcarona
|-start|p2a: Volcarona|Substitute
|-damage|p2a: Volcarona|1/100
|move|p1a: Heatran|Lava Plume|p2a: Volcarona
|-activate|p2a: Volcarona|move: Substitute|[damage]
|
|upkeep
|turn|18
|
|t:|1661647185
|move|p2a: Volcarona|Flamethrower|p1a: Heatran
|-damage|p1a: Heatran|12/100
|move|p1a: Heatran|Lava Plume|p2a: Volcarona
|-end|p2a: Volcarona|Substitute
|
|upkeep
|turn|19
|
|t:|1661647195
|move|p2a: Volcarona|Flamethrower|p1a: Heatran
|-damage|p1a: Heatran|0 fnt
|faint|p1a: Heatran
|
|upkeep
|
|t:|1661647197
|switch|p1a: Rotom|Rotom-Wash, shiny|60/100
|turn|20
|
|t:|1661647200
|move|p2a: Volcarona|Bug Buzz|p1a: Rotom
|-damage|p1a: Rotom|0 fnt
|faint|p1a: Rotom
|
|upkeep
|
|t:|1661647206
|switch|p1a: Kartana|Kartana, shiny|100/100
|turn|21
|l| LT94JE Reze
|
|t:|1661647208
|move|p2a: Volcarona|Flamethrower|p1a: Kartana
|-supereffective|p1a: Kartana
|-damage|p1a: Kartana|0 fnt
|faint|p1a: Kartana
|
|upkeep
|-message|kinetic chain forfeited.
|
|win|lt94je bj
|raw|kinetic chain's rating: 1886 &rarr; <strong>1867</strong><br />(-19 for losing)
|raw|lt94je bj's rating: 1896 &rarr; <strong>1915</strong><br />(+19 for winning)
|l|‽kinetic chain
