|raw|<div class="broadcast-blue"><strong>This battle is required to be public due to a player having a name starting with 'lt93oq'.</div>
|j|☆LT93OQ SaveBees
|j|‽antarctozolt
|t:|1660639844
|gametype|singles
|player|p1|LT93OQ SaveBees|pokekid|1698
|player|p2|antarctozolt|skier|1920
|teamsize|p1|6
|teamsize|p2|6
|gen|8
|tier|[Gen 8] OU
|rated|
|rule|Sleep Clause Mod: Limit one foe put to sleep
|rule|Species Clause: Limit one of each Pokémon
|rule|OHKO Clause: OHKO moves are banned
|rule|Evasion Items Clause: Evasion items are banned
|rule|Evasion Moves Clause: Evasion moves are banned
|rule|Endless Battle Clause: Forcing endless battles is banned
|rule|HP Percentage Mod: HP is shown in percentages
|rule|Dynamax Clause: You cannot dynamax
|clearpoke
|poke|p1|Heatran, F|
|poke|p1|Scizor, F|
|poke|p1|Rillaboom, F|
|poke|p1|Hippowdon, M|
|poke|p1|Mew|
|poke|p1|Hitmontop, M|
|poke|p2|Kartana|
|poke|p2|Toxtricity, M|
|poke|p2|Celesteela|
|poke|p2|Dragapult, F|
|poke|p2|Mew|
|poke|p2|Zeraora|
|teampreview
|
|t:|1660639860
|start
|switch|p1a: Scizor|Scizor, F|100/100
|switch|p2a: Mew|Mew|100/100
|turn|1
|
|t:|1660639866
|switch|p1a: Hippowdon|Hippowdon, M|100/100
|-weather|Sandstorm|[from] ability: Sand Stream|[of] p1a: Hippowdon
|move|p2a: Mew|Stealth Rock|p1a: Hippowdon
|-sidestart|p1: LT93OQ SaveBees|move: Stealth Rock
|
|-weather|Sandstorm|[upkeep]
|-damage|p2a: Mew|94/100|[from] Sandstorm
|upkeep
|turn|2
|
|t:|1660639869
|move|p2a: Mew|Taunt|p1a: Hippowdon
|-start|p1a: Hippowdon|move: Taunt
|cant|p1a: Hippowdon|move: Taunt|Stealth Rock
|
|-weather|Sandstorm|[upkeep]
|-damage|p2a: Mew|88/100|[from] Sandstorm
|upkeep
|turn|3
|
|t:|1660639870
|switch|p1a: Hitmontop|Hitmontop, M|100/100
|-damage|p1a: Hitmontop|95/100|[from] Stealth Rock
|move|p2a: Mew|Spikes|p1a: Hitmontop
|-sidestart|p1: LT93OQ SaveBees|Spikes
|
|-weather|Sandstorm|[upkeep]
|-damage|p2a: Mew|82/100|[from] Sandstorm
|-damage|p1a: Hitmontop|89/100|[from] Sandstorm
|upkeep
|turn|4
|
|t:|1660639875
|move|p2a: Mew|Thunder Wave|p1a: Hitmontop
|-status|p1a: Hitmontop|par
|move|p1a: Hitmontop|Triple Axel|p2a: Mew
|-damage|p2a: Mew|74/100
|-damage|p2a: Mew|57/100
|-damage|p2a: Mew|34/100
|-hitcount|p2a: Mew|3
|
|-weather|Sandstorm|[upkeep]
|-damage|p2a: Mew|28/100|[from] Sandstorm
|-damage|p1a: Hitmontop|83/100 par|[from] Sandstorm
|upkeep
|turn|5
|
|t:|1660639879
|switch|p2a: Dragapult|Dragapult, F|100/100
|move|p1a: Hitmontop|Rapid Spin|p2a: Dragapult
|-immune|p2a: Dragapult
|
|-weather|none
|upkeep
|turn|6
|
|t:|1660639884
|move|p1a: Hitmontop|Sucker Punch|p2a: Dragapult
|-supereffective|p2a: Dragapult
|-damage|p2a: Dragapult|37/100
|move|p2a: Dragapult|Shadow Ball|p1a: Hitmontop
|-damage|p1a: Hitmontop|26/100 par
|
|upkeep
|turn|7
|
|t:|1660639888
|cant|p1a: Hitmontop|par
|move|p2a: Dragapult|Shadow Ball|p1a: Hitmontop
|-damage|p1a: Hitmontop|0 fnt
|faint|p1a: Hitmontop
|
|upkeep
|
|t:|1660639893
|switch|p1a: Scizor|Scizor, F|100/100
|-damage|p1a: Scizor|88/100|[from] Stealth Rock
|-damage|p1a: Scizor|75/100|[from] Spikes
|turn|8
|
|t:|1660639897
|move|p1a: Scizor|Bullet Punch|p2a: Dragapult
|-damage|p2a: Dragapult|0 fnt
|faint|p2a: Dragapult
|
|-heal|p1a: Scizor|82/100|[from] item: Leftovers
|upkeep
|
|t:|1660639900
|switch|p2a: Toxtricity|Toxtricity, M|100/100
|turn|9
|j| LT93OQ Empo
|
|t:|1660639902
|move|p2a: Toxtricity|Overdrive|p1a: Scizor
|-damage|p1a: Scizor|0 fnt
|faint|p1a: Scizor
|-damage|p2a: Toxtricity|91/100|[from] item: Life Orb
|
|upkeep
|
|t:|1660639907
|switch|p1a: Heatran|Heatran, F|100/100
|-damage|p1a: Heatran|88/100|[from] Stealth Rock
|-damage|p1a: Heatran|76/100|[from] Spikes
|turn|10
|
|t:|1660639911
|switch|p2a: Mew|Mew|28/100
|move|p1a: Heatran|Magma Storm|p2a: Mew
|-damage|p2a: Mew|0 fnt
|faint|p2a: Mew
|
|upkeep
|
|t:|1660639913
|switch|p2a: Zeraora|Zeraora|100/100
|turn|11
|
|t:|1660639914
|switch|p1a: Hippowdon|Hippowdon, M|100/100
|-damage|p1a: Hippowdon|94/100|[from] Stealth Rock
|-damage|p1a: Hippowdon|82/100|[from] Spikes
|-weather|Sandstorm|[from] ability: Sand Stream|[of] p1a: Hippowdon
|move|p2a: Zeraora|Close Combat|p1a: Hippowdon
|-damage|p1a: Hippowdon|61/100
|-unboost|p2a: Zeraora|def|1
|-unboost|p2a: Zeraora|spd|1
|-enditem|p2a: Zeraora|Eject Pack
|-damage|p2a: Zeraora|84/100|[from] item: Rocky Helmet|[of] p1a: Hippowdon
|
|t:|1660639917
|switch|p2a: Toxtricity|Toxtricity, M|91/100
|
|-weather|Sandstorm|[upkeep]
|-damage|p2a: Toxtricity|84/100|[from] Sandstorm
|upkeep
|turn|12
|
|t:|1660639921
|switch|p1a: Rillaboom|Rillaboom, F|100/100
|-damage|p1a: Rillaboom|88/100|[from] Stealth Rock
|-damage|p1a: Rillaboom|76/100|[from] Spikes
|-fieldstart|move: Grassy Terrain|[from] ability: Grassy Surge|[of] p1a: Rillaboom
|move|p2a: Toxtricity|Boomburst|p1a: Rillaboom
|-damage|p1a: Rillaboom|0 fnt
|faint|p1a: Rillaboom
|-damage|p2a: Toxtricity|74/100|[from] item: Life Orb
|
|-weather|Sandstorm|[upkeep]
|-damage|p2a: Toxtricity|68/100|[from] Sandstorm
|-heal|p2a: Toxtricity|74/100|[from] Grassy Terrain
|upkeep
|
|t:|1660639924
|switch|p1a: Heatran|Heatran, F|76/100
|-damage|p1a: Heatran|63/100|[from] Stealth Rock
|-damage|p1a: Heatran|51/100|[from] Spikes
|turn|13
|j| LT93OQ RL
|
|t:|1660639929
|switch|p2a: Celesteela|Celesteela|100/100
|move|p1a: Heatran|Magma Storm|p2a: Celesteela
|-supereffective|p2a: Celesteela
|-damage|p2a: Celesteela|0 fnt
|faint|p2a: Celesteela
|
|-weather|Sandstorm|[upkeep]
|-heal|p1a: Heatran|57/100|[from] Grassy Terrain
|upkeep
|
|t:|1660639931
|switch|p2a: Zeraora|Zeraora|84/100
|turn|14
|
|t:|1660639934
|switch|p1a: Hippowdon|Hippowdon, M|61/100
|-damage|p1a: Hippowdon|55/100|[from] Stealth Rock
|-damage|p1a: Hippowdon|42/100|[from] Spikes
|move|p2a: Zeraora|Close Combat|p1a: Hippowdon
|-damage|p1a: Hippowdon|22/100
|-unboost|p2a: Zeraora|def|1
|-unboost|p2a: Zeraora|spd|1
|-damage|p2a: Zeraora|68/100|[from] item: Rocky Helmet|[of] p1a: Hippowdon
|
|-weather|Sandstorm|[upkeep]
|-damage|p2a: Zeraora|62/100|[from] Sandstorm
|-heal|p2a: Zeraora|68/100|[from] Grassy Terrain
|-heal|p1a: Hippowdon|28/100|[from] Grassy Terrain
|upkeep
|turn|15
|
|t:|1660639938
|switch|p2a: Kartana|Kartana|100/100
|move|p1a: Hippowdon|Slack Off|p1a: Hippowdon
|-heal|p1a: Hippowdon|78/100
|
|-weather|none
|-heal|p1a: Hippowdon|84/100|[from] Grassy Terrain
|upkeep
|turn|16
|
|t:|1660639945
|switch|p1a: Mew|Mew|100/100
|-damage|p1a: Mew|88/100|[from] Stealth Rock
|-damage|p1a: Mew|76/100|[from] Spikes
|move|p2a: Kartana|Leaf Blade|p1a: Mew
|-damage|p1a: Mew|12/100
|
|-heal|p1a: Mew|18/100|[from] Grassy Terrain
|-heal|p1a: Mew|24/100|[from] item: Leftovers
|-fieldend|move: Grassy Terrain
|upkeep
|turn|17
|
|t:|1660639948
|move|p2a: Kartana|Leaf Blade|p1a: Mew
|-damage|p1a: Mew|0 fnt
|faint|p1a: Mew
|-ability|p2a: Kartana|Beast Boost|boost
|-boost|p2a: Kartana|atk|1
|
|upkeep
|
|t:|1660639950
|switch|p1a: Heatran|Heatran, F|57/100
|-damage|p1a: Heatran|45/100|[from] Stealth Rock
|-damage|p1a: Heatran|32/100|[from] Spikes
|turn|18
|
|t:|1660639955
|switch|p2a: Toxtricity|Toxtricity, M|74/100
|move|p1a: Heatran|Magma Storm|p2a: Toxtricity
|-damage|p2a: Toxtricity|0 fnt
|faint|p2a: Toxtricity
|
|upkeep
|
|t:|1660639957
|switch|p2a: Zeraora|Zeraora|68/100
|turn|19
|
|t:|1660639961
|switch|p1a: Hippowdon|Hippowdon, M|84/100
|-damage|p1a: Hippowdon|78/100|[from] Stealth Rock
|-damage|p1a: Hippowdon|65/100|[from] Spikes
|-weather|Sandstorm|[from] ability: Sand Stream|[of] p1a: Hippowdon
|move|p2a: Zeraora|Close Combat|p1a: Hippowdon
|-damage|p1a: Hippowdon|45/100
|-unboost|p2a: Zeraora|def|1
|-unboost|p2a: Zeraora|spd|1
|-damage|p2a: Zeraora|51/100|[from] item: Rocky Helmet|[of] p1a: Hippowdon
|
|-weather|Sandstorm|[upkeep]
|-damage|p2a: Zeraora|45/100|[from] Sandstorm
|upkeep
|turn|20
|
|t:|1660639964
|move|p2a: Zeraora|Bulk Up|p2a: Zeraora
|-boost|p2a: Zeraora|atk|1
|-boost|p2a: Zeraora|def|1
|move|p1a: Hippowdon|Slack Off|p1a: Hippowdon
|-heal|p1a: Hippowdon|95/100
|
|-weather|Sandstorm|[upkeep]
|-damage|p2a: Zeraora|39/100|[from] Sandstorm
|upkeep
|turn|21
|
|t:|1660639966
|move|p2a: Zeraora|Knock Off|p1a: Hippowdon
|-damage|p1a: Hippowdon|71/100
|-damage|p2a: Zeraora|23/100|[from] item: Rocky Helmet|[of] p1a: Hippowdon
|-enditem|p1a: Hippowdon|Rocky Helmet|[from] move: Knock Off|[of] p2a: Zeraora
|move|p1a: Hippowdon|High Horsepower|p2a: Zeraora
|-supereffective|p2a: Zeraora
|-damage|p2a: Zeraora|0 fnt
|faint|p2a: Zeraora
|
|-weather|Sandstorm|[upkeep]
|upkeep
|
|t:|1660639968
|switch|p2a: Kartana|Kartana|100/100
|turn|22
|
|t:|1660639971
|move|p2a: Kartana|Leaf Blade|p1a: Hippowdon
|-supereffective|p1a: Hippowdon
|-damage|p1a: Hippowdon|10/100
|move|p1a: Hippowdon|Slack Off|p1a: Hippowdon
|-heal|p1a: Hippowdon|60/100
|
|-weather|Sandstorm|[upkeep]
|upkeep
|turn|23
|
|t:|1660639976
|move|p2a: Kartana|Leaf Blade|p1a: Hippowdon
|-supereffective|p1a: Hippowdon
|-damage|p1a: Hippowdon|0 fnt
|faint|p1a: Hippowdon
|-ability|p2a: Kartana|Beast Boost|boost
|-boost|p2a: Kartana|atk|1
|
|-weather|none
|upkeep
|
|t:|1660639978
|switch|p1a: Heatran|Heatran, F|32/100
|-damage|p1a: Heatran|20/100|[from] Stealth Rock
|-damage|p1a: Heatran|8/100|[from] Spikes
|turn|24
|
|t:|1660639980
|move|p2a: Kartana|Leaf Blade|p1a: Heatran
|-resisted|p1a: Heatran
|-damage|p1a: Heatran|0 fnt
|faint|p1a: Heatran
|
|win|antarctozolt
|raw|LT93OQ SaveBees's rating: 1698 &rarr; <strong>1689</strong><br />(-9 for losing)
|raw|antarctozolt's rating: 1920 &rarr; <strong>1929</strong><br />(+9 for winning)
|l|☆LT93OQ SaveBees
|j| deadakeno
|n| hippo kek|lt93oqempo
|l| deadakeno
|j| LT93OQ A
|l| LT93OQ A
|j| ghost + freakkkk
|j| LT93OQ metamence
|j| infinitroll
|l| infinitroll
|l| LT93OQ metamence
|l| ghost + freakkkk
|j| anique
|l| anique
|j| ghost + freakkkk
|l| ghost + freakkkk
