|raw|<div class="broadcast-blue"><strong>This battle is required to be public due to a player having a name starting with 'lt91bb'.</div>
|j|☆bizarman
|j|☆LT91BB rrm
|t:|1659033037
|gametype|singles
|player|p1|bizarman|scientist-gen4|1743
|player|p2|LT91BB rrm|lady|1778
|teamsize|p1|6
|teamsize|p2|6
|gen|8
|tier|[Gen 8] OU
|rated|
|rule|Sleep Clause Mod: Limit one foe put to sleep
|rule|Species Clause: Limit one of each Pokémon
|rule|OHKO Clause: OHKO moves are banned
|rule|Evasion Moves Clause: Evasion moves are banned
|rule|Endless Battle Clause: Forcing endless battles is banned
|rule|HP Percentage Mod: HP is shown in percentages
|rule|Dynamax Clause: You cannot dynamax
|clearpoke
|poke|p1|Blacephalon|
|poke|p1|Tapu Lele|
|poke|p1|Garchomp, F|
|poke|p1|Corviknight, F|
|poke|p1|Clefable, F|
|poke|p1|Urshifu-*, M|
|poke|p2|Tapu Lele|
|poke|p2|Blissey, F|
|poke|p2|Urshifu-*, M|
|poke|p2|Landorus-Therian, M|
|poke|p2|Heatran, F|
|poke|p2|Slowbro, F|
|teampreview
|j| isabela000◥▶_◀◤
|inactive|Battle timer is ON: inactive players will automatically lose when time's up. (requested by bizarman)
|
|t:|1659033050
|start
|switch|p1a: Urshifu|Urshifu-Rapid-Strike, M|100/100
|switch|p2a: Urshifu|Urshifu-Rapid-Strike, M|100/100
|turn|1
|
|t:|1659033057
|switch|p1a: Corviknight|Corviknight, F|100/100
|-ability|p1a: Corviknight|Pressure
|move|p2a: Urshifu|U-turn|p1a: Corviknight
|-resisted|p1a: Corviknight
|-damage|p1a: Corviknight|97/100
|-damage|p2a: Urshifu|84/100|[from] item: Rocky Helmet|[of] p1a: Corviknight
|
|t:|1659033061
|switch|p2a: Heatran|Heatran, F|100/100|[from]move: U-turn
|
|upkeep
|turn|2
|
|t:|1659033067
|switch|p1a: Urshifu|Urshifu-Rapid-Strike, M|100/100
|move|p2a: Heatran|Stealth Rock|p1a: Urshifu
|-sidestart|p1: bizarman|move: Stealth Rock
|
|upkeep
|turn|3
|
|t:|1659033080
|switch|p2a: Slowbro|Slowbro, F|100/100
|move|p1a: Urshifu|Surging Strikes|p2a: Slowbro
|-resisted|p2a: Slowbro
|-crit|p2a: Slowbro
|-damage|p2a: Slowbro|95/100
|-resisted|p2a: Slowbro
|-crit|p2a: Slowbro
|-damage|p2a: Slowbro|89/100
|-resisted|p2a: Slowbro
|-crit|p2a: Slowbro
|-damage|p2a: Slowbro|83/100
|-hitcount|p2a: Slowbro|3
|
|upkeep
|turn|4
|j| BasedWhat?! ♪
|l| BasedWhat?! ♪
|j| LT91BB Ox
|
|t:|1659033090
|move|p1a: Urshifu|U-turn|p2a: Slowbro
|-supereffective|p2a: Slowbro
|-damage|p2a: Slowbro|54/100
|
|t:|1659033094
|switch|p1a: Clefable|Clefable, F|100/100|[from]move: U-turn
|move|p2a: Slowbro|Teleport|p2a: Slowbro
|j| LocalMetagross
|j|+zee
|inactive|LT91BB rrm has 120 seconds left.
|
|t:|1659033140
|switch|p2a: Heatran|Heatran, F|100/100|[from]move: Teleport
|
|upkeep
|turn|5
|
|t:|1659033144
|move|p2a: Heatran|Taunt|p1a: Clefable
|-start|p1a: Clefable|move: Taunt
|cant|p1a: Clefable|move: Taunt|Trick
|
|upkeep
|turn|6
|inactive|LT91BB rrm has 120 seconds left.
|
|t:|1659033155
|switch|p1a: Urshifu|Urshifu-Rapid-Strike, M|100/100
|-damage|p1a: Urshifu|94/100|[from] Stealth Rock
|move|p2a: Heatran|Magma Storm|p1a: Urshifu
|-resisted|p1a: Urshifu
|-damage|p1a: Urshifu|60/100
|-activate|p1a: Urshifu|move: Magma Storm|[of] p2a: Heatran
|
|-damage|p1a: Urshifu|47/100|[from] move: Magma Storm|[partiallytrapped]
|upkeep
|turn|7
|j| D Great Dane
|l| D Great Dane
|
|t:|1659033163
|switch|p2a: Slowbro|Slowbro, F|87/100
|move|p1a: Urshifu|U-turn|p2a: Slowbro
|-supereffective|p2a: Slowbro
|-crit|p2a: Slowbro
|-damage|p2a: Slowbro|45/100
|j|+Perry
|j| Sificon~
|
|t:|1659033174
|switch|p1a: Blacephalon|Blacephalon|100/100|[from]move: U-turn
|-damage|p1a: Blacephalon|76/100|[from] Stealth Rock
|
|upkeep
|turn|8
|l| isabela000◥▶_◀◤
|l| Sificon~
|
|t:|1659033191
|switch|p2a: Blissey|Blissey, F|100/100
|move|p1a: Blacephalon|Trick|p2a: Blissey
|-activate|p1a: Blacephalon|move: Trick|[of] p2a: Blissey
|-item|p2a: Blissey|Choice Scarf|[from] move: Trick
|-item|p1a: Blacephalon|Heavy-Duty Boots|[from] move: Trick
|
|upkeep
|turn|9
|j| LT91BB Siegfried
|l| LT91BB Siegfried
|
|t:|1659033204
|switch|p1a: Clefable|Clefable, F|100/100
|move|p2a: Blissey|Teleport|p2a: Blissey
|
|t:|1659033208
|switch|p2a: Heatran|Heatran, F|100/100|[from]move: Teleport
|
|upkeep
|turn|10
|l| LT91BB Ox
|
|t:|1659033212
|switch|p1a: Urshifu|Urshifu-Rapid-Strike, M|47/100
|-damage|p1a: Urshifu|41/100|[from] Stealth Rock
|move|p2a: Heatran|Taunt|p1a: Urshifu
|-start|p1a: Urshifu|move: Taunt
|
|upkeep
|turn|11
|
|t:|1659033219
|switch|p2a: Slowbro|Slowbro, F|78/100
|move|p1a: Urshifu|Surging Strikes|p2a: Slowbro
|-resisted|p2a: Slowbro
|-crit|p2a: Slowbro
|-damage|p2a: Slowbro|72/100
|-resisted|p2a: Slowbro
|-crit|p2a: Slowbro
|-damage|p2a: Slowbro|66/100
|-resisted|p2a: Slowbro
|-crit|p2a: Slowbro
|-damage|p2a: Slowbro|60/100
|-hitcount|p2a: Slowbro|3
|
|upkeep
|turn|12
|
|t:|1659033229
|move|p1a: Urshifu|U-turn|p2a: Slowbro
|-supereffective|p2a: Slowbro
|-damage|p2a: Slowbro|29/100
|
|t:|1659033233
|switch|p1a: Blacephalon|Blacephalon|76/100|[from]move: U-turn
|move|p2a: Slowbro|Teleport|p2a: Slowbro
|
|t:|1659033235
|switch|p2a: Urshifu|Urshifu-Rapid-Strike, M|84/100|[from]move: Teleport
|
|upkeep
|turn|13
|
|t:|1659033253
|switch|p1a: Corviknight|Corviknight, F|97/100
|-damage|p1a: Corviknight|84/100|[from] Stealth Rock
|-ability|p1a: Corviknight|Pressure
|move|p2a: Urshifu|U-turn|p1a: Corviknight
|-resisted|p1a: Corviknight
|-damage|p1a: Corviknight|81/100
|-damage|p2a: Urshifu|68/100|[from] item: Rocky Helmet|[of] p1a: Corviknight
|
|t:|1659033257
|switch|p2a: Heatran|Heatran, F|100/100|[from]move: U-turn
|
|upkeep
|turn|14
|
|t:|1659033280
|switch|p1a: Garchomp|Garchomp, F|100/100
|-damage|p1a: Garchomp|94/100|[from] Stealth Rock
|move|p2a: Heatran|Magma Storm|p1a: Garchomp
|-resisted|p1a: Garchomp
|-damage|p1a: Garchomp|70/100
|-activate|p1a: Garchomp|move: Magma Storm|[of] p2a: Heatran
|
|-heal|p1a: Garchomp|76/100|[from] item: Leftovers
|-damage|p1a: Garchomp|64/100|[from] move: Magma Storm|[partiallytrapped]
|upkeep
|turn|15
|
|t:|1659033292
|switch|p2a: Landorus|Landorus-Therian, M|100/100
|-ability|p2a: Landorus|Intimidate|boost
|-unboost|p1a: Garchomp|atk|1
|move|p1a: Garchomp|Scale Shot|p2a: Landorus
|-damage|p2a: Landorus|94/100
|-damage|p2a: Landorus|88/100
|-damage|p2a: Landorus|81/100
|-damage|p2a: Landorus|75/100
|-damage|p2a: Landorus|69/100
|-hitcount|p2a: Landorus|5
|-unboost|p1a: Garchomp|def|1
|-boost|p1a: Garchomp|spe|1
|
|-heal|p1a: Garchomp|70/100|[from] item: Leftovers
|-heal|p2a: Landorus|75/100|[from] item: Leftovers
|-end|p1a: Garchomp|Magma Storm|[partiallytrapped]|[silent]
|upkeep
|turn|16
|
|t:|1659033307
|switch|p1a: Corviknight|Corviknight, F|81/100
|-damage|p1a: Corviknight|68/100|[from] Stealth Rock
|-ability|p1a: Corviknight|Pressure
|move|p2a: Landorus|Knock Off|p1a: Corviknight
|-damage|p1a: Corviknight|49/100
|-damage|p2a: Landorus|58/100|[from] item: Rocky Helmet|[of] p1a: Corviknight
|-enditem|p1a: Corviknight|Rocky Helmet|[from] move: Knock Off|[of] p2a: Landorus
|
|-heal|p2a: Landorus|64/100|[from] item: Leftovers
|upkeep
|turn|17
|
|t:|1659033319
|move|p2a: Landorus|U-turn|p1a: Corviknight
|-resisted|p1a: Corviknight
|-damage|p1a: Corviknight|46/100
|
|t:|1659033322
|switch|p2a: Heatran|Heatran, F|100/100|[from]move: U-turn
|move|p1a: Corviknight|Defog|p2a: Heatran
|-unboost|p2a: Heatran|evasion|1
|-sideend|p1: bizarman|Stealth Rock|[from] move: Defog|[of] p1a: Corviknight
|
|upkeep
|turn|18
|
|t:|1659033330
|switch|p1a: Garchomp|Garchomp, F|70/100
|move|p2a: Heatran|Stealth Rock|p1a: Garchomp
|-sidestart|p1: bizarman|move: Stealth Rock
|
|-heal|p1a: Garchomp|76/100|[from] item: Leftovers
|upkeep
|turn|19
|
|t:|1659033337
|switch|p2a: Landorus|Landorus-Therian, M|64/100
|-ability|p2a: Landorus|Intimidate|boost
|-unboost|p1a: Garchomp|atk|1
|move|p1a: Garchomp|Swords Dance|p1a: Garchomp
|-boost|p1a: Garchomp|atk|2
|
|-heal|p1a: Garchomp|83/100|[from] item: Leftovers
|-heal|p2a: Landorus|70/100|[from] item: Leftovers
|upkeep
|turn|20
|
|t:|1659033346
|switch|p2a: Tapu Lele|Tapu Lele|100/100
|-fieldstart|move: Psychic Terrain|[from] ability: Psychic Surge|[of] p2a: Tapu Lele
|move|p1a: Garchomp|Scale Shot|p2a: Tapu Lele
|-immune|p2a: Tapu Lele
|
|-heal|p1a: Garchomp|89/100|[from] item: Leftovers
|upkeep
|turn|21
|
|t:|1659033354
|switch|p1a: Corviknight|Corviknight, F|46/100
|-damage|p1a: Corviknight|34/100|[from] Stealth Rock
|-ability|p1a: Corviknight|Pressure
|switch|p2a: Landorus|Landorus-Therian, M|70/100
|-ability|p2a: Landorus|Intimidate|boost
|-unboost|p1a: Corviknight|atk|1
|
|-heal|p2a: Landorus|76/100|[from] item: Leftovers
|upkeep
|turn|22
|
|t:|1659033364
|move|p2a: Landorus|U-turn|p1a: Corviknight
|-resisted|p1a: Corviknight
|-damage|p1a: Corviknight|31/100
|
|t:|1659033367
|switch|p2a: Heatran|Heatran, F|100/100|[from]move: U-turn
|move|p1a: Corviknight|Roost|p1a: Corviknight
|-heal|p1a: Corviknight|81/100
|-singleturn|p1a: Corviknight|move: Roost
|
|upkeep
|turn|23
|
|t:|1659033378
|switch|p1a: Garchomp|Garchomp, F|89/100
|-damage|p1a: Garchomp|83/100|[from] Stealth Rock
|move|p2a: Heatran|Magma Storm|p1a: Garchomp|[miss]
|-miss|p2a: Heatran|p1a: Garchomp
|
|-heal|p1a: Garchomp|89/100|[from] item: Leftovers
|upkeep
|turn|24
|j| BasedWhat?! ♪
|l| BasedWhat?! ♪
|
|t:|1659033387
|switch|p1a: Urshifu|Urshifu-Rapid-Strike, M|41/100
|-damage|p1a: Urshifu|35/100|[from] Stealth Rock
|switch|p2a: Landorus|Landorus-Therian, M|76/100
|-ability|p2a: Landorus|Intimidate|boost
|-unboost|p1a: Urshifu|atk|1
|
|-heal|p2a: Landorus|82/100|[from] item: Leftovers
|-fieldend|move: Psychic Terrain
|upkeep
|turn|25
|
|t:|1659033396
|switch|p2a: Slowbro|Slowbro, F|62/100
|move|p1a: Urshifu|U-turn|p2a: Slowbro
|-supereffective|p2a: Slowbro
|-damage|p2a: Slowbro|42/100
|
|t:|1659033401
|switch|p1a: Clefable|Clefable, F|100/100|[from]move: U-turn
|
|upkeep
|turn|26
|
|t:|1659033407
|move|p1a: Clefable|Stealth Rock|p2a: Slowbro
|-sidestart|p2: LT91BB rrm|move: Stealth Rock
|move|p2a: Slowbro|Slack Off|p2a: Slowbro
|-heal|p2a: Slowbro|92/100
|
|upkeep
|turn|27
|
|t:|1659033420
|move|p1a: Clefable|Moonblast|p2a: Slowbro
|-damage|p2a: Slowbro|58/100
|move|p2a: Slowbro|Future Sight|p1a: Clefable
|-start|p2a: Slowbro|move: Future Sight
|
|upkeep
|turn|28
|
|t:|1659033426
|move|p1a: Clefable|Moonblast|p2a: Slowbro
|-damage|p2a: Slowbro|25/100
|-unboost|p2a: Slowbro|spa|1
|move|p2a: Slowbro|Teleport|p2a: Slowbro
|
|t:|1659033430
|switch|p2a: Heatran|Heatran, F|100/100|[from]move: Teleport
|-damage|p2a: Heatran|88/100|[from] Stealth Rock
|
|-heal|p2a: Heatran|94/100|[from] item: Leftovers
|upkeep
|turn|29
|
|t:|1659033448
|move|p2a: Heatran|Taunt|p1a: Clefable
|-start|p1a: Clefable|move: Taunt
|cant|p1a: Clefable|move: Taunt|Trick
|
|-end|p1a: Clefable|move: Future Sight
|-damage|p1a: Clefable|73/100
|-heal|p2a: Heatran|100/100|[from] item: Leftovers
|upkeep
|turn|30
|
|t:|1659033457
|switch|p1a: Garchomp|Garchomp, F|89/100
|-damage|p1a: Garchomp|83/100|[from] Stealth Rock
|move|p2a: Heatran|Magma Storm|p1a: Garchomp
|-resisted|p1a: Garchomp
|-damage|p1a: Garchomp|59/100
|-activate|p1a: Garchomp|move: Magma Storm|[of] p2a: Heatran
|
|-heal|p1a: Garchomp|65/100|[from] item: Leftovers
|-damage|p1a: Garchomp|53/100|[from] move: Magma Storm|[partiallytrapped]
|upkeep
|turn|31
|
|t:|1659033470
|switch|p2a: Landorus|Landorus-Therian, M|82/100
|-damage|p2a: Landorus|70/100|[from] Stealth Rock
|-ability|p2a: Landorus|Intimidate|boost
|-unboost|p1a: Garchomp|atk|1
|move|p1a: Garchomp|Swords Dance|p1a: Garchomp
|-boost|p1a: Garchomp|atk|2
|
|-heal|p1a: Garchomp|59/100|[from] item: Leftovers
|-heal|p2a: Landorus|76/100|[from] item: Leftovers
|-end|p1a: Garchomp|Magma Storm|[partiallytrapped]|[silent]
|upkeep
|turn|32
|
|t:|1659033480
|move|p1a: Garchomp|Scale Shot|p2a: Landorus
|-crit|p2a: Landorus
|-damage|p2a: Landorus|55/100
|-damage|p2a: Landorus|42/100
|-damage|p2a: Landorus|29/100
|-damage|p2a: Landorus|14/100
|-damage|p2a: Landorus|1/100
|-hitcount|p2a: Landorus|5
|-unboost|p1a: Garchomp|def|1
|-boost|p1a: Garchomp|spe|1
|move|p2a: Landorus|Earthquake|p1a: Garchomp
|-damage|p1a: Garchomp|0 fnt
|faint|p1a: Garchomp
|
|-heal|p2a: Landorus|7/100|[from] item: Leftovers
|upkeep
|
|t:|1659033494
|switch|p1a: Tapu Lele|Tapu Lele|100/100
|-damage|p1a: Tapu Lele|88/100|[from] Stealth Rock
|-fieldstart|move: Psychic Terrain|[from] ability: Psychic Surge|[of] p1a: Tapu Lele
|turn|33
|
|t:|1659033500
|move|p1a: Tapu Lele|Psyshock|p2a: Landorus
|-damage|p2a: Landorus|0 fnt
|faint|p2a: Landorus
|
|upkeep
|
|t:|1659033502
|switch|p2a: Urshifu|Urshifu-Rapid-Strike, M|68/100
|-damage|p2a: Urshifu|61/100|[from] Stealth Rock
|turn|34
|j| Savoyevatel
|l| Savoyevatel
|inactive|bizarman has 120 seconds left.
|
|t:|1659033536
|switch|p1a: Clefable|Clefable, F|73/100
|move|p2a: Urshifu|U-turn|p1a: Clefable
|-resisted|p1a: Clefable
|-damage|p1a: Clefable|59/100
|
|t:|1659033541
|switch|p2a: Tapu Lele|Tapu Lele|100/100|[from]move: U-turn
|-damage|p2a: Tapu Lele|88/100|[from] Stealth Rock
|
|upkeep
|turn|35
|
|t:|1659033546
|move|p2a: Tapu Lele|Psychic|p1a: Clefable
|-damage|p1a: Clefable|0 fnt
|faint|p1a: Clefable
|
|upkeep
|
|t:|1659033551
|switch|p1a: Blacephalon|Blacephalon|76/100
|turn|36
|
|t:|1659033559
|switch|p2a: Blissey|Blissey, F|100/100
|-damage|p2a: Blissey|88/100|[from] Stealth Rock
|move|p1a: Blacephalon|Expanding Force|p2a: Blissey
|-damage|p2a: Blissey|65/100
|
|upkeep
|turn|37
|
|t:|1659033570
|switch|p1a: Corviknight|Corviknight, F|81/100
|-damage|p1a: Corviknight|69/100|[from] Stealth Rock
|-ability|p1a: Corviknight|Pressure
|move|p2a: Blissey|Teleport|p2a: Blissey
|inactive|LT91BB rrm has 120 seconds left.
|
|t:|1659033603
|switch|p2a: Heatran|Heatran, F|100/100|[from]move: Teleport
|-damage|p2a: Heatran|88/100|[from] Stealth Rock
|
|-heal|p2a: Heatran|94/100|[from] item: Leftovers
|-fieldend|move: Psychic Terrain
|upkeep
|turn|38
|
|t:|1659033610
|switch|p1a: Urshifu|Urshifu-Rapid-Strike, M|35/100
|-damage|p1a: Urshifu|29/100|[from] Stealth Rock
|move|p2a: Heatran|Magma Storm|p1a: Urshifu
|-resisted|p1a: Urshifu
|-damage|p1a: Urshifu|0 fnt
|faint|p1a: Urshifu
|
|-heal|p2a: Heatran|100/100|[from] item: Leftovers
|upkeep
|
|t:|1659033618
|switch|p1a: Tapu Lele|Tapu Lele|88/100
|-damage|p1a: Tapu Lele|76/100|[from] Stealth Rock
|-fieldstart|move: Psychic Terrain|[from] ability: Psychic Surge|[of] p1a: Tapu Lele
|turn|39
|
|t:|1659033637
|switch|p2a: Slowbro|Slowbro, F|59/100
|-damage|p2a: Slowbro|46/100|[from] Stealth Rock
|move|p1a: Tapu Lele|Focus Blast|p2a: Slowbro
|-resisted|p2a: Slowbro
|-crit|p2a: Slowbro
|-damage|p2a: Slowbro|0 fnt
|faint|p2a: Slowbro
|
|upkeep
|
|t:|1659033639
|switch|p2a: Urshifu|Urshifu-Rapid-Strike, M|61/100
|-damage|p2a: Urshifu|55/100|[from] Stealth Rock
|turn|40
|
|t:|1659033652
|switch|p1a: Corviknight|Corviknight, F|69/100
|-damage|p1a: Corviknight|57/100|[from] Stealth Rock
|-ability|p1a: Corviknight|Pressure
|move|p2a: Urshifu|Surging Strikes|p1a: Corviknight
|-crit|p1a: Corviknight
|-damage|p1a: Corviknight|45/100
|-crit|p1a: Corviknight
|-damage|p1a: Corviknight|32/100
|-crit|p1a: Corviknight
|-damage|p1a: Corviknight|19/100
|-hitcount|p1a: Corviknight|3
|
|upkeep
|turn|41
|
|t:|1659033664
|move|p2a: Urshifu|Surging Strikes|p1a: Corviknight
|-crit|p1a: Corviknight
|-damage|p1a: Corviknight|7/100
|-crit|p1a: Corviknight
|-damage|p1a: Corviknight|0 fnt
|faint|p1a: Corviknight
|-hitcount|p1: Corviknight|2
|
|upkeep
|
|t:|1659033670
|switch|p1a: Blacephalon|Blacephalon|76/100
|turn|42
|
|t:|1659033674
|move|p2a: Urshifu|Surging Strikes|p1a: Blacephalon
|-supereffective|p1a: Blacephalon
|-crit|p1a: Blacephalon
|-damage|p1a: Blacephalon|0 fnt
|faint|p1a: Blacephalon
|-hitcount|p1: Blacephalon|1
|
|upkeep
|c|☆bizarman|gg
|-message|bizarman forfeited.
|
|win|LT91BB rrm
|raw|bizarman's rating: 1743 &rarr; <strong>1726</strong><br />(-17 for losing)
|raw|LT91BB rrm's rating: 1793 &rarr; <strong>1810</strong><br />(+17 for winning)
|l|☆bizarman
||Ladder isn't responding, score probably updated but might not have (Request timeout).
