|j|☆Adel19
|j|☆dadio4
|t:|1665214989
|gametype|singles
|player|p1|Adel19|102|1717
|player|p2|dadio4|ingo|1637
|teamsize|p1|6
|teamsize|p2|6
|gen|8
|tier|[Gen 8] OU
|rated|
|rule|Sleep Clause Mod: Limit one foe put to sleep
|rule|Species Clause: Limit one of each Pokémon
|rule|OHKO Clause: OHKO moves are banned
|rule|Evasion Items Clause: Evasion items are banned
|rule|Evasion Moves Clause: Evasion moves are banned
|rule|Endless Battle Clause: Forcing endless battles is banned
|rule|HP Percentage Mod: HP is shown in percentages
|rule|Dynamax Clause: You cannot dynamax
|clearpoke
|poke|p1|Landorus-Therian, M|
|poke|p1|Zapdos|
|poke|p1|Zeraora|
|poke|p1|Heatran, M|
|poke|p1|Kartana|
|poke|p1|Latios, M|
|poke|p2|Corviknight, F|
|poke|p2|Rillaboom, M|
|poke|p2|Zeraora|
|poke|p2|Tapu Fini|
|poke|p2|Heatran, F|
|poke|p2|Dragapult, F|
|teampreview
|inactive|Battle timer is ON: inactive players will automatically lose when time's up. (requested by dadio4)
|
|t:|1665215001
|start
|switch|p1a: Kartana|Kartana|100/100
|switch|p2a: Tapu Fini|Tapu Fini|100/100
|-fieldstart|move: Misty Terrain|[from] ability: Misty Surge|[of] p2a: Tapu Fini
|turn|1
|
|t:|1665215005
|switch|p2a: Corviknight|Corviknight, F|100/100
|-ability|p2a: Corviknight|Pressure
|move|p1a: Kartana|Swords Dance|p1a: Kartana
|-boost|p1a: Kartana|atk|2
|
|upkeep
|turn|2
|
|t:|1665215013
|move|p1a: Kartana|Knock Off|p2a: Corviknight
|-damage|p2a: Corviknight|41/100
|-enditem|p2a: Corviknight|Rocky Helmet|[from] move: Knock Off|[of] p1a: Kartana
|move|p2a: Corviknight|U-turn|p1a: Kartana
|-damage|p1a: Kartana|86/100
|
|t:|1665215019
|switch|p2a: Dragapult|Dragapult, F|100/100|[from]move: U-turn
|
|upkeep
|turn|3
|
|t:|1665215044
|switch|p1a: Heatran|Heatran, M|100/100
|move|p2a: Dragapult|Shadow Ball|p1a: Heatran
|-damage|p1a: Heatran|47/100
|
|-heal|p1a: Heatran|54/100|[from] item: Leftovers
|upkeep
|turn|4
|
|t:|1665215050
|move|p2a: Dragapult|Shadow Ball|p1a: Heatran
|-damage|p1a: Heatran|4/100
|move|p1a: Heatran|Earth Power|p2a: Dragapult
|-damage|p2a: Dragapult|57/100
|
|-heal|p1a: Heatran|10/100|[from] item: Leftovers
|upkeep
|turn|5
|
|t:|1665215055
|move|p2a: Dragapult|Shadow Ball|p1a: Heatran
|-damage|p1a: Heatran|0 fnt
|faint|p1a: Heatran
|
|-fieldend|Misty Terrain
|upkeep
|
|t:|1665215057
|switch|p1a: Landorus|Landorus-Therian, M|100/100
|-ability|p1a: Landorus|Intimidate|boost
|-unboost|p2a: Dragapult|atk|1
|turn|6
|
|t:|1665215062
|switch|p2a: Corviknight|Corviknight, F|41/100
|-ability|p2a: Corviknight|Pressure
|move|p1a: Landorus|Stealth Rock|p2a: Corviknight
|-sidestart|p2: dadio4|move: Stealth Rock
|
|upkeep
|turn|7
|
|t:|1665215074
|switch|p1a: Zapdos|Zapdos|100/100
|move|p2a: Corviknight|Roost|p2a: Corviknight
|-heal|p2a: Corviknight|91/100
|-singleturn|p2a: Corviknight|move: Roost
|
|upkeep
|turn|8
|
|t:|1665215080
|switch|p2a: Zeraora|Zeraora|100/100
|-damage|p2a: Zeraora|88/100|[from] Stealth Rock
|move|p1a: Zapdos|Volt Switch|p2a: Zeraora
|-heal|p2a: Zeraora|100/100|[from] ability: Volt Absorb|[of] p1a: Zapdos
|
|upkeep
|turn|9
|
|t:|1665215085
|switch|p1a: Landorus|Landorus-Therian, M|100/100
|-ability|p1a: Landorus|Intimidate|boost
|-unboost|p2a: Zeraora|atk|1
|move|p2a: Zeraora|Bulk Up|p2a: Zeraora
|-boost|p2a: Zeraora|atk|1
|-boost|p2a: Zeraora|def|1
|
|upkeep
|turn|10
|
|t:|1665215088
|switch|p2a: Corviknight|Corviknight, F|91/100
|-damage|p2a: Corviknight|79/100|[from] Stealth Rock
|-ability|p2a: Corviknight|Pressure
|move|p1a: Landorus|Earthquake|p2a: Corviknight
|-immune|p2a: Corviknight
|
|upkeep
|turn|11
|j| Peter97
|
|t:|1665215097
|switch|p1a: Zeraora|Zeraora|100/100
|move|p2a: Corviknight|Defog|p1a: Zeraora
|-unboost|p1a: Zeraora|evasion|1
|-sideend|p2: dadio4|Stealth Rock|[from] move: Defog|[of] p2a: Corviknight
|
|upkeep
|turn|12
|j| Ebullient Days
|
|t:|1665215105
|switch|p2a: Rillaboom|Rillaboom, M|100/100
|-fieldstart|move: Grassy Terrain|[from] ability: Grassy Surge|[of] p2a: Rillaboom
|move|p1a: Zeraora|Plasma Fists|p2a: Rillaboom
|-resisted|p2a: Rillaboom
|-damage|p2a: Rillaboom|76/100
|-fieldactivate|move: Ion Deluge
|-hint|Normal-type moves become Electric-type after using Plasma Fists.
|
|-heal|p2a: Rillaboom|82/100|[from] Grassy Terrain
|upkeep
|turn|13
|
|t:|1665215109
|switch|p1a: Zapdos|Zapdos|100/100
|move|p2a: Rillaboom|Swords Dance|p2a: Rillaboom
|-boost|p2a: Rillaboom|atk|2
|
|-heal|p2a: Rillaboom|88/100|[from] Grassy Terrain
|upkeep
|turn|14
|
|t:|1665215114
|move|p2a: Rillaboom|Knock Off|p1a: Zapdos
|-damage|p1a: Zapdos|40/100
|-status|p2a: Rillaboom|par|[from] ability: Static|[of] p1a: Zapdos
|-enditem|p1a: Zapdos|Heavy-Duty Boots|[from] move: Knock Off|[of] p2a: Rillaboom
|-damage|p2a: Rillaboom|78/100 par|[from] item: Life Orb
|move|p1a: Zapdos|Hurricane|p2a: Rillaboom|[miss]
|-miss|p1a: Zapdos|p2a: Rillaboom
|
|-heal|p2a: Rillaboom|84/100 par|[from] Grassy Terrain
|upkeep
|turn|15
|
|t:|1665215118
|move|p2a: Rillaboom|Grassy Glide|p1a: Zapdos
|-resisted|p1a: Zapdos
|-damage|p1a: Zapdos|0 fnt
|faint|p1a: Zapdos
|-damage|p2a: Rillaboom|74/100 par|[from] item: Life Orb
|
|-heal|p2a: Rillaboom|81/100 par|[from] Grassy Terrain
|upkeep
|
|t:|1665215122
|switch|p1a: Kartana|Kartana|86/100
|turn|16
|
|t:|1665215127
|move|p1a: Kartana|Swords Dance|p1a: Kartana
|-boost|p1a: Kartana|atk|2
|move|p2a: Rillaboom|Superpower|p1a: Kartana
|-supereffective|p1a: Kartana
|-damage|p1a: Kartana|0 fnt
|-unboost|p2a: Rillaboom|atk|1
|-unboost|p2a: Rillaboom|def|1
|faint|p1a: Kartana
|-damage|p2a: Rillaboom|71/100 par|[from] item: Life Orb
|
|-heal|p2a: Rillaboom|77/100 par|[from] Grassy Terrain
|-fieldend|move: Grassy Terrain
|upkeep
|-message|Adel19 forfeited.
|
|win|dadio4
|raw|Adel19's rating: 1717 &rarr; <strong>1692</strong><br />(-25 for losing)
|raw|dadio4's rating: 1637 &rarr; <strong>1662</strong><br />(+25 for winning)
|l|☆Adel19
|l| Ebullient Days
|l|☆dadio4
|l| Peter97
|j|☆dadio4
|player|p2|dadio4|ingo
