|j|☆QiYu4
|j|☆4funaccount
|player|p1|QiYu4|psychic-gen4|1763
|player|p2|4funaccount|hilda-dueldisk|1841
|teamsize|p1|6
|teamsize|p2|6
|gametype|singles
|gen|8
|tier|[Gen 8] OU
|rated|
|clearpoke
|poke|p1|Conkeldurr, M|
|poke|p1|Dragapult, F|
|poke|p1|Clefable, M|
|poke|p1|Rotom-Heat|
|poke|p1|Kommo-o, M|
|poke|p1|Corviknight, M|
|poke|p2|Clefable, M|
|poke|p2|Dugtrio, F|
|poke|p2|Kommo-o, M|
|poke|p2|Togekiss, M|
|poke|p2|Seismitoad, F|
|poke|p2|Corviknight, M|
|rule|Sleep Clause Mod: Limit one foe put to sleep
|rule|Species Clause: Limit one of each Pokémon
|rule|OHKO Clause: OHKO moves are banned
|rule|Evasion Moves Clause: Evasion moves are banned
|rule|Endless Battle Clause: Forcing endless battles is banned
|rule|HP Percentage Mod: HP is shown in percentages
|rule|Dynamax Clause: You cannot dynamax
|teampreview
|j| Starplatinum01
|inactive|Battle timer is ON: inactive players will automatically lose when time's up. (requested by QiYu4)
|
|start
|switch|p1a: Dragapult|Dragapult, F|100/100
|switch|p2a: Seismitoad|Seismitoad, F|100/100
|turn|1
|
|move|p1a: Dragapult|U-turn|p2a: Seismitoad
|-damage|p2a: Seismitoad|89/100
|
|switch|p1a: Corviknight|Corviknight, M|100/100|[from]move: U-turn
|-ability|p1a: Corviknight|Pressure
|move|p2a: Seismitoad|Toxic|p1a: Corviknight
|-immune|p1a: Corviknight
|
|-heal|p2a: Seismitoad|95/100|[from] item: Leftovers
|upkeep
|turn|2
|
|move|p2a: Seismitoad|Protect|p2a: Seismitoad
|-singleturn|p2a: Seismitoad|Protect
|move|p1a: Corviknight|Bulk Up|p1a: Corviknight
|-boost|p1a: Corviknight|atk|1
|-boost|p1a: Corviknight|def|1
|
|-heal|p2a: Seismitoad|100/100|[from] item: Leftovers
|upkeep
|turn|3
|
|switch|p2a: Clefable|Clefable, M|100/100
|move|p1a: Corviknight|Brave Bird|p2a: Clefable
|-crit|p2a: Clefable
|-damage|p2a: Clefable|10/100
|-damage|p1a: Corviknight|71/100|[from] Recoil
|
|-heal|p1a: Corviknight|77/100|[from] item: Leftovers
|-heal|p2a: Clefable|16/100|[from] item: Leftovers
|upkeep
|turn|4
|
|move|p1a: Corviknight|Brave Bird|p2a: Clefable
|-damage|p2a: Clefable|0 fnt
|-damage|p1a: Corviknight|72/100|[from] Recoil
|faint|p2a: Clefable
|
|-heal|p1a: Corviknight|78/100|[from] item: Leftovers
|upkeep
|
|switch|p2a: Togekiss|Togekiss, M|100/100
|turn|5
|
|move|p2a: Togekiss|Flamethrower|p1a: Corviknight
|-supereffective|p1a: Corviknight
|-damage|p1a: Corviknight|36/100
|move|p1a: Corviknight|Brave Bird|p2a: Togekiss
|-damage|p2a: Togekiss|32/100
|-damage|p1a: Corviknight|19/100|[from] Recoil
|
|-heal|p2a: Togekiss|38/100|[from] item: Leftovers
|-heal|p1a: Corviknight|25/100|[from] item: Leftovers
|upkeep
|turn|6
|
|switch|p1a: Dragapult|Dragapult, F|100/100
|move|p2a: Togekiss|Flamethrower|p1a: Dragapult
|-resisted|p1a: Dragapult
|-damage|p1a: Dragapult|81/100
|-status|p1a: Dragapult|brn
|
|-heal|p2a: Togekiss|44/100|[from] item: Leftovers
|-damage|p1a: Dragapult|75/100 brn|[from] brn
|upkeep
|turn|7
|
|switch|p2a: Kommo-o|Kommo-o, M|100/100
|move|p1a: Dragapult|Shadow Ball|p2a: Kommo-o
|-immune|p2a: Kommo-o|[from] ability: Bulletproof
|
|-damage|p1a: Dragapult|69/100 brn|[from] brn
|upkeep
|turn|8
|
|switch|p1a: Kommo-o|Kommo-o, M|100/100
|move|p2a: Kommo-o|Clangorous Soul|p2a: Kommo-o
|-boost|p2a: Kommo-o|atk|1
|-boost|p2a: Kommo-o|def|1
|-boost|p2a: Kommo-o|spa|1
|-boost|p2a: Kommo-o|spd|1
|-boost|p2a: Kommo-o|spe|1
|-damage|p2a: Kommo-o|67/100
|-enditem|p2a: Kommo-o|Throat Spray
|-boost|p2a: Kommo-o|spa|1
|
|upkeep
|turn|9
|
|move|p2a: Kommo-o|Clanging Scales|p1a: Kommo-o
|-immune|p1a: Kommo-o|[from] ability: Soundproof
|move|p1a: Kommo-o|Iron Defense|p1a: Kommo-o
|-boost|p1a: Kommo-o|def|2
|
|upkeep
|turn|10
|
|move|p2a: Kommo-o|Flamethrower|p1a: Kommo-o
|-resisted|p1a: Kommo-o
|-damage|p1a: Kommo-o|76/100
|move|p1a: Kommo-o|Substitute|p1a: Kommo-o
|-start|p1a: Kommo-o|Substitute
|-damage|p1a: Kommo-o|52/100
|
|-heal|p1a: Kommo-o|58/100|[from] item: Leftovers
|upkeep
|turn|11
|
|move|p2a: Kommo-o|Flamethrower|p1a: Kommo-o
|-resisted|p1a: Kommo-o
|-crit|p1a: Kommo-o
|-end|p1a: Kommo-o|Substitute
|move|p1a: Kommo-o|Body Press|p2a: Kommo-o
|-damage|p2a: Kommo-o|18/100
|
|-heal|p1a: Kommo-o|64/100|[from] item: Leftovers
|upkeep
|turn|12
|
|move|p2a: Kommo-o|Flamethrower|p1a: Kommo-o
|-resisted|p1a: Kommo-o
|-damage|p1a: Kommo-o|40/100
|-status|p1a: Kommo-o|brn
|move|p1a: Kommo-o|Body Press|p2a: Kommo-o
|-damage|p2a: Kommo-o|0 fnt
|faint|p2a: Kommo-o
|
|-heal|p1a: Kommo-o|46/100 brn|[from] item: Leftovers
|-damage|p1a: Kommo-o|40/100 brn|[from] brn
|upkeep
|
|switch|p2a: Togekiss|Togekiss, M|44/100
|turn|13
|c|☆QiYu4|…
|
|switch|p1a: Clefable|Clefable, M|100/100
|move|p2a: Togekiss|Air Slash|p1a: Clefable
|-damage|p1a: Clefable|77/100
|
|-heal|p2a: Togekiss|50/100|[from] item: Leftovers
|-heal|p1a: Clefable|83/100|[from] item: Leftovers
|upkeep
|turn|14
|
|switch|p1a: Rotom|Rotom-Heat|100/100
|move|p2a: Togekiss|Air Slash|p1a: Rotom
|-resisted|p1a: Rotom
|-damage|p1a: Rotom|82/100
|
|-heal|p2a: Togekiss|56/100|[from] item: Leftovers
|upkeep
|turn|15
|
|switch|p2a: Seismitoad|Seismitoad, F|100/100
|move|p1a: Rotom|Trick|p2a: Seismitoad
|-activate|p1a: Rotom|move: Trick|[of] p2a: Seismitoad
|-item|p2a: Seismitoad|Choice Scarf|[from] move: Trick
|-item|p1a: Rotom|Leftovers|[from] move: Trick
|
|-heal|p1a: Rotom|88/100|[from] item: Leftovers
|upkeep
|turn|16
|
|switch|p2a: Togekiss|Togekiss, M|56/100
|switch|p1a: Corviknight|Corviknight, M|25/100
|-ability|p1a: Corviknight|Pressure
|
|-heal|p2a: Togekiss|63/100|[from] item: Leftovers
|-heal|p1a: Corviknight|31/100|[from] item: Leftovers
|upkeep
|turn|17
|
|switch|p1a: Rotom|Rotom-Heat|88/100
|move|p2a: Togekiss|Flamethrower|p1a: Rotom
|-resisted|p1a: Rotom
|-damage|p1a: Rotom|73/100
|
|-heal|p2a: Togekiss|69/100|[from] item: Leftovers
|-heal|p1a: Rotom|79/100|[from] item: Leftovers
|upkeep
|turn|18
|
|switch|p2a: Dugtrio|Dugtrio, F|100/100
|switch|p1a: Corviknight|Corviknight, M|31/100
|-ability|p1a: Corviknight|Pressure
|
|-heal|p1a: Corviknight|38/100|[from] item: Leftovers
|upkeep
|turn|19
|
|switch|p2a: Togekiss|Togekiss, M|69/100
|move|p1a: Corviknight|Roost|p1a: Corviknight
|-heal|p1a: Corviknight|88/100
|-singleturn|p1a: Corviknight|move: Roost
|
|-heal|p2a: Togekiss|75/100|[from] item: Leftovers
|-heal|p1a: Corviknight|94/100|[from] item: Leftovers
|upkeep
|turn|20
|
|switch|p1a: Rotom|Rotom-Heat|79/100
|move|p2a: Togekiss|Nasty Plot|p2a: Togekiss
|-boost|p2a: Togekiss|spa|2
|
|-heal|p2a: Togekiss|81/100|[from] item: Leftovers
|-heal|p1a: Rotom|85/100|[from] item: Leftovers
|upkeep
|turn|21
|
|move|p2a: Togekiss|Air Slash|p1a: Rotom
|-resisted|p1a: Rotom
|-damage|p1a: Rotom|45/100
|cant|p1a: Rotom|flinch
|
|-heal|p2a: Togekiss|87/100|[from] item: Leftovers
|-heal|p1a: Rotom|51/100|[from] item: Leftovers
|upkeep
|turn|22
|
|move|p2a: Togekiss|Air Slash|p1a: Rotom
|-resisted|p1a: Rotom
|-damage|p1a: Rotom|13/100
|move|p1a: Rotom|Thunder Wave|p2a: Togekiss
|-status|p2a: Togekiss|par
|
|-heal|p1a: Rotom|19/100|[from] item: Leftovers
|-heal|p2a: Togekiss|93/100 par|[from] item: Leftovers
|upkeep
|turn|23
|
|move|p1a: Rotom|Volt Switch|p2a: Togekiss
|-supereffective|p2a: Togekiss
|-damage|p2a: Togekiss|35/100 par
|
|switch|p1a: Kommo-o|Kommo-o, M|40/100 brn|[from]move: Volt Switch
|move|p2a: Togekiss|Air Slash|p1a: Kommo-o
|-supereffective|p1a: Kommo-o
|-damage|p1a: Kommo-o|0 fnt
|faint|p1a: Kommo-o
|
|-heal|p2a: Togekiss|41/100 par|[from] item: Leftovers
|upkeep
|
|switch|p1a: Dragapult|Dragapult, F|69/100 brn
|turn|24
|
|switch|p2a: Corviknight|Corviknight, M|100/100
|-ability|p2a: Corviknight|Pressure
|move|p1a: Dragapult|Shadow Ball|p2a: Corviknight
|-damage|p2a: Corviknight|52/100
|
|-heal|p2a: Corviknight|58/100|[from] item: Leftovers
|-damage|p1a: Dragapult|63/100 brn|[from] brn
|upkeep
|turn|25
|
|move|p1a: Dragapult|Shadow Ball|p2a: Corviknight
|-damage|p2a: Corviknight|10/100
|move|p2a: Corviknight|Roost|p2a: Corviknight
|-heal|p2a: Corviknight|60/100
|-singleturn|p2a: Corviknight|move: Roost
|
|-heal|p2a: Corviknight|66/100|[from] item: Leftovers
|-damage|p1a: Dragapult|57/100 brn|[from] brn
|upkeep
|turn|26
|
|move|p1a: Dragapult|Shadow Ball|p2a: Corviknight
|-damage|p2a: Corviknight|14/100
|-unboost|p2a: Corviknight|spd|1
|move|p2a: Corviknight|Roost|p2a: Corviknight
|-heal|p2a: Corviknight|64/100
|-singleturn|p2a: Corviknight|move: Roost
|
|-heal|p2a: Corviknight|70/100|[from] item: Leftovers
|-damage|p1a: Dragapult|51/100 brn|[from] brn
|upkeep
|turn|27
|
|move|p1a: Dragapult|Shadow Ball|p2a: Corviknight
|-damage|p2a: Corviknight|0 fnt
|faint|p2a: Corviknight
|
|-damage|p1a: Dragapult|45/100 brn|[from] brn
|upkeep
|
|switch|p2a: Dugtrio|Dugtrio, F|100/100
|turn|28
|j| titegstel
|
|switch|p1a: Corviknight|Corviknight, M|94/100
|-ability|p1a: Corviknight|Pressure
|move|p2a: Dugtrio|Stone Edge|p1a: Corviknight
|-damage|p1a: Corviknight|70/100
|
|-heal|p1a: Corviknight|76/100|[from] item: Leftovers
|upkeep
|turn|29
|-message|4funaccount forfeited.
|
|win|QiYu4
|l|☆4funaccount
|l|☆QiYu4
|raw|QiYu4's rating: 1763 &rarr; <strong>1787</strong><br />(+24 for winning)
|raw|4funaccount's rating: 1841 &rarr; <strong>1816</strong><br />(-25 for losing)
