|j|☆JooshP
|j|☆jeandonis02
|t:|1655202525
|gametype|singles
|player|p1|JooshP|red|1681
|player|p2|jeandonis02|lucas|1618
|teamsize|p1|6
|teamsize|p2|6
|gen|8
|tier|[Gen 8] OU
|rated|
|rule|Sleep Clause Mod: Limit one foe put to sleep
|rule|Species Clause: Limit one of each Pokémon
|rule|OHKO Clause: OHKO moves are banned
|rule|Evasion Moves Clause: Evasion moves are banned
|rule|Endless Battle Clause: Forcing endless battles is banned
|rule|HP Percentage Mod: HP is shown in percentages
|rule|Dynamax Clause: You cannot dynamax
|clearpoke
|poke|p1|Volcarona, F|
|poke|p1|Garchomp, M|
|poke|p1|Ferrothorn, F|
|poke|p1|Clefable, F|
|poke|p1|Heatran, F|
|poke|p1|Urshifu-*, M|
|poke|p2|Zeraora|
|poke|p2|Toxapex, F|
|poke|p2|Garchomp, M|
|poke|p2|Rotom-Wash|
|poke|p2|Ferrothorn, M|
|poke|p2|Charizard, F|
|teampreview
|inactive|Battle timer is ON: inactive players will automatically lose when time's up. (requested by JooshP)
|
|t:|1655202533
|start
|switch|p1a: Clefable|Clefable, F|100/100
|switch|p2a: Garchomp|Garchomp, M|100/100
|turn|1
|
|t:|1655202537
|move|p2a: Garchomp|Iron Head|p1a: Clefable
|-supereffective|p1a: Clefable
|-damage|p1a: Clefable|26/100
|move|p1a: Clefable|Moonblast|p2a: Garchomp
|-supereffective|p2a: Garchomp
|-damage|p2a: Garchomp|38/100
|
|-heal|p1a: Clefable|32/100|[from] item: Leftovers
|upkeep
|turn|2
|
|t:|1655202543
|switch|p2a: Charizard|Charizard, F|100/100
|switch|p1a: Urshifu|Urshifu-Rapid-Strike, M|100/100
|
|upkeep
|turn|3
|
|t:|1655202547
|switch|p2a: Toxapex|Toxapex, F|100/100
|move|p1a: Urshifu|U-turn|p2a: Toxapex
|-resisted|p2a: Toxapex
|-damage|p2a: Toxapex|91/100
|
|t:|1655202549
|switch|p1a: Clefable|Clefable, F|32/100|[from]move: U-turn
|
|-heal|p1a: Clefable|39/100|[from] item: Leftovers
|-heal|p2a: Toxapex|98/100|[from] item: Black Sludge
|upkeep
|turn|4
|
|t:|1655202554
|switch|p2a: Charizard|Charizard, F|100/100
|move|p1a: Clefable|Stealth Rock|p2a: Charizard
|-sidestart|p2: jeandonis02|move: Stealth Rock
|
|-heal|p1a: Clefable|45/100|[from] item: Leftovers
|upkeep
|turn|5
|
|t:|1655202558
|switch|p1a: Garchomp|Garchomp, M|100/100
|move|p2a: Charizard|Belly Drum|p2a: Charizard
|-damage|p2a: Charizard|50/100
|-setboost|p2a: Charizard|atk|6|[from] move: Belly Drum
|-enditem|p2a: Charizard|Sitrus Berry|[eat]
|-heal|p2a: Charizard|75/100|[from] item: Sitrus Berry
|
|upkeep
|turn|6
|
|t:|1655202561
|move|p1a: Garchomp|Stone Edge|p2a: Charizard
|-supereffective|p2a: Charizard
|-crit|p2a: Charizard
|-damage|p2a: Charizard|0 fnt
|faint|p2a: Charizard
|
|upkeep
|
|t:|1655202565
|switch|p2a: Ferrothorn|Ferrothorn, M|100/100
|-damage|p2a: Ferrothorn|94/100|[from] Stealth Rock
|turn|7
|
|t:|1655202567
|switch|p1a: Heatran|Heatran, F|100/100
|move|p2a: Ferrothorn|Leech Seed|p1a: Heatran|[miss]
|-miss|p2a: Ferrothorn|p1a: Heatran
|
|upkeep
|turn|8
|
|t:|1655202572
|switch|p2a: Rotom|Rotom-Wash|100/100
|-damage|p2a: Rotom|88/100|[from] Stealth Rock
|move|p1a: Heatran|Toxic|p2a: Rotom|[miss]
|-miss|p1a: Heatran|p2a: Rotom
|
|-heal|p2a: Rotom|94/100|[from] item: Leftovers
|upkeep
|turn|9
|
|t:|1655202577
|switch|p1a: Ferrothorn|Ferrothorn, F|100/100
|move|p2a: Rotom|Defog|p1a: Ferrothorn
|-unboost|p1a: Ferrothorn|evasion|1
|-sideend|p2: jeandonis02|Stealth Rock|[from] move: Defog|[of] p2a: Rotom
|
|-heal|p2a: Rotom|100/100|[from] item: Leftovers
|upkeep
|turn|10
|
|t:|1655202579
|move|p2a: Rotom|Will-O-Wisp|p1a: Ferrothorn
|-status|p1a: Ferrothorn|brn
|move|p1a: Ferrothorn|Knock Off|p2a: Rotom
|-damage|p2a: Rotom|92/100
|-enditem|p2a: Rotom|Leftovers|[from] move: Knock Off|[of] p1a: Ferrothorn
|
|-damage|p1a: Ferrothorn|94/100 brn|[from] brn
|upkeep
|turn|11
|
|t:|1655202583
|move|p2a: Rotom|Volt Switch|p1a: Ferrothorn
|-resisted|p1a: Ferrothorn
|-damage|p1a: Ferrothorn|84/100 brn
|
|t:|1655202585
|switch|p2a: Ferrothorn|Ferrothorn, M|94/100|[from]move: Volt Switch
|move|p1a: Ferrothorn|Spikes|p2a: Ferrothorn
|-sidestart|p2: jeandonis02|Spikes
|
|-heal|p1a: Ferrothorn|90/100 brn|[from] item: Leftovers
|-damage|p1a: Ferrothorn|84/100 brn|[from] brn
|upkeep
|turn|12
|
|t:|1655202597
|switch|p2a: Rotom|Rotom-Wash|92/100
|switch|p1a: Clefable|Clefable, F|45/100
|
|-heal|p1a: Clefable|51/100|[from] item: Leftovers
|upkeep
|turn|13
|
|t:|1655202600
|move|p2a: Rotom|Hydro Pump|p1a: Clefable
|-damage|p1a: Clefable|19/100
|move|p1a: Clefable|Moonblast|p2a: Rotom
|-damage|p2a: Rotom|65/100
|
|-heal|p1a: Clefable|25/100|[from] item: Leftovers
|upkeep
|turn|14
|
|t:|1655202606
|move|p2a: Rotom|Defog|p1a: Clefable
|-unboost|p1a: Clefable|evasion|1
|-sideend|p2: jeandonis02|Spikes|[from] move: Defog|[of] p2a: Rotom
|move|p1a: Clefable|Soft-Boiled|p1a: Clefable
|-heal|p1a: Clefable|75/100
|
|-heal|p1a: Clefable|81/100|[from] item: Leftovers
|upkeep
|turn|15
|
|t:|1655202609
|move|p2a: Rotom|Volt Switch|p1a: Clefable
|-damage|p1a: Clefable|62/100
|
|t:|1655202611
|switch|p2a: Zeraora|Zeraora|100/100|[from]move: Volt Switch
|move|p1a: Clefable|Stealth Rock|p2a: Zeraora
|-sidestart|p2: jeandonis02|move: Stealth Rock
|
|-heal|p1a: Clefable|68/100|[from] item: Leftovers
|upkeep
|turn|16
|
|t:|1655202613
|switch|p1a: Garchomp|Garchomp, M|100/100
|move|p2a: Zeraora|Knock Off|p1a: Garchomp
|-damage|p1a: Garchomp|70/100
|-damage|p2a: Zeraora|88/100|[from] ability: Rough Skin|[of] p1a: Garchomp
|-enditem|p1a: Garchomp|Leftovers|[from] move: Knock Off|[of] p2a: Zeraora
|
|upkeep
|turn|17
|
|t:|1655202618
|move|p2a: Zeraora|Play Rough|p1a: Garchomp
|-supereffective|p1a: Garchomp
|-damage|p1a: Garchomp|11/100
|-unboost|p1a: Garchomp|atk|1
|-damage|p2a: Zeraora|76/100|[from] ability: Rough Skin|[of] p1a: Garchomp
|move|p1a: Garchomp|Swords Dance|p1a: Garchomp
|-boost|p1a: Garchomp|atk|2
|
|upkeep
|turn|18
|
|t:|1655202623
|move|p2a: Zeraora|Knock Off|p1a: Garchomp
|-damage|p1a: Garchomp|0 fnt
|-damage|p2a: Zeraora|64/100|[from] ability: Rough Skin|[of] p1a: Garchomp
|faint|p1a: Garchomp
|
|upkeep
|
|t:|1655202626
|switch|p1a: Urshifu|Urshifu-Rapid-Strike, M|100/100
|turn|19
|
|t:|1655202629
|switch|p2a: Toxapex|Toxapex, F|100/100
|-damage|p2a: Toxapex|88/100|[from] Stealth Rock
|move|p1a: Urshifu|U-turn|p2a: Toxapex
|-resisted|p2a: Toxapex
|-damage|p2a: Toxapex|79/100
|
|t:|1655202632
|switch|p1a: Heatran|Heatran, F|100/100|[from]move: U-turn
|
|-heal|p2a: Toxapex|85/100|[from] item: Black Sludge
|upkeep
|turn|20
|
|t:|1655202639
|switch|p2a: Rotom|Rotom-Wash|65/100
|-damage|p2a: Rotom|52/100|[from] Stealth Rock
|move|p1a: Heatran|Magma Storm|p2a: Rotom
|-resisted|p2a: Rotom
|-damage|p2a: Rotom|33/100
|-activate|p2a: Rotom|move: Magma Storm|[of] p1a: Heatran
|
|-damage|p2a: Rotom|20/100|[from] move: Magma Storm|[partiallytrapped]
|upkeep
|turn|21
|
|t:|1655202643
|switch|p1a: Ferrothorn|Ferrothorn, F|84/100 brn
|move|p2a: Rotom|Defog|p1a: Ferrothorn
|-unboost|p1a: Ferrothorn|evasion|1
|-sideend|p2: jeandonis02|Stealth Rock|[from] move: Defog|[of] p2a: Rotom
|
|-heal|p1a: Ferrothorn|90/100 brn|[from] item: Leftovers
|-damage|p1a: Ferrothorn|84/100 brn|[from] brn
|-end|p2a: Rotom|Magma Storm|[partiallytrapped]|[silent]
|upkeep
|turn|22
|
|t:|1655202647
|move|p2a: Rotom|Volt Switch|p1a: Ferrothorn
|-resisted|p1a: Ferrothorn
|-damage|p1a: Ferrothorn|72/100 brn
|
|t:|1655202649
|switch|p2a: Garchomp|Garchomp, M|38/100|[from]move: Volt Switch
|move|p1a: Ferrothorn|Spikes|p2a: Garchomp
|-sidestart|p2: jeandonis02|Spikes
|
|-heal|p1a: Ferrothorn|79/100 brn|[from] item: Leftovers
|-damage|p1a: Ferrothorn|72/100 brn|[from] brn
|upkeep
|turn|23
|
|t:|1655202654
|switch|p1a: Urshifu|Urshifu-Rapid-Strike, M|100/100
|move|p2a: Garchomp|Earthquake|p1a: Urshifu
|-damage|p1a: Urshifu|23/100
|
|upkeep
|turn|24
|
|t:|1655202660
|switch|p2a: Ferrothorn|Ferrothorn, M|94/100
|-damage|p2a: Ferrothorn|82/100|[from] Spikes
|move|p1a: Urshifu|Close Combat|p2a: Ferrothorn
|-supereffective|p2a: Ferrothorn
|-damage|p2a: Ferrothorn|10/100
|-unboost|p1a: Urshifu|def|1
|-unboost|p1a: Urshifu|spd|1
|-damage|p1a: Urshifu|10/100|[from] ability: Iron Barbs|[of] p2a: Ferrothorn
|-damage|p1a: Urshifu|0 fnt|[from] item: Rocky Helmet|[of] p2a: Ferrothorn
|faint|p1a: Urshifu
|
|upkeep
|
|t:|1655202667
|switch|p1a: Volcarona|Volcarona, F|100/100
|turn|25
|
|t:|1655202671
|move|p1a: Volcarona|Quiver Dance|p1a: Volcarona
|-boost|p1a: Volcarona|spa|1
|-boost|p1a: Volcarona|spd|1
|-boost|p1a: Volcarona|spe|1
|move|p2a: Ferrothorn|Leech Seed|p1a: Volcarona
|-start|p1a: Volcarona|move: Leech Seed
|
|-damage|p1a: Volcarona|88/100|[from] Leech Seed|[of] p2a: Ferrothorn
|-heal|p2a: Ferrothorn|20/100|[silent]
|upkeep
|turn|26
|
|t:|1655202675
|switch|p2a: Toxapex|Toxapex, F|100/100
|-damage|p2a: Toxapex|88/100|[from] Spikes
|move|p1a: Volcarona|Flamethrower|p2a: Toxapex
|-resisted|p2a: Toxapex
|-damage|p2a: Toxapex|67/100
|
|-heal|p2a: Toxapex|73/100|[from] item: Black Sludge
|-damage|p1a: Volcarona|76/100|[from] Leech Seed|[of] p2a: Toxapex
|-heal|p2a: Toxapex|85/100|[silent]
|upkeep
|turn|27
|
|t:|1655202682
|move|p1a: Volcarona|Psychic|p2a: Toxapex
|-supereffective|p2a: Toxapex
|-damage|p2a: Toxapex|22/100
|move|p2a: Toxapex|Haze|p2a: Toxapex
|-clearallboost
|
|-heal|p2a: Toxapex|28/100|[from] item: Black Sludge
|-damage|p1a: Volcarona|64/100|[from] Leech Seed|[of] p2a: Toxapex
|-heal|p2a: Toxapex|41/100|[silent]
|upkeep
|turn|28
|
|t:|1655202686
|switch|p1a: Heatran|Heatran, F|100/100
|move|p2a: Toxapex|Toxic|p1a: Heatran
|-immune|p1a: Heatran
|
|-heal|p2a: Toxapex|47/100|[from] item: Black Sludge
|upkeep
|turn|29
|
|t:|1655202690
|move|p2a: Toxapex|Baneful Bunker|p2a: Toxapex
|-singleturn|p2a: Toxapex|move: Protect
|move|p1a: Heatran|Magma Storm|p2a: Toxapex
|-activate|p2a: Toxapex|move: Protect
|
|-heal|p2a: Toxapex|53/100|[from] item: Black Sludge
|upkeep
|turn|30
|
|t:|1655202695
|switch|p2a: Ferrothorn|Ferrothorn, M|20/100
|-damage|p2a: Ferrothorn|8/100|[from] Spikes
|move|p1a: Heatran|Magma Storm|p2a: Ferrothorn
|-supereffective|p2a: Ferrothorn
|-crit|p2a: Ferrothorn
|-damage|p2a: Ferrothorn|0 fnt
|faint|p2a: Ferrothorn
|
|upkeep
|
|t:|1655202700
|switch|p2a: Garchomp|Garchomp, M|38/100
|-damage|p2a: Garchomp|25/100|[from] Spikes
|turn|31
|
|t:|1655202702
|switch|p1a: Clefable|Clefable, F|68/100
|move|p2a: Garchomp|Earthquake|p1a: Clefable
|-damage|p1a: Clefable|5/100
|
|-heal|p1a: Clefable|11/100|[from] item: Leftovers
|upkeep
|turn|32
|
|t:|1655202706
|move|p2a: Garchomp|Earthquake|p1a: Clefable
|-damage|p1a: Clefable|0 fnt
|faint|p1a: Clefable
|
|upkeep
|
|t:|1655202707
|switch|p1a: Ferrothorn|Ferrothorn, F|72/100 brn
|turn|33
|
|t:|1655202712
|switch|p2a: Rotom|Rotom-Wash|20/100
|move|p1a: Ferrothorn|Leech Seed|p2a: Rotom
|-start|p2a: Rotom|move: Leech Seed
|
|-heal|p1a: Ferrothorn|79/100 brn|[from] item: Leftovers
|-damage|p2a: Rotom|8/100|[from] Leech Seed|[of] p1a: Ferrothorn
|-heal|p1a: Ferrothorn|89/100 brn|[silent]
|-damage|p1a: Ferrothorn|83/100 brn|[from] brn
|upkeep
|turn|34
|
|t:|1655202715
|move|p2a: Rotom|Defog|p1a: Ferrothorn
|-unboost|p1a: Ferrothorn|evasion|1
|-sideend|p2: jeandonis02|Spikes|[from] move: Defog|[of] p2a: Rotom
|move|p1a: Ferrothorn|Spikes|p2a: Rotom
|-sidestart|p2: jeandonis02|Spikes
|
|-heal|p1a: Ferrothorn|89/100 brn|[from] item: Leftovers
|-damage|p2a: Rotom|0 fnt|[from] Leech Seed|[of] p1a: Ferrothorn
|-heal|p1a: Ferrothorn|96/100 brn|[silent]
|faint|p2a: Rotom
|-damage|p1a: Ferrothorn|89/100 brn|[from] brn
|upkeep
|
|t:|1655202719
|switch|p2a: Zeraora|Zeraora|64/100
|-damage|p2a: Zeraora|51/100|[from] Spikes
|turn|35
|
|t:|1655202726
|switch|p1a: Volcarona|Volcarona, F|64/100
|move|p2a: Zeraora|Close Combat|p1a: Volcarona
|-resisted|p1a: Volcarona
|-damage|p1a: Volcarona|37/100
|-unboost|p2a: Zeraora|def|1
|-unboost|p2a: Zeraora|spd|1
|-status|p2a: Zeraora|brn|[from] ability: Flame Body|[of] p1a: Volcarona
|
|-damage|p2a: Zeraora|45/100 brn|[from] brn
|upkeep
|turn|36
|
|t:|1655202736
|switch|p2a: Toxapex|Toxapex, F|87/100
|-damage|p2a: Toxapex|74/100|[from] Spikes
|move|p1a: Volcarona|Quiver Dance|p1a: Volcarona
|-boost|p1a: Volcarona|spa|1
|-boost|p1a: Volcarona|spd|1
|-boost|p1a: Volcarona|spe|1
|
|-heal|p2a: Toxapex|80/100|[from] item: Black Sludge
|upkeep
|turn|37
|
|t:|1655202739
|move|p2a: Toxapex|Baneful Bunker|p2a: Toxapex
|-singleturn|p2a: Toxapex|move: Protect
|move|p1a: Volcarona|Psychic|p2a: Toxapex
|-activate|p2a: Toxapex|move: Protect
|
|-heal|p2a: Toxapex|87/100|[from] item: Black Sludge
|upkeep
|turn|38
|
|t:|1655202742
|move|p1a: Volcarona|Psychic|p2a: Toxapex
|-supereffective|p2a: Toxapex
|-damage|p2a: Toxapex|25/100
|move|p2a: Toxapex|Toxic|p1a: Volcarona
|-status|p1a: Volcarona|tox
|
|-heal|p2a: Toxapex|32/100|[from] item: Black Sludge
|-damage|p1a: Volcarona|31/100 tox|[from] psn
|upkeep
|turn|39
|
|t:|1655202747
|move|p2a: Toxapex|Baneful Bunker|p2a: Toxapex
|-singleturn|p2a: Toxapex|move: Protect
|move|p1a: Volcarona|Quiver Dance|p1a: Volcarona
|-boost|p1a: Volcarona|spa|1
|-boost|p1a: Volcarona|spd|1
|-boost|p1a: Volcarona|spe|1
|
|-heal|p2a: Toxapex|38/100|[from] item: Black Sludge
|-damage|p1a: Volcarona|19/100 tox|[from] psn
|upkeep
|turn|40
|
|t:|1655202750
|switch|p2a: Zeraora|Zeraora|45/100 brn
|-damage|p2a: Zeraora|33/100 brn|[from] Spikes
|move|p1a: Volcarona|Psychic|p2a: Zeraora
|-damage|p2a: Zeraora|0 fnt
|faint|p2a: Zeraora
|
|-damage|p1a: Volcarona|0 fnt|[from] psn
|faint|p1a: Volcarona
|upkeep
|
|t:|1655202757
|switch|p2a: Garchomp|Garchomp, M|25/100
|switch|p1a: Heatran|Heatran, F|100/100
|-damage|p2a: Garchomp|13/100|[from] Spikes
|turn|41
|
|t:|1655202760
|move|p2a: Garchomp|Earthquake|p1a: Heatran
|-supereffective|p1a: Heatran
|-damage|p1a: Heatran|0 fnt
|faint|p1a: Heatran
|
|upkeep
|
|t:|1655202762
|switch|p1a: Ferrothorn|Ferrothorn, F|89/100 brn
|turn|42
|
|t:|1655202777
|move|p2a: Garchomp|Earthquake|p1a: Ferrothorn
|-damage|p1a: Ferrothorn|41/100 brn
|move|p1a: Ferrothorn|Leech Seed|p2a: Garchomp
|-start|p2a: Garchomp|move: Leech Seed
|
|-heal|p1a: Ferrothorn|47/100 brn|[from] item: Leftovers
|-damage|p2a: Garchomp|1/100|[from] Leech Seed|[of] p1a: Ferrothorn
|-heal|p1a: Ferrothorn|59/100 brn|[silent]
|-damage|p1a: Ferrothorn|53/100 brn|[from] brn
|upkeep
|turn|43
|
|t:|1655202786
|move|p2a: Garchomp|Earthquake|p1a: Ferrothorn
|-damage|p1a: Ferrothorn|7/100 brn
|move|p1a: Ferrothorn|Spikes|p2a: Garchomp
|-sidestart|p2: jeandonis02|Spikes
|
|-heal|p1a: Ferrothorn|13/100 brn|[from] item: Leftovers
|-damage|p2a: Garchomp|0 fnt|[from] Leech Seed|[of] p1a: Ferrothorn
|-heal|p1a: Ferrothorn|13/100 brn|[silent]
|faint|p2a: Garchomp
|-damage|p1a: Ferrothorn|7/100 brn|[from] brn
|upkeep
|
|t:|1655202797
|switch|p2a: Toxapex|Toxapex, F|71/100
|-damage|p2a: Toxapex|55/100|[from] Spikes
|turn|44
|
|t:|1655202799
|move|p2a: Toxapex|Baneful Bunker|p2a: Toxapex
|-singleturn|p2a: Toxapex|move: Protect
|move|p1a: Ferrothorn|Leech Seed|p2a: Toxapex
|-activate|p2a: Toxapex|move: Protect
|
|-heal|p2a: Toxapex|61/100|[from] item: Black Sludge
|-heal|p1a: Ferrothorn|13/100 brn|[from] item: Leftovers
|-damage|p1a: Ferrothorn|7/100 brn|[from] brn
|upkeep
|turn|45
|
|t:|1655202804
|move|p2a: Toxapex|Scald|p1a: Ferrothorn
|-resisted|p1a: Ferrothorn
|-damage|p1a: Ferrothorn|0 fnt
|faint|p1a: Ferrothorn
|
|win|jeandonis02
|raw|JooshP's rating: 1681 &rarr; <strong>1657</strong><br />(-24 for losing)
|raw|jeandonis02's rating: 1618 &rarr; <strong>1642</strong><br />(+24 for winning)
|l|☆JooshP
||Ladder isn't responding, score probably updated but might not have (Request timeout).
