|raw|<div class="broadcast-blue"><strong>This battle is required to be public due to a player having a name starting with 'lt81yl'.</div>
|j|☆Shootingwolf
|j|☆LT81YL Abd@!
|t:|1625125241
|gametype|singles
|player|p1|Shootingwolf|riley|1650
|player|p2|LT81YL Abd|giovanni|1654
|teamsize|p1|6
|teamsize|p2|6
|gen|8
|tier|[Gen 8] OU
|rated|
|rule|Sleep Clause Mod: Limit one foe put to sleep
|rule|Species Clause: Limit one of each Pokémon
|rule|OHKO Clause: OHKO moves are banned
|rule|Evasion Moves Clause: Evasion moves are banned
|rule|Endless Battle Clause: Forcing endless battles is banned
|rule|HP Percentage Mod: HP is shown in percentages
|rule|Dynamax Clause: You cannot dynamax
|clearpoke
|poke|p1|Landorus-Therian, M|
|poke|p1|Weavile, M|
|poke|p1|Slowking-Galar, F|
|poke|p1|Corviknight, F|
|poke|p1|Volcanion|
|poke|p1|Garchomp, M|
|poke|p2|Kyurem|
|poke|p2|Zeraora|
|poke|p2|Buzzwole|
|poke|p2|Aegislash, F|
|poke|p2|Tapu Fini|
|poke|p2|Landorus-Therian, M|
|teampreview
|inactive|Battle timer is ON: inactive players will automatically lose when time's up. (requested by LT81YL Abd)
|inactive|LT81YL Abd has 120 seconds left.
|
|t:|1625125301
|start
|switch|p1a: Weavile|Weavile, M, shiny|100/100
|switch|p2a: Kyurem|Kyurem|100/100
|-ability|p1a: Weavile|Pressure
|-ability|p2a: Kyurem|Pressure
|turn|1
|
|t:|1625125318
|switch|p1a: Slowking|Slowking-Galar, F, shiny|100/100
|switch|p2a: Buzzwole|Buzzwole|100/100
|
|upkeep
|turn|2
|
|t:|1625125327
|switch|p2a: Landorus|Landorus-Therian, M|100/100
|-ability|p2a: Landorus|Intimidate|boost
|-unboost|p1a: Slowking|atk|1
|move|p1a: Slowking|Sludge Bomb|p2a: Landorus
|-resisted|p2a: Landorus
|-damage|p2a: Landorus|86/100
|
|-heal|p2a: Landorus|92/100|[from] item: Leftovers
|upkeep
|turn|3
|
|t:|1625125334
|move|p2a: Landorus|U-turn|p1a: Slowking
|-damage|p1a: Slowking|79/100
|
|t:|1625125344
|switch|p2a: Tapu Fini|Tapu Fini|100/100|[from]move: U-turn
|-fieldstart|move: Misty Terrain|[from] ability: Misty Surge|[of] p2a: Tapu Fini
|move|p1a: Slowking|Future Sight|p2a: Tapu Fini
|-start|p1a: Slowking|move: Future Sight
|
|upkeep
|turn|4
|
|t:|1625125354
|switch|p2a: Landorus|Landorus-Therian, M|92/100
|-ability|p2a: Landorus|Intimidate|boost
|-unboost|p1a: Slowking|atk|1
|move|p1a: Slowking|Sludge Bomb|p2a: Landorus
|-resisted|p2a: Landorus
|-damage|p2a: Landorus|78/100
|
|-heal|p2a: Landorus|84/100|[from] item: Leftovers
|upkeep
|turn|5
|
|t:|1625125372
|switch|p1a: Corviknight|Corviknight, F, shiny|100/100
|move|p2a: Landorus|U-turn|p1a: Corviknight
|-resisted|p1a: Corviknight
|-damage|p1a: Corviknight|97/100
|-damage|p2a: Landorus|68/100|[from] item: Rocky Helmet|[of] p1a: Corviknight
|
|t:|1625125377
|switch|p2a: Tapu Fini|Tapu Fini|100/100|[from]move: U-turn
|
|-end|p2a: Tapu Fini|move: Future Sight
|-damage|p2a: Tapu Fini|74/100
|-heal|p2a: Tapu Fini|80/100|[from] item: Leftovers
|upkeep
|turn|6
|
|t:|1625125389
|move|p2a: Tapu Fini|Knock Off|p1a: Corviknight
|-damage|p1a: Corviknight|88/100
|-damage|p2a: Tapu Fini|64/100|[from] item: Rocky Helmet|[of] p1a: Corviknight
|-enditem|p1a: Corviknight|Rocky Helmet|[from] move: Knock Off|[of] p2a: Tapu Fini
|move|p1a: Corviknight|U-turn|p2a: Tapu Fini
|-resisted|p2a: Tapu Fini
|-damage|p2a: Tapu Fini|58/100
|
|t:|1625125394
|switch|p1a: Slowking|Slowking-Galar, F, shiny|100/100|[from]move: U-turn
|
|-heal|p2a: Tapu Fini|64/100|[from] item: Leftovers
|upkeep
|turn|7
|
|t:|1625125399
|switch|p2a: Aegislash|Aegislash, F|100/100
|move|p1a: Slowking|Future Sight|p2a: Aegislash
|-start|p1a: Slowking|move: Future Sight
|
|-fieldend|Misty Terrain
|upkeep
|turn|8
|
|t:|1625125411
|switch|p2a: Tapu Fini|Tapu Fini|64/100
|-fieldstart|move: Misty Terrain|[from] ability: Misty Surge|[of] p2a: Tapu Fini
|move|p1a: Slowking|Flamethrower|p2a: Tapu Fini
|-resisted|p2a: Tapu Fini
|-damage|p2a: Tapu Fini|57/100
|
|-heal|p2a: Tapu Fini|63/100|[from] item: Leftovers
|upkeep
|turn|9
|
|t:|1625125426
|move|p2a: Tapu Fini|Knock Off|p1a: Slowking
|-supereffective|p1a: Slowking
|-damage|p1a: Slowking|68/100
|-enditem|p1a: Slowking|Assault Vest|[from] move: Knock Off|[of] p2a: Tapu Fini
|move|p1a: Slowking|Flamethrower|p2a: Tapu Fini
|-resisted|p2a: Tapu Fini
|-damage|p2a: Tapu Fini|56/100
|
|-end|p2a: Tapu Fini|move: Future Sight
|-damage|p2a: Tapu Fini|27/100
|-heal|p2a: Tapu Fini|33/100|[from] item: Leftovers
|upkeep
|turn|10
|
|t:|1625125434
|switch|p2a: Aegislash|Aegislash, F|100/100
|move|p1a: Slowking|Flamethrower|p2a: Aegislash
|-supereffective|p2a: Aegislash
|-damage|p2a: Aegislash|54/100
|
|upkeep
|turn|11
|
|t:|1625125463
|switch|p1a: Corviknight|Corviknight, F, shiny|88/100
|-formechange|p2a: Aegislash|Aegislash-Blade||[from] ability: Stance Change
|move|p2a: Aegislash|Shadow Ball|p1a: Corviknight
|-damage|p1a: Corviknight|24/100
|
|upkeep
|turn|12
|
|t:|1625125474
|move|p2a: Aegislash|Shadow Ball|p1a: Corviknight
|-damage|p1a: Corviknight|0 fnt
|faint|p1a: Corviknight
|
|-fieldend|Misty Terrain
|upkeep
|
|t:|1625125483
|switch|p1a: Volcanion|Volcanion|100/100
|turn|13
|
|t:|1625125489
|switch|p2a: Tapu Fini|Tapu Fini|33/100
|-fieldstart|move: Misty Terrain|[from] ability: Misty Surge|[of] p2a: Tapu Fini
|move|p1a: Volcanion|Steam Eruption|p2a: Tapu Fini
|-resisted|p2a: Tapu Fini
|-damage|p2a: Tapu Fini|14/100
|
|-heal|p2a: Tapu Fini|20/100|[from] item: Leftovers
|upkeep
|turn|14
|
|t:|1625125502
|move|p1a: Volcanion|Earth Power|p2a: Tapu Fini
|-damage|p2a: Tapu Fini|1/100
|move|p2a: Tapu Fini|Knock Off|p1a: Volcanion
|-damage|p1a: Volcanion|83/100
|-enditem|p1a: Volcanion|Heavy-Duty Boots|[from] move: Knock Off|[of] p2a: Tapu Fini
|
|-heal|p2a: Tapu Fini|7/100|[from] item: Leftovers
|upkeep
|turn|15
|
|t:|1625125521
|move|p1a: Volcanion|Earth Power|p2a: Tapu Fini
|-damage|p2a: Tapu Fini|0 fnt
|faint|p2a: Tapu Fini
|
|upkeep
|inactive|LT81YL Abd has 120 seconds left.
|inactive|LT81YL Abd has 90 seconds left.
|
|t:|1625125606
|switch|p2a: Kyurem|Kyurem|100/100
|-ability|p2a: Kyurem|Pressure
|turn|16
|
|t:|1625125623
|switch|p1a: Slowking|Slowking-Galar, F, shiny|100/100
|move|p2a: Kyurem|Draco Meteor|p1a: Slowking
|-damage|p1a: Slowking|70/100
|-unboost|p2a: Kyurem|spa|2
|
|upkeep
|turn|17
|
|t:|1625125631
|switch|p2a: Landorus|Landorus-Therian, M|68/100
|-ability|p2a: Landorus|Intimidate|boost
|-unboost|p1a: Slowking|atk|1
|switch|p1a: Volcanion|Volcanion|83/100
|
|-heal|p2a: Landorus|74/100|[from] item: Leftovers
|-fieldend|Misty Terrain
|upkeep
|turn|18
|j| AGCL6 Swas
|j| Krishna♫ 07
|inactive|LT81YL Abd has 60 seconds left.
|
|t:|1625125652
|move|p1a: Volcanion|Steam Eruption|p2a: Landorus
|-supereffective|p2a: Landorus
|-damage|p2a: Landorus|0 fnt
|faint|p2a: Landorus
|
|upkeep
|inactive|LT81YL Abd has 60 seconds left.
|
|t:|1625125657
|switch|p2a: Kyurem|Kyurem|100/100
|-ability|p2a: Kyurem|Pressure
|turn|19
|inactive|LT81YL Abd has 60 seconds left.
|
|t:|1625125678
|move|p2a: Kyurem|Earth Power|p1a: Volcanion
|-supereffective|p1a: Volcanion
|-damage|p1a: Volcanion|0 fnt
|faint|p1a: Volcanion
|
|upkeep
|
|t:|1625125685
|switch|p1a: Garchomp|Garchomp, M|100/100
|turn|20
|
|t:|1625125689
|switch|p2a: Buzzwole|Buzzwole|100/100
|move|p1a: Garchomp|Swords Dance|p1a: Garchomp
|-boost|p1a: Garchomp|atk|2
|
|upkeep
|turn|21
|
|t:|1625125696
|move|p1a: Garchomp|Fire Fang|p2a: Buzzwole
|-supereffective|p2a: Buzzwole
|-damage|p2a: Buzzwole|47/100
|-damage|p1a: Garchomp|84/100|[from] item: Rocky Helmet|[of] p2a: Buzzwole
|-damage|p1a: Garchomp|74/100|[from] item: Life Orb
|move|p2a: Buzzwole|Ice Punch|p1a: Garchomp
|-supereffective|p1a: Garchomp
|-damage|p1a: Garchomp|0 fnt
|-damage|p2a: Buzzwole|34/100|[from] ability: Rough Skin|[of] p1a: Garchomp
|faint|p1a: Garchomp
|-ability|p2a: Buzzwole|Beast Boost|boost
|-boost|p2a: Buzzwole|def|1
|
|upkeep
|
|t:|1625125706
|switch|p1a: Slowking|Slowking-Galar, F, shiny|100/100
|turn|22
|inactive|LT81YL Abd has 60 seconds left.
|
|t:|1625125740
|switch|p2a: Zeraora|Zeraora|100/100
|move|p1a: Slowking|Flamethrower|p2a: Zeraora
|-damage|p2a: Zeraora|70/100
|
|upkeep
|turn|23
|
|t:|1625125748
|switch|p1a: Landorus|Landorus-Therian, M|100/100
|-ability|p1a: Landorus|Intimidate|boost
|-unboost|p2a: Zeraora|atk|1
|move|p2a: Zeraora|Knock Off|p1a: Landorus
|-damage|p1a: Landorus|80/100
|-enditem|p1a: Landorus|Soft Sand|[from] move: Knock Off|[of] p2a: Zeraora
|
|upkeep
|turn|24
|
|t:|1625125756
|switch|p2a: Buzzwole|Buzzwole|34/100
|move|p1a: Landorus|Swords Dance|p1a: Landorus
|-boost|p1a: Landorus|atk|2
|
|upkeep
|turn|25
|
|t:|1625125769
|move|p1a: Landorus|Earthquake|p2a: Buzzwole
|-resisted|p2a: Buzzwole
|-damage|p2a: Buzzwole|1/100
|move|p2a: Buzzwole|Roost|p2a: Buzzwole
|-heal|p2a: Buzzwole|51/100
|-singleturn|p2a: Buzzwole|move: Roost
|
|upkeep
|turn|26
|
|t:|1625125776
|switch|p1a: Slowking|Slowking-Galar, F, shiny|100/100
|move|p2a: Buzzwole|Roost|p2a: Buzzwole
|-heal|p2a: Buzzwole|100/100
|-singleturn|p2a: Buzzwole|move: Roost
|
|upkeep
|turn|27
|inactive|LT81YL Abd has 60 seconds left.
|
|t:|1625125813
|switch|p2a: Aegislash|Aegislash, F|54/100
|move|p1a: Slowking|Future Sight|p2a: Aegislash
|-start|p1a: Slowking|move: Future Sight
|
|upkeep
|turn|28
|inactive|LT81YL Abd has 60 seconds left.
|
|t:|1625125824
|-formechange|p2a: Aegislash|Aegislash-Blade||[from] ability: Stance Change
|move|p2a: Aegislash|Close Combat|p1a: Slowking
|-resisted|p1a: Slowking
|-damage|p1a: Slowking|91/100
|-unboost|p2a: Aegislash|def|1
|-unboost|p2a: Aegislash|spd|1
|move|p1a: Slowking|Flamethrower|p2a: Aegislash
|-supereffective|p2a: Aegislash
|-damage|p2a: Aegislash|0 fnt
|faint|p2a: Aegislash
|
|upkeep
|l| AGCL6 Swas
|
|t:|1625125842
|switch|p2a: Kyurem|Kyurem|100/100
|-ability|p2a: Kyurem|Pressure
|turn|29
|
|t:|1625125863
|move|p2a: Kyurem|Earth Power|p1a: Slowking
|-supereffective|p1a: Slowking
|-damage|p1a: Slowking|39/100
|move|p1a: Slowking|Sludge Bomb|p2a: Kyurem
|-damage|p2a: Kyurem|71/100
|
|-end|p2a: Kyurem|move: Future Sight
|-damage|p2a: Kyurem|31/100
|upkeep
|turn|30
|inactive|Shootingwolf has 120 seconds left.
|
|t:|1625125897
|move|p2a: Kyurem|Earth Power|p1a: Slowking
|-supereffective|p1a: Slowking
|-damage|p1a: Slowking|0 fnt
|faint|p1a: Slowking
|
|upkeep
|inactive|Shootingwolf has 120 seconds left.
|-message|Shootingwolf forfeited.
|
|win|LT81YL Abd
|raw|Shootingwolf's rating: 1628 &rarr; <strong>1609</strong><br />(-19 for losing)
|raw|LT81YL Abd's rating: 1654 &rarr; <strong>1673</strong><br />(+19 for winning)
|l|☆Shootingwolf
