|html|<div class="broadcast-blue"><strong>[Gen 8] OU is currently suspecting Melmetal! For information on how to participate check out the <a href="https://www.smogon.com/forums/threads/np-ss-ou-suspect-process-round-12-monster-mash.3709234/">suspect thread</a>.</strong></div>
|j|☆Rex Rei
|j|☆roboPOKE
|t:|1666471109
|gametype|singles
|player|p1|Rex Rei|veteran|1710
|player|p2|roboPOKE|169|1786
|teamsize|p1|6
|teamsize|p2|6
|gen|8
|tier|[Gen 8] OU
|rated|
|rule|Sleep Clause Mod: Limit one foe put to sleep
|rule|Species Clause: Limit one of each Pokémon
|rule|OHKO Clause: OHKO moves are banned
|rule|Evasion Items Clause: Evasion items are banned
|rule|Evasion Moves Clause: Evasion moves are banned
|rule|Endless Battle Clause: Forcing endless battles is banned
|rule|HP Percentage Mod: HP is shown in percentages
|rule|Dynamax Clause: You cannot dynamax
|clearpoke
|poke|p1|Torkoal, F|
|poke|p1|Venusaur, F|
|poke|p1|Charizard, F|
|poke|p1|Corviknight, F|
|poke|p1|Entei|
|poke|p1|Garchomp, F|
|poke|p2|Arctozolt|
|poke|p2|Dragonite, F|
|poke|p2|Ninetales-Alola, F|
|poke|p2|Heatran, M|
|poke|p2|Rillaboom, M|
|poke|p2|Blaziken, F|
|teampreview
|
|t:|1666471117
|start
|switch|p1a: Garchomp|Garchomp, F|100/100
|switch|p2a: Heatran|Heatran, M|100/100
|-item|p2a: Heatran|Air Balloon
|turn|1
|j| Slick Slomopavitz
|j| Jongruenwald
|
|t:|1666471122
|switch|p2a: Ninetales|Ninetales-Alola, F|100/100
|-weather|Hail|[from] ability: Snow Warning|[of] p2a: Ninetales
|move|p1a: Garchomp|Scale Shot|p2a: Ninetales
|-immune|p2a: Ninetales
|
|-weather|Hail|[upkeep]
|-damage|p1a: Garchomp|94/100|[from] Hail
|upkeep
|turn|2
|
|t:|1666471125
|switch|p2a: Heatran|Heatran, M|100/100
|-item|p2a: Heatran|Air Balloon
|switch|p1a: Charizard|Charizard, F|100/100
|
|-weather|Hail|[upkeep]
|-damage|p1a: Charizard|94/100|[from] Hail
|-damage|p2a: Heatran|94/100|[from] Hail
|upkeep
|turn|3
|
|t:|1666471129
|switch|p2a: Dragonite|Dragonite, F|100/100
|move|p1a: Charizard|Focus Blast|p2a: Dragonite
|-resisted|p2a: Dragonite
|-crit|p2a: Dragonite
|-damage|p2a: Dragonite|80/100
|
|-weather|Hail|[upkeep]
|-damage|p1a: Charizard|88/100|[from] Hail
|-damage|p2a: Dragonite|74/100|[from] Hail
|upkeep
|turn|4
|
|t:|1666471133
|switch|p1a: Corviknight|Corviknight, F|100/100
|-ability|p1a: Corviknight|Pressure
|move|p2a: Dragonite|Fire Punch|p1a: Corviknight
|-supereffective|p1a: Corviknight
|-damage|p1a: Corviknight|51/100
|
|-weather|Hail|[upkeep]
|-damage|p2a: Dragonite|68/100|[from] Hail
|-damage|p1a: Corviknight|45/100|[from] Hail
|-heal|p1a: Corviknight|51/100|[from] item: Leftovers
|upkeep
|turn|5
|
|t:|1666471135
|move|p2a: Dragonite|Fire Punch|p1a: Corviknight
|-supereffective|p1a: Corviknight
|-damage|p1a: Corviknight|0 fnt
|faint|p1a: Corviknight
|
|-weather|Hail|[upkeep]
|-damage|p2a: Dragonite|62/100|[from] Hail
|upkeep
|
|t:|1666471138
|switch|p1a: Charizard|Charizard, F|88/100
|turn|6
|
|t:|1666471140
|move|p1a: Charizard|Weather Ball|p2a: Dragonite
|-supereffective|p2a: Dragonite
|-damage|p2a: Dragonite|0 fnt
|faint|p2a: Dragonite
|
|-weather|Hail|[upkeep]
|-damage|p1a: Charizard|82/100|[from] Hail
|upkeep
|
|t:|1666471143
|switch|p2a: Heatran|Heatran, M|94/100
|-item|p2a: Heatran|Air Balloon
|turn|7
|l| Slick Slomopavitz
|
|t:|1666471146
|move|p1a: Charizard|Weather Ball|p2a: Heatran
|-resisted|p2a: Heatran
|-damage|p2a: Heatran|83/100
|-enditem|p2a: Heatran|Air Balloon
|move|p2a: Heatran|Magma Storm|p1a: Charizard
|-resisted|p1a: Charizard
|-damage|p1a: Charizard|47/100
|-activate|p1a: Charizard|move: Magma Storm|[of] p2a: Heatran
|
|-weather|Hail|[upkeep]
|-damage|p1a: Charizard|41/100|[from] Hail
|-damage|p2a: Heatran|77/100|[from] Hail
|-damage|p1a: Charizard|28/100|[from] move: Magma Storm|[partiallytrapped]
|upkeep
|turn|8
|
|t:|1666471149
|move|p1a: Charizard|Weather Ball|p2a: Heatran
|-resisted|p2a: Heatran
|-damage|p2a: Heatran|66/100
|move|p2a: Heatran|Stealth Rock|p1a: Charizard
|-sidestart|p1: Rex Rei|move: Stealth Rock
|
|-weather|none
|-damage|p1a: Charizard|16/100|[from] move: Magma Storm|[partiallytrapped]
|upkeep
|turn|9
|
|t:|1666471152
|move|p1a: Charizard|Weather Ball|p2a: Heatran
|-resisted|p2a: Heatran
|-damage|p2a: Heatran|54/100
|move|p2a: Heatran|Taunt|p1a: Charizard
|-start|p1a: Charizard|move: Taunt
|
|-damage|p1a: Charizard|4/100|[from] move: Magma Storm|[partiallytrapped]
|upkeep
|turn|10
|
|t:|1666471155
|move|p1a: Charizard|Weather Ball|p2a: Heatran
|-resisted|p2a: Heatran
|-damage|p2a: Heatran|42/100
|move|p2a: Heatran|Taunt||[still]
|-fail|p2a: Heatran
|
|-damage|p1a: Charizard|0 fnt|[from] move: Magma Storm|[partiallytrapped]
|faint|p1a: Charizard
|upkeep
|j| t-yeu
|j| Slick Slomopavitz
|
|t:|1666471157
|switch|p1a: Garchomp|Garchomp, F|94/100
|-damage|p1a: Garchomp|88/100|[from] Stealth Rock
|turn|11
|
|t:|1666471161
|switch|p2a: Ninetales|Ninetales-Alola, F|100/100
|-weather|Hail|[from] ability: Snow Warning|[of] p2a: Ninetales
|move|p1a: Garchomp|Earthquake|p2a: Ninetales
|-crit|p2a: Ninetales
|-damage|p2a: Ninetales|0 fnt
|faint|p2a: Ninetales
|-damage|p1a: Garchomp|78/100|[from] item: Life Orb
|
|-weather|Hail|[upkeep]
|-damage|p1a: Garchomp|72/100|[from] Hail
|upkeep
|l| Slick Slomopavitz
|
|t:|1666471165
|switch|p2a: Arctozolt|Arctozolt|100/100
|turn|12
|
|t:|1666471168
|switch|p2a: Heatran|Heatran, M|42/100
|switch|p1a: Torkoal|Torkoal, F|100/100
|-damage|p1a: Torkoal|76/100|[from] Stealth Rock
|-weather|SunnyDay|[from] ability: Drought|[of] p1a: Torkoal
|
|-weather|SunnyDay|[upkeep]
|upkeep
|turn|13
|
|t:|1666471173
|move|p2a: Heatran|Earth Power|p1a: Torkoal
|-supereffective|p1a: Torkoal
|-damage|p1a: Torkoal|0 fnt
|faint|p1a: Torkoal
|
|-weather|SunnyDay|[upkeep]
|upkeep
|
|t:|1666471175
|switch|p1a: Venusaur|Venusaur, F|100/100
|-damage|p1a: Venusaur|88/100|[from] Stealth Rock
|turn|14
|inactive|Battle timer is ON: inactive players will automatically lose when time's up. (requested by Rex Rei)
|
|t:|1666471190
|switch|p2a: Arctozolt|Arctozolt|100/100
|move|p1a: Venusaur|Earth Power|p2a: Arctozolt
|-supereffective|p2a: Arctozolt
|-damage|p2a: Arctozolt|0 fnt
|faint|p2a: Arctozolt
|-damage|p1a: Venusaur|78/100|[from] item: Life Orb
|
|-weather|SunnyDay|[upkeep]
|upkeep
|
|t:|1666471199
|switch|p2a: Blaziken|Blaziken, F|100/100
|turn|15
|inactive|roboPOKE has 120 seconds left.
|j| Yati426
|inactive|roboPOKE has 90 seconds left.
|
|t:|1666471271
|move|p1a: Venusaur|Earth Power|p2a: Blaziken
|-supereffective|p2a: Blaziken
|-damage|p2a: Blaziken|6/100
|-damage|p1a: Venusaur|68/100|[from] item: Life Orb
|move|p2a: Blaziken|Flare Blitz|p1a: Venusaur
|-supereffective|p1a: Venusaur
|-damage|p1a: Venusaur|0 fnt
|faint|p1a: Venusaur
|-damage|p2a: Blaziken|0 fnt|[from] Recoil
|faint|p2a: Blaziken
|
|-weather|SunnyDay|[upkeep]
|upkeep
|
|t:|1666471277
|switch|p2a: Heatran|Heatran, M|42/100
|switch|p1a: Garchomp|Garchomp, F|72/100
|-damage|p1a: Garchomp|66/100|[from] Stealth Rock
|turn|16
|
|t:|1666471281
|switch|p2a: Rillaboom|Rillaboom, M|100/100
|-fieldstart|move: Grassy Terrain|[from] ability: Grassy Surge|[of] p2a: Rillaboom
|move|p1a: Garchomp|Earthquake|p2a: Rillaboom
|-resisted|p2a: Rillaboom
|-damage|p2a: Rillaboom|85/100
|-damage|p1a: Garchomp|56/100|[from] item: Life Orb
|
|-weather|SunnyDay|[upkeep]
|-heal|p1a: Garchomp|62/100|[from] Grassy Terrain
|-heal|p2a: Rillaboom|91/100|[from] Grassy Terrain
|upkeep
|turn|17
|
|t:|1666471282
|move|p2a: Rillaboom|Grassy Glide|p1a: Garchomp
|-damage|p1a: Garchomp|0 fnt
|-damage|p2a: Rillaboom|78/100|[from] ability: Rough Skin|[of] p1a: Garchomp
|faint|p1a: Garchomp
|
|-weather|SunnyDay|[upkeep]
|-heal|p2a: Rillaboom|85/100|[from] Grassy Terrain
|upkeep
|
|t:|1666471286
|switch|p1a: Entei|Entei|100/100
|-damage|p1a: Entei|76/100|[from] Stealth Rock
|turn|18
|
|t:|1666471290
|move|p2a: Rillaboom|Grassy Glide|p1a: Entei
|-resisted|p1a: Entei
|-damage|p1a: Entei|37/100
|move|p1a: Entei|Stone Edge|p2a: Rillaboom
|-damage|p2a: Rillaboom|42/100
|
|-weather|SunnyDay|[upkeep]
|-heal|p1a: Entei|44/100|[from] Grassy Terrain
|-heal|p2a: Rillaboom|49/100|[from] Grassy Terrain
|upkeep
|turn|19
|
|t:|1666471295
|move|p2a: Rillaboom|Grassy Glide|p1a: Entei
|-resisted|p1a: Entei
|-crit|p1a: Entei
|-damage|p1a: Entei|0 fnt
|faint|p1a: Entei
|
|win|roboPOKE
|raw|Rex Rei's rating: 1710 &rarr; <strong>1694</strong><br />(-16 for losing)
|raw|roboPOKE's rating: 1786 &rarr; <strong>1802</strong><br />(+16 for winning)
|l|☆Rex Rei
