|html|<div class="broadcast-blue"><strong>[Gen 8] OU is currently suspecting Melmetal! For information on how to participate check out the <a href="https://www.smogon.com/forums/threads/np-ss-ou-suspect-process-round-12-monster-mash.3709234/">suspect thread</a>.</strong></div>
|j|☆FreeDeshaun
|j|☆HQSTest
|t:|1666186200
|gametype|singles
|player|p1|FreeDeshaun|265|1780
|player|p2|HQSTest|veteranf|1716
|teamsize|p1|6
|teamsize|p2|6
|gen|8
|tier|[Gen 8] OU
|rated|
|rule|Sleep Clause Mod: Limit one foe put to sleep
|rule|Species Clause: Limit one of each Pokémon
|rule|OHKO Clause: OHKO moves are banned
|rule|Evasion Items Clause: Evasion items are banned
|rule|Evasion Moves Clause: Evasion moves are banned
|rule|Endless Battle Clause: Forcing endless battles is banned
|rule|HP Percentage Mod: HP is shown in percentages
|rule|Dynamax Clause: You cannot dynamax
|clearpoke
|poke|p1|Kartana|
|poke|p1|Volcarona, M|
|poke|p1|Polteageist|
|poke|p1|Excadrill, F|
|poke|p1|Tapu Fini|
|poke|p1|Moltres-Galar|
|poke|p2|Heatran, M|
|poke|p2|Mew|
|poke|p2|Blaziken, F|
|poke|p2|Rillaboom, F|
|poke|p2|Weavile, F|
|poke|p2|Dragonite, M|
|teampreview
|
|t:|1666186206
|start
|switch|p1a: Tapu Fini|Tapu Fini|100/100
|switch|p2a: Heatran|Heatran, M|100/100
|-fieldstart|move: Misty Terrain|[from] ability: Misty Surge|[of] p1a: Tapu Fini
|turn|1
|inactive|Battle timer is ON: inactive players will automatically lose when time's up. (requested by HQSTest)
|
|t:|1666186212
|move|p2a: Heatran|Taunt|p1a: Tapu Fini
|-start|p1a: Tapu Fini|move: Taunt
|move|p1a: Tapu Fini|Scald|p2a: Heatran
|-supereffective|p2a: Heatran
|-damage|p2a: Heatran|50/100
|
|upkeep
|turn|2
|j| Theonepi3ceisreal
|
|t:|1666186218
|move|p2a: Heatran|Stealth Rock|p1a: Tapu Fini
|-sidestart|p1: FreeDeshaun|move: Stealth Rock
|move|p1a: Tapu Fini|Scald|p2a: Heatran
|-supereffective|p2a: Heatran
|-damage|p2a: Heatran|0 fnt
|faint|p2a: Heatran
|
|upkeep
|
|t:|1666186225
|switch|p2a: Rillaboom|Rillaboom, F|100/100
|-fieldstart|move: Grassy Terrain|[from] ability: Grassy Surge|[of] p2a: Rillaboom
|turn|3
|
|t:|1666186228
|switch|p1a: Kartana|Kartana|100/100
|-damage|p1a: Kartana|94/100|[from] Stealth Rock
|move|p2a: Rillaboom|Swords Dance|p2a: Rillaboom
|-boost|p2a: Rillaboom|atk|2
|
|-heal|p1a: Kartana|100/100|[from] Grassy Terrain
|upkeep
|turn|4
|
|t:|1666186234
|move|p1a: Kartana|Swords Dance|p1a: Kartana
|-boost|p1a: Kartana|atk|2
|move|p2a: Rillaboom|Drain Punch|p1a: Kartana
|-supereffective|p1a: Kartana
|-crit|p1a: Kartana
|-enditem|p1a: Kartana|Chople Berry|[eat]
|-enditem|p1a: Kartana|Chople Berry|[weaken]
|-damage|p1a: Kartana|0 fnt
|faint|p1a: Kartana
|-damage|p2a: Rillaboom|91/100|[from] item: Life Orb
|
|-heal|p2a: Rillaboom|97/100|[from] Grassy Terrain
|upkeep
|
|t:|1666186250
|switch|p1a: Moltres|Moltres-Galar, shiny|100/100
|-damage|p1a: Moltres|76/100|[from] Stealth Rock
|turn|5
|
|t:|1666186254
|move|p2a: Rillaboom|Drain Punch|p1a: Moltres
|-damage|p1a: Moltres|0 fnt
|-heal|p2a: Rillaboom|100/100|[from] drain|[of] p1a: Moltres
|faint|p1a: Moltres
|-damage|p2a: Rillaboom|91/100|[from] item: Life Orb
|
|-heal|p2a: Rillaboom|97/100|[from] Grassy Terrain
|upkeep
|c|☆FreeDeshaun|welp
|c|☆FreeDeshaun|i think that crit got me lol
|c|☆FreeDeshaun|gg
|
|t:|1666186266
|switch|p1a: Volcarona|Volcarona, M|100/100
|turn|6
|
|t:|1666186269
|move|p1a: Volcarona|Flamethrower|p2a: Rillaboom
|-supereffective|p2a: Rillaboom
|-damage|p2a: Rillaboom|0 fnt
|faint|p2a: Rillaboom
|
|upkeep
|
|t:|1666186274
|switch|p2a: Dragonite|Dragonite, M|100/100
|turn|7
|c|☆FreeDeshaun|nvm we lit
|
|t:|1666186277
|switch|p1a: Excadrill|Excadrill, F|100/100
|-damage|p1a: Excadrill|97/100|[from] Stealth Rock
|-ability|p1a: Excadrill|Mold Breaker
|move|p2a: Dragonite|Dragon Dance|p2a: Dragonite
|-boost|p2a: Dragonite|atk|1
|-boost|p2a: Dragonite|spe|1
|
|-heal|p1a: Excadrill|100/100|[from] Grassy Terrain
|-fieldend|move: Grassy Terrain
|upkeep
|turn|8
|
|t:|1666186284
|move|p2a: Dragonite|Earthquake|p1a: Excadrill
|-supereffective|p1a: Excadrill
|-enditem|p1a: Excadrill|Focus Sash
|-damage|p1a: Excadrill|1/100
|move|p1a: Excadrill|Rapid Spin|p2a: Dragonite
|-damage|p2a: Dragonite|80/100
|-boost|p1a: Excadrill|spe|1
|-sideend|p1: FreeDeshaun|Stealth Rock|[from] move: Rapid Spin|[of] p1a: Excadrill
|
|upkeep
|turn|9
|
|t:|1666186292
|move|p2a: Dragonite|Extreme Speed|p1a: Excadrill
|-resisted|p1a: Excadrill
|-damage|p1a: Excadrill|0 fnt
|faint|p1a: Excadrill
|
|upkeep
|
|t:|1666186303
|switch|p1a: Tapu Fini|Tapu Fini|100/100
|-fieldstart|move: Misty Terrain|[from] ability: Misty Surge|[of] p1a: Tapu Fini
|turn|10
|
|t:|1666186318
|move|p2a: Dragonite|Earthquake|p1a: Tapu Fini
|-damage|p1a: Tapu Fini|56/100
|move|p1a: Tapu Fini|Draining Kiss|p2a: Dragonite
|-supereffective|p2a: Dragonite
|-damage|p2a: Dragonite|48/100
|-heal|p1a: Tapu Fini|79/100|[from] drain|[of] p2a: Dragonite
|
|-heal|p1a: Tapu Fini|85/100|[from] item: Leftovers
|upkeep
|turn|11
|
|t:|1666186329
|move|p2a: Dragonite|Earthquake|p1a: Tapu Fini
|-damage|p1a: Tapu Fini|45/100
|move|p1a: Tapu Fini|Calm Mind|p1a: Tapu Fini
|-boost|p1a: Tapu Fini|spa|1
|-boost|p1a: Tapu Fini|spd|1
|
|-heal|p1a: Tapu Fini|52/100|[from] item: Leftovers
|upkeep
|turn|12
|
|t:|1666186336
|move|p2a: Dragonite|Earthquake|p1a: Tapu Fini
|-damage|p1a: Tapu Fini|12/100
|move|p1a: Tapu Fini|Draining Kiss|p2a: Dragonite
|-supereffective|p2a: Dragonite
|-damage|p2a: Dragonite|0 fnt
|-heal|p1a: Tapu Fini|45/100|[from] drain|[of] p2a: Dragonite
|faint|p2a: Dragonite
|
|-heal|p1a: Tapu Fini|51/100|[from] item: Leftovers
|upkeep
|
|t:|1666186342
|switch|p2a: Mew|Mew|100/100
|turn|13
|
|t:|1666186348
|move|p2a: Mew|Dragon Dance|p2a: Mew
|-boost|p2a: Mew|atk|1
|-boost|p2a: Mew|spe|1
|move|p1a: Tapu Fini|Scald|p2a: Mew
|-damage|p2a: Mew|62/100
|
|-heal|p1a: Tapu Fini|57/100|[from] item: Leftovers
|upkeep
|turn|14
|
|t:|1666186360
|move|p2a: Mew|Power Whip|p1a: Tapu Fini|[miss]
|-miss|p2a: Mew|p1a: Tapu Fini
|move|p1a: Tapu Fini|Draining Kiss|p2a: Mew
|-damage|p2a: Mew|37/100
|-heal|p1a: Tapu Fini|76/100|[from] drain|[of] p2a: Mew
|
|-heal|p1a: Tapu Fini|82/100|[from] item: Leftovers
|-fieldend|Misty Terrain
|upkeep
|turn|15
|
|t:|1666186377
|switch|p1a: Volcarona|Volcarona, M|100/100
|move|p2a: Mew|Power Whip|p1a: Volcarona
|-resisted|p1a: Volcarona
|-damage|p1a: Volcarona|79/100
|
|upkeep
|turn|16
|
|t:|1666186387
|move|p2a: Mew|Psychic Fangs|p1a: Volcarona
|-damage|p1a: Volcarona|0 fnt
|faint|p1a: Volcarona
|
|upkeep
|
|t:|1666186392
|switch|p1a: Polteageist|Polteageist, shiny|100/100
|turn|17
|
|t:|1666186419
|move|p2a: Mew|Psychic Fangs|p1a: Polteageist
|-damage|p1a: Polteageist|2/100
|-ability|p1a: Polteageist|Weak Armor|boost
|-unboost|p1a: Polteageist|def|1
|-boost|p1a: Polteageist|spe|2
|move|p1a: Polteageist|Shell Smash|p1a: Polteageist
|-unboost|p1a: Polteageist|def|1
|-unboost|p1a: Polteageist|spd|1
|-boost|p1a: Polteageist|atk|2
|-boost|p1a: Polteageist|spa|2
|-boost|p1a: Polteageist|spe|2
|
|upkeep
|turn|18
|
|t:|1666186432
|switch|p2a: Weavile|Weavile, F|100/100
|-ability|p2a: Weavile|Pressure
|move|p1a: Polteageist|Giga Drain|p2a: Weavile
|-damage|p2a: Weavile|22/100
|-heal|p1a: Polteageist|44/100|[from] drain|[of] p2a: Weavile
|
|upkeep
|turn|19
|
|t:|1666186440
|move|p2a: Weavile|Ice Shard|p1a: Polteageist
|-damage|p1a: Polteageist|0 fnt
|faint|p1a: Polteageist
|-damage|p2a: Weavile|12/100|[from] item: Life Orb
|
|upkeep
|
|t:|1666186445
|switch|p1a: Tapu Fini|Tapu Fini|82/100
|-fieldstart|move: Misty Terrain|[from] ability: Misty Surge|[of] p1a: Tapu Fini
|turn|20
|
|t:|1666186448
|move|p2a: Weavile|Knock Off|p1a: Tapu Fini
|-resisted|p1a: Tapu Fini
|-damage|p1a: Tapu Fini|59/100
|-enditem|p1a: Tapu Fini|Leftovers|[from] move: Knock Off|[of] p2a: Weavile
|-damage|p2a: Weavile|2/100|[from] item: Life Orb
|move|p1a: Tapu Fini|Draining Kiss|p2a: Weavile
|-supereffective|p2a: Weavile
|-damage|p2a: Weavile|0 fnt
|-heal|p1a: Tapu Fini|60/100|[from] drain|[of] p2a: Weavile
|faint|p2a: Weavile
|
|upkeep
|
|t:|1666186456
|switch|p2a: Mew|Mew|37/100
|turn|21
|
|t:|1666186464
|move|p2a: Mew|Power Whip|p1a: Tapu Fini
|-supereffective|p1a: Tapu Fini
|-damage|p1a: Tapu Fini|13/100
|move|p1a: Tapu Fini|Draining Kiss|p2a: Mew
|-damage|p2a: Mew|21/100
|-heal|p1a: Tapu Fini|26/100|[from] drain|[of] p2a: Mew
|
|upkeep
|turn|22
|l| Theonepi3ceisreal
|
|t:|1666186472
|move|p2a: Mew|Psychic Fangs|p1a: Tapu Fini
|-crit|p1a: Tapu Fini
|-damage|p1a: Tapu Fini|0 fnt
|faint|p1a: Tapu Fini
|
|win|HQSTest
|raw|FreeDeshaun's rating: 1780 &rarr; <strong>1756</strong><br />(-24 for losing)
|raw|HQSTest's rating: 1716 &rarr; <strong>1740</strong><br />(+24 for winning)
|l|☆FreeDeshaun
