|j|☆Platum
|j|☆HOF69
|t:|1651367000
|gametype|singles
|player|p1|Platum|erika-gen1|1774
|player|p2|HOF69|red|1827
|teamsize|p1|6
|teamsize|p2|6
|gen|8
|tier|[Gen 8] OU
|rated|
|rule|Sleep Clause Mod: Limit one foe put to sleep
|rule|Species Clause: Limit one of each Pokémon
|rule|OHKO Clause: OHKO moves are banned
|rule|Evasion Moves Clause: Evasion moves are banned
|rule|Endless Battle Clause: Forcing endless battles is banned
|rule|HP Percentage Mod: HP is shown in percentages
|rule|Dynamax Clause: You cannot dynamax
|clearpoke
|poke|p1|Pelipper, F|
|poke|p1|Kingdra, M|
|poke|p1|Ferrothorn, M|
|poke|p1|Landorus-Therian, M|
|poke|p1|Zapdos|
|poke|p1|Tapu Lele|
|poke|p2|Gengar, M|
|poke|p2|Blacephalon|
|poke|p2|Kartana|
|poke|p2|Tapu Lele|
|poke|p2|Krookodile, M|
|poke|p2|Landorus-Therian, M|
|teampreview
|c|☆Platum|hf
|c|☆HOF69|u2
|
|t:|1651367018
|start
|switch|p1a: Landorus|Landorus-Therian, M|100/100
|switch|p2a: Krookodile|Krookodile, M|100/100
|-ability|p2a: Krookodile|Intimidate|boost
|-unboost|p1a: Landorus|atk|1
|-ability|p1a: Landorus|Intimidate|boost
|-unboost|p2a: Krookodile|atk|1
|turn|1
|inactive|Battle timer is ON: inactive players will automatically lose when time's up. (requested by HOF69)
|
|t:|1651367044
|move|p2a: Krookodile|Stealth Rock|p1a: Landorus
|-sidestart|p1: Platum|move: Stealth Rock
|move|p1a: Landorus|Stealth Rock|p2a: Krookodile
|-sidestart|p2: HOF69|move: Stealth Rock
|
|upkeep
|turn|2
|j| ppev
|j| skylink42\
|
|t:|1651367062
|switch|p1a: Pelipper|Pelipper, F|100/100
|-damage|p1a: Pelipper|76/100|[from] Stealth Rock
|-weather|RainDance|[from] ability: Drizzle|[of] p1a: Pelipper
|move|p2a: Krookodile|Knock Off|p1a: Pelipper
|-damage|p1a: Pelipper|50/100
|-enditem|p1a: Pelipper|Damp Rock|[from] move: Knock Off|[of] p2a: Krookodile
|
|-weather|RainDance|[upkeep]
|upkeep
|turn|3
|
|t:|1651367066
|move|p2a: Krookodile|Knock Off|p1a: Pelipper
|-damage|p1a: Pelipper|33/100
|move|p1a: Pelipper|U-turn|p2a: Krookodile
|-supereffective|p2a: Krookodile
|-damage|p2a: Krookodile|80/100
|
|t:|1651367072
|switch|p1a: Kingdra|Kingdra, M|100/100|[from]move: U-turn
|-damage|p1a: Kingdra|88/100|[from] Stealth Rock
|
|-weather|RainDance|[upkeep]
|upkeep
|turn|4
|
|t:|1651367074
|move|p1a: Kingdra|Surf|p2a: Krookodile
|-supereffective|p2a: Krookodile
|-damage|p2a: Krookodile|0 fnt
|faint|p2a: Krookodile
|
|-weather|RainDance|[upkeep]
|upkeep
|j| DA COME UP ©
|
|t:|1651367079
|switch|p2a: Gengar|Gengar, M, shiny|100/100
|-damage|p2a: Gengar|88/100|[from] Stealth Rock
|turn|5
|j| hypno#1
|j| CLEMENT ST
|
|t:|1651367096
|move|p1a: Kingdra|Surf|p2a: Gengar
|-damage|p2a: Gengar|0 fnt
|faint|p2a: Gengar
|
|-weather|RainDance|[upkeep]
|upkeep
|
|t:|1651367100
|switch|p2a: Tapu Lele|Tapu Lele|100/100
|-damage|p2a: Tapu Lele|88/100|[from] Stealth Rock
|-fieldstart|move: Psychic Terrain|[from] ability: Psychic Surge|[of] p2a: Tapu Lele
|turn|6
|
|t:|1651367103
|move|p1a: Kingdra|Surf|p2a: Tapu Lele
|-damage|p2a: Tapu Lele|0 fnt
|faint|p2a: Tapu Lele
|
|-weather|RainDance|[upkeep]
|upkeep
|l| skylink42\
|-message|HOF69 forfeited.
|
|win|Platum
|raw|Platum's rating: 1774 &rarr; <strong>1797</strong><br />(+23 for winning)
|raw|HOF69's rating: 1827 &rarr; <strong>1804</strong><br />(-23 for losing)
|l|☆HOF69
|c|☆Platum|:P
|l|☆Platum
