|raw|<div class="broadcast-blue"><strong>This battle is required to be public due to a player having a name starting with 'lt81yl'.</div>
|j|‽lonietzzz
|j|☆LT81YL Manolo
|t:|1625234060
|gametype|singles
|player|p1|lonietzzz|pokemonbreederf|1796
|player|p2|LT81YL Manolo|winona|1872
|teamsize|p1|6
|teamsize|p2|6
|gen|8
|tier|[Gen 8] OU
|rated|
|rule|Sleep Clause Mod: Limit one foe put to sleep
|rule|Species Clause: Limit one of each Pokémon
|rule|OHKO Clause: OHKO moves are banned
|rule|Evasion Moves Clause: Evasion moves are banned
|rule|Endless Battle Clause: Forcing endless battles is banned
|rule|HP Percentage Mod: HP is shown in percentages
|rule|Dynamax Clause: You cannot dynamax
|clearpoke
|poke|p1|Garchomp, F|
|poke|p1|Dragapult, M|
|poke|p1|Mew|
|poke|p1|Tapu Fini|
|poke|p1|Kartana|
|poke|p1|Weavile, F|
|poke|p2|Melmetal|
|poke|p2|Kommo-o, M|
|poke|p2|Magnezone|
|poke|p2|Landorus-Therian, M|
|poke|p2|Toxapex, M|
|poke|p2|Tornadus-Therian, M|
|teampreview
|inactive|Battle timer is ON: inactive players will automatically lose when time's up. (requested by lonietzzz)
|
|t:|1625234070
|start
|switch|p1a: Mew|Mew|100/100
|switch|p2a: Hehehe SIUUU|Melmetal|100/100
|turn|1
|
|t:|1625234073
|move|p1a: Mew|Thunder Wave|p2a: Hehehe SIUUU
|-status|p2a: Hehehe SIUUU|par
|move|p2a: Hehehe SIUUU|Double Iron Bash|p1a: Mew
|-damage|p1a: Mew|67/100
|-damage|p1a: Mew|33/100
|-hitcount|p1a: Mew|2
|
|upkeep
|turn|2
|
|t:|1625234082
|move|p1a: Mew|Stealth Rock|p2a: Hehehe SIUUU
|-sidestart|p2: LT81YL Manolo|move: Stealth Rock
|cant|p2a: Hehehe SIUUU|par
|
|upkeep
|turn|3
|
|t:|1625234089
|move|p1a: Mew|Spikes|p2a: Hehehe SIUUU
|-sidestart|p2: LT81YL Manolo|Spikes
|move|p2a: Hehehe SIUUU|Double Iron Bash|p1a: Mew
|-damage|p1a: Mew|0 fnt
|faint|p1a: Mew
|-hitcount|p1: Mew|1
|
|upkeep
|
|t:|1625234092
|switch|p1a: Garchomp|Garchomp, F|100/100
|turn|4
|j| Zoro666
|j| luckshere
|
|t:|1625234101
|move|p1a: Garchomp|Earthquake|p2a: Hehehe SIUUU
|-supereffective|p2a: Hehehe SIUUU
|-damage|p2a: Hehehe SIUUU|36/100 par
|cant|p2a: Hehehe SIUUU|par
|
|-heal|p2a: Hehehe SIUUU|42/100 par|[from] item: Leftovers
|upkeep
|turn|5
|
|t:|1625234107
|switch|p2a: TA FAMINTO|Landorus-Therian, M|100/100
|-damage|p2a: TA FAMINTO|88/100|[from] Stealth Rock
|-ability|p2a: TA FAMINTO|Intimidate|boost
|-unboost|p1a: Garchomp|atk|1
|move|p1a: Garchomp|Earthquake|p2a: TA FAMINTO
|-immune|p2a: TA FAMINTO
|
|-heal|p2a: TA FAMINTO|94/100|[from] item: Leftovers
|upkeep
|turn|6
|
|t:|1625234109
|move|p1a: Garchomp|Swords Dance|p1a: Garchomp
|-boost|p1a: Garchomp|atk|2
|move|p2a: TA FAMINTO|Defog|p1a: Garchomp
|-unboost|p1a: Garchomp|evasion|1
|-sideend|p2: LT81YL Manolo|Spikes|[from] move: Defog|[of] p2a: TA FAMINTO
|-sideend|p2: LT81YL Manolo|Stealth Rock|[from] move: Defog|[of] p2a: TA FAMINTO
|
|-heal|p2a: TA FAMINTO|99/100|[from] item: Leftovers
|upkeep
|turn|7
|
|t:|1625234115
|move|p1a: Garchomp|Swords Dance|p1a: Garchomp
|-boost|p1a: Garchomp|atk|2
|move|p2a: TA FAMINTO|Earthquake|p1a: Garchomp
|-damage|p1a: Garchomp|51/100
|
|-heal|p2a: TA FAMINTO|100/100|[from] item: Leftovers
|upkeep
|turn|8
|
|t:|1625234121
|move|p1a: Garchomp|Scale Shot|p2a: TA FAMINTO|[miss]
|-miss|p1a: Garchomp|p2a: TA FAMINTO
|move|p2a: TA FAMINTO|Earthquake|p1a: Garchomp
|-damage|p1a: Garchomp|6/100
|
|upkeep
|turn|9
|j| 0zorcNecropHADES
|j| assddff
|
|t:|1625234126
|move|p1a: Garchomp|Scale Shot|p2a: TA FAMINTO
|-damage|p2a: TA FAMINTO|69/100
|-damage|p2a: TA FAMINTO|37/100
|-hitcount|p2a: TA FAMINTO|2
|-unboost|p1a: Garchomp|def|1
|-boost|p1a: Garchomp|spe|1
|move|p2a: TA FAMINTO|U-turn|p1a: Garchomp
|-damage|p1a: Garchomp|0 fnt
|-damage|p2a: TA FAMINTO|24/100|[from] ability: Rough Skin|[of] p1a: Garchomp
|faint|p1a: Garchomp
|j| StickerBush Symph
|j| lildddd
|
|t:|1625234138
|switch|p2a: :cono:|Magnezone|100/100|[from]move: U-turn
|
|upkeep
|j| LT81YL SW
|j| GoudonRockpolish
|
|t:|1625234150
|switch|p1a: Weavile|Weavile, F|100/100
|-ability|p1a: Weavile|Pressure
|turn|10
|j| regnite ◕‿◕
|
|t:|1625234156
|move|p1a: Weavile|Knock Off|p2a: :cono:
|-crit|p2a: :cono:
|-damage|p2a: :cono:|27/100
|-enditem|p2a: :cono:|Choice Scarf|[from] move: Knock Off|[of] p1a: Weavile
|move|p2a: :cono:|Flash Cannon|p1a: Weavile
|-supereffective|p1a: Weavile
|-damage|p1a: Weavile|0 fnt
|faint|p1a: Weavile
|
|upkeep
|j| egalvanc
|
|t:|1625234169
|switch|p1a: Kartana|Kartana|100/100
|turn|11
|
|t:|1625234172
|switch|p2a: buenass (18:22)|Toxapex, M|100/100
|move|p1a: Kartana|Swords Dance|p1a: Kartana
|-boost|p1a: Kartana|atk|2
|
|upkeep
|turn|12
|
|t:|1625234177
|move|p1a: Kartana|Leaf Blade|p2a: buenass (18:22)
|-damage|p2a: buenass (18:22)|18/100
|move|p2a: buenass (18:22)|Haze|p2a: buenass (18:22)
|-clearallboost
|
|upkeep
|turn|13
|
|t:|1625234181
|switch|p2a: Must Gelato|Tornadus-Therian, M|100/100
|move|p1a: Kartana|Swords Dance|p1a: Kartana
|-boost|p1a: Kartana|atk|2
|
|upkeep
|turn|14
|
|t:|1625234184
|move|p2a: Must Gelato|Hurricane|p1a: Kartana|[miss]
|-miss|p2a: Must Gelato|p1a: Kartana
|move|p1a: Kartana|Knock Off|p2a: Must Gelato
|-damage|p2a: Must Gelato|5/100
|-enditem|p2a: Must Gelato|Heavy-Duty Boots|[from] move: Knock Off|[of] p1a: Kartana
|
|upkeep
|turn|15
|
|t:|1625234187
|move|p2a: Must Gelato|Hurricane|p1a: Kartana
|-damage|p1a: Kartana|0 fnt
|faint|p1a: Kartana
|
|upkeep
|
|t:|1625234190
|switch|p1a: Tapu Fini|Tapu Fini|100/100
|-fieldstart|move: Misty Terrain|[from] ability: Misty Surge|[of] p1a: Tapu Fini
|turn|16
|
|t:|1625234193
|move|p2a: Must Gelato|Knock Off|p1a: Tapu Fini
|-resisted|p1a: Tapu Fini
|-damage|p1a: Tapu Fini|94/100
|-enditem|p1a: Tapu Fini|Leftovers|[from] move: Knock Off|[of] p2a: Must Gelato
|move|p1a: Tapu Fini|Calm Mind|p1a: Tapu Fini
|-boost|p1a: Tapu Fini|spa|1
|-boost|p1a: Tapu Fini|spd|1
|
|upkeep
|turn|17
|
|t:|1625234199
|move|p2a: Must Gelato|U-turn|p1a: Tapu Fini
|-resisted|p1a: Tapu Fini
|-damage|p1a: Tapu Fini|90/100
|j| Nara naqa lol
|
|t:|1625234200
|switch|p2a: buenass (18:22)|Toxapex, M|51/100|[from]move: U-turn
|move|p1a: Tapu Fini|Calm Mind|p1a: Tapu Fini
|-boost|p1a: Tapu Fini|spa|1
|-boost|p1a: Tapu Fini|spd|1
|
|upkeep
|turn|18
|
|t:|1625234207
|switch|p2a: Hehehe SIUUU|Melmetal|42/100 par
|move|p1a: Tapu Fini|Taunt|p2a: Hehehe SIUUU
|-start|p2a: Hehehe SIUUU|move: Taunt
|
|-heal|p2a: Hehehe SIUUU|48/100 par|[from] item: Leftovers
|upkeep
|turn|19
|
|t:|1625234211
|move|p1a: Tapu Fini|Surf|p2a: Hehehe SIUUU
|-damage|p2a: Hehehe SIUUU|0 fnt
|faint|p2a: Hehehe SIUUU
|
|upkeep
|
|t:|1625234220
|switch|p2a: :cono:|Magnezone|27/100
|turn|20
|
|t:|1625234223
|move|p2a: :cono:|Volt Switch|p1a: Tapu Fini
|-supereffective|p1a: Tapu Fini
|-damage|p1a: Tapu Fini|58/100
|
|t:|1625234226
|switch|p2a: buenass (18:22)|Toxapex, M|84/100|[from]move: Volt Switch
|move|p1a: Tapu Fini|Surf|p2a: buenass (18:22)
|-resisted|p2a: buenass (18:22)
|-damage|p2a: buenass (18:22)|60/100
|
|-fieldend|Misty Terrain
|upkeep
|turn|21
|j| X-Wing Fighter
|
|t:|1625234230
|switch|p2a: :cono:|Magnezone|27/100
|move|p1a: Tapu Fini|Taunt|p2a: :cono:
|-start|p2a: :cono:|move: Taunt
|
|upkeep
|turn|22
|
|t:|1625234235
|move|p2a: :cono:|Thunderbolt|p1a: Tapu Fini
|-supereffective|p1a: Tapu Fini
|-damage|p1a: Tapu Fini|19/100
|move|p1a: Tapu Fini|Calm Mind|p1a: Tapu Fini
|-boost|p1a: Tapu Fini|spa|1
|-boost|p1a: Tapu Fini|spd|1
|
|upkeep
|turn|23
|
|t:|1625234239
|move|p2a: :cono:|Volt Switch|p1a: Tapu Fini
|-supereffective|p1a: Tapu Fini
|-damage|p1a: Tapu Fini|0 fnt
|faint|p1a: Tapu Fini
|j| Simp for Thighs
|
|t:|1625234258
|switch|p2a: E MORO|Kommo-o, M|100/100|[from]move: Volt Switch
|
|upkeep
|
|t:|1625234261
|switch|p1a: Dragapult|Dragapult, M|100/100
|turn|24
|l| GoudonRockpolish
|j| Goolloootta
|
|t:|1625234265
|move|p1a: Dragapult|Dragon Dance|p1a: Dragapult
|-boost|p1a: Dragapult|atk|1
|-boost|p1a: Dragapult|spe|1
|move|p2a: E MORO|Toxic|p1a: Dragapult|[miss]
|-miss|p2a: E MORO|p1a: Dragapult
|
|upkeep
|turn|25
|
|t:|1625234269
|move|p1a: Dragapult|Dragon Darts|p2a: E MORO
|-supereffective|p2a: E MORO
|-damage|p2a: E MORO|48/100
|-anim|p1a: Dragapult|Dragon Darts|p2a: E MORO
|-supereffective|p2a: E MORO
|-damage|p2a: E MORO|0 fnt
|faint|p2a: E MORO
|
|upkeep
|
|t:|1625234275
|switch|p2a: buenass (18:22)|Toxapex, M|93/100
|turn|26
|
|t:|1625234278
|move|p1a: Dragapult|Dragon Darts|p2a: buenass (18:22)
|-damage|p2a: buenass (18:22)|68/100
|-anim|p1a: Dragapult|Dragon Darts|p2a: buenass (18:22)
|-damage|p2a: buenass (18:22)|42/100
|move|p2a: buenass (18:22)|Haze|p2a: buenass (18:22)
|-clearallboost
|
|upkeep
|turn|27
|
|t:|1625234282
|move|p1a: Dragapult|Dragon Darts|p2a: buenass (18:22)
|-damage|p2a: buenass (18:22)|25/100
|-anim|p1a: Dragapult|Dragon Darts|p2a: buenass (18:22)
|-damage|p2a: buenass (18:22)|8/100
|move|p2a: buenass (18:22)|Recover|p2a: buenass (18:22)
|-heal|p2a: buenass (18:22)|58/100
|
|upkeep
|turn|28
|
|t:|1625234284
|move|p1a: Dragapult|Dragon Darts|p2a: buenass (18:22)
|-damage|p2a: buenass (18:22)|40/100
|-anim|p1a: Dragapult|Dragon Darts|p2a: buenass (18:22)
|-damage|p2a: buenass (18:22)|22/100
|move|p2a: buenass (18:22)|Recover|p2a: buenass (18:22)
|-heal|p2a: buenass (18:22)|72/100
|
|upkeep
|turn|29
|
|t:|1625234288
|move|p1a: Dragapult|Dragon Dance|p1a: Dragapult
|-boost|p1a: Dragapult|atk|1
|-boost|p1a: Dragapult|spe|1
|move|p2a: buenass (18:22)|Recover|p2a: buenass (18:22)
|-heal|p2a: buenass (18:22)|100/100
|
|upkeep
|turn|30
|
|t:|1625234289
|move|p1a: Dragapult|Dragon Darts|p2a: buenass (18:22)
|-damage|p2a: buenass (18:22)|73/100
|-anim|p1a: Dragapult|Dragon Darts|p2a: buenass (18:22)
|-damage|p2a: buenass (18:22)|45/100
|move|p2a: buenass (18:22)|Haze|p2a: buenass (18:22)
|-clearallboost
|
|upkeep
|turn|31
|
|t:|1625234292
|move|p1a: Dragapult|Dragon Dance|p1a: Dragapult
|-boost|p1a: Dragapult|atk|1
|-boost|p1a: Dragapult|spe|1
|move|p2a: buenass (18:22)|Recover|p2a: buenass (18:22)
|-heal|p2a: buenass (18:22)|95/100
|
|upkeep
|turn|32
|j| RipReckful
|
|t:|1625234294
|move|p1a: Dragapult|Dragon Darts|p2a: buenass (18:22)
|-damage|p2a: buenass (18:22)|69/100
|-anim|p1a: Dragapult|Dragon Darts|p2a: buenass (18:22)
|-damage|p2a: buenass (18:22)|41/100
|move|p2a: buenass (18:22)|Haze|p2a: buenass (18:22)
|-clearallboost
|
|upkeep
|turn|33
|
|t:|1625234301
|move|p1a: Dragapult|Dragon Dance|p1a: Dragapult
|-boost|p1a: Dragapult|atk|1
|-boost|p1a: Dragapult|spe|1
|move|p2a: buenass (18:22)|Recover|p2a: buenass (18:22)
|-heal|p2a: buenass (18:22)|91/100
|
|upkeep
|turn|34
|
|t:|1625234304
|move|p1a: Dragapult|Dragon Darts|p2a: buenass (18:22)
|-damage|p2a: buenass (18:22)|67/100
|-anim|p1a: Dragapult|Dragon Darts|p2a: buenass (18:22)
|-damage|p2a: buenass (18:22)|41/100
|move|p2a: buenass (18:22)|Recover|p2a: buenass (18:22)
|-heal|p2a: buenass (18:22)|91/100
|
|upkeep
|turn|35
|
|t:|1625234307
|move|p1a: Dragapult|Dragon Darts|p2a: buenass (18:22)
|-damage|p2a: buenass (18:22)|66/100
|-anim|p1a: Dragapult|Dragon Darts|p2a: buenass (18:22)
|-damage|p2a: buenass (18:22)|38/100
|move|p2a: buenass (18:22)|Haze|p2a: buenass (18:22)
|-clearallboost
|
|upkeep
|turn|36
|
|t:|1625234313
|move|p1a: Dragapult|Dragon Darts|p2a: buenass (18:22)
|-damage|p2a: buenass (18:22)|20/100
|-anim|p1a: Dragapult|Dragon Darts|p2a: buenass (18:22)
|-damage|p2a: buenass (18:22)|1/100
|move|p2a: buenass (18:22)|Recover|p2a: buenass (18:22)
|-heal|p2a: buenass (18:22)|51/100
|
|upkeep
|turn|37
|
|t:|1625234317
|move|p1a: Dragapult|Dragon Dance|p1a: Dragapult
|-boost|p1a: Dragapult|atk|1
|-boost|p1a: Dragapult|spe|1
|move|p2a: buenass (18:22)|Recover|p2a: buenass (18:22)
|-heal|p2a: buenass (18:22)|100/100
|
|upkeep
|turn|38
|
|t:|1625234321
|move|p1a: Dragapult|Dragon Darts|p2a: buenass (18:22)
|-damage|p2a: buenass (18:22)|73/100
|-anim|p1a: Dragapult|Dragon Darts|p2a: buenass (18:22)
|-crit|p2a: buenass (18:22)
|-damage|p2a: buenass (18:22)|30/100
|move|p2a: buenass (18:22)|Haze|p2a: buenass (18:22)
|-clearallboost
|
|upkeep
|turn|39
|j| Zombini62
|
|t:|1625234327
|move|p1a: Dragapult|Dragon Dance|p1a: Dragapult
|-boost|p1a: Dragapult|atk|1
|-boost|p1a: Dragapult|spe|1
|move|p2a: buenass (18:22)|Recover|p2a: buenass (18:22)
|-heal|p2a: buenass (18:22)|80/100
|
|upkeep
|turn|40
|
|t:|1625234330
|switch|p2a: TA FAMINTO|Landorus-Therian, M|24/100
|-ability|p2a: TA FAMINTO|Intimidate|boost
|-fail|p1a: Dragapult|unboost|[from] ability: Clear Body|[of] p1a: Dragapult
|move|p1a: Dragapult|Dragon Darts|p2a: TA FAMINTO
|-damage|p2a: TA FAMINTO|0 fnt
|faint|p2a: TA FAMINTO
|
|upkeep
|
|t:|1625234332
|switch|p2a: buenass (18:22)|Toxapex, M|100/100
|turn|41
|
|t:|1625234340
|move|p1a: Dragapult|Phantom Force||[still]
|-prepare|p1a: Dragapult|Phantom Force
|move|p2a: buenass (18:22)|Haze|p2a: buenass (18:22)
|-clearallboost
|
|upkeep
|turn|42
|j| LT81YL Siegfried
|l| LT81YL Siegfried
|
|t:|1625234345
|move|p1a: Dragapult|Phantom Force|p2a: buenass (18:22)|[from]lockedmove
|-damage|p2a: buenass (18:22)|70/100
|move|p2a: buenass (18:22)|Knock Off|p1a: Dragapult
|-supereffective|p1a: Dragapult
|-damage|p1a: Dragapult|63/100
|-enditem|p1a: Dragapult|Roseli Berry|[from] move: Knock Off|[of] p2a: buenass (18:22)
|
|upkeep
|turn|43
|
|t:|1625234349
|move|p1a: Dragapult|Dragon Dance|p1a: Dragapult
|-boost|p1a: Dragapult|atk|1
|-boost|p1a: Dragapult|spe|1
|move|p2a: buenass (18:22)|Recover|p2a: buenass (18:22)
|-heal|p2a: buenass (18:22)|100/100
|
|upkeep
|turn|44
|l| lildddd
|
|t:|1625234353
|move|p1a: Dragapult|Dragon Darts|p2a: buenass (18:22)
|-damage|p2a: buenass (18:22)|75/100
|-anim|p1a: Dragapult|Dragon Darts|p2a: buenass (18:22)
|-damage|p2a: buenass (18:22)|48/100
|move|p2a: buenass (18:22)|Haze|p2a: buenass (18:22)
|-clearallboost
|
|upkeep
|turn|45
|
|t:|1625234355
|move|p1a: Dragapult|Dragon Dance|p1a: Dragapult
|-boost|p1a: Dragapult|atk|1
|-boost|p1a: Dragapult|spe|1
|move|p2a: buenass (18:22)|Recover|p2a: buenass (18:22)
|-heal|p2a: buenass (18:22)|98/100
|
|upkeep
|turn|46
|c| LT81YL SW|como humilla este manolete
|j| TeslaTheJolteon
|
|t:|1625234359
|move|p1a: Dragapult|Dragon Darts|p2a: buenass (18:22)
|-damage|p2a: buenass (18:22)|73/100
|-anim|p1a: Dragapult|Dragon Darts|p2a: buenass (18:22)
|-damage|p2a: buenass (18:22)|45/100
|move|p2a: buenass (18:22)|Haze|p2a: buenass (18:22)
|-clearallboost
|
|upkeep
|turn|47
|
|t:|1625234362
|move|p1a: Dragapult|Dragon Dance|p1a: Dragapult
|-boost|p1a: Dragapult|atk|1
|-boost|p1a: Dragapult|spe|1
|move|p2a: buenass (18:22)|Recover|p2a: buenass (18:22)
|-heal|p2a: buenass (18:22)|95/100
|
|upkeep
|turn|48
|
|t:|1625234365
|move|p1a: Dragapult|Dragon Darts|p2a: buenass (18:22)
|-damage|p2a: buenass (18:22)|68/100
|-anim|p1a: Dragapult|Dragon Darts|p2a: buenass (18:22)
|-damage|p2a: buenass (18:22)|39/100
|move|p2a: buenass (18:22)|Haze|p2a: buenass (18:22)
|-clearallboost
|
|upkeep
|turn|49
|
|t:|1625234370
|move|p1a: Dragapult|Dragon Darts|p2a: buenass (18:22)
|-damage|p2a: buenass (18:22)|22/100
|-anim|p1a: Dragapult|Dragon Darts|p2a: buenass (18:22)
|-damage|p2a: buenass (18:22)|4/100
|move|p2a: buenass (18:22)|Recover|p2a: buenass (18:22)
|-heal|p2a: buenass (18:22)|54/100
|
|upkeep
|turn|50
|-message|lonietzzz forfeited.
|
|win|LT81YL Manolo
|raw|lonietzzz's rating: 1796 &rarr; <strong>1780</strong><br />(-16 for losing)
|raw|LT81YL Manolo's rating: 1872 &rarr; <strong>1888</strong><br />(+16 for winning)
