|j|☆chansey and lulu
|j|☆YJ963
|t:|1663828543
|gametype|singles
|player|p1|chansey and lulu|265|
|player|p2|YJ963|101|
|teamsize|p1|6
|teamsize|p2|6
|gen|8
|tier|[Gen 8] OU
|rule|Sleep Clause Mod: Limit one foe put to sleep
|rule|Species Clause: Limit one of each Pokémon
|rule|OHKO Clause: OHKO moves are banned
|rule|Evasion Items Clause: Evasion items are banned
|rule|Evasion Moves Clause: Evasion moves are banned
|rule|Endless Battle Clause: Forcing endless battles is banned
|rule|HP Percentage Mod: HP is shown in percentages
|rule|Dynamax Clause: You cannot dynamax
|clearpoke
|poke|p1|Weavile, F|
|poke|p1|Slowking-Galar, M|
|poke|p1|Melmetal|
|poke|p1|Garchomp, F|
|poke|p1|Urshifu-*, M|
|poke|p1|Corviknight, M|
|poke|p2|Excadrill, M|
|poke|p2|Garchomp, F|
|poke|p2|Kartana|
|poke|p2|Toxapex, F|
|poke|p2|Tyranitar, F|
|poke|p2|Landorus-Therian, M|
|teampreview
|
|t:|1663828569
|start
|switch|p1a: Weavile|Weavile, F|100/100
|switch|p2a: Tyranitar|Tyranitar, F|100/100
|-ability|p1a: Weavile|Pressure
|-weather|Sandstorm|[from] ability: Sand Stream|[of] p2a: Tyranitar
|turn|1
|
|t:|1663828584
|switch|p1a: Corviknight|Corviknight, M|100/100
|-ability|p1a: Corviknight|Pressure
|move|p2a: Tyranitar|Stealth Rock|p1a: Corviknight
|-sidestart|p1: chansey and lulu|move: Stealth Rock
|
|-weather|Sandstorm|[upkeep]
|upkeep
|turn|2
|
|t:|1663828603
|switch|p2a: Excadrill|Excadrill, M|100/100
|move|p1a: Corviknight|Defog|p2a: Excadrill
|-unboost|p2a: Excadrill|evasion|1
|-sideend|p1: chansey and lulu|Stealth Rock|[from] move: Defog|[of] p1a: Corviknight
|
|-weather|Sandstorm|[upkeep]
|upkeep
|turn|3
|
|t:|1663828614
|move|p2a: Excadrill|Swords Dance|p2a: Excadrill
|-boost|p2a: Excadrill|atk|2
|move|p1a: Corviknight|U-turn|p2a: Excadrill
|-resisted|p2a: Excadrill
|-damage|p2a: Excadrill|90/100
|
|t:|1663828636
|switch|p1a: Garchomp|Garchomp, F|100/100|[from]move: U-turn
|
|-weather|Sandstorm|[upkeep]
|-heal|p2a: Excadrill|96/100|[from] item: Leftovers
|upkeep
|turn|4
|
|t:|1663828662
|move|p2a: Excadrill|Earthquake|p1a: Garchomp
|-damage|p1a: Garchomp|0 fnt
|faint|p1a: Garchomp
|
|-weather|Sandstorm|[upkeep]
|-heal|p2a: Excadrill|100/100|[from] item: Leftovers
|upkeep
|
|t:|1663828670
|switch|p1a: Corviknight|Corviknight, M|100/100
|-ability|p1a: Corviknight|Pressure
|turn|5
|
|t:|1663828675
|move|p2a: Excadrill|Rapid Spin|p1a: Corviknight
|-resisted|p1a: Corviknight
|-damage|p1a: Corviknight|89/100
|-boost|p2a: Excadrill|spe|1
|-damage|p2a: Excadrill|84/100|[from] item: Rocky Helmet|[of] p1a: Corviknight
|move|p1a: Corviknight|U-turn|p2a: Excadrill
|-resisted|p2a: Excadrill
|-damage|p2a: Excadrill|74/100
|
|t:|1663828685
|switch|p1a: Melmetal|Melmetal|100/100|[from]move: U-turn
|
|-weather|none
|-heal|p2a: Excadrill|80/100|[from] item: Leftovers
|upkeep
|turn|6
|
|t:|1663828701
|switch|p1a: Corviknight|Corviknight, M|89/100
|-ability|p1a: Corviknight|Pressure
|move|p2a: Excadrill|Earthquake|p1a: Corviknight
|-immune|p1a: Corviknight
|
|-heal|p2a: Excadrill|86/100|[from] item: Leftovers
|upkeep
|turn|7
|
|t:|1663828713
|move|p2a: Excadrill|Iron Head|p1a: Corviknight
|-resisted|p1a: Corviknight
|-damage|p1a: Corviknight|62/100
|-damage|p2a: Excadrill|70/100|[from] item: Rocky Helmet|[of] p1a: Corviknight
|cant|p1a: Corviknight|flinch
|
|-heal|p2a: Excadrill|76/100|[from] item: Leftovers
|upkeep
|turn|8
|
|t:|1663828727
|move|p2a: Excadrill|Swords Dance|p2a: Excadrill
|-boost|p2a: Excadrill|atk|2
|move|p1a: Corviknight|Brave Bird|p2a: Excadrill
|-resisted|p2a: Excadrill
|-damage|p2a: Excadrill|50/100
|-damage|p1a: Corviknight|54/100|[from] Recoil
|
|-heal|p2a: Excadrill|56/100|[from] item: Leftovers
|upkeep
|turn|9
|
|t:|1663828744
|move|p2a: Excadrill|Iron Head|p1a: Corviknight
|-resisted|p1a: Corviknight
|-damage|p1a: Corviknight|13/100
|-damage|p2a: Excadrill|40/100|[from] item: Rocky Helmet|[of] p1a: Corviknight
|move|p1a: Corviknight|Roost|p1a: Corviknight
|-heal|p1a: Corviknight|63/100
|-singleturn|p1a: Corviknight|move: Roost
|
|-heal|p2a: Excadrill|46/100|[from] item: Leftovers
|upkeep
|turn|10
|
|t:|1663828759
|move|p2a: Excadrill|Iron Head|p1a: Corviknight
|-resisted|p1a: Corviknight
|-damage|p1a: Corviknight|22/100
|-damage|p2a: Excadrill|29/100|[from] item: Rocky Helmet|[of] p1a: Corviknight
|cant|p1a: Corviknight|flinch
|
|-heal|p2a: Excadrill|35/100|[from] item: Leftovers
|upkeep
|turn|11
|
|t:|1663828772
|move|p2a: Excadrill|Swords Dance|p2a: Excadrill
|-boost|p2a: Excadrill|atk|2
|move|p1a: Corviknight|Brave Bird|p2a: Excadrill
|-resisted|p2a: Excadrill
|-damage|p2a: Excadrill|8/100
|-damage|p1a: Corviknight|14/100|[from] Recoil
|
|-heal|p2a: Excadrill|14/100|[from] item: Leftovers
|upkeep
|turn|12
|
|t:|1663828786
|move|p2a: Excadrill|Iron Head|p1a: Corviknight
|-resisted|p1a: Corviknight
|-damage|p1a: Corviknight|0 fnt
|-damage|p2a: Excadrill|0 fnt|[from] item: Rocky Helmet|[of] p1a: Corviknight
|faint|p1a: Corviknight
|faint|p2a: Excadrill
|
|upkeep
|
|t:|1663828805
|switch|p2a: Tyranitar|Tyranitar, F|100/100
|switch|p1a: Urshifu|Urshifu-Rapid-Strike, M|100/100
|-weather|Sandstorm|[from] ability: Sand Stream|[of] p2a: Tyranitar
|turn|13
|
|t:|1663828820
|move|p1a: Urshifu|Close Combat|p2a: Tyranitar
|-supereffective|p2a: Tyranitar
|-damage|p2a: Tyranitar|0 fnt
|-unboost|p1a: Urshifu|def|1
|-unboost|p1a: Urshifu|spd|1
|faint|p2a: Tyranitar
|
|-weather|Sandstorm|[upkeep]
|-damage|p1a: Urshifu|94/100|[from] Sandstorm
|upkeep
|
|t:|1663828834
|switch|p2a: Landorus|Landorus-Therian, M|100/100
|-ability|p2a: Landorus|Intimidate|boost
|-unboost|p1a: Urshifu|atk|1
|turn|14
|
|t:|1663828845
|move|p1a: Urshifu|Surging Strikes|p2a: Landorus
|-supereffective|p2a: Landorus
|-crit|p2a: Landorus
|-damage|p2a: Landorus|75/100
|-supereffective|p2a: Landorus
|-crit|p2a: Landorus
|-damage|p2a: Landorus|48/100
|-supereffective|p2a: Landorus
|-crit|p2a: Landorus
|-damage|p2a: Landorus|22/100
|-hitcount|p2a: Landorus|3
|move|p2a: Landorus|Earthquake|p1a: Urshifu
|-damage|p1a: Urshifu|28/100
|
|-weather|Sandstorm|[upkeep]
|-damage|p1a: Urshifu|22/100|[from] Sandstorm
|-heal|p2a: Landorus|28/100|[from] item: Leftovers
|upkeep
|turn|15
|
|t:|1663828866
|switch|p2a: Garchomp|Garchomp, F|100/100
|move|p1a: Urshifu|Surging Strikes|p2a: Garchomp
|-crit|p2a: Garchomp
|-damage|p2a: Garchomp|79/100
|-activate|p2a: Garchomp|ability: Rough Skin
|-activate|p1a: Urshifu|item: Protective Pads
|-crit|p2a: Garchomp
|-damage|p2a: Garchomp|60/100
|-activate|p2a: Garchomp|ability: Rough Skin
|-activate|p1a: Urshifu|item: Protective Pads
|-crit|p2a: Garchomp
|-damage|p2a: Garchomp|42/100
|-activate|p2a: Garchomp|ability: Rough Skin
|-activate|p1a: Urshifu|item: Protective Pads
|-hitcount|p2a: Garchomp|3
|
|-weather|Sandstorm|[upkeep]
|-damage|p1a: Urshifu|16/100|[from] Sandstorm
|-heal|p2a: Garchomp|48/100|[from] item: Leftovers
|upkeep
|turn|16
|
|t:|1663828894
|move|p2a: Garchomp|Scale Shot|p1a: Urshifu
|-damage|p1a: Urshifu|0 fnt
|faint|p1a: Urshifu
|-hitcount|p1: Urshifu|1
|-unboost|p2a: Garchomp|def|1
|-boost|p2a: Garchomp|spe|1
|
|-weather|Sandstorm|[upkeep]
|-heal|p2a: Garchomp|54/100|[from] item: Leftovers
|upkeep
|
|t:|1663828905
|switch|p1a: Weavile|Weavile, F|100/100
|-ability|p1a: Weavile|Pressure
|turn|17
|
|t:|1663828912
|switch|p2a: Toxapex|Toxapex, F|100/100
|move|p1a: Weavile|Ice Shard|p2a: Toxapex
|-resisted|p2a: Toxapex
|-damage|p2a: Toxapex|94/100
|
|-weather|none
|upkeep
|turn|18
|
|t:|1663828921
|switch|p1a: Slowking|Slowking-Galar, M|100/100
|move|p2a: Toxapex|Knock Off|p1a: Slowking
|-supereffective|p1a: Slowking
|-damage|p1a: Slowking|66/100
|-enditem|p1a: Slowking|Assault Vest|[from] move: Knock Off|[of] p2a: Toxapex
|
|upkeep
|turn|19
|
|t:|1663828947
|switch|p2a: Landorus|Landorus-Therian, M|28/100
|-ability|p2a: Landorus|Intimidate|boost
|-unboost|p1a: Slowking|atk|1
|move|p1a: Slowking|Future Sight|p2a: Landorus
|-start|p1a: Slowking|move: Future Sight
|
|-heal|p2a: Landorus|34/100|[from] item: Leftovers
|upkeep
|turn|20
|
|t:|1663828958
|switch|p1a: Weavile|Weavile, F|100/100
|-ability|p1a: Weavile|Pressure
|move|p2a: Landorus|Stealth Rock|p1a: Weavile
|-sidestart|p1: chansey and lulu|move: Stealth Rock
|
|-heal|p2a: Landorus|40/100|[from] item: Leftovers
|upkeep
|turn|21
|
|t:|1663828975
|switch|p2a: Toxapex|Toxapex, F|100/100
|move|p1a: Weavile|Triple Axel|p2a: Toxapex
|-resisted|p2a: Toxapex
|-damage|p2a: Toxapex|98/100
|-damage|p1a: Weavile|84/100|[from] item: Rocky Helmet|[of] p2a: Toxapex
|-resisted|p2a: Toxapex
|-damage|p2a: Toxapex|92/100
|-damage|p1a: Weavile|68/100|[from] item: Rocky Helmet|[of] p2a: Toxapex
|-resisted|p2a: Toxapex
|-crit|p2a: Toxapex
|-damage|p2a: Toxapex|78/100
|-damage|p1a: Weavile|51/100|[from] item: Rocky Helmet|[of] p2a: Toxapex
|-hitcount|p2a: Toxapex|3
|
|-end|p2a: Toxapex|move: Future Sight
|-supereffective|p2a: Toxapex
|-damage|p2a: Toxapex|0 fnt
|faint|p2a: Toxapex
|upkeep
|
|t:|1663829011
|switch|p2a: Landorus|Landorus-Therian, M|40/100
|-ability|p2a: Landorus|Intimidate|boost
|-unboost|p1a: Weavile|atk|1
|turn|22
|
|t:|1663829019
|move|p1a: Weavile|Ice Shard|p2a: Landorus
|-supereffective|p2a: Landorus
|-damage|p2a: Landorus|0 fnt
|faint|p2a: Landorus
|
|upkeep
|
|t:|1663829025
|switch|p2a: Kartana|Kartana|100/100
|turn|23
|
|t:|1663829035
|switch|p1a: Slowking|Slowking-Galar, M|99/100
|-damage|p1a: Slowking|87/100|[from] Stealth Rock
|move|p2a: Kartana|Leaf Blade|p1a: Slowking
|-resisted|p1a: Slowking
|-damage|p1a: Slowking|46/100
|-damage|p2a: Kartana|91/100|[from] item: Life Orb
|
|upkeep
|turn|24
|
|t:|1663829046
|move|p2a: Kartana|Knock Off|p1a: Slowking
|-supereffective|p1a: Slowking
|-damage|p1a: Slowking|0 fnt
|faint|p1a: Slowking
|-ability|p2a: Kartana|Beast Boost|boost
|-boost|p2a: Kartana|atk|1
|-damage|p2a: Kartana|81/100|[from] item: Life Orb
|
|upkeep
|
|t:|1663829054
|switch|p1a: Melmetal|Melmetal|100/100
|-damage|p1a: Melmetal|94/100|[from] Stealth Rock
|turn|25
|
|t:|1663829062
|move|p2a: Kartana|Knock Off|p1a: Melmetal
|-damage|p1a: Melmetal|39/100
|-enditem|p1a: Melmetal|Protective Pads|[from] move: Knock Off|[of] p2a: Kartana
|-damage|p2a: Kartana|72/100|[from] item: Life Orb
|move|p1a: Melmetal|Superpower|p2a: Kartana
|-supereffective|p2a: Kartana
|-damage|p2a: Kartana|0 fnt
|-unboost|p1a: Melmetal|atk|1
|-unboost|p1a: Melmetal|def|1
|faint|p2a: Kartana
|
|upkeep
|
|t:|1663829075
|switch|p2a: Garchomp|Garchomp, F|54/100
|turn|26
|
|t:|1663829085
|move|p2a: Garchomp|Fire Fang|p1a: Melmetal
|-supereffective|p1a: Melmetal
|-damage|p1a: Melmetal|0 fnt
|faint|p1a: Melmetal
|
|-heal|p2a: Garchomp|60/100|[from] item: Leftovers
|upkeep
|
|t:|1663829092
|switch|p1a: Weavile|Weavile, F|51/100
|-ability|p1a: Weavile|Pressure
|turn|27
|
|t:|1663829097
|move|p1a: Weavile|Ice Shard|p2a: Garchomp
|-supereffective|p2a: Garchomp
|-damage|p2a: Garchomp|0 fnt
|faint|p2a: Garchomp
|
|win|chansey and lulu
|l|☆chansey and lulu
|l|☆YJ963
|j|☆YJ963
|player|p2|YJ963|101
|l|☆YJ963
|player|p2|
|j|☆chansey and lulu
|player|p1|chansey and lulu|265
|l|☆chansey and lulu
|player|p1|
|j|☆YJ963
|player|p2|YJ963|101
