|html|<div class="broadcast-blue"><strong>[Gen 8] OU is currently suspecting Melmetal! For information on how to participate check out the <a href="https://www.smogon.com/forums/threads/np-ss-ou-suspect-process-round-12-monster-mash.3709234/">suspect thread</a>.</strong></div>
|j|☆minimax_ai
|j|☆bizarman
|t:|1666026550
|gametype|singles
|player|p1|minimax_ai|lusamine-nihilego|1660
|player|p2|bizarman|scientist-gen4|1756
|teamsize|p1|6
|teamsize|p2|6
|gen|8
|tier|[Gen 8] OU
|rated|
|rule|Sleep Clause Mod: Limit one foe put to sleep
|rule|Species Clause: Limit one of each Pokémon
|rule|OHKO Clause: OHKO moves are banned
|rule|Evasion Items Clause: Evasion items are banned
|rule|Evasion Moves Clause: Evasion moves are banned
|rule|Endless Battle Clause: Forcing endless battles is banned
|rule|HP Percentage Mod: HP is shown in percentages
|rule|Dynamax Clause: You cannot dynamax
|clearpoke
|poke|p1|Rotom-Wash|
|poke|p1|Weavile, M|
|poke|p1|Landorus-Therian, M|
|poke|p1|Heatran, M|
|poke|p1|Tangrowth, M|
|poke|p1|Melmetal|
|poke|p2|Tyranitar, M|
|poke|p2|Kartana|
|poke|p2|Corviknight, M|
|poke|p2|Clefable, F|
|poke|p2|Landorus-Therian, M|
|poke|p2|Rotom-Wash|
|teampreview
|c|☆minimax_ai|hf
|inactive|Battle timer is ON: inactive players will automatically lose when time's up. (requested by minimax_ai)
|
|t:|1666026572
|start
|switch|p1a: Melmetal|Melmetal|100/100
|switch|p2a: Landorus|Landorus-Therian, M|100/100
|-ability|p2a: Landorus|Intimidate|boost
|-unboost|p1a: Melmetal|atk|1
|turn|1
|
|t:|1666026579
|move|p2a: Landorus|U-turn|p1a: Melmetal
|-resisted|p1a: Melmetal
|-damage|p1a: Melmetal|94/100
|
|t:|1666026582
|switch|p2a: Rotom|Rotom-Wash|100/100|[from]move: U-turn
|move|p1a: Melmetal|Ice Punch|p2a: Rotom
|-resisted|p2a: Rotom
|-damage|p2a: Rotom|91/100
|
|-heal|p2a: Rotom|98/100|[from] item: Leftovers
|upkeep
|turn|2
|
|t:|1666026590
|switch|p1a: Tangrowth|Tangrowth, M|100/100
|move|p2a: Rotom|Will-O-Wisp|p1a: Tangrowth
|-status|p1a: Tangrowth|brn
|
|-heal|p2a: Rotom|100/100|[from] item: Leftovers
|-damage|p1a: Tangrowth|94/100 brn|[from] brn
|upkeep
|turn|3
|
|t:|1666026599
|move|p2a: Rotom|Volt Switch|p1a: Tangrowth
|-resisted|p1a: Tangrowth
|-damage|p1a: Tangrowth|75/100 brn
|
|t:|1666026603
|switch|p2a: Landorus|Landorus-Therian, M|100/100|[from]move: Volt Switch
|-ability|p2a: Landorus|Intimidate|boost
|-unboost|p1a: Tangrowth|atk|1
|move|p1a: Tangrowth|Giga Drain|p2a: Landorus
|-damage|p2a: Landorus|79/100
|-heal|p1a: Tangrowth|85/100 brn|[from] drain|[of] p2a: Landorus
|
|-heal|p2a: Landorus|85/100|[from] item: Leftovers
|-damage|p1a: Tangrowth|79/100 brn|[from] brn
|upkeep
|turn|4
|j| Inv solak plz
|
|t:|1666026613
|switch|p1a: Heatran|Heatran, M|100/100
|-item|p1a: Heatran|Air Balloon
|move|p2a: Landorus|Stealth Rock|p1a: Heatran
|-sidestart|p1: minimax_ai|move: Stealth Rock
|
|-heal|p2a: Landorus|91/100|[from] item: Leftovers
|upkeep
|turn|5
|
|t:|1666026621
|move|p1a: Heatran|Stealth Rock|p2a: Landorus
|-sidestart|p2: bizarman|move: Stealth Rock
|move|p2a: Landorus|U-turn|p1a: Heatran
|-resisted|p1a: Heatran
|-damage|p1a: Heatran|95/100
|-enditem|p1a: Heatran|Air Balloon
|
|t:|1666026626
|switch|p2a: Tyranitar|Tyranitar, M|100/100|[from]move: U-turn
|-damage|p2a: Tyranitar|88/100|[from] Stealth Rock
|-weather|Sandstorm|[from] ability: Sand Stream|[of] p2a: Tyranitar
|
|-weather|Sandstorm|[upkeep]
|upkeep
|turn|6
|
|t:|1666026633
|switch|p1a: Tangrowth|Tangrowth, M|100/100 brn
|-damage|p1a: Tangrowth|88/100 brn|[from] Stealth Rock
|move|p2a: Tyranitar|Crunch|p1a: Tangrowth
|-damage|p1a: Tangrowth|51/100 brn
|-damage|p2a: Tyranitar|72/100|[from] item: Rocky Helmet|[of] p1a: Tangrowth
|
|-weather|Sandstorm|[upkeep]
|-damage|p1a: Tangrowth|45/100 brn|[from] Sandstorm
|-damage|p1a: Tangrowth|39/100 brn|[from] brn
|upkeep
|turn|7
|
|t:|1666026646
|switch|p2a: Landorus|Landorus-Therian, M|91/100
|-damage|p2a: Landorus|78/100|[from] Stealth Rock
|-ability|p2a: Landorus|Intimidate|boost
|-unboost|p1a: Tangrowth|atk|1
|move|p1a: Tangrowth|Giga Drain|p2a: Landorus
|-damage|p2a: Landorus|58/100
|-heal|p1a: Tangrowth|49/100 brn|[from] drain|[of] p2a: Landorus
|
|-weather|Sandstorm|[upkeep]
|-damage|p1a: Tangrowth|43/100 brn|[from] Sandstorm
|-heal|p2a: Landorus|64/100|[from] item: Leftovers
|-damage|p1a: Tangrowth|37/100 brn|[from] brn
|upkeep
|turn|8
|
|t:|1666026658
|move|p2a: Landorus|U-turn|p1a: Tangrowth
|-supereffective|p1a: Tangrowth
|-damage|p1a: Tangrowth|14/100 brn
|-damage|p2a: Landorus|47/100|[from] item: Rocky Helmet|[of] p1a: Tangrowth
|l| Inv solak plz
|
|t:|1666026669
|switch|p2a: Corviknight|Corviknight, M|100/100|[from]move: U-turn
|-damage|p2a: Corviknight|88/100|[from] Stealth Rock
|-ability|p2a: Corviknight|Pressure
|move|p1a: Tangrowth|Giga Drain|p2a: Corviknight
|-resisted|p2a: Corviknight
|-damage|p2a: Corviknight|82/100
|-heal|p1a: Tangrowth|17/100 brn|[from] drain|[of] p2a: Corviknight
|
|-weather|Sandstorm|[upkeep]
|-damage|p1a: Tangrowth|11/100 brn|[from] Sandstorm
|-damage|p1a: Tangrowth|4/100 brn|[from] brn
|upkeep
|turn|9
|
|t:|1666026683
|switch|p1a: landorustherian|Landorus-Therian, M|100/100
|-damage|p1a: landorustherian|88/100|[from] Stealth Rock
|-ability|p1a: landorustherian|Intimidate|boost
|-unboost|p2a: Corviknight|atk|1
|move|p2a: Corviknight|U-turn|p1a: landorustherian
|-resisted|p1a: landorustherian
|-damage|p1a: landorustherian|83/100
|
|t:|1666026691
|switch|p2a: Landorus|Landorus-Therian, M|47/100|[from]move: U-turn
|-damage|p2a: Landorus|35/100|[from] Stealth Rock
|-ability|p2a: Landorus|Intimidate|boost
|-unboost|p1a: landorustherian|atk|1
|
|-weather|none
|-heal|p1a: landorustherian|89/100|[from] item: Leftovers
|-heal|p2a: Landorus|41/100|[from] item: Leftovers
|upkeep
|turn|10
|
|t:|1666026700
|move|p1a: landorustherian|U-turn|p2a: Landorus
|-resisted|p2a: Landorus
|-damage|p2a: Landorus|33/100
|
|t:|1666026700
|switch|p1a: Tangrowth|Tangrowth, M|38/100 brn|[from]move: U-turn
|-damage|p1a: Tangrowth|25/100 brn|[from] Stealth Rock
|move|p2a: Landorus|Toxic||[still]
|-fail|p2a: Landorus
|
|-heal|p2a: Landorus|39/100|[from] item: Leftovers
|-damage|p1a: Tangrowth|19/100 brn|[from] brn
|upkeep
|turn|11
|
|t:|1666026711
|switch|p1a: landorustherian|Landorus-Therian, M|89/100
|-damage|p1a: landorustherian|77/100|[from] Stealth Rock
|-ability|p1a: landorustherian|Intimidate|boost
|-unboost|p2a: Landorus|atk|1
|move|p2a: Landorus|U-turn|p1a: landorustherian
|-resisted|p1a: landorustherian
|-damage|p1a: landorustherian|70/100
|
|t:|1666026726
|switch|p2a: Rotom|Rotom-Wash|100/100|[from]move: U-turn
|-damage|p2a: Rotom|88/100|[from] Stealth Rock
|
|-heal|p1a: landorustherian|76/100|[from] item: Leftovers
|-heal|p2a: Rotom|94/100|[from] item: Leftovers
|upkeep
|turn|12
|
|t:|1666026733
|switch|p1a: Tangrowth|Tangrowth, M|52/100 brn
|-damage|p1a: Tangrowth|40/100 brn|[from] Stealth Rock
|move|p2a: Rotom|Hydro Pump|p1a: Tangrowth
|-resisted|p1a: Tangrowth
|-damage|p1a: Tangrowth|13/100 brn
|
|-heal|p2a: Rotom|100/100|[from] item: Leftovers
|-damage|p1a: Tangrowth|7/100 brn|[from] brn
|upkeep
|turn|13
|
|t:|1666026744
|switch|p1a: rotomwash|Rotom-Wash|100/100
|-damage|p1a: rotomwash|88/100|[from] Stealth Rock
|move|p2a: Rotom|Volt Switch|p1a: rotomwash
|-damage|p1a: rotomwash|60/100
|
|t:|1666026754
|switch|p2a: Clefable|Clefable, F|100/100|[from]move: Volt Switch
|
|-heal|p1a: rotomwash|67/100|[from] item: Leftovers
|upkeep
|turn|14
|
|t:|1666026759
|move|p1a: rotomwash|Nasty Plot|p1a: rotomwash
|-boost|p1a: rotomwash|spa|2
|move|p2a: Clefable|Moonblast|p1a: rotomwash
|-damage|p1a: rotomwash|32/100
|-unboost|p1a: rotomwash|spa|1
|
|-heal|p1a: rotomwash|38/100|[from] item: Leftovers
|upkeep
|turn|15
|
|t:|1666026780
|move|p1a: rotomwash|Pain Split|p2a: Clefable
|-sethp|p2a: Clefable|65/100|[from] move: Pain Split|[silent]
|-sethp|p1a: rotomwash|84/100|[from] move: Pain Split
|move|p2a: Clefable|Calm Mind|p2a: Clefable
|-boost|p2a: Clefable|spa|1
|-boost|p2a: Clefable|spd|1
|
|-heal|p1a: rotomwash|90/100|[from] item: Leftovers
|-heal|p2a: Clefable|71/100|[from] item: Leftovers
|upkeep
|turn|16
|
|t:|1666026788
|switch|p1a: Melmetal|Melmetal|94/100
|-damage|p1a: Melmetal|88/100|[from] Stealth Rock
|move|p2a: Clefable|Moonblast|p1a: Melmetal
|-resisted|p1a: Melmetal
|-damage|p1a: Melmetal|75/100
|
|-heal|p2a: Clefable|77/100|[from] item: Leftovers
|upkeep
|turn|17
|
|t:|1666026798
|switch|p2a: Corviknight|Corviknight, M|82/100
|-damage|p2a: Corviknight|70/100|[from] Stealth Rock
|-ability|p2a: Corviknight|Pressure
|move|p1a: Melmetal|Thunder Punch|p2a: Corviknight
|-supereffective|p2a: Corviknight
|-damage|p2a: Corviknight|25/100
|-status|p2a: Corviknight|par
|-damage|p1a: Melmetal|59/100|[from] item: Rocky Helmet|[of] p2a: Corviknight
|
|upkeep
|turn|18
|
|t:|1666026816
|move|p1a: Melmetal|Thunder Punch|p2a: Corviknight
|-supereffective|p2a: Corviknight
|-damage|p2a: Corviknight|0 fnt
|-damage|p1a: Melmetal|42/100|[from] item: Rocky Helmet|[of] p2a: Corviknight
|faint|p2a: Corviknight
|
|upkeep
|
|t:|1666026823
|switch|p2a: Landorus|Landorus-Therian, M|39/100
|-damage|p2a: Landorus|27/100|[from] Stealth Rock
|-ability|p2a: Landorus|Intimidate|boost
|-unboost|p1a: Melmetal|atk|1
|turn|19
|
|t:|1666026828
|switch|p1a: landorustherian|Landorus-Therian, M|76/100
|-damage|p1a: landorustherian|63/100|[from] Stealth Rock
|-ability|p1a: landorustherian|Intimidate|boost
|-unboost|p2a: Landorus|atk|1
|move|p2a: Landorus|Earthquake|p1a: landorustherian
|-immune|p1a: landorustherian
|
|-heal|p1a: landorustherian|69/100|[from] item: Leftovers
|-heal|p2a: Landorus|33/100|[from] item: Leftovers
|upkeep
|turn|20
|
|t:|1666026837
|move|p1a: landorustherian|U-turn|p2a: Landorus
|-resisted|p2a: Landorus
|-damage|p2a: Landorus|22/100
|
|t:|1666026838
|switch|p1a: Tangrowth|Tangrowth, M|40/100 brn|[from]move: U-turn
|-damage|p1a: Tangrowth|28/100 brn|[from] Stealth Rock
|move|p2a: Landorus|U-turn|p1a: Tangrowth
|-supereffective|p1a: Tangrowth
|-damage|p1a: Tangrowth|13/100 brn
|-damage|p2a: Landorus|5/100|[from] item: Rocky Helmet|[of] p1a: Tangrowth
|
|t:|1666026846
|switch|p2a: Tyranitar|Tyranitar, M|72/100|[from]move: U-turn
|-damage|p2a: Tyranitar|59/100|[from] Stealth Rock
|-weather|Sandstorm|[from] ability: Sand Stream|[of] p2a: Tyranitar
|
|-weather|Sandstorm|[upkeep]
|-damage|p1a: Tangrowth|7/100 brn|[from] Sandstorm
|-damage|p1a: Tangrowth|1/100 brn|[from] brn
|upkeep
|turn|21
|
|t:|1666026856
|move|p2a: Tyranitar|Crunch|p1a: Tangrowth
|-damage|p1a: Tangrowth|0 fnt
|-damage|p2a: Tyranitar|43/100|[from] item: Rocky Helmet|[of] p1a: Tangrowth
|faint|p1a: Tangrowth
|
|-weather|Sandstorm|[upkeep]
|upkeep
|
|t:|1666026856
|switch|p1a: rotomwash|Rotom-Wash|90/100
|-damage|p1a: rotomwash|78/100|[from] Stealth Rock
|turn|22
|
|t:|1666026868
|switch|p2a: Rotom|Rotom-Wash|100/100
|-damage|p2a: Rotom|88/100|[from] Stealth Rock
|move|p1a: rotomwash|Hydro Pump|p2a: Rotom
|-resisted|p2a: Rotom
|-damage|p2a: Rotom|65/100
|
|-weather|Sandstorm|[upkeep]
|-damage|p1a: rotomwash|72/100|[from] Sandstorm
|-damage|p2a: Rotom|58/100|[from] Sandstorm
|-heal|p1a: rotomwash|78/100|[from] item: Leftovers
|-heal|p2a: Rotom|65/100|[from] item: Leftovers
|upkeep
|turn|23
|
|t:|1666026879
|move|p1a: rotomwash|Thunderbolt|p2a: Rotom
|-damage|p2a: Rotom|28/100
|move|p2a: Rotom|Volt Switch|p1a: rotomwash
|-damage|p1a: rotomwash|52/100
|j| asheroakthorn
|
|t:|1666026886
|switch|p2a: Kartana|Kartana|100/100|[from]move: Volt Switch
|-damage|p2a: Kartana|94/100|[from] Stealth Rock
|
|-weather|Sandstorm|[upkeep]
|-damage|p1a: rotomwash|46/100|[from] Sandstorm
|-heal|p1a: rotomwash|52/100|[from] item: Leftovers
|upkeep
|turn|24
|
|t:|1666026898
|switch|p1a: Melmetal|Melmetal|42/100
|-damage|p1a: Melmetal|36/100|[from] Stealth Rock
|move|p2a: Kartana|Sacred Sword|p1a: Melmetal
|-supereffective|p1a: Melmetal
|-crit|p1a: Melmetal
|-damage|p1a: Melmetal|0 fnt
|faint|p1a: Melmetal
|-ability|p2a: Kartana|Beast Boost|boost
|-boost|p2a: Kartana|atk|1
|
|-weather|none
|upkeep
|
|t:|1666026898
|switch|p1a: landorustherian|Landorus-Therian, M|69/100
|-damage|p1a: landorustherian|57/100|[from] Stealth Rock
|-ability|p1a: landorustherian|Intimidate|boost
|-unboost|p2a: Kartana|atk|1
|turn|25
|
|t:|1666026919
|switch|p2a: Landorus|Landorus-Therian, M|5/100
|-damage|p2a: Landorus|0 fnt|[from] Stealth Rock
|faint|p2a: Landorus
|move|p1a: landorustherian|U-turn|p2: Landorus|[notarget]
|-fail|p1a: landorustherian
|
|-heal|p1a: landorustherian|63/100|[from] item: Leftovers
|upkeep
|j| blended cabbage
|inactive|bizarman has 120 seconds left.
|
|t:|1666026940
|switch|p2a: Clefable|Clefable, F|77/100
|turn|26
|
|t:|1666026943
|move|p1a: landorustherian|Earthquake|p2a: Clefable
|-damage|p2a: Clefable|38/100
|move|p2a: Clefable|Soft-Boiled|p2a: Clefable
|-heal|p2a: Clefable|88/100
|
|-heal|p1a: landorustherian|69/100|[from] item: Leftovers
|-heal|p2a: Clefable|94/100|[from] item: Leftovers
|upkeep
|turn|27
|
|t:|1666026951
|move|p1a: landorustherian|Earthquake|p2a: Clefable
|-damage|p2a: Clefable|55/100
|move|p2a: Clefable|Calm Mind|p2a: Clefable
|-boost|p2a: Clefable|spa|1
|-boost|p2a: Clefable|spd|1
|
|-heal|p1a: landorustherian|75/100|[from] item: Leftovers
|-heal|p2a: Clefable|61/100|[from] item: Leftovers
|upkeep
|turn|28
|
|t:|1666026959
|move|p1a: landorustherian|Earthquake|p2a: Clefable
|-crit|p2a: Clefable
|-damage|p2a: Clefable|3/100
|move|p2a: Clefable|Soft-Boiled|p2a: Clefable
|-heal|p2a: Clefable|53/100
|
|-heal|p1a: landorustherian|81/100|[from] item: Leftovers
|-heal|p2a: Clefable|59/100|[from] item: Leftovers
|upkeep
|turn|29
|
|t:|1666026967
|move|p1a: landorustherian|Earthquake|p2a: Clefable
|-damage|p2a: Clefable|18/100
|move|p2a: Clefable|Soft-Boiled|p2a: Clefable
|-heal|p2a: Clefable|68/100
|
|-heal|p1a: landorustherian|87/100|[from] item: Leftovers
|-heal|p2a: Clefable|74/100|[from] item: Leftovers
|upkeep
|turn|30
|
|t:|1666026975
|move|p1a: landorustherian|Earthquake|p2a: Clefable
|-damage|p2a: Clefable|34/100
|move|p2a: Clefable|Moonblast|p1a: landorustherian
|-crit|p1a: landorustherian
|-damage|p1a: landorustherian|31/100
|
|-heal|p1a: landorustherian|37/100|[from] item: Leftovers
|-heal|p2a: Clefable|40/100|[from] item: Leftovers
|upkeep
|turn|31
|
|t:|1666026985
|switch|p2a: Rotom|Rotom-Wash|28/100
|-damage|p2a: Rotom|15/100|[from] Stealth Rock
|move|p1a: landorustherian|Earthquake|p2a: Rotom
|-immune|p2a: Rotom|[from] ability: Levitate
|
|-heal|p1a: landorustherian|43/100|[from] item: Leftovers
|-heal|p2a: Rotom|22/100|[from] item: Leftovers
|upkeep
|turn|32
|
|t:|1666026994
|move|p1a: landorustherian|U-turn|p2a: Rotom
|-damage|p2a: Rotom|5/100
|
|t:|1666026995
|switch|p1a: rotomwash|Rotom-Wash|52/100|[from]move: U-turn
|-damage|p1a: rotomwash|40/100|[from] Stealth Rock
|move|p2a: Rotom|Pain Split|p1a: rotomwash
|-sethp|p1a: rotomwash|22/100|[from] move: Pain Split|[silent]
|-sethp|p2a: Rotom|22/100|[from] move: Pain Split
|
|-heal|p1a: rotomwash|28/100|[from] item: Leftovers
|-heal|p2a: Rotom|28/100|[from] item: Leftovers
|upkeep
|turn|33
|
|t:|1666027007
|switch|p2a: Clefable|Clefable, F|40/100
|move|p1a: rotomwash|Thunderbolt|p2a: Clefable
|-damage|p2a: Clefable|8/100
|
|-heal|p1a: rotomwash|35/100|[from] item: Leftovers
|-heal|p2a: Clefable|14/100|[from] item: Leftovers
|upkeep
|turn|34
|l| asheroakthorn
|
|t:|1666027015
|move|p1a: rotomwash|Thunderbolt|p2a: Clefable
|-damage|p2a: Clefable|0 fnt
|faint|p2a: Clefable
|
|-heal|p1a: rotomwash|41/100|[from] item: Leftovers
|upkeep
|
|t:|1666027021
|switch|p2a: Kartana|Kartana|94/100
|-damage|p2a: Kartana|88/100|[from] Stealth Rock
|turn|35
|
|t:|1666027025
|switch|p1a: Heatran|Heatran, M|95/100
|-damage|p1a: Heatran|83/100|[from] Stealth Rock
|move|p2a: Kartana|Sacred Sword|p1a: Heatran
|-supereffective|p1a: Heatran
|-damage|p1a: Heatran|0 fnt
|faint|p1a: Heatran
|-ability|p2a: Kartana|Beast Boost|boost
|-boost|p2a: Kartana|atk|1
|
|upkeep
|
|t:|1666027025
|switch|p1a: landorustherian|Landorus-Therian, M|43/100
|-damage|p1a: landorustherian|31/100|[from] Stealth Rock
|-ability|p1a: landorustherian|Intimidate|boost
|-unboost|p2a: Kartana|atk|1
|turn|36
|
|t:|1666027038
|switch|p2a: Rotom|Rotom-Wash|28/100
|-damage|p2a: Rotom|16/100|[from] Stealth Rock
|move|p1a: landorustherian|Earthquake|p2a: Rotom
|-immune|p2a: Rotom|[from] ability: Levitate
|
|-heal|p1a: landorustherian|37/100|[from] item: Leftovers
|-heal|p2a: Rotom|22/100|[from] item: Leftovers
|upkeep
|turn|37
|
|t:|1666027047
|move|p1a: landorustherian|U-turn|p2a: Rotom
|-damage|p2a: Rotom|3/100
|
|t:|1666027047
|switch|p1a: rotomwash|Rotom-Wash|41/100|[from]move: U-turn
|-damage|p1a: rotomwash|28/100|[from] Stealth Rock
|move|p2a: Rotom|Hydro Pump|p1a: rotomwash
|-resisted|p1a: rotomwash
|-damage|p1a: rotomwash|7/100
|
|-heal|p1a: rotomwash|13/100|[from] item: Leftovers
|-heal|p2a: Rotom|10/100|[from] item: Leftovers
|upkeep
|turn|38
|
|t:|1666027058
|move|p1a: rotomwash|Thunderbolt|p2a: Rotom
|-damage|p2a: Rotom|0 fnt
|faint|p2a: Rotom
|
|-heal|p1a: rotomwash|19/100|[from] item: Leftovers
|upkeep
|
|t:|1666027063
|switch|p2a: Kartana|Kartana|88/100
|-damage|p2a: Kartana|82/100|[from] Stealth Rock
|turn|39
|
|t:|1666027067
|move|p2a: Kartana|Leaf Blade|p1a: rotomwash
|-supereffective|p1a: rotomwash
|-damage|p1a: rotomwash|0 fnt
|faint|p1a: rotomwash
|-ability|p2a: Kartana|Beast Boost|boost
|-boost|p2a: Kartana|atk|1
|
|upkeep
|
|t:|1666027067
|switch|p1a: landorustherian|Landorus-Therian, M|37/100
|-damage|p1a: landorustherian|24/100|[from] Stealth Rock
|-ability|p1a: landorustherian|Intimidate|boost
|-unboost|p2a: Kartana|atk|1
|turn|40
|
|t:|1666027076
|move|p2a: Kartana|Leaf Blade|p1a: landorustherian
|-crit|p1a: landorustherian
|-damage|p1a: landorustherian|0 fnt
|faint|p1a: landorustherian
|-ability|p2a: Kartana|Beast Boost|boost
|-boost|p2a: Kartana|atk|1
|
|upkeep
|
|t:|1666027076
|switch|p1a: Weavile|Weavile, M|100/100
|-damage|p1a: Weavile|76/100|[from] Stealth Rock
|-ability|p1a: Weavile|Pressure
|turn|41
|
|t:|1666027085
|move|p1a: Weavile|Ice Shard|p2a: Kartana
|-damage|p2a: Kartana|53/100
|move|p2a: Kartana|Leaf Blade|p1a: Weavile
|-damage|p1a: Weavile|0 fnt
|faint|p1a: Weavile
|
|win|bizarman
|raw|minimax_ai's rating: 1660 &rarr; <strong>1645</strong><br />(-15 for losing)
|raw|bizarman's rating: 1756 &rarr; <strong>1771</strong><br />(+15 for winning)
|c|☆minimax_ai|gg
