|j|☆JooshP
|j|☆Rorolina Frixell
|t:|1658682243
|gametype|singles
|player|p1|JooshP|red|1726
|player|p2|Rorolina Frixell|idol|1767
|teamsize|p1|6
|teamsize|p2|6
|gen|8
|tier|[Gen 8] OU
|rated|
|rule|Sleep Clause Mod: Limit one foe put to sleep
|rule|Species Clause: Limit one of each Pokémon
|rule|OHKO Clause: OHKO moves are banned
|rule|Evasion Moves Clause: Evasion moves are banned
|rule|Endless Battle Clause: Forcing endless battles is banned
|rule|HP Percentage Mod: HP is shown in percentages
|rule|Dynamax Clause: You cannot dynamax
|clearpoke
|poke|p1|Alakazam, M|
|poke|p1|Ferrothorn, F|
|poke|p1|Tyranitar, M|
|poke|p1|Blacephalon|
|poke|p1|Rotom-Wash|
|poke|p1|Garchomp, M|
|poke|p2|Ninetales-Alola, M|
|poke|p2|Arctozolt|
|poke|p2|Mandibuzz, F|
|poke|p2|Slowbro, F|
|poke|p2|Swampert, M|
|poke|p2|Kartana|
|teampreview
|inactive|Battle timer is ON: inactive players will automatically lose when time's up. (requested by Rorolina Frixell)
|
|t:|1658682251
|start
|switch|p1a: Alakazam|Alakazam, M|100/100
|switch|p2a: Slowbro|Slowbro, F|100/100
|turn|1
|
|t:|1658682263
|move|p1a: Alakazam|Nasty Plot|p1a: Alakazam
|-boost|p1a: Alakazam|spa|2
|move|p2a: Slowbro|Flamethrower|p1a: Alakazam
|-damage|p1a: Alakazam|70/100
|
|upkeep
|turn|2
|
|t:|1658682271
|switch|p2a: Mandibuzz|Mandibuzz, F|100/100
|move|p1a: Alakazam|Shadow Ball|p2a: Mandibuzz
|-resisted|p2a: Mandibuzz
|-damage|p2a: Mandibuzz|72/100
|
|upkeep
|turn|3
|
|t:|1658682277
|switch|p2a: Swampert|Swampert, M|100/100
|move|p1a: Alakazam|Focus Blast|p2a: Swampert
|-damage|p2a: Swampert|24/100
|-unboost|p2a: Swampert|spd|1
|
|-heal|p2a: Swampert|30/100|[from] item: Leftovers
|upkeep
|turn|4
|
|t:|1658682281
|move|p1a: Alakazam|Psychic|p2a: Swampert
|-damage|p2a: Swampert|0 fnt
|faint|p2a: Swampert
|
|upkeep
|
|t:|1658682285
|switch|p2a: Kartana|Kartana|100/100
|turn|5
|
|t:|1658682288
|switch|p1a: Ferrothorn|Ferrothorn, F|100/100
|move|p2a: Kartana|Knock Off|p1a: Ferrothorn
|-damage|p1a: Ferrothorn|73/100
|-damage|p2a: Kartana|88/100|[from] ability: Iron Barbs|[of] p1a: Ferrothorn
|-enditem|p1a: Ferrothorn|Leftovers|[from] move: Knock Off|[of] p2a: Kartana
|
|upkeep
|turn|6
|
|t:|1658682293
|switch|p2a: Slowbro|Slowbro, F|100/100
|switch|p1a: Alakazam|Alakazam, M|70/100
|
|upkeep
|turn|7
|
|t:|1658682297
|move|p1a: Alakazam|Shadow Ball|p2a: Slowbro
|-supereffective|p2a: Slowbro
|-damage|p2a: Slowbro|29/100
|-unboost|p2a: Slowbro|spd|1
|move|p2a: Slowbro|Teleport|p2a: Slowbro
|
|t:|1658682300
|switch|p2a: Kartana|Kartana|88/100|[from]move: Teleport
|
|upkeep
|turn|8
|j| PikaBlurry
|
|t:|1658682305
|switch|p2a: Slowbro|Slowbro, F|62/100
|switch|p1a: Ferrothorn|Ferrothorn, F|73/100
|
|upkeep
|turn|9
|
|t:|1658682308
|switch|p1a: Rotom|Rotom-Wash|100/100
|move|p2a: Slowbro|Flamethrower|p1a: Rotom
|-resisted|p1a: Rotom
|-damage|p1a: Rotom|89/100
|
|-heal|p1a: Rotom|96/100|[from] item: Leftovers
|upkeep
|turn|10
|
|t:|1658682315
|switch|p2a: Arctozolt|Arctozolt|100/100
|move|p1a: Rotom|Volt Switch|p2a: Arctozolt
|-resisted|p2a: Arctozolt
|-damage|p2a: Arctozolt|81/100
|
|t:|1658682330
|switch|p1a: Garchomp|Garchomp, M|100/100|[from]move: Volt Switch
|
|upkeep
|turn|11
|j| Annibaleo
|j| SubmergedWater
|
|t:|1658682338
|switch|p2a: Ninetales|Ninetales-Alola, M|100/100
|-weather|Hail|[from] ability: Snow Warning|[of] p2a: Ninetales
|move|p1a: Garchomp|Earthquake|p2a: Ninetales
|-crit|p2a: Ninetales
|-damage|p2a: Ninetales|2/100
|
|-weather|Hail|[upkeep]
|-damage|p1a: Garchomp|94/100|[from] Hail
|-heal|p1a: Garchomp|100/100|[from] item: Leftovers
|upkeep
|turn|12
|
|t:|1658682345
|switch|p2a: Kartana|Kartana|88/100
|switch|p1a: Tyranitar|Tyranitar, M|100/100
|-weather|Sandstorm|[from] ability: Sand Stream|[of] p1a: Tyranitar
|
|-weather|Sandstorm|[upkeep]
|upkeep
|turn|13
|
|t:|1658682360
|switch|p1a: Garchomp|Garchomp, M|100/100
|move|p2a: Kartana|Sacred Sword|p1a: Garchomp
|-damage|p1a: Garchomp|60/100
|-damage|p2a: Kartana|76/100|[from] ability: Rough Skin|[of] p1a: Garchomp
|
|-weather|Sandstorm|[upkeep]
|-heal|p1a: Garchomp|67/100|[from] item: Leftovers
|upkeep
|turn|14
|
|t:|1658682367
|switch|p2a: Mandibuzz|Mandibuzz, F|72/100
|move|p1a: Garchomp|Scale Shot|p2a: Mandibuzz|[miss]
|-miss|p1a: Garchomp|p2a: Mandibuzz
|
|-weather|Sandstorm|[upkeep]
|-heal|p1a: Garchomp|73/100|[from] item: Leftovers
|upkeep
|turn|15
|l| PikaBlurry
|j| Jack Ryan Analyste
|
|t:|1658682375
|move|p1a: Garchomp|Stone Edge|p2a: Mandibuzz
|-supereffective|p2a: Mandibuzz
|-damage|p2a: Mandibuzz|33/100
|move|p2a: Mandibuzz|U-turn|p1a: Garchomp
|-crit|p1a: Garchomp
|-damage|p1a: Garchomp|56/100
|-damage|p2a: Mandibuzz|20/100|[from] ability: Rough Skin|[of] p1a: Garchomp
|
|t:|1658682378
|switch|p2a: Ninetales|Ninetales-Alola, M|2/100|[from]move: U-turn
|-weather|Hail|[from] ability: Snow Warning|[of] p2a: Ninetales
|
|-weather|Hail|[upkeep]
|-damage|p1a: Garchomp|50/100|[from] Hail
|-heal|p1a: Garchomp|56/100|[from] item: Leftovers
|upkeep
|turn|16
|
|t:|1658682384
|switch|p2a: Arctozolt|Arctozolt|81/100
|switch|p1a: Tyranitar|Tyranitar, M|100/100
|-weather|Sandstorm|[from] ability: Sand Stream|[of] p1a: Tyranitar
|
|-weather|Sandstorm|[upkeep]
|-damage|p2a: Arctozolt|75/100|[from] Sandstorm
|upkeep
|turn|17
|
|t:|1658682388
|move|p2a: Arctozolt|Low Kick|p1a: Tyranitar
|-supereffective|p1a: Tyranitar
|-damage|p1a: Tyranitar|0 fnt
|faint|p1a: Tyranitar
|
|-weather|Sandstorm|[upkeep]
|-damage|p2a: Arctozolt|68/100|[from] Sandstorm
|upkeep
|
|t:|1658682401
|switch|p1a: Blacephalon|Blacephalon|100/100
|turn|18
|j| animekingreal
|
|t:|1658682414
|switch|p2a: Mandibuzz|Mandibuzz, F|20/100
|move|p1a: Blacephalon|Shadow Ball|p2a: Mandibuzz
|-resisted|p2a: Mandibuzz
|-damage|p2a: Mandibuzz|2/100
|
|-weather|Sandstorm|[upkeep]
|-damage|p1a: Blacephalon|94/100|[from] Sandstorm
|upkeep
|turn|19
|
|t:|1658682420
|move|p1a: Blacephalon|Shadow Ball|p2a: Mandibuzz
|-resisted|p2a: Mandibuzz
|-damage|p2a: Mandibuzz|0 fnt
|faint|p2a: Mandibuzz
|-ability|p1a: Blacephalon|Beast Boost|boost
|-boost|p1a: Blacephalon|spa|1
|
|-weather|Sandstorm|[upkeep]
|-damage|p1a: Blacephalon|88/100|[from] Sandstorm
|upkeep
|
|t:|1658682422
|switch|p2a: Kartana|Kartana|76/100
|turn|20
|
|t:|1658682430
|switch|p2a: Ninetales|Ninetales-Alola, M|2/100
|-weather|Hail|[from] ability: Snow Warning|[of] p2a: Ninetales
|switch|p1a: Alakazam|Alakazam, M|70/100
|
|-weather|Hail|[upkeep]
|upkeep
|turn|21
|
|t:|1658682436
|switch|p2a: Slowbro|Slowbro, F|95/100
|move|p1a: Alakazam|Psychic|p2a: Slowbro
|-resisted|p2a: Slowbro
|-damage|p2a: Slowbro|61/100
|
|-weather|Hail|[upkeep]
|-damage|p2a: Slowbro|55/100|[from] Hail
|upkeep
|turn|22
|
|t:|1658682439
|move|p1a: Alakazam|Shadow Ball|p2a: Slowbro
|-supereffective|p2a: Slowbro
|-damage|p2a: Slowbro|0 fnt
|faint|p2a: Slowbro
|
|-weather|Hail|[upkeep]
|upkeep
|
|t:|1658682441
|switch|p2a: Arctozolt|Arctozolt|68/100
|turn|23
|
|t:|1658682444
|move|p2a: Arctozolt|Blizzard|p1a: Alakazam
|-damage|p1a: Alakazam|23/100
|move|p1a: Alakazam|Psychic|p2a: Arctozolt
|-damage|p2a: Arctozolt|0 fnt
|faint|p2a: Arctozolt
|
|-weather|Hail|[upkeep]
|upkeep
|-message|Rorolina Frixell forfeited.
|
|win|JooshP
|raw|JooshP's rating: 1726 &rarr; <strong>1748</strong><br />(+22 for winning)
|raw|Rorolina Frixell's rating: 1767 &rarr; <strong>1745</strong><br />(-22 for losing)
|l|☆Rorolina Frixell
||Ladder isn't responding, score probably updated but might not have (Request timeout).
