|j|☆Bassyxx
|j|☆Bossbar123
|player|p1|Bassyxx|teammagmagruntf-gen3|1196
|player|p2|Bossbar123|169|1187
|teamsize|p1|6
|teamsize|p2|6
|gametype|singles
|gen|8
|tier|[Gen 8] OU
|rated|
|clearpoke
|poke|p1|Kyurem|
|poke|p1|Togekiss, F|
|poke|p1|Torkoal, M|
|poke|p1|Cinderace, M|
|poke|p1|Corviknight, F|
|poke|p1|Gyarados, F|
|poke|p2|Cinderace, M|
|poke|p2|Espeon, M|
|poke|p2|Ditto|
|poke|p2|Togekiss, F|
|poke|p2|Jirachi|
|poke|p2|Hawlucha, F|
|rule|Sleep Clause Mod: Limit one foe put to sleep
|rule|Species Clause: Limit one of each Pokémon
|rule|OHKO Clause: OHKO moves are banned
|rule|Evasion Moves Clause: Evasion moves are banned
|rule|Endless Battle Clause: Forcing endless battles is banned
|rule|HP Percentage Mod: HP is shown in percentages
|rule|Dynamax Clause: You cannot dynamax
|teampreview
|inactive|Battle timer is ON: inactive players will automatically lose when time's up. (requested by Bossbar123)
|inactive|Bassyxx has 120 seconds left.
|inactive|Bassyxx has 90 seconds left.
|
|start
|switch|p1a: Torkoal|Torkoal, M|100/100
|switch|p2a: Jirachi|Jirachi|100/100
|-weather|SunnyDay|[from] ability: Drought|[of] p1a: Torkoal
|turn|1
|
|switch|p2a: Espeon|Espeon, M|100/100
|move|p1a: Torkoal|Stealth Rock|p2a: Espeon
|move|p2a: Espeon|Stealth Rock|p1a: Torkoal|[from]Magic Bounce
|-sidestart|p1: Bassyxx|move: Stealth Rock
|
|-weather|SunnyDay|[upkeep]
|upkeep
|turn|2
|
|switch|p2a: Cinderace|Cinderace, M|100/100
|move|p1a: Torkoal|Clear Smog|p2a: Cinderace
|-damage|p2a: Cinderace|79/100
|-clearboost|p2a: Cinderace
|
|-weather|SunnyDay|[upkeep]
|upkeep
|turn|3
|
|move|p2a: Cinderace|High Jump Kick|p1a: Torkoal
|-damage|p1a: Torkoal|70/100
|move|p1a: Torkoal|Rapid Spin|p2a: Cinderace
|-damage|p2a: Cinderace|67/100
|-boost|p1a: Torkoal|spe|1
|-sideend|p1: Bassyxx|Stealth Rock|[from] move: Rapid Spin|[of] p1a: Torkoal
|
|-weather|SunnyDay|[upkeep]
|upkeep
|turn|4
|
|switch|p1a: Gyarados|Gyarados, F|100/100
|move|p2a: Cinderace|High Jump Kick|p1a: Gyarados
|-resisted|p1a: Gyarados
|-damage|p1a: Gyarados|73/100
|
|-weather|SunnyDay|[upkeep]
|upkeep
|turn|5
|
|switch|p2a: Ditto|Ditto|100/100
|-transform|p2a: Ditto|p1a: Gyarados|[from] ability: Imposter
|move|p1a: Gyarados|Dragon Dance|p1a: Gyarados
|-boost|p1a: Gyarados|atk|1
|-boost|p1a: Gyarados|spe|1
|
|-weather|SunnyDay|[upkeep]
|upkeep
|turn|6
|
|move|p2a: Ditto|Dragon Dance|p2a: Ditto
|-boost|p2a: Ditto|atk|1
|-boost|p2a: Ditto|spe|1
|move|p1a: Gyarados|Power Whip|p2a: Ditto
|-damage|p2a: Ditto|0 fnt
|-damage|p1a: Gyarados|63/100|[from] item: Life Orb
|faint|p2a: Ditto
|-ability|p1a: Gyarados|Moxie|boost
|-boost|p1a: Gyarados|atk|1
|
|-weather|SunnyDay|[upkeep]
|upkeep
|
|switch|p2a: Togekiss|Togekiss, F|100/100
|turn|7
|
|move|p2a: Togekiss|Air Slash|p1a: Gyarados
|-damage|p1a: Gyarados|23/100
|cant|p1a: Gyarados|flinch
|
|-weather|SunnyDay|[upkeep]
|upkeep
|turn|8
|
|switch|p1a: Corviknight|Corviknight, F|100/100
|move|p2a: Togekiss|Air Slash|p1a: Corviknight
|-resisted|p1a: Corviknight
|-damage|p1a: Corviknight|87/100
|
|-weather|none
|upkeep
|turn|9
|
|switch|p2a: Jirachi|Jirachi|100/100
|move|p1a: Corviknight|Bulk Up|p1a: Corviknight
|-boost|p1a: Corviknight|atk|1
|-boost|p1a: Corviknight|def|1
|
|upkeep
|turn|10
|
|move|p2a: Jirachi|Encore|p1a: Corviknight
|-start|p1a: Corviknight|Encore
|move|p1a: Corviknight|Bulk Up|p1a: Corviknight
|-boost|p1a: Corviknight|atk|1
|-boost|p1a: Corviknight|def|1
|
|upkeep
|turn|11
|
|switch|p2a: Cinderace|Cinderace, M|67/100
|move|p1a: Corviknight|Bulk Up|p1a: Corviknight
|-boost|p1a: Corviknight|atk|1
|-boost|p1a: Corviknight|def|1
|
|upkeep
|turn|12
|
|move|p2a: Cinderace|Pyro Ball|p1a: Corviknight
|-supereffective|p1a: Corviknight
|-damage|p1a: Corviknight|48/100
|move|p1a: Corviknight|Bulk Up|p1a: Corviknight
|-boost|p1a: Corviknight|atk|1
|-boost|p1a: Corviknight|def|1
|
|-end|p1a: Corviknight|Encore
|upkeep
|turn|13
|
|move|p2a: Cinderace|Pyro Ball|p1a: Corviknight
|-supereffective|p1a: Corviknight
|-damage|p1a: Corviknight|15/100
|move|p1a: Corviknight|Roost|p1a: Corviknight
|-heal|p1a: Corviknight|65/100
|-singleturn|p1a: Corviknight|move: Roost
|
|upkeep
|turn|14
|
|move|p2a: Cinderace|Pyro Ball|p1a: Corviknight
|-supereffective|p1a: Corviknight
|-damage|p1a: Corviknight|33/100
|move|p1a: Corviknight|Roost|p1a: Corviknight
|-heal|p1a: Corviknight|83/100
|-singleturn|p1a: Corviknight|move: Roost
|
|upkeep
|turn|15
|
|move|p2a: Cinderace|Pyro Ball|p1a: Corviknight
|-supereffective|p1a: Corviknight
|-damage|p1a: Corviknight|50/100
|move|p1a: Corviknight|Bulk Up|p1a: Corviknight
|-boost|p1a: Corviknight|atk|1
|-boost|p1a: Corviknight|def|1
|
|upkeep
|turn|16
|
|move|p2a: Cinderace|Pyro Ball|p1a: Corviknight
|-supereffective|p1a: Corviknight
|-damage|p1a: Corviknight|25/100
|move|p1a: Corviknight|Roost|p1a: Corviknight
|-heal|p1a: Corviknight|75/100
|-singleturn|p1a: Corviknight|move: Roost
|
|upkeep
|turn|17
|
|move|p2a: Cinderace|Pyro Ball|p1a: Corviknight
|-supereffective|p1a: Corviknight
|-damage|p1a: Corviknight|49/100
|move|p1a: Corviknight|Power Trip|p2a: Cinderace
|-crit|p2a: Cinderace
|-damage|p2a: Cinderace|0 fnt
|faint|p2a: Cinderace
|
|upkeep
|
|switch|p2a: Jirachi|Jirachi|100/100
|turn|18
|
|switch|p2a: Hawlucha|Hawlucha, F|100/100
|move|p1a: Corviknight|Body Press|p2a: Hawlucha
|-resisted|p2a: Hawlucha
|-damage|p2a: Hawlucha|53/100
|
|upkeep
|turn|19
|inactive|Bassyxx has 120 seconds left.
|
|move|p2a: Hawlucha|Drain Punch|p1a: Corviknight
|-damage|p1a: Corviknight|41/100
|-heal|p2a: Hawlucha|58/100|[from] drain|[of] p1a: Corviknight
|-damage|p2a: Hawlucha|42/100|[from] item: Rocky Helmet|[of] p1a: Corviknight
|-enditem|p2a: Hawlucha|Sitrus Berry|[eat]
|-heal|p2a: Hawlucha|67/100|[from] item: Sitrus Berry
|move|p1a: Corviknight|Power Trip|p2a: Hawlucha
|-resisted|p2a: Hawlucha
|-damage|p2a: Hawlucha|0 fnt
|faint|p2a: Hawlucha
|
|upkeep
|
|switch|p2a: Togekiss|Togekiss, F|100/100
|turn|20
|
|move|p2a: Togekiss|Flamethrower|p1a: Corviknight
|-supereffective|p1a: Corviknight
|-damage|p1a: Corviknight|4/100
|move|p1a: Corviknight|Roost|p1a: Corviknight
|-heal|p1a: Corviknight|54/100
|-singleturn|p1a: Corviknight|move: Roost
|
|upkeep
|turn|21
|
|move|p2a: Togekiss|Flamethrower|p1a: Corviknight
|-supereffective|p1a: Corviknight
|-damage|p1a: Corviknight|15/100
|move|p1a: Corviknight|Roost|p1a: Corviknight
|-heal|p1a: Corviknight|65/100
|-singleturn|p1a: Corviknight|move: Roost
|
|upkeep
|turn|22
|
|move|p2a: Togekiss|Flamethrower|p1a: Corviknight
|-supereffective|p1a: Corviknight
|-damage|p1a: Corviknight|24/100
|move|p1a: Corviknight|Roost|p1a: Corviknight
|-heal|p1a: Corviknight|74/100
|-singleturn|p1a: Corviknight|move: Roost
|
|upkeep
|turn|23
|
|move|p2a: Togekiss|Flamethrower|p1a: Corviknight
|-supereffective|p1a: Corviknight
|-damage|p1a: Corviknight|37/100
|-status|p1a: Corviknight|brn
|move|p1a: Corviknight|Power Trip|p2a: Togekiss
|-resisted|p2a: Togekiss
|-damage|p2a: Togekiss|54/100
|
|-damage|p1a: Corviknight|31/100 brn|[from] brn
|upkeep
|turn|24
|
|move|p2a: Togekiss|Flamethrower|p1a: Corviknight
|-supereffective|p1a: Corviknight
|-damage|p1a: Corviknight|0 fnt
|faint|p1a: Corviknight
|
|upkeep
|
|switch|p1a: Gyarados|Gyarados, F|23/100
|turn|25
|
|switch|p2a: Jirachi|Jirachi|100/100
|move|p1a: Gyarados|Aqua Tail|p2a: Jirachi
|-damage|p2a: Jirachi|34/100
|-damage|p1a: Gyarados|13/100|[from] item: Life Orb
|
|upkeep
|turn|26
|
|move|p2a: Jirachi|Iron Head|p1a: Gyarados
|-resisted|p1a: Gyarados
|-damage|p1a: Gyarados|0 fnt
|faint|p1a: Gyarados
|
|upkeep
|
|switch|p1a: Torkoal|Torkoal, M|70/100
|-weather|SunnyDay|[from] ability: Drought|[of] p1a: Torkoal
|turn|27
|
|move|p2a: Jirachi|Iron Head|p1a: Torkoal
|-resisted|p1a: Torkoal
|-damage|p1a: Torkoal|59/100
|move|p1a: Torkoal|Stealth Rock|p2a: Jirachi
|-sidestart|p2: Bossbar123|move: Stealth Rock
|
|-weather|SunnyDay|[upkeep]
|upkeep
|turn|28
|
|move|p2a: Jirachi|Iron Head|p1a: Torkoal
|-resisted|p1a: Torkoal
|-damage|p1a: Torkoal|45/100
|cant|p1a: Torkoal|flinch
|
|-weather|SunnyDay|[upkeep]
|upkeep
|turn|29
|
|move|p2a: Jirachi|Iron Head|p1a: Torkoal
|-resisted|p1a: Torkoal
|-damage|p1a: Torkoal|33/100
|cant|p1a: Torkoal|flinch
|
|-weather|SunnyDay|[upkeep]
|upkeep
|turn|30
|
|move|p2a: Jirachi|Iron Head|p1a: Torkoal
|-resisted|p1a: Torkoal
|-damage|p1a: Torkoal|19/100
|cant|p1a: Torkoal|flinch
|
|-weather|SunnyDay|[upkeep]
|upkeep
|turn|31
|
|move|p2a: Jirachi|Iron Head|p1a: Torkoal
|-resisted|p1a: Torkoal
|-damage|p1a: Torkoal|6/100
|cant|p1a: Torkoal|flinch
|
|-weather|SunnyDay|[upkeep]
|upkeep
|turn|32
|
|switch|p1a: Togekiss|Togekiss, F|100/100
|move|p2a: Jirachi|Iron Head|p1a: Togekiss
|-supereffective|p1a: Togekiss
|-damage|p1a: Togekiss|36/100
|
|-weather|SunnyDay|[upkeep]
|-heal|p1a: Togekiss|42/100|[from] item: Leftovers
|upkeep
|turn|33
|
|move|p2a: Jirachi|Iron Head|p1a: Togekiss
|-supereffective|p1a: Togekiss
|-damage|p1a: Togekiss|0 fnt
|faint|p1a: Togekiss
|
|-weather|SunnyDay|[upkeep]
|upkeep
|
|switch|p1a: Cinderace|Cinderace, M|100/100
|turn|34
|
|move|p2a: Jirachi|Iron Head|p1a: Cinderace
|-resisted|p1a: Cinderace
|-damage|p1a: Cinderace|77/100
|move|p1a: Cinderace|U-turn|p2a: Jirachi
|-damage|p2a: Jirachi|3/100
|
|switch|p1a: Torkoal|Torkoal, M|6/100|[from]move: U-turn
|
|-weather|none
|upkeep
|turn|35
|
|switch|p1a: Kyurem|Kyurem|100/100
|-ability|p1a: Kyurem|Pressure
|move|p2a: Jirachi|Iron Head|p1a: Kyurem
|-supereffective|p1a: Kyurem
|-damage|p1a: Kyurem|40/100
|
|upkeep
|turn|36
|
|switch|p1a: Torkoal|Torkoal, M|6/100
|-weather|SunnyDay|[from] ability: Drought|[of] p1a: Torkoal
|move|p2a: Jirachi|Iron Head|p1a: Torkoal
|-resisted|p1a: Torkoal
|-damage|p1a: Torkoal|0 fnt
|faint|p1a: Torkoal
|
|-weather|SunnyDay|[upkeep]
|upkeep
|
|switch|p1a: Cinderace|Cinderace, M|77/100
|turn|37
|
|move|p2a: Jirachi|Iron Head|p1a: Cinderace
|-resisted|p1a: Cinderace
|-damage|p1a: Cinderace|53/100
|move|p1a: Cinderace|Pyro Ball|p2a: Jirachi
|-supereffective|p2a: Jirachi
|-damage|p2a: Jirachi|0 fnt
|faint|p2a: Jirachi
|
|-weather|SunnyDay|[upkeep]
|upkeep
|
|switch|p2a: Togekiss|Togekiss, F|54/100
|-damage|p2a: Togekiss|29/100|[from] Stealth Rock
|turn|38
|
|move|p2a: Togekiss|Air Slash|p1a: Cinderace
|-damage|p1a: Cinderace|0 fnt
|faint|p1a: Cinderace
|
|-weather|SunnyDay|[upkeep]
|upkeep
|
|switch|p1a: Kyurem|Kyurem|40/100
|-ability|p1a: Kyurem|Pressure
|turn|39
|
|move|p2a: Togekiss|Air Slash|p1a: Kyurem
|-damage|p1a: Kyurem|19/100
|cant|p1a: Kyurem|flinch
|
|-weather|SunnyDay|[upkeep]
|upkeep
|turn|40
|
|move|p2a: Togekiss|Air Slash|p1a: Kyurem
|-damage|p1a: Kyurem|0 fnt
|faint|p1a: Kyurem
|
|win|Bossbar123
|c|☆Bossbar123|gg
|raw|Bassyxx's rating: 1196 &rarr; <strong>1170</strong><br />(-26 for losing)
|raw|Bossbar123's rating: 1187 &rarr; <strong>1213</strong><br />(+26 for winning)
|c|☆Bassyxx|Bro forreal
|c|☆Bossbar123|:p
|c|☆Bassyxx|Double scarf grace
|c|☆Bossbar123|it's very op
|c|☆Bassyxx|It isnt
|c|☆Bossbar123|0:
|c|☆Bassyxx|Hence you being sub 1200
|l|☆Bassyxx
