|html|<div class="broadcast-blue"><strong>[Gen 8] OU is currently suspecting Melmetal! For information on how to participate check out the <a href="https://www.smogon.com/forums/threads/np-ss-ou-suspect-process-round-12-monster-mash.3709234/">suspect thread</a>.</strong></div>
|j|☆ygorkaylane
|j|☆LoSconosciuto
|t:|1666562592
|gametype|singles
|player|p1|ygorkaylane|n|1613
|player|p2|LoSconosciuto|#teamgapdos|1660
|teamsize|p1|6
|teamsize|p2|6
|gen|8
|tier|[Gen 8] OU
|rated|
|rule|Sleep Clause Mod: Limit one foe put to sleep
|rule|Species Clause: Limit one of each Pokémon
|rule|OHKO Clause: OHKO moves are banned
|rule|Evasion Items Clause: Evasion items are banned
|rule|Evasion Moves Clause: Evasion moves are banned
|rule|Endless Battle Clause: Forcing endless battles is banned
|rule|HP Percentage Mod: HP is shown in percentages
|rule|Dynamax Clause: You cannot dynamax
|clearpoke
|poke|p1|Blissey, F|
|poke|p1|Zapdos|
|poke|p1|Buzzwole|
|poke|p1|Jirachi|
|poke|p1|Gastrodon, F|
|poke|p1|Ferrothorn, F|
|poke|p2|Kartana|
|poke|p2|Tapu Lele|
|poke|p2|Moltres-Galar|
|poke|p2|Cloyster, F|
|poke|p2|Landorus-Therian, M|
|poke|p2|Heatran, M|
|teampreview
|inactive|Battle timer is ON: inactive players will automatically lose when time's up. (requested by LoSconosciuto)
|j| Matheus RW
|inactive|LoSconosciuto has 120 seconds left.
|
|t:|1666562633
|start
|switch|p1a: Buzzwole|Buzzwole|100/100
|switch|p2a: Heatran|Heatran, M|100/100
|-item|p2a: Heatran|Air Balloon
|turn|1
|
|t:|1666562642
|switch|p2a: Tapu Lele|Tapu Lele|100/100
|-fieldstart|move: Psychic Terrain|[from] ability: Psychic Surge|[of] p2a: Tapu Lele
|switch|p1a: Gastrodon|Gastrodon, F|100/100
|
|upkeep
|turn|2
|
|t:|1666562651
|switch|p2a: Kartana|Kartana|100/100
|switch|p1a: Jirachi|Jirachi|100/100
|
|upkeep
|turn|3
|
|t:|1666562657
|switch|p1a: Buzzwole|Buzzwole|100/100
|move|p2a: Kartana|Knock Off|p1a: Buzzwole
|-resisted|p1a: Buzzwole
|-damage|p1a: Buzzwole|90/100
|-damage|p2a: Kartana|84/100|[from] item: Rocky Helmet|[of] p1a: Buzzwole
|-enditem|p1a: Buzzwole|Rocky Helmet|[from] move: Knock Off|[of] p2a: Kartana
|
|upkeep
|turn|4
|
|t:|1666562662
|switch|p2a: Tapu Lele|Tapu Lele|100/100
|move|p1a: Buzzwole|Drain Punch|p2a: Tapu Lele
|-resisted|p2a: Tapu Lele
|-damage|p2a: Tapu Lele|89/100
|-heal|p1a: Buzzwole|94/100|[from] drain|[of] p2a: Tapu Lele
|
|upkeep
|turn|5
|j| yb is BETTER
|
|t:|1666562671
|switch|p2a: Moltres|Moltres-Galar|100/100
|switch|p1a: Jirachi|Jirachi|100/100
|
|-fieldend|move: Psychic Terrain
|upkeep
|turn|6
|
|t:|1666562681
|switch|p2a: Heatran|Heatran, M|100/100
|-item|p2a: Heatran|Air Balloon
|switch|p1a: Gastrodon|Gastrodon, F|100/100
|
|upkeep
|turn|7
|
|t:|1666562689
|move|p2a: Heatran|Stealth Rock|p1a: Gastrodon
|-sidestart|p1: ygorkaylane|move: Stealth Rock
|move|p1a: Gastrodon|Scald|p2a: Heatran
|-supereffective|p2a: Heatran
|-damage|p2a: Heatran|61/100
|-enditem|p2a: Heatran|Air Balloon
|
|upkeep
|turn|8
|
|t:|1666562697
|switch|p2a: Tapu Lele|Tapu Lele|89/100
|-fieldstart|move: Psychic Terrain|[from] ability: Psychic Surge|[of] p2a: Tapu Lele
|move|p1a: Gastrodon|Scald|p2a: Tapu Lele
|-damage|p2a: Tapu Lele|64/100
|
|upkeep
|turn|9
|
|t:|1666562702
|switch|p2a: Moltres|Moltres-Galar|100/100
|switch|p1a: Jirachi|Jirachi|100/100
|-damage|p1a: Jirachi|94/100|[from] Stealth Rock
|
|-heal|p1a: Jirachi|100/100|[from] item: Leftovers
|upkeep
|turn|10
|
|t:|1666562706
|switch|p1a: Blissey|Blissey, F|100/100
|move|p2a: Moltres|Nasty Plot|p2a: Moltres
|-boost|p2a: Moltres|spa|2
|
|upkeep
|turn|11
|j| Ciro napoli
|
|t:|1666562721
|switch|p2a: Heatran|Heatran, M|61/100
|move|p1a: Blissey|Toxic|p2a: Heatran
|-immune|p2a: Heatran
|
|upkeep
|turn|12
|
|t:|1666562727
|switch|p1a: Gastrodon|Gastrodon, F|100/100
|move|p2a: Heatran|Magma Storm|p1a: Gastrodon
|-resisted|p1a: Gastrodon
|-damage|p1a: Gastrodon|88/100
|-activate|p1a: Gastrodon|move: Magma Storm|[of] p2a: Heatran
|
|-damage|p1a: Gastrodon|75/100|[from] move: Magma Storm|[partiallytrapped]
|-fieldend|move: Psychic Terrain
|upkeep
|turn|13
|
|t:|1666562736
|switch|p2a: Moltres|Moltres-Galar|100/100
|move|p1a: Gastrodon|Scald|p2a: Moltres
|-damage|p2a: Moltres|78/100
|
|-end|p1a: Gastrodon|Magma Storm|[partiallytrapped]|[silent]
|upkeep
|turn|14
|j| Kyurem
|
|t:|1666562739
|switch|p1a: Blissey|Blissey, F|100/100
|move|p2a: Moltres|Nasty Plot|p2a: Moltres
|-boost|p2a: Moltres|spa|2
|
|upkeep
|turn|15
|
|t:|1666562742
|switch|p2a: Heatran|Heatran, M|61/100
|move|p1a: Blissey|Toxic|p2a: Heatran
|-immune|p2a: Heatran
|
|upkeep
|turn|16
|
|t:|1666562744
|switch|p1a: Gastrodon|Gastrodon, F|75/100
|move|p2a: Heatran|Magma Storm|p1a: Gastrodon|[miss]
|-miss|p2a: Heatran|p1a: Gastrodon
|
|upkeep
|turn|17
|
|t:|1666562748
|switch|p2a: Moltres|Moltres-Galar|78/100
|move|p1a: Gastrodon|Recover|p1a: Gastrodon
|-heal|p1a: Gastrodon|100/100
|
|upkeep
|turn|18
|
|t:|1666562752
|switch|p2a: Tapu Lele|Tapu Lele|64/100
|-fieldstart|move: Psychic Terrain|[from] ability: Psychic Surge|[of] p2a: Tapu Lele
|switch|p1a: Blissey|Blissey, F|100/100
|
|upkeep
|turn|19
|
|t:|1666562755
|switch|p1a: Jirachi|Jirachi|100/100
|-damage|p1a: Jirachi|94/100|[from] Stealth Rock
|move|p2a: Tapu Lele|Psyshock|p1a: Jirachi
|-resisted|p1a: Jirachi
|-damage|p1a: Jirachi|82/100
|
|-heal|p1a: Jirachi|89/100|[from] item: Leftovers
|upkeep
|turn|20
|
|t:|1666562761
|switch|p2a: Landorus|Landorus-Therian, M|100/100
|-ability|p2a: Landorus|Intimidate|boost
|-unboost|p1a: Jirachi|atk|1
|move|p1a: Jirachi|Wish|p1a: Jirachi
|
|-heal|p1a: Jirachi|95/100|[from] item: Leftovers
|upkeep
|turn|21
|
|t:|1666562769
|switch|p2a: Moltres|Moltres-Galar|78/100
|switch|p1a: Buzzwole|Buzzwole|94/100
|-damage|p1a: Buzzwole|82/100|[from] Stealth Rock
|
|-heal|p1a: Buzzwole|100/100|[from] move: Wish|[wisher] Jirachi
|upkeep
|turn|22
|
|t:|1666562773
|switch|p2a: Landorus|Landorus-Therian, M|100/100
|-ability|p2a: Landorus|Intimidate|boost
|-unboost|p1a: Buzzwole|atk|1
|switch|p1a: Blissey|Blissey, F|100/100
|
|-fieldend|move: Psychic Terrain
|upkeep
|turn|23
|
|t:|1666562776
|switch|p1a: Buzzwole|Buzzwole|100/100
|-damage|p1a: Buzzwole|88/100|[from] Stealth Rock
|move|p2a: Landorus|Knock Off|p1a: Buzzwole
|-resisted|p1a: Buzzwole
|-damage|p1a: Buzzwole|82/100
|
|upkeep
|turn|24
|
|t:|1666562780
|switch|p2a: Tapu Lele|Tapu Lele|64/100
|-fieldstart|move: Psychic Terrain|[from] ability: Psychic Surge|[of] p2a: Tapu Lele
|move|p1a: Buzzwole|Ice Punch|p2a: Tapu Lele
|-damage|p2a: Tapu Lele|31/100
|-status|p2a: Tapu Lele|frz
|
|upkeep
|turn|25
|
|t:|1666562784
|switch|p1a: Jirachi|Jirachi|95/100
|-damage|p1a: Jirachi|89/100|[from] Stealth Rock
|-curestatus|p2a: Tapu Lele|frz|[msg]
|move|p2a: Tapu Lele|Draining Kiss|p1a: Jirachi
|-resisted|p1a: Jirachi
|-damage|p1a: Jirachi|81/100
|-heal|p2a: Tapu Lele|39/100|[from] drain|[of] p1a: Jirachi
|
|-heal|p1a: Jirachi|87/100|[from] item: Leftovers
|upkeep
|turn|26
|
|t:|1666562789
|switch|p2a: Landorus|Landorus-Therian, M|100/100
|-ability|p2a: Landorus|Intimidate|boost
|-unboost|p1a: Jirachi|atk|1
|move|p1a: Jirachi|Wish|p1a: Jirachi
|
|-heal|p1a: Jirachi|93/100|[from] item: Leftovers
|upkeep
|turn|27
|
|t:|1666562794
|switch|p2a: Moltres|Moltres-Galar|78/100
|switch|p1a: Buzzwole|Buzzwole|82/100
|-damage|p1a: Buzzwole|70/100|[from] Stealth Rock
|
|-heal|p1a: Buzzwole|100/100|[from] move: Wish|[wisher] Jirachi
|upkeep
|turn|28
|
|t:|1666562798
|switch|p1a: Blissey|Blissey, F|100/100
|move|p2a: Moltres|Hurricane|p1a: Blissey
|-damage|p1a: Blissey|80/100
|-start|p1a: Blissey|confusion
|
|-fieldend|move: Psychic Terrain
|upkeep
|turn|29
|
|t:|1666562809
|switch|p2a: Kartana|Kartana|84/100
|-activate|p1a: Blissey|confusion
|move|p1a: Blissey|Toxic|p2a: Kartana
|-immune|p2a: Kartana
|
|upkeep
|turn|30
|
|t:|1666562816
|switch|p2a: Heatran|Heatran, M|61/100
|switch|p1a: Buzzwole|Buzzwole|100/100
|-damage|p1a: Buzzwole|88/100|[from] Stealth Rock
|
|upkeep
|turn|31
|
|t:|1666562821
|switch|p1a: Gastrodon|Gastrodon, F|100/100
|move|p2a: Heatran|Magma Storm|p1a: Gastrodon
|-resisted|p1a: Gastrodon
|-damage|p1a: Gastrodon|85/100
|-activate|p1a: Gastrodon|move: Magma Storm|[of] p2a: Heatran
|
|-damage|p1a: Gastrodon|73/100|[from] move: Magma Storm|[partiallytrapped]
|upkeep
|turn|32
|
|t:|1666562826
|move|p2a: Heatran|Taunt|p1a: Gastrodon
|-start|p1a: Gastrodon|move: Taunt
|cant|p1a: Gastrodon|move: Taunt|Recover
|
|-damage|p1a: Gastrodon|61/100|[from] move: Magma Storm|[partiallytrapped]
|upkeep
|turn|33
|j| marietee
|
|t:|1666562834
|switch|p2a: Moltres|Moltres-Galar|78/100
|move|p1a: Gastrodon|Scald|p2a: Moltres
|-damage|p2a: Moltres|58/100
|-status|p2a: Moltres|brn
|
|-damage|p2a: Moltres|52/100 brn|[from] brn
|-end|p1a: Gastrodon|Magma Storm|[partiallytrapped]|[silent]
|upkeep
|turn|34
|
|t:|1666562839
|switch|p1a: Blissey|Blissey, F|80/100
|move|p2a: Moltres|Hurricane|p1a: Blissey|[miss]
|-miss|p2a: Moltres|p1a: Blissey
|
|-damage|p2a: Moltres|46/100 brn|[from] brn
|upkeep
|turn|35
|
|t:|1666562850
|switch|p2a: Kartana|Kartana|84/100
|move|p1a: Blissey|Soft-Boiled|p1a: Blissey
|-heal|p1a: Blissey|100/100
|
|upkeep
|turn|36
|
|t:|1666562852
|switch|p2a: Heatran|Heatran, M|61/100
|switch|p1a: Buzzwole|Buzzwole|88/100
|-damage|p1a: Buzzwole|76/100|[from] Stealth Rock
|
|upkeep
|turn|37
|
|t:|1666562856
|switch|p1a: Gastrodon|Gastrodon, F|61/100
|move|p2a: Heatran|Magma Storm|p1a: Gastrodon
|-resisted|p1a: Gastrodon
|-damage|p1a: Gastrodon|47/100
|-activate|p1a: Gastrodon|move: Magma Storm|[of] p2a: Heatran
|
|-damage|p1a: Gastrodon|34/100|[from] move: Magma Storm|[partiallytrapped]
|upkeep
|turn|38
|
|t:|1666562863
|move|p2a: Heatran|Earth Power|p1a: Gastrodon
|-damage|p1a: Gastrodon|18/100
|move|p1a: Gastrodon|Earthquake|p2a: Heatran
|-supereffective|p2a: Heatran
|-damage|p2a: Heatran|0 fnt
|faint|p2a: Heatran
|
|-end|p1a: Gastrodon|Magma Storm|[partiallytrapped]|[silent]
|upkeep
|
|t:|1666562873
|switch|p2a: Landorus|Landorus-Therian, M|100/100
|-ability|p2a: Landorus|Intimidate|boost
|-unboost|p1a: Gastrodon|atk|1
|turn|39
|
|t:|1666562881
|move|p2a: Landorus|Earthquake|p1a: Gastrodon
|-damage|p1a: Gastrodon|0 fnt
|faint|p1a: Gastrodon
|
|upkeep
|
|t:|1666562882
|switch|p1a: Buzzwole|Buzzwole|76/100
|-damage|p1a: Buzzwole|63/100|[from] Stealth Rock
|turn|40
|
|t:|1666562887
|switch|p2a: Tapu Lele|Tapu Lele|39/100
|-fieldstart|move: Psychic Terrain|[from] ability: Psychic Surge|[of] p2a: Tapu Lele
|move|p1a: Buzzwole|Roost|p1a: Buzzwole
|-heal|p1a: Buzzwole|100/100
|-singleturn|p1a: Buzzwole|move: Roost
|
|upkeep
|turn|41
|
|t:|1666562892
|switch|p1a: Jirachi|Jirachi|93/100
|-damage|p1a: Jirachi|87/100|[from] Stealth Rock
|move|p2a: Tapu Lele|Calm Mind|p2a: Tapu Lele
|-boost|p2a: Tapu Lele|spa|1
|-boost|p2a: Tapu Lele|spd|1
|
|-heal|p1a: Jirachi|93/100|[from] item: Leftovers
|upkeep
|turn|42
|
|t:|1666562899
|switch|p2a: Landorus|Landorus-Therian, M|100/100
|-ability|p2a: Landorus|Intimidate|boost
|-unboost|p1a: Jirachi|atk|1
|move|p1a: Jirachi|Iron Head|p2a: Landorus
|-damage|p2a: Landorus|81/100
|
|-heal|p2a: Landorus|87/100|[from] item: Leftovers
|-heal|p1a: Jirachi|99/100|[from] item: Leftovers
|upkeep
|turn|43
|
|t:|1666562908
|switch|p1a: Buzzwole|Buzzwole|100/100
|-damage|p1a: Buzzwole|88/100|[from] Stealth Rock
|move|p2a: Landorus|Swords Dance|p2a: Landorus
|-boost|p2a: Landorus|atk|2
|
|-heal|p2a: Landorus|93/100|[from] item: Leftovers
|upkeep
|turn|44
|
|t:|1666562911
|move|p2a: Landorus|Stone Edge|p1a: Buzzwole
|-damage|p1a: Buzzwole|51/100
|move|p1a: Buzzwole|Ice Punch|p2a: Landorus
|-supereffective|p2a: Landorus
|-damage|p2a: Landorus|0 fnt
|faint|p2a: Landorus
|-ability|p1a: Buzzwole|Beast Boost|boost
|-boost|p1a: Buzzwole|def|1
|
|-fieldend|move: Psychic Terrain
|upkeep
|
|t:|1666562917
|switch|p2a: Tapu Lele|Tapu Lele|39/100
|-fieldstart|move: Psychic Terrain|[from] ability: Psychic Surge|[of] p2a: Tapu Lele
|turn|45
|
|t:|1666562922
|switch|p1a: Jirachi|Jirachi|99/100
|-damage|p1a: Jirachi|93/100|[from] Stealth Rock
|move|p2a: Tapu Lele|Focus Blast|p1a: Jirachi|[miss]
|-miss|p2a: Tapu Lele|p1a: Jirachi
|
|-heal|p1a: Jirachi|99/100|[from] item: Leftovers
|upkeep
|turn|46
|
|t:|1666562933
|move|p2a: Tapu Lele|Focus Blast|p1a: Jirachi
|-damage|p1a: Jirachi|69/100
|move|p1a: Jirachi|Iron Head|p2a: Tapu Lele
|-supereffective|p2a: Tapu Lele
|-damage|p2a: Tapu Lele|0 fnt
|faint|p2a: Tapu Lele
|
|-heal|p1a: Jirachi|75/100|[from] item: Leftovers
|upkeep
|
|t:|1666562937
|switch|p2a: Cloyster|Cloyster, F|100/100
|turn|47
|
|t:|1666562940
|switch|p1a: Ferrothorn|Ferrothorn, F|100/100
|-damage|p1a: Ferrothorn|94/100|[from] Stealth Rock
|move|p2a: Cloyster|Shell Smash|p2a: Cloyster
|-unboost|p2a: Cloyster|def|1
|-unboost|p2a: Cloyster|spd|1
|-boost|p2a: Cloyster|atk|2
|-boost|p2a: Cloyster|spa|2
|-boost|p2a: Cloyster|spe|2
|
|-heal|p1a: Ferrothorn|100/100|[from] item: Leftovers
|upkeep
|turn|48
|
|t:|1666562943
|move|p2a: Cloyster|Icicle Spear|p1a: Ferrothorn
|-damage|p1a: Ferrothorn|88/100
|-damage|p1a: Ferrothorn|76/100
|-damage|p1a: Ferrothorn|64/100
|-damage|p1a: Ferrothorn|50/100
|-damage|p1a: Ferrothorn|38/100
|-hitcount|p1a: Ferrothorn|5
|move|p1a: Ferrothorn|Power Whip|p2a: Cloyster
|-supereffective|p2a: Cloyster
|-damage|p2a: Cloyster|6/100
|
|-heal|p1a: Ferrothorn|45/100|[from] item: Leftovers
|upkeep
|turn|49
|
|t:|1666562959
|move|p2a: Cloyster|Icicle Spear|p1a: Ferrothorn
|-damage|p1a: Ferrothorn|32/100
|-damage|p1a: Ferrothorn|21/100
|-damage|p1a: Ferrothorn|7/100
|-damage|p1a: Ferrothorn|0 fnt
|faint|p1a: Ferrothorn
|-hitcount|p1: Ferrothorn|4
|
|-fieldend|move: Psychic Terrain
|upkeep
|
|t:|1666562961
|switch|p1a: Jirachi|Jirachi|75/100
|-damage|p1a: Jirachi|69/100|[from] Stealth Rock
|turn|50
|
|t:|1666562964
|move|p2a: Cloyster|Liquidation|p1a: Jirachi
|-damage|p1a: Jirachi|7/100
|-unboost|p1a: Jirachi|def|1
|move|p1a: Jirachi|Iron Head|p2a: Cloyster
|-damage|p2a: Cloyster|0 fnt
|faint|p2a: Cloyster
|
|-heal|p1a: Jirachi|13/100|[from] item: Leftovers
|upkeep
|
|t:|1666562973
|switch|p2a: Kartana|Kartana|84/100
|turn|51
|
|t:|1666562977
|move|p2a: Kartana|Smart Strike|p1a: Jirachi
|-resisted|p1a: Jirachi
|-damage|p1a: Jirachi|0 fnt
|faint|p1a: Jirachi
|-ability|p2a: Kartana|Beast Boost|boost
|-boost|p2a: Kartana|atk|1
|
|upkeep
|
|t:|1666562979
|switch|p1a: Buzzwole|Buzzwole|51/100
|-damage|p1a: Buzzwole|39/100|[from] Stealth Rock
|turn|52
|
|t:|1666562981
|move|p2a: Kartana|Smart Strike|p1a: Buzzwole
|-damage|p1a: Buzzwole|7/100
|move|p1a: Buzzwole|Roost|p1a: Buzzwole
|-heal|p1a: Buzzwole|57/100
|-singleturn|p1a: Buzzwole|move: Roost
|
|upkeep
|turn|53
|-message|LoSconosciuto forfeited.
|
|win|ygorkaylane
|raw|ygorkaylane's rating: 1632 &rarr; <strong>1654</strong><br />(+22 for winning)
|raw|LoSconosciuto's rating: 1660 &rarr; <strong>1638</strong><br />(-22 for losing)
|l|☆LoSconosciuto
|l|☆ygorkaylane
