|raw|<div class="broadcast-blue"><strong>This battle is required to be public due to a player having a name starting with 'LT74PF'.</div>
|j|☆lt7 4PF Amoonguss
|j|☆isheavydead
|t:|1598836499
|player|p1|lt7 4PF Amoonguss|erika|1750
|player|p2|isheavydead|102|1749
|teamsize|p1|6
|teamsize|p2|6
|gametype|singles
|gen|8
|tier|[Gen 8] OU
|rated|
|clearpoke
|poke|p1|Excadrill, F|
|poke|p1|Magnezone|
|poke|p1|Skarmory, M|
|poke|p1|Tyranitar, M|
|poke|p1|Amoonguss, F|
|poke|p1|Clefable, M|
|poke|p2|Haxorus, M|
|poke|p2|Volcarona, F|
|poke|p2|Ninetales-Alola, F|
|poke|p2|Excadrill, F|
|poke|p2|Urshifu-*, F|
|poke|p2|Azumarill, F|
|rule|Sleep Clause Mod: Limit one foe put to sleep
|rule|Species Clause: Limit one of each Pokémon
|rule|OHKO Clause: OHKO moves are banned
|rule|Evasion Moves Clause: Evasion moves are banned
|rule|Endless Battle Clause: Forcing endless battles is banned
|rule|HP Percentage Mod: HP is shown in percentages
|rule|Dynamax Clause: You cannot dynamax
|teampreview
|j| yiyue
|j| TL1T
|
|t:|1598836506
|start
|switch|p1a: Amoonguss|Amoonguss, F, shiny|100/100
|switch|p2a: Volcarona|Volcarona, F|100/100
|turn|1
|j| LT74PF gggiq280
|
|t:|1598836514
|switch|p1a: Tyranitar|Tyranitar, M|100/100
|-weather|Sandstorm|[from] ability: Sand Stream|[of] p1a: Tyranitar
|move|p2a: Volcarona|Fiery Dance|p1a: Tyranitar
|-resisted|p1a: Tyranitar
|-damage|p1a: Tyranitar|92/100
|
|-weather|Sandstorm|[upkeep]
|-damage|p2a: Volcarona|94/100|[from] Sandstorm
|-heal|p1a: Tyranitar|99/100|[from] item: Leftovers
|upkeep
|turn|2
|j| lt74pf vusty
|j| LT74PF jey2
|j| chadder
|
|t:|1598836529
|switch|p2a: Excadrill|Excadrill, F, shiny|100/100
|-ability|p2a: Excadrill|Mold Breaker
|move|p1a: Tyranitar|Stealth Rock|p2a: Excadrill
|-sidestart|p2: isheavydead|move: Stealth Rock
|
|-weather|Sandstorm|[upkeep]
|-heal|p1a: Tyranitar|100/100|[from] item: Leftovers
|upkeep
|turn|3
|
|t:|1598836534
|switch|p1a: Skarmory|Skarmory, M|100/100
|move|p2a: Excadrill|Rapid Spin|p1a: Skarmory
|-resisted|p1a: Skarmory
|-damage|p1a: Skarmory|95/100
|-boost|p2a: Excadrill|spe|1
|-damage|p2a: Excadrill|84/100|[from] item: Rocky Helmet|[of] p1a: Skarmory
|-sideend|p2: isheavydead|Stealth Rock|[from] move: Rapid Spin|[of] p2a: Excadrill
|
|-weather|Sandstorm|[upkeep]
|upkeep
|turn|4
|l| LT74PF gggiq280
|j| LT74PF Promii
|
|t:|1598836542
|switch|p2a: Haxorus|Haxorus, M, shiny|100/100
|-ability|p2a: Haxorus|Mold Breaker
|move|p1a: Skarmory|Spikes|p2a: Haxorus
|-sidestart|p2: isheavydead|Spikes
|
|-weather|Sandstorm|[upkeep]
|-damage|p2a: Haxorus|94/100|[from] Sandstorm
|upkeep
|turn|5
|
|t:|1598836545
|switch|p2a: Volcarona|Volcarona, F|94/100
|move|p1a: Skarmory|Body Press|p2a: Volcarona
|-resisted|p2a: Volcarona
|-damage|p2a: Volcarona|75/100
|
|-weather|none
|upkeep
|turn|6
|j| LT74PF gggiq280
|l| LT74PF gggiq280
|inactive|Battle timer is ON: inactive players will automatically lose when time's up. (requested by lt7 4PF Amoonguss)
|
|t:|1598836565
|switch|p1a: Tyranitar|Tyranitar, M|100/100
|-weather|Sandstorm|[from] ability: Sand Stream|[of] p1a: Tyranitar
|move|p2a: Volcarona|Fiery Dance|p1a: Tyranitar
|-resisted|p1a: Tyranitar
|-damage|p1a: Tyranitar|92/100
|
|-weather|Sandstorm|[upkeep]
|-damage|p2a: Volcarona|69/100|[from] Sandstorm
|-heal|p1a: Tyranitar|99/100|[from] item: Leftovers
|upkeep
|turn|7
|j| LT74PF gggiq280
|
|t:|1598836573
|switch|p2a: Urshifu|Urshifu, F|100/100
|-damage|p2a: Urshifu|88/100|[from] Spikes
|switch|p1a: Excadrill|Excadrill, F|100/100
|
|-weather|Sandstorm|[upkeep]
|-damage|p2a: Urshifu|82/100|[from] Sandstorm
|upkeep
|turn|8
|j| Pokemon Hates Me
|
|t:|1598836577
|switch|p1a: Clefable|Clefable, M, shiny|100/100
|move|p2a: Urshifu|Drain Punch|p1a: Clefable
|-resisted|p1a: Clefable
|-damage|p1a: Clefable|85/100
|-heal|p2a: Urshifu|91/100|[from] drain|[of] p1a: Clefable
|
|-weather|Sandstorm|[upkeep]
|-damage|p2a: Urshifu|85/100|[from] Sandstorm
|upkeep
|turn|9
|l| chadder
|
|t:|1598836592
|switch|p2a: Excadrill|Excadrill, F, shiny|84/100
|-damage|p2a: Excadrill|71/100|[from] Spikes
|-ability|p2a: Excadrill|Mold Breaker
|move|p1a: Clefable|Moonblast|p2a: Excadrill
|-resisted|p2a: Excadrill
|-damage|p2a: Excadrill|50/100
|
|-weather|Sandstorm|[upkeep]
|upkeep
|turn|10
|j| Frostigar479
|
|t:|1598836599
|switch|p1a: Skarmory|Skarmory, M|95/100
|move|p2a: Excadrill|Rapid Spin|p1a: Skarmory
|-resisted|p1a: Skarmory
|-damage|p1a: Skarmory|90/100
|-boost|p2a: Excadrill|spe|1
|-damage|p2a: Excadrill|33/100|[from] item: Rocky Helmet|[of] p1a: Skarmory
|-sideend|p2: isheavydead|Spikes|[from] move: Rapid Spin|[of] p2a: Excadrill
|
|-weather|none
|upkeep
|turn|11
|j| viash
|j| DrPingasPotencia
|
|t:|1598836624
|switch|p2a: Volcarona|Volcarona, F|69/100
|move|p1a: Skarmory|Spikes|p2a: Volcarona
|-sidestart|p2: isheavydead|Spikes
|
|upkeep
|turn|12
|
|t:|1598836628
|switch|p1a: Tyranitar|Tyranitar, M|99/100
|-weather|Sandstorm|[from] ability: Sand Stream|[of] p1a: Tyranitar
|move|p2a: Volcarona|Bug Buzz|p1a: Tyranitar
|-supereffective|p1a: Tyranitar
|-damage|p1a: Tyranitar|64/100
|
|-weather|Sandstorm|[upkeep]
|-damage|p2a: Volcarona|62/100|[from] Sandstorm
|-heal|p1a: Tyranitar|70/100|[from] item: Leftovers
|upkeep
|turn|13
|
|t:|1598836634
|switch|p2a: Excadrill|Excadrill, F, shiny|33/100
|-damage|p2a: Excadrill|21/100|[from] Spikes
|-ability|p2a: Excadrill|Mold Breaker
|move|p1a: Tyranitar|Rock Blast|p2a: Excadrill
|-resisted|p2a: Excadrill
|-damage|p2a: Excadrill|17/100
|-resisted|p2a: Excadrill
|-damage|p2a: Excadrill|13/100
|-resisted|p2a: Excadrill
|-damage|p2a: Excadrill|10/100
|-hitcount|p2a: Excadrill|3
|
|-weather|Sandstorm|[upkeep]
|-heal|p1a: Tyranitar|76/100|[from] item: Leftovers
|upkeep
|turn|14
|
|t:|1598836648
|switch|p1a: Skarmory|Skarmory, M|90/100
|move|p2a: Excadrill|Steel Beam|p1a: Skarmory
|-resisted|p1a: Skarmory
|-damage|p1a: Skarmory|74/100
|-damage|p2a: Excadrill|0 fnt|[from] mindblown
|faint|p2a: Excadrill
|
|-weather|Sandstorm|[upkeep]
|upkeep
|
|t:|1598836666
|switch|p2a: Volcarona|Volcarona, F|62/100
|turn|15
|j| darkrows
|
|t:|1598836676
|switch|p1a: Tyranitar|Tyranitar, M|76/100
|move|p2a: Volcarona|Fiery Dance|p1a: Tyranitar
|-resisted|p1a: Tyranitar
|-damage|p1a: Tyranitar|68/100
|-boost|p2a: Volcarona|spa|1
|
|-weather|Sandstorm|[upkeep]
|-damage|p2a: Volcarona|56/100|[from] Sandstorm
|-heal|p1a: Tyranitar|74/100|[from] item: Leftovers
|upkeep
|turn|16
|
|t:|1598836685
|switch|p2a: Urshifu|Urshifu, F|85/100
|-damage|p2a: Urshifu|73/100|[from] Spikes
|move|p1a: Tyranitar|Rock Blast|p2a: Urshifu
|-resisted|p2a: Urshifu
|-damage|p2a: Urshifu|66/100
|-resisted|p2a: Urshifu
|-damage|p2a: Urshifu|61/100
|-hitcount|p2a: Urshifu|2
|
|-weather|none
|-heal|p1a: Tyranitar|80/100|[from] item: Leftovers
|upkeep
|turn|17
|
|t:|1598836696
|switch|p2a: Azumarill|Azumarill, F|100/100
|-damage|p2a: Azumarill|88/100|[from] Spikes
|switch|p1a: Skarmory|Skarmory, M|74/100
|
|upkeep
|turn|18
|
|t:|1598836701
|switch|p2a: Volcarona|Volcarona, F|56/100
|move|p1a: Skarmory|Roost|p1a: Skarmory
|-heal|p1a: Skarmory|100/100
|-singleturn|p1a: Skarmory|move: Roost
|
|upkeep
|turn|19
|
|t:|1598836707
|switch|p1a: Tyranitar|Tyranitar, M|80/100
|-weather|Sandstorm|[from] ability: Sand Stream|[of] p1a: Tyranitar
|move|p2a: Volcarona|Fiery Dance|p1a: Tyranitar
|-resisted|p1a: Tyranitar
|-damage|p1a: Tyranitar|73/100
|-boost|p2a: Volcarona|spa|1
|
|-weather|Sandstorm|[upkeep]
|-damage|p2a: Volcarona|50/100|[from] Sandstorm
|-heal|p1a: Tyranitar|79/100|[from] item: Leftovers
|upkeep
|turn|20
|
|t:|1598836725
|move|p2a: Volcarona|Bug Buzz|p1a: Tyranitar
|-supereffective|p1a: Tyranitar
|-damage|p1a: Tyranitar|28/100
|move|p1a: Tyranitar|Stealth Rock|p2a: Volcarona
|-sidestart|p2: isheavydead|move: Stealth Rock
|
|-weather|Sandstorm|[upkeep]
|-damage|p2a: Volcarona|44/100|[from] Sandstorm
|-heal|p1a: Tyranitar|35/100|[from] item: Leftovers
|upkeep
|turn|21
|
|t:|1598836731
|switch|p1a: Magnezone|Magnezone, shiny|100/100
|move|p2a: Volcarona|Bug Buzz|p1a: Magnezone
|-resisted|p1a: Magnezone
|-damage|p1a: Magnezone|62/100
|
|-weather|Sandstorm|[upkeep]
|-damage|p2a: Volcarona|38/100|[from] Sandstorm
|-heal|p1a: Magnezone|68/100|[from] item: Leftovers
|upkeep
|turn|22
|l| LT74PF Promii
|
|t:|1598836747
|move|p2a: Volcarona|Fiery Dance|p1a: Magnezone
|-supereffective|p1a: Magnezone
|-damage|p1a: Magnezone|0 fnt
|faint|p1a: Magnezone
|
|-weather|Sandstorm|[upkeep]
|-damage|p2a: Volcarona|32/100|[from] Sandstorm
|upkeep
|j| ssg117
|
|t:|1598836750
|switch|p1a: Excadrill|Excadrill, F|100/100
|turn|23
|j| LT74PF Promii
|j| egalvanc
|j| WhichHat
|
|t:|1598836758
|switch|p2a: Urshifu|Urshifu, F|61/100
|-damage|p2a: Urshifu|49/100|[from] Spikes
|-damage|p2a: Urshifu|42/100|[from] Stealth Rock
|move|p1a: Excadrill|Earthquake|p2a: Urshifu
|-damage|p2a: Urshifu|0 fnt
|faint|p2a: Urshifu
|
|-weather|none
|upkeep
|
|t:|1598836764
|switch|p2a: Haxorus|Haxorus, M, shiny|94/100
|-damage|p2a: Haxorus|82/100|[from] Stealth Rock
|-damage|p2a: Haxorus|70/100|[from] Spikes
|-ability|p2a: Haxorus|Mold Breaker
|turn|24
|
|t:|1598836773
|switch|p1a: Amoonguss|Amoonguss, F, shiny|100/100
|move|p2a: Haxorus|Close Combat|p1a: Amoonguss
|-resisted|p1a: Amoonguss
|-damage|p1a: Amoonguss|81/100
|-unboost|p2a: Haxorus|def|1
|-unboost|p2a: Haxorus|spd|1
|
|-heal|p1a: Amoonguss|87/100|[from] item: Black Sludge
|upkeep
|turn|25
|
|t:|1598836785
|move|p2a: Haxorus|Swords Dance|p2a: Haxorus
|-boost|p2a: Haxorus|atk|2
|move|p1a: Amoonguss|Spore|p2a: Haxorus
|-status|p2a: Haxorus|slp|[from] move: Spore
|-enditem|p2a: Haxorus|Lum Berry|[eat]
|-curestatus|p2a: Haxorus|slp|[msg]
|
|-heal|p1a: Amoonguss|93/100|[from] item: Black Sludge
|upkeep
|turn|26
|l| yiyue
|
|t:|1598836790
|move|p2a: Haxorus|Scale Shot|p1a: Amoonguss
|-damage|p1a: Amoonguss|67/100
|-damage|p1a: Amoonguss|42/100
|-hitcount|p1a: Amoonguss|2
|-unboost|p2a: Haxorus|def|1
|-boost|p2a: Haxorus|spe|1
|move|p1a: Amoonguss|Spore|p2a: Haxorus
|-status|p2a: Haxorus|slp|[from] move: Spore
|
|-heal|p1a: Amoonguss|48/100|[from] item: Black Sludge
|upkeep
|turn|27
|j| yiyue
|l| viash
|inactive|isheavydead has 120 seconds left.
|
|t:|1598836825
|cant|p2a: Haxorus|slp
|move|p1a: Amoonguss|Clear Smog|p2a: Haxorus
|-damage|p2a: Haxorus|33/100 slp
|-clearboost|p2a: Haxorus
|
|-heal|p1a: Amoonguss|54/100|[from] item: Black Sludge
|upkeep
|turn|28
|
|t:|1598836828
|switch|p1a: Clefable|Clefable, M, shiny|85/100
|-curestatus|p2a: Haxorus|slp|[msg]
|move|p2a: Haxorus|Scale Shot|p1a: Clefable
|-immune|p1a: Clefable
|
|upkeep
|turn|29
|
|t:|1598836830
|move|p2a: Haxorus|Poison Jab|p1a: Clefable
|-supereffective|p1a: Clefable
|-damage|p1a: Clefable|39/100
|move|p1a: Clefable|Moonblast|p2a: Haxorus
|-supereffective|p2a: Haxorus
|-damage|p2a: Haxorus|0 fnt
|faint|p2a: Haxorus
|
|upkeep
|
|t:|1598836836
|switch|p2a: Volcarona|Volcarona, F|32/100
|turn|30
|
|t:|1598836844
|move|p2a: Volcarona|Quiver Dance|p2a: Volcarona
|-boost|p2a: Volcarona|spa|1
|-boost|p2a: Volcarona|spd|1
|-boost|p2a: Volcarona|spe|1
|move|p1a: Clefable|Trick|p2a: Volcarona
|-activate|p1a: Clefable|move: Trick|[of] p2a: Volcarona
|-enditem|p2a: Volcarona|Heavy-Duty Boots|[silent]|[from] move: Trick
|-item|p1a: Clefable|Heavy-Duty Boots|[from] move: Trick
|
|upkeep
|turn|31
|l| WhichHat
|
|t:|1598836851
|switch|p1a: Tyranitar|Tyranitar, M|35/100
|-weather|Sandstorm|[from] ability: Sand Stream|[of] p1a: Tyranitar
|move|p2a: Volcarona|Fiery Dance|p1a: Tyranitar
|-resisted|p1a: Tyranitar
|-damage|p1a: Tyranitar|23/100
|
|-weather|Sandstorm|[upkeep]
|-damage|p2a: Volcarona|26/100|[from] Sandstorm
|-heal|p1a: Tyranitar|29/100|[from] item: Leftovers
|upkeep
|turn|32
|j| WhichHat
|
|t:|1598836857
|move|p2a: Volcarona|Bug Buzz|p1a: Tyranitar
|-supereffective|p1a: Tyranitar
|-damage|p1a: Tyranitar|0 fnt
|faint|p1a: Tyranitar
|
|-weather|Sandstorm|[upkeep]
|-damage|p2a: Volcarona|20/100|[from] Sandstorm
|upkeep
|
|t:|1598836859
|switch|p1a: Excadrill|Excadrill, F|100/100
|turn|33
|
|t:|1598836863
|move|p1a: Excadrill|Earthquake|p2a: Volcarona
|-damage|p2a: Volcarona|0 fnt
|faint|p2a: Volcarona
|
|-weather|Sandstorm|[upkeep]
|upkeep
|
|t:|1598836864
|switch|p2a: Ninetales|Ninetales-Alola, F, shiny|100/100
|-damage|p2a: Ninetales|88/100|[from] Spikes
|-damage|p2a: Ninetales|63/100|[from] Stealth Rock
|-weather|Hail|[from] ability: Snow Warning|[of] p2a: Ninetales
|turn|34
|j| sugarhigh
|l| sugarhigh
|
|t:|1598836880
|switch|p1a: Skarmory|Skarmory, M|100/100
|move|p2a: Ninetales|Aurora Veil|p2a: Ninetales
|-sidestart|p2: isheavydead|move: Aurora Veil
|
|-weather|Hail|[upkeep]
|-damage|p1a: Skarmory|95/100|[from] Hail
|upkeep
|turn|35
|
|t:|1598836885
|move|p2a: Ninetales|Freeze-Dry|p1a: Skarmory
|-damage|p1a: Skarmory|65/100
|move|p1a: Skarmory|Spikes|p2a: Ninetales
|-sidestart|p2: isheavydead|Spikes
|
|-weather|Hail|[upkeep]
|-damage|p1a: Skarmory|59/100|[from] Hail
|upkeep
|turn|36
|
|t:|1598836890
|move|p2a: Ninetales|Freeze-Dry|p1a: Skarmory
|-damage|p1a: Skarmory|31/100
|-status|p1a: Skarmory|frz
|cant|p1a: Skarmory|frz
|
|-weather|Hail|[upkeep]
|-damage|p1a: Skarmory|25/100 frz|[from] Hail
|upkeep
|turn|37
|
|t:|1598836894
|move|p2a: Ninetales|Freeze-Dry|p1a: Skarmory
|-damage|p1a: Skarmory|0 fnt
|faint|p1a: Skarmory
|
|-weather|Hail|[upkeep]
|upkeep
|j| kanming shut up
|
|t:|1598836913
|switch|p1a: Amoonguss|Amoonguss, F, shiny|87/100
|turn|38
|j| Mio'Pokemon
|j| camus382
|
|t:|1598836917
|move|p2a: Ninetales|Freeze-Dry|p1a: Amoonguss
|-supereffective|p1a: Amoonguss
|-damage|p1a: Amoonguss|56/100
|-status|p1a: Amoonguss|frz
|cant|p1a: Amoonguss|frz
|
|-weather|none
|-heal|p1a: Amoonguss|62/100 frz|[from] item: Black Sludge
|upkeep
|turn|39
|
|t:|1598836921
|switch|p2a: Azumarill|Azumarill, F|88/100
|-damage|p2a: Azumarill|76/100|[from] Stealth Rock
|-damage|p2a: Azumarill|59/100|[from] Spikes
|cant|p1a: Amoonguss|frz
|
|-heal|p1a: Amoonguss|68/100 frz|[from] item: Black Sludge
|upkeep
|turn|40
|
|t:|1598836928
|move|p2a: Azumarill|Belly Drum|p2a: Azumarill
|-damage|p2a: Azumarill|9/100
|-setboost|p2a: Azumarill|atk|6|[from] move: Belly Drum
|-enditem|p2a: Azumarill|Sitrus Berry|[eat]
|-heal|p2a: Azumarill|34/100|[from] item: Sitrus Berry
|cant|p1a: Amoonguss|frz
|
|-heal|p1a: Amoonguss|74/100 frz|[from] item: Black Sludge
|upkeep
|turn|41
|
|t:|1598836930
|move|p2a: Azumarill|Knock Off|p1a: Amoonguss
|-crit|p1a: Amoonguss
|-damage|p1a: Amoonguss|0 fnt
|-enditem|p1a: Amoonguss|Black Sludge|[from] move: Knock Off|[of] p2a: Azumarill
|faint|p1a: Amoonguss
|
|-sideend|p2: isheavydead|move: Aurora Veil
|upkeep
|
|t:|1598836932
|switch|p1a: Excadrill|Excadrill, F|100/100
|turn|42
|c|☆isheavydead|gg
|
|t:|1598836935
|move|p2a: Azumarill|Aqua Jet|p1a: Excadrill
|-supereffective|p1a: Excadrill
|-damage|p1a: Excadrill|0 fnt
|faint|p1a: Excadrill
|
|upkeep
|c|☆isheavydead|sorry
|-message|lt7 4PF Amoonguss forfeited.
|
|win|isheavydead
|c|☆isheavydead|so sorry
|l|☆lt7 4PF Amoonguss
|c| kanming shut up|lmao
|l|☆isheavydead
|raw|lt7 4PF Amoonguss's rating: 1750 &rarr; <strong>1732</strong><br />(-18 for losing)
|raw|isheavydead's rating: 1786 &rarr; <strong>1804</strong><br />(+18 for winning)
|l| TL1T
|l| ssg117
|l| yiyue
|l| DrPingasPotencia
|l| WhichHat
|l| Pokemon Hates Me
|l| LT74PF jey2
|l| kanming shut up
|l| camus382
|l| darkrows
|l| lt74pf vusty
|l| LT74PF gggiq280
