|j|☆Kyorbius
|j|☆text me maybe
|inactive|Battle timer is ON: inactive players will automatically lose when time's up.
|t:|1665325108
|gametype|singles
|player|p1|Kyorbius|ghetsis-gen5bw|
|player|p2|text me maybe|gentleman-gen6|
|teamsize|p1|6
|teamsize|p2|6
|gen|8
|tier|[Gen 8] OU
|rated|Tournament battle
|rule|Sleep Clause Mod: Limit one foe put to sleep
|rule|Species Clause: Limit one of each Pokémon
|rule|OHKO Clause: OHKO moves are banned
|rule|Evasion Items Clause: Evasion items are banned
|rule|Evasion Moves Clause: Evasion moves are banned
|rule|Endless Battle Clause: Forcing endless battles is banned
|rule|HP Percentage Mod: HP is shown in percentages
|rule|Dynamax Clause: You cannot dynamax
|clearpoke
|poke|p1|Araquanid, M|
|poke|p1|Moltres-Galar|
|poke|p1|Regieleki|
|poke|p1|Melmetal|
|poke|p1|Aegislash, F|
|poke|p1|Tornadus-Therian, M|
|poke|p2|Zapdos|
|poke|p2|Kartana|
|poke|p2|Pelipper, M|
|poke|p2|Barraskewda, M|
|poke|p2|Azumarill, M|
|poke|p2|Landorus-Therian, M|
|teampreview
|inactive|text me maybe also wants the timer to be on.
|j|@Mimikyu Stardust
|
|t:|1665325127
|start
|switch|p1a: Araquanid|Araquanid, M|100/100
|switch|p2a: Zapdos|Zapdos|100/100
|turn|1
|
|t:|1665325133
|move|p2a: Zapdos|Volt Switch|p1a: Araquanid
|-supereffective|p1a: Araquanid
|-damage|p1a: Araquanid|57/100
|
|t:|1665325137
|switch|p2a: Pelipper|Pelipper, M|100/100|[from]move: Volt Switch
|-weather|RainDance|[from] ability: Drizzle|[of] p2a: Pelipper
|move|p1a: Araquanid|Sticky Web|p2a: Pelipper
|-sidestart|p2: text me maybe|move: Sticky Web
|
|-weather|RainDance|[upkeep]
|upkeep
|turn|2
|j| DrSenox≠
|
|t:|1665325148
|move|p2a: Pelipper|Hurricane|p1a: Araquanid
|-supereffective|p1a: Araquanid
|-damage|p1a: Araquanid|13/100
|move|p1a: Araquanid|Toxic|p2a: Pelipper
|-status|p2a: Pelipper|tox
|
|-weather|RainDance|[upkeep]
|-damage|p2a: Pelipper|94/100 tox|[from] psn
|upkeep
|turn|3
|
|t:|1665325155
|move|p2a: Pelipper|Scald|p1a: Araquanid
|-resisted|p1a: Araquanid
|-damage|p1a: Araquanid|1/100
|move|p1a: Araquanid|Liquidation|p2a: Pelipper
|-resisted|p2a: Pelipper
|-damage|p2a: Pelipper|60/100 tox
|
|-weather|RainDance|[upkeep]
|-damage|p2a: Pelipper|48/100 tox|[from] psn
|upkeep
|turn|4
|l| DrSenox≠
|j| Primordial Drizzle
|l| Primordial Drizzle
|
|t:|1665325182
|move|p2a: Pelipper|U-turn|p1a: Araquanid
|-damage|p1a: Araquanid|0 fnt
|faint|p1a: Araquanid
|
|t:|1665325184
|switch|p2a: Barraskewda|Barraskewda, M|100/100|[from]move: U-turn
|-activate|p2a: Barraskewda|move: Sticky Web
|-unboost|p2a: Barraskewda|spe|1
|
|-weather|RainDance|[upkeep]
|upkeep
|inactive|Kyorbius has 120 seconds left.
|
|t:|1665325206
|switch|p1a: Regieleki|Regieleki|100/100
|turn|5
|
|t:|1665325210
|switch|p1a: Moltres|Moltres-Galar|100/100
|switch|p2a: Landorus|Landorus-Therian, M|100/100
|-ability|p2a: Landorus|Intimidate|boost
|-unboost|p1a: Moltres|atk|1
|
|-weather|RainDance|[upkeep]
|upkeep
|turn|6
|
|t:|1665325220
|switch|p2a: Zapdos|Zapdos|100/100
|move|p1a: Moltres|Agility|p1a: Moltres
|-boost|p1a: Moltres|spe|2
|
|-weather|RainDance|[upkeep]
|upkeep
|turn|7
|
|t:|1665325226
|move|p1a: Moltres|Nasty Plot|p1a: Moltres
|-boost|p1a: Moltres|spa|2
|move|p2a: Zapdos|Volt Switch|p1a: Moltres
|-supereffective|p1a: Moltres
|-damage|p1a: Moltres|35/100
|-enditem|p1a: Moltres|Weakness Policy
|-boost|p1a: Moltres|atk|2|[from] item: Weakness Policy
|-boost|p1a: Moltres|spa|2|[from] item: Weakness Policy
|-ability|p1a: Moltres|Berserk|boost
|-boost|p1a: Moltres|spa|1
|
|t:|1665325228
|switch|p2a: Barraskewda|Barraskewda, M|100/100|[from]move: Volt Switch
|-activate|p2a: Barraskewda|move: Sticky Web
|-unboost|p2a: Barraskewda|spe|1
|
|-weather|RainDance|[upkeep]
|upkeep
|turn|8
|
|t:|1665325236
|move|p2a: Barraskewda|Aqua Jet|p1a: Moltres
|-damage|p1a: Moltres|0 fnt
|faint|p1a: Moltres
|
|-weather|none
|upkeep
|
|t:|1665325248
|switch|p1a: Aegislash|Aegislash, F|100/100
|turn|9
|
|t:|1665325254
|switch|p2a: Zapdos|Zapdos|100/100
|-formechange|p1a: Aegislash|Aegislash-Blade||[from] ability: Stance Change
|move|p1a: Aegislash|Shadow Ball|p2a: Zapdos
|-damage|p2a: Zapdos|14/100
|
|upkeep
|turn|10
|
|t:|1665325259
|move|p2a: Zapdos|Defog|p1a: Aegislash
|-unboost|p1a: Aegislash|evasion|1
|-sideend|p2: text me maybe|Sticky Web|[from] move: Defog|[of] p2a: Zapdos
|move|p1a: Aegislash|Shadow Ball|p2a: Zapdos
|-damage|p2a: Zapdos|0 fnt
|faint|p2a: Zapdos
|
|upkeep
|
|t:|1665325260
|switch|p2a: Barraskewda|Barraskewda, M|100/100
|turn|11
|
|t:|1665325263
|move|p2a: Barraskewda|Flip Turn|p1a: Aegislash
|-damage|p1a: Aegislash|0 fnt
|faint|p1a: Aegislash
|
|t:|1665325265
|switch|p2a: Pelipper|Pelipper, M|48/100 tox|[from]move: Flip Turn
|-weather|RainDance|[from] ability: Drizzle|[of] p2a: Pelipper
|
|-weather|RainDance|[upkeep]
|-damage|p2a: Pelipper|42/100 tox|[from] psn
|upkeep
|
|t:|1665325274
|switch|p1a: Tornadus|Tornadus-Therian, M|100/100
|turn|12
|
|t:|1665325277
|move|p1a: Tornadus|Hurricane|p2a: Pelipper
|-damage|p2a: Pelipper|0 fnt
|faint|p2a: Pelipper
|
|-weather|RainDance|[upkeep]
|upkeep
|
|t:|1665325279
|switch|p2a: Barraskewda|Barraskewda, M|100/100
|turn|13
|
|t:|1665325308
|move|p2a: Barraskewda|Liquidation|p1a: Tornadus
|-damage|p1a: Tornadus|0 fnt
|faint|p1a: Tornadus
|
|-weather|RainDance|[upkeep]
|upkeep
|
|t:|1665325310
|switch|p1a: Regieleki|Regieleki|100/100
|turn|14
|
|t:|1665325315
|move|p2a: Barraskewda|Liquidation|p1a: Regieleki
|-damage|p1a: Regieleki|0 fnt
|faint|p1a: Regieleki
|
|-weather|RainDance|[upkeep]
|upkeep
|-message|Kyorbius forfeited.
|
|win|text me maybe
|n|☆Kyorbius|kyorbius
|n|☆text me maybe|textmemaybe
|n| Mimikyu Stardust|mimikyustardust
|l|☆Kyorbius
|c|☆text me maybe|easy win
