|html|<div class="broadcast-blue"><strong>[Gen 8] OU is currently suspecting Zamazenta-Crowned! For information on how to participate check out the <a href="https://www.smogon.com/forums/threads/np-ss-ou-suspect-process-round-10-royals.3681787/">suspect thread</a>.</strong></div>
|j|☆Stellar Flares
|j|☆d18l
|inactive|Battle timer is ON: inactive players will automatically lose when time's up.
|t:|1618493599
|gametype|singles
|player|p1|Stellar Flares|101|
|player|p2|d18l|backpacker|
|teamsize|p1|6
|teamsize|p2|6
|gen|8
|tier|[Gen 8] OU
|rated|Tournament battle
|clearpoke
|poke|p1|Blissey, F|
|poke|p1|Toxapex, F|
|poke|p1|Clefable, M|
|poke|p1|Shedinja|
|poke|p1|Corviknight, F|
|poke|p1|Ditto|
|poke|p2|Zamazenta-Crowned|
|poke|p2|Dragapult, M|
|poke|p2|Heatran, M|
|poke|p2|Slowking, M|
|poke|p2|Clefable, M|
|poke|p2|Landorus-Therian, M|
|rule|Sleep Clause Mod: Limit one foe put to sleep
|rule|Species Clause: Limit one of each Pokémon
|rule|OHKO Clause: OHKO moves are banned
|rule|Evasion Moves Clause: Evasion moves are banned
|rule|Endless Battle Clause: Forcing endless battles is banned
|rule|HP Percentage Mod: HP is shown in percentages
|rule|Dynamax Clause: You cannot dynamax
|teampreview
|c|☆d18l|i shouldve brought my hippow :(
|c|☆Stellar Flares|I've read over the next 100 turns
|c|☆Stellar Flares|I already know you lost
|c|☆d18l|ive read over the next 30 turns
|inactive|d18l has 120 seconds left.
|c|☆d18l|i think i will forfeit by then.
|
|t:|1618493636
|start
|switch|p1a: Toxapex|Toxapex, F|100/100
|switch|p2a: Landorus|Landorus-Therian, M|100/100
|-ability|p2a: Landorus|Intimidate|boost
|-unboost|p1a: Toxapex|atk|1
|turn|1
|
|t:|1618493640
|switch|p2a: Slowking|Slowking, M|100/100
|switch|p1a: Corviknight|Corviknight, F|100/100
|-ability|p1a: Corviknight|Pressure
|
|upkeep
|turn|2
|
|t:|1618493646
|switch|p1a: Blissey|Blissey, F|100/100
|move|p2a: Slowking|Future Sight|p1a: Blissey
|-start|p2a: Slowking|move: Future Sight
|
|upkeep
|turn|3
|
|t:|1618493651
|switch|p2a: Clefable|Clefable, M|100/100
|move|p1a: Blissey|Teleport|p1a: Blissey
|
|t:|1618493655
|switch|p1a: Shedinja|Shedinja|100/100|[from]move: Teleport
|
|upkeep
|turn|4
|
|t:|1618493677
|move|p1a: Shedinja|Protect|p1a: Shedinja
|-singleturn|p1a: Shedinja|Protect
|move|p2a: Clefable|Trick|p1a: Shedinja
|-activate|p1a: Shedinja|move: Protect
|
|-end|p1a: Shedinja|move: Future Sight
|-immune|p1a: Shedinja|[from] ability: Wonder Guard
|upkeep
|turn|5
|c|☆Stellar Flares|basic
|
|t:|1618493688
|switch|p2a: Heatran|Heatran, M|100/100
|switch|p1a: Toxapex|Toxapex, F|100/100
|
|upkeep
|turn|6
|c|☆d18l|indeed
|
|t:|1618493694
|switch|p2a: Slowking|Slowking, M|100/100
|move|p1a: Toxapex|Knock Off|p2a: Slowking
|-supereffective|p2a: Slowking
|-damage|p2a: Slowking|69/100
|-enditem|p2a: Slowking|Heavy-Duty Boots|[from] move: Knock Off|[of] p1a: Toxapex
|
|upkeep
|turn|7
|
|t:|1618493698
|move|p1a: Toxapex|Toxic|p2a: Slowking
|-status|p2a: Slowking|tox
|move|p2a: Slowking|Future Sight|p1a: Toxapex
|-start|p2a: Slowking|move: Future Sight
|
|-damage|p2a: Slowking|62/100 tox|[from] psn
|upkeep
|turn|8
|
|t:|1618493700
|switch|p1a: Shedinja|Shedinja|100/100
|move|p2a: Slowking|Teleport|p2a: Slowking
|
|t:|1618493706
|switch|p2a: Clefable|Clefable, M|100/100|[from]move: Teleport
|
|upkeep
|turn|9
|
|t:|1618493708
|move|p1a: Shedinja|Protect|p1a: Shedinja
|-singleturn|p1a: Shedinja|Protect
|move|p2a: Clefable|Stealth Rock|p1a: Shedinja
|-sidestart|p1: Stellar Flares|move: Stealth Rock
|
|-end|p1a: Shedinja|move: Future Sight
|-immune|p1a: Shedinja|[from] ability: Wonder Guard
|upkeep
|turn|10
|c|☆Stellar Flares|owo
|c|☆Stellar Flares|ok
|c|☆d18l|those rocks wont stay long
|c|☆Stellar Flares|would've been all good
|c|☆Stellar Flares|if it was the lando sr
|
|t:|1618493732
|switch|p2a: Heatran|Heatran, M|100/100
|switch|p1a: Toxapex|Toxapex, F|100/100
|-damage|p1a: Toxapex|88/100|[from] Stealth Rock
|
|upkeep
|turn|11
|c|☆d18l|yea sr landot feels a lot better
|c|☆d18l|but sadly its my only mon that knows defog
|
|t:|1618493755
|switch|p2a: Slowking|Slowking, M|96/100 tox
|move|p1a: Toxapex|Knock Off|p2a: Slowking
|-supereffective|p2a: Slowking
|-damage|p2a: Slowking|75/100 tox
|
|-damage|p2a: Slowking|69/100 tox|[from] psn
|upkeep
|turn|12
|
|t:|1618493760
|switch|p1a: Blissey|Blissey, F|100/100
|move|p2a: Slowking|Teleport|p2a: Slowking
|
|t:|1618493763
|switch|p2a: Clefable|Clefable, M|100/100|[from]move: Teleport
|
|upkeep
|turn|13
|
|t:|1618493772
|switch|p1a: Toxapex|Toxapex, F|100/100
|-damage|p1a: Toxapex|88/100|[from] Stealth Rock
|move|p2a: Clefable|Moonblast|p1a: Toxapex
|-resisted|p1a: Toxapex
|-damage|p1a: Toxapex|75/100
|-unboost|p1a: Toxapex|spa|1
|
|upkeep
|turn|14
|
|t:|1618493791
|switch|p2a: Slowking|Slowking, M|100/100 tox
|move|p1a: Toxapex|Knock Off|p2a: Slowking
|-supereffective|p2a: Slowking
|-damage|p2a: Slowking|82/100 tox
|
|-damage|p2a: Slowking|76/100 tox|[from] psn
|upkeep
|turn|15
|
|t:|1618493795
|switch|p1a: Blissey|Blissey, F|100/100
|move|p2a: Slowking|Teleport|p2a: Slowking
|
|t:|1618493797
|switch|p2a: Clefable|Clefable, M|100/100|[from]move: Teleport
|
|upkeep
|turn|16
|
|t:|1618493799
|switch|p1a: Toxapex|Toxapex, F|100/100
|-damage|p1a: Toxapex|88/100|[from] Stealth Rock
|move|p2a: Clefable|Trick|p1a: Toxapex
|-activate|p2a: Clefable|move: Trick|[of] p1a: Toxapex
|-item|p1a: Toxapex|Choice Scarf|[from] move: Trick
|-item|p2a: Clefable|Shed Shell|[from] move: Trick
|
|upkeep
|turn|17
|
|t:|1618493811
|switch|p2a: Zamazenta|Zamazenta-Crowned|100/100
|-ability|p2a: Zamazenta|Dauntless Shield|boost
|-boost|p2a: Zamazenta|def|1
|move|p1a: Toxapex|Knock Off|p2a: Zamazenta
|-resisted|p2a: Zamazenta
|-damage|p2a: Zamazenta|98/100
|
|upkeep
|turn|18
|c|☆Stellar Flares|oh i'm scarfed
|c|☆d18l|yea
|c|☆d18l|i thought you would go ditto on the first time ngl
|c|☆Stellar Flares|thought it was sticky barb
|c|☆Stellar Flares|no
|inactive|Stellar Flares has 120 seconds left.
|c|☆Stellar Flares|then i wonder
|c|☆Stellar Flares|if you're the kind of mad pple
|c|☆Stellar Flares|running
|c|☆Stellar Flares|crunch
|
|t:|1618493868
|switch|p2a: Slowking|Slowking, M|100/100 tox
|switch|p1a: Shedinja|Shedinja|100/100
|
|-damage|p2a: Slowking|94/100 tox|[from] psn
|upkeep
|turn|19
|c|☆d18l|thats mad
|c|☆Stellar Flares|ye no got u fool
|
|t:|1618493887
|switch|p1a: Blissey|Blissey, F|100/100
|move|p2a: Slowking|Future Sight|p1a: Blissey
|-start|p2a: Slowking|move: Future Sight
|
|-damage|p2a: Slowking|82/100 tox|[from] psn
|upkeep
|turn|20
|
|t:|1618493896
|move|p1a: Blissey|Teleport|p1a: Blissey
|
|t:|1618493897
|switch|p1a: Shedinja|Shedinja|100/100|[from]move: Teleport
|move|p2a: Slowking|Teleport|p2a: Slowking
|
|t:|1618493900
|switch|p2a: Heatran|Heatran, M|100/100|[from]move: Teleport
|
|upkeep
|turn|21
|
|t:|1618493905
|move|p1a: Shedinja|Protect|p1a: Shedinja
|-singleturn|p1a: Shedinja|Protect
|move|p2a: Heatran|Taunt|p1a: Shedinja
|-activate|p1a: Shedinja|move: Protect
|
|-end|p1a: Shedinja|move: Future Sight
|-immune|p1a: Shedinja|[from] ability: Wonder Guard
|upkeep
|turn|22
|
|t:|1618493917
|switch|p1a: Ditto|Ditto, shiny|100/100
|-damage|p1a: Ditto|88/100|[from] Stealth Rock
|-transform|p1a: Ditto|p2a: Heatran|[from] ability: Imposter
|-item|p1a: Ditto|Air Balloon
|move|p2a: Heatran|Toxic|p1a: Ditto
|-immune|p1a: Ditto
|
|upkeep
|turn|23
|
|t:|1618493941
|switch|p2a: Slowking|Slowking, M|100/100 tox
|switch|p1a: Blissey|Blissey, F|100/100
|
|-damage|p2a: Slowking|94/100 tox|[from] psn
|upkeep
|turn|24
|
|t:|1618493950
|move|p1a: Blissey|Stealth Rock|p2a: Slowking
|-sidestart|p2: d18l|move: Stealth Rock
|move|p2a: Slowking|Future Sight|p1a: Blissey
|-start|p2a: Slowking|move: Future Sight
|
|-damage|p2a: Slowking|82/100 tox|[from] psn
|upkeep
|turn|25
|
|t:|1618493952
|move|p1a: Blissey|Teleport|p1a: Blissey
|
|t:|1618493957
|switch|p1a: Shedinja|Shedinja|100/100|[from]move: Teleport
|move|p2a: Slowking|Teleport|p2a: Slowking
|
|t:|1618493978
|switch|p2a: Heatran|Heatran, M|100/100|[from]move: Teleport
|-damage|p2a: Heatran|88/100|[from] Stealth Rock
|
|-heal|p2a: Heatran|94/100|[from] item: Leftovers
|upkeep
|turn|26
|
|t:|1618493987
|move|p1a: Shedinja|Protect|p1a: Shedinja
|-singleturn|p1a: Shedinja|Protect
|move|p2a: Heatran|Toxic|p1a: Shedinja
|-activate|p1a: Shedinja|move: Protect
|
|-end|p1a: Shedinja|move: Future Sight
|-immune|p1a: Shedinja|[from] ability: Wonder Guard
|-heal|p2a: Heatran|100/100|[from] item: Leftovers
|upkeep
|turn|27
|
|t:|1618493995
|switch|p1a: Ditto|Ditto, shiny|88/100
|-damage|p1a: Ditto|76/100|[from] Stealth Rock
|-transform|p1a: Ditto|p2a: Heatran|[from] ability: Imposter
|-item|p1a: Ditto|Air Balloon
|move|p2a: Heatran|Taunt|p1a: Ditto
|-start|p1a: Ditto|move: Taunt
|
|upkeep
|turn|28
|
|t:|1618494001
|switch|p1a: Corviknight|Corviknight, F|100/100
|-damage|p1a: Corviknight|88/100|[from] Stealth Rock
|-ability|p1a: Corviknight|Pressure
|switch|p2a: Slowking|Slowking, M|100/100 tox
|-damage|p2a: Slowking|88/100 tox|[from] Stealth Rock
|
|-damage|p2a: Slowking|82/100 tox|[from] psn
|upkeep
|turn|29
|c|☆Stellar Flares|ye
|
|t:|1618494007
|move|p1a: Corviknight|Defog|p2a: Slowking
|-unboost|p2a: Slowking|evasion|1
|-sideend|p2: d18l|Stealth Rock|[from] move: Defog|[of] p1a: Corviknight
|-sideend|p1: Stellar Flares|Stealth Rock|[from] move: Defog|[of] p1a: Corviknight
|move|p2a: Slowking|Teleport|p2a: Slowking
|c|☆Stellar Flares|checked the leftie
|c|☆Stellar Flares|now I know I need to defog or koff the tran before starting the war
|c|☆Stellar Flares|and anyway
|inactive|d18l has 120 seconds left.
|c|☆Stellar Flares|whenever you'll try to set rocks again
|c|☆Stellar Flares|I'll pp stall with pressure
|c|☆d18l|ye
|
|t:|1618494062
|switch|p2a: Zamazenta|Zamazenta-Crowned|98/100|[from]move: Teleport
|-ability|p2a: Zamazenta|Dauntless Shield|boost
|-boost|p2a: Zamazenta|def|1
|
|upkeep
|turn|30
|
|t:|1618494069
|switch|p2a: Dragapult|Dragapult, M|100/100
|switch|p1a: Shedinja|Shedinja|100/100
|
|upkeep
|turn|31
|c|☆Stellar Flares|is that agency pult though
|c|☆Stellar Flares|wonder what kind of surprise this reserves to me
|c|☆Stellar Flares|should be specs as always
|inactive|Stellar Flares has 120 seconds left.
|c|☆d18l|you can just tect if you want
|
|t:|1618494107
|switch|p2a: Clefable|Clefable, M|100/100
|move|p1a: Shedinja|Protect||[still]
|-fail|p1a: Shedinja
|
|upkeep
|turn|32
|c|☆Stellar Flares|y
|
|t:|1618494124
|switch|p1a: Corviknight|Corviknight, F|88/100
|-ability|p1a: Corviknight|Pressure
|switch|p2a: Heatran|Heatran, M|100/100
|
|upkeep
|turn|33
|
|t:|1618494141
|switch|p2a: Clefable|Clefable, M|100/100
|switch|p1a: Ditto|Ditto, shiny|76/100
|-transform|p1a: Ditto|p2a: Clefable|[from] ability: Imposter
|-item|p1a: Ditto|Air Balloon
|
|upkeep
|turn|34
|
|t:|1618494158
|switch|p1a: Corviknight|Corviknight, F|88/100
|-ability|p1a: Corviknight|Pressure
|move|p2a: Clefable|Moonblast|p1a: Corviknight
|-resisted|p1a: Corviknight
|-damage|p1a: Corviknight|71/100
|
|upkeep
|turn|35
|
|t:|1618494163
|switch|p2a: Slowking|Slowking, M|100/100 tox
|move|p1a: Corviknight|Roost|p1a: Corviknight
|-heal|p1a: Corviknight|100/100
|-singleturn|p1a: Corviknight|move: Roost
|
|-damage|p2a: Slowking|94/100 tox|[from] psn
|upkeep
|turn|36
|
|t:|1618494168
|switch|p1a: Blissey|Blissey, F|100/100
|move|p2a: Slowking|Teleport|p2a: Slowking
|
|t:|1618494170
|switch|p2a: Zamazenta|Zamazenta-Crowned|98/100|[from]move: Teleport
|-ability|p2a: Zamazenta|Dauntless Shield|boost
|-boost|p2a: Zamazenta|def|1
|
|upkeep
|turn|37
|c|☆Stellar Flares|I'd not take any cheap on my precious corv
|
|t:|1618494181
|switch|p1a: Toxapex|Toxapex, F|100/100
|move|p2a: Zamazenta|Close Combat|p1a: Toxapex
|-resisted|p1a: Toxapex
|-damage|p1a: Toxapex|79/100
|-unboost|p2a: Zamazenta|def|1
|-unboost|p2a: Zamazenta|spd|1
|
|upkeep
|turn|38
|
|t:|1618494191
|switch|p2a: Clefable|Clefable, M|100/100
|move|p1a: Toxapex|Scald|p2a: Clefable
|-damage|p2a: Clefable|86/100
|
|upkeep
|turn|39
|inactive|d18l has 120 seconds left.
|
|t:|1618494214
|switch|p2a: Slowking|Slowking, M|100/100 tox
|switch|p1a: Corviknight|Corviknight, F|100/100
|-ability|p1a: Corviknight|Pressure
|
|-damage|p2a: Slowking|94/100 tox|[from] psn
|upkeep
|turn|40
|inactive|d18l has 120 seconds left.
|c|☆Stellar Flares|☆d18l: ive read over the next 30 turns
|c|☆Stellar Flares|d18l has 120 seconds left.
|c|☆Stellar Flares|☆d18l: i think i will forfeit by then.
|c|☆Stellar Flares|T.T
|c|☆d18l|uh
|c|☆d18l|yea.
|inactive|d18l has 90 seconds left.
|
|t:|1618494267
|switch|p1a: Blissey|Blissey, F|100/100
|switch|p2a: Clefable|Clefable, M|86/100
|
|upkeep
|turn|41
|inactive|d18l has 60 seconds left.
|
|t:|1618494303
|switch|p2a: Landorus|Landorus-Therian, M|100/100
|-ability|p2a: Landorus|Intimidate|boost
|-unboost|p1a: Blissey|atk|1
|switch|p1a: Corviknight|Corviknight, F|100/100
|-ability|p1a: Corviknight|Pressure
|
|upkeep
|turn|42
|c|☆Stellar Flares|goat set ?
|c|☆d18l|i wish
|inactive|d18l has 30 seconds left.
|c|☆Stellar Flares|unfort
|c|☆d18l|indeed
|c|☆Stellar Flares|scarfed i presume
|
|t:|1618494341
|move|p2a: Landorus|Earthquake|p1a: Corviknight
|-immune|p1a: Corviknight
|move|p1a: Corviknight|Iron Defense|p1a: Corviknight
|-boost|p1a: Corviknight|def|2
|
|upkeep
|turn|43
|inactive|d18l has 30 seconds left.
|c|☆d18l|oh id
|c|☆d18l|that makes sense
|
|t:|1618494350
|switch|p2a: Dragapult|Dragapult, M|100/100
|move|p1a: Corviknight|Body Press|p2a: Dragapult
|-immune|p2a: Dragapult
|
|upkeep
|turn|44
|inactive|d18l has 30 seconds left.
|
|t:|1618494362
|switch|p1a: Toxapex|Toxapex, F|100/100
|move|p2a: Dragapult|Shadow Ball|p1a: Toxapex
|-damage|p1a: Toxapex|58/100
|-unboost|p1a: Toxapex|spd|1
|
|upkeep
|turn|45
|
|t:|1618494370
|switch|p2a: Clefable|Clefable, M|86/100
|switch|p1a: Blissey|Blissey, F|100/100
|
|upkeep
|turn|46
|
|t:|1618494385
|switch|p2a: Slowking|Slowking, M|100/100 tox
|switch|p1a: Corviknight|Corviknight, F|100/100
|-ability|p1a: Corviknight|Pressure
|
|-damage|p2a: Slowking|94/100 tox|[from] psn
|upkeep
|turn|47
|
|t:|1618494389
|switch|p1a: Blissey|Blissey, F|100/100
|move|p2a: Slowking|Teleport|p2a: Slowking
|
|t:|1618494392
|switch|p2a: Zamazenta|Zamazenta-Crowned|98/100|[from]move: Teleport
|-ability|p2a: Zamazenta|Dauntless Shield|boost
|-boost|p2a: Zamazenta|def|1
|
|upkeep
|turn|48
|
|t:|1618494397
|switch|p1a: Toxapex|Toxapex, F|91/100
|move|p2a: Zamazenta|Howl|p2a: Zamazenta
|-boost|p2a: Zamazenta|atk|1
|
|upkeep
|turn|49
|
|t:|1618494406
|switch|p2a: Slowking|Slowking, M|100/100 tox
|switch|p1a: Shedinja|Shedinja|100/100
|
|-damage|p2a: Slowking|94/100 tox|[from] psn
|upkeep
|turn|50
|
|t:|1618494411
|switch|p1a: Blissey|Blissey, F|100/100
|switch|p2a: Clefable|Clefable, M|86/100
|
|upkeep
|turn|51
|j| The Unlucky Player
|
|t:|1618494424
|switch|p2a: Heatran|Heatran, M|100/100
|switch|p1a: Corviknight|Corviknight, F|100/100
|-ability|p1a: Corviknight|Pressure
|
|upkeep
|turn|52
|c|☆Stellar Flares|zama may be strong but still gets hard walled
|c|☆d18l|i think shed can even hard wall like
|c|☆d18l|dracovish.
|inactive|d18l has 60 seconds left.
|c| The Unlucky Player|the thing with zam is that it forces people to run defensive cores
|c| The Unlucky Player|which restrains the metagame
|
|t:|1618494462
|switch|p2a: Clefable|Clefable, M|86/100
|switch|p1a: Ditto|Ditto, shiny|76/100
|-transform|p1a: Ditto|p2a: Clefable|[from] ability: Imposter
|-item|p1a: Ditto|Air Balloon
|
|upkeep
|turn|53
|
|t:|1618494471
|switch|p2a: Slowking|Slowking, M|100/100 tox
|switch|p1a: Corviknight|Corviknight, F|100/100
|-ability|p1a: Corviknight|Pressure
|
|-damage|p2a: Slowking|94/100 tox|[from] psn
|upkeep
|turn|54
|
|t:|1618494476
|switch|p1a: Blissey|Blissey, F|100/100
|move|p2a: Slowking|Scald|p1a: Blissey
|-damage|p1a: Blissey|90/100
|
|-damage|p2a: Slowking|82/100 tox|[from] psn
|upkeep
|turn|55
|
|t:|1618494485
|move|p1a: Blissey|Stealth Rock|p2a: Slowking
|-sidestart|p2: d18l|move: Stealth Rock
|move|p2a: Slowking|Future Sight|p1a: Blissey
|-start|p2a: Slowking|move: Future Sight
|
|-damage|p2a: Slowking|64/100 tox|[from] psn
|upkeep
|turn|56
|
|t:|1618494489
|switch|p2a: Clefable|Clefable, M|86/100
|move|p1a: Blissey|Teleport|p1a: Blissey
|
|t:|1618494491
|switch|p1a: Corviknight|Corviknight, F|100/100|[from]move: Teleport
|-ability|p1a: Corviknight|Pressure
|
|upkeep
|turn|57
|
|t:|1618494500
|move|p1a: Corviknight|Iron Defense|p1a: Corviknight
|-boost|p1a: Corviknight|def|2
|move|p2a: Clefable|Moonblast|p1a: Corviknight
|-resisted|p1a: Corviknight
|-damage|p1a: Corviknight|86/100
|
|-end|p1a: Corviknight|move: Future Sight
|-resisted|p1a: Corviknight
|-damage|p1a: Corviknight|64/100
|upkeep
|turn|58
|inactive|d18l has 90 seconds left.
|
|t:|1618494507
|move|p1a: Corviknight|Roost|p1a: Corviknight
|-heal|p1a: Corviknight|100/100
|-singleturn|p1a: Corviknight|move: Roost
|move|p2a: Clefable|Stealth Rock|p1a: Corviknight
|-sidestart|p1: Stellar Flares|move: Stealth Rock
|
|upkeep
|turn|59
|
|t:|1618494514
|switch|p2a: Slowking|Slowking, M|97/100 tox
|-damage|p2a: Slowking|85/100 tox|[from] Stealth Rock
|move|p1a: Corviknight|Defog|p2a: Slowking
|-unboost|p2a: Slowking|evasion|1
|-sideend|p2: d18l|Stealth Rock|[from] move: Defog|[of] p1a: Corviknight
|-sideend|p1: Stellar Flares|Stealth Rock|[from] move: Defog|[of] p1a: Corviknight
|
|-damage|p2a: Slowking|79/100 tox|[from] psn
|upkeep
|turn|60
|
|t:|1618494518
|switch|p1a: Blissey|Blissey, F|90/100
|move|p2a: Slowking|Teleport|p2a: Slowking
|
|t:|1618494520
|switch|p2a: Zamazenta|Zamazenta-Crowned|98/100|[from]move: Teleport
|-ability|p2a: Zamazenta|Dauntless Shield|boost
|-boost|p2a: Zamazenta|def|1
|
|upkeep
|turn|61
|
|t:|1618494534
|switch|p2a: Landorus|Landorus-Therian, M|100/100
|-ability|p2a: Landorus|Intimidate|boost
|-unboost|p1a: Blissey|atk|1
|switch|p1a: Toxapex|Toxapex, F|100/100
|
|upkeep
|turn|62
|
|t:|1618494542
|switch|p2a: Clefable|Clefable, M|86/100
|move|p1a: Toxapex|Scald|p2a: Clefable
|-damage|p2a: Clefable|73/100
|
|upkeep
|turn|63
|inactive|d18l has 120 seconds left.
|
|t:|1618494562
|switch|p1a: Corviknight|Corviknight, F|100/100
|-ability|p1a: Corviknight|Pressure
|move|p2a: Clefable|Trick|p1a: Corviknight
|-activate|p2a: Clefable|move: Trick|[of] p1a: Corviknight
|-item|p1a: Corviknight|Shed Shell|[from] move: Trick
|-item|p2a: Clefable|Rocky Helmet|[from] move: Trick
|
|upkeep
|turn|64
|inactive|d18l has 120 seconds left.
|
|t:|1618494579
|switch|p2a: Dragapult|Dragapult, M|100/100
|move|p1a: Corviknight|Iron Defense|p1a: Corviknight
|-boost|p1a: Corviknight|def|2
|
|upkeep
|turn|65
|
|t:|1618494583
|switch|p1a: Toxapex|Toxapex, F|100/100
|move|p2a: Dragapult|U-turn|p1a: Toxapex
|-resisted|p1a: Toxapex
|-damage|p1a: Toxapex|96/100
|inactive|d18l has 120 seconds left.
|
|t:|1618494589
|switch|p2a: Heatran|Heatran, M|100/100|[from]move: U-turn
|
|upkeep
|turn|66
|
|t:|1618494603
|switch|p2a: Clefable|Clefable, M|73/100
|switch|p1a: Ditto|Ditto, shiny|76/100
|-transform|p1a: Ditto|p2a: Clefable|[from] ability: Imposter
|-item|p1a: Ditto|Air Balloon
|
|upkeep
|turn|67
|
|t:|1618494617
|switch|p2a: Heatran|Heatran, M|100/100
|switch|p1a: Corviknight|Corviknight, F|100/100
|-ability|p1a: Corviknight|Pressure
|
|upkeep
|turn|68
|
|t:|1618494627
|switch|p2a: Dragapult|Dragapult, M|100/100
|switch|p1a: Ditto|Ditto, shiny|76/100
|-transform|p1a: Ditto|p2a: Dragapult|[from] ability: Imposter
|-item|p1a: Ditto|Air Balloon
|
|upkeep
|turn|69
|
|t:|1618494634
|switch|p1a: Toxapex|Toxapex, F|100/100
|switch|p2a: Clefable|Clefable, M|73/100
|
|upkeep
|turn|70
|
|t:|1618494653
|switch|p2a: Slowking|Slowking, M|100/100 tox
|switch|p1a: Corviknight|Corviknight, F|100/100
|-ability|p1a: Corviknight|Pressure
|
|-damage|p2a: Slowking|94/100 tox|[from] psn
|upkeep
|turn|71
|
|t:|1618494660
|switch|p1a: Blissey|Blissey, F|90/100
|switch|p2a: Dragapult|Dragapult, M|100/100
|
|upkeep
|turn|72
|
|t:|1618494669
|switch|p1a: Toxapex|Toxapex, F|100/100
|move|p2a: Dragapult|U-turn|p1a: Toxapex
|-resisted|p1a: Toxapex
|-damage|p1a: Toxapex|95/100
|
|t:|1618494679
|switch|p2a: Landorus|Landorus-Therian, M|100/100|[from]move: U-turn
|-ability|p2a: Landorus|Intimidate|boost
|-unboost|p1a: Toxapex|atk|1
|
|upkeep
|turn|73
|
|t:|1618494684
|move|p2a: Landorus|U-turn|p1a: Toxapex
|-resisted|p1a: Toxapex
|-damage|p1a: Toxapex|88/100
|
|t:|1618494687
|switch|p2a: Slowking|Slowking, M|100/100 tox|[from]move: U-turn
|move|p1a: Toxapex|Scald|p2a: Slowking
|-resisted|p2a: Slowking
|-damage|p2a: Slowking|95/100 tox
|
|-damage|p2a: Slowking|89/100 tox|[from] psn
|upkeep
|turn|74
|
|t:|1618494693
|switch|p1a: Blissey|Blissey, F|90/100
|move|p2a: Slowking|Scald|p1a: Blissey
|-damage|p1a: Blissey|79/100
|
|-damage|p2a: Slowking|77/100 tox|[from] psn
|upkeep
|turn|75
|
|t:|1618494701
|switch|p2a: Clefable|Clefable, M|73/100
|move|p1a: Blissey|Stealth Rock|p2a: Clefable
|-sidestart|p2: d18l|move: Stealth Rock
|
|upkeep
|turn|76
|
|t:|1618494718
|switch|p2a: Slowking|Slowking, M|100/100 tox
|-damage|p2a: Slowking|88/100 tox|[from] Stealth Rock
|switch|p1a: Corviknight|Corviknight, F|100/100
|-ability|p1a: Corviknight|Pressure
|
|-damage|p2a: Slowking|82/100 tox|[from] psn
|upkeep
|turn|77
|
|t:|1618494724
|switch|p1a: Blissey|Blissey, F|79/100
|move|p2a: Slowking|Scald|p1a: Blissey
|-damage|p1a: Blissey|69/100
|
|-damage|p2a: Slowking|70/100 tox|[from] psn
|upkeep
|turn|78
|
|t:|1618494747
|switch|p2a: Clefable|Clefable, M|73/100
|move|p1a: Blissey|Soft-Boiled|p1a: Blissey
|-heal|p1a: Blissey|100/100
|
|upkeep
|turn|79
|
|t:|1618494751
|switch|p2a: Slowking|Slowking, M|100/100 tox
|-damage|p2a: Slowking|88/100 tox|[from] Stealth Rock
|switch|p1a: Corviknight|Corviknight, F|100/100
|-ability|p1a: Corviknight|Pressure
|
|-damage|p2a: Slowking|82/100 tox|[from] psn
|upkeep
|turn|80
|
|t:|1618494781
|switch|p1a: Blissey|Blissey, F|100/100
|move|p2a: Slowking|Scald|p1a: Blissey
|-damage|p1a: Blissey|91/100
|-status|p1a: Blissey|brn
|
|-damage|p1a: Blissey|85/100 brn|[from] brn
|-damage|p2a: Slowking|70/100 tox|[from] psn
|upkeep
|turn|81
|
|t:|1618494785
|switch|p2a: Clefable|Clefable, M|73/100
|move|p1a: Blissey|Teleport|p1a: Blissey
|
|t:|1618494788
|switch|p1a: Corviknight|Corviknight, F|100/100|[from]move: Teleport
|-ability|p1a: Corviknight|Pressure
|
|upkeep
|turn|82
|
|t:|1618494803
|switch|p2a: Slowking|Slowking, M|100/100 tox
|-damage|p2a: Slowking|88/100 tox|[from] Stealth Rock
|move|p1a: Corviknight|Iron Defense|p1a: Corviknight
|-boost|p1a: Corviknight|def|2
|
|-damage|p2a: Slowking|82/100 tox|[from] psn
|upkeep
|turn|83
|
|t:|1618494807
|switch|p1a: Shedinja|Shedinja|100/100
|move|p2a: Slowking|Scald|p1a: Shedinja
|-immune|p1a: Shedinja|[from] ability: Wonder Guard
|
|-damage|p2a: Slowking|70/100 tox|[from] psn
|upkeep
|turn|84
|
|t:|1618494814
|switch|p2a: Clefable|Clefable, M|73/100
|move|p1a: Shedinja|Hex|p2a: Clefable
|-damage|p2a: Clefable|58/100
|
|upkeep
|turn|85
|
|t:|1618494819
|switch|p1a: Corviknight|Corviknight, F|100/100
|-ability|p1a: Corviknight|Pressure
|move|p2a: Clefable|Soft-Boiled|p2a: Clefable
|-heal|p2a: Clefable|100/100
|
|upkeep
|turn|86
|
|t:|1618494823
|switch|p2a: Slowking|Slowking, M|100/100 tox
|-damage|p2a: Slowking|88/100 tox|[from] Stealth Rock
|move|p1a: Corviknight|Iron Defense|p1a: Corviknight
|-boost|p1a: Corviknight|def|2
|
|-damage|p2a: Slowking|82/100 tox|[from] psn
|upkeep
|turn|87
|
|t:|1618494827
|switch|p1a: Shedinja|Shedinja|100/100
|move|p2a: Slowking|Teleport|p2a: Slowking
|
|t:|1618494829
|switch|p2a: Clefable|Clefable, M|100/100|[from]move: Teleport
|
|upkeep
|turn|88
|
|t:|1618494836
|switch|p1a: Corviknight|Corviknight, F|100/100
|-ability|p1a: Corviknight|Pressure
|switch|p2a: Heatran|Heatran, M|100/100
|-damage|p2a: Heatran|88/100|[from] Stealth Rock
|
|-heal|p2a: Heatran|94/100|[from] item: Leftovers
|upkeep
|turn|89
|
|t:|1618494841
|switch|p1a: Ditto|Ditto, shiny|76/100
|-transform|p1a: Ditto|p2a: Heatran|[from] ability: Imposter
|-item|p1a: Ditto|Air Balloon
|move|p2a: Heatran|Taunt|p1a: Ditto
|-start|p1a: Ditto|move: Taunt
|
|-heal|p2a: Heatran|100/100|[from] item: Leftovers
|upkeep
|turn|90
|
|t:|1618494845
|switch|p2a: Slowking|Slowking, M|100/100 tox
|-damage|p2a: Slowking|88/100 tox|[from] Stealth Rock
|move|p1a: Ditto|Magma Storm|p2a: Slowking
|-resisted|p2a: Slowking
|-damage|p2a: Slowking|74/100 tox
|-activate|p2a: Slowking|move: Magma Storm|[of] p1a: Ditto
|
|-damage|p2a: Slowking|68/100 tox|[from] psn
|-damage|p2a: Slowking|56/100 tox|[from] move: Magma Storm|[partiallytrapped]
|upkeep
|turn|91
|
|t:|1618494852
|switch|p1a: Shedinja|Shedinja|100/100
|move|p2a: Slowking|Scald|p1a: Shedinja
|-immune|p1a: Shedinja|[from] ability: Wonder Guard
|
|-damage|p2a: Slowking|44/100 tox|[from] psn
|-end|p2a: Slowking|Magma Storm|[partiallytrapped]|[silent]
|upkeep
|turn|92
|
|t:|1618494859
|switch|p2a: Clefable|Clefable, M|100/100
|move|p1a: Shedinja|Toxic|p2a: Clefable
|-status|p2a: Clefable|tox
|
|upkeep
|turn|93
|
|t:|1618494876
|switch|p1a: Corviknight|Corviknight, F|100/100
|-ability|p1a: Corviknight|Pressure
|move|p2a: Clefable|Trick|p1a: Corviknight
|-activate|p2a: Clefable|move: Trick|[of] p1a: Corviknight
|-item|p1a: Corviknight|Rocky Helmet|[from] move: Trick
|-item|p2a: Clefable|Shed Shell|[from] move: Trick
|
|upkeep
|turn|94
|
|t:|1618494889
|switch|p2a: Slowking|Slowking, M|77/100 tox
|-damage|p2a: Slowking|64/100 tox|[from] Stealth Rock
|move|p1a: Corviknight|Iron Defense|p1a: Corviknight
|-boost|p1a: Corviknight|def|2
|
|-damage|p2a: Slowking|58/100 tox|[from] psn
|upkeep
|turn|95
|
|t:|1618494896
|switch|p1a: Shedinja|Shedinja|100/100
|switch|p2a: Clefable|Clefable, M|100/100 tox
|
|upkeep
|turn|96
|c|☆Stellar Flares|I do get what you try to do actually
|c|☆Stellar Flares|but even so
|c|☆d18l|yea
|c|☆Stellar Flares|would you have
|c|☆d18l|i dont think its working
|c|☆Stellar Flares|enough pp
|c|☆d18l|lmao
|inactive|d18l has 120 seconds left.
|
|t:|1618494920
|switch|p1a: Corviknight|Corviknight, F|100/100
|-ability|p1a: Corviknight|Pressure
|switch|p2a: Slowking|Slowking, M|92/100 tox
|-damage|p2a: Slowking|79/100 tox|[from] Stealth Rock
|
|-damage|p2a: Slowking|73/100 tox|[from] psn
|upkeep
|turn|97
|c|☆Stellar Flares|since trick is affected by pressure
|inactive|Stellar Flares has 120 seconds left.
|c|☆Stellar Flares|it fucks your gameplan
|
|t:|1618494938
|switch|p1a: Shedinja|Shedinja|100/100
|switch|p2a: Clefable|Clefable, M|100/100 tox
|
|upkeep
|turn|98
|inactive|d18l has 120 seconds left.
|
|t:|1618494957
|switch|p1a: Corviknight|Corviknight, F|100/100
|-ability|p1a: Corviknight|Pressure
|switch|p2a: Slowking|Slowking, M|100/100 tox
|-damage|p2a: Slowking|88/100 tox|[from] Stealth Rock
|
|-damage|p2a: Slowking|82/100 tox|[from] psn
|upkeep
|turn|99
|inactive|Stellar Flares has 120 seconds left.
|c|☆Stellar Flares|thing is lando can't benefit from iron defense getting pp stalled even so
|c|☆Stellar Flares|zama could
|c|☆Stellar Flares|but still is walled by shed
|
|t:|1618494985
|switch|p1a: Shedinja|Shedinja|100/100
|switch|p2a: Clefable|Clefable, M|100/100 tox
|
|upkeep
|turn|100
|inactive|d18l has 120 seconds left.
|
|t:|1618494997
|switch|p1a: Corviknight|Corviknight, F|100/100
|-ability|p1a: Corviknight|Pressure
|switch|p2a: Slowking|Slowking, M|100/100 tox
|-damage|p2a: Slowking|88/100 tox|[from] Stealth Rock
|
|-damage|p2a: Slowking|82/100 tox|[from] psn
|upkeep
|turn|101
|
|t:|1618495000
|switch|p1a: Shedinja|Shedinja|100/100
|switch|p2a: Clefable|Clefable, M|100/100 tox
|
|upkeep
|turn|102
|
|t:|1618495002
|switch|p1a: Corviknight|Corviknight, F|100/100
|-ability|p1a: Corviknight|Pressure
|switch|p2a: Slowking|Slowking, M|100/100 tox
|-damage|p2a: Slowking|88/100 tox|[from] Stealth Rock
|
|-damage|p2a: Slowking|82/100 tox|[from] psn
|upkeep
|turn|103
|c|☆d18l|oh
|
|t:|1618495008
|switch|p1a: Shedinja|Shedinja|100/100
|switch|p2a: Clefable|Clefable, M|100/100 tox
|
|upkeep
|turn|104
|
|t:|1618495010
|switch|p1a: Corviknight|Corviknight, F|100/100
|-ability|p1a: Corviknight|Pressure
|switch|p2a: Slowking|Slowking, M|100/100 tox
|-damage|p2a: Slowking|88/100 tox|[from] Stealth Rock
|
|-damage|p2a: Slowking|82/100 tox|[from] psn
|upkeep
|turn|105
|
|t:|1618495014
|switch|p1a: Shedinja|Shedinja|100/100
|switch|p2a: Clefable|Clefable, M|100/100 tox
|
|upkeep
|turn|106
|
|t:|1618495016
|switch|p1a: Corviknight|Corviknight, F|100/100
|-ability|p1a: Corviknight|Pressure
|switch|p2a: Slowking|Slowking, M|100/100 tox
|-damage|p2a: Slowking|88/100 tox|[from] Stealth Rock
|
|-damage|p2a: Slowking|82/100 tox|[from] psn
|upkeep
|turn|107
|
|t:|1618495018
|switch|p1a: Shedinja|Shedinja|100/100
|switch|p2a: Clefable|Clefable, M|100/100 tox
|
|upkeep
|turn|108
|
|t:|1618495020
|switch|p1a: Corviknight|Corviknight, F|100/100
|-ability|p1a: Corviknight|Pressure
|switch|p2a: Slowking|Slowking, M|100/100 tox
|-damage|p2a: Slowking|88/100 tox|[from] Stealth Rock
|
|-damage|p2a: Slowking|82/100 tox|[from] psn
|upkeep
|turn|109
|
|t:|1618495022
|switch|p1a: Shedinja|Shedinja|100/100
|switch|p2a: Clefable|Clefable, M|100/100 tox
|
|upkeep
|turn|110
|
|t:|1618495027
|switch|p1a: Corviknight|Corviknight, F|100/100
|-ability|p1a: Corviknight|Pressure
|switch|p2a: Slowking|Slowking, M|100/100 tox
|-damage|p2a: Slowking|88/100 tox|[from] Stealth Rock
|
|-damage|p2a: Slowking|82/100 tox|[from] psn
|upkeep
|turn|111
|
|t:|1618495030
|switch|p1a: Shedinja|Shedinja|100/100
|switch|p2a: Clefable|Clefable, M|100/100 tox
|
|upkeep
|turn|112
|
|t:|1618495032
|switch|p1a: Corviknight|Corviknight, F|100/100
|-ability|p1a: Corviknight|Pressure
|switch|p2a: Slowking|Slowking, M|100/100 tox
|-damage|p2a: Slowking|88/100 tox|[from] Stealth Rock
|
|-damage|p2a: Slowking|82/100 tox|[from] psn
|upkeep
|turn|113
|
|t:|1618495035
|switch|p1a: Shedinja|Shedinja|100/100
|switch|p2a: Clefable|Clefable, M|100/100 tox
|
|upkeep
|turn|114
|
|t:|1618495038
|switch|p1a: Corviknight|Corviknight, F|100/100
|-ability|p1a: Corviknight|Pressure
|switch|p2a: Slowking|Slowking, M|100/100 tox
|-damage|p2a: Slowking|88/100 tox|[from] Stealth Rock
|
|-damage|p2a: Slowking|82/100 tox|[from] psn
|upkeep
|turn|115
|c|☆d18l|should we uh
|c|☆d18l|coinflip
|j| Ian_Yo
|c|☆Stellar Flares|no
|
|t:|1618495048
|switch|p1a: Shedinja|Shedinja|100/100
|switch|p2a: Clefable|Clefable, M|100/100 tox
|
|upkeep
|turn|116
|c|☆Stellar Flares|I win on the long term
|j| Korkskrew
|j| kkkuuuuuuuuuuu
|c|☆Stellar Flares|you can do your infinite switch crap
|
|t:|1618495060
|switch|p1a: Corviknight|Corviknight, F|100/100
|-ability|p1a: Corviknight|Pressure
|switch|p2a: Slowking|Slowking, M|100/100 tox
|-damage|p2a: Slowking|88/100 tox|[from] Stealth Rock
|
|-damage|p2a: Slowking|82/100 tox|[from] psn
|upkeep
|turn|117
|c| Korkskrew|ah
|c| Korkskrew|thats why
|c|☆d18l|i think we are both infinitely switching tho
|
|t:|1618495074
|switch|p1a: Shedinja|Shedinja|100/100
|switch|p2a: Clefable|Clefable, M|100/100 tox
|
|upkeep
|turn|118
|
|t:|1618495076
|switch|p1a: Corviknight|Corviknight, F|100/100
|-ability|p1a: Corviknight|Pressure
|switch|p2a: Slowking|Slowking, M|100/100 tox
|-damage|p2a: Slowking|88/100 tox|[from] Stealth Rock
|
|-damage|p2a: Slowking|82/100 tox|[from] psn
|upkeep
|turn|119
|
|t:|1618495080
|switch|p1a: Shedinja|Shedinja|100/100
|switch|p2a: Clefable|Clefable, M|100/100 tox
|
|upkeep
|turn|120
|
|t:|1618495082
|switch|p1a: Corviknight|Corviknight, F|100/100
|-ability|p1a: Corviknight|Pressure
|switch|p2a: Slowking|Slowking, M|100/100 tox
|-damage|p2a: Slowking|88/100 tox|[from] Stealth Rock
|
|-damage|p2a: Slowking|82/100 tox|[from] psn
|upkeep
|turn|121
|j| bob982374istesting
|
|t:|1618495085
|switch|p1a: Shedinja|Shedinja|100/100
|switch|p2a: Clefable|Clefable, M|100/100 tox
|
|upkeep
|turn|122
|j| kdnf
|
|t:|1618495089
|switch|p1a: Corviknight|Corviknight, F|100/100
|-ability|p1a: Corviknight|Pressure
|switch|p2a: Slowking|Slowking, M|100/100 tox
|-damage|p2a: Slowking|88/100 tox|[from] Stealth Rock
|
|-damage|p2a: Slowking|82/100 tox|[from] psn
|upkeep
|turn|123
|
|t:|1618495093
|switch|p1a: Shedinja|Shedinja|100/100
|switch|p2a: Clefable|Clefable, M|100/100 tox
|
|upkeep
|turn|124
|
|t:|1618495096
|switch|p1a: Corviknight|Corviknight, F|100/100
|-ability|p1a: Corviknight|Pressure
|switch|p2a: Slowking|Slowking, M|100/100 tox
|-damage|p2a: Slowking|88/100 tox|[from] Stealth Rock
|
|-damage|p2a: Slowking|82/100 tox|[from] psn
|upkeep
|turn|125
|
|t:|1618495099
|switch|p1a: Shedinja|Shedinja|100/100
|switch|p2a: Clefable|Clefable, M|100/100 tox
|
|upkeep
|turn|126
|
|t:|1618495101
|switch|p1a: Corviknight|Corviknight, F|100/100
|-ability|p1a: Corviknight|Pressure
|switch|p2a: Slowking|Slowking, M|100/100 tox
|-damage|p2a: Slowking|88/100 tox|[from] Stealth Rock
|
|-damage|p2a: Slowking|82/100 tox|[from] psn
|upkeep
|turn|127
|
|t:|1618495104
|switch|p1a: Shedinja|Shedinja|100/100
|switch|p2a: Clefable|Clefable, M|100/100 tox
|
|upkeep
|turn|128
|c| Korkskrew|amaing gameplay
|
|t:|1618495107
|switch|p1a: Corviknight|Corviknight, F|100/100
|-ability|p1a: Corviknight|Pressure
|switch|p2a: Slowking|Slowking, M|100/100 tox
|-damage|p2a: Slowking|88/100 tox|[from] Stealth Rock
|
|-damage|p2a: Slowking|82/100 tox|[from] psn
|upkeep
|turn|129
|c| The Unlucky Player|metagame at it's top
|c|☆Stellar Flares|gen 8 ou summarized
|
|t:|1618495119
|switch|p1a: Shedinja|Shedinja|100/100
|switch|p2a: Clefable|Clefable, M|100/100 tox
|
|upkeep
|turn|130
|c| bob982374istesting|nice game you have here
|j| HarryKane247
|c| kdnf|why are none of you using eviloite lombre
|c|☆d18l|i really think you can take the initiative..?
|
|t:|1618495128
|switch|p1a: Corviknight|Corviknight, F|100/100
|-ability|p1a: Corviknight|Pressure
|switch|p2a: Slowking|Slowking, M|100/100 tox
|-damage|p2a: Slowking|88/100 tox|[from] Stealth Rock
|
|-damage|p2a: Slowking|82/100 tox|[from] psn
|upkeep
|turn|131
|c|☆Stellar Flares|i think it too
|c|☆d18l|like
|c|☆Stellar Flares|but you could annoy me
|c| HarryKane247|what the hell is this
|c|☆Stellar Flares|bliss
|c|☆Stellar Flares|ye ik
|c|☆d18l|at least try lmao
|c| HarryKane247|i just got in
|
|t:|1618495142
|switch|p1a: Shedinja|Shedinja|100/100
|switch|p2a: Clefable|Clefable, M|100/100 tox
|
|upkeep
|turn|132
|c|☆Stellar Flares|na
|c|☆Stellar Flares|you're gonna
|c|☆Stellar Flares|switch on pult
|c| The Unlucky Player|this battles could look like part of hell
|c| Korkskrew|are yall getting to 1000 turns?
|c|☆Stellar Flares|well no
|c|☆Stellar Flares|you're not
|c|☆Stellar Flares|since its gonna take rocks
|
|t:|1618495164
|switch|p1a: Corviknight|Corviknight, F|100/100
|-ability|p1a: Corviknight|Pressure
|switch|p2a: Slowking|Slowking, M|100/100 tox
|-damage|p2a: Slowking|88/100 tox|[from] Stealth Rock
|
|-damage|p2a: Slowking|82/100 tox|[from] psn
|upkeep
|turn|133
|
|t:|1618495168
|switch|p1a: Shedinja|Shedinja|100/100
|switch|p2a: Clefable|Clefable, M|100/100 tox
|
|upkeep
|turn|134
|c|☆d18l|yea so what you should do is
|
|t:|1618495174
|switch|p1a: Corviknight|Corviknight, F|100/100
|-ability|p1a: Corviknight|Pressure
|switch|p2a: Slowking|Slowking, M|100/100 tox
|-damage|p2a: Slowking|88/100 tox|[from] Stealth Rock
|
|-damage|p2a: Slowking|82/100 tox|[from] psn
|upkeep
|turn|135
|
|t:|1618495177
|switch|p1a: Blissey|Blissey, F|85/100
|switch|p2a: Clefable|Clefable, M|100/100 tox
|
|upkeep
|turn|136
|
|t:|1618495179
|switch|p2a: Slowking|Slowking, M|100/100 tox
|-damage|p2a: Slowking|88/100 tox|[from] Stealth Rock
|switch|p1a: Corviknight|Corviknight, F|100/100
|-ability|p1a: Corviknight|Pressure
|
|-damage|p2a: Slowking|82/100 tox|[from] psn
|upkeep
|turn|137
|c| bob982374istesting|epic gameplay
|
|t:|1618495184
|switch|p1a: Blissey|Blissey, F|85/100
|switch|p2a: Clefable|Clefable, M|100/100 tox
|
|upkeep
|turn|138
|
|t:|1618495205
|switch|p2a: Slowking|Slowking, M|100/100 tox
|-damage|p2a: Slowking|88/100 tox|[from] Stealth Rock
|switch|p1a: Corviknight|Corviknight, F|100/100
|-ability|p1a: Corviknight|Pressure
|
|-damage|p2a: Slowking|82/100 tox|[from] psn
|upkeep
|turn|139
|
|t:|1618495213
|switch|p1a: Shedinja|Shedinja|100/100
|switch|p2a: Clefable|Clefable, M|100/100 tox
|
|upkeep
|turn|140
|c| The Unlucky Player|isn't there a turn where the battle automatically stop ?
|
|t:|1618495219
|switch|p1a: Corviknight|Corviknight, F|100/100
|-ability|p1a: Corviknight|Pressure
|switch|p2a: Slowking|Slowking, M|100/100 tox
|-damage|p2a: Slowking|88/100 tox|[from] Stealth Rock
|
|-damage|p2a: Slowking|82/100 tox|[from] psn
|upkeep
|turn|141
|c|☆Stellar Flares|idk
|c|☆d18l|this doesnt trigger endless battle clause
|c| The Unlucky Player|the whole tour is waiting for you to finish your battle tho
|inactive|d18l has 120 seconds left.
|c|☆d18l|oh realyl?
|c|☆Stellar Flares|d18l said he would ff by turn 30
|c| The Unlucky Player|gonna call a mod to be sure
|c|☆Stellar Flares|he didn't
|c|☆Stellar Flares|:(
|c|☆d18l|:(
|c|☆Stellar Flares|2 bad
|c| bob982374istesting|why hasn't a mod ended this game yet?
|inactive|d18l has 90 seconds left.
|
|t:|1618495267
|switch|p1a: Shedinja|Shedinja|100/100
|switch|p2a: Clefable|Clefable, M|100/100 tox
|
|upkeep
|turn|142
|c| Korkskrew|because
|c|☆d18l|can i really win this
|inactive|d18l has 90 seconds left.
|c| Korkskrew|epic stall game
|c| Korkskrew|d18l just crit anything
|c|☆d18l|crit this mon that takes 0
|c|☆d18l|good idea
|inactive|d18l has 60 seconds left.
|c|☆Stellar Flares|minus 2 moonblast on corv
|c| Korkskrew|yup
|c|☆Stellar Flares|trade offer garuanteed worth
|c|☆d18l|yea and rocks chip
|
|t:|1618495328
|switch|p1a: Corviknight|Corviknight, F|100/100
|-ability|p1a: Corviknight|Pressure
|switch|p2a: Slowking|Slowking, M|100/100 tox
|-damage|p2a: Slowking|88/100 tox|[from] Stealth Rock
|
|-damage|p2a: Slowking|82/100 tox|[from] psn
|upkeep
|turn|143
|
|t:|1618495331
|switch|p1a: Shedinja|Shedinja|100/100
|switch|p2a: Clefable|Clefable, M|100/100 tox
|
|upkeep
|turn|144
|
|t:|1618495340
|switch|p1a: Corviknight|Corviknight, F|100/100
|-ability|p1a: Corviknight|Pressure
|switch|p2a: Slowking|Slowking, M|100/100 tox
|-damage|p2a: Slowking|88/100 tox|[from] Stealth Rock
|
|-damage|p2a: Slowking|82/100 tox|[from] psn
|upkeep
|turn|145
|
|t:|1618495345
|switch|p1a: Shedinja|Shedinja|100/100
|switch|p2a: Clefable|Clefable, M|100/100 tox
|
|upkeep
|turn|146
|
|t:|1618495347
|switch|p1a: Corviknight|Corviknight, F|100/100
|-ability|p1a: Corviknight|Pressure
|switch|p2a: Slowking|Slowking, M|100/100 tox
|-damage|p2a: Slowking|88/100 tox|[from] Stealth Rock
|
|-damage|p2a: Slowking|82/100 tox|[from] psn
|upkeep
|turn|147
|
|t:|1618495350
|switch|p1a: Shedinja|Shedinja|100/100
|switch|p2a: Clefable|Clefable, M|100/100 tox
|
|upkeep
|turn|148
|
|t:|1618495352
|switch|p2a: Slowking|Slowking, M|100/100 tox
|-damage|p2a: Slowking|88/100 tox|[from] Stealth Rock
|move|p1a: Shedinja|Hex|p2a: Slowking
|-supereffective|p2a: Slowking
|-damage|p2a: Slowking|45/100 tox
|
|-damage|p2a: Slowking|39/100 tox|[from] psn
|upkeep
|turn|149
|inactive|d18l has 60 seconds left.
|c|☆d18l|oh there we go
|c|☆d18l|lmao
|c| Korkskrew|goated play
|
|t:|1618495362
|switch|p2a: Clefable|Clefable, M|100/100 tox
|move|p1a: Shedinja|Hex|p2a: Clefable
|-damage|p2a: Clefable|75/100 tox
|
|upkeep
|turn|150
|c|☆Stellar Flares|thought it was the moment
|
|t:|1618495373
|switch|p1a: Corviknight|Corviknight, F|100/100
|-ability|p1a: Corviknight|Pressure
|move|p2a: Clefable|Trick|p1a: Corviknight
|-activate|p2a: Clefable|move: Trick|[of] p1a: Corviknight
|-item|p1a: Corviknight|Shed Shell|[from] move: Trick
|-item|p2a: Clefable|Rocky Helmet|[from] move: Trick
|
|upkeep
|turn|151
|c| Korkskrew|clic
|c| Korkskrew|rock
|c|☆d18l|pp stalled :(
|
|t:|1618495386
|switch|p2a: Slowking|Slowking, M|72/100 tox
|-damage|p2a: Slowking|60/100 tox|[from] Stealth Rock
|move|p1a: Corviknight|Iron Defense|p1a: Corviknight
|-boost|p1a: Corviknight|def|2
|
|-damage|p2a: Slowking|54/100 tox|[from] psn
|upkeep
|turn|152
|
|t:|1618495390
|switch|p1a: Shedinja|Shedinja|100/100
|move|p2a: Slowking|Teleport|p2a: Slowking
|
|t:|1618495393
|switch|p2a: Heatran|Heatran, M|100/100|[from]move: Teleport
|-damage|p2a: Heatran|88/100|[from] Stealth Rock
|
|-heal|p2a: Heatran|94/100|[from] item: Leftovers
|upkeep
|turn|153
|c| HarryKane247|is this ever going to end?
|
|t:|1618495398
|switch|p1a: Ditto|Ditto, shiny|76/100
|-transform|p1a: Ditto|p2a: Heatran|[from] ability: Imposter
|-item|p1a: Ditto|Air Balloon
|move|p2a: Heatran|Taunt|p1a: Ditto
|-start|p1a: Ditto|move: Taunt
|
|-heal|p2a: Heatran|100/100|[from] item: Leftovers
|upkeep
|turn|154
|
|t:|1618495405
|switch|p2a: Clefable|Clefable, M|75/100 tox
|move|p1a: Ditto|Magma Storm|p2a: Clefable
|-damage|p2a: Clefable|41/100 tox
|-activate|p2a: Clefable|move: Magma Storm|[of] p1a: Ditto
|
|upkeep
|turn|155
|inactive|d18l has 60 seconds left.
|c|☆d18l|oo
|j| femboy fox
|c|☆d18l|wait
|c|☆Stellar Flares|that clef is p bulky
|c|☆Stellar Flares|ngl
|j| outk trollorde
|j|%htcl
|inactive|Stellar Flares has 120 seconds left.
|
|t:|1618495453
|switch|p1a: Corviknight|Corviknight, F|100/100
|-ability|p1a: Corviknight|Pressure
|move|p2a: Clefable|Moonblast|p1a: Corviknight
|-resisted|p1a: Corviknight
|-damage|p1a: Corviknight|86/100
|
|-end|p2a: Clefable|Magma Storm|[partiallytrapped]|[silent]
|upkeep
|turn|156
|c|☆d18l|did not commit :(
|c|☆Stellar Flares|don't even take the trade
|c|☆d18l|yea
|c| outk trollorde|bruh why is ditto
|c| outk trollorde|air balloon
|c|☆d18l|you really need that balloon
|c|☆Stellar Flares|tran would shred me
|c| outk trollorde|someone explain
|c|☆d18l|to beat tran
|
|t:|1618495473
|move|p1a: Corviknight|Iron Defense|p1a: Corviknight
|-boost|p1a: Corviknight|def|2
|move|p2a: Clefable|Soft-Boiled|p2a: Clefable
|-heal|p2a: Clefable|91/100 tox
|
|upkeep
|turn|157
|c| outk trollorde|thats dumb as shit lol
|c|☆d18l|yea tran just eats that alive
|
|t:|1618495481
|move|p1a: Corviknight|Iron Defense|p1a: Corviknight
|-boost|p1a: Corviknight|def|2
|move|p2a: Clefable|Stealth Rock|p1a: Corviknight
|-sidestart|p1: Stellar Flares|move: Stealth Rock
|
|upkeep
|turn|158
|c| outk trollorde|bruh
|c| outk trollorde|whats the point of ditto if ur not scarf
|c|☆Stellar Flares|minus 2 rocks
|c| outk trollorde|lmfao
|
|t:|1618495493
|switch|p2a: Slowking|Slowking, M|87/100 tox
|-damage|p2a: Slowking|74/100 tox|[from] Stealth Rock
|move|p1a: Corviknight|Defog|p2a: Slowking
|-unboost|p2a: Slowking|evasion|1
|-sideend|p2: d18l|Stealth Rock|[from] move: Defog|[of] p1a: Corviknight
|-sideend|p1: Stellar Flares|Stealth Rock|[from] move: Defog|[of] p1a: Corviknight
|
|-damage|p2a: Slowking|68/100 tox|[from] psn
|upkeep
|turn|159
|c|☆Stellar Flares|we're getting into it
|c|☆d18l|minus 2 rocks :*
|
|t:|1618495500
|switch|p1a: Blissey|Blissey, F|85/100
|switch|p2a: Clefable|Clefable, M|91/100 tox
|
|upkeep
|turn|160
|c| outk trollorde|bnro why is this man using balloon ditto
|c| outk trollorde|the fuck
|inactive|d18l has 30 seconds left.
|c| HarryKane247|is shedinja sash?
|
|t:|1618495517
|switch|p2a: Zamazenta|Zamazenta-Crowned|98/100
|-ability|p2a: Zamazenta|Dauntless Shield|boost
|-boost|p2a: Zamazenta|def|1
|switch|p1a: Corviknight|Corviknight, F|86/100
|-ability|p1a: Corviknight|Pressure
|
|upkeep
|turn|161
|c| outk trollorde|if ur not scarf at least you should
|c|☆d18l|boots
|c|☆Stellar Flares|heatran is the only plague for this stall
|c| outk trollorde|be able to bluff it
|inactive|d18l has 30 seconds left.
|c|☆Stellar Flares|thats why ditto is balloon
|j| Brigtel
|c| outk trollorde|air balloon ditto is just dumb
|c|☆Stellar Flares|plus
|inactive|d18l has 20 seconds left.
|c|☆Stellar Flares|it allows me to win
|c| outk trollorde|cause u can't even bluff
|
|t:|1618495536
|switch|p2a: Dragapult|Dragapult, M|100/100
|switch|p1a: Toxapex|Toxapex, F|100/100
|
|upkeep
|turn|162
|inactive|d18l has 25 seconds left this turn.
|c| outk trollorde|scarf
|inactive|d18l has 20 seconds left.
|c|☆Stellar Flares|vs other stall that doesn't feature ditto
|c|☆d18l|ngl you should try using ur cm clef
|inactive|d18l has 15 seconds left.
|c|☆d18l|yea ditto stall wins every non ditto stall
|c| outk trollorde|dumb as shit
|
|t:|1618495551
|move|p2a: Dragapult|U-turn|p1a: Toxapex
|-resisted|p1a: Toxapex
|-damage|p1a: Toxapex|96/100
|inactive|d18l has 20 seconds left this turn.
|c|☆d18l|whatever works works
|inactive|d18l has 15 seconds left.
|
|t:|1618495557
|switch|p2a: Clefable|Clefable, M|91/100 tox|[from]move: U-turn
|move|p1a: Toxapex|Knock Off|p2a: Clefable
|-resisted|p2a: Clefable
|-damage|p2a: Clefable|85/100 tox
|-damage|p1a: Toxapex|79/100|[from] item: Rocky Helmet|[of] p2a: Clefable
|-enditem|p2a: Clefable|Rocky Helmet|[from] move: Knock Off|[of] p1a: Toxapex
|
|upkeep
|turn|163
|inactive|d18l has 20 seconds left this turn.
|inactive|d18l has 15 seconds left.
|
|t:|1618495565
|switch|p2a: Slowking|Slowking, M|100/100 tox
|switch|p1a: Corviknight|Corviknight, F|86/100
|-ability|p1a: Corviknight|Pressure
|
|-damage|p2a: Slowking|94/100 tox|[from] psn
|upkeep
|turn|164
|inactive|d18l has 20 seconds left this turn.
|l| outk trollorde
|
|t:|1618495569
|switch|p1a: Blissey|Blissey, F|85/100
|switch|p2a: Dragapult|Dragapult, M|100/100
|
|upkeep
|turn|165
|inactive|d18l has 25 seconds left this turn.
|l| Brigtel
|inactive|d18l has 20 seconds left.
|
|t:|1618495574
|switch|p2a: Zamazenta|Zamazenta-Crowned|98/100
|-ability|p2a: Zamazenta|Dauntless Shield|boost
|-boost|p2a: Zamazenta|def|1
|switch|p1a: Toxapex|Toxapex, F|100/100
|
|upkeep
|turn|166
|inactive|d18l has 25 seconds left this turn.
|c|%htcl|if only this was
|inactive|d18l has 20 seconds left.
|c|%htcl|hex dragon darts
|c|%htcl|pult
|c|%htcl|:(
|c|☆d18l|ikr
|inactive|d18l has 15 seconds left.
|
|t:|1618495586
|switch|p2a: Clefable|Clefable, M|85/100 tox
|move|p1a: Toxapex|Scald|p2a: Clefable
|-damage|p2a: Clefable|71/100 tox
|
|upkeep
|turn|167
|inactive|d18l has 20 seconds left this turn.
|inactive|d18l has 15 seconds left.
|c|☆d18l|so htcl what do you think
|
|t:|1618495594
|switch|p2a: Slowking|Slowking, M|100/100 tox
|switch|p1a: Corviknight|Corviknight, F|86/100
|-ability|p1a: Corviknight|Pressure
|
|-damage|p2a: Slowking|94/100 tox|[from] psn
|upkeep
|turn|168
|inactive|d18l has 20 seconds left this turn.
|c|☆Stellar Flares|tell us htcl
|inactive|d18l has 15 seconds left.
|c|%htcl|should've brought
|c|%htcl|sub np gengar
|
|t:|1618495603
|switch|p1a: Blissey|Blissey, F|85/100
|move|p2a: Slowking|Teleport|p2a: Slowking
|inactive|d18l has 20 seconds left this turn.
|c|☆d18l|LOL
|c|%htcl|6-0's this squad
|inactive|d18l has 15 seconds left.
|
|t:|1618495608
|switch|p2a: Zamazenta|Zamazenta-Crowned|98/100|[from]move: Teleport
|-ability|p2a: Zamazenta|Dauntless Shield|boost
|-boost|p2a: Zamazenta|def|1
|
|upkeep
|turn|169
|inactive|d18l has 20 seconds left this turn.
|c| The Unlucky Player|yo the metagame had time to change 3 times before the end of this nightmare
|c|☆Stellar Flares|lmao ye
|inactive|d18l has 15 seconds left.
|c|☆d18l|isnt the clef unaware
|inactive|d18l has 10 seconds left.
|
|t:|1618495620
|switch|p2a: Clefable|Clefable, M|71/100 tox
|switch|p1a: Toxapex|Toxapex, F|100/100
|
|upkeep
|turn|170
|inactive|d18l has 15 seconds left this turn.
|c|%htcl|u just para it
|c|☆Stellar Flares|I prepared this team to counter the OU meta
|c|%htcl|and then hex hex hex hex
|c|☆Stellar Flares|not uubl mons
|inactive|d18l has 10 seconds left.
|
|t:|1618495629
|switch|p2a: Slowking|Slowking, M|100/100 tox
|switch|p1a: Corviknight|Corviknight, F|86/100
|-ability|p1a: Corviknight|Pressure
|
|-damage|p2a: Slowking|94/100 tox|[from] psn
|upkeep
|turn|171
|inactive|d18l has 15 seconds left this turn.
|
|t:|1618495632
|switch|p1a: Blissey|Blissey, F|85/100
|switch|p2a: Clefable|Clefable, M|71/100 tox
|
|upkeep
|turn|172
|inactive|d18l has 20 seconds left this turn.
|
|t:|1618495636
|switch|p1a: Corviknight|Corviknight, F|86/100
|-ability|p1a: Corviknight|Pressure
|move|p2a: Clefable|Stealth Rock|p1a: Corviknight
|-sidestart|p1: Stellar Flares|move: Stealth Rock
|
|upkeep
|turn|173
|inactive|d18l has 25 seconds left this turn.
|
|t:|1618495640
|switch|p2a: Heatran|Heatran, M|100/100
|move|p1a: Corviknight|Defog|p2a: Heatran
|-unboost|p2a: Heatran|evasion|1
|-sideend|p1: Stellar Flares|Stealth Rock|[from] move: Defog|[of] p1a: Corviknight
|
|upkeep
|turn|174
|inactive|d18l has 30 seconds left this turn.
|c|☆Stellar Flares|minus 2 rocks
|
|t:|1618495645
|switch|p2a: Clefable|Clefable, M|71/100 tox
|switch|p1a: Ditto|Ditto, shiny|76/100
|-transform|p1a: Ditto|p2a: Clefable|[from] ability: Imposter
|-item|p1a: Ditto|Air Balloon
|
|upkeep
|turn|175
|inactive|d18l has 30 seconds left this turn.
|c| bob982374istesting|htcl don't mods usually end a tour battle if its over 100 turns?
|
|t:|1618495654
|switch|p1a: Corviknight|Corviknight, F|86/100
|-ability|p1a: Corviknight|Pressure
|move|p2a: Clefable|Moonblast|p1a: Corviknight
|-resisted|p1a: Corviknight
|-damage|p1a: Corviknight|72/100
|-unboost|p1a: Corviknight|spa|1
|
|upkeep
|turn|176
|inactive|d18l has 30 seconds left this turn.
|
|t:|1618495659
|switch|p2a: Slowking|Slowking, M|100/100 tox
|move|p1a: Corviknight|Roost|p1a: Corviknight
|-heal|p1a: Corviknight|100/100
|-singleturn|p1a: Corviknight|move: Roost
|
|-damage|p2a: Slowking|94/100 tox|[from] psn
|upkeep
|turn|177
|c| The Unlucky Player|he can't
|
|t:|1618495662
|switch|p1a: Blissey|Blissey, F|85/100
|move|p2a: Slowking|Teleport|p2a: Slowking
|c| The Unlucky Player|there's no winner
|c| Korkskrew|big drop
|
|t:|1618495667
|switch|p2a: Clefable|Clefable, M|71/100 tox|[from]move: Teleport
|
|upkeep
|turn|178
|c| Korkskrew|game winning spa drop
|c|%htcl|ya i probably should end this
|inactive|d18l has 30 seconds left.
|c|%htcl|6 v 6
|c|%htcl|no clear winner
|
|t:|1618495680
|switch|p2a: Slowking|Slowking, M|100/100 tox
|switch|p1a: Corviknight|Corviknight, F|100/100
|-ability|p1a: Corviknight|Pressure
|
|-damage|p2a: Slowking|94/100 tox|[from] psn
|upkeep
|turn|179
|inactive|d18l has 30 seconds left this turn.
|c| The Unlucky Player|that's the matter
|c| bob982374istesting|lol dq both players for being boring
|
|t:|1618495686
|switch|p1a: Blissey|Blissey, F|85/100
|switch|p2a: Clefable|Clefable, M|71/100 tox
|
|upkeep
|turn|180
|inactive|d18l has 25 seconds left this turn.
|c|%htcl|nah i'll just
|c|%htcl|coin flip it
|inactive|d18l has 20 seconds left.
|
|t:|1618495693
|switch|p2a: Slowking|Slowking, M|100/100 tox
|switch|p1a: Corviknight|Corviknight, F|100/100
|-ability|p1a: Corviknight|Pressure
|
|-damage|p2a: Slowking|94/100 tox|[from] psn
|upkeep
|turn|181
|inactive|d18l has 25 seconds left this turn.
|c| Korkskrew|no do /randpoke and they have to make that mon 1v1
|
|t:|1618495697
|switch|p1a: Blissey|Blissey, F|85/100
|switch|p2a: Clefable|Clefable, M|71/100 tox
|
|upkeep
|turn|182
|inactive|d18l has 25 seconds left this turn.
|c| bob982374istesting|ye i was jk
|c| bob982374istesting|lol /randpoke time
|inactive|d18l has 20 seconds left.
|c| The Unlucky Player|do a rock paper scizor fight
|c| bob982374istesting|that sounds fire
|c|%htcl|whoever gets picked will be
|
|t:|1618495707
|switch|p2a: Slowking|Slowking, M|100/100 tox
|switch|p1a: Corviknight|Corviknight, F|100/100
|-ability|p1a: Corviknight|Pressure
|
|-damage|p2a: Slowking|94/100 tox|[from] psn
|upkeep
|turn|183
|inactive|d18l has 25 seconds left this turn.
|c|%htcl|dq'ed
|
|t:|1618495711
|switch|p1a: Blissey|Blissey, F|85/100
|switch|p2a: Clefable|Clefable, M|71/100 tox
|
|upkeep
|turn|184
|inactive|d18l has 25 seconds left this turn.
|c|%htcl|!pick d18l, Stellar Flares
|c| htcl|/raw <div class="infobox"><em>We randomly picked:</em> Stellar Flares</div>
|c|%htcl|F
|inactive|d18l has 20 seconds left.
|c|☆Stellar Flares|xD
|c| Korkskrew|F
|c|☆Stellar Flares|thats so random
|c|☆d18l|F
|j|#Ox the Fox
|inactive|d18l has 15 seconds left.
|c| Korkskrew|sadge
|
|t:|1618495722
|switch|p1a: Corviknight|Corviknight, F|100/100
|-ability|p1a: Corviknight|Pressure
|move|p2a: Clefable|Stealth Rock|p1a: Corviknight
|-sidestart|p1: Stellar Flares|move: Stealth Rock
|
|upkeep
|turn|185
|inactive|d18l has 20 seconds left this turn.
|c|%htcl|ya but
|c| bob982374istesting|F
|c|%htcl|it has to be done
|c| The Unlucky Player|i dont wanna have to battle against stall
|
|t:|1618495727
|switch|p2a: Slowking|Slowking, M|100/100 tox
|move|p1a: Corviknight|Defog|p2a: Slowking
|-unboost|p2a: Slowking|evasion|1
|-sideend|p1: Stellar Flares|Stealth Rock|[from] move: Defog|[of] p1a: Corviknight
|
|-damage|p2a: Slowking|94/100 tox|[from] psn
|upkeep
|turn|186
|inactive|d18l has 20 seconds left this turn.
|c| kkkuuuuuuuuuuu|what u get for bringing stall
|j| Sugarybomber
|inactive|d18l has 15 seconds left.
|c|%htcl|its not that stall is bad but
|c|#Ox the Fox|,
|c|☆Stellar Flares|i 'm pretty sure i'd win on the long term
|c|#Ox the Fox|is this a tour game?!?!
|c|%htcl|ur holding up the tour
|c|☆Stellar Flares|he cannot pressure
|c|%htcl|yes
|c| bob982374istesting|yea ox
|
|t:|1618495744
|switch|p1a: Blissey|Blissey, F|85/100
|switch|p2a: Clefable|Clefable, M|71/100 tox
|
|upkeep
|turn|187
|inactive|d18l has 20 seconds left this turn.
|c| kkkuuuuuuuuuuu|tbh
|c|#Ox the Fox|wtf
|
|t:|1618495747
|switch|p1a: Corviknight|Corviknight, F|100/100
|-ability|p1a: Corviknight|Pressure
|move|p2a: Clefable|Stealth Rock|p1a: Corviknight
|-sidestart|p1: Stellar Flares|move: Stealth Rock
|
|upkeep
|turn|188
|inactive|d18l has 20 seconds left this turn.
|c| Korkskrew|yall joshing him but he could beat all yall
|
|t:|1618495750
|switch|p2a: Slowking|Slowking, M|100/100 tox
|move|p1a: Corviknight|Defog|p2a: Slowking
|-unboost|p2a: Slowking|evasion|1
|-sideend|p1: Stellar Flares|Stealth Rock|[from] move: Defog|[of] p1a: Corviknight
|
|-damage|p2a: Slowking|94/100 tox|[from] psn
|upkeep
|turn|189
|inactive|d18l has 25 seconds left this turn.
|l| Sugarybomber
|c| kkkuuuuuuuuuuu|y not have them bring ho in a separate match
|inactive|d18l has 20 seconds left.
|
|t:|1618495756
|switch|p1a: Blissey|Blissey, F|85/100
|move|p2a: Slowking|Future Sight|p1a: Blissey
|-start|p2a: Slowking|move: Future Sight
|
|-damage|p2a: Slowking|82/100 tox|[from] psn
|upkeep
|turn|190
|inactive|d18l has 20 seconds left this turn.
|n|☆Stellar Flares|stellarflares
|n|☆d18l|d18l
|n| The Unlucky Player|theunluckyplayer
|n| Ian_Yo|ianyo
|n| Korkskrew|korkskrew
|n| kkkuuuuuuuuuuu|kkkuuuuuuuuuuu
|n| bob982374istesting|bob982374istesting
|n| kdnf|kdnf
|n| HarryKane247|harrykane247
|n| femboy fox|femboyfox
|n| htcl|htcl
|n|+Ox the Fox|oxthefox
|-message|Stellar Flares forfeited.
|
|win|d18l
|inactive|d18l has 20 seconds left this turn.
|j| Sugarybomber
|c| The Unlucky Player|stellar really wants to be in that scoreboard huh
|c| bob982374istesting|ox thats a pretty good summary of this battle
|l| Korkskrew
|j| Mimikyu Stardust
|l| HarryKane247
|c|☆Stellar Flares|gz
|j| outk trollorde
|l| kkkuuuuuuuuuuu
|l| htcl
|l| bob982374istesting
|l| femboy fox
|l| Mimikyu Stardust
|j| OUTK Ladderisgood
|c| Sugarybomber|this is a stall team i see
|c|☆Stellar Flares|indeed
|l| Sugarybomber
|c|☆Stellar Flares|should make a rmt post about it
|l| OUTK Ladderisgood
|c|☆Stellar Flares|quite good actually
|c| outk trollorde|rmt of air balloon ditto
|c| outk trollorde|sure
|l| outk trollorde
|c|☆Stellar Flares|if you can't get that
|c|☆Stellar Flares|ye
|c|☆Stellar Flares|anyway
