|j|☆Jabooty Mcnuggets
|j|☆noudle soop
|t:|1657234923
|gametype|singles
|player|p1|Jabooty Mcnuggets|2|1601
|player|p2|noudle soop|roxie|1634
|teamsize|p1|6
|teamsize|p2|6
|gen|8
|tier|[Gen 8] OU
|rated|
|rule|Sleep Clause Mod: Limit one foe put to sleep
|rule|Species Clause: Limit one of each Pokémon
|rule|OHKO Clause: OHKO moves are banned
|rule|Evasion Moves Clause: Evasion moves are banned
|rule|Endless Battle Clause: Forcing endless battles is banned
|rule|HP Percentage Mod: HP is shown in percentages
|rule|Dynamax Clause: You cannot dynamax
|clearpoke
|poke|p1|Tornadus-Therian, M|
|poke|p1|Heatran, F|
|poke|p1|Buzzwole|
|poke|p1|Dragapult, F|
|poke|p1|Gastrodon, M|
|poke|p1|Weavile, M|
|poke|p2|Corviknight, F|
|poke|p2|Pelipper, M|
|poke|p2|Barraskewda, F|
|poke|p2|Landorus-Therian, M|
|poke|p2|Vanilluxe, F|
|poke|p2|Ferrothorn, M|
|teampreview
|inactive|Battle timer is ON: inactive players will automatically lose when time's up. (requested by noudle soop)
|c|☆Jabooty Mcnuggets|lol i just watched ur game against emvee
|inactive|Jabooty Mcnuggets has 120 seconds left.
|
|t:|1657234960
|start
|switch|p1a: Tornadus|Tornadus-Therian, M|100/100
|switch|p2a: pearl|Pelipper, M|100/100
|-weather|RainDance|[from] ability: Drizzle|[of] p2a: pearl
|turn|1
|c|☆noudle soop|i played emvee?
|c|☆Jabooty Mcnuggets|ya check his youtube u played a pikachu team
|inactive|noudle soop has 120 seconds left.
|c|☆noudle soop|oh yeah he used that stall
|inactive|noudle soop has 90 seconds left.
|c|☆noudle soop|made a super choke play with corv
|c|☆noudle soop|if i won he wouldve just edited it out anyway
|
|t:|1657235036
|move|p2a: pearl|U-turn|p1a: Tornadus
|-resisted|p1a: Tornadus
|-damage|p1a: Tornadus|96/100
|
|t:|1657235040
|switch|p2a: kevin cucumber|Ferrothorn, M|100/100|[from]move: U-turn
|move|p1a: Tornadus|Knock Off|p2a: kevin cucumber
|-damage|p2a: kevin cucumber|90/100
|-damage|p1a: Tornadus|84/100|[from] ability: Iron Barbs|[of] p2a: kevin cucumber
|-enditem|p2a: kevin cucumber|Leftovers|[from] move: Knock Off|[of] p1a: Tornadus
|
|-weather|RainDance|[upkeep]
|upkeep
|turn|2
|
|t:|1657235054
|move|p1a: Tornadus|Hurricane|p2a: kevin cucumber
|-damage|p2a: kevin cucumber|54/100
|move|p2a: kevin cucumber|Knock Off|p1a: Tornadus
|-damage|p1a: Tornadus|59/100
|-enditem|p1a: Tornadus|Heavy-Duty Boots|[from] move: Knock Off|[of] p2a: kevin cucumber
|
|-weather|RainDance|[upkeep]
|upkeep
|turn|3
|
|t:|1657235061
|move|p1a: Tornadus|Hurricane|p2a: kevin cucumber
|-damage|p2a: kevin cucumber|17/100
|-start|p2a: kevin cucumber|confusion
|-activate|p2a: kevin cucumber|confusion
|-damage|p2a: kevin cucumber|11/100|[from] confusion
|
|-weather|RainDance|[upkeep]
|upkeep
|turn|4
|
|t:|1657235066
|move|p1a: Tornadus|Hurricane|p2a: kevin cucumber
|-damage|p2a: kevin cucumber|0 fnt
|faint|p2a: kevin cucumber
|
|-weather|RainDance|[upkeep]
|upkeep
|
|t:|1657235068
|switch|p2a: Vanilluxe|Vanilluxe, F|100/100
|turn|5
|
|t:|1657235074
|switch|p1a: Heatran|Heatran, F|100/100
|move|p2a: Vanilluxe|Weather Ball|p1a: Heatran
|-supereffective|p1a: Heatran
|-damage|p1a: Heatran|9/100
|
|-weather|none
|-heal|p1a: Heatran|15/100|[from] item: Leftovers
|upkeep
|turn|6
|
|t:|1657235082
|switch|p2a: sandy cheeks|Landorus-Therian, M|100/100
|-ability|p2a: sandy cheeks|Intimidate|boost
|-unboost|p1a: Heatran|atk|1
|move|p1a: Heatran|Stealth Rock|p2a: sandy cheeks
|-sidestart|p2: noudle soop|move: Stealth Rock
|
|-heal|p1a: Heatran|21/100|[from] item: Leftovers
|upkeep
|turn|7
|
|t:|1657235099
|switch|p2a: pearl|Pelipper, M|100/100
|-damage|p2a: pearl|76/100|[from] Stealth Rock
|-weather|RainDance|[from] ability: Drizzle|[of] p2a: pearl
|switch|p1a: Tornadus|Tornadus-Therian, M|92/100
|
|-weather|RainDance|[upkeep]
|upkeep
|turn|8
|
|t:|1657235102
|move|p2a: pearl|Hurricane|p1a: Tornadus
|-damage|p1a: Tornadus|44/100
|move|p1a: Tornadus|Hurricane|p2a: pearl
|-damage|p2a: pearl|9/100
|
|-weather|RainDance|[upkeep]
|upkeep
|turn|9
|
|t:|1657235110
|switch|p1a: Gastrodon|Gastrodon, M|100/100
|move|p2a: pearl|Hurricane|p1a: Gastrodon
|-crit|p1a: Gastrodon
|-damage|p1a: Gastrodon|58/100
|-start|p1a: Gastrodon|confusion
|
|-weather|RainDance|[upkeep]
|-heal|p1a: Gastrodon|64/100|[from] item: Leftovers
|upkeep
|turn|10
|
|t:|1657235127
|move|p2a: pearl|Hurricane|p1a: Gastrodon
|-damage|p1a: Gastrodon|32/100
|-activate|p1a: Gastrodon|confusion
|-damage|p1a: Gastrodon|26/100|[from] confusion
|
|-weather|RainDance|[upkeep]
|-heal|p1a: Gastrodon|32/100|[from] item: Leftovers
|upkeep
|turn|11
|
|t:|1657235135
|switch|p1a: Dragapult|Dragapult, F|100/100
|move|p2a: pearl|Hurricane|p1a: Dragapult
|-damage|p1a: Dragapult|40/100
|
|-weather|none
|upkeep
|turn|12
|
|t:|1657235139
|move|p1a: Dragapult|Shadow Ball|p2a: pearl
|-damage|p2a: pearl|0 fnt
|faint|p2a: pearl
|
|upkeep
|
|t:|1657235147
|switch|p2a: sandy cheeks|Landorus-Therian, M|100/100
|-damage|p2a: sandy cheeks|88/100|[from] Stealth Rock
|-ability|p2a: sandy cheeks|Intimidate|boost
|-unboost|p1a: Dragapult|atk|1
|turn|13
|
|t:|1657235152
|switch|p1a: Buzzwole|Buzzwole|100/100
|move|p2a: sandy cheeks|Rock Polish|p2a: sandy cheeks
|-boost|p2a: sandy cheeks|spe|2
|
|-heal|p2a: sandy cheeks|94/100|[from] item: Leftovers
|upkeep
|turn|14
|
|t:|1657235158
|switch|p2a: Vanilluxe|Vanilluxe, F|100/100
|-damage|p2a: Vanilluxe|76/100|[from] Stealth Rock
|move|p1a: Buzzwole|Ice Punch|p2a: Vanilluxe
|-resisted|p2a: Vanilluxe
|-damage|p2a: Vanilluxe|60/100
|-ability|p2a: Vanilluxe|Weak Armor|boost
|-unboost|p2a: Vanilluxe|def|1
|-boost|p2a: Vanilluxe|spe|2
|
|upkeep
|turn|15
|
|t:|1657235167
|switch|p1a: Heatran|Heatran, F|21/100
|move|p2a: Vanilluxe|Blizzard|p1a: Heatran
|-resisted|p1a: Heatran
|-damage|p1a: Heatran|8/100
|
|-heal|p1a: Heatran|14/100|[from] item: Leftovers
|upkeep
|turn|16
|
|t:|1657235173
|move|p2a: Vanilluxe|Blizzard|p1a: Heatran
|-resisted|p1a: Heatran
|-damage|p1a: Heatran|2/100
|move|p1a: Heatran|Magma Storm|p2a: Vanilluxe
|-supereffective|p2a: Vanilluxe
|-damage|p2a: Vanilluxe|0 fnt
|faint|p2a: Vanilluxe
|
|-heal|p1a: Heatran|8/100|[from] item: Leftovers
|upkeep
|
|t:|1657235178
|switch|p2a: Barraskewda|Barraskewda, F|100/100
|-damage|p2a: Barraskewda|88/100|[from] Stealth Rock
|turn|17
|
|t:|1657235187
|move|p2a: Barraskewda|Close Combat|p1a: Heatran
|-supereffective|p1a: Heatran
|-damage|p1a: Heatran|0 fnt
|-unboost|p2a: Barraskewda|def|1
|-unboost|p2a: Barraskewda|spd|1
|faint|p1a: Heatran
|
|upkeep
|
|t:|1657235189
|switch|p1a: Buzzwole|Buzzwole|100/100
|turn|18
|
|t:|1657235196
|switch|p2a: sandy cheeks|Landorus-Therian, M|94/100
|-damage|p2a: sandy cheeks|82/100|[from] Stealth Rock
|-ability|p2a: sandy cheeks|Intimidate|boost
|-unboost|p1a: Buzzwole|atk|1
|switch|p1a: Dragapult|Dragapult, F|40/100
|
|-heal|p2a: sandy cheeks|88/100|[from] item: Leftovers
|upkeep
|turn|19
|
|t:|1657235200
|move|p1a: Dragapult|U-turn|p2a: sandy cheeks
|-resisted|p2a: sandy cheeks
|-damage|p2a: sandy cheeks|79/100
|
|t:|1657235202
|switch|p1a: Buzzwole|Buzzwole|100/100|[from]move: U-turn
|move|p2a: sandy cheeks|Earthquake|p1a: Buzzwole
|-resisted|p1a: Buzzwole
|-damage|p1a: Buzzwole|85/100
|
|-heal|p2a: sandy cheeks|85/100|[from] item: Leftovers
|upkeep
|turn|20
|
|t:|1657235209
|switch|p2a: Barraskewda|Barraskewda, F|88/100
|-damage|p2a: Barraskewda|76/100|[from] Stealth Rock
|move|p1a: Buzzwole|Ice Punch|p2a: Barraskewda
|-resisted|p2a: Barraskewda
|-damage|p2a: Barraskewda|52/100
|-status|p2a: Barraskewda|frz
|
|upkeep
|turn|21
|
|t:|1657235213
|switch|p2a: sandy cheeks|Landorus-Therian, M|85/100
|-damage|p2a: sandy cheeks|73/100|[from] Stealth Rock
|-ability|p2a: sandy cheeks|Intimidate|boost
|-unboost|p1a: Buzzwole|atk|1
|move|p1a: Buzzwole|Leech Life|p2a: sandy cheeks
|-resisted|p2a: sandy cheeks
|-damage|p2a: sandy cheeks|57/100
|-heal|p1a: Buzzwole|91/100|[from] drain|[of] p2a: sandy cheeks
|
|-heal|p2a: sandy cheeks|63/100|[from] item: Leftovers
|upkeep
|turn|22
|
|t:|1657235216
|switch|p2a: man ray|Corviknight, F, shiny|100/100
|-damage|p2a: man ray|88/100|[from] Stealth Rock
|move|p1a: Buzzwole|Ice Punch|p2a: man ray
|-damage|p2a: man ray|74/100
|-status|p2a: man ray|frz
|
|upkeep
|turn|23
|c|☆Jabooty Mcnuggets|wtf
|c|☆noudle soop|ok
|c|☆Jabooty Mcnuggets|lol
|
|t:|1657235234
|switch|p1a: Dragapult|Dragapult, F|40/100
|cant|p2a: man ray|frz
|
|upkeep
|turn|24
|-message|noudle soop forfeited.
|
|win|Jabooty Mcnuggets
|raw|Jabooty Mcnuggets's rating: 1601 &rarr; <strong>1623</strong><br />(+22 for winning)
|raw|noudle soop's rating: 1634 &rarr; <strong>1612</strong><br />(-22 for losing)
|l|☆noudle soop
