|raw|<div class="broadcast-blue"><strong>This battle is required to be public due to a player having a name starting with 'lt82zw'.</div>
|j|☆Lenape
|j|☆LT82ZW Dasmer
|t:|1626191198
|gametype|singles
|player|p1|Lenape|169|1786
|player|p2|LT82ZW Dasmer|lance-gen2|1843
|teamsize|p1|6
|teamsize|p2|6
|gen|8
|tier|[Gen 8] OU
|rated|
|rule|Sleep Clause Mod: Limit one foe put to sleep
|rule|Species Clause: Limit one of each Pokémon
|rule|OHKO Clause: OHKO moves are banned
|rule|Evasion Moves Clause: Evasion moves are banned
|rule|Endless Battle Clause: Forcing endless battles is banned
|rule|HP Percentage Mod: HP is shown in percentages
|rule|Dynamax Clause: You cannot dynamax
|clearpoke
|poke|p1|Rotom-Heat|
|poke|p1|Corviknight, M|
|poke|p1|Sylveon, F|
|poke|p1|Rhyperior, M|
|poke|p1|Toxapex, F|
|poke|p1|Umbreon, M|
|poke|p2|Melmetal|
|poke|p2|Magnezone|
|poke|p2|Weavile, M|
|poke|p2|Gastrodon, F|
|poke|p2|Dragonite, M|
|poke|p2|Clefable, F|
|teampreview
|inactive|Battle timer is ON: inactive players will automatically lose when time's up. (requested by Lenape)
|
|t:|1626191204
|start
|switch|p1a: Rotom|Rotom-Heat|100/100
|switch|p2a: Clefable|Clefable, F|100/100
|turn|1
|
|t:|1626191207
|move|p1a: Rotom|Trick|p2a: Clefable
|-activate|p1a: Rotom|move: Trick|[of] p2a: Clefable
|-item|p2a: Clefable|Choice Scarf|[from] move: Trick
|-item|p1a: Rotom|Choice Scarf|[from] move: Trick
|move|p2a: Clefable|Trick|p1a: Rotom
|-activate|p2a: Clefable|move: Trick|[of] p1a: Rotom
|-item|p1a: Rotom|Choice Scarf|[from] move: Trick
|-item|p2a: Clefable|Choice Scarf|[from] move: Trick
|
|upkeep
|turn|2
|j| Mario34
|l| Mario34
|
|t:|1626191215
|move|p1a: Rotom|Discharge|p2a: Clefable
|-damage|p2a: Clefable|77/100
|move|p2a: Clefable|Stealth Rock|p1a: Rotom
|-sidestart|p1: Lenape|move: Stealth Rock
|
|upkeep
|turn|3
|
|t:|1626191222
|switch|p1a: Toxapex|Toxapex, F|100/100
|-damage|p1a: Toxapex|88/100|[from] Stealth Rock
|switch|p2a: Gastrodon|Gastrodon, F|100/100
|
|-heal|p1a: Toxapex|94/100|[from] item: Black Sludge
|upkeep
|turn|4
|
|t:|1626191224
|switch|p2a: Clefable|Clefable, F|77/100
|move|p1a: Toxapex|Toxic|p2a: Clefable
|-status|p2a: Clefable|tox
|
|-heal|p1a: Toxapex|100/100|[from] item: Black Sludge
|upkeep
|turn|5
|
|t:|1626191231
|switch|p1a: Rotom|Rotom-Heat|100/100
|-damage|p1a: Rotom|75/100|[from] Stealth Rock
|move|p2a: Clefable|Trick|p1a: Rotom
|-activate|p2a: Clefable|move: Trick|[of] p1a: Rotom
|-item|p1a: Rotom|Choice Scarf|[from] move: Trick
|-item|p2a: Clefable|Choice Scarf|[from] move: Trick
|
|upkeep
|turn|6
|j| Arakd’eau✞
|
|t:|1626191234
|move|p1a: Rotom|Defog|p2a: Clefable
|-unboost|p2a: Clefable|evasion|1
|-sideend|p1: Lenape|Stealth Rock|[from] move: Defog|[of] p1a: Rotom
|move|p2a: Clefable|Soft-Boiled|p2a: Clefable
|-heal|p2a: Clefable|100/100 tox
|
|upkeep
|turn|7
|l| Arakd’eau✞
|
|t:|1626191242
|switch|p1a: Rhyperior|Rhyperior, M|100/100
|switch|p2a: Magnezone|Magnezone|100/100
|
|upkeep
|turn|8
|j| cute pink team
|
|t:|1626191247
|switch|p2a: Dragonite|Dragonite, M|100/100
|move|p1a: Rhyperior|Stealth Rock|p2a: Dragonite
|-sidestart|p2: LT82ZW Dasmer|move: Stealth Rock
|
|upkeep
|turn|9
|
|t:|1626191252
|switch|p1a: Toxapex|Toxapex, F|100/100
|move|p2a: Dragonite|Earthquake|p1a: Toxapex
|-supereffective|p1a: Toxapex
|-damage|p1a: Toxapex|63/100
|
|-heal|p1a: Toxapex|69/100|[from] item: Black Sludge
|upkeep
|turn|10
|j| LT82ZW HA
|
|t:|1626191259
|switch|p2a: Clefable|Clefable, F|100/100 tox
|move|p1a: Toxapex|Toxic|p2a: Clefable
|-fail|p2a: Clefable|tox
|
|-heal|p1a: Toxapex|75/100|[from] item: Black Sludge
|upkeep
|turn|11
|j| LT82ZW cha
|
|t:|1626191262
|switch|p1a: Rotom|Rotom-Heat|75/100
|move|p2a: Clefable|Stealth Rock|p1a: Rotom
|-sidestart|p1: Lenape|move: Stealth Rock
|
|upkeep
|turn|12
|
|t:|1626191267
|switch|p2a: Gastrodon|Gastrodon, F|100/100
|-damage|p2a: Gastrodon|94/100|[from] Stealth Rock
|move|p1a: Rotom|Will-O-Wisp|p2a: Gastrodon
|-status|p2a: Gastrodon|brn
|
|-heal|p2a: Gastrodon|100/100 brn|[from] item: Leftovers
|-damage|p2a: Gastrodon|94/100 brn|[from] brn
|upkeep
|turn|13
|l| LT82ZW HA
|
|t:|1626191279
|switch|p1a: Sylveon|Sylveon, F|100/100
|-damage|p1a: Sylveon|88/100|[from] Stealth Rock
|move|p2a: Gastrodon|Toxic|p1a: Sylveon
|-status|p1a: Sylveon|tox
|
|-heal|p1a: Sylveon|94/100 tox|[from] item: Leftovers
|-heal|p2a: Gastrodon|100/100 brn|[from] item: Leftovers
|-damage|p1a: Sylveon|88/100 tox|[from] psn
|-damage|p2a: Gastrodon|94/100 brn|[from] brn
|upkeep
|turn|14
|
|t:|1626191284
|move|p1a: Sylveon|Wish|p1a: Sylveon
|move|p2a: Gastrodon|Earthquake|p1a: Sylveon
|-damage|p1a: Sylveon|71/100 tox
|
|-heal|p1a: Sylveon|77/100 tox|[from] item: Leftovers
|-heal|p2a: Gastrodon|100/100 brn|[from] item: Leftovers
|-damage|p1a: Sylveon|65/100 tox|[from] psn
|-damage|p2a: Gastrodon|94/100 brn|[from] brn
|upkeep
|turn|15
|
|t:|1626191289
|move|p1a: Sylveon|Hyper Voice|p2a: Gastrodon
|-damage|p2a: Gastrodon|66/100 brn
|move|p2a: Gastrodon|Toxic|p1a: Sylveon
|-fail|p1a: Sylveon|tox
|
|-heal|p1a: Sylveon|100/100 tox|[from] move: Wish|[wisher] Sylveon
|-heal|p2a: Gastrodon|72/100 brn|[from] item: Leftovers
|-damage|p1a: Sylveon|82/100 tox|[from] psn
|-damage|p2a: Gastrodon|66/100 brn|[from] brn
|upkeep
|turn|16
|j| Lt82zw Yakoplays
|
|t:|1626191293
|switch|p1a: Umbreon|Umbreon, M|100/100
|-damage|p1a: Umbreon|88/100|[from] Stealth Rock
|move|p2a: Gastrodon|Recover|p2a: Gastrodon
|-heal|p2a: Gastrodon|100/100 brn
|
|-heal|p1a: Umbreon|94/100|[from] item: Leftovers
|-damage|p2a: Gastrodon|94/100 brn|[from] brn
|upkeep
|turn|17
|
|t:|1626191295
|move|p1a: Umbreon|Foul Play|p2a: Gastrodon
|-damage|p2a: Gastrodon|63/100 brn
|move|p2a: Gastrodon|Toxic|p1a: Umbreon
|-status|p1a: Umbreon|tox
|
|-heal|p1a: Umbreon|99/100 tox|[from] item: Leftovers
|-heal|p2a: Gastrodon|69/100 brn|[from] item: Leftovers
|-damage|p1a: Umbreon|94/100 tox|[from] psn
|-damage|p2a: Gastrodon|63/100 brn|[from] brn
|upkeep
|turn|18
|
|t:|1626191298
|move|p1a: Umbreon|Heal Bell|p1a: Umbreon
|-activate|p1a: Umbreon|move: Heal Bell
|-curestatus|p1a: Umbreon|tox|[msg]
|-curestatus|p1: Sylveon|tox|[msg]
|move|p2a: Gastrodon|Recover|p2a: Gastrodon
|-heal|p2a: Gastrodon|100/100 brn
|
|-heal|p1a: Umbreon|99/100|[from] item: Leftovers
|-damage|p2a: Gastrodon|94/100 brn|[from] brn
|upkeep
|turn|19
|
|t:|1626191300
|move|p1a: Umbreon|Protect|p1a: Umbreon
|-singleturn|p1a: Umbreon|Protect
|move|p2a: Gastrodon|Toxic|p1a: Umbreon
|-activate|p1a: Umbreon|move: Protect
|
|-heal|p1a: Umbreon|100/100|[from] item: Leftovers
|-heal|p2a: Gastrodon|100/100 brn|[from] item: Leftovers
|-damage|p2a: Gastrodon|94/100 brn|[from] brn
|upkeep
|turn|20
|
|t:|1626191304
|switch|p1a: Toxapex|Toxapex, F|100/100
|-damage|p1a: Toxapex|88/100|[from] Stealth Rock
|move|p2a: Gastrodon|Toxic|p1a: Toxapex
|-immune|p1a: Toxapex
|
|-heal|p1a: Toxapex|94/100|[from] item: Black Sludge
|-heal|p2a: Gastrodon|100/100 brn|[from] item: Leftovers
|-damage|p2a: Gastrodon|94/100 brn|[from] brn
|upkeep
|turn|21
|
|t:|1626191309
|switch|p1a: Rhyperior|Rhyperior, M|100/100
|-damage|p1a: Rhyperior|94/100|[from] Stealth Rock
|switch|p2a: Clefable|Clefable, F|100/100 tox
|
|-heal|p1a: Rhyperior|100/100|[from] item: Leftovers
|upkeep
|turn|22
|
|t:|1626191312
|move|p2a: Clefable|Trick|p1a: Rhyperior
|-activate|p2a: Clefable|move: Trick|[of] p1a: Rhyperior
|-item|p1a: Rhyperior|Choice Scarf|[from] move: Trick
|-item|p2a: Clefable|Leftovers|[from] move: Trick
|move|p1a: Rhyperior|Heavy Slam|p2a: Clefable
|-supereffective|p2a: Clefable
|-damage|p2a: Clefable|41/100 tox
|
|-heal|p2a: Clefable|47/100 tox|[from] item: Leftovers
|upkeep
|turn|23
|
|t:|1626191321
|switch|p1a: Rotom|Rotom-Heat|75/100
|-damage|p1a: Rotom|50/100|[from] Stealth Rock
|switch|p2a: Magnezone|Magnezone|100/100
|-damage|p2a: Magnezone|94/100|[from] Stealth Rock
|
|-heal|p2a: Magnezone|100/100|[from] item: Leftovers
|upkeep
|turn|24
|j| aaaaaayyy
|
|t:|1626191336
|switch|p1a: Rhyperior|Rhyperior, M|100/100
|-damage|p1a: Rhyperior|94/100|[from] Stealth Rock
|move|p2a: Magnezone|Body Press|p1a: Rhyperior
|-supereffective|p1a: Rhyperior
|-damage|p1a: Rhyperior|71/100
|
|upkeep
|turn|25
|
|t:|1626191343
|switch|p2a: Dragonite|Dragonite, M|100/100
|move|p1a: Rhyperior|Earthquake|p2a: Dragonite
|-immune|p2a: Dragonite
|
|upkeep
|turn|26
|j| Mario34
|j| LT82ZW Sharifa
|
|t:|1626191347
|switch|p2a: Magnezone|Magnezone|100/100
|-damage|p2a: Magnezone|94/100|[from] Stealth Rock
|switch|p1a: Umbreon|Umbreon, M|100/100
|-damage|p1a: Umbreon|88/100|[from] Stealth Rock
|
|-heal|p2a: Magnezone|100/100|[from] item: Leftovers
|-heal|p1a: Umbreon|94/100|[from] item: Leftovers
|upkeep
|turn|27
|
|t:|1626191352
|switch|p1a: Rhyperior|Rhyperior, M|71/100
|-damage|p1a: Rhyperior|64/100|[from] Stealth Rock
|move|p2a: Magnezone|Substitute|p2a: Magnezone
|-start|p2a: Magnezone|Substitute
|-damage|p2a: Magnezone|75/100
|
|-heal|p2a: Magnezone|82/100|[from] item: Leftovers
|upkeep
|turn|28
|
|t:|1626191356
|move|p2a: Magnezone|Body Press|p1a: Rhyperior
|-supereffective|p1a: Rhyperior
|-damage|p1a: Rhyperior|41/100
|move|p1a: Rhyperior|Earthquake|p2a: Magnezone
|-supereffective|p2a: Magnezone
|-end|p2a: Magnezone|Substitute
|
|-heal|p2a: Magnezone|88/100|[from] item: Leftovers
|upkeep
|turn|29
|
|t:|1626191359
|switch|p2a: Dragonite|Dragonite, M|100/100
|move|p1a: Rhyperior|Earthquake|p2a: Dragonite
|-immune|p2a: Dragonite
|
|upkeep
|turn|30
|
|t:|1626191361
|switch|p1a: Rotom|Rotom-Heat|50/100
|-damage|p1a: Rotom|25/100|[from] Stealth Rock
|move|p2a: Dragonite|Flamethrower|p1a: Rotom
|-resisted|p1a: Rotom
|-damage|p1a: Rotom|14/100
|
|upkeep
|turn|31
|
|t:|1626191367
|switch|p2a: Clefable|Clefable, F|47/100 tox
|move|p1a: Rotom|Trick|p2a: Clefable
|-activate|p1a: Rotom|move: Trick|[of] p2a: Clefable
|-item|p2a: Clefable|Choice Scarf|[from] move: Trick
|-item|p1a: Rotom|Leftovers|[from] move: Trick
|
|-heal|p1a: Rotom|21/100|[from] item: Leftovers
|upkeep
|turn|32
|l| Mario34
|
|t:|1626191378
|move|p2a: Clefable|Trick|p1a: Rotom
|-activate|p2a: Clefable|move: Trick|[of] p1a: Rotom
|-item|p1a: Rotom|Choice Scarf|[from] move: Trick
|-item|p2a: Clefable|Leftovers|[from] move: Trick
|move|p1a: Rotom|Discharge|p2a: Clefable
|-damage|p2a: Clefable|23/100 tox
|
|-heal|p2a: Clefable|29/100 tox|[from] item: Leftovers
|upkeep
|turn|33
|
|t:|1626191384
|move|p1a: Rotom|Discharge|p2a: Clefable
|-damage|p2a: Clefable|8/100 tox
|move|p2a: Clefable|Soft-Boiled|p2a: Clefable
|-heal|p2a: Clefable|58/100 tox
|
|-heal|p2a: Clefable|64/100 tox|[from] item: Leftovers
|upkeep
|turn|34
|
|t:|1626191389
|switch|p1a: Toxapex|Toxapex, F|100/100
|-damage|p1a: Toxapex|88/100|[from] Stealth Rock
|move|p2a: Clefable|Soft-Boiled|p2a: Clefable
|-heal|p2a: Clefable|100/100 tox
|
|-heal|p1a: Toxapex|94/100|[from] item: Black Sludge
|upkeep
|turn|35
|
|t:|1626191394
|switch|p1a: Rhyperior|Rhyperior, M|41/100
|-damage|p1a: Rhyperior|34/100|[from] Stealth Rock
|move|p2a: Clefable|Stealth Rock||[still]
|-fail|p2a: Clefable
|
|upkeep
|turn|36
|
|t:|1626191399
|move|p1a: Rhyperior|Rock Blast|p2a: Clefable
|-damage|p2a: Clefable|90/100 tox
|-damage|p2a: Clefable|80/100 tox
|-damage|p2a: Clefable|70/100 tox
|-hitcount|p2a: Clefable|3
|move|p2a: Clefable|Soft-Boiled|p2a: Clefable
|-heal|p2a: Clefable|100/100 tox
|
|upkeep
|turn|37
|c|☆Lenape|mAGNEZONE TRAPS FTW
|c|☆Lenape|Bring back arena and trap and shadow tag
|inactive|Lenape has 120 seconds left.
|c|☆Lenape|May as well use all the traping if one is allowed
|-message|Lenape forfeited.
|
|win|LT82ZW Dasmer
|l|☆Lenape
|raw|Lenape's rating: 1786 &rarr; <strong>1769</strong><br />(-17 for losing)
|raw|LT82ZW Dasmer's rating: 1843 &rarr; <strong>1860</strong><br />(+17 for winning)
|c|☆LT82ZW Dasmer|no llores
|l| LT82ZW cha
||Ladder isn't responding, score probably updated but might not have (Request timeout).
|l|☆LT82ZW Dasmer
|n| Dios papu pro|aaaaaayyy
|c| Dios papu pro|jajaja
|j| Steez Ibanez
|l| Steez Ibanez
|l| Dios papu pro
|j| Dios papu pro
|l| Dios papu pro
|l| Lt82zw Yakoplays
|n| misty boss gym|cutepinkteam
|l| LT82ZW Sharifa
