|html|<div class="broadcast-blue"><strong>[Gen 8] OU is currently suspecting Melmetal! For information on how to participate check out the <a href="https://www.smogon.com/forums/threads/np-ss-ou-suspect-process-round-12-monster-mash.3709234/">suspect thread</a>.</strong></div>
|j|☆stantlerdude63
|j|☆seelearnwin
|inactive|Battle timer is ON: inactive players will automatically lose when time's up.
|t:|1666468538
|gametype|singles
|player|p1|stantlerdude63|265|
|player|p2|seelearnwin|1|
|teamsize|p1|6
|teamsize|p2|6
|gen|8
|tier|[Gen 8] OU
|rated|Tournament battle
|rule|Sleep Clause Mod: Limit one foe put to sleep
|rule|Species Clause: Limit one of each Pokémon
|rule|OHKO Clause: OHKO moves are banned
|rule|Evasion Items Clause: Evasion items are banned
|rule|Evasion Moves Clause: Evasion moves are banned
|rule|Endless Battle Clause: Forcing endless battles is banned
|rule|HP Percentage Mod: HP is shown in percentages
|rule|Dynamax Clause: You cannot dynamax
|clearpoke
|poke|p1|Toxapex, F|
|poke|p1|Corviknight, M|
|poke|p1|Garchomp, F|
|poke|p1|Rillaboom, M|
|poke|p1|Dragapult, F|
|poke|p1|Melmetal|
|poke|p2|Pelipper, M|
|poke|p2|Seismitoad, F|
|poke|p2|Zapdos|
|poke|p2|Ferrothorn, M|
|poke|p2|Barraskewda, M|
|poke|p2|Crawdaunt, F|
|teampreview
|j|%moondazing
|j| GengarAdept
|j| Xsage93
|c|☆seelearnwin|gl
|j| SKIP THE DRIP
|c|☆stantlerdude63|gl
|l| SKIP THE DRIP
|j| ChiefGreenLeaf3
|j| OUTD Sekarji
|j| cypherstest
|j| Satiri1
|j| iGeomagician
|c| ChiefGreenLeaf3|rain honk honk
|
|t:|1666468563
|start
|switch|p1a: Garchomp|Garchomp, F|100/100
|switch|p2a: Pel I Can't|Pelipper, M|100/100
|-weather|RainDance|[from] ability: Drizzle|[of] p2a: Pel I Can't
|turn|1
|
|t:|1666468575
|move|p1a: Garchomp|Toxic|p2a: Pel I Can't
|-status|p2a: Pel I Can't|tox
|move|p2a: Pel I Can't|U-turn|p1a: Garchomp
|-damage|p1a: Garchomp|93/100
|-damage|p2a: Pel I Can't|88/100 tox|[from] ability: Rough Skin|[of] p1a: Garchomp
|inactive|seelearnwin has 120 seconds left.
|
|t:|1666468603
|switch|p2a: Blue Frog|Seismitoad, F|100/100|[from]move: U-turn
|
|-weather|RainDance|[upkeep]
|-heal|p1a: Garchomp|99/100|[from] item: Leftovers
|upkeep
|turn|2
|j|#ironwater
|l|#ironwater
|c|☆seelearnwin|yes
|c|☆seelearnwin|only ou team ive ever played
|
|t:|1666468628
|move|p1a: Garchomp|Protect|p1a: Garchomp
|-singleturn|p1a: Garchomp|Protect
|move|p2a: Blue Frog|Icy Wind|p1a: Garchomp
|-activate|p1a: Garchomp|move: Protect
|
|-weather|RainDance|[upkeep]
|-heal|p1a: Garchomp|100/100|[from] item: Leftovers
|upkeep
|turn|3
|inactive|seelearnwin has 120 seconds left.
|inactive|stantlerdude63 has 120 seconds left.
|j| SKIP THE DRIP
|j| Down$pook
|j| Yungster_Testboi
|
|t:|1666468670
|switch|p1a: Toxapex|Toxapex, F|100/100
|move|p2a: Blue Frog|Earth Power|p1a: Toxapex
|-supereffective|p1a: Toxapex
|-damage|p1a: Toxapex|34/100
|-damage|p2a: Blue Frog|91/100|[from] item: Life Orb
|
|-weather|RainDance|[upkeep]
|upkeep
|turn|4
|inactive|seelearnwin has 120 seconds left.
|l| iGeomagician
|
|t:|1666468695
|switch|p2a: Electric Bird|Zapdos|100/100
|switch|p1a: Rillaboom|Rillaboom, M|100/100
|-fieldstart|move: Grassy Terrain|[from] ability: Grassy Surge|[of] p1a: Rillaboom
|
|-weather|RainDance|[upkeep]
|upkeep
|turn|5
|
|t:|1666468703
|switch|p1a: Melmetal|Melmetal|100/100
|move|p2a: Electric Bird|Hurricane|p1a: Melmetal
|-resisted|p1a: Melmetal
|-damage|p1a: Melmetal|74/100
|-start|p1a: Melmetal|confusion
|
|-weather|RainDance|[upkeep]
|-heal|p1a: Melmetal|81/100|[from] Grassy Terrain
|-heal|p1a: Melmetal|87/100|[from] item: Leftovers
|upkeep
|turn|6
|inactive|stantlerdude63 has 120 seconds left.
|inactive|seelearnwin has 120 seconds left.
|
|t:|1666468710
|switch|p1a: Garchomp|Garchomp, F|100/100
|move|p2a: Electric Bird|Thunder|p1a: Garchomp
|-immune|p1a: Garchomp
|
|-weather|RainDance|[upkeep]
|upkeep
|turn|7
|
|t:|1666468717
|switch|p2a: Steel Durian|Ferrothorn, M|100/100
|move|p1a: Garchomp|Stealth Rock|p2a: Steel Durian
|-sidestart|p2: seelearnwin|move: Stealth Rock
|
|-weather|RainDance|[upkeep]
|upkeep
|turn|8
|j|@Sww-Suwa
|inactive|stantlerdude63 has 120 seconds left.
|l|@Sww-Suwa
|
|t:|1666468739
|switch|p1a: Toxapex|Toxapex, F|67/100
|move|p2a: Steel Durian|Stealth Rock|p1a: Toxapex
|-sidestart|p1: stantlerdude63|move: Stealth Rock
|
|-weather|none
|-heal|p1a: Toxapex|73/100|[from] Grassy Terrain
|-fieldend|move: Grassy Terrain
|upkeep
|turn|9
|
|t:|1666468764
|move|p1a: Toxapex|Knock Off|p2a: Steel Durian
|-damage|p2a: Steel Durian|91/100
|-damage|p1a: Toxapex|61/100|[from] ability: Iron Barbs|[of] p2a: Steel Durian
|-enditem|p2a: Steel Durian|Leftovers|[from] move: Knock Off|[of] p1a: Toxapex
|move|p2a: Steel Durian|Leech Seed|p1a: Toxapex
|-start|p1a: Toxapex|move: Leech Seed
|
|-damage|p1a: Toxapex|48/100|[from] Leech Seed|[of] p2a: Steel Durian
|-heal|p2a: Steel Durian|100/100|[silent]
|upkeep
|turn|10
|
|t:|1666468771
|move|p1a: Toxapex|Recover|p1a: Toxapex
|-heal|p1a: Toxapex|99/100
|move|p2a: Steel Durian|Knock Off|p1a: Toxapex
|-damage|p1a: Toxapex|82/100
|-enditem|p1a: Toxapex|Shed Shell|[from] move: Knock Off|[of] p2a: Steel Durian
|
|-damage|p1a: Toxapex|70/100|[from] Leech Seed|[of] p2a: Steel Durian
|upkeep
|turn|11
|
|t:|1666468776
|move|p1a: Toxapex|Scald|p2a: Steel Durian
|-resisted|p2a: Steel Durian
|-damage|p2a: Steel Durian|94/100
|move|p2a: Steel Durian|Gyro Ball|p1a: Toxapex
|-resisted|p1a: Toxapex
|-damage|p1a: Toxapex|63/100
|
|-damage|p1a: Toxapex|51/100|[from] Leech Seed|[of] p2a: Steel Durian
|-heal|p2a: Steel Durian|100/100|[silent]
|upkeep
|turn|12
|
|t:|1666468794
|switch|p2a: Electric Bird|Zapdos|100/100
|move|p1a: Toxapex|Recover|p1a: Toxapex
|-heal|p1a: Toxapex|100/100
|
|-damage|p1a: Toxapex|88/100|[from] Leech Seed|[of] p2a: Electric Bird
|upkeep
|turn|13
|inactive|seelearnwin has 120 seconds left.
|
|t:|1666468817
|switch|p2a: Pel I Can't|Pelipper, M|88/100 tox
|-damage|p2a: Pel I Can't|63/100 tox|[from] Stealth Rock
|-weather|RainDance|[from] ability: Drizzle|[of] p2a: Pel I Can't
|switch|p1a: Melmetal|Melmetal|87/100
|-damage|p1a: Melmetal|81/100|[from] Stealth Rock
|
|-weather|RainDance|[upkeep]
|-heal|p1a: Melmetal|87/100|[from] item: Leftovers
|-damage|p2a: Pel I Can't|57/100 tox|[from] psn
|upkeep
|turn|14
|inactive|stantlerdude63 has 120 seconds left.
|
|t:|1666468847
|switch|p2a: Steel Durian|Ferrothorn, M|100/100
|-damage|p2a: Steel Durian|95/100|[from] Stealth Rock
|move|p1a: Melmetal|Double Iron Bash|p2a: Steel Durian
|-resisted|p2a: Steel Durian
|-damage|p2a: Steel Durian|81/100
|-damage|p1a: Melmetal|74/100|[from] ability: Iron Barbs|[of] p2a: Steel Durian
|-resisted|p2a: Steel Durian
|-damage|p2a: Steel Durian|66/100
|-damage|p1a: Melmetal|62/100|[from] ability: Iron Barbs|[of] p2a: Steel Durian
|-hitcount|p2a: Steel Durian|2
|
|-weather|RainDance|[upkeep]
|-heal|p1a: Melmetal|68/100|[from] item: Leftovers
|upkeep
|turn|15
|
|t:|1666468859
|move|p1a: Melmetal|Protect|p1a: Melmetal
|-singleturn|p1a: Melmetal|Protect
|move|p2a: Steel Durian|Leech Seed|p1a: Melmetal
|-activate|p1a: Melmetal|move: Protect
|
|-weather|RainDance|[upkeep]
|-heal|p1a: Melmetal|74/100|[from] item: Leftovers
|upkeep
|turn|16
|
|t:|1666468868
|switch|p1a: Toxapex|Toxapex, F|100/100
|-damage|p1a: Toxapex|88/100|[from] Stealth Rock
|move|p2a: Steel Durian|Leech Seed|p1a: Toxapex
|-start|p1a: Toxapex|move: Leech Seed
|
|-weather|RainDance|[upkeep]
|-damage|p1a: Toxapex|76/100|[from] Leech Seed|[of] p2a: Steel Durian
|-heal|p2a: Steel Durian|77/100|[silent]
|upkeep
|turn|17
|
|t:|1666468887
|switch|p2a: Pel I Can't|Pelipper, M|57/100 tox
|-damage|p2a: Pel I Can't|32/100 tox|[from] Stealth Rock
|move|p1a: Toxapex|Scald|p2a: Pel I Can't
|-resisted|p2a: Pel I Can't
|-damage|p2a: Pel I Can't|21/100 tox
|
|-weather|RainDance|[upkeep]
|-damage|p1a: Toxapex|64/100|[from] Leech Seed|[of] p2a: Pel I Can't
|-heal|p2a: Pel I Can't|33/100 tox|[silent]
|-damage|p2a: Pel I Can't|27/100 tox|[from] psn
|upkeep
|turn|18
|
|t:|1666468891
|switch|p1a: Dragapult|Dragapult, F|100/100
|-damage|p1a: Dragapult|88/100|[from] Stealth Rock
|move|p2a: Pel I Can't|Roost|p2a: Pel I Can't
|-heal|p2a: Pel I Can't|77/100 tox
|-singleturn|p2a: Pel I Can't|move: Roost
|
|-weather|RainDance|[upkeep]
|-damage|p2a: Pel I Can't|64/100 tox|[from] psn
|upkeep
|turn|19
|
|t:|1666468904
|move|p1a: Dragapult|Draco Meteor|p2a: Pel I Can't
|-damage|p2a: Pel I Can't|0 fnt
|-unboost|p1a: Dragapult|spa|2
|faint|p2a: Pel I Can't
|
|-weather|RainDance|[upkeep]
|upkeep
|
|t:|1666468911
|switch|p2a: Crusty Crab|Crawdaunt, F|100/100
|-damage|p2a: Crusty Crab|88/100|[from] Stealth Rock
|turn|20
|
|t:|1666468931
|move|p1a: Dragapult|Draco Meteor|p2a: Crusty Crab
|-damage|p2a: Crusty Crab|0 fnt
|-unboost|p1a: Dragapult|spa|2
|faint|p2a: Crusty Crab
|
|-weather|none
|upkeep
|c|☆seelearnwin|idk
|c|☆seelearnwin|wp i guess
|-message|seelearnwin forfeited.
|
|win|stantlerdude63
|n|☆stantlerdude63|stantlerdude63
|n|☆seelearnwin|seelearnwin
|n|+moondazing|moondazing
|n| GengarAdept|gengaradept
|n| Xsage93|xsage93
|n| ChiefGreenLeaf3|chiefgreenleaf3
|n| OUTD Sekarji|outdsekarji
|n| cypherstest|cypherstest
|n| Satiri1|satiri1
|n| SKIP THE DRIP|skipthedrip
|n| Down$pook|downpook
|n| Yungster_Testboi|yungstertestboi
