|j|☆Not Sarcasm
|j|☆Gurtrant
|t:|1629342075
|gametype|singles
|player|p1|Not Sarcasm|1|1644
|player|p2|Gurtrant|238|1675
|teamsize|p1|6
|teamsize|p2|6
|gen|8
|tier|[Gen 8] OU
|rated|
|rule|Sleep Clause Mod: Limit one foe put to sleep
|rule|Species Clause: Limit one of each Pokémon
|rule|OHKO Clause: OHKO moves are banned
|rule|Evasion Moves Clause: Evasion moves are banned
|rule|Endless Battle Clause: Forcing endless battles is banned
|rule|HP Percentage Mod: HP is shown in percentages
|rule|Dynamax Clause: You cannot dynamax
|clearpoke
|poke|p1|Weavile, F|
|poke|p1|Primarina, M|
|poke|p1|Melmetal|
|poke|p1|Landorus-Therian, M|
|poke|p1|Heatran, M|
|poke|p1|Dragapult, F|
|poke|p2|Pelipper, F|
|poke|p2|Heliolisk, M|
|poke|p2|Seismitoad, F|
|poke|p2|Barraskewda, F|
|poke|p2|Ferrothorn, M|
|poke|p2|Zapdos|
|teampreview
|inactive|Battle timer is ON: inactive players will automatically lose when time's up. (requested by Gurtrant)
|inactive|Not Sarcasm also wants the timer to be on.
|
|t:|1629342083
|start
|switch|p1a: Calamity|Primarina, M|100/100
|switch|p2a: Pelipper|Pelipper, F|100/100
|-weather|RainDance|[from] ability: Drizzle|[of] p2a: Pelipper
|turn|1
|j| GodOfFawns
|
|t:|1629342089
|switch|p2a: Ferrothorn|Ferrothorn, M|100/100
|move|p1a: Calamity|Hydro Pump|p2a: Ferrothorn
|-resisted|p2a: Ferrothorn
|-damage|p2a: Ferrothorn|57/100
|
|-weather|RainDance|[upkeep]
|-heal|p2a: Ferrothorn|63/100|[from] item: Leftovers
|upkeep
|turn|2
|j| RWaver
|
|t:|1629342096
|switch|p2a: Heliolisk|Heliolisk, M, shiny|100/100
|move|p1a: Calamity|Hydro Pump|p2a: Heliolisk
|-immune|p2a: Heliolisk|[from] ability: Dry Skin
|
|-weather|RainDance|[upkeep]
|upkeep
|turn|3
|j| iwasadiao
|
|t:|1629342102
|switch|p1a: Enten|Landorus-Therian, M, shiny|100/100
|-ability|p1a: Enten|Intimidate|boost
|-unboost|p2a: Heliolisk|atk|1
|move|p2a: Heliolisk|Surf|p1a: Enten
|-supereffective|p1a: Enten
|-damage|p1a: Enten|0 fnt
|faint|p1a: Enten
|-damage|p2a: Heliolisk|91/100|[from] item: Life Orb
|
|-weather|RainDance|[upkeep]
|-heal|p2a: Heliolisk|100/100|[from] ability: Dry Skin
|upkeep
|
|t:|1629342112
|switch|p1a: Dragapult|Dragapult, F|100/100
|turn|4
|
|t:|1629342116
|switch|p2a: Ferrothorn|Ferrothorn, M|63/100
|move|p1a: Dragapult|Draco Meteor|p2a: Ferrothorn
|-resisted|p2a: Ferrothorn
|-crit|p2a: Ferrothorn
|-damage|p2a: Ferrothorn|21/100
|-unboost|p1a: Dragapult|spa|2
|
|-weather|RainDance|[upkeep]
|-heal|p2a: Ferrothorn|27/100|[from] item: Leftovers
|upkeep
|turn|5
|j| wtfnmsl
|
|t:|1629342125
|move|p1a: Dragapult|Draco Meteor|p2a: Ferrothorn
|-resisted|p2a: Ferrothorn
|-damage|p2a: Ferrothorn|12/100
|-unboost|p1a: Dragapult|spa|2
|move|p2a: Ferrothorn|Leech Seed|p1a: Dragapult
|-start|p1a: Dragapult|move: Leech Seed
|
|-weather|RainDance|[upkeep]
|-heal|p2a: Ferrothorn|19/100|[from] item: Leftovers
|-damage|p1a: Dragapult|88/100|[from] Leech Seed|[of] p2a: Ferrothorn
|-heal|p2a: Ferrothorn|30/100|[silent]
|upkeep
|turn|6
|
|t:|1629342134
|switch|p1a: Calamity|Primarina, M|100/100
|move|p2a: Ferrothorn|Spikes|p1a: Calamity
|-sidestart|p1: Not Sarcasm|Spikes
|
|-weather|RainDance|[upkeep]
|-heal|p2a: Ferrothorn|36/100|[from] item: Leftovers
|upkeep
|turn|7
|
|t:|1629342141
|move|p1a: Calamity|Moonblast|p2a: Ferrothorn
|-resisted|p2a: Ferrothorn
|-damage|p2a: Ferrothorn|12/100
|move|p2a: Ferrothorn|Leech Seed|p1a: Calamity
|-start|p1a: Calamity|move: Leech Seed
|
|-weather|RainDance|[upkeep]
|-heal|p2a: Ferrothorn|19/100|[from] item: Leftovers
|-damage|p1a: Calamity|88/100|[from] Leech Seed|[of] p2a: Ferrothorn
|-heal|p2a: Ferrothorn|29/100|[silent]
|upkeep
|turn|8
|
|t:|1629342149
|move|p1a: Calamity|Moonblast|p2a: Ferrothorn
|-resisted|p2a: Ferrothorn
|-damage|p2a: Ferrothorn|3/100
|-unboost|p2a: Ferrothorn|spa|1
|move|p2a: Ferrothorn|Gyro Ball|p1a: Calamity
|-damage|p1a: Calamity|32/100
|
|-weather|none
|-heal|p2a: Ferrothorn|9/100|[from] item: Leftovers
|-damage|p1a: Calamity|20/100|[from] Leech Seed|[of] p2a: Ferrothorn
|-heal|p2a: Ferrothorn|20/100|[silent]
|upkeep
|turn|9
|
|t:|1629342168
|move|p1a: Calamity|Moonblast|p2a: Ferrothorn
|-resisted|p2a: Ferrothorn
|-damage|p2a: Ferrothorn|0 fnt
|faint|p2a: Ferrothorn
|
|upkeep
|
|t:|1629342177
|switch|p2a: Heliolisk|Heliolisk, M, shiny|100/100
|turn|10
|
|t:|1629342180
|move|p2a: Heliolisk|Volt Switch|p1a: Calamity
|-supereffective|p1a: Calamity
|-damage|p1a: Calamity|0 fnt
|faint|p1a: Calamity
|-damage|p2a: Heliolisk|91/100|[from] item: Life Orb
|
|t:|1629342183
|switch|p2a: Pelipper|Pelipper, F|100/100|[from]move: Volt Switch
|-weather|RainDance|[from] ability: Drizzle|[of] p2a: Pelipper
|
|-weather|RainDance|[upkeep]
|upkeep
|
|t:|1629342189
|switch|p1a: Dragapult|Dragapult, F|88/100
|-damage|p1a: Dragapult|76/100|[from] Spikes
|turn|11
|
|t:|1629342197
|switch|p2a: Seismitoad|Seismitoad, F|100/100
|move|p1a: Dragapult|Draco Meteor|p2a: Seismitoad
|-damage|p2a: Seismitoad|0 fnt
|-unboost|p1a: Dragapult|spa|2
|faint|p2a: Seismitoad
|
|-weather|RainDance|[upkeep]
|upkeep
|
|t:|1629342202
|switch|p2a: Heliolisk|Heliolisk, M, shiny|91/100
|turn|12
|
|t:|1629342206
|move|p1a: Dragapult|Draco Meteor|p2a: Heliolisk
|-damage|p2a: Heliolisk|30/100
|-unboost|p1a: Dragapult|spa|2
|move|p2a: Heliolisk|Thunder|p1a: Dragapult
|-resisted|p1a: Dragapult
|-damage|p1a: Dragapult|34/100
|-status|p1a: Dragapult|par
|-damage|p2a: Heliolisk|20/100|[from] item: Life Orb
|
|-weather|RainDance|[upkeep]
|-heal|p2a: Heliolisk|33/100|[from] ability: Dry Skin
|upkeep
|turn|13
|
|t:|1629342217
|move|p2a: Heliolisk|Thunder|p1a: Dragapult
|-resisted|p1a: Dragapult
|-damage|p1a: Dragapult|0 fnt
|faint|p1a: Dragapult
|-damage|p2a: Heliolisk|23/100|[from] item: Life Orb
|
|-weather|RainDance|[upkeep]
|-heal|p2a: Heliolisk|36/100|[from] ability: Dry Skin
|upkeep
|
|t:|1629342225
|switch|p1a: Weavile|Weavile, F|100/100
|-damage|p1a: Weavile|88/100|[from] Spikes
|-ability|p1a: Weavile|Pressure
|turn|14
|
|t:|1629342233
|switch|p2a: Zapdos|Zapdos|100/100
|move|p1a: Weavile|Knock Off|p2a: Zapdos
|-damage|p2a: Zapdos|55/100
|-enditem|p2a: Zapdos|Heavy-Duty Boots|[from] move: Knock Off|[of] p1a: Weavile
|-damage|p1a: Weavile|78/100|[from] item: Life Orb
|
|-weather|RainDance|[upkeep]
|upkeep
|turn|15
|
|t:|1629342241
|move|p1a: Weavile|Ice Shard|p2a: Zapdos
|-supereffective|p2a: Zapdos
|-damage|p2a: Zapdos|21/100
|-damage|p1a: Weavile|68/100|[from] item: Life Orb
|move|p2a: Zapdos|U-turn|p1a: Weavile
|-supereffective|p1a: Weavile
|-damage|p1a: Weavile|20/100
|
|t:|1629342244
|switch|p2a: Barraskewda|Barraskewda, F|100/100|[from]move: U-turn
|
|-weather|RainDance|[upkeep]
|upkeep
|turn|16
|c|☆Not Sarcasm|the fuck
|
|t:|1629342250
|switch|p1a: Chaos|Heatran, M, shiny|100/100
|-item|p1a: Chaos|Air Balloon
|move|p2a: Barraskewda|Liquidation|p1a: Chaos
|-supereffective|p1a: Chaos
|-damage|p1a: Chaos|0 fnt
|-enditem|p1a: Chaos|Air Balloon
|faint|p1a: Chaos
|
|-weather|RainDance|[upkeep]
|upkeep
|
|t:|1629342262
|switch|p1a: Melmetal|Melmetal|100/100
|-damage|p1a: Melmetal|88/100|[from] Spikes
|turn|17
|
|t:|1629342266
|switch|p2a: Zapdos|Zapdos|21/100
|move|p1a: Melmetal|Thunder Punch|p2a: Zapdos
|-crit|p2a: Zapdos
|-damage|p2a: Zapdos|0 fnt
|faint|p2a: Zapdos
|
|-weather|none
|upkeep
|
|t:|1629342277
|switch|p2a: Pelipper|Pelipper, F|100/100
|-weather|RainDance|[from] ability: Drizzle|[of] p2a: Pelipper
|turn|18
|
|t:|1629342280
|move|p2a: Pelipper|Scald|p1a: Melmetal
|-damage|p1a: Melmetal|50/100
|move|p1a: Melmetal|Thunder Punch|p2a: Pelipper
|-supereffective|p2a: Pelipper
|-damage|p2a: Pelipper|0 fnt
|faint|p2a: Pelipper
|
|-weather|RainDance|[upkeep]
|upkeep
|
|t:|1629342288
|switch|p2a: Barraskewda|Barraskewda, F|100/100
|turn|19
|
|t:|1629342291
|move|p2a: Barraskewda|Liquidation|p1a: Melmetal
|-damage|p1a: Melmetal|0 fnt
|faint|p1a: Melmetal
|
|-weather|RainDance|[upkeep]
|upkeep
|-message|Not Sarcasm forfeited.
|
|win|Gurtrant
|l|☆Not Sarcasm
|raw|Not Sarcasm's rating: 1644 &rarr; <strong>1626</strong><br />(-18 for losing)
|raw|Gurtrant's rating: 1676 &rarr; <strong>1694</strong><br />(+18 for winning)
|l|☆Gurtrant
|l| RWaver
|l| GodOfFawns
|j| RWaver
