|raw|<div class="broadcast-blue"><strong>This battle is required to be public due to a player having a name starting with 'lt91bb'.</div>
|j|☆LT91BB NeoNaruto®+
|j|☆antarctozolt
|t:|1658935405
|gametype|singles
|player|p1|LT91BB NeoNaruto®+|burglar-gen1rb|1772
|player|p2|antarctozolt|skier|1905
|teamsize|p1|6
|teamsize|p2|6
|gen|8
|tier|[Gen 8] OU
|rated|
|rule|Sleep Clause Mod: Limit one foe put to sleep
|rule|Species Clause: Limit one of each Pokémon
|rule|OHKO Clause: OHKO moves are banned
|rule|Evasion Moves Clause: Evasion moves are banned
|rule|Endless Battle Clause: Forcing endless battles is banned
|rule|HP Percentage Mod: HP is shown in percentages
|rule|Dynamax Clause: You cannot dynamax
|clearpoke
|poke|p1|Landorus-Therian, M|
|poke|p1|Slowbro, F|
|poke|p1|Tapu Koko|
|poke|p1|Dragonite, M|
|poke|p1|Darmanitan, F|
|poke|p1|Tyranitar, M|
|poke|p2|Mew|
|poke|p2|Weavile, F|
|poke|p2|Celesteela|
|poke|p2|Crawdaunt, M|
|poke|p2|Garchomp, M|
|poke|p2|Blacephalon|
|teampreview
|inactive|Battle timer is ON: inactive players will automatically lose when time's up. (requested by LT91BB NeoNaruto®+)
|j| saki X toki
|l| saki X toki
|j| LT91BB ashwonkalos
|j| LT91BB Mimi
|
|t:|1658935433
|start
|switch|p1a: VODECi|Tapu Koko|100/100
|switch|p2a: リード|Mew, shiny|100/100
|-fieldstart|move: Electric Terrain|[from] ability: Electric Surge|[of] p1a: VODECi
|turn|1
|j| edrala
|j| OLT Farmer
|j| LT91BB Raizen
|j| LT91BB Tace
|
|t:|1658935440
|move|p1a: VODECi|Volt Switch|p2a: リード
|-damage|p2a: リード|52/100
|j| dragonitenb
|
|t:|1658935443
|switch|p1a: Bernie Landers|Landorus-Therian, M|100/100|[from]move: Volt Switch
|-ability|p1a: Bernie Landers|Intimidate|boost
|-unboost|p2a: リード|atk|1
|move|p2a: リード|Stealth Rock|p1a: Bernie Landers
|-sidestart|p1: LT91BB NeoNaruto®+|move: Stealth Rock
|
|upkeep
|turn|2
|j| SunTeamPupil
|
|t:|1658935448
|move|p2a: リード|Spikes|p1a: Bernie Landers
|-sidestart|p1: LT91BB NeoNaruto®+|Spikes
|move|p1a: Bernie Landers|Stealth Rock|p2a: リード
|-sidestart|p2: antarctozolt|move: Stealth Rock
|
|upkeep
|turn|3
|j| ASKOV
|j| Rhymeee
|
|t:|1658935451
|move|p2a: リード|Spikes|p1a: Bernie Landers
|-sidestart|p1: LT91BB NeoNaruto®+|Spikes
|move|p1a: Bernie Landers|Knock Off|p2a: リード
|-supereffective|p2a: リード
|-damage|p2a: リード|0 fnt
|-enditem|p2a: リード|Mental Herb|[from] move: Knock Off|[of] p1a: Bernie Landers
|faint|p2a: リード
|
|upkeep
|j| LT91BB Buno
|j| LT91BB xdRudi
|j| LT91BB xray
|j| LT91BB W.Rounar
|
|t:|1658935461
|switch|p2a: 攻撃＃1|Weavile, F, shiny|100/100
|-damage|p2a: 攻撃＃1|76/100|[from] Stealth Rock
|-ability|p2a: 攻撃＃1|Pressure
|turn|4
|j| LT91BB Rapty
|l| LT91BB xdRudi
|j| tigers jaw
|j| Last Pock
|j| pais
|l| Last Pock
|
|t:|1658935490
|switch|p1a: spvceghvstpvrrp|Slowbro, F, shiny|100/100
|-damage|p1a: spvceghvstpvrrp|88/100|[from] Stealth Rock
|-damage|p1a: spvceghvstpvrrp|72/100|[from] Spikes
|move|p2a: 攻撃＃1|Triple Axel|p1a: spvceghvstpvrrp|[miss]
|-miss|p2a: 攻撃＃1|p1a: spvceghvstpvrrp
|
|upkeep
|turn|5
|
|t:|1658935494
|move|p2a: 攻撃＃1|Knock Off|p1a: spvceghvstpvrrp
|-supereffective|p1a: spvceghvstpvrrp
|-damage|p1a: spvceghvstpvrrp|0 fnt
|-damage|p2a: 攻撃＃1|59/100|[from] item: Rocky Helmet|[of] p1a: spvceghvstpvrrp
|-enditem|p1a: spvceghvstpvrrp|Rocky Helmet|[from] move: Knock Off|[of] p2a: 攻撃＃1
|faint|p1a: spvceghvstpvrrp
|-damage|p2a: 攻撃＃1|49/100|[from] item: Life Orb
|
|-fieldend|move: Electric Terrain
|upkeep
|
|t:|1658935499
|switch|p1a: VODECi|Tapu Koko|100/100
|-damage|p1a: VODECi|88/100|[from] Stealth Rock
|-damage|p1a: VODECi|72/100|[from] Spikes
|-fieldstart|move: Electric Terrain|[from] ability: Electric Surge|[of] p1a: VODECi
|turn|6
|
|t:|1658935509
|move|p2a: 攻撃＃1|Ice Shard|p1a: VODECi
|-damage|p1a: VODECi|30/100
|-damage|p2a: 攻撃＃1|39/100|[from] item: Life Orb
|move|p1a: VODECi|Volt Switch|p2a: 攻撃＃1
|-damage|p2a: 攻撃＃1|0 fnt
|faint|p2a: 攻撃＃1
|
|t:|1658935518
|switch|p1a: PURRP FOR SALE|Darmanitan, F|100/100|[from]move: Volt Switch
|
|upkeep
|j| picket wicket
|
|t:|1658935522
|switch|p2a: 攻撃＃4|Garchomp, M, shiny|100/100
|-damage|p2a: 攻撃＃4|94/100|[from] Stealth Rock
|turn|7
|
|t:|1658935526
|switch|p1a: Bernie Landers|Landorus-Therian, M|100/100
|-damage|p1a: Bernie Landers|88/100|[from] Stealth Rock
|-ability|p1a: Bernie Landers|Intimidate|boost
|-unboost|p2a: 攻撃＃4|atk|1
|move|p2a: 攻撃＃4|Swords Dance|p2a: 攻撃＃4
|-boost|p2a: 攻撃＃4|atk|2
|
|upkeep
|turn|8
|
|t:|1658935530
|move|p2a: 攻撃＃4|Scale Shot|p1a: Bernie Landers
|-damage|p1a: Bernie Landers|74/100
|-damage|p1a: Bernie Landers|59/100
|-crit|p1a: Bernie Landers
|-damage|p1a: Bernie Landers|38/100
|-damage|p1a: Bernie Landers|26/100
|-hitcount|p1a: Bernie Landers|4
|-unboost|p2a: 攻撃＃4|def|1
|-boost|p2a: 攻撃＃4|spe|1
|move|p1a: Bernie Landers|Toxic|p2a: 攻撃＃4
|-status|p2a: 攻撃＃4|tox
|-enditem|p2a: 攻撃＃4|Lum Berry|[eat]
|-curestatus|p2a: 攻撃＃4|tox|[msg]
|
|upkeep
|turn|9
|j| Ran Kob
|
|t:|1658935537
|switch|p1a: VODECi|Tapu Koko|30/100
|-damage|p1a: VODECi|18/100|[from] Stealth Rock
|-damage|p1a: VODECi|1/100|[from] Spikes
|move|p2a: 攻撃＃4|Scale Shot|p1a: VODECi
|-immune|p1a: VODECi
|
|upkeep
|turn|10
|l| LT91BB Mimi
|
|t:|1658935544
|switch|p1a: Bernie Landers|Landorus-Therian, M|26/100
|-damage|p1a: Bernie Landers|13/100|[from] Stealth Rock
|-ability|p1a: Bernie Landers|Intimidate|boost
|-unboost|p2a: 攻撃＃4|atk|1
|move|p2a: 攻撃＃4|Fire Fang|p1a: Bernie Landers
|-damage|p1a: Bernie Landers|0 fnt
|-damage|p2a: 攻撃＃4|78/100|[from] item: Rocky Helmet|[of] p1a: Bernie Landers
|faint|p1a: Bernie Landers
|
|-fieldend|move: Electric Terrain
|upkeep
|j| Venositile
|
|t:|1658935551
|switch|p1a: Fat Charizard|Dragonite, M, shiny|100/100
|turn|11
|l| LT91BB Tace
|l| Ran Kob
|
|t:|1658935556
|switch|p1a: DA LAST REX(3005)|Tyranitar, M|100/100
|-damage|p1a: DA LAST REX(3005)|88/100|[from] Stealth Rock
|-damage|p1a: DA LAST REX(3005)|72/100|[from] Spikes
|-weather|Sandstorm|[from] ability: Sand Stream|[of] p1a: DA LAST REX(3005)
|move|p2a: 攻撃＃4|Scale Shot|p1a: DA LAST REX(3005)
|-damage|p1a: DA LAST REX(3005)|61/100
|-damage|p1a: DA LAST REX(3005)|49/100
|-damage|p1a: DA LAST REX(3005)|39/100
|-hitcount|p1a: DA LAST REX(3005)|3
|-unboost|p2a: 攻撃＃4|def|1
|-boost|p2a: 攻撃＃4|spe|1
|
|-weather|Sandstorm|[upkeep]
|upkeep
|turn|12
|
|t:|1658935562
|move|p2a: 攻撃＃4|Earthquake|p1a: DA LAST REX(3005)
|-supereffective|p1a: DA LAST REX(3005)
|-damage|p1a: DA LAST REX(3005)|0 fnt
|faint|p1a: DA LAST REX(3005)
|
|-weather|Sandstorm|[upkeep]
|upkeep
|
|t:|1658935565
|switch|p1a: Fat Charizard|Dragonite, M, shiny|100/100
|turn|13
|
|t:|1658935568
|move|p1a: Fat Charizard|Extreme Speed|p2a: 攻撃＃4
|-damage|p2a: 攻撃＃4|12/100
|-damage|p1a: Fat Charizard|88/100|[from] ability: Rough Skin|[of] p2a: 攻撃＃4
|move|p2a: 攻撃＃4|Scale Shot|p1a: Fat Charizard
|-supereffective|p1a: Fat Charizard
|-damage|p1a: Fat Charizard|57/100
|-supereffective|p1a: Fat Charizard
|-damage|p1a: Fat Charizard|26/100
|-hitcount|p1a: Fat Charizard|2
|-unboost|p2a: 攻撃＃4|def|1
|-boost|p2a: 攻撃＃4|spe|1
|
|-weather|Sandstorm|[upkeep]
|-damage|p1a: Fat Charizard|20/100|[from] Sandstorm
|upkeep
|turn|14
|
|t:|1658935571
|move|p1a: Fat Charizard|Extreme Speed|p2a: 攻撃＃4
|-damage|p2a: 攻撃＃4|0 fnt
|-damage|p1a: Fat Charizard|8/100|[from] ability: Rough Skin|[of] p2a: 攻撃＃4
|faint|p2a: 攻撃＃4
|
|-weather|Sandstorm|[upkeep]
|-damage|p1a: Fat Charizard|1/100|[from] Sandstorm
|upkeep
|
|t:|1658935574
|switch|p2a: 攻撃＃5|Blacephalon, shiny|100/100
|-damage|p2a: 攻撃＃5|76/100|[from] Stealth Rock
|turn|15
|j| Cryofield
|
|t:|1658935577
|switch|p1a: VODECi|Tapu Koko|1/100
|-damage|p1a: VODECi|0 fnt|[from] Stealth Rock
|faint|p1a: VODECi
|move|p2a: 攻撃＃5|Shadow Ball|p1: VODECi|[notarget]
|-fail|p2a: 攻撃＃5
|
|-weather|none
|upkeep
|
|t:|1658935579
|switch|p1a: PURRP FOR SALE|Darmanitan, F|100/100
|turn|16
|
|t:|1658935585
|move|p2a: 攻撃＃5|Shadow Ball|p1a: PURRP FOR SALE
|-damage|p1a: PURRP FOR SALE|23/100
|move|p1a: PURRP FOR SALE|Earthquake|p2a: 攻撃＃5
|-supereffective|p2a: 攻撃＃5
|-damage|p2a: 攻撃＃5|0 fnt
|faint|p2a: 攻撃＃5
|
|upkeep
|
|t:|1658935587
|switch|p2a: 攻撃＃3|Crawdaunt, M, shiny|100/100
|-damage|p2a: 攻撃＃3|88/100|[from] Stealth Rock
|turn|17
|-message|LT91BB NeoNaruto®+ forfeited.
|
|win|antarctozolt
|raw|LT91BB NeoNaruto®+'s rating: 1772 &rarr; <strong>1759</strong><br />(-13 for losing)
|raw|antarctozolt's rating: 1905 &rarr; <strong>1918</strong><br />(+13 for winning)
|l|☆LT91BB NeoNaruto®+
|l|☆antarctozolt
|l| LT91BB ashwonkalos
|l| LT91BB W.Rounar
|j| bobertSmalls1
|l| dragonitenb
|l| LT91BB Rapty
|j| Luthier
|l| bobertSmalls1
||Ladder isn't responding, score probably updated but might not have (Request timeout).
|l| LT91BB xray
|l| Venositile
|l| tigers jaw
|l| LT91BB Buno
|j| ZyoZozzy
|l| ZyoZozzy
|l| pais
|l| edrala
|l| OLT Farmer
|j| LT91BB Uxilon
|l| LT91BB Uxilon
|j| Zirpurze
|l| Zirpurze
|l| LT91BB Raizen
|l| ASKOV
