|j|☆LT71LX xDanyul
|j|☆Shootingwolf
|t:|1597092018
|player|p1|LT71LX xDanyul|hilbert-dueldisk|1691
|player|p2|Shootingwolf|erika|1645
|teamsize|p1|6
|teamsize|p2|6
|gametype|singles
|gen|8
|tier|[Gen 8] OU
|rated|
|clearpoke
|poke|p1|Torkoal, F|
|poke|p1|Venusaur, F|
|poke|p1|Charizard, M|
|poke|p1|Toxapex, M|
|poke|p1|Tangrowth, F|
|poke|p1|Dragapult, F|
|poke|p2|Dragapult, M|
|poke|p2|Corviknight, F|
|poke|p2|Urshifu-*, F|
|poke|p2|Excadrill, M|
|poke|p2|Clefable, M|
|poke|p2|Volcarona, M|
|rule|Sleep Clause Mod: Limit one foe put to sleep
|rule|Species Clause: Limit one of each Pokémon
|rule|OHKO Clause: OHKO moves are banned
|rule|Evasion Moves Clause: Evasion moves are banned
|rule|Endless Battle Clause: Forcing endless battles is banned
|rule|HP Percentage Mod: HP is shown in percentages
|rule|Dynamax Clause: You cannot dynamax
|teampreview
|inactive|Battle timer is ON: inactive players will automatically lose when time's up. (requested by LT71LX xDanyul)
|
|t:|1597092043
|start
|switch|p1a: Charizard|Charizard, M|100/100
|switch|p2a: Dragapult|Dragapult, M, shiny|100/100
|turn|1
|
|t:|1597092047
|switch|p1a: Toxapex|Toxapex, M|100/100
|move|p2a: Dragapult|Draco Meteor|p1a: Toxapex
|-damage|p1a: Toxapex|46/100
|-unboost|p2a: Dragapult|spa|2
|
|-heal|p1a: Toxapex|52/100|[from] item: Black Sludge
|upkeep
|turn|2
|
|t:|1597092055
|switch|p2a: Clefable|Clefable, M|100/100
|move|p1a: Toxapex|Knock Off|p2a: Clefable
|-resisted|p2a: Clefable
|-damage|p2a: Clefable|94/100
|-enditem|p2a: Clefable|Leftovers|[from] move: Knock Off|[of] p1a: Toxapex
|
|-heal|p1a: Toxapex|59/100|[from] item: Black Sludge
|upkeep
|turn|3
|
|t:|1597092060
|switch|p1a: Torkoal|Torkoal, F|100/100
|-weather|SunnyDay|[from] ability: Drought|[of] p1a: Torkoal
|move|p2a: Clefable|Teleport|p2a: Clefable
|
|t:|1597092064
|switch|p2a: Dragapult|Dragapult, M, shiny|100/100|[from]move: Teleport
|
|-weather|SunnyDay|[upkeep]
|upkeep
|turn|4
|
|t:|1597092068
|switch|p1a: Toxapex|Toxapex, M|92/100
|move|p2a: Dragapult|Shadow Ball|p1a: Toxapex
|-damage|p1a: Toxapex|53/100
|-unboost|p1a: Toxapex|spd|1
|
|-weather|SunnyDay|[upkeep]
|-heal|p1a: Toxapex|60/100|[from] item: Black Sludge
|upkeep
|turn|5
|
|t:|1597092087
|switch|p1a: Torkoal|Torkoal, F|100/100
|move|p2a: Dragapult|Shadow Ball|p1a: Torkoal
|-damage|p1a: Torkoal|19/100
|
|-weather|SunnyDay|[upkeep]
|upkeep
|turn|6
|
|t:|1597092092
|switch|p1a: Toxapex|Toxapex, M|93/100
|move|p2a: Dragapult|Shadow Ball|p1a: Toxapex
|-damage|p1a: Toxapex|56/100
|-unboost|p1a: Toxapex|spd|1
|
|-weather|SunnyDay|[upkeep]
|-heal|p1a: Toxapex|62/100|[from] item: Black Sludge
|upkeep
|turn|7
|
|t:|1597092094
|move|p2a: Dragapult|Shadow Ball|p1a: Toxapex
|-damage|p1a: Toxapex|12/100
|move|p1a: Toxapex|Knock Off|p2a: Dragapult
|-supereffective|p2a: Dragapult
|-damage|p2a: Dragapult|65/100
|-enditem|p2a: Dragapult|Choice Specs|[from] move: Knock Off|[of] p1a: Toxapex
|
|-weather|SunnyDay|[upkeep]
|-heal|p1a: Toxapex|18/100|[from] item: Black Sludge
|upkeep
|turn|8
|
|t:|1597092102
|switch|p1a: Tangrowth|Tangrowth, F|100/100
|move|p2a: Dragapult|Flamethrower|p1a: Tangrowth
|-supereffective|p1a: Tangrowth
|-damage|p1a: Tangrowth|0 fnt
|faint|p1a: Tangrowth
|
|-weather|SunnyDay|[upkeep]
|upkeep
|
|t:|1597092112
|switch|p1a: Charizard|Charizard, M|100/100
|turn|9
|
|t:|1597092116
|move|p2a: Dragapult|Draco Meteor|p1a: Charizard
|-damage|p1a: Charizard|15/100
|-unboost|p2a: Dragapult|spa|2
|move|p1a: Charizard|Weather Ball|p2a: Dragapult
|-resisted|p2a: Dragapult
|-damage|p2a: Dragapult|0 fnt
|faint|p2a: Dragapult
|
|-weather|SunnyDay|[upkeep]
|-damage|p1a: Charizard|3/100|[from] ability: Solar Power|[of] p1a: Charizard
|upkeep
|
|t:|1597092127
|switch|p2a: Clefable|Clefable, M|94/100
|turn|10
|
|t:|1597092132
|switch|p1a: Venusaur|Venusaur, F|100/100
|move|p2a: Clefable|Protect||[still]
|-fail|p2a: Clefable
|
|-weather|none
|upkeep
|turn|11
|
|t:|1597092138
|switch|p1a: Torkoal|Torkoal, F|19/100
|-weather|SunnyDay|[from] ability: Drought|[of] p1a: Torkoal
|switch|p2a: Corviknight|Corviknight, F|100/100
|-ability|p2a: Corviknight|Unnerve|p1: LT71LX xDanyul
|
|-weather|SunnyDay|[upkeep]
|upkeep
|turn|12
|
|t:|1597092146
|move|p2a: Corviknight|Brave Bird|p1a: Torkoal
|-damage|p1a: Torkoal|0 fnt
|-damage|p2a: Corviknight|95/100|[from] Recoil
|faint|p1a: Torkoal
|
|-weather|SunnyDay|[upkeep]
|upkeep
|
|t:|1597092148
|switch|p1a: Charizard|Charizard, M|3/100
|turn|13
|
|t:|1597092157
|move|p1a: Charizard|Weather Ball|p2a: Corviknight
|-supereffective|p2a: Corviknight
|-crit|p2a: Corviknight
|-damage|p2a: Corviknight|0 fnt
|faint|p2a: Corviknight
|
|-weather|SunnyDay|[upkeep]
|-damage|p1a: Charizard|0 fnt|[from] ability: Solar Power|[of] p1a: Charizard
|faint|p1a: Charizard
|upkeep
|
|t:|1597092166
|switch|p1a: Dragapult|Dragapult, F|100/100
|switch|p2a: Volcarona|Volcarona, M|100/100
|turn|14
|
|t:|1597092170
|switch|p2a: Clefable|Clefable, M|94/100
|move|p1a: Dragapult|U-turn|p2a: Clefable
|-resisted|p2a: Clefable
|-damage|p2a: Clefable|77/100
|
|t:|1597092172
|switch|p1a: Venusaur|Venusaur, F|100/100|[from]move: U-turn
|
|-weather|SunnyDay|[upkeep]
|upkeep
|turn|15
|
|t:|1597092181
|move|p1a: Venusaur|Growth|p1a: Venusaur
|-boost|p1a: Venusaur|atk|2
|-boost|p1a: Venusaur|spa|2
|move|p2a: Clefable|Teleport|p2a: Clefable
|
|t:|1597092189
|switch|p2a: Excadrill|Excadrill, M, shiny|100/100|[from]move: Teleport
|-ability|p2a: Excadrill|Mold Breaker
|
|-weather|SunnyDay|[upkeep]
|upkeep
|turn|16
|
|t:|1597092192
|move|p1a: Venusaur|Weather Ball|p2a: Excadrill
|-supereffective|p2a: Excadrill
|-enditem|p2a: Excadrill|Focus Sash
|-damage|p2a: Excadrill|1/100
|-damage|p1a: Venusaur|91/100|[from] item: Life Orb
|move|p2a: Excadrill|Earthquake|p1a: Venusaur
|-damage|p1a: Venusaur|7/100
|
|-weather|SunnyDay|[upkeep]
|upkeep
|turn|17
|
|t:|1597092199
|move|p1a: Venusaur|Giga Drain|p2a: Excadrill
|-crit|p2a: Excadrill
|-damage|p2a: Excadrill|0 fnt
|-heal|p1a: Venusaur|7/100|[from] drain|[of] p2a: Excadrill
|-damage|p1a: Venusaur|0 fnt|[from] item: Life Orb
|faint|p2a: Excadrill
|faint|p1a: Venusaur
|
|-weather|SunnyDay|[upkeep]
|upkeep
|
|t:|1597092205
|switch|p2a: Clefable|Clefable, M|77/100
|switch|p1a: Dragapult|Dragapult, F|100/100
|turn|18
|
|t:|1597092208
|move|p1a: Dragapult|Steel Wing|p2a: Clefable
|-supereffective|p2a: Clefable
|-crit|p2a: Clefable
|-damage|p2a: Clefable|0 fnt
|faint|p2a: Clefable
|
|-weather|none
|upkeep
|
|t:|1597092213
|switch|p2a: Urshifu|Urshifu, F|100/100
|turn|19
|
|t:|1597092215
|switch|p1a: Toxapex|Toxapex, M|51/100
|move|p2a: Urshifu|Wicked Blow|p1a: Toxapex
|-crit|p1a: Toxapex
|-damage|p1a: Toxapex|0 fnt
|faint|p1a: Toxapex
|
|upkeep
|
|t:|1597092217
|switch|p1a: Dragapult|Dragapult, F|100/100
|turn|20
|
|t:|1597092220
|move|p1a: Dragapult|Dragon Darts|p2a: Urshifu
|-damage|p2a: Urshifu|63/100
|-anim|p1a: Dragapult|Dragon Darts|p2a: Urshifu
|-damage|p2a: Urshifu|21/100
|move|p2a: Urshifu|Wicked Blow|p1a: Dragapult
|-supereffective|p1a: Dragapult
|-crit|p1a: Dragapult
|-damage|p1a: Dragapult|0 fnt
|faint|p1a: Dragapult
|
|win|Shootingwolf
|l|☆LT71LX xDanyul
||Ladder (probably) updated, but score could not be retrieved (Request timeout).
