|j|☆lt74pf gray
|j|☆Commando 55
|t:|1598866994
|player|p1|lt74pf gray|youngster-gen1rb|1843
|player|p2|Commando 55|iris-gen5bw2|1835
|teamsize|p1|6
|teamsize|p2|6
|gametype|singles
|gen|8
|tier|[Gen 8] OU
|rated|
|clearpoke
|poke|p1|Scizor, F|
|poke|p1|Rillaboom, M|
|poke|p1|Crawdaunt, F|
|poke|p1|Togekiss, M|
|poke|p1|Zeraora|
|poke|p1|Necrozma|
|poke|p2|Tyranitar, M|
|poke|p2|Excadrill, F|
|poke|p2|Clefable, M|
|poke|p2|Mandibuzz, F|
|poke|p2|Celebi|
|poke|p2|Toxtricity, M|
|rule|Sleep Clause Mod: Limit one foe put to sleep
|rule|Species Clause: Limit one of each Pokémon
|rule|OHKO Clause: OHKO moves are banned
|rule|Evasion Moves Clause: Evasion moves are banned
|rule|Endless Battle Clause: Forcing endless battles is banned
|rule|HP Percentage Mod: HP is shown in percentages
|rule|Dynamax Clause: You cannot dynamax
|teampreview
|inactive|Battle timer is ON: inactive players will automatically lose when time's up. (requested by Commando 55)
|j| A222111
|
|t:|1598867005
|start
|switch|p1a: Zeraora|Zeraora|100/100
|switch|p2a: Tyranitar|Tyranitar, M|100/100
|-weather|Sandstorm|[from] ability: Sand Stream|[of] p2a: Tyranitar
|turn|1
|
|t:|1598867010
|switch|p2a: Celebi|Celebi|100/100
|move|p1a: Zeraora|Plasma Fists|p2a: Celebi
|-resisted|p2a: Celebi
|-damage|p2a: Celebi|81/100
|-fieldactivate|move: Ion Deluge
|-damage|p1a: Zeraora|91/100|[from] item: Life Orb
|
|-weather|Sandstorm|[upkeep]
|-damage|p1a: Zeraora|85/100|[from] Sandstorm
|-damage|p2a: Celebi|75/100|[from] Sandstorm
|-heal|p2a: Celebi|81/100|[from] item: Leftovers
|upkeep
|turn|2
|
|t:|1598867015
|move|p1a: Zeraora|Knock Off|p2a: Celebi
|-supereffective|p2a: Celebi
|-damage|p2a: Celebi|29/100
|-enditem|p2a: Celebi|Leftovers|[from] move: Knock Off|[of] p1a: Zeraora
|-damage|p1a: Zeraora|75/100|[from] item: Life Orb
|move|p2a: Celebi|Stealth Rock|p1a: Zeraora
|-sidestart|p1: lt74pf gray|move: Stealth Rock
|
|-weather|Sandstorm|[upkeep]
|-damage|p1a: Zeraora|69/100|[from] Sandstorm
|-damage|p2a: Celebi|23/100|[from] Sandstorm
|upkeep
|turn|3
|
|t:|1598867019
|move|p1a: Zeraora|Knock Off|p2a: Celebi
|-supereffective|p2a: Celebi
|-damage|p2a: Celebi|0 fnt
|-damage|p1a: Zeraora|59/100|[from] item: Life Orb
|faint|p2a: Celebi
|
|-weather|Sandstorm|[upkeep]
|-damage|p1a: Zeraora|53/100|[from] Sandstorm
|upkeep
|
|t:|1598867022
|switch|p2a: Excadrill|Excadrill, F|100/100
|turn|4
|
|t:|1598867030
|switch|p1a: Rillaboom|Rillaboom, M|100/100
|-damage|p1a: Rillaboom|88/100|[from] Stealth Rock
|-fieldstart|move: Grassy Terrain|[from] ability: Grassy Surge|[of] p1a: Rillaboom
|move|p2a: Excadrill|Iron Head|p1a: Rillaboom
|-damage|p1a: Rillaboom|5/100
|
|-weather|Sandstorm|[upkeep]
|-damage|p1a: Rillaboom|0 fnt|[from] Sandstorm
|faint|p1a: Rillaboom
|upkeep
|
|t:|1598867037
|switch|p1a: Crawdaunt|Crawdaunt, F|100/100
|-damage|p1a: Crawdaunt|88/100|[from] Stealth Rock
|turn|5
|
|t:|1598867046
|move|p2a: Excadrill|Iron Head|p1a: Crawdaunt
|-resisted|p1a: Crawdaunt
|-damage|p1a: Crawdaunt|34/100
|cant|p1a: Crawdaunt|flinch
|
|-weather|none
|-heal|p1a: Crawdaunt|40/100|[from] Grassy Terrain
|upkeep
|turn|6
|
|t:|1598867051
|switch|p2a: Clefable|Clefable, M|100/100
|move|p1a: Crawdaunt|Crabhammer|p2a: Clefable
|-damage|p2a: Clefable|29/100
|-damage|p1a: Crawdaunt|31/100|[from] item: Life Orb
|
|-heal|p1a: Crawdaunt|37/100|[from] Grassy Terrain
|-heal|p2a: Clefable|35/100|[from] item: Leftovers
|-heal|p2a: Clefable|41/100|[from] Grassy Terrain
|upkeep
|turn|7
|
|t:|1598867054
|move|p1a: Crawdaunt|Crabhammer|p2a: Clefable
|-damage|p2a: Clefable|0 fnt
|-damage|p1a: Crawdaunt|27/100|[from] item: Life Orb
|faint|p2a: Clefable
|
|-heal|p1a: Crawdaunt|33/100|[from] Grassy Terrain
|upkeep
|
|t:|1598867057
|switch|p2a: Toxtricity|Toxtricity, M|100/100
|turn|8
|j| Archaeognatha
|
|t:|1598867073
|switch|p1a: Necrozma|Necrozma|100/100
|-damage|p1a: Necrozma|88/100|[from] Stealth Rock
|move|p2a: Toxtricity|Boomburst|p1a: Necrozma
|-damage|p1a: Necrozma|0 fnt
|faint|p1a: Necrozma
|
|-fieldend|move: Grassy Terrain
|upkeep
|j| WTFAlice
|
|t:|1598867079
|switch|p1a: Zeraora|Zeraora|53/100
|-damage|p1a: Zeraora|41/100|[from] Stealth Rock
|turn|9
|
|t:|1598867081
|move|p1a: Zeraora|Plasma Fists|p2a: Toxtricity
|-resisted|p2a: Toxtricity
|-damage|p2a: Toxtricity|46/100
|-fieldactivate|move: Ion Deluge
|-damage|p1a: Zeraora|31/100|[from] item: Life Orb
|move|p2a: Toxtricity|Boomburst|p1a: Zeraora
|-heal|p1a: Zeraora|56/100|[from] ability: Volt Absorb|[of] p2a: Toxtricity
|
|upkeep
|turn|10
|
|t:|1598867092
|switch|p2a: Tyranitar|Tyranitar, M|100/100
|-weather|Sandstorm|[from] ability: Sand Stream|[of] p2a: Tyranitar
|move|p1a: Zeraora|Plasma Fists|p2a: Tyranitar
|-damage|p2a: Tyranitar|43/100
|-fieldactivate|move: Ion Deluge
|-damage|p1a: Zeraora|46/100|[from] item: Life Orb
|
|-weather|Sandstorm|[upkeep]
|-damage|p1a: Zeraora|40/100|[from] Sandstorm
|upkeep
|turn|11
|
|t:|1598867100
|switch|p2a: Toxtricity|Toxtricity, M|46/100
|move|p1a: Zeraora|Plasma Fists|p2a: Toxtricity
|-resisted|p2a: Toxtricity
|-damage|p2a: Toxtricity|0 fnt
|-fieldactivate|move: Ion Deluge
|-damage|p1a: Zeraora|30/100|[from] item: Life Orb
|faint|p2a: Toxtricity
|
|-weather|Sandstorm|[upkeep]
|-damage|p1a: Zeraora|24/100|[from] Sandstorm
|upkeep
|
|t:|1598867102
|switch|p2a: Excadrill|Excadrill, F|100/100
|turn|12
|
|t:|1598867115
|switch|p1a: Scizor|Scizor, F|100/100
|-damage|p1a: Scizor|88/100|[from] Stealth Rock
|move|p2a: Excadrill|Iron Head|p1a: Scizor
|-resisted|p1a: Scizor
|-damage|p1a: Scizor|47/100
|
|-weather|Sandstorm|[upkeep]
|upkeep
|turn|13
|
|t:|1598867119
|move|p2a: Excadrill|Iron Head|p1a: Scizor
|-resisted|p1a: Scizor
|-damage|p1a: Scizor|6/100
|move|p1a: Scizor|Knock Off|p2a: Excadrill
|-damage|p2a: Excadrill|34/100
|-enditem|p2a: Excadrill|Choice Band|[from] move: Knock Off|[of] p1a: Scizor
|-damage|p1a: Scizor|0 fnt|[from] item: Life Orb
|faint|p1a: Scizor
|
|-weather|Sandstorm|[upkeep]
|upkeep
|
|t:|1598867123
|switch|p1a: Crawdaunt|Crawdaunt, F|33/100
|-damage|p1a: Crawdaunt|21/100|[from] Stealth Rock
|turn|14
|
|t:|1598867130
|switch|p2a: Mandibuzz|Mandibuzz, F|100/100
|move|p1a: Crawdaunt|Crabhammer|p2a: Mandibuzz|[miss]
|-miss|p1a: Crawdaunt|p2a: Mandibuzz
|
|-weather|none
|upkeep
|turn|15
|
|t:|1598867136
|switch|p1a: Togekiss|Togekiss, M|100/100
|-damage|p1a: Togekiss|76/100|[from] Stealth Rock
|move|p2a: Mandibuzz|U-turn|p1a: Togekiss
|-resisted|p1a: Togekiss
|-crit|p1a: Togekiss
|-damage|p1a: Togekiss|71/100
|
|t:|1598867139
|switch|p2a: Tyranitar|Tyranitar, M|43/100|[from]move: U-turn
|-weather|Sandstorm|[from] ability: Sand Stream|[of] p2a: Tyranitar
|
|-weather|Sandstorm|[upkeep]
|-damage|p1a: Togekiss|65/100|[from] Sandstorm
|upkeep
|turn|16
|j| yiyue
|
|t:|1598867150
|move|p1a: Togekiss|Dazzling Gleam|p2a: Tyranitar
|-supereffective|p2a: Tyranitar
|-damage|p2a: Tyranitar|0 fnt
|faint|p2a: Tyranitar
|
|-weather|Sandstorm|[upkeep]
|-damage|p1a: Togekiss|59/100|[from] Sandstorm
|upkeep
|
|t:|1598867152
|switch|p2a: Excadrill|Excadrill, F|34/100
|turn|17
|j| HicHac
|
|t:|1598867159
|move|p2a: Excadrill|Iron Head|p1a: Togekiss
|-supereffective|p1a: Togekiss
|-damage|p1a: Togekiss|0 fnt
|faint|p1a: Togekiss
|
|-weather|Sandstorm|[upkeep]
|upkeep
|
|t:|1598867162
|switch|p1a: Crawdaunt|Crawdaunt, F|21/100
|-damage|p1a: Crawdaunt|8/100|[from] Stealth Rock
|turn|18
|l|☆Commando 55
|inactive|Commando 55 disconnected and has a minute to reconnect!
|player|p2|
|l| A222111
|j|☆Commando 55
|inactive|Commando 55 reconnected and has 125 seconds left.
|player|p2|Commando 55|iris-gen5bw2
|
|t:|1598867192
|move|p1a: Crawdaunt|Aqua Jet|p2a: Excadrill
|-supereffective|p2a: Excadrill
|-damage|p2a: Excadrill|0 fnt
|-damage|p1a: Crawdaunt|0 fnt|[from] item: Life Orb
|faint|p2a: Excadrill
|faint|p1a: Crawdaunt
|
|-weather|Sandstorm|[upkeep]
|upkeep
|
|t:|1598867194
|switch|p2a: Mandibuzz|Mandibuzz, F|100/100
|switch|p1a: Zeraora|Zeraora|24/100
|-damage|p1a: Zeraora|12/100|[from] Stealth Rock
|turn|19
|
|t:|1598867196
|move|p1a: Zeraora|Plasma Fists|p2a: Mandibuzz
|-supereffective|p2a: Mandibuzz
|-damage|p2a: Mandibuzz|23/100
|-fieldactivate|move: Ion Deluge
|-damage|p1a: Zeraora|2/100|[from] item: Life Orb
|move|p2a: Mandibuzz|Foul Play|p1a: Zeraora
|-damage|p1a: Zeraora|0 fnt
|faint|p1a: Zeraora
|
|win|Commando 55
|l|☆lt74pf gray
|c|☆Commando 55|Gg
|raw|lt74pf gray's rating: 1819 &rarr; <strong>1800</strong><br />(-19 for losing)
|raw|Commando 55's rating: 1835 &rarr; <strong>1854</strong><br />(+19 for winning)
|l|☆Commando 55
|l| WTFAlice
|j| lt74pf leo
|l| Archaeognatha
|j| yhiuyh
|l| yhiuyh
|l| HicHac
|l| yiyue
