|j|☆stopthreat
|j|☆30orless
|t:|1650510457
|gametype|singles
|player|p1|stopthreat|skier|1697
|player|p2|30orless|170|1788
|teamsize|p1|6
|teamsize|p2|6
|gen|8
|tier|[Gen 8] OU
|rated|
|rule|Sleep Clause Mod: Limit one foe put to sleep
|rule|Species Clause: Limit one of each Pokémon
|rule|OHKO Clause: OHKO moves are banned
|rule|Evasion Moves Clause: Evasion moves are banned
|rule|Endless Battle Clause: Forcing endless battles is banned
|rule|HP Percentage Mod: HP is shown in percentages
|rule|Dynamax Clause: You cannot dynamax
|clearpoke
|poke|p1|Dragapult, F|
|poke|p1|Clefable, F|
|poke|p1|Crawdaunt, F|
|poke|p1|Corviknight, F|
|poke|p1|Heatran, M|
|poke|p1|Gastrodon, M|
|poke|p2|Tapu Lele|
|poke|p2|Hydreigon, M|
|poke|p2|Blaziken, F|
|poke|p2|Volcanion|
|poke|p2|Landorus-Therian, M|
|poke|p2|Mamoswine, F|
|teampreview
|inactive|Battle timer is ON: inactive players will automatically lose when time's up. (requested by 30orless)
|
|t:|1650510476
|start
|switch|p1a: Clefable|Clefable, F|100/100
|switch|p2a: Hydreigon|Hydreigon, M|100/100
|turn|1
|
|t:|1650510491
|switch|p2a: Mamoswine|Mamoswine, F|100/100
|move|p1a: Clefable|Moonblast|p2a: Mamoswine
|-crit|p2a: Mamoswine
|-damage|p2a: Mamoswine|0 fnt
|faint|p2a: Mamoswine
|
|upkeep
|
|t:|1650510499
|switch|p2a: Tap Psychic|Tapu Lele|100/100
|-fieldstart|move: Psychic Terrain|[from] ability: Psychic Surge|[of] p2a: Tap Psychic
|turn|2
|
|t:|1650510502
|switch|p1a: Corviknight|Corviknight, F|100/100
|-ability|p1a: Corviknight|Pressure
|move|p2a: Tap Psychic|Focus Blast|p1a: Corviknight
|-damage|p1a: Corviknight|50/100
|
|upkeep
|turn|3
|
|t:|1650510508
|switch|p1a: Dragapult|Dragapult, F|100/100
|move|p2a: Tap Psychic|Focus Blast|p1a: Dragapult
|-immune|p1a: Dragapult
|
|upkeep
|turn|4
|
|t:|1650510515
|switch|p2a: Hydreigon|Hydreigon, M|100/100
|move|p1a: Dragapult|Draco Meteor|p2a: Hydreigon
|-supereffective|p2a: Hydreigon
|-damage|p2a: Hydreigon|0 fnt
|-unboost|p1a: Dragapult|spa|2
|faint|p2a: Hydreigon
|
|upkeep
|
|t:|1650510519
|switch|p2a: Billy Dee|Landorus-Therian, M|100/100
|-ability|p2a: Billy Dee|Intimidate|boost
|-unboost|p1a: Dragapult|atk|1
|turn|5
|
|t:|1650510523
|switch|p1a: Corviknight|Corviknight, F|50/100
|-ability|p1a: Corviknight|Pressure
|move|p2a: Billy Dee|Knock Off|p1a: Corviknight
|-damage|p1a: Corviknight|21/100
|-damage|p2a: Billy Dee|84/100|[from] item: Rocky Helmet|[of] p1a: Corviknight
|-enditem|p1a: Corviknight|Rocky Helmet|[from] move: Knock Off|[of] p2a: Billy Dee
|
|-heal|p2a: Billy Dee|90/100|[from] item: Leftovers
|upkeep
|turn|6
|
|t:|1650510528
|move|p2a: Billy Dee|Stone Edge|p1a: Corviknight
|-damage|p1a: Corviknight|0 fnt
|faint|p1a: Corviknight
|
|-heal|p2a: Billy Dee|96/100|[from] item: Leftovers
|-fieldend|move: Psychic Terrain
|upkeep
|
|t:|1650510550
|switch|p1a: Clefable|Clefable, F|100/100
|turn|7
|
|t:|1650510552
|move|p2a: Billy Dee|Earthquake|p1a: Clefable
|-damage|p1a: Clefable|18/100
|move|p1a: Clefable|Ice Beam|p2a: Billy Dee
|-supereffective|p2a: Billy Dee
|-damage|p2a: Billy Dee|0 fnt
|faint|p2a: Billy Dee
|
|upkeep
|j| FuckMonsOnGawd
|
|t:|1650510557
|switch|p2a: Blaziken|Blaziken, F|100/100
|turn|8
|
|t:|1650510584
|move|p2a: Blaziken|Close Combat|p1a: Clefable
|-resisted|p1a: Clefable
|-damage|p1a: Clefable|0 fnt
|-unboost|p2a: Blaziken|def|1
|-unboost|p2a: Blaziken|spd|1
|faint|p1a: Clefable
|-damage|p2a: Blaziken|91/100|[from] item: Life Orb
|
|-ability|p2a: Blaziken|Speed Boost|boost
|-boost|p2a: Blaziken|spe|1
|upkeep
|
|t:|1650510591
|switch|p1a: Dragapult|Dragapult, F|100/100
|turn|9
|
|t:|1650510593
|move|p2a: Blaziken|Knock Off|p1a: Dragapult
|-supereffective|p1a: Dragapult
|-damage|p1a: Dragapult|0 fnt
|-enditem|p1a: Dragapult|Choice Specs|[from] move: Knock Off|[of] p2a: Blaziken
|faint|p1a: Dragapult
|-damage|p2a: Blaziken|81/100|[from] item: Life Orb
|
|-ability|p2a: Blaziken|Speed Boost|boost
|-boost|p2a: Blaziken|spe|1
|upkeep
|
|t:|1650510597
|switch|p1a: Gastrodon|Gastrodon, M|100/100
|turn|10
|
|t:|1650510602
|switch|p2a: Tap Psychic|Tapu Lele|100/100
|-fieldstart|move: Psychic Terrain|[from] ability: Psychic Surge|[of] p2a: Tap Psychic
|move|p1a: Gastrodon|Earth Power|p2a: Tap Psychic
|-damage|p2a: Tap Psychic|70/100
|
|upkeep
|turn|11
|
|t:|1650510609
|move|p2a: Tap Psychic|Psychic|p1a: Gastrodon
|-damage|p1a: Gastrodon|4/100
|move|p1a: Gastrodon|Recover|p1a: Gastrodon
|-heal|p1a: Gastrodon|54/100
|
|-heal|p1a: Gastrodon|60/100|[from] item: Leftovers
|upkeep
|turn|12
|j| portmonteau
|
|t:|1650510613
|switch|p2a: Volcanion|Volcanion|100/100
|switch|p1a: Heatran|Heatran, M|100/100
|
|upkeep
|turn|13
|
|t:|1650510615
|move|p1a: Heatran|Protect|p1a: Heatran
|-singleturn|p1a: Heatran|Protect
|move|p2a: Volcanion|Earth Power|p1a: Heatran
|-activate|p1a: Heatran|move: Protect
|
|upkeep
|turn|14
|
|t:|1650510624
|switch|p1a: Crawdaunt|Crawdaunt, F|100/100
|move|p2a: Volcanion|Earth Power|p1a: Crawdaunt
|-damage|p1a: Crawdaunt|38/100
|
|-fieldend|move: Psychic Terrain
|upkeep
|turn|15
|
|t:|1650510631
|move|p2a: Volcanion|Earth Power|p1a: Crawdaunt
|-damage|p1a: Crawdaunt|0 fnt
|faint|p1a: Crawdaunt
|
|upkeep
|
|t:|1650510633
|switch|p1a: Gastrodon|Gastrodon, M|60/100
|turn|16
|
|t:|1650510638
|switch|p2a: Tap Psychic|Tapu Lele|70/100
|-fieldstart|move: Psychic Terrain|[from] ability: Psychic Surge|[of] p2a: Tap Psychic
|move|p1a: Gastrodon|Recover|p1a: Gastrodon
|-heal|p1a: Gastrodon|100/100
|
|upkeep
|turn|17
|
|t:|1650510642
|move|p2a: Tap Psychic|Psychic|p1a: Gastrodon
|-damage|p1a: Gastrodon|10/100
|move|p1a: Gastrodon|Recover|p1a: Gastrodon
|-heal|p1a: Gastrodon|60/100
|
|-heal|p1a: Gastrodon|66/100|[from] item: Leftovers
|upkeep
|turn|18
|
|t:|1650510645
|move|p2a: Tap Psychic|Psychic|p1a: Gastrodon
|-damage|p1a: Gastrodon|0 fnt
|faint|p1a: Gastrodon
|
|upkeep
|
|t:|1650510647
|switch|p1a: Heatran|Heatran, M|100/100
|turn|19
|-message|stopthreat forfeited.
|
|win|30orless
|raw|stopthreat's rating: 1697 &rarr; <strong>1682</strong><br />(-15 for losing)
|raw|30orless's rating: 1788 &rarr; <strong>1803</strong><br />(+15 for winning)
|l|☆stopthreat
