|j|‽not mb
|j|☆Mitymouse11
|t:|1624039572
|gametype|singles
|player|p1|not mb|#wcop2019uswest|1900
|player|p2|Mitymouse11|2|1774
|teamsize|p1|6
|teamsize|p2|6
|gen|8
|tier|[Gen 8] OU
|rated|
|rule|Sleep Clause Mod: Limit one foe put to sleep
|rule|Species Clause: Limit one of each Pokémon
|rule|OHKO Clause: OHKO moves are banned
|rule|Evasion Moves Clause: Evasion moves are banned
|rule|Endless Battle Clause: Forcing endless battles is banned
|rule|HP Percentage Mod: HP is shown in percentages
|rule|Dynamax Clause: You cannot dynamax
|clearpoke
|poke|p1|Mew|
|poke|p1|Landorus-Therian, M|
|poke|p1|Toxapex, F|
|poke|p1|Dragonite, M|
|poke|p1|Bisharp, F|
|poke|p1|Tapu Koko|
|poke|p2|Pelipper, F|
|poke|p2|Urshifu-*, M|
|poke|p2|Scizor, M|
|poke|p2|Kingdra, M|
|poke|p2|Barraskewda, M|
|poke|p2|Tapu Lele|
|teampreview
|j| plushiez
|l|☆Mitymouse11
|player|p2|
|j|☆Mitymouse11
|player|p2|Mitymouse11|2
|j| ReignXXXX
|inactive|Battle timer is ON: inactive players will automatically lose when time's up. (requested by Mitymouse11)
|
|t:|1624039646
|start
|switch|p1a: Toxapex|Toxapex, F|100/100
|switch|p2a: Pelipper|Pelipper, F|100/100
|-weather|RainDance|[from] ability: Drizzle|[of] p2a: Pelipper
|turn|1
|
|t:|1624039653
|switch|p2a: Tapu Lele|Tapu Lele|100/100
|-fieldstart|move: Psychic Terrain|[from] ability: Psychic Surge|[of] p2a: Tapu Lele
|move|p1a: Toxapex|Toxic Spikes|p2a: Tapu Lele
|-sidestart|p2: Mitymouse11|move: Toxic Spikes
|
|-weather|RainDance|[upkeep]
|upkeep
|turn|2
|
|t:|1624039661
|switch|p1a: Mew|Mew|100/100
|move|p2a: Tapu Lele|Future Sight|p1a: Mew
|-start|p2a: Tapu Lele|move: Future Sight
|
|-weather|RainDance|[upkeep]
|upkeep
|turn|3
|j| Bunny Girl Mai
|j| gracida001
|
|t:|1624039669
|switch|p2a: Barraskewda|Barraskewda, M|100/100
|-status|p2a: Barraskewda|psn
|move|p1a: Mew|Knock Off|p2a: Barraskewda
|-damage|p2a: Barraskewda|55/100 psn
|-enditem|p2a: Barraskewda|Choice Band|[from] move: Knock Off|[of] p1a: Mew
|
|-weather|RainDance|[upkeep]
|-damage|p2a: Barraskewda|43/100 psn|[from] psn
|upkeep
|turn|4
|
|t:|1624039679
|move|p2a: Barraskewda|Liquidation|p1a: Mew
|-damage|p1a: Mew|40/100
|move|p1a: Mew|Roost|p1a: Mew
|-heal|p1a: Mew|90/100
|-singleturn|p1a: Mew|move: Roost
|
|-weather|RainDance|[upkeep]
|-end|p1a: Mew|move: Future Sight
|-resisted|p1a: Mew
|-damage|p1a: Mew|58/100
|-heal|p1a: Mew|64/100|[from] item: Leftovers
|-damage|p2a: Barraskewda|31/100 psn|[from] psn
|upkeep
|turn|5
|inactive|not mb has 120 seconds left.
|
|t:|1624039710
|switch|p1a: Dragonite|Dragonite, M|100/100
|move|p2a: Barraskewda|Crunch|p1a: Dragonite
|-damage|p1a: Dragonite|86/100
|
|-weather|RainDance|[upkeep]
|-damage|p2a: Barraskewda|18/100 psn|[from] psn
|-fieldend|move: Psychic Terrain
|upkeep
|turn|6
|
|t:|1624039719
|switch|p1a: Toxapex|Toxapex, F|100/100
|move|p2a: Barraskewda|Flip Turn|p1a: Toxapex
|-resisted|p1a: Toxapex
|-damage|p1a: Toxapex|85/100
|
|t:|1624039725
|switch|p2a: Scizor|Scizor, M|100/100|[from]move: Flip Turn
|
|-weather|RainDance|[upkeep]
|-heal|p1a: Toxapex|91/100|[from] item: Black Sludge
|upkeep
|turn|7
|
|t:|1624039732
|move|p2a: Scizor|Defog|p1a: Toxapex
|-unboost|p1a: Toxapex|evasion|1
|-sideend|p2: Mitymouse11|Toxic Spikes|[from] move: Defog|[of] p2a: Scizor
|move|p1a: Toxapex|Scald|p2a: Scizor
|-damage|p2a: Scizor|80/100
|
|-weather|RainDance|[upkeep]
|-heal|p2a: Scizor|86/100|[from] item: Leftovers
|-heal|p1a: Toxapex|97/100|[from] item: Black Sludge
|upkeep
|turn|8
|
|t:|1624039742
|move|p2a: Scizor|U-turn|p1a: Toxapex
|-resisted|p1a: Toxapex
|-damage|p1a: Toxapex|88/100
|
|t:|1624039745
|switch|p2a: Tapu Lele|Tapu Lele|100/100|[from]move: U-turn
|-fieldstart|move: Psychic Terrain|[from] ability: Psychic Surge|[of] p2a: Tapu Lele
|move|p1a: Toxapex|Toxic Spikes|p2a: Tapu Lele
|-sidestart|p2: Mitymouse11|move: Toxic Spikes
|
|-weather|none
|-heal|p1a: Toxapex|94/100|[from] item: Black Sludge
|upkeep
|turn|9
|
|t:|1624039763
|move|p2a: Tapu Lele|Future Sight|p1a: Toxapex
|-start|p2a: Tapu Lele|move: Future Sight
|move|p1a: Toxapex|Scald|p2a: Tapu Lele
|-damage|p2a: Tapu Lele|82/100
|
|-heal|p1a: Toxapex|99/100|[from] item: Black Sludge
|upkeep
|turn|10
|l| ReignXXXX
|
|t:|1624039772
|switch|p2a: Scizor|Scizor, M|86/100
|switch|p1a: Bisharp|Bisharp, F|100/100
|
|-heal|p2a: Scizor|92/100|[from] item: Leftovers
|upkeep
|turn|11
|
|t:|1624039781
|move|p1a: Bisharp|Knock Off|p2a: Scizor
|-damage|p2a: Scizor|11/100
|-enditem|p2a: Scizor|Leftovers|[from] move: Knock Off|[of] p1a: Bisharp
|move|p2a: Scizor|U-turn|p1a: Bisharp
|-damage|p1a: Bisharp|63/100
|
|t:|1624039788
|switch|p2a: Pelipper|Pelipper, F|100/100|[from]move: U-turn
|-weather|RainDance|[from] ability: Drizzle|[of] p2a: Pelipper
|
|-weather|RainDance|[upkeep]
|-end|p1a: Bisharp|move: Future Sight
|-immune|p1a: Bisharp
|upkeep
|turn|12
|
|t:|1624039797
|move|p1a: Bisharp|Knock Off|p2a: Pelipper
|-damage|p2a: Pelipper|42/100
|-enditem|p2a: Pelipper|Damp Rock|[from] move: Knock Off|[of] p1a: Bisharp
|move|p2a: Pelipper|Scald|p1a: Bisharp
|-damage|p1a: Bisharp|0 fnt
|faint|p1a: Bisharp
|
|-weather|RainDance|[upkeep]
|-fieldend|move: Psychic Terrain
|upkeep
|
|t:|1624039801
|switch|p1a: Tapu Koko|Tapu Koko|100/100
|-fieldstart|move: Electric Terrain|[from] ability: Electric Surge|[of] p1a: Tapu Koko
|turn|13
|
|t:|1624039811
|switch|p2a: Scizor|Scizor, M|11/100
|move|p1a: Tapu Koko|Thunderbolt|p2a: Scizor
|-damage|p2a: Scizor|0 fnt
|faint|p2a: Scizor
|
|-weather|RainDance|[upkeep]
|upkeep
|
|t:|1624039819
|switch|p2a: Barraskewda|Barraskewda, M|18/100 psn
|turn|14
|
|t:|1624039823
|switch|p1a: Dragonite|Dragonite, M|86/100
|move|p2a: Barraskewda|Flip Turn|p1a: Dragonite
|-resisted|p1a: Dragonite
|-damage|p1a: Dragonite|64/100
|
|t:|1624039829
|switch|p2a: Urshifu|Urshifu-Rapid-Strike, M|100/100|[from]move: Flip Turn
|-status|p2a: Urshifu|psn
|
|-weather|RainDance|[upkeep]
|-damage|p2a: Urshifu|88/100 psn|[from] psn
|upkeep
|turn|15
|
|t:|1624039841
|switch|p1a: Toxapex|Toxapex, F|100/100
|move|p2a: Urshifu|Surging Strikes|p1a: Toxapex
|-resisted|p1a: Toxapex
|-crit|p1a: Toxapex
|-damage|p1a: Toxapex|85/100
|-resisted|p1a: Toxapex
|-crit|p1a: Toxapex
|-damage|p1a: Toxapex|70/100
|-resisted|p1a: Toxapex
|-crit|p1a: Toxapex
|-damage|p1a: Toxapex|57/100
|-hitcount|p1a: Toxapex|3
|
|-weather|RainDance|[upkeep]
|-heal|p1a: Toxapex|63/100|[from] item: Black Sludge
|-damage|p2a: Urshifu|76/100 psn|[from] psn
|upkeep
|turn|16
|l| gracida001
|
|t:|1624039856
|switch|p2a: Tapu Lele|Tapu Lele|82/100
|-status|p2a: Tapu Lele|psn
|-fieldstart|move: Psychic Terrain|[from] ability: Psychic Surge|[of] p2a: Tapu Lele
|move|p1a: Toxapex|Recover|p1a: Toxapex
|-heal|p1a: Toxapex|100/100
|
|-weather|RainDance|[upkeep]
|-damage|p2a: Tapu Lele|70/100 psn|[from] psn
|upkeep
|turn|17
|
|t:|1624039867
|switch|p1a: Mew|Mew|64/100
|move|p2a: Tapu Lele|Psychic|p1a: Mew
|-resisted|p1a: Mew
|-damage|p1a: Mew|25/100
|
|-weather|RainDance|[upkeep]
|-heal|p1a: Mew|32/100|[from] item: Leftovers
|-damage|p2a: Tapu Lele|57/100 psn|[from] psn
|upkeep
|turn|18
|
|t:|1624039876
|move|p1a: Mew|Roost|p1a: Mew
|-heal|p1a: Mew|82/100
|-singleturn|p1a: Mew|move: Roost
|move|p2a: Tapu Lele|Psychic|p1a: Mew
|-resisted|p1a: Mew
|-damage|p1a: Mew|46/100
|
|-weather|none
|-heal|p1a: Mew|52/100|[from] item: Leftovers
|-damage|p2a: Tapu Lele|45/100 psn|[from] psn
|upkeep
|turn|19
|
|t:|1624039887
|switch|p2a: Urshifu|Urshifu-Rapid-Strike, M|76/100 psn
|move|p1a: Mew|Night Shade|p2a: Urshifu
|-damage|p2a: Urshifu|47/100 psn
|
|-heal|p1a: Mew|58/100|[from] item: Leftovers
|-damage|p2a: Urshifu|34/100 psn|[from] psn
|upkeep
|turn|20
|
|t:|1624039899
|switch|p1a: Toxapex|Toxapex, F|100/100
|move|p2a: Urshifu|Facade|p1a: Toxapex
|-damage|p1a: Toxapex|51/100
|
|-heal|p1a: Toxapex|57/100|[from] item: Black Sludge
|-damage|p2a: Urshifu|22/100 psn|[from] psn
|-fieldend|move: Psychic Terrain
|upkeep
|turn|21
|c| Bunny Girl Mai|KEK
|j| zKobayashiDex
|
|t:|1624039909
|switch|p1a: Landorus|Landorus-Therian, M|100/100
|-ability|p1a: Landorus|Intimidate|boost
|-unboost|p2a: Urshifu|atk|1
|move|p2a: Urshifu|Facade|p1a: Landorus
|-damage|p1a: Landorus|50/100
|
|-heal|p1a: Landorus|56/100|[from] item: Leftovers
|-damage|p2a: Urshifu|10/100 psn|[from] psn
|upkeep
|turn|22
|
|t:|1624039928
|switch|p2a: Pelipper|Pelipper, F|42/100
|-weather|RainDance|[from] ability: Drizzle|[of] p2a: Pelipper
|move|p1a: Landorus|U-turn|p2a: Pelipper
|-resisted|p2a: Pelipper
|-damage|p2a: Pelipper|33/100
|
|t:|1624039931
|switch|p1a: Tapu Koko|Tapu Koko|100/100|[from]move: U-turn
|-fieldstart|move: Electric Terrain|[from] ability: Electric Surge|[of] p1a: Tapu Koko
|
|-weather|RainDance|[upkeep]
|upkeep
|turn|23
|j| imperialandproud
|
|t:|1624039941
|switch|p2a: Urshifu|Urshifu-Rapid-Strike, M|10/100 psn
|move|p1a: Tapu Koko|Thunderbolt|p2a: Urshifu
|-supereffective|p2a: Urshifu
|-damage|p2a: Urshifu|0 fnt
|faint|p2a: Urshifu
|
|-weather|RainDance|[upkeep]
|upkeep
|
|t:|1624039950
|switch|p2a: Barraskewda|Barraskewda, M|18/100 psn
|turn|24
|
|t:|1624039954
|switch|p1a: Toxapex|Toxapex, F|90/100
|move|p2a: Barraskewda|Flip Turn|p1a: Toxapex
|-resisted|p1a: Toxapex
|-damage|p1a: Toxapex|73/100
|
|t:|1624039960
|switch|p2a: Tapu Lele|Tapu Lele|45/100 psn|[from]move: Flip Turn
|-fieldstart|move: Psychic Terrain|[from] ability: Psychic Surge|[of] p2a: Tapu Lele
|
|-weather|RainDance|[upkeep]
|-heal|p1a: Toxapex|79/100|[from] item: Black Sludge
|-damage|p2a: Tapu Lele|32/100 psn|[from] psn
|upkeep
|turn|25
|
|t:|1624039969
|switch|p1a: Landorus|Landorus-Therian, M|56/100
|-ability|p1a: Landorus|Intimidate|boost
|-unboost|p2a: Tapu Lele|atk|1
|move|p2a: Tapu Lele|Moonblast|p1a: Landorus
|-damage|p1a: Landorus|0 fnt
|faint|p1a: Landorus
|
|-weather|RainDance|[upkeep]
|-damage|p2a: Tapu Lele|20/100 psn|[from] psn
|upkeep
|-message|Mitymouse11 forfeited.
|
|win|not mb
|l|☆Mitymouse11
|raw|not mb's rating: 1900 &rarr; <strong>1913</strong><br />(+13 for winning)
|raw|Mitymouse11's rating: 1774 &rarr; <strong>1761</strong><br />(-13 for losing)
