|j|☆friedfreak
|j|☆sugarhigh
|player|p1|friedfreak|265|1882
|player|p2|sugarhigh|iris-gen5bw2|1843
|teamsize|p1|6
|teamsize|p2|6
|gametype|singles
|gen|8
|tier|[Gen 8] OU
|rated|
|clearpoke
|poke|p1|Excadrill, M|
|poke|p1|Hippowdon, M|
|poke|p1|Ferrothorn, F|
|poke|p1|Dragapult, M|
|poke|p1|Rotom-Heat|
|poke|p1|Clefable, F|
|poke|p2|Shuckle, M|
|poke|p2|Dracovish|
|poke|p2|Terrakion|
|poke|p2|Togekiss, F|
|poke|p2|Bisharp, M|
|poke|p2|Aegislash, M|
|rule|Sleep Clause Mod: Limit one foe put to sleep
|rule|Species Clause: Limit one of each Pokémon
|rule|OHKO Clause: OHKO moves are banned
|rule|Evasion Moves Clause: Evasion moves are banned
|rule|Endless Battle Clause: Forcing endless battles is banned
|rule|HP Percentage Mod: HP is shown in percentages
|rule|Dynamax Clause: You cannot dynamax
|teampreview
|j| not saas
|
|start
|switch|p1a: Excadrill|Excadrill, M|100/100
|switch|p2a: Shuckle|Shuckle, M|100/100
|turn|1
|j| WaterDrake
|
|move|p1a: Excadrill|Iron Head|p2a: Shuckle
|-supereffective|p2a: Shuckle
|-damage|p2a: Shuckle|50/100
|cant|p2a: Shuckle|flinch
|
|upkeep
|turn|2
|
|move|p1a: Excadrill|Iron Head|p2a: Shuckle
|-supereffective|p2a: Shuckle
|-damage|p2a: Shuckle|5/100
|cant|p2a: Shuckle|flinch
|
|upkeep
|turn|3
|c|☆sugarhigh|lmfao
|c|☆sugarhigh|is this a joke
|
|switch|p2a: Dracovish|Dracovish|100/100
|move|p1a: Excadrill|Iron Head|p2a: Dracovish
|-resisted|p2a: Dracovish
|-damage|p2a: Dracovish|78/100
|
|upkeep
|turn|4
|
|switch|p1a: Ferrothorn|Ferrothorn, F|100/100
|move|p2a: Dracovish|Fishious Rend|p1a: Ferrothorn
|-resisted|p1a: Ferrothorn
|-damage|p1a: Ferrothorn|50/100
|-damage|p2a: Dracovish|66/100|[from] ability: Iron Barbs|[of] p1a: Ferrothorn
|
|-heal|p1a: Ferrothorn|56/100|[from] item: Leftovers
|upkeep
|turn|5
|
|move|p2a: Dracovish|Fishious Rend|p1a: Ferrothorn
|-resisted|p1a: Ferrothorn
|-damage|p1a: Ferrothorn|3/100
|-damage|p2a: Dracovish|53/100|[from] ability: Iron Barbs|[of] p1a: Ferrothorn
|move|p1a: Ferrothorn|Spikes|p2a: Dracovish
|-sidestart|p2: sugarhigh|Spikes
|
|-heal|p1a: Ferrothorn|9/100|[from] item: Leftovers
|upkeep
|turn|6
|
|move|p2a: Dracovish|Fishious Rend|p1a: Ferrothorn
|-resisted|p1a: Ferrothorn
|-damage|p1a: Ferrothorn|0 fnt
|-damage|p2a: Dracovish|41/100|[from] ability: Iron Barbs|[of] p1a: Ferrothorn
|faint|p1a: Ferrothorn
|
|upkeep
|
|switch|p1a: Excadrill|Excadrill, M|100/100
|turn|7
|inactive|Battle timer is ON: inactive players will automatically lose when time's up. (requested by friedfreak)
|
|move|p1a: Excadrill|Earthquake|p2a: Dracovish
|-damage|p2a: Dracovish|0 fnt
|faint|p2a: Dracovish
|
|upkeep
|
|switch|p2a: Aegislash|Aegislash, M|100/100
|-item|p2a: Aegislash|Air Balloon
|turn|8
|j| lalabulu
|
|switch|p1a: Rotom|Rotom-Heat|100/100
|move|p2a: Aegislash|Swords Dance|p2a: Aegislash
|-boost|p2a: Aegislash|atk|2
|
|upkeep
|turn|9
|
|switch|p2a: Shuckle|Shuckle, M|5/100
|-damage|p2a: Shuckle|0 fnt|[from] Spikes
|faint|p2a: Shuckle
|move|p1a: Rotom|Overheat|p2: Shuckle|[notarget]
|-fail|p1a: Rotom
|
|upkeep
|
|switch|p2a: Terrakion|Terrakion|100/100
|-damage|p2a: Terrakion|88/100|[from] Spikes
|turn|10
|
|switch|p1a: Hippowdon|Hippowdon, M|100/100
|-weather|Sandstorm|[from] ability: Sand Stream|[of] p1a: Hippowdon
|move|p2a: Terrakion|Swords Dance|p2a: Terrakion
|-boost|p2a: Terrakion|atk|2
|
|-weather|Sandstorm|[upkeep]
|upkeep
|turn|11
|
|move|p2a: Terrakion|Close Combat|p1a: Hippowdon
|-damage|p1a: Hippowdon|19/100
|-unboost|p2a: Terrakion|def|1
|-unboost|p2a: Terrakion|spd|1
|-damage|p2a: Terrakion|72/100|[from] item: Rocky Helmet|[of] p1a: Hippowdon
|-damage|p2a: Terrakion|62/100|[from] item: Life Orb
|move|p1a: Hippowdon|Earthquake|p2a: Terrakion
|-supereffective|p2a: Terrakion
|-damage|p2a: Terrakion|0 fnt
|faint|p2a: Terrakion
|
|-weather|Sandstorm|[upkeep]
|upkeep
|c|☆sugarhigh|wp bro wp !!!!
|-message|sugarhigh forfeited.
|
|win|friedfreak
|l|☆sugarhigh
|l|☆friedfreak
|raw|friedfreak's rating: 1882 &rarr; <strong>1899</strong><br />(+17 for winning)
|raw|sugarhigh's rating: 1843 &rarr; <strong>1825</strong><br />(-18 for losing)
