|j|☆Fastpitchkiller
|j|☆Mindphuck2
|t:|1648595878
|gametype|singles
|player|p1|Fastpitchkiller|101|1739
|player|p2|Mindphuck2|101|1705
|teamsize|p1|6
|teamsize|p2|6
|gen|8
|tier|[Gen 8] OU
|rated|
|rule|Sleep Clause Mod: Limit one foe put to sleep
|rule|Species Clause: Limit one of each Pokémon
|rule|OHKO Clause: OHKO moves are banned
|rule|Evasion Moves Clause: Evasion moves are banned
|rule|Endless Battle Clause: Forcing endless battles is banned
|rule|HP Percentage Mod: HP is shown in percentages
|rule|Dynamax Clause: You cannot dynamax
|clearpoke
|poke|p1|Blaziken, F|
|poke|p1|Slowbro, F|
|poke|p1|Tyranitar, F|
|poke|p1|Corviknight, F|
|poke|p1|Landorus-Therian, M|
|poke|p1|Tapu Koko|
|poke|p2|Volcanion|
|poke|p2|Necrozma|
|poke|p2|Celesteela|
|poke|p2|Landorus-Therian, M|
|poke|p2|Victini|
|poke|p2|Kommo-o, M|
|teampreview
|j| Hella Rare Pepe
|
|t:|1648595900
|start
|switch|p1a: Slowgatell|Slowbro, F|100/100
|switch|p2a: Victini|Victini|100/100
|turn|1
|inactive|Battle timer is ON: inactive players will automatically lose when time's up. (requested by Mindphuck2)
|j| zYYYf
|
|t:|1648595907
|switch|p1a: GODzilla|Tyranitar, F|100/100
|-weather|Sandstorm|[from] ability: Sand Stream|[of] p1a: GODzilla
|move|p2a: Victini|Final Gambit|p1a: GODzilla
|-damage|p1a: GODzilla|0 fnt
|faint|p2a: Victini
|faint|p1a: GODzilla
|
|-weather|Sandstorm|[upkeep]
|upkeep
|
|t:|1648595919
|switch|p2a: Volcanion|Volcanion|100/100
|switch|p1a: Slowgatell|Slowbro, F|100/100
|turn|2
|
|t:|1648595924
|move|p2a: Volcanion|Sludge Bomb|p1a: Slowgatell
|-damage|p1a: Slowgatell|66/100
|move|p1a: Slowgatell|Toxic|p2a: Volcanion|[miss]
|-miss|p1a: Slowgatell|p2a: Volcanion
|
|-weather|Sandstorm|[upkeep]
|-damage|p2a: Volcanion|94/100|[from] Sandstorm
|-damage|p1a: Slowgatell|60/100|[from] Sandstorm
|upkeep
|turn|3
|
|t:|1648595936
|move|p2a: Volcanion|Sludge Bomb|p1a: Slowgatell
|-damage|p1a: Slowgatell|28/100
|move|p1a: Slowgatell|Future Sight|p2a: Volcanion
|-start|p1a: Slowgatell|move: Future Sight
|
|-weather|Sandstorm|[upkeep]
|-damage|p2a: Volcanion|88/100|[from] Sandstorm
|-damage|p1a: Slowgatell|22/100|[from] Sandstorm
|upkeep
|turn|4
|
|t:|1648595944
|move|p2a: Volcanion|Steam Eruption|p1a: Slowgatell|[miss]
|-miss|p2a: Volcanion|p1a: Slowgatell
|move|p1a: Slowgatell|Teleport|p1a: Slowgatell
|
|t:|1648595952
|switch|p1a: Precoz|Tapu Koko|100/100|[from]move: Teleport
|-fieldstart|move: Electric Terrain|[from] ability: Electric Surge|[of] p1a: Precoz
|
|-weather|Sandstorm|[upkeep]
|-damage|p1a: Precoz|94/100|[from] Sandstorm
|-damage|p2a: Volcanion|82/100|[from] Sandstorm
|upkeep
|turn|5
|
|t:|1648595961
|move|p1a: Precoz|U-turn|p2a: Volcanion
|-resisted|p2a: Volcanion
|-damage|p2a: Volcanion|75/100
|
|t:|1648595964
|switch|p1a: Slowgatell|Slowbro, F|55/100|[from]move: U-turn
|move|p2a: Volcanion|Sludge Bomb|p1a: Slowgatell
|-damage|p1a: Slowgatell|24/100
|
|-weather|none
|-end|p2a: Volcanion|move: Future Sight
|-damage|p2a: Volcanion|49/100
|upkeep
|turn|6
|l| Hella Rare Pepe
|
|t:|1648595974
|move|p2a: Volcanion|Steam Eruption|p1a: Slowgatell
|-resisted|p1a: Slowgatell
|-damage|p1a: Slowgatell|0 fnt
|faint|p1a: Slowgatell
|
|upkeep
|j| DcMarvelAnimeFan
|
|t:|1648595988
|switch|p1a: Precoz|Tapu Koko|94/100
|turn|7
|
|t:|1648595992
|switch|p2a: Landorus|Landorus-Therian, M|100/100
|-ability|p2a: Landorus|Intimidate|boost
|-unboost|p1a: Precoz|atk|1
|move|p1a: Precoz|Thunderbolt|p2a: Landorus
|-immune|p2a: Landorus
|
|upkeep
|turn|8
|
|t:|1648596000
|move|p1a: Precoz|U-turn|p2a: Landorus
|-resisted|p2a: Landorus
|-damage|p2a: Landorus|94/100
|
|t:|1648596003
|switch|p1a: Enamorousito|Landorus-Therian, M|100/100|[from]move: U-turn
|-ability|p1a: Enamorousito|Intimidate|boost
|-unboost|p2a: Landorus|atk|1
|move|p2a: Landorus|Swords Dance|p2a: Landorus
|-boost|p2a: Landorus|atk|2
|
|-fieldend|move: Electric Terrain
|upkeep
|turn|9
|
|t:|1648596012
|move|p1a: Enamorousito|Substitute|p1a: Enamorousito
|-start|p1a: Enamorousito|Substitute
|-damage|p1a: Enamorousito|76/100
|move|p2a: Landorus|Rock Polish|p2a: Landorus
|-boost|p2a: Landorus|spe|2
|
|-heal|p1a: Enamorousito|82/100|[from] item: Leftovers
|upkeep
|turn|10
|j| hahalolxdgoodone
|
|t:|1648596022
|move|p2a: Landorus|Rock Slide|p1a: Enamorousito
|-end|p1a: Enamorousito|Substitute
|move|p1a: Enamorousito|Swords Dance|p1a: Enamorousito
|-boost|p1a: Enamorousito|atk|2
|
|-heal|p1a: Enamorousito|88/100|[from] item: Leftovers
|upkeep
|turn|11
|
|t:|1648596030
|move|p2a: Landorus|Rock Slide|p1a: Enamorousito
|-damage|p1a: Enamorousito|34/100
|cant|p1a: Enamorousito|flinch
|
|-heal|p1a: Enamorousito|40/100|[from] item: Leftovers
|upkeep
|turn|12
|-message|Fastpitchkiller forfeited.
|
|win|Mindphuck2
|raw|Fastpitchkiller's rating: 1739 &rarr; <strong>1717</strong><br />(-22 for losing)
|raw|Mindphuck2's rating: 1705 &rarr; <strong>1727</strong><br />(+22 for winning)
|l|☆Fastpitchkiller
|l| zYYYf
|l| DcMarvelAnimeFan
||Ladder isn't responding, score probably updated but might not have (Request timeout).
|l| hahalolxdgoodone
