|j|☆yuthermother
|j|☆ldailey19
|t:|1628153951
|gametype|singles
|player|p1|yuthermother|115|1066
|player|p2|ldailey19|benga|1049
|teamsize|p1|6
|teamsize|p2|6
|gen|8
|tier|[Gen 8] OU
|rated|
|rule|Sleep Clause Mod: Limit one foe put to sleep
|rule|Species Clause: Limit one of each Pokémon
|rule|OHKO Clause: OHKO moves are banned
|rule|Evasion Moves Clause: Evasion moves are banned
|rule|Endless Battle Clause: Forcing endless battles is banned
|rule|HP Percentage Mod: HP is shown in percentages
|rule|Dynamax Clause: You cannot dynamax
|clearpoke
|poke|p1|Dragapult, F|
|poke|p1|Landorus-Therian, M|
|poke|p1|Volcarona, F|
|poke|p1|Urshifu-*, F|
|poke|p1|Ferrothorn, M|
|poke|p1|Toxapex, M|
|poke|p2|Tyranitar, M|
|poke|p2|Mew|
|poke|p2|Swampert, M|
|poke|p2|Garchomp, F|
|poke|p2|Hawlucha, M|
|poke|p2|Magnezone|
|teampreview
|
|t:|1628153971
|start
|switch|p1a: Ferrothorn|Ferrothorn, M|100/100
|switch|p2a: Swampert|Swampert, M, shiny|100/100
|turn|1
|
|t:|1628154005
|move|p2a: Swampert|Stealth Rock|p1a: Ferrothorn
|-sidestart|p1: yuthermother|move: Stealth Rock
|move|p1a: Ferrothorn|Knock Off|p2a: Swampert
|-damage|p2a: Swampert|85/100
|-enditem|p2a: Swampert|Rindo Berry|[from] move: Knock Off|[of] p1a: Ferrothorn
|
|upkeep
|turn|2
|
|t:|1628154024
|move|p2a: Swampert|Yawn|p1a: Ferrothorn
|-start|p1a: Ferrothorn|move: Yawn|[of] p2a: Swampert
|move|p1a: Ferrothorn|Spikes|p2a: Swampert
|-sidestart|p2: ldailey19|Spikes
|
|upkeep
|turn|3
|
|t:|1628154051
|move|p2a: Swampert|Ice Beam|p1a: Ferrothorn
|-damage|p1a: Ferrothorn|91/100
|move|p1a: Ferrothorn|Leech Seed|p2a: Swampert
|-start|p2a: Swampert|move: Leech Seed
|
|-heal|p1a: Ferrothorn|97/100|[from] item: Leftovers
|-damage|p2a: Swampert|73/100|[from] Leech Seed|[of] p1a: Ferrothorn
|-heal|p1a: Ferrothorn|100/100|[silent]
|-end|p1a: Ferrothorn|move: Yawn|[silent]
|-status|p1a: Ferrothorn|slp
|upkeep
|turn|4
|
|t:|1628154081
|switch|p2a: Hawlucha|Hawlucha, M, shiny|100/100
|cant|p1a: Ferrothorn|slp
|
|upkeep
|turn|5
|
|t:|1628154114
|switch|p1a: Dragapult|Dragapult, F|100/100
|move|p2a: Hawlucha|High Jump Kick|p1a: Dragapult
|-immune|p1a: Dragapult
|-damage|p2a: Hawlucha|51/100|[from] highjumpkick
|
|upkeep
|turn|6
|
|t:|1628154126
|move|p1a: Dragapult|Thunder Wave|p2a: Hawlucha
|-status|p2a: Hawlucha|par
|move|p2a: Hawlucha|Brave Bird|p1a: Dragapult
|-damage|p1a: Dragapult|31/100
|-damage|p2a: Hawlucha|26/100 par|[from] Recoil
|
|upkeep
|turn|7
|
|t:|1628154139
|move|p1a: Dragapult|Hex|p2a: Hawlucha
|-damage|p2a: Hawlucha|0 fnt
|faint|p2a: Hawlucha
|
|upkeep
|
|t:|1628154153
|switch|p2a: Swampert|Swampert, M, shiny|73/100
|-damage|p2a: Swampert|60/100|[from] Spikes
|turn|8
|
|t:|1628154201
|move|p1a: Dragapult|U-turn|p2a: Swampert
|-damage|p2a: Swampert|49/100
|
|t:|1628154214
|switch|p1a: Urshifu|Urshifu-Rapid-Strike, F, shiny|100/100|[from]move: U-turn
|-damage|p1a: Urshifu|94/100|[from] Stealth Rock
|move|p2a: Swampert|Ice Beam|p1a: Urshifu
|-resisted|p1a: Urshifu
|-damage|p1a: Urshifu|82/100
|
|upkeep
|turn|9
|
|t:|1628154233
|move|p1a: Urshifu|Surging Strikes|p2a: Swampert
|-crit|p2a: Swampert
|-damage|p2a: Swampert|29/100
|-crit|p2a: Swampert
|-damage|p2a: Swampert|10/100
|-crit|p2a: Swampert
|-damage|p2a: Swampert|0 fnt
|faint|p2a: Swampert
|-hitcount|p2: Swampert|3
|
|upkeep
|
|t:|1628154259
|switch|p2a: Mew|Mew, shiny|100/100
|-damage|p2a: Mew|88/100|[from] Spikes
|turn|10
|
|t:|1628154274
|move|p2a: Mew|Psychic|p1a: Urshifu
|-supereffective|p1a: Urshifu
|-damage|p1a: Urshifu|0 fnt
|faint|p1a: Urshifu
|
|-heal|p2a: Mew|94/100|[from] item: Leftovers
|upkeep
|
|t:|1628154288
|switch|p1a: Volcarona|Volcarona, F|100/100
|turn|11
|inactive|Battle timer is ON: inactive players will automatically lose when time's up. (requested by yuthermother)
|
|t:|1628154336
|switch|p2a: Garchomp|Garchomp, F, shiny|100/100
|-damage|p2a: Garchomp|88/100|[from] Spikes
|move|p1a: Volcarona|Quiver Dance|p1a: Volcarona
|-boost|p1a: Volcarona|spa|1
|-boost|p1a: Volcarona|spd|1
|-boost|p1a: Volcarona|spe|1
|
|upkeep
|turn|12
|inactive|yuthermother has 120 seconds left.
|
|t:|1628154375
|move|p1a: Volcarona|Bug Buzz|p2a: Garchomp
|-damage|p2a: Garchomp|11/100
|move|p2a: Garchomp|Earthquake|p1a: Volcarona
|-damage|p1a: Volcarona|17/100
|
|upkeep
|turn|13
|inactive|yuthermother has 120 seconds left.
|
|t:|1628154387
|move|p1a: Volcarona|Giga Drain|p2a: Garchomp
|-damage|p2a: Garchomp|0 fnt
|-heal|p1a: Volcarona|22/100|[from] drain|[of] p2a: Garchomp
|faint|p2a: Garchomp
|
|upkeep
|inactive|ldailey19 has 120 seconds left.
|
|t:|1628154419
|switch|p2a: Tyranitar|Tyranitar, M, shiny|100/100
|-damage|p2a: Tyranitar|88/100|[from] Spikes
|-weather|Sandstorm|[from] ability: Sand Stream|[of] p2a: Tyranitar
|turn|14
|inactive|ldailey19 has 120 seconds left.
|inactive|yuthermother has 120 seconds left.
|
|t:|1628154444
|move|p1a: Volcarona|Giga Drain|p2a: Tyranitar
|-supereffective|p2a: Tyranitar
|-damage|p2a: Tyranitar|40/100
|-heal|p1a: Volcarona|54/100|[from] drain|[of] p2a: Tyranitar
|-enditem|p2a: Tyranitar|Weakness Policy
|-boost|p2a: Tyranitar|atk|2|[from] item: Weakness Policy
|-boost|p2a: Tyranitar|spa|2|[from] item: Weakness Policy
|move|p2a: Tyranitar|Crunch|p1a: Volcarona
|-damage|p1a: Volcarona|0 fnt
|faint|p1a: Volcarona
|
|-weather|Sandstorm|[upkeep]
|upkeep
|
|t:|1628154469
|switch|p1a: Landorus|Landorus-Therian, M|100/100
|-damage|p1a: Landorus|88/100|[from] Stealth Rock
|-ability|p1a: Landorus|Intimidate|boost
|-unboost|p2a: Tyranitar|atk|1
|turn|15
|inactive|ldailey19 has 120 seconds left.
|
|t:|1628154488
|move|p1a: Landorus|Earthquake|p2a: Tyranitar
|-supereffective|p2a: Tyranitar
|-damage|p2a: Tyranitar|0 fnt
|faint|p2a: Tyranitar
|
|-weather|Sandstorm|[upkeep]
|-heal|p1a: Landorus|94/100|[from] item: Leftovers
|upkeep
|
|t:|1628154494
|switch|p2a: Mew|Mew, shiny|94/100
|-damage|p2a: Mew|82/100|[from] Spikes
|turn|16
|
|t:|1628154507
|move|p2a: Mew|Nasty Plot|p2a: Mew
|-boost|p2a: Mew|spa|2
|move|p1a: Landorus|Substitute|p1a: Landorus
|-start|p1a: Landorus|Substitute
|-damage|p1a: Landorus|69/100
|
|-weather|Sandstorm|[upkeep]
|-damage|p2a: Mew|76/100|[from] Sandstorm
|-heal|p2a: Mew|82/100|[from] item: Leftovers
|-heal|p1a: Landorus|75/100|[from] item: Leftovers
|upkeep
|turn|17
|
|t:|1628154524
|move|p2a: Mew|Psychic|p1a: Landorus
|-end|p1a: Landorus|Substitute
|move|p1a: Landorus|Earthquake|p2a: Mew
|-damage|p2a: Mew|25/100
|
|-weather|Sandstorm|[upkeep]
|-damage|p2a: Mew|18/100|[from] Sandstorm
|-heal|p2a: Mew|25/100|[from] item: Leftovers
|-heal|p1a: Landorus|81/100|[from] item: Leftovers
|upkeep
|turn|18
|
|t:|1628154539
|move|p2a: Mew|Psychic|p1a: Landorus
|-damage|p1a: Landorus|0 fnt
|faint|p1a: Landorus
|
|-weather|none
|-heal|p2a: Mew|31/100|[from] item: Leftovers
|upkeep
|
|t:|1628154551
|switch|p1a: Dragapult|Dragapult, F|31/100
|turn|19
|inactive|ldailey19 has 120 seconds left.
|
|t:|1628154562
|switch|p2a: Magnezone|Magnezone, shiny|100/100
|-damage|p2a: Magnezone|88/100|[from] Spikes
|move|p1a: Dragapult|Hex|p2a: Magnezone
|-damage|p2a: Magnezone|66/100
|
|upkeep
|turn|20
|inactive|ldailey19 has 120 seconds left.
|
|t:|1628154576
|move|p1a: Dragapult|U-turn|p2a: Magnezone
|-resisted|p2a: Magnezone
|-damage|p2a: Magnezone|59/100
|
|t:|1628154581
|switch|p1a: Ferrothorn|Ferrothorn, M|100/100 slp|[from]move: U-turn
|-damage|p1a: Ferrothorn|94/100 slp|[from] Stealth Rock
|move|p2a: Magnezone|Thunderbolt|p1a: Ferrothorn
|-resisted|p1a: Ferrothorn
|-damage|p1a: Ferrothorn|75/100 slp
|
|-heal|p1a: Ferrothorn|81/100 slp|[from] item: Leftovers
|upkeep
|turn|21
|inactive|yuthermother has 90 seconds left.
|
|t:|1628154607
|move|p2a: Magnezone|Volt Switch|p1a: Ferrothorn
|-resisted|p1a: Ferrothorn
|-damage|p1a: Ferrothorn|68/100 slp
|
|t:|1628154612
|switch|p2a: Mew|Mew, shiny|31/100|[from]move: Volt Switch
|-damage|p2a: Mew|18/100|[from] Spikes
|cant|p1a: Ferrothorn|slp
|
|-heal|p2a: Mew|25/100|[from] item: Leftovers
|-heal|p1a: Ferrothorn|74/100 slp|[from] item: Leftovers
|upkeep
|turn|22
|
|t:|1628154621
|move|p2a: Mew|Soft-Boiled|p2a: Mew
|-heal|p2a: Mew|75/100
|-curestatus|p1a: Ferrothorn|slp|[msg]
|move|p1a: Ferrothorn|Knock Off|p2a: Mew
|-supereffective|p2a: Mew
|-damage|p2a: Mew|31/100
|-enditem|p2a: Mew|Leftovers|[from] move: Knock Off|[of] p1a: Ferrothorn
|
|-heal|p1a: Ferrothorn|80/100|[from] item: Leftovers
|upkeep
|turn|23
|inactive|yuthermother has 90 seconds left.
|
|t:|1628154651
|move|p2a: Mew|Soft-Boiled|p2a: Mew
|-heal|p2a: Mew|81/100
|move|p1a: Ferrothorn|Leech Seed|p2a: Mew
|-start|p2a: Mew|move: Leech Seed
|
|-heal|p1a: Ferrothorn|86/100|[from] item: Leftovers
|-damage|p2a: Mew|69/100|[from] Leech Seed|[of] p1a: Ferrothorn
|-heal|p1a: Ferrothorn|98/100|[silent]
|upkeep
|turn|24
|inactive|yuthermother has 60 seconds left.
|
|t:|1628154684
|move|p2a: Mew|Psychic|p1a: Ferrothorn
|-resisted|p1a: Ferrothorn
|-damage|p1a: Ferrothorn|85/100
|move|p1a: Ferrothorn|Knock Off|p2a: Mew
|-supereffective|p2a: Mew
|-damage|p2a: Mew|39/100
|
|-heal|p1a: Ferrothorn|92/100|[from] item: Leftovers
|-damage|p2a: Mew|27/100|[from] Leech Seed|[of] p1a: Ferrothorn
|-heal|p1a: Ferrothorn|100/100|[silent]
|upkeep
|turn|25
|
|t:|1628154694
|move|p2a: Mew|Soft-Boiled|p2a: Mew
|-heal|p2a: Mew|77/100
|move|p1a: Ferrothorn|Knock Off|p2a: Mew
|-supereffective|p2a: Mew
|-damage|p2a: Mew|49/100
|
|-damage|p2a: Mew|37/100|[from] Leech Seed|[of] p1a: Ferrothorn
|upkeep
|turn|26
|
|t:|1628154702
|move|p2a: Mew|Soft-Boiled|p2a: Mew
|-heal|p2a: Mew|87/100
|move|p1a: Ferrothorn|Knock Off|p2a: Mew
|-supereffective|p2a: Mew
|-damage|p2a: Mew|60/100
|
|-damage|p2a: Mew|48/100|[from] Leech Seed|[of] p1a: Ferrothorn
|upkeep
|turn|27
|
|t:|1628154724
|move|p2a: Mew|Soft-Boiled|p2a: Mew
|-heal|p2a: Mew|98/100
|move|p1a: Ferrothorn|Knock Off|p2a: Mew
|-supereffective|p2a: Mew
|-damage|p2a: Mew|71/100
|
|-damage|p2a: Mew|59/100|[from] Leech Seed|[of] p1a: Ferrothorn
|upkeep
|turn|28
|
|t:|1628154738
|move|p2a: Mew|Nasty Plot|p2a: Mew
|-boost|p2a: Mew|spa|2
|move|p1a: Ferrothorn|Knock Off|p2a: Mew
|-supereffective|p2a: Mew
|-damage|p2a: Mew|30/100
|
|-damage|p2a: Mew|18/100|[from] Leech Seed|[of] p1a: Ferrothorn
|upkeep
|turn|29
|
|t:|1628154746
|move|p2a: Mew|Soft-Boiled|p2a: Mew
|-heal|p2a: Mew|68/100
|move|p1a: Ferrothorn|Knock Off|p2a: Mew
|-supereffective|p2a: Mew
|-damage|p2a: Mew|39/100
|
|-damage|p2a: Mew|26/100|[from] Leech Seed|[of] p1a: Ferrothorn
|upkeep
|turn|30
|inactive|yuthermother has 90 seconds left.
|
|t:|1628154761
|move|p2a: Mew|Soft-Boiled|p2a: Mew
|-heal|p2a: Mew|76/100
|move|p1a: Ferrothorn|Knock Off|p2a: Mew
|-supereffective|p2a: Mew
|-damage|p2a: Mew|49/100
|
|-damage|p2a: Mew|37/100|[from] Leech Seed|[of] p1a: Ferrothorn
|upkeep
|turn|31
|
|t:|1628154773
|move|p2a: Mew|Soft-Boiled|p2a: Mew
|-heal|p2a: Mew|87/100
|move|p1a: Ferrothorn|Knock Off|p2a: Mew
|-supereffective|p2a: Mew
|-damage|p2a: Mew|60/100
|
|-damage|p2a: Mew|48/100|[from] Leech Seed|[of] p1a: Ferrothorn
|upkeep
|turn|32
|
|t:|1628154787
|switch|p1a: Dragapult|Dragapult, F|31/100
|move|p2a: Mew|Aura Sphere|p1a: Dragapult
|-immune|p1a: Dragapult
|
|-damage|p2a: Mew|36/100|[from] Leech Seed|[of] p1a: Dragapult
|-heal|p1a: Dragapult|44/100|[silent]
|upkeep
|turn|33
|inactive|ldailey19 has 120 seconds left.
|
|t:|1628154821
|switch|p2a: Magnezone|Magnezone, shiny|59/100
|-damage|p2a: Magnezone|46/100|[from] Spikes
|move|p1a: Dragapult|Draco Meteor|p2a: Magnezone
|-resisted|p2a: Magnezone
|-damage|p2a: Magnezone|25/100
|-unboost|p1a: Dragapult|spa|2
|
|upkeep
|turn|34
|inactive|yuthermother has 90 seconds left.
|inactive|ldailey19 has 120 seconds left.
|
|t:|1628154834
|switch|p1a: Ferrothorn|Ferrothorn, M|100/100
|-damage|p1a: Ferrothorn|94/100|[from] Stealth Rock
|move|p2a: Magnezone|Flash Cannon|p1a: Ferrothorn
|-resisted|p1a: Ferrothorn
|-damage|p1a: Ferrothorn|76/100
|
|-heal|p1a: Ferrothorn|83/100|[from] item: Leftovers
|upkeep
|turn|35
|inactive|yuthermother has 90 seconds left.
|inactive|ldailey19 has 120 seconds left.
|
|t:|1628154846
|move|p2a: Magnezone|Flash Cannon|p1a: Ferrothorn
|-resisted|p1a: Ferrothorn
|-damage|p1a: Ferrothorn|69/100
|-unboost|p1a: Ferrothorn|spd|1
|move|p1a: Ferrothorn|Body Press|p2a: Magnezone
|-supereffective|p2a: Magnezone
|-damage|p2a: Magnezone|0 fnt
|faint|p2a: Magnezone
|
|-heal|p1a: Ferrothorn|75/100|[from] item: Leftovers
|upkeep
|inactive|ldailey19 has 120 seconds left.
|
|t:|1628154855
|switch|p2a: Mew|Mew, shiny|36/100
|-damage|p2a: Mew|23/100|[from] Spikes
|turn|36
|
|t:|1628154865
|move|p2a: Mew|Soft-Boiled|p2a: Mew
|-heal|p2a: Mew|74/100
|move|p1a: Ferrothorn|Leech Seed|p2a: Mew
|-start|p2a: Mew|move: Leech Seed
|
|-heal|p1a: Ferrothorn|81/100|[from] item: Leftovers
|-damage|p2a: Mew|61/100|[from] Leech Seed|[of] p1a: Ferrothorn
|-heal|p1a: Ferrothorn|93/100|[silent]
|upkeep
|turn|37
|inactive|yuthermother has 90 seconds left.
|
|t:|1628154885
|switch|p1a: Dragapult|Dragapult, F|44/100
|move|p2a: Mew|Psychic|p1a: Dragapult
|-damage|p1a: Dragapult|0 fnt
|faint|p1a: Dragapult
|
|upkeep
|inactive|yuthermother has 90 seconds left.
|
|t:|1628154896
|switch|p1a: Ferrothorn|Ferrothorn, M|93/100
|-damage|p1a: Ferrothorn|87/100|[from] Stealth Rock
|turn|38
|inactive|yuthermother has 90 seconds left.
|
|t:|1628154904
|move|p2a: Mew|Nasty Plot|p2a: Mew
|-boost|p2a: Mew|spa|2
|move|p1a: Ferrothorn|Knock Off|p2a: Mew
|-supereffective|p2a: Mew
|-damage|p2a: Mew|32/100
|
|-heal|p1a: Ferrothorn|93/100|[from] item: Leftovers
|-damage|p2a: Mew|20/100|[from] Leech Seed|[of] p1a: Ferrothorn
|-heal|p1a: Ferrothorn|100/100|[silent]
|upkeep
|turn|39
|
|t:|1628154914
|move|p2a: Mew|Soft-Boiled|p2a: Mew
|-heal|p2a: Mew|70/100
|move|p1a: Ferrothorn|Knock Off|p2a: Mew
|-supereffective|p2a: Mew
|-damage|p2a: Mew|42/100
|
|-damage|p2a: Mew|30/100|[from] Leech Seed|[of] p1a: Ferrothorn
|upkeep
|turn|40
|
|t:|1628154923
|move|p2a: Mew|Soft-Boiled|p2a: Mew
|-heal|p2a: Mew|80/100
|move|p1a: Ferrothorn|Knock Off|p2a: Mew
|-supereffective|p2a: Mew
|-damage|p2a: Mew|51/100
|
|-damage|p2a: Mew|38/100|[from] Leech Seed|[of] p1a: Ferrothorn
|upkeep
|turn|41
|
|t:|1628154932
|move|p2a: Mew|Aura Sphere|p1a: Ferrothorn
|-supereffective|p1a: Ferrothorn
|-damage|p1a: Ferrothorn|46/100
|move|p1a: Ferrothorn|Knock Off|p2a: Mew
|-supereffective|p2a: Mew
|-damage|p2a: Mew|10/100
|
|-heal|p1a: Ferrothorn|52/100|[from] item: Leftovers
|-damage|p2a: Mew|0 fnt|[from] Leech Seed|[of] p1a: Ferrothorn
|-heal|p1a: Ferrothorn|61/100|[silent]
|faint|p2a: Mew
|
|win|yuthermother
|upkeep
|raw|yuthermother's rating: 1066 &rarr; <strong>1095</strong><br />(+29 for winning)
|raw|ldailey19's rating: 1049 &rarr; <strong>1032</strong><br />(-17 for losing)
|c|☆yuthermother|gg
