|j|☆Chikami
|j|‽LT82ZW Guatemala
|t:|1636849738
|gametype|singles
|player|p1|Chikami|ethan|1829
|player|p2|LT82ZW Guatemala|101|1914
|teamsize|p1|6
|teamsize|p2|6
|gen|8
|tier|[Gen 8] OU
|rated|
|rule|Sleep Clause Mod: Limit one foe put to sleep
|rule|Species Clause: Limit one of each Pokémon
|rule|OHKO Clause: OHKO moves are banned
|rule|Evasion Moves Clause: Evasion moves are banned
|rule|Endless Battle Clause: Forcing endless battles is banned
|rule|HP Percentage Mod: HP is shown in percentages
|rule|Dynamax Clause: You cannot dynamax
|clearpoke
|poke|p1|Mew|
|poke|p1|Ninetales-Alola, M|
|poke|p1|Garchomp, M|
|poke|p1|Bisharp, F|
|poke|p1|Kartana|
|poke|p1|Zapdos-Galar|
|poke|p2|Heatran, M|
|poke|p2|Tapu Bulu|
|poke|p2|Steelix, M|
|poke|p2|Tornadus-Therian, M|
|poke|p2|Dragapult, M|
|poke|p2|Weavile, F|
|teampreview
|
|t:|1636849748
|start
|switch|p1a: Mew|Mew|100/100
|switch|p2a: Heatran|Heatran, M|100/100
|turn|1
|
|t:|1636849756
|move|p1a: Mew|Stealth Rock|p2a: Heatran
|-sidestart|p2: LT82ZW Guatemala|move: Stealth Rock
|move|p2a: Heatran|Eruption|p1a: Mew
|-enditem|p1a: Mew|Focus Sash
|-damage|p1a: Mew|1/100
|
|upkeep
|turn|2
|
|t:|1636849768
|switch|p2a: Steelix|Steelix, M|100/100
|-damage|p2a: Steelix|97/100|[from] Stealth Rock
|move|p1a: Mew|Thunder Wave|p2a: Steelix
|-immune|p2a: Steelix
|
|-heal|p2a: Steelix|100/100|[from] item: Leftovers
|upkeep
|turn|3
|
|t:|1636849773
|switch|p2a: Tornadus|Tornadus-Therian, M|100/100
|move|p1a: Mew|Taunt|p2a: Tornadus
|-start|p2a: Tornadus|move: Taunt
|
|upkeep
|turn|4
|
|t:|1636849780
|move|p2a: Tornadus|Knock Off|p1a: Mew
|-supereffective|p1a: Mew
|-damage|p1a: Mew|0 fnt
|faint|p1a: Mew
|
|upkeep
|
|t:|1636849793
|switch|p1a: Ninetales|Ninetales-Alola, M|100/100
|-weather|Hail|[from] ability: Snow Warning|[of] p1a: Ninetales
|turn|5
|
|t:|1636849796
|move|p2a: Tornadus|Knock Off|p1a: Ninetales
|-resisted|p1a: Ninetales
|-damage|p1a: Ninetales|88/100
|-enditem|p1a: Ninetales|Light Clay|[from] move: Knock Off|[of] p2a: Tornadus
|move|p1a: Ninetales|Aurora Veil|p1a: Ninetales
|-sidestart|p1: Chikami|move: Aurora Veil
|
|-weather|Hail|[upkeep]
|-damage|p2a: Tornadus|94/100|[from] Hail
|-end|p2a: Tornadus|move: Taunt
|upkeep
|turn|6
|
|t:|1636849802
|move|p2a: Tornadus|Defog|p1a: Ninetales
|-unboost|p1a: Ninetales|evasion|1
|-sideend|p1: Chikami|move: Aurora Veil
|-sideend|p2: LT82ZW Guatemala|Stealth Rock|[from] move: Defog|[of] p2a: Tornadus
|move|p1a: Ninetales|Freeze-Dry|p2a: Tornadus
|-supereffective|p2a: Tornadus
|-damage|p2a: Tornadus|56/100
|
|-weather|Hail|[upkeep]
|-damage|p2a: Tornadus|50/100|[from] Hail
|upkeep
|turn|7
|
|t:|1636849808
|move|p2a: Tornadus|Hurricane|p1a: Ninetales
|-damage|p1a: Ninetales|50/100
|move|p1a: Ninetales|Aurora Veil|p1a: Ninetales
|-sidestart|p1: Chikami|move: Aurora Veil
|
|-weather|Hail|[upkeep]
|-damage|p2a: Tornadus|43/100|[from] Hail
|upkeep
|turn|8
|
|t:|1636849812
|move|p2a: Tornadus|U-turn|p1a: Ninetales
|-resisted|p1a: Ninetales
|-damage|p1a: Ninetales|46/100
|
|t:|1636849819
|switch|p2a: Heatran|Heatran, M|100/100|[from]move: U-turn
|move|p1a: Ninetales|Freeze-Dry|p2a: Heatran
|-resisted|p2a: Heatran
|-damage|p2a: Heatran|95/100
|-status|p2a: Heatran|frz
|
|-weather|Hail|[upkeep]
|-damage|p2a: Heatran|89/100 frz|[from] Hail
|upkeep
|turn|9
|
|t:|1636849825
|switch|p1a: Garchomp|Garchomp, M|100/100
|cant|p2a: Heatran|frz
|
|-weather|none
|upkeep
|turn|10
|j| ytgrfedws
|j| Lifeismyth
|
|t:|1636849835
|switch|p2a: Tapu Bulu|Tapu Bulu|100/100
|-fieldstart|move: Grassy Terrain|[from] ability: Grassy Surge|[of] p2a: Tapu Bulu
|move|p1a: Garchomp|Swords Dance|p1a: Garchomp
|-boost|p1a: Garchomp|atk|2
|
|upkeep
|turn|11
|l| Lifeismyth
|
|t:|1636849845
|move|p1a: Garchomp|Fire Fang|p2a: Tapu Bulu
|-supereffective|p2a: Tapu Bulu
|-damage|p2a: Tapu Bulu|32/100
|-damage|p1a: Garchomp|84/100|[from] item: Rocky Helmet|[of] p2a: Tapu Bulu
|cant|p2a: Tapu Bulu|flinch
|
|-heal|p1a: Garchomp|90/100|[from] Grassy Terrain
|-heal|p1a: Garchomp|96/100|[from] item: Leftovers
|-heal|p2a: Tapu Bulu|38/100|[from] Grassy Terrain
|-sideend|p1: Chikami|move: Aurora Veil
|upkeep
|turn|12
|
|t:|1636849857
|switch|p2a: Heatran|Heatran, M|89/100 frz
|move|p1a: Garchomp|Fire Fang|p2a: Heatran
|-start|p2a: Heatran|ability: Flash Fire
|
|-heal|p1a: Garchomp|100/100|[from] Grassy Terrain
|-heal|p2a: Heatran|95/100 frz|[from] Grassy Terrain
|upkeep
|turn|13
|j| voulez veux
|
|t:|1636849862
|-end|p2a: Heatran|ability: Flash Fire|[silent]
|switch|p2a: Tapu Bulu|Tapu Bulu|38/100
|move|p1a: Garchomp|Earthquake|p2a: Tapu Bulu
|-resisted|p2a: Tapu Bulu
|-damage|p2a: Tapu Bulu|19/100
|
|-heal|p2a: Tapu Bulu|25/100|[from] Grassy Terrain
|upkeep
|turn|14
|
|t:|1636849866
|move|p1a: Garchomp|Fire Fang|p2a: Tapu Bulu|[miss]
|-miss|p1a: Garchomp|p2a: Tapu Bulu
|move|p2a: Tapu Bulu|Horn Leech|p1a: Garchomp
|-damage|p1a: Garchomp|56/100
|-heal|p2a: Tapu Bulu|48/100|[from] drain|[of] p1a: Garchomp
|-damage|p2a: Tapu Bulu|36/100|[from] ability: Rough Skin|[of] p1a: Garchomp
|
|-heal|p1a: Garchomp|62/100|[from] Grassy Terrain
|-heal|p1a: Garchomp|68/100|[from] item: Leftovers
|-heal|p2a: Tapu Bulu|42/100|[from] Grassy Terrain
|-fieldend|move: Grassy Terrain
|upkeep
|turn|15
|
|t:|1636849881
|move|p1a: Garchomp|Fire Fang|p2a: Tapu Bulu
|-supereffective|p2a: Tapu Bulu
|-damage|p2a: Tapu Bulu|0 fnt
|-damage|p1a: Garchomp|51/100|[from] item: Rocky Helmet|[of] p2a: Tapu Bulu
|faint|p2a: Tapu Bulu
|
|-heal|p1a: Garchomp|58/100|[from] item: Leftovers
|upkeep
|
|t:|1636849884
|switch|p2a: Dragapult|Dragapult, M|100/100
|turn|16
|
|t:|1636849893
|switch|p1a: Ninetales|Ninetales-Alola, M|46/100
|-weather|Hail|[from] ability: Snow Warning|[of] p1a: Ninetales
|move|p2a: Dragapult|Shadow Ball|p1a: Ninetales
|-damage|p1a: Ninetales|0 fnt
|faint|p1a: Ninetales
|
|-weather|Hail|[upkeep]
|-damage|p2a: Dragapult|95/100|[from] Hail
|upkeep
|
|t:|1636849905
|switch|p1a: Bisharp|Bisharp, F|100/100
|turn|17
|
|t:|1636849919
|switch|p2a: Heatran|Heatran, M|95/100 frz
|move|p1a: Bisharp|Knock Off|p2a: Heatran
|-damage|p2a: Heatran|34/100 frz
|-enditem|p2a: Heatran|Choice Specs|[from] move: Knock Off|[of] p1a: Bisharp
|
|-weather|Hail|[upkeep]
|-damage|p2a: Heatran|27/100 frz|[from] Hail
|-damage|p1a: Bisharp|95/100|[from] Hail
|upkeep
|turn|18
|
|t:|1636849923
|cant|p2a: Heatran|frz
|move|p1a: Bisharp|Knock Off|p2a: Heatran
|-damage|p2a: Heatran|0 fnt
|faint|p2a: Heatran
|
|-weather|Hail|[upkeep]
|-damage|p1a: Bisharp|89/100|[from] Hail
|upkeep
|
|t:|1636849925
|switch|p2a: Steelix|Steelix, M|100/100
|turn|19
|
|t:|1636849951
|switch|p1a: Kartana|Kartana|100/100
|move|p2a: Steelix|Iron Defense|p2a: Steelix
|-boost|p2a: Steelix|def|2
|
|-weather|Hail|[upkeep]
|-damage|p1a: Kartana|94/100|[from] Hail
|-damage|p2a: Steelix|94/100|[from] Hail
|-heal|p2a: Steelix|100/100|[from] item: Leftovers
|upkeep
|turn|20
|
|t:|1636849957
|move|p1a: Kartana|Sacred Sword|p2a: Steelix
|-supereffective|p2a: Steelix
|-damage|p2a: Steelix|45/100
|-damage|p1a: Kartana|85/100|[from] item: Life Orb
|move|p2a: Steelix|Body Press|p1a: Kartana
|-supereffective|p1a: Kartana
|-damage|p1a: Kartana|0 fnt
|faint|p1a: Kartana
|
|-weather|none
|-heal|p2a: Steelix|51/100|[from] item: Leftovers
|upkeep
|
|t:|1636849968
|switch|p1a: Garchomp|Garchomp, M|58/100
|turn|21
|
|t:|1636849975
|move|p1a: Garchomp|Earthquake|p2a: Steelix
|-supereffective|p2a: Steelix
|-damage|p2a: Steelix|24/100
|move|p2a: Steelix|Body Press|p1a: Garchomp
|-damage|p1a: Garchomp|0 fnt
|-damage|p2a: Steelix|12/100|[from] ability: Rough Skin|[of] p1a: Garchomp
|faint|p1a: Garchomp
|
|-heal|p2a: Steelix|18/100|[from] item: Leftovers
|upkeep
|j| hilarious ㋛
|
|t:|1636849986
|switch|p1a: Zapdos|Zapdos-Galar|100/100
|turn|22
|
|t:|1636849994
|move|p1a: Zapdos|Close Combat|p2a: Steelix
|-supereffective|p2a: Steelix
|-damage|p2a: Steelix|0 fnt
|-unboost|p1a: Zapdos|def|1
|-unboost|p1a: Zapdos|spd|1
|faint|p2a: Steelix
|
|upkeep
|
|t:|1636849996
|switch|p2a: Dragapult|Dragapult, M|95/100
|turn|23
|j| Lifeismyth
|
|t:|1636850003
|switch|p1a: Bisharp|Bisharp, F|89/100
|move|p2a: Dragapult|Flamethrower|p1a: Bisharp
|-supereffective|p1a: Bisharp
|-damage|p1a: Bisharp|0 fnt
|faint|p1a: Bisharp
|
|upkeep
|
|t:|1636850008
|switch|p1a: Zapdos|Zapdos-Galar|100/100
|turn|24
|l| Lifeismyth
|
|t:|1636850012
|move|p1a: Zapdos|Brave Bird|p2a: Dragapult
|-damage|p2a: Dragapult|8/100
|-damage|p1a: Zapdos|72/100|[from] Recoil
|move|p2a: Dragapult|Flamethrower|p1a: Zapdos
|-damage|p1a: Zapdos|30/100
|
|upkeep
|turn|25
|
|t:|1636850016
|move|p1a: Zapdos|Brave Bird|p2a: Dragapult
|-damage|p2a: Dragapult|0 fnt
|faint|p2a: Dragapult
|-damage|p1a: Zapdos|27/100|[from] Recoil
|
|upkeep
|
|t:|1636850017
|switch|p2a: Weavile|Weavile, F|100/100
|-ability|p2a: Weavile|Pressure
|turn|26
|-message|Chikami forfeited.
|
|win|LT82ZW Guatemala
|raw|Chikami's rating: 1829 &rarr; <strong>1814</strong><br />(-15 for losing)
|raw|LT82ZW Guatemala's rating: 1914 &rarr; <strong>1929</strong><br />(+15 for winning)
|l|☆Chikami
