|j|☆Malk Tyme
|j|☆legitteambuilder
|t:|1667053678
|gametype|singles
|player|p1|Malk Tyme|169|1586
|player|p2|legitteambuilder|koga|1616
|teamsize|p1|6
|teamsize|p2|6
|gen|8
|tier|[Gen 8] OU
|rated|
|rule|Sleep Clause Mod: Limit one foe put to sleep
|rule|Species Clause: Limit one of each Pokémon
|rule|OHKO Clause: OHKO moves are banned
|rule|Evasion Items Clause: Evasion items are banned
|rule|Evasion Moves Clause: Evasion moves are banned
|rule|Endless Battle Clause: Forcing endless battles is banned
|rule|HP Percentage Mod: HP is shown in percentages
|rule|Dynamax Clause: You cannot dynamax
|clearpoke
|poke|p1|Melmetal|
|poke|p1|Victini|
|poke|p1|Mew|
|poke|p1|Dragonite, M|
|poke|p1|Zeraora|
|poke|p1|Jirachi|
|poke|p2|Ninetales-Alola, F|
|poke|p2|Landorus-Therian, M|
|poke|p2|Dragonite, M|
|poke|p2|Zeraora|
|poke|p2|Kartana|
|poke|p2|Volcarona, F|
|teampreview
|inactive|Battle timer is ON: inactive players will automatically lose when time's up. (requested by legitteambuilder)
|
|t:|1667053703
|start
|switch|p1a: Melmetal|Melmetal|100/100
|switch|p2a: SilverTheHedgehog|Zeraora, shiny|100/100
|turn|1
|
|t:|1667053716
|switch|p2a: Landorus|Landorus-Therian, M|100/100
|-ability|p2a: Landorus|Intimidate|boost
|-unboost|p1a: Melmetal|atk|1
|move|p1a: Melmetal|Double Iron Bash|p2a: Landorus
|-damage|p2a: Landorus|51/100
|-damage|p2a: Landorus|3/100
|-hitcount|p2a: Landorus|2
|
|upkeep
|turn|2
|
|t:|1667053729
|switch|p1a: Dragonite|Dragonite, M|100/100
|move|p2a: Landorus|Stealth Rock|p1a: Dragonite
|-sidestart|p1: Malk Tyme|move: Stealth Rock
|
|upkeep
|turn|3
|
|t:|1667053733
|move|p2a: Landorus|Explosion|p1a: Dragonite
|-damage|p1a: Dragonite|58/100
|faint|p2a: Landorus
|move|p1a: Dragonite|Roost|p1a: Dragonite
|-heal|p1a: Dragonite|100/100
|-singleturn|p1a: Dragonite|move: Roost
|
|upkeep
|
|t:|1667053738
|switch|p2a: Yamato|Ninetales-Alola, F, shiny|100/100
|-weather|Hail|[from] ability: Snow Warning|[of] p2a: Yamato
|turn|4
|
|t:|1667053744
|move|p2a: Yamato|Aurora Veil|p2a: Yamato
|-sidestart|p2: legitteambuilder|move: Aurora Veil
|move|p1a: Dragonite|Defog|p2a: Yamato
|-unboost|p2a: Yamato|evasion|1
|-sideend|p2: legitteambuilder|move: Aurora Veil
|-sideend|p1: Malk Tyme|Stealth Rock|[from] move: Defog|[of] p1a: Dragonite
|
|-weather|Hail|[upkeep]
|-damage|p1a: Dragonite|94/100|[from] Hail
|upkeep
|turn|5
|
|t:|1667053747
|switch|p1a: Victini|Victini|100/100
|move|p2a: Yamato|Aurora Veil|p2a: Yamato
|-sidestart|p2: legitteambuilder|move: Aurora Veil
|
|-weather|Hail|[upkeep]
|-damage|p1a: Victini|94/100|[from] Hail
|upkeep
|turn|6
|
|t:|1667053756
|move|p2a: Yamato|Safeguard|p2a: Yamato
|-sidestart|p2: legitteambuilder|Safeguard
|move|p1a: Victini|Trick Room|p1a: Victini
|-fieldstart|move: Trick Room|[of] p1a: Victini
|
|-weather|Hail|[upkeep]
|-damage|p1a: Victini|88/100|[from] Hail
|upkeep
|turn|7
|
|t:|1667053760
|switch|p1a: Melmetal|Melmetal|100/100
|switch|p2a: Pimpinite|Dragonite, M, shiny|100/100
|
|-weather|Hail|[upkeep]
|-damage|p1a: Melmetal|94/100|[from] Hail
|-damage|p2a: Pimpinite|94/100|[from] Hail
|upkeep
|turn|8
|
|t:|1667053763
|move|p1a: Melmetal|Rock Slide|p2a: Pimpinite
|-supereffective|p2a: Pimpinite
|-damage|p2a: Pimpinite|40/100
|cant|p2a: Pimpinite|flinch
|
|-weather|none
|upkeep
|turn|9
|
|t:|1667053773
|switch|p1a: Victini|Victini|88/100
|switch|p2a: QDpie|Volcarona, F, shiny|100/100
|
|upkeep
|turn|10
|
|t:|1667053785
|move|p2a: QDpie|Quiver Dance|p2a: QDpie
|-boost|p2a: QDpie|spa|1
|-boost|p2a: QDpie|spd|1
|-boost|p2a: QDpie|spe|1
|move|p1a: Victini|Zen Headbutt|p2a: QDpie
|-crit|p2a: QDpie
|-damage|p2a: QDpie|50/100
|
|-sideend|p2: legitteambuilder|Safeguard
|-fieldend|move: Trick Room
|upkeep
|turn|11
|
|t:|1667053792
|move|p2a: QDpie|Roost|p2a: QDpie
|-heal|p2a: QDpie|99/100
|-singleturn|p2a: QDpie|move: Roost
|move|p1a: Victini|Trick Room|p1a: Victini
|-fieldstart|move: Trick Room|[of] p1a: Victini
|
|upkeep
|turn|12
|
|t:|1667053798
|switch|p1a: Melmetal|Melmetal|94/100
|move|p2a: QDpie|Flamethrower|p1a: Melmetal
|-supereffective|p1a: Melmetal
|-damage|p1a: Melmetal|0 fnt
|faint|p1a: Melmetal
|
|-sideend|p2: legitteambuilder|move: Aurora Veil
|upkeep
|
|t:|1667053804
|switch|p1a: Victini|Victini|88/100
|turn|13
|
|t:|1667053808
|move|p1a: Victini|V-create|p2a: QDpie
|-damage|p2a: QDpie|28/100
|-unboost|p1a: Victini|spe|1
|-unboost|p1a: Victini|def|1
|-unboost|p1a: Victini|spd|1
|move|p2a: QDpie|Roost|p2a: QDpie
|-heal|p2a: QDpie|78/100
|-singleturn|p2a: QDpie|move: Roost
|
|upkeep
|turn|14
|
|t:|1667053825
|switch|p2a: SilverTheHedgehog|Zeraora, shiny|100/100
|move|p1a: Victini|Encore||[still]
|-fail|p1a: Victini
|
|upkeep
|turn|15
|
|t:|1667053832
|move|p1a: Victini|V-create|p2a: SilverTheHedgehog
|-damage|p2a: SilverTheHedgehog|0 fnt
|-unboost|p1a: Victini|spe|1
|-unboost|p1a: Victini|def|1
|-unboost|p1a: Victini|spd|1
|faint|p2a: SilverTheHedgehog
|
|-fieldend|move: Trick Room
|upkeep
|
|t:|1667053835
|switch|p2a: Yamato|Ninetales-Alola, F, shiny|100/100
|-weather|Hail|[from] ability: Snow Warning|[of] p2a: Yamato
|turn|16
|
|t:|1667053841
|move|p2a: Yamato|Aurora Veil|p2a: Yamato
|-sidestart|p2: legitteambuilder|move: Aurora Veil
|move|p1a: Victini|Trick Room|p1a: Victini
|-fieldstart|move: Trick Room|[of] p1a: Victini
|
|-weather|Hail|[upkeep]
|-damage|p1a: Victini|82/100|[from] Hail
|upkeep
|turn|17
|
|t:|1667053858
|move|p1a: Victini|V-create|p2a: Yamato
|-supereffective|p2a: Yamato
|-damage|p2a: Yamato|0 fnt
|-unboost|p1a: Victini|spe|1
|-unboost|p1a: Victini|def|1
|-unboost|p1a: Victini|spd|1
|faint|p2a: Yamato
|
|-weather|Hail|[upkeep]
|-damage|p1a: Victini|76/100|[from] Hail
|upkeep
|
|t:|1667053861
|switch|p2a: Pimpinite|Dragonite, M, shiny|40/100
|turn|18
|
|t:|1667053868
|switch|p1a: Dragonite|Dragonite, M|94/100
|move|p2a: Pimpinite|Roost|p2a: Pimpinite
|-heal|p2a: Pimpinite|90/100
|-singleturn|p2a: Pimpinite|move: Roost
|
|-weather|Hail|[upkeep]
|-damage|p1a: Dragonite|88/100|[from] Hail
|-damage|p2a: Pimpinite|84/100|[from] Hail
|upkeep
|turn|19
|
|t:|1667053872
|move|p1a: Dragonite|Thunder Wave|p2a: Pimpinite
|-status|p2a: Pimpinite|par
|cant|p2a: Pimpinite|par
|
|-weather|Hail|[upkeep]
|-damage|p2a: Pimpinite|78/100 par|[from] Hail
|-damage|p1a: Dragonite|82/100|[from] Hail
|upkeep
|turn|20
|-message|legitteambuilder forfeited.
|
|win|Malk Tyme
|raw|Malk Tyme's rating: 1586 &rarr; <strong>1608</strong><br />(+22 for winning)
|raw|legitteambuilder's rating: 1616 &rarr; <strong>1594</strong><br />(-22 for losing)
|l|☆legitteambuilder
