|j|☆Kikoobuster
|j|☆homerac
|t:|1661604323
|gametype|singles
|player|p1|Kikoobuster|170|1305
|player|p2|homerac|102|1255
|teamsize|p1|6
|teamsize|p2|6
|gen|8
|tier|[Gen 8] OU
|rated|
|rule|Sleep Clause Mod: Limit one foe put to sleep
|rule|Species Clause: Limit one of each Pokémon
|rule|OHKO Clause: OHKO moves are banned
|rule|Evasion Items Clause: Evasion items are banned
|rule|Evasion Moves Clause: Evasion moves are banned
|rule|Endless Battle Clause: Forcing endless battles is banned
|rule|HP Percentage Mod: HP is shown in percentages
|rule|Dynamax Clause: You cannot dynamax
|clearpoke
|poke|p1|Ninetales-Alola, M|
|poke|p1|Thundurus-Therian, M|
|poke|p1|Toxicroak, M|
|poke|p1|Mandibuzz, F|
|poke|p1|Slowking, F|
|poke|p1|Cobalion|
|poke|p2|Hippowdon, M|
|poke|p2|Excadrill, F|
|poke|p2|Dracozolt|
|poke|p2|Corviknight, F|
|poke|p2|Nidoking, M|
|poke|p2|Weezing, F|
|teampreview
|inactive|Battle timer is ON: inactive players will automatically lose when time's up. (requested by Kikoobuster)
|
|t:|1661604333
|start
|switch|p1a: Ninetales|Ninetales-Alola, M|100/100
|switch|p2a: Excadrill|Excadrill, F|100/100
|-weather|Hail|[from] ability: Snow Warning|[of] p1a: Ninetales
|turn|1
|
|t:|1661604339
|switch|p1a: Mandibuzz|Mandibuzz, F|100/100
|move|p2a: Excadrill|Iron Head|p1a: Mandibuzz
|-damage|p1a: Mandibuzz|70/100
|
|-weather|Hail|[upkeep]
|-damage|p2a: Excadrill|94/100|[from] Hail
|upkeep
|turn|2
|
|t:|1661604348
|switch|p2a: Corviknight|Corviknight, F|100/100
|-ability|p2a: Corviknight|Pressure
|move|p1a: Mandibuzz|Roost|p1a: Mandibuzz
|-heal|p1a: Mandibuzz|100/100
|-singleturn|p1a: Mandibuzz|move: Roost
|
|-weather|Hail|[upkeep]
|-damage|p2a: Corviknight|94/100|[from] Hail
|-heal|p2a: Corviknight|100/100|[from] item: Leftovers
|upkeep
|turn|3
|
|t:|1661604359
|move|p1a: Mandibuzz|U-turn|p2a: Corviknight
|-resisted|p2a: Corviknight
|-damage|p2a: Corviknight|99/100
|
|t:|1661604363
|switch|p1a: Thundurus|Thundurus-Therian, M|100/100|[from]move: U-turn
|move|p2a: Corviknight|U-turn|p1a: Thundurus
|-resisted|p1a: Thundurus
|-damage|p1a: Thundurus|90/100
|
|t:|1661604373
|switch|p2a: Nidoking|Nidoking, M|100/100|[from]move: U-turn
|
|-weather|Hail|[upkeep]
|-damage|p1a: Thundurus|84/100|[from] Hail
|-damage|p2a: Nidoking|94/100|[from] Hail
|upkeep
|turn|4
|
|t:|1661604383
|move|p1a: Thundurus|Weather Ball|p2a: Nidoking
|-supereffective|p2a: Nidoking
|-damage|p2a: Nidoking|0 fnt
|faint|p2a: Nidoking
|
|-weather|Hail|[upkeep]
|-damage|p1a: Thundurus|78/100|[from] Hail
|upkeep
|
|t:|1661604392
|switch|p2a: Hippowdon|Hippowdon, M|100/100
|-weather|Sandstorm|[from] ability: Sand Stream|[of] p2a: Hippowdon
|turn|5
|
|t:|1661604399
|switch|p1a: Ninetales|Ninetales-Alola, M|100/100
|-weather|Hail|[from] ability: Snow Warning|[of] p1a: Ninetales
|switch|p2a: Dracozolt|Dracozolt|100/100
|
|-weather|Hail|[upkeep]
|-damage|p2a: Dracozolt|94/100|[from] Hail
|upkeep
|turn|6
|
|t:|1661604409
|switch|p2a: Excadrill|Excadrill, F|94/100
|move|p1a: Ninetales|Aurora Veil|p1a: Ninetales
|-sidestart|p1: Kikoobuster|move: Aurora Veil
|
|-weather|Hail|[upkeep]
|-damage|p2a: Excadrill|88/100|[from] Hail
|upkeep
|turn|7
|
|t:|1661604416
|switch|p1a: Slowking|Slowking, F|100/100
|switch|p2a: Hippowdon|Hippowdon, M|100/100
|-weather|Sandstorm|[from] ability: Sand Stream|[of] p2a: Hippowdon
|
|-weather|Sandstorm|[upkeep]
|-damage|p1a: Slowking|94/100|[from] Sandstorm
|upkeep
|turn|8
|
|t:|1661604425
|move|p2a: Hippowdon|Toxic|p1a: Slowking|[miss]
|-miss|p2a: Hippowdon|p1a: Slowking
|move|p1a: Slowking|Future Sight|p2a: Hippowdon
|-start|p1a: Slowking|move: Future Sight
|
|-weather|Sandstorm|[upkeep]
|-damage|p1a: Slowking|88/100|[from] Sandstorm
|upkeep
|turn|9
|
|t:|1661604431
|move|p2a: Hippowdon|Stealth Rock|p1a: Slowking
|-sidestart|p1: Kikoobuster|move: Stealth Rock
|move|p1a: Slowking|Scald|p2a: Hippowdon
|-supereffective|p2a: Hippowdon
|-damage|p2a: Hippowdon|44/100
|
|-weather|Sandstorm|[upkeep]
|-damage|p1a: Slowking|82/100|[from] Sandstorm
|upkeep
|turn|10
|
|t:|1661604438
|switch|p2a: Corviknight|Corviknight, F|99/100
|-ability|p2a: Corviknight|Pressure
|move|p1a: Slowking|Scald|p2a: Corviknight
|-damage|p2a: Corviknight|70/100
|
|-weather|Sandstorm|[upkeep]
|-damage|p1a: Slowking|76/100|[from] Sandstorm
|-end|p2a: Corviknight|move: Future Sight
|-resisted|p2a: Corviknight
|-damage|p2a: Corviknight|51/100
|-heal|p2a: Corviknight|57/100|[from] item: Leftovers
|-sideend|p1: Kikoobuster|move: Aurora Veil
|upkeep
|turn|11
|
|t:|1661604450
|move|p2a: Corviknight|Roost|p2a: Corviknight
|-heal|p2a: Corviknight|100/100
|-singleturn|p2a: Corviknight|move: Roost
|move|p1a: Slowking|Future Sight|p2a: Corviknight
|-start|p1a: Slowking|move: Future Sight
|
|-weather|Sandstorm|[upkeep]
|-damage|p1a: Slowking|70/100|[from] Sandstorm
|upkeep
|turn|12
|
|t:|1661604459
|move|p2a: Corviknight|U-turn|p1a: Slowking
|-supereffective|p1a: Slowking
|-damage|p1a: Slowking|42/100
|-damage|p2a: Corviknight|84/100|[from] item: Rocky Helmet|[of] p1a: Slowking
|
|t:|1661604464
|switch|p2a: Dracozolt|Dracozolt|94/100|[from]move: U-turn
|move|p1a: Slowking|Teleport|p1a: Slowking
|
|t:|1661604467
|switch|p1a: Ninetales|Ninetales-Alola, M|100/100|[from]move: Teleport
|-damage|p1a: Ninetales|76/100|[from] Stealth Rock
|-weather|Hail|[from] ability: Snow Warning|[of] p1a: Ninetales
|
|-weather|Hail|[upkeep]
|-damage|p2a: Dracozolt|88/100|[from] Hail
|upkeep
|turn|13
|
|t:|1661604475
|switch|p2a: Corviknight|Corviknight, F|84/100
|-ability|p2a: Corviknight|Pressure
|move|p1a: Ninetales|Moonblast|p2a: Corviknight
|-resisted|p2a: Corviknight
|-damage|p2a: Corviknight|70/100
|-unboost|p2a: Corviknight|spa|1
|
|-weather|Hail|[upkeep]
|-damage|p2a: Corviknight|64/100|[from] Hail
|-end|p2a: Corviknight|move: Future Sight
|-resisted|p2a: Corviknight
|-damage|p2a: Corviknight|44/100
|-heal|p2a: Corviknight|50/100|[from] item: Leftovers
|upkeep
|turn|14
|
|t:|1661604488
|switch|p1a: Thundurus|Thundurus-Therian, M|78/100
|move|p2a: Corviknight|Roost|p2a: Corviknight
|-heal|p2a: Corviknight|99/100
|-singleturn|p2a: Corviknight|move: Roost
|
|-weather|Hail|[upkeep]
|-damage|p1a: Thundurus|72/100|[from] Hail
|-damage|p2a: Corviknight|94/100|[from] Hail
|-heal|p2a: Corviknight|99/100|[from] item: Leftovers
|upkeep
|turn|15
|
|t:|1661604499
|switch|p2a: Weezing|Weezing, F|100/100
|move|p1a: Thundurus|Thunderbolt|p2a: Weezing
|-damage|p2a: Weezing|7/100
|
|-weather|Hail|[upkeep]
|-damage|p1a: Thundurus|66/100|[from] Hail
|-damage|p2a: Weezing|1/100|[from] Hail
|-heal|p2a: Weezing|7/100|[from] item: Black Sludge
|upkeep
|turn|16
|
|t:|1661604508
|move|p1a: Thundurus|Weather Ball|p2a: Weezing
|-crit|p2a: Weezing
|-damage|p2a: Weezing|0 fnt
|faint|p2a: Weezing
|
|-weather|Hail|[upkeep]
|-damage|p1a: Thundurus|60/100|[from] Hail
|upkeep
|
|t:|1661604520
|switch|p2a: Hippowdon|Hippowdon, M|44/100
|-weather|Sandstorm|[from] ability: Sand Stream|[of] p2a: Hippowdon
|turn|17
|
|t:|1661604526
|switch|p1a: Mandibuzz|Mandibuzz, F|100/100
|move|p2a: Hippowdon|Slack Off|p2a: Hippowdon
|-heal|p2a: Hippowdon|94/100
|
|-weather|Sandstorm|[upkeep]
|upkeep
|turn|18
|
|t:|1661604533
|move|p1a: Mandibuzz|Defog|p2a: Hippowdon
|-unboost|p2a: Hippowdon|evasion|1
|-sideend|p1: Kikoobuster|Stealth Rock|[from] move: Defog|[of] p1a: Mandibuzz
|move|p2a: Hippowdon|Toxic|p1a: Mandibuzz
|-status|p1a: Mandibuzz|tox
|
|-weather|Sandstorm|[upkeep]
|-damage|p1a: Mandibuzz|94/100 tox|[from] psn
|upkeep
|turn|19
|
|t:|1661604541
|move|p1a: Mandibuzz|U-turn|p2a: Hippowdon
|-damage|p2a: Hippowdon|88/100
|
|t:|1661604543
|switch|p1a: Ninetales|Ninetales-Alola, M|76/100|[from]move: U-turn
|-weather|Hail|[from] ability: Snow Warning|[of] p1a: Ninetales
|move|p2a: Hippowdon|Stealth Rock|p1a: Ninetales
|-sidestart|p1: Kikoobuster|move: Stealth Rock
|
|-weather|Hail|[upkeep]
|-damage|p2a: Hippowdon|82/100|[from] Hail
|upkeep
|turn|20
|
|t:|1661604552
|switch|p2a: Corviknight|Corviknight, F|99/100
|-ability|p2a: Corviknight|Pressure
|move|p1a: Ninetales|Hypnosis|p2a: Corviknight|[miss]
|-miss|p1a: Ninetales|p2a: Corviknight
|
|-weather|Hail|[upkeep]
|-damage|p2a: Corviknight|94/100|[from] Hail
|-heal|p2a: Corviknight|99/100|[from] item: Leftovers
|upkeep
|turn|21
|
|t:|1661604562
|move|p1a: Ninetales|Hypnosis|p2a: Corviknight|[miss]
|-miss|p1a: Ninetales|p2a: Corviknight
|move|p2a: Corviknight|U-turn|p1a: Ninetales
|-resisted|p1a: Ninetales
|-damage|p1a: Ninetales|66/100
|
|t:|1661604567
|switch|p2a: Hippowdon|Hippowdon, M|82/100|[from]move: U-turn
|-weather|Sandstorm|[from] ability: Sand Stream|[of] p2a: Hippowdon
|
|-weather|Sandstorm|[upkeep]
|-damage|p1a: Ninetales|60/100|[from] Sandstorm
|upkeep
|turn|22
|
|t:|1661604574
|switch|p2a: Corviknight|Corviknight, F|99/100
|-ability|p2a: Corviknight|Pressure
|move|p1a: Ninetales|Hypnosis|p2a: Corviknight
|-status|p2a: Corviknight|slp|[from] move: Hypnosis
|
|-weather|Sandstorm|[upkeep]
|-damage|p1a: Ninetales|54/100|[from] Sandstorm
|-heal|p2a: Corviknight|100/100 slp|[from] item: Leftovers
|upkeep
|turn|23
|
|t:|1661604587
|switch|p1a: Mandibuzz|Mandibuzz, F|94/100 tox
|cant|p2a: Corviknight|slp
|
|-weather|Sandstorm|[upkeep]
|-damage|p1a: Mandibuzz|88/100 tox|[from] psn
|upkeep
|turn|24
|inactive|homerac has 120 seconds left.
|
|t:|1661604636
|switch|p2a: Dracozolt|Dracozolt|88/100
|move|p1a: Mandibuzz|Defog|p2a: Dracozolt
|-unboost|p2a: Dracozolt|evasion|1
|-sideend|p1: Kikoobuster|Stealth Rock|[from] move: Defog|[of] p1a: Mandibuzz
|
|-weather|Sandstorm|[upkeep]
|-damage|p1a: Mandibuzz|76/100 tox|[from] psn
|upkeep
|turn|25
|
|t:|1661604656
|switch|p1a: Thundurus|Thundurus-Therian, M|60/100
|move|p2a: Dracozolt|Dragon Claw|p1a: Thundurus
|-damage|p1a: Thundurus|6/100
|
|-weather|Sandstorm|[upkeep]
|-damage|p1a: Thundurus|0 fnt|[from] Sandstorm
|faint|p1a: Thundurus
|upkeep
|
|t:|1661604663
|switch|p1a: Ninetales|Ninetales-Alola, M|54/100
|-weather|Hail|[from] ability: Snow Warning|[of] p1a: Ninetales
|turn|26
|
|t:|1661604667
|switch|p2a: Corviknight|Corviknight, F|100/100 slp
|-ability|p2a: Corviknight|Pressure
|move|p1a: Ninetales|Aurora Veil|p1a: Ninetales
|-sidestart|p1: Kikoobuster|move: Aurora Veil
|
|-weather|Hail|[upkeep]
|-damage|p2a: Corviknight|94/100 slp|[from] Hail
|-heal|p2a: Corviknight|100/100 slp|[from] item: Leftovers
|upkeep
|turn|27
|
|t:|1661604676
|switch|p1a: Toxicroak|Toxicroak, M|100/100
|-item|p1a: Toxicroak|Air Balloon
|cant|p2a: Corviknight|slp
|
|-weather|Hail|[upkeep]
|-damage|p1a: Toxicroak|94/100|[from] Hail
|-damage|p2a: Corviknight|94/100 slp|[from] Hail
|-heal|p2a: Corviknight|100/100 slp|[from] item: Leftovers
|upkeep
|turn|28
|
|t:|1661604685
|move|p1a: Toxicroak|Swords Dance|p1a: Toxicroak
|-boost|p1a: Toxicroak|atk|2
|-curestatus|p2a: Corviknight|slp|[msg]
|move|p2a: Corviknight|U-turn|p1a: Toxicroak
|-resisted|p1a: Toxicroak
|-damage|p1a: Toxicroak|92/100
|-enditem|p1a: Toxicroak|Air Balloon
|
|t:|1661604693
|switch|p2a: Hippowdon|Hippowdon, M|82/100|[from]move: U-turn
|-weather|Sandstorm|[from] ability: Sand Stream|[of] p2a: Hippowdon
|
|-weather|Sandstorm|[upkeep]
|-damage|p1a: Toxicroak|86/100|[from] Sandstorm
|upkeep
|turn|29
|
|t:|1661604700
|switch|p2a: Corviknight|Corviknight, F|100/100
|-ability|p2a: Corviknight|Pressure
|move|p1a: Toxicroak|Knock Off|p2a: Corviknight
|-crit|p2a: Corviknight
|-damage|p2a: Corviknight|50/100
|-enditem|p2a: Corviknight|Leftovers|[from] move: Knock Off|[of] p1a: Toxicroak
|
|-weather|Sandstorm|[upkeep]
|-damage|p1a: Toxicroak|79/100|[from] Sandstorm
|upkeep
|turn|30
|
|t:|1661604710
|move|p1a: Toxicroak|Drain Punch|p2a: Corviknight
|-damage|p2a: Corviknight|11/100
|-heal|p1a: Toxicroak|100/100|[from] drain|[of] p2a: Corviknight
|move|p2a: Corviknight|Roost|p2a: Corviknight
|-heal|p2a: Corviknight|61/100
|-singleturn|p2a: Corviknight|move: Roost
|
|-weather|Sandstorm|[upkeep]
|-damage|p1a: Toxicroak|94/100|[from] Sandstorm
|-sideend|p1: Kikoobuster|move: Aurora Veil
|upkeep
|turn|31
|
|t:|1661604720
|move|p1a: Toxicroak|Swords Dance|p1a: Toxicroak
|-boost|p1a: Toxicroak|atk|2
|move|p2a: Corviknight|Roost|p2a: Corviknight
|-heal|p2a: Corviknight|100/100
|-singleturn|p2a: Corviknight|move: Roost
|
|-weather|Sandstorm|[upkeep]
|-damage|p1a: Toxicroak|88/100|[from] Sandstorm
|upkeep
|turn|32
|
|t:|1661604728
|move|p1a: Toxicroak|Drain Punch|p2a: Corviknight
|-damage|p2a: Corviknight|43/100
|-heal|p1a: Toxicroak|100/100|[from] drain|[of] p2a: Corviknight
|move|p2a: Corviknight|U-turn|p1a: Toxicroak
|-resisted|p1a: Toxicroak
|-damage|p1a: Toxicroak|95/100
|
|t:|1661604735
|switch|p2a: Excadrill|Excadrill, F|88/100|[from]move: U-turn
|
|-weather|Sandstorm|[upkeep]
|-damage|p1a: Toxicroak|89/100|[from] Sandstorm
|upkeep
|turn|33
|
|t:|1661604742
|switch|p2a: Corviknight|Corviknight, F|43/100
|-ability|p2a: Corviknight|Pressure
|switch|p1a: Mandibuzz|Mandibuzz, F|76/100 tox
|
|-weather|Sandstorm|[upkeep]
|-damage|p1a: Mandibuzz|70/100 tox|[from] psn
|upkeep
|turn|34
|
|t:|1661604750
|move|p1a: Mandibuzz|U-turn|p2a: Corviknight
|-resisted|p2a: Corviknight
|-damage|p2a: Corviknight|41/100
|
|t:|1661604753
|switch|p1a: Ninetales|Ninetales-Alola, M|54/100|[from]move: U-turn
|-weather|Hail|[from] ability: Snow Warning|[of] p1a: Ninetales
|move|p2a: Corviknight|Roost|p2a: Corviknight
|-heal|p2a: Corviknight|91/100
|-singleturn|p2a: Corviknight|move: Roost
|
|-weather|Hail|[upkeep]
|-damage|p2a: Corviknight|85/100|[from] Hail
|upkeep
|turn|35
|
|t:|1661604763
|move|p1a: Ninetales|Aurora Veil|p1a: Ninetales
|-sidestart|p1: Kikoobuster|move: Aurora Veil
|move|p2a: Corviknight|U-turn|p1a: Ninetales
|-resisted|p1a: Ninetales
|-damage|p1a: Ninetales|50/100
|
|t:|1661604768
|switch|p2a: Hippowdon|Hippowdon, M|82/100|[from]move: U-turn
|-weather|Sandstorm|[from] ability: Sand Stream|[of] p2a: Hippowdon
|
|-weather|Sandstorm|[upkeep]
|-damage|p1a: Ninetales|44/100|[from] Sandstorm
|upkeep
|turn|36
|
|t:|1661604775
|switch|p2a: Corviknight|Corviknight, F|85/100
|-ability|p2a: Corviknight|Pressure
|move|p1a: Ninetales|Hypnosis|p2a: Corviknight|[miss]
|-miss|p1a: Ninetales|p2a: Corviknight
|
|-weather|Sandstorm|[upkeep]
|-damage|p1a: Ninetales|38/100|[from] Sandstorm
|upkeep
|turn|37
|
|t:|1661604783
|move|p1a: Ninetales|Hypnosis|p2a: Corviknight
|-status|p2a: Corviknight|slp|[from] move: Hypnosis
|cant|p2a: Corviknight|slp
|
|-weather|Sandstorm|[upkeep]
|-damage|p1a: Ninetales|32/100|[from] Sandstorm
|upkeep
|turn|38
|
|t:|1661604791
|switch|p1a: Slowking|Slowking, F|75/100
|cant|p2a: Corviknight|slp
|
|-weather|Sandstorm|[upkeep]
|-damage|p1a: Slowking|69/100|[from] Sandstorm
|upkeep
|turn|39
|
|t:|1661604799
|cant|p2a: Corviknight|slp
|move|p1a: Slowking|Future Sight|p2a: Corviknight
|-start|p1a: Slowking|move: Future Sight
|
|-weather|Sandstorm|[upkeep]
|-damage|p1a: Slowking|63/100|[from] Sandstorm
|-sideend|p1: Kikoobuster|move: Aurora Veil
|upkeep
|turn|40
|
|t:|1661604806
|-curestatus|p2a: Corviknight|slp|[msg]
|move|p2a: Corviknight|Roost|p2a: Corviknight
|-heal|p2a: Corviknight|100/100
|-singleturn|p2a: Corviknight|move: Roost
|move|p1a: Slowking|Scald|p2a: Corviknight
|-damage|p2a: Corviknight|75/100
|
|-weather|Sandstorm|[upkeep]
|-damage|p1a: Slowking|57/100|[from] Sandstorm
|upkeep
|turn|41
|
|t:|1661604816
|move|p2a: Corviknight|Roost|p2a: Corviknight
|-heal|p2a: Corviknight|100/100
|-singleturn|p2a: Corviknight|move: Roost
|move|p1a: Slowking|Slack Off|p1a: Slowking
|-heal|p1a: Slowking|100/100
|
|-weather|Sandstorm|[upkeep]
|-damage|p1a: Slowking|94/100|[from] Sandstorm
|-end|p2a: Corviknight|move: Future Sight
|-resisted|p2a: Corviknight
|-crit|p2a: Corviknight
|-damage|p2a: Corviknight|70/100
|upkeep
|turn|42
|
|t:|1661604826
|move|p2a: Corviknight|U-turn|p1a: Slowking
|-supereffective|p1a: Slowking
|-crit|p1a: Slowking
|-damage|p1a: Slowking|46/100
|-damage|p2a: Corviknight|54/100|[from] item: Rocky Helmet|[of] p1a: Slowking
|
|t:|1661604838
|switch|p2a: Dracozolt|Dracozolt|88/100|[from]move: U-turn
|move|p1a: Slowking|Future Sight|p2a: Dracozolt
|-start|p1a: Slowking|move: Future Sight
|
|-weather|none
|upkeep
|turn|43
|
|t:|1661604851
|switch|p1a: Mandibuzz|Mandibuzz, F|70/100 tox
|move|p2a: Dracozolt|Bolt Beak|p1a: Mandibuzz
|-supereffective|p1a: Mandibuzz
|-damage|p1a: Mandibuzz|0 fnt
|faint|p1a: Mandibuzz
|
|upkeep
|
|t:|1661604856
|switch|p1a: Ninetales|Ninetales-Alola, M|32/100
|-weather|Hail|[from] ability: Snow Warning|[of] p1a: Ninetales
|turn|44
|
|t:|1661604861
|switch|p2a: Corviknight|Corviknight, F|54/100
|-ability|p2a: Corviknight|Pressure
|move|p1a: Ninetales|Hypnosis|p2a: Corviknight|[miss]
|-miss|p1a: Ninetales|p2a: Corviknight
|
|-weather|Hail|[upkeep]
|-damage|p2a: Corviknight|48/100|[from] Hail
|-end|p2a: Corviknight|move: Future Sight
|-resisted|p2a: Corviknight
|-crit|p2a: Corviknight
|-damage|p2a: Corviknight|16/100
|upkeep
|turn|45
|
|t:|1661604871
|move|p1a: Ninetales|Hypnosis|p2a: Corviknight
|-status|p2a: Corviknight|slp|[from] move: Hypnosis
|cant|p2a: Corviknight|slp
|
|-weather|Hail|[upkeep]
|-damage|p2a: Corviknight|10/100 slp|[from] Hail
|upkeep
|turn|46
|
|t:|1661604877
|move|p1a: Ninetales|Freeze-Dry|p2a: Corviknight
|-damage|p2a: Corviknight|0 fnt
|faint|p2a: Corviknight
|
|-weather|Hail|[upkeep]
|upkeep
|
|t:|1661604890
|switch|p2a: Excadrill|Excadrill, F|88/100
|turn|47
|
|t:|1661604908
|move|p1a: Ninetales|Aurora Veil|p1a: Ninetales
|-sidestart|p1: Kikoobuster|move: Aurora Veil
|move|p2a: Excadrill|Rapid Spin|p1a: Ninetales
|-damage|p1a: Ninetales|18/100
|-boost|p2a: Excadrill|spe|1
|
|-weather|Hail|[upkeep]
|-damage|p2a: Excadrill|82/100|[from] Hail
|upkeep
|turn|48
|
|t:|1661604917
|move|p2a: Excadrill|Earthquake|p1a: Ninetales
|-damage|p1a: Ninetales|0 fnt
|faint|p1a: Ninetales
|
|-weather|Hail|[upkeep]
|-damage|p2a: Excadrill|76/100|[from] Hail
|upkeep
|
|t:|1661604919
|switch|p1a: Slowking|Slowking, F|79/100
|turn|49
|
|t:|1661604927
|switch|p2a: Hippowdon|Hippowdon, M|82/100
|-weather|Sandstorm|[from] ability: Sand Stream|[of] p2a: Hippowdon
|move|p1a: Slowking|Scald|p2a: Hippowdon
|-supereffective|p2a: Hippowdon
|-damage|p2a: Hippowdon|20/100
|
|-weather|Sandstorm|[upkeep]
|-damage|p1a: Slowking|73/100|[from] Sandstorm
|upkeep
|turn|50
|
|t:|1661604937
|move|p2a: Hippowdon|Stealth Rock|p1a: Slowking
|-sidestart|p1: Kikoobuster|move: Stealth Rock
|move|p1a: Slowking|Future Sight|p2a: Hippowdon
|-start|p1a: Slowking|move: Future Sight
|
|-weather|Sandstorm|[upkeep]
|-damage|p1a: Slowking|67/100|[from] Sandstorm
|upkeep
|turn|51
|
|t:|1661604944
|move|p2a: Hippowdon|Slack Off|p2a: Hippowdon
|-heal|p2a: Hippowdon|70/100
|move|p1a: Slowking|Scald|p2a: Hippowdon
|-supereffective|p2a: Hippowdon
|-damage|p2a: Hippowdon|8/100
|-status|p2a: Hippowdon|brn
|
|-weather|Sandstorm|[upkeep]
|-damage|p1a: Slowking|61/100|[from] Sandstorm
|-damage|p2a: Hippowdon|2/100 brn|[from] brn
|-sideend|p1: Kikoobuster|move: Aurora Veil
|upkeep
|turn|52
|
|t:|1661604956
|move|p2a: Hippowdon|Toxic|p1a: Slowking
|-status|p1a: Slowking|tox
|move|p1a: Slowking|Scald|p2a: Hippowdon
|-supereffective|p2a: Hippowdon
|-damage|p2a: Hippowdon|0 fnt
|faint|p2a: Hippowdon
|
|-weather|Sandstorm|[upkeep]
|-damage|p1a: Slowking|55/100 tox|[from] Sandstorm
|-hint|Future Sight did not hit because the target is fainted.
|-damage|p1a: Slowking|49/100 tox|[from] psn
|upkeep
|
|t:|1661604967
|switch|p2a: Excadrill|Excadrill, F|76/100
|turn|53
|
|t:|1661604975
|switch|p1a: Toxicroak|Toxicroak, M|89/100
|-damage|p1a: Toxicroak|83/100|[from] Stealth Rock
|move|p2a: Excadrill|Earthquake|p1a: Toxicroak
|-supereffective|p1a: Toxicroak
|-damage|p1a: Toxicroak|0 fnt
|faint|p1a: Toxicroak
|
|-weather|Sandstorm|[upkeep]
|upkeep
|
|t:|1661604977
|switch|p1a: Slowking|Slowking, F|82/100 tox
|-damage|p1a: Slowking|70/100 tox|[from] Stealth Rock
|turn|54
|
|t:|1661604985
|move|p2a: Excadrill|Earthquake|p1a: Slowking
|-damage|p1a: Slowking|4/100 tox
|move|p1a: Slowking|Scald|p2a: Excadrill
|-supereffective|p2a: Excadrill
|-damage|p2a: Excadrill|4/100
|-status|p2a: Excadrill|brn
|
|-weather|Sandstorm|[upkeep]
|-damage|p1a: Slowking|0 fnt|[from] Sandstorm
|faint|p1a: Slowking
|-damage|p2a: Excadrill|0 fnt|[from] brn
|faint|p2a: Excadrill
|upkeep
|
|t:|1661604997
|switch|p2a: Dracozolt|Dracozolt|88/100
|switch|p1a: Cobalion|Cobalion|100/100
|-damage|p1a: Cobalion|97/100|[from] Stealth Rock
|turn|55
|
|t:|1661605004
|move|p2a: Dracozolt|Earthquake|p1a: Cobalion
|-supereffective|p1a: Cobalion
|-damage|p1a: Cobalion|36/100
|move|p1a: Cobalion|Close Combat|p2a: Dracozolt
|-damage|p2a: Dracozolt|30/100
|-unboost|p1a: Cobalion|def|1
|-unboost|p1a: Cobalion|spd|1
|
|-weather|Sandstorm|[upkeep]
|upkeep
|turn|56
|
|t:|1661605013
|move|p2a: Dracozolt|Earthquake|p1a: Cobalion
|-supereffective|p1a: Cobalion
|-damage|p1a: Cobalion|0 fnt
|faint|p1a: Cobalion
|
|win|homerac
|raw|Kikoobuster's rating: 1305 &rarr; <strong>1282</strong><br />(-23 for losing)
|raw|homerac's rating: 1255 &rarr; <strong>1284</strong><br />(+29 for winning)
|c|☆Kikoobuster|gg it was close
|l|☆homerac
