|j|☆Sycarium (>'-')>
|j|☆Gotham Paladin
|t:|1662408929
|gametype|singles
|player|p1|Sycarium (>'-')>|clair|1501
|player|p2|Gotham Paladin|red|1525
|teamsize|p1|6
|teamsize|p2|6
|gen|8
|tier|[Gen 8] OU
|rated|
|rule|Sleep Clause Mod: Limit one foe put to sleep
|rule|Species Clause: Limit one of each Pokémon
|rule|OHKO Clause: OHKO moves are banned
|rule|Evasion Items Clause: Evasion items are banned
|rule|Evasion Moves Clause: Evasion moves are banned
|rule|Endless Battle Clause: Forcing endless battles is banned
|rule|HP Percentage Mod: HP is shown in percentages
|rule|Dynamax Clause: You cannot dynamax
|clearpoke
|poke|p1|Ditto|
|poke|p1|Melmetal|
|poke|p1|Slowbro, F|
|poke|p1|Heatran, F|
|poke|p1|Dragapult, M|
|poke|p1|Dragonite, M|
|poke|p2|Torkoal, M|
|poke|p2|Venusaur, F|
|poke|p2|Regieleki|
|poke|p2|Weavile, F|
|poke|p2|Heatran, M|
|poke|p2|Landorus-Therian, M|
|teampreview
|c|☆Sycarium (>'-')>|glhf
|c|☆Gotham Paladin|hf
|c|☆Sycarium (>'-')>|is that the top 1  team?
|c|☆Gotham Paladin|yea lol i found it on the forums
|c|☆Sycarium (>'-')>|xD
|c|☆Sycarium (>'-')>|yeah
|c|☆Sycarium (>'-')>|I so wanted to face it
|c|☆Sycarium (>'-')>|:D
|c|☆Sycarium (>'-')>|now I get to
|c|☆Sycarium (>'-')>|fcking great
|
|t:|1662408965
|start
|switch|p1a: Mr.Disaster|Slowbro, F|100/100
|switch|p2a: Landorus|Landorus-Therian, M|100/100
|-ability|p2a: Landorus|Intimidate|boost
|-unboost|p1a: Mr.Disaster|atk|1
|turn|1
|
|t:|1662408978
|move|p2a: Landorus|Stealth Rock|p1a: Mr.Disaster
|-sidestart|p1: Sycarium (>'-')>|move: Stealth Rock
|move|p1a: Mr.Disaster|Scald|p2a: Landorus
|-supereffective|p2a: Landorus
|-damage|p2a: Landorus|9/100
|-status|p2a: Landorus|brn
|
|-heal|p2a: Landorus|15/100 brn|[from] item: Leftovers
|-damage|p2a: Landorus|9/100 brn|[from] brn
|upkeep
|turn|2
|c|☆Sycarium (>'-')>|you didn't scroll low enough to see my team there did you?
|
|t:|1662409015
|switch|p2a: Regieleki|Regieleki|100/100
|move|p1a: Mr.Disaster|Scald|p2a: Regieleki
|-damage|p2a: Regieleki|1/100
|
|upkeep
|turn|3
|c|☆Sycarium (>'-')>|oof.
|
|t:|1662409023
|switch|p1a: Metamorphosis|Ditto|100/100
|-damage|p1a: Metamorphosis|88/100|[from] Stealth Rock
|-transform|p1a: Metamorphosis|p2a: Regieleki|[from] ability: Imposter
|move|p2a: Regieleki|Volt Switch|p1a: Metamorphosis
|-resisted|p1a: Metamorphosis
|-damage|p1a: Metamorphosis|42/100
|
|t:|1662409035
|switch|p2a: Venusaur|Venusaur, F|100/100|[from]move: Volt Switch
|
|upkeep
|turn|4
|
|t:|1662409047
|switch|p2a: Landorus|Landorus-Therian, M|9/100 brn
|-ability|p2a: Landorus|Intimidate|boost
|-unboost|p1a: Metamorphosis|atk|1
|move|p1a: Metamorphosis|Rapid Spin|p2a: Landorus
|-damage|p2a: Landorus|3/100 brn
|-boost|p1a: Metamorphosis|spe|1
|-sideend|p1: Sycarium (>'-')>|Stealth Rock|[from] move: Rapid Spin|[of] p1a: Metamorphosis
|
|-heal|p2a: Landorus|9/100 brn|[from] item: Leftovers
|-damage|p2a: Landorus|3/100 brn|[from] brn
|upkeep
|turn|5
|
|t:|1662409056
|switch|p1a: Mr.Disaster|Slowbro, F|100/100
|switch|p2a: Torkoal|Torkoal, M|100/100
|-weather|SunnyDay|[from] ability: Drought|[of] p2a: Torkoal
|
|-weather|SunnyDay|[upkeep]
|upkeep
|turn|6
|
|t:|1662409065
|move|p1a: Mr.Disaster|Psyshock|p2a: Torkoal
|-damage|p2a: Torkoal|68/100
|move|p2a: Torkoal|Toxic|p1a: Mr.Disaster
|-status|p1a: Mr.Disaster|tox
|
|-weather|SunnyDay|[upkeep]
|-damage|p1a: Mr.Disaster|94/100 tox|[from] psn
|upkeep
|turn|7
|c|☆Sycarium (>'-')>|oh shit
|c|☆Sycarium (>'-')>|hmm
|
|t:|1662409080
|switch|p1a: Metamorphosis|Ditto|42/100
|-transform|p1a: Metamorphosis|p2a: Torkoal|[from] ability: Imposter
|move|p2a: Torkoal|Stealth Rock|p1a: Metamorphosis
|-sidestart|p1: Sycarium (>'-')>|move: Stealth Rock
|
|-weather|SunnyDay|[upkeep]
|upkeep
|turn|8
|
|t:|1662409087
|move|p1a: Metamorphosis|Stealth Rock|p2a: Torkoal
|-sidestart|p2: Gotham Paladin|move: Stealth Rock
|move|p2a: Torkoal|Toxic|p1a: Metamorphosis
|-status|p1a: Metamorphosis|tox
|
|-weather|SunnyDay|[upkeep]
|-damage|p1a: Metamorphosis|36/100 tox|[from] psn
|upkeep
|turn|9
|
|t:|1662409099
|switch|p1a: Mr.Disaster|Slowbro, F|100/100 tox
|-damage|p1a: Mr.Disaster|88/100 tox|[from] Stealth Rock
|switch|p2a: Venusaur|Venusaur, F|100/100
|-damage|p2a: Venusaur|88/100|[from] Stealth Rock
|
|-weather|SunnyDay|[upkeep]
|-damage|p1a: Mr.Disaster|82/100 tox|[from] psn
|upkeep
|turn|10
|
|t:|1662409108
|move|p2a: Venusaur|Giga Drain|p1a: Mr.Disaster
|-supereffective|p1a: Mr.Disaster
|-damage|p1a: Mr.Disaster|0 fnt
|-heal|p2a: Venusaur|100/100|[from] drain|[of] p1a: Mr.Disaster
|faint|p1a: Mr.Disaster
|-damage|p2a: Venusaur|91/100|[from] item: Life Orb
|
|-weather|SunnyDay|[upkeep]
|upkeep
|c|☆Sycarium (>'-')>|dang
|c|☆Sycarium (>'-')>|it actually kills this.
|c|☆Sycarium (>'-')>|magnificent
|c|☆Sycarium (>'-')>|!dt vensaur
No Pokémon, item, move, ability or nature named 'vensaur' was found. Showing the data of 'Venusaur' instead.
|raw|<div class="message"><ul class="utilichart"><li class="result"><span class="col numcol">UU</span> <span class="col iconcol"><psicon pokemon="venusaur"/></span> <span class="col pokemonnamecol" style="white-space:nowrap"><a href="https://dex.pokemonshowdown.com/pokemon/venusaur" target="_blank">Venusaur</a></span> <span class="col typecol"><img src="https://play.pokemonshowdown.com/sprites/types/Grass.png" alt="Grass" height="14" width="32"><img src="https://play.pokemonshowdown.com/sprites/types/Poison.png" alt="Poison" height="14" width="32"></span> <span style="float:left;min-height:26px"><span class="col abilitycol">Overgrow</span><span class="col abilitycol"><em>Chlorophyll</em></span></span><span style="float:left;min-height:26px"><span class="col statcol"><em>HP</em><br />80</span> <span class="col statcol"><em>Atk</em><br />82</span> <span class="col statcol"><em>Def</em><br />83</span> <span class="col statcol"><em>SpA</em><br />100</span> <span class="col statcol"><em>SpD</em><br />100</span> <span class="col statcol"><em>Spe</em><br />80</span> <span class="col bstcol"><em>BST<br />525</em></span> </span></li><li style="clear:both"></li></ul></div>
|raw|<font size="1"><font color="#686868">Dex#:</font> 3&nbsp;|&ThickSpace;<font color="#686868">Gen:</font> 1&nbsp;|&ThickSpace;<font color="#686868">Height:</font> 2 m&nbsp;|&ThickSpace;<font color="#686868">Weight:</font> 100 kg <em>(100 BP)</em>&nbsp;|&ThickSpace;<font color="#686868">G-Max Move:</font> G-Max Vine Lash&nbsp;|&ThickSpace;<font color="#686868">Dex Colour:</font> Green&nbsp;|&ThickSpace;<font color="#686868">Egg Group(s):</font> Monster, Grass&nbsp;|&ThickSpace;<font color="#686868">Does Not Evolve</font></font>

|c|☆Sycarium (>'-')>|!dt zapdos
|raw|<div class="message"><ul class="utilichart"><li class="result"><span class="col numcol">OU</span> <span class="col iconcol"><psicon pokemon="zapdos"/></span> <span class="col pokemonnamecol" style="white-space:nowrap"><a href="https://dex.pokemonshowdown.com/pokemon/zapdos" target="_blank">Zapdos</a></span> <span class="col typecol"><img src="https://play.pokemonshowdown.com/sprites/types/Electric.png" alt="Electric" height="14" width="32"><img src="https://play.pokemonshowdown.com/sprites/types/Flying.png" alt="Flying" height="14" width="32"></span> <span style="float:left;min-height:26px"><span class="col abilitycol">Pressure</span><span class="col abilitycol"><em>Static</em></span></span><span style="float:left;min-height:26px"><span class="col statcol"><em>HP</em><br />90</span> <span class="col statcol"><em>Atk</em><br />90</span> <span class="col statcol"><em>Def</em><br />85</span> <span class="col statcol"><em>SpA</em><br />125</span> <span class="col statcol"><em>SpD</em><br />90</span> <span class="col statcol"><em>Spe</em><br />100</span> <span class="col bstcol"><em>BST<br />580</em></span> </span></li><li style="clear:both"></li></ul></div>
|raw|<font size="1"><font color="#686868">Dex#:</font> 145&nbsp;|&ThickSpace;<font color="#686868">Gen:</font> 1&nbsp;|&ThickSpace;<font color="#686868">Height:</font> 1.6 m&nbsp;|&ThickSpace;<font color="#686868">Weight:</font> 52.6 kg <em>(80 BP)</em>&nbsp;|&ThickSpace;<font color="#686868">Dex Colour:</font> Yellow&nbsp;|&ThickSpace;<font color="#686868">Egg Group(s):</font> Undiscovered&nbsp;|&ThickSpace;<font color="#686868">Does Not Evolve</font></font>

|c|☆Sycarium (>'-')>|zapdos does not. but then again, zapdos aint modest.
|c|☆Sycarium (>'-')>|!dt overgrow
|raw|<ul class="utilichart"><li class="result"><span class="col namecol"><a href="https://dex.pokemonshowdown.com/abilities/overgrow">Overgrow</a></span> <span class="col abilitydesccol">At 1/3 or less of its max HP, this Pokemon's attacking stat is 1.5x with Grass attacks.</span> </li><li style="clear:both"></li></ul>
|raw|<font size="1"><font color="#686868">Gen:</font> 3</font>

|inactive|Battle timer is ON: inactive players will automatically lose when time's up. (requested by Gotham Paladin)
|c|☆Sycarium (>'-')>|!dt clorophyl
No Pokémon, item, move, ability or nature named 'clorophyl' was found. Showing the data of 'Chlorophyll' instead.
|raw|<ul class="utilichart"><li class="result"><span class="col namecol"><a href="https://dex.pokemonshowdown.com/abilities/chlorophyll">Chlorophyll</a></span> <span class="col abilitydesccol">If Sunny Day is active, this Pokemon's Speed is doubled.</span> </li><li style="clear:both"></li></ul>
|raw|<font size="1"><font color="#686868">Gen:</font> 3</font>

|c|☆Sycarium (>'-')>|yeah...
|
|t:|1662409161
|switch|p1a: Metamorphosis|Ditto|36/100 tox
|-damage|p1a: Metamorphosis|24/100 tox|[from] Stealth Rock
|-transform|p1a: Metamorphosis|p2a: Venusaur|[from] ability: Imposter
|turn|11
|
|t:|1662409168
|switch|p2a: Heatran|Heatran, M|100/100
|-damage|p2a: Heatran|88/100|[from] Stealth Rock
|-item|p2a: Heatran|Air Balloon
|move|p1a: Metamorphosis|Weather Ball|p2a: Heatran
|-start|p2a: Heatran|ability: Flash Fire
|
|-weather|SunnyDay|[upkeep]
|-damage|p1a: Metamorphosis|18/100 tox|[from] psn
|upkeep
|turn|12
|
|t:|1662409187
|move|p1a: Metamorphosis|Weather Ball|p2a: Heatran
|-immune|p2a: Heatran|[from] ability: Flash Fire
|move|p2a: Heatran|Earth Power|p1a: Metamorphosis
|-damage|p1a: Metamorphosis|0 fnt
|faint|p1a: Metamorphosis
|
|-weather|none
|upkeep
|
|t:|1662409192
|switch|p1a: Mathafulk|Dragapult, M|100/100
|-damage|p1a: Mathafulk|88/100|[from] Stealth Rock
|turn|13
|
|t:|1662409199
|-end|p2a: Heatran|ability: Flash Fire|[silent]
|switch|p2a: Landorus|Landorus-Therian, M|3/100 brn
|-damage|p2a: Landorus|0 fnt|[from] Stealth Rock
|faint|p2a: Landorus
|move|p1a: Mathafulk|Hydro Pump|p2: Landorus|[notarget]
|-fail|p1a: Mathafulk
|
|upkeep
|
|t:|1662409203
|switch|p2a: Weavile|Weavile, F|100/100
|turn|14
|
|t:|1662409209
|switch|p1a: Great Sentience|Melmetal|100/100
|-damage|p1a: Great Sentience|94/100|[from] Stealth Rock
|move|p2a: Weavile|Knock Off|p1a: Great Sentience
|-damage|p1a: Great Sentience|73/100
|-enditem|p1a: Great Sentience|Choice Band|[from] move: Knock Off|[of] p2a: Weavile
|
|upkeep
|turn|15
|
|t:|1662409220
|switch|p2a: Regieleki|Regieleki|1/100
|move|p1a: Great Sentience|Superpower|p2a: Regieleki
|-damage|p2a: Regieleki|0 fnt
|-unboost|p1a: Great Sentience|atk|1
|-unboost|p1a: Great Sentience|def|1
|faint|p2a: Regieleki
|
|upkeep
|c|☆Sycarium (>'-')>|lets see it
|
|t:|1662409222
|switch|p2a: Heatran|Heatran, M|88/100
|-damage|p2a: Heatran|76/100|[from] Stealth Rock
|-item|p2a: Heatran|Air Balloon
|turn|16
|c|☆Sycarium (>'-')>|hmm
|
|t:|1662409245
|switch|p1a: N-nani?|Dragonite, M|100/100
|-damage|p1a: N-nani?|75/100|[from] Stealth Rock
|move|p2a: Heatran|Eruption|p1a: N-nani?
|-resisted|p1a: N-nani?
|-damage|p1a: N-nani?|47/100
|
|upkeep
|turn|17
|
|t:|1662409252
|move|p2a: Heatran|Toxic|p1a: N-nani?
|-status|p1a: N-nani?|tox
|move|p1a: N-nani?|Superpower|p2a: Heatran
|-supereffective|p2a: Heatran
|-damage|p2a: Heatran|0 fnt
|-unboost|p1a: N-nani?|atk|1
|-unboost|p1a: N-nani?|def|1
|-enditem|p2a: Heatran|Air Balloon
|faint|p2a: Heatran
|
|-damage|p1a: N-nani?|41/100 tox|[from] psn
|upkeep
|
|t:|1662409257
|switch|p2a: Weavile|Weavile, F|100/100
|turn|18
|inactive|Sycarium (>'-')> has 120 seconds left.
|
|t:|1662409293
|move|p2a: Weavile|Knock Off|p1a: N-nani?
|-damage|p1a: N-nani?|0 fnt
|-enditem|p1a: N-nani?|Choice Band|[from] move: Knock Off|[of] p2a: Weavile
|faint|p1a: N-nani?
|
|upkeep
|
|t:|1662409296
|switch|p1a: Great Sentience|Melmetal|73/100
|-damage|p1a: Great Sentience|67/100|[from] Stealth Rock
|turn|19
|
|t:|1662409307
|switch|p2a: Torkoal|Torkoal, M|68/100
|-damage|p2a: Torkoal|43/100|[from] Stealth Rock
|-weather|SunnyDay|[from] ability: Drought|[of] p2a: Torkoal
|move|p1a: Great Sentience|Double Iron Bash|p2a: Torkoal
|-resisted|p2a: Torkoal
|-damage|p2a: Torkoal|32/100
|-resisted|p2a: Torkoal
|-damage|p2a: Torkoal|22/100
|-hitcount|p2a: Torkoal|2
|
|-weather|SunnyDay|[upkeep]
|upkeep
|turn|20
|
|t:|1662409318
|move|p1a: Great Sentience|Double Iron Bash|p2a: Torkoal
|-resisted|p2a: Torkoal
|-damage|p2a: Torkoal|10/100
|-resisted|p2a: Torkoal
|-damage|p2a: Torkoal|0 fnt
|faint|p2a: Torkoal
|-hitcount|p2: Torkoal|2
|
|-weather|SunnyDay|[upkeep]
|upkeep
|
|t:|1662409324
|switch|p2a: Venusaur|Venusaur, F|91/100
|-damage|p2a: Venusaur|78/100|[from] Stealth Rock
|turn|21
|
|t:|1662409335
|switch|p1a: Untamo|Heatran, F|100/100
|-damage|p1a: Untamo|88/100|[from] Stealth Rock
|move|p2a: Venusaur|Weather Ball|p1a: Untamo
|-start|p1a: Untamo|ability: Flash Fire
|
|-weather|SunnyDay|[upkeep]
|upkeep
|turn|22
|
|t:|1662409343
|move|p2a: Venusaur|Earth Power|p1a: Untamo
|-supereffective|p1a: Untamo
|-damage|p1a: Untamo|0 fnt
|faint|p1a: Untamo
|-damage|p2a: Venusaur|68/100|[from] item: Life Orb
|
|-weather|SunnyDay|[upkeep]
|upkeep
|
|t:|1662409349
|switch|p1a: Mathafulk|Dragapult, M|88/100
|-damage|p1a: Mathafulk|76/100|[from] Stealth Rock
|turn|23
|c|☆Sycarium (>'-')>|that that's game
|c|☆Sycarium (>'-')>|should be, anyway.
|inactive|Gotham Paladin has 120 seconds left.
|
|t:|1662409402
|move|p2a: Venusaur|Giga Drain|p1a: Mathafulk
|-resisted|p1a: Mathafulk
|-damage|p1a: Mathafulk|46/100
|-heal|p2a: Venusaur|84/100|[from] drain|[of] p1a: Mathafulk
|-damage|p2a: Venusaur|74/100|[from] item: Life Orb
|move|p1a: Mathafulk|Fire Blast|p2a: Venusaur
|-supereffective|p2a: Venusaur
|-damage|p2a: Venusaur|0 fnt
|faint|p2a: Venusaur
|
|-weather|SunnyDay|[upkeep]
|upkeep
|
|t:|1662409409
|switch|p2a: Weavile|Weavile, F|100/100
|turn|24
|
|t:|1662409412
|move|p2a: Weavile|Ice Shard|p1a: Mathafulk
|-supereffective|p1a: Mathafulk
|-damage|p1a: Mathafulk|0 fnt
|faint|p1a: Mathafulk
|
|-weather|SunnyDay|[upkeep]
|upkeep
|
|t:|1662409414
|switch|p1a: Great Sentience|Melmetal|67/100
|-damage|p1a: Great Sentience|61/100|[from] Stealth Rock
|turn|25
|
|t:|1662409418
|move|p2a: Weavile|Low Kick|p1a: Great Sentience
|-supereffective|p1a: Great Sentience
|-damage|p1a: Great Sentience|23/100
|move|p1a: Great Sentience|Double Iron Bash|p2a: Weavile
|-supereffective|p2a: Weavile
|-damage|p2a: Weavile|0 fnt
|faint|p2a: Weavile
|-hitcount|p2: Weavile|1
|
|win|Sycarium (>'-')>
|raw|Sycarium (&gt;&apos;-&apos;)&gt;'s rating: 1501 &rarr; <strong>1522</strong><br />(+21 for winning)
|raw|Gotham Paladin's rating: 1525 &rarr; <strong>1504</strong><br />(-21 for losing)
|l|☆Gotham Paladin
|c|☆Sycarium (>'-')>|gg
|c|☆Sycarium (>'-')>|^^
