|j|☆La verdad de dios
|j|☆TheonReekGreyjoy
|t:|1664963143
|gametype|singles
|player|p1|La verdad de dios|101|1680
|player|p2|TheonReekGreyjoy|169|1752
|teamsize|p1|6
|teamsize|p2|6
|gen|8
|tier|[Gen 8] OU
|rated|
|rule|Sleep Clause Mod: Limit one foe put to sleep
|rule|Species Clause: Limit one of each Pokémon
|rule|OHKO Clause: OHKO moves are banned
|rule|Evasion Items Clause: Evasion items are banned
|rule|Evasion Moves Clause: Evasion moves are banned
|rule|Endless Battle Clause: Forcing endless battles is banned
|rule|HP Percentage Mod: HP is shown in percentages
|rule|Dynamax Clause: You cannot dynamax
|clearpoke
|poke|p1|Landorus-Therian, M|
|poke|p1|Ferrothorn, F|
|poke|p1|Gengar, F|
|poke|p1|Bisharp, M|
|poke|p1|Clefable, F|
|poke|p1|Garchomp, M|
|poke|p2|Arctozolt|
|poke|p2|Tornadus-Therian, M|
|poke|p2|Heatran, M|
|poke|p2|Landorus-Therian, M|
|poke|p2|Hatterene, F|
|poke|p2|Vanilluxe, F|
|teampreview
|inactive|Battle timer is ON: inactive players will automatically lose when time's up. (requested by TheonReekGreyjoy)
|j| skylvu
|inactive|La verdad de dios has 120 seconds left.
|
|t:|1664963184
|start
|switch|p1a: No hay na' nuevo|Bisharp, M|100/100
|switch|p2a: Tornadus|Tornadus-Therian, M|100/100
|turn|1
|
|t:|1664963191
|move|p2a: Tornadus|U-turn|p1a: No hay na' nuevo
|-damage|p1a: No hay na' nuevo|86/100
|
|t:|1664963194
|switch|p2a: Heatran|Heatran, M|100/100|[from]move: U-turn
|move|p1a: No hay na' nuevo|Thunder Wave|p2a: Heatran
|-status|p2a: Heatran|par
|
|upkeep
|turn|2
|inactive|La verdad de dios has 120 seconds left.
|
|t:|1664963247
|switch|p1a: Kobe en L.A|Landorus-Therian, M, shiny|100/100
|-ability|p1a: Kobe en L.A|Intimidate|boost
|-unboost|p2a: Heatran|atk|1
|move|p2a: Heatran|Lava Plume|p1a: Kobe en L.A
|-damage|p1a: Kobe en L.A|71/100
|
|upkeep
|turn|3
|
|t:|1664963255
|switch|p2a: Landorus|Landorus-Therian, M|100/100
|-ability|p2a: Landorus|Intimidate|boost
|-unboost|p1a: Kobe en L.A|atk|1
|move|p1a: Kobe en L.A|Earthquake|p2a: Landorus
|-immune|p2a: Landorus
|
|upkeep
|turn|4
|
|t:|1664963263
|switch|p2a: Hatterene|Hatterene, F|100/100
|move|p1a: Kobe en L.A|Stealth Rock|p2a: Hatterene
|move|p2a: Hatterene|Stealth Rock|p1a: Kobe en L.A|[from]ability: Magic Bounce
|-sidestart|p1: La verdad de dios|move: Stealth Rock
|
|upkeep
|turn|5
|inactive|La verdad de dios has 120 seconds left.
|
|t:|1664963275
|move|p1a: Kobe en L.A|Earthquake|p2a: Hatterene
|-damage|p2a: Hatterene|75/100
|move|p2a: Hatterene|Draining Kiss|p1a: Kobe en L.A
|-damage|p1a: Kobe en L.A|51/100
|-heal|p2a: Hatterene|92/100|[from] drain|[of] p1a: Kobe en L.A
|-damage|p2a: Hatterene|75/100|[from] item: Rocky Helmet|[of] p1a: Kobe en L.A
|
|-heal|p2a: Hatterene|81/100|[from] item: Leftovers
|upkeep
|turn|6
|
|t:|1664963286
|move|p1a: Kobe en L.A|Earthquake|p2a: Hatterene
|-damage|p2a: Hatterene|56/100
|move|p2a: Hatterene|Draining Kiss|p1a: Kobe en L.A
|-crit|p1a: Kobe en L.A
|-damage|p1a: Kobe en L.A|20/100
|-heal|p2a: Hatterene|81/100|[from] drain|[of] p1a: Kobe en L.A
|-damage|p2a: Hatterene|65/100|[from] item: Rocky Helmet|[of] p1a: Kobe en L.A
|
|-heal|p2a: Hatterene|71/100|[from] item: Leftovers
|upkeep
|turn|7
|
|t:|1664963297
|move|p1a: Kobe en L.A|Earthquake|p2a: Hatterene
|-damage|p2a: Hatterene|43/100
|move|p2a: Hatterene|Draining Kiss|p1a: Kobe en L.A
|-damage|p1a: Kobe en L.A|0 fnt
|-heal|p2a: Hatterene|59/100|[from] drain|[of] p1a: Kobe en L.A
|-damage|p2a: Hatterene|42/100|[from] item: Rocky Helmet|[of] p1a: Kobe en L.A
|faint|p1a: Kobe en L.A
|
|-heal|p2a: Hatterene|48/100|[from] item: Leftovers
|upkeep
|
|t:|1664963300
|switch|p1a: Mi peor error|Clefable, F, shiny|100/100
|turn|8
|
|t:|1664963315
|move|p1a: Mi peor error|Moonblast|p2a: Hatterene
|-damage|p2a: Hatterene|0 fnt
|faint|p2a: Hatterene
|
|upkeep
|
|t:|1664963324
|switch|p2a: Heatran|Heatran, M|100/100 par
|turn|9
|
|t:|1664963349
|move|p1a: Mi peor error|Thunderbolt|p2a: Heatran
|-damage|p2a: Heatran|76/100 par
|cant|p2a: Heatran|par
|
|-heal|p2a: Heatran|82/100 par|[from] item: Leftovers
|upkeep
|turn|10
|
|t:|1664963354
|move|p1a: Mi peor error|Thunderbolt|p2a: Heatran
|-damage|p2a: Heatran|59/100 par
|move|p2a: Heatran|Heavy Slam|p1a: Mi peor error
|-supereffective|p1a: Mi peor error
|-damage|p1a: Mi peor error|33/100
|
|-heal|p2a: Heatran|65/100 par|[from] item: Leftovers
|upkeep
|turn|11
|
|t:|1664963366
|move|p1a: Mi peor error|Soft-Boiled|p1a: Mi peor error
|-heal|p1a: Mi peor error|83/100
|cant|p2a: Heatran|par
|
|-heal|p2a: Heatran|72/100 par|[from] item: Leftovers
|upkeep
|turn|12
|
|t:|1664963371
|switch|p1a: Nosotros|Ferrothorn, F, shiny|100/100
|-damage|p1a: Nosotros|95/100|[from] Stealth Rock
|move|p2a: Heatran|Lava Plume|p1a: Nosotros
|-supereffective|p1a: Nosotros
|-damage|p1a: Nosotros|0 fnt
|faint|p1a: Nosotros
|
|-heal|p2a: Heatran|78/100 par|[from] item: Leftovers
|upkeep
|
|t:|1664963375
|switch|p1a: Surprise mudafuka|Garchomp, M, shiny|100/100
|-damage|p1a: Surprise mudafuka|94/100|[from] Stealth Rock
|turn|13
|
|t:|1664963381
|switch|p1a: No hay na' nuevo|Bisharp, M|86/100
|-damage|p1a: No hay na' nuevo|80/100|[from] Stealth Rock
|switch|p2a: Landorus|Landorus-Therian, M|100/100
|-ability|p2a: Landorus|Intimidate|boost
|-unboost|p1a: No hay na' nuevo|atk|1
|-ability|p1a: No hay na' nuevo|Defiant
|-boost|p1a: No hay na' nuevo|atk|2
|
|upkeep
|turn|14
|
|t:|1664963388
|switch|p2a: Heatran|Heatran, M|78/100 par
|move|p1a: No hay na' nuevo|Sucker Punch||[still]
|-fail|p1a: No hay na' nuevo
|
|-heal|p2a: Heatran|84/100 par|[from] item: Leftovers
|upkeep
|turn|15
|
|t:|1664963396
|move|p1a: No hay na' nuevo|Knock Off|p2a: Heatran
|-damage|p2a: Heatran|11/100 par
|-enditem|p2a: Heatran|Leftovers|[from] move: Knock Off|[of] p1a: No hay na' nuevo
|move|p2a: Heatran|Lava Plume|p1a: No hay na' nuevo
|-supereffective|p1a: No hay na' nuevo
|-damage|p1a: No hay na' nuevo|0 fnt
|faint|p1a: No hay na' nuevo
|
|upkeep
|
|t:|1664963416
|switch|p1a: LA 2BLEA|Gengar, F, shiny|100/100
|-damage|p1a: LA 2BLEA|88/100|[from] Stealth Rock
|turn|16
|
|t:|1664963421
|move|p1a: LA 2BLEA|Shadow Ball|p2a: Heatran
|-damage|p2a: Heatran|0 fnt
|faint|p2a: Heatran
|
|upkeep
|
|t:|1664963424
|switch|p2a: Tornadus|Tornadus-Therian, M|100/100
|turn|17
|
|t:|1664963428
|move|p2a: Tornadus|Knock Off|p1a: LA 2BLEA
|-supereffective|p1a: LA 2BLEA
|-damage|p1a: LA 2BLEA|4/100
|-enditem|p1a: LA 2BLEA|Choice Specs|[from] move: Knock Off|[of] p2a: Tornadus
|move|p1a: LA 2BLEA|Shadow Ball|p2a: Tornadus
|-damage|p2a: Tornadus|74/100
|
|upkeep
|turn|18
|
|t:|1664963437
|move|p2a: Tornadus|U-turn|p1a: LA 2BLEA
|-resisted|p1a: LA 2BLEA
|-damage|p1a: LA 2BLEA|0 fnt
|-start|p2a: Tornadus|Disable|U-turn|[from] ability: Cursed Body|[of] p1a: LA 2BLEA
|faint|p1a: LA 2BLEA
|
|t:|1664963442
|switch|p2a: Vanilluxe|Vanilluxe, F|100/100|[from]move: U-turn
|-weather|Hail|[from] ability: Snow Warning|[of] p2a: Vanilluxe
|
|-weather|Hail|[upkeep]
|upkeep
|
|t:|1664963451
|switch|p1a: Mi peor error|Clefable, F, shiny|83/100
|turn|19
|
|t:|1664963454
|move|p2a: Vanilluxe|Blizzard|p1a: Mi peor error
|-damage|p1a: Mi peor error|19/100
|move|p1a: Mi peor error|Soft-Boiled|p1a: Mi peor error
|-heal|p1a: Mi peor error|69/100
|
|-weather|Hail|[upkeep]
|upkeep
|turn|20
|
|t:|1664963472
|move|p2a: Vanilluxe|Blizzard|p1a: Mi peor error
|-damage|p1a: Mi peor error|9/100
|move|p1a: Mi peor error|Flamethrower|p2a: Vanilluxe
|-supereffective|p2a: Vanilluxe
|-damage|p2a: Vanilluxe|17/100
|-status|p2a: Vanilluxe|brn
|
|-weather|Hail|[upkeep]
|-damage|p2a: Vanilluxe|11/100 brn|[from] brn
|upkeep
|turn|21
|
|t:|1664963484
|move|p2a: Vanilluxe|Blizzard|p1a: Mi peor error
|-damage|p1a: Mi peor error|0 fnt
|faint|p1a: Mi peor error
|
|-weather|Hail|[upkeep]
|-damage|p2a: Vanilluxe|5/100 brn|[from] brn
|upkeep
|
|t:|1664963492
|switch|p1a: Surprise mudafuka|Garchomp, M, shiny|94/100
|-damage|p1a: Surprise mudafuka|88/100|[from] Stealth Rock
|turn|22
|-message|La verdad de dios forfeited.
|
|win|TheonReekGreyjoy
|raw|La verdad de dios's rating: 1658 &rarr; <strong>1643</strong><br />(-15 for losing)
|raw|TheonReekGreyjoy's rating: 1752 &rarr; <strong>1767</strong><br />(+15 for winning)
|l|☆La verdad de dios
||Ladder isn't responding, score probably updated but might not have (Request timeout).
|l|☆TheonReekGreyjoy
