|raw|<div class="broadcast-blue"><strong>This battle is required to be public due to a player having a name starting with 'lt93oq'.</div>
|j|☆Blue chen
|j|☆LT93OQ Dasmer
|t:|1660415514
|gametype|singles
|player|p1|Blue chen|blue-gen1champion|1712
|player|p2|LT93OQ Dasmer|rei|1943
|teamsize|p1|6
|teamsize|p2|6
|gen|8
|tier|[Gen 8] OU
|rated|
|rule|Sleep Clause Mod: Limit one foe put to sleep
|rule|Species Clause: Limit one of each Pokémon
|rule|OHKO Clause: OHKO moves are banned
|rule|Evasion Items Clause: Evasion items are banned
|rule|Evasion Moves Clause: Evasion moves are banned
|rule|Endless Battle Clause: Forcing endless battles is banned
|rule|HP Percentage Mod: HP is shown in percentages
|rule|Dynamax Clause: You cannot dynamax
|clearpoke
|poke|p1|Melmetal|
|poke|p1|Urshifu-*, M|
|poke|p1|Garchomp, M|
|poke|p1|Kartana|
|poke|p1|Landorus-Therian, M|
|poke|p1|Dragapult, M|
|poke|p2|Garchomp, M|
|poke|p2|Skarmory, M|
|poke|p2|Rotom-Wash|
|poke|p2|Slowking-Galar, F|
|poke|p2|Ferrothorn, M|
|poke|p2|Weavile, M|
|teampreview
|
|t:|1660415523
|start
|switch|p1a: Landorus|Landorus-Therian, M|100/100
|switch|p2a: Rotom|Rotom-Wash|100/100
|-ability|p1a: Landorus|Intimidate|boost
|-unboost|p2a: Rotom|atk|1
|turn|1
|
|t:|1660415540
|move|p2a: Rotom|Hydro Pump|p1a: Landorus
|-supereffective|p1a: Landorus
|-damage|p1a: Landorus|26/100
|move|p1a: Landorus|Stealth Rock|p2a: Rotom
|-sidestart|p2: LT93OQ Dasmer|move: Stealth Rock
|
|-heal|p1a: Landorus|32/100|[from] item: Leftovers
|upkeep
|turn|2
|
|t:|1660415550
|switch|p1a: Urshifu|Urshifu-Rapid-Strike, M|100/100
|move|p2a: Rotom|Hydro Pump|p1a: Urshifu
|-resisted|p1a: Urshifu
|-damage|p1a: Urshifu|69/100
|
|upkeep
|turn|3
|j| playa13
|j| leaveamessage
|
|t:|1660415556
|move|p1a: Urshifu|Bulk Up|p1a: Urshifu
|-boost|p1a: Urshifu|atk|1
|-boost|p1a: Urshifu|def|1
|move|p2a: Rotom|Discharge|p1a: Urshifu
|-supereffective|p1a: Urshifu
|-damage|p1a: Urshifu|0 fnt
|faint|p1a: Urshifu
|
|upkeep
|j| just nimmemja
|j| Coolcodename
|j| Smash Time steez
|
|t:|1660415565
|switch|p1a: Dragapult|Dragapult, M|100/100
|turn|4
|
|t:|1660415567
|switch|p2a: Ferrothorn|Ferrothorn, M|100/100
|-damage|p2a: Ferrothorn|94/100|[from] Stealth Rock
|move|p1a: Dragapult|Dragon Darts|p2a: Ferrothorn
|-resisted|p2a: Ferrothorn
|-damage|p2a: Ferrothorn|81/100
|-anim|p1a: Dragapult|Dragon Darts|p2a: Ferrothorn
|-resisted|p2a: Ferrothorn
|-damage|p2a: Ferrothorn|69/100
|-damage|p1a: Dragapult|91/100|[from] item: Life Orb
|
|-heal|p2a: Ferrothorn|75/100|[from] item: Leftovers
|upkeep
|turn|5
|
|t:|1660415580
|switch|p2a: Slowking|Slowking-Galar, F|100/100
|move|p1a: Dragapult|Dragon Dance|p1a: Dragapult
|-boost|p1a: Dragapult|atk|1
|-boost|p1a: Dragapult|spe|1
|
|upkeep
|turn|6
|j|+Pissog
|
|t:|1660415586
|switch|p2a: Ferrothorn|Ferrothorn, M|75/100
|-damage|p2a: Ferrothorn|69/100|[from] Stealth Rock
|move|p1a: Dragapult|Dragon Darts|p2a: Ferrothorn
|-resisted|p2a: Ferrothorn
|-damage|p2a: Ferrothorn|50/100
|-anim|p1a: Dragapult|Dragon Darts|p2a: Ferrothorn
|-resisted|p2a: Ferrothorn
|-damage|p2a: Ferrothorn|32/100
|-damage|p1a: Dragapult|81/100|[from] item: Life Orb
|
|-heal|p2a: Ferrothorn|38/100|[from] item: Leftovers
|upkeep
|turn|7
|j| LT93OQ Black Lotus
|
|t:|1660415598
|move|p1a: Dragapult|Flamethrower|p2a: Ferrothorn
|-supereffective|p2a: Ferrothorn
|-damage|p2a: Ferrothorn|0 fnt
|faint|p2a: Ferrothorn
|-damage|p1a: Dragapult|71/100|[from] item: Life Orb
|
|upkeep
|
|t:|1660415603
|switch|p2a: Slowking|Slowking-Galar, F|100/100
|turn|8
|
|t:|1660415606
|switch|p2a: Skarmory|Skarmory, M|100/100
|-damage|p2a: Skarmory|88/100|[from] Stealth Rock
|move|p1a: Dragapult|Dragon Darts|p2a: Skarmory
|-resisted|p2a: Skarmory
|-damage|p2a: Skarmory|75/100
|-anim|p1a: Dragapult|Dragon Darts|p2a: Skarmory
|-resisted|p2a: Skarmory
|-damage|p2a: Skarmory|62/100
|-damage|p1a: Dragapult|61/100|[from] item: Life Orb
|
|upkeep
|turn|9
|
|t:|1660415617
|switch|p2a: Slowking|Slowking-Galar, F|100/100
|move|p1a: Dragapult|Flamethrower|p2a: Slowking
|-damage|p2a: Slowking|81/100
|-damage|p1a: Dragapult|52/100|[from] item: Life Orb
|
|upkeep
|turn|10
|
|t:|1660415624
|move|p1a: Dragapult|Dragon Darts|p2a: Slowking
|-damage|p2a: Slowking|38/100
|-anim|p1a: Dragapult|Dragon Darts|p2a: Slowking
|-damage|p2a: Slowking|0 fnt
|faint|p2a: Slowking
|-damage|p1a: Dragapult|42/100|[from] item: Life Orb
|
|upkeep
|
|t:|1660415628
|switch|p2a: Weavile|Weavile, M|100/100
|-ability|p2a: Weavile|Pressure
|turn|11
|
|t:|1660415635
|switch|p1a: Landorus|Landorus-Therian, M|32/100
|-ability|p1a: Landorus|Intimidate|boost
|-unboost|p2a: Weavile|atk|1
|move|p2a: Weavile|Ice Shard|p1a: Landorus
|-supereffective|p1a: Landorus
|-damage|p1a: Landorus|0 fnt
|faint|p1a: Landorus
|
|upkeep
|
|t:|1660415644
|switch|p1a: Dragapult|Dragapult, M|42/100
|turn|12
|
|t:|1660415647
|move|p2a: Weavile|Ice Shard|p1a: Dragapult
|-supereffective|p1a: Dragapult
|-damage|p1a: Dragapult|4/100
|move|p1a: Dragapult|Dragon Darts|p2a: Weavile
|-damage|p2a: Weavile|45/100
|-anim|p1a: Dragapult|Dragon Darts|p2a: Weavile
|-damage|p2a: Weavile|0 fnt
|faint|p2a: Weavile
|-damage|p1a: Dragapult|0 fnt|[from] item: Life Orb
|faint|p1a: Dragapult
|
|upkeep
|
|t:|1660415659
|switch|p1a: Melmetal|Melmetal|100/100
|switch|p2a: Garchomp|Garchomp, M|100/100
|-damage|p2a: Garchomp|94/100|[from] Stealth Rock
|turn|13
|
|t:|1660415665
|switch|p2a: Skarmory|Skarmory, M|62/100
|-damage|p2a: Skarmory|50/100|[from] Stealth Rock
|move|p1a: Melmetal|Iron Defense|p1a: Melmetal
|-boost|p1a: Melmetal|def|2
|
|upkeep
|turn|14
|
|t:|1660415674
|move|p2a: Skarmory|Roost|p2a: Skarmory
|-heal|p2a: Skarmory|99/100
|-singleturn|p2a: Skarmory|move: Roost
|move|p1a: Melmetal|Body Press|p2a: Skarmory
|-supereffective|p2a: Skarmory
|-damage|p2a: Skarmory|40/100
|-damage|p1a: Melmetal|84/100|[from] item: Rocky Helmet|[of] p2a: Skarmory
|
|-heal|p1a: Melmetal|90/100|[from] item: Leftovers
|upkeep
|turn|15
|
|t:|1660415684
|move|p2a: Skarmory|Roost|p2a: Skarmory
|-heal|p2a: Skarmory|90/100
|-singleturn|p2a: Skarmory|move: Roost
|move|p1a: Melmetal|Iron Defense|p1a: Melmetal
|-boost|p1a: Melmetal|def|2
|
|-heal|p1a: Melmetal|96/100|[from] item: Leftovers
|upkeep
|turn|16
|j| lt93oq fenomeno
|
|t:|1660415693
|switch|p2a: Rotom|Rotom-Wash|100/100
|-damage|p2a: Rotom|88/100|[from] Stealth Rock
|move|p1a: Melmetal|Body Press|p2a: Rotom
|-damage|p2a: Rotom|5/100
|
|-heal|p2a: Rotom|11/100|[from] item: Leftovers
|-heal|p1a: Melmetal|100/100|[from] item: Leftovers
|upkeep
|turn|17
|
|t:|1660415704
|move|p2a: Rotom|Pain Split|p1a: Melmetal
|-sethp|p1a: Melmetal|54/100|[from] move: Pain Split|[silent]
|-sethp|p2a: Rotom|84/100|[from] move: Pain Split
|move|p1a: Melmetal|Body Press|p2a: Rotom
|-damage|p2a: Rotom|1/100
|
|-heal|p2a: Rotom|8/100|[from] item: Leftovers
|-heal|p1a: Melmetal|60/100|[from] item: Leftovers
|upkeep
|turn|18
|
|t:|1660415714
|move|p2a: Rotom|Discharge|p1a: Melmetal
|-damage|p1a: Melmetal|38/100
|-status|p1a: Melmetal|par
|move|p1a: Melmetal|Body Press|p2a: Rotom
|-damage|p2a: Rotom|0 fnt
|faint|p2a: Rotom
|
|-heal|p1a: Melmetal|45/100 par|[from] item: Leftovers
|upkeep
|
|t:|1660415721
|switch|p2a: Garchomp|Garchomp, M|94/100
|-damage|p2a: Garchomp|88/100|[from] Stealth Rock
|turn|19
|
|t:|1660415728
|move|p2a: Garchomp|Earthquake|p1a: Melmetal
|-supereffective|p1a: Melmetal
|-damage|p1a: Melmetal|26/100 par
|move|p1a: Melmetal|Body Press|p2a: Garchomp
|-damage|p2a: Garchomp|16/100
|-damage|p1a: Melmetal|13/100 par|[from] ability: Rough Skin|[of] p2a: Garchomp
|
|-heal|p2a: Garchomp|22/100|[from] item: Leftovers
|-heal|p1a: Melmetal|19/100 par|[from] item: Leftovers
|upkeep
|turn|20
|
|t:|1660415739
|move|p2a: Garchomp|Fire Fang|p1a: Melmetal
|-supereffective|p1a: Melmetal
|-damage|p1a: Melmetal|11/100 par
|cant|p1a: Melmetal|flinch
|
|-heal|p2a: Garchomp|29/100|[from] item: Leftovers
|-heal|p1a: Melmetal|17/100 par|[from] item: Leftovers
|upkeep
|turn|21
|
|t:|1660415747
|move|p2a: Garchomp|Scale Shot|p1a: Melmetal
|-resisted|p1a: Melmetal
|-damage|p1a: Melmetal|16/100 par
|-resisted|p1a: Melmetal
|-damage|p1a: Melmetal|15/100 par
|-resisted|p1a: Melmetal
|-damage|p1a: Melmetal|14/100 par
|-resisted|p1a: Melmetal
|-damage|p1a: Melmetal|12/100 par
|-resisted|p1a: Melmetal
|-damage|p1a: Melmetal|11/100 par
|-hitcount|p1a: Melmetal|5
|-unboost|p2a: Garchomp|def|1
|-boost|p2a: Garchomp|spe|1
|move|p1a: Melmetal|Body Press|p2a: Garchomp
|-damage|p2a: Garchomp|0 fnt
|-damage|p1a: Melmetal|0 fnt|[from] ability: Rough Skin|[of] p2a: Garchomp
|faint|p2a: Garchomp
|faint|p1a: Melmetal
|
|upkeep
|
|t:|1660415765
|switch|p2a: Skarmory|Skarmory, M|90/100
|switch|p1a: Garchomp|Garchomp, M|100/100
|-damage|p2a: Skarmory|78/100|[from] Stealth Rock
|turn|22
|j| LT93OQ Friso
|
|t:|1660415771
|move|p1a: Garchomp|Swords Dance|p1a: Garchomp
|-boost|p1a: Garchomp|atk|2
|move|p2a: Skarmory|Toxic|p1a: Garchomp
|-status|p1a: Garchomp|tox
|
|-damage|p1a: Garchomp|94/100 tox|[from] psn
|upkeep
|turn|23
|
|t:|1660415779
|move|p1a: Garchomp|Swords Dance|p1a: Garchomp
|-boost|p1a: Garchomp|atk|2
|move|p2a: Skarmory|Roost|p2a: Skarmory
|-heal|p2a: Skarmory|100/100
|-singleturn|p2a: Skarmory|move: Roost
|
|-heal|p1a: Garchomp|100/100 tox|[from] item: Leftovers
|-damage|p1a: Garchomp|88/100 tox|[from] psn
|upkeep
|turn|24
|n| LT93OQ Nerd|coolcodename
|
|t:|1660415789
|move|p1a: Garchomp|Fire Fang|p2a: Skarmory
|-supereffective|p2a: Skarmory
|-crit|p2a: Skarmory
|-ability|p2a: Skarmory|Sturdy
|-damage|p2a: Skarmory|1/100
|-status|p2a: Skarmory|brn
|-damage|p1a: Garchomp|72/100 tox|[from] item: Rocky Helmet|[of] p2a: Skarmory
|move|p2a: Skarmory|Roost|p2a: Skarmory
|-heal|p2a: Skarmory|51/100 brn
|-singleturn|p2a: Skarmory|move: Roost
|
|-heal|p1a: Garchomp|78/100 tox|[from] item: Leftovers
|-damage|p1a: Garchomp|59/100 tox|[from] psn
|-damage|p2a: Skarmory|45/100 brn|[from] brn
|upkeep
|turn|25
|
|t:|1660415804
|move|p1a: Garchomp|Fire Fang|p2a: Skarmory
|-supereffective|p2a: Skarmory
|-crit|p2a: Skarmory
|-damage|p2a: Skarmory|0 fnt
|-damage|p1a: Garchomp|43/100 tox|[from] item: Rocky Helmet|[of] p2a: Skarmory
|faint|p2a: Skarmory
|
|win|Blue chen
|raw|Blue chen's rating: 1712 &rarr; <strong>1744</strong><br />(+32 for winning)
|raw|LT93OQ Dasmer's rating: 1943 &rarr; <strong>1911</strong><br />(-32 for losing)
|l| lt93oq fenomeno
|l|☆LT93OQ Dasmer
