|j|☆Trsh House
|j|☆Chikami
|t:|1646870663
|gametype|singles
|player|p1|Trsh House|rocketgrunt|1538
|player|p2|Chikami|ethan|1546
|teamsize|p1|6
|teamsize|p2|6
|gen|8
|tier|[Gen 8] OU
|rated|
|rule|Sleep Clause Mod: Limit one foe put to sleep
|rule|Species Clause: Limit one of each Pokémon
|rule|OHKO Clause: OHKO moves are banned
|rule|Evasion Moves Clause: Evasion moves are banned
|rule|Endless Battle Clause: Forcing endless battles is banned
|rule|HP Percentage Mod: HP is shown in percentages
|rule|Dynamax Clause: You cannot dynamax
|clearpoke
|poke|p1|Kartana|
|poke|p1|Rillaboom, F|
|poke|p1|Zapdos-Galar|
|poke|p1|Araquanid, F|
|poke|p1|Ferrothorn, M|
|poke|p1|Persian-Alola, M|
|poke|p2|Garchomp, M|
|poke|p2|Dragapult, M|
|poke|p2|Melmetal|
|poke|p2|Regieleki|
|poke|p2|Landorus-Therian, M|
|poke|p2|Urshifu-*, M|
|teampreview
|inactive|Battle timer is ON: inactive players will automatically lose when time's up. (requested by Trsh House)
|inactive|Trsh House has 120 seconds left.
|inactive|Chikami has 120 seconds left.
|inactive|Trsh House has 90 seconds left.
|inactive|Trsh House has 60 seconds left.
|j| dfsdsds4343
|
|t:|1646870761
|start
|switch|p1a: Persian|Persian-Alola, M, shiny|100/100
|switch|p2a: Dragapult|Dragapult, M|100/100
|turn|1
|inactive|Trsh House has 120 seconds left.
|
|t:|1646870778
|move|p1a: Persian|Foul Play|p2a: Dragapult
|-supereffective|p2a: Dragapult
|-damage|p2a: Dragapult|3/100
|move|p2a: Dragapult|Draco Meteor|p1a: Persian
|-damage|p1a: Persian|0 fnt
|-unboost|p2a: Dragapult|spa|2
|faint|p1a: Persian
|
|upkeep
|inactive|Trsh House has 120 seconds left.
|j| LT_Alt1
|inactive|Trsh House has 90 seconds left.
|
|t:|1646870819
|switch|p1a: Zapdos|Zapdos-Galar|100/100
|turn|2
|inactive|Trsh House has 90 seconds left.
|inactive|Chikami has 120 seconds left.
|
|t:|1646870854
|switch|p2a: Regieleki|Regieleki|100/100
|move|p1a: Zapdos|Close Combat|p2a: Regieleki
|-damage|p2a: Regieleki|0 fnt
|-unboost|p1a: Zapdos|def|1
|-unboost|p1a: Zapdos|spd|1
|faint|p2a: Regieleki
|
|upkeep
|
|t:|1646870866
|switch|p2a: Dragapult|Dragapult, M|3/100
|turn|3
|
|t:|1646870871
|switch|p1a: Araquanid|Araquanid, F|100/100
|move|p2a: Dragapult|Shadow Ball|p1a: Araquanid
|-damage|p1a: Araquanid|58/100
|
|upkeep
|turn|4
|inactive|Chikami has 120 seconds left.
|
|t:|1646870885
|switch|p2a: Urshifu|Urshifu-Rapid-Strike, M|100/100
|move|p1a: Araquanid|Sticky Web|p2a: Urshifu
|-sidestart|p2: Chikami|move: Sticky Web
|
|upkeep
|turn|5
|inactive|Trsh House has 90 seconds left.
|inactive|Chikami has 120 seconds left.
|
|t:|1646870901
|switch|p1a: Ferrothorn|Ferrothorn, M|100/100
|move|p2a: Urshifu|Close Combat|p1a: Ferrothorn
|-supereffective|p1a: Ferrothorn
|-damage|p1a: Ferrothorn|0 fnt
|-unboost|p2a: Urshifu|def|1
|-unboost|p2a: Urshifu|spd|1
|-damage|p2a: Urshifu|88/100|[from] ability: Iron Barbs|[of] p1a: Ferrothorn
|faint|p1a: Ferrothorn
|
|upkeep
|inactive|Trsh House has 90 seconds left.
|
|t:|1646870916
|switch|p1a: Kartana|Kartana|100/100
|turn|6
|inactive|Chikami has 120 seconds left.
|
|t:|1646870929
|switch|p2a: Landorus|Landorus-Therian, M|100/100
|-ability|p2a: Landorus|Intimidate|boost
|-unboost|p1a: Kartana|atk|1
|move|p1a: Kartana|Swords Dance|p1a: Kartana
|-boost|p1a: Kartana|atk|2
|
|upkeep
|turn|7
|inactive|Chikami has 120 seconds left.
|inactive|Trsh House has 90 seconds left.
|
|t:|1646870961
|move|p1a: Kartana|Leaf Blade|p2a: Landorus
|-damage|p2a: Landorus|11/100
|-damage|p1a: Kartana|84/100|[from] item: Rocky Helmet|[of] p2a: Landorus
|-damage|p1a: Kartana|74/100|[from] item: Life Orb
|move|p2a: Landorus|Earthquake|p1a: Kartana
|-damage|p1a: Kartana|29/100
|
|upkeep
|turn|8
|inactive|Chikami has 120 seconds left.
|
|t:|1646870977
|move|p1a: Kartana|Knock Off|p2a: Landorus
|-damage|p2a: Landorus|0 fnt
|-damage|p1a: Kartana|12/100|[from] item: Rocky Helmet|[of] p2a: Landorus
|-enditem|p2a: Landorus|Rocky Helmet|[from] move: Knock Off|[of] p1a: Kartana
|faint|p2a: Landorus
|-ability|p1a: Kartana|Beast Boost|boost
|-boost|p1a: Kartana|atk|1
|-damage|p1a: Kartana|2/100|[from] item: Life Orb
|
|upkeep
|
|t:|1646870989
|switch|p2a: Urshifu|Urshifu-Rapid-Strike, M|88/100
|-activate|p2a: Urshifu|move: Sticky Web
|-unboost|p2a: Urshifu|spe|1
|turn|9
|inactive|Trsh House has 90 seconds left.
|
|t:|1646870996
|move|p2a: Urshifu|Aqua Jet|p1a: Kartana
|-resisted|p1a: Kartana
|-damage|p1a: Kartana|0 fnt
|faint|p1a: Kartana
|
|upkeep
|inactive|Trsh House has 90 seconds left.
|
|t:|1646871009
|switch|p1a: Araquanid|Araquanid, F|58/100
|turn|10
|inactive|Chikami has 120 seconds left.
|
|t:|1646871033
|switch|p2a: Dragapult|Dragapult, M|3/100
|-activate|p2a: Dragapult|move: Sticky Web
|-unboost|p2a: Dragapult|spe|1
|move|p1a: Araquanid|Liquidation|p2a: Dragapult
|-resisted|p2a: Dragapult
|-damage|p2a: Dragapult|0 fnt
|faint|p2a: Dragapult
|
|upkeep
|c|☆Trsh House|gg
|c|☆Trsh House|gg
|c|☆Trsh House|P a c k e d
|c|☆Trsh House|GG
|
|t:|1646871049
|switch|p2a: Urshifu|Urshifu-Rapid-Strike, M|88/100
|-activate|p2a: Urshifu|move: Sticky Web
|-unboost|p2a: Urshifu|spe|1
|turn|11
|
|t:|1646871056
|move|p2a: Urshifu|Close Combat|p1a: Araquanid
|-resisted|p1a: Araquanid
|-damage|p1a: Araquanid|6/100
|-unboost|p2a: Urshifu|def|1
|-unboost|p2a: Urshifu|spd|1
|move|p1a: Araquanid|Liquidation|p2a: Urshifu
|-resisted|p2a: Urshifu
|-damage|p2a: Urshifu|39/100
|
|upkeep
|turn|12
|
|t:|1646871059
|move|p2a: Urshifu|Close Combat|p1a: Araquanid
|-resisted|p1a: Araquanid
|-damage|p1a: Araquanid|0 fnt
|-unboost|p2a: Urshifu|def|1
|-unboost|p2a: Urshifu|spd|1
|faint|p1a: Araquanid
|
|upkeep
|
|t:|1646871064
|switch|p1a: Zapdos|Zapdos-Galar|100/100
|turn|13
|c|☆Trsh House|p
|c|☆Trsh House|a
|c|☆Trsh House|c
|c|☆Trsh House|k
|c|☆Trsh House|e
|c|☆Trsh House|d
|inactive|Chikami has 120 seconds left.
|c|☆Trsh House|send you back home in 3 days on prime
|c|☆Trsh House|dw
|
|t:|1646871089
|move|p1a: Zapdos|Close Combat|p2a: Urshifu
|-damage|p2a: Urshifu|0 fnt
|-unboost|p1a: Zapdos|def|1
|-unboost|p1a: Zapdos|spd|1
|faint|p2a: Urshifu
|
|upkeep
|
|t:|1646871093
|switch|p2a: Garchomp|Garchomp, M|100/100
|-activate|p2a: Garchomp|move: Sticky Web
|-unboost|p2a: Garchomp|spe|1
|turn|14
|c|☆Trsh House|Shipping and Handling
|inactive|Chikami has 120 seconds left.
|
|t:|1646871104
|switch|p1a: Rillaboom|Rillaboom, F|100/100
|-fieldstart|move: Grassy Terrain|[from] ability: Grassy Surge|[of] p1a: Rillaboom
|move|p2a: Garchomp|Scale Shot|p1a: Rillaboom
|-damage|p1a: Rillaboom|86/100
|-damage|p1a: Rillaboom|71/100
|-damage|p1a: Rillaboom|56/100
|-damage|p1a: Rillaboom|41/100
|-damage|p1a: Rillaboom|28/100
|-hitcount|p1a: Rillaboom|5
|-unboost|p2a: Garchomp|def|1
|-boost|p2a: Garchomp|spe|1
|
|-heal|p1a: Rillaboom|34/100|[from] Grassy Terrain
|upkeep
|turn|15
|inactive|Chikami has 120 seconds left.
|
|t:|1646871125
|switch|p2a: Melmetal|Melmetal|100/100
|-activate|p2a: Melmetal|move: Sticky Web
|-unboost|p2a: Melmetal|spe|1
|move|p1a: Rillaboom|Superpower|p2a: Melmetal
|-supereffective|p2a: Melmetal
|-damage|p2a: Melmetal|20/100
|-unboost|p1a: Rillaboom|atk|1
|-unboost|p1a: Rillaboom|def|1
|
|-heal|p1a: Rillaboom|40/100|[from] Grassy Terrain
|-heal|p2a: Melmetal|26/100|[from] Grassy Terrain
|upkeep
|turn|16
|
|t:|1646871134
|move|p1a: Rillaboom|Superpower|p2a: Melmetal
|-supereffective|p2a: Melmetal
|-damage|p2a: Melmetal|0 fnt
|-unboost|p1a: Rillaboom|atk|1
|-unboost|p1a: Rillaboom|def|1
|faint|p2a: Melmetal
|
|-heal|p1a: Rillaboom|47/100|[from] Grassy Terrain
|upkeep
|
|t:|1646871136
|switch|p2a: Garchomp|Garchomp, M|100/100
|-activate|p2a: Garchomp|move: Sticky Web
|-unboost|p2a: Garchomp|spe|1
|turn|17
|inactive|Chikami has 120 seconds left.
|inactive|Chikami has 90 seconds left.
|j| alexanderrijo12
|
|t:|1646871186
|move|p1a: Rillaboom|Superpower|p2a: Garchomp
|-damage|p2a: Garchomp|68/100
|-unboost|p1a: Rillaboom|atk|1
|-unboost|p1a: Rillaboom|def|1
|-damage|p1a: Rillaboom|34/100|[from] ability: Rough Skin|[of] p2a: Garchomp
|move|p2a: Garchomp|Swords Dance|p2a: Garchomp
|-boost|p2a: Garchomp|atk|2
|
|-heal|p1a: Rillaboom|40/100|[from] Grassy Terrain
|-heal|p2a: Garchomp|74/100|[from] Grassy Terrain
|-heal|p2a: Garchomp|80/100|[from] item: Leftovers
|upkeep
|turn|18
|
|t:|1646871201
|switch|p1a: Zapdos|Zapdos-Galar|100/100
|move|p2a: Garchomp|Fire Fang|p1a: Zapdos
|-damage|p1a: Zapdos|52/100
|
|-heal|p2a: Garchomp|86/100|[from] Grassy Terrain
|-heal|p2a: Garchomp|92/100|[from] item: Leftovers
|-fieldend|move: Grassy Terrain
|upkeep
|turn|19
|c|☆Trsh House|gg
|c|☆Trsh House|we brave
|c|☆Trsh House|GG
|
|t:|1646871216
|move|p1a: Zapdos|Close Combat|p2a: Garchomp
|-damage|p2a: Garchomp|3/100
|-unboost|p1a: Zapdos|def|1
|-unboost|p1a: Zapdos|spd|1
|-damage|p1a: Zapdos|39/100|[from] ability: Rough Skin|[of] p2a: Garchomp
|move|p2a: Garchomp|Fire Fang|p1a: Zapdos
|-damage|p1a: Zapdos|0 fnt
|faint|p1a: Zapdos
|
|-heal|p2a: Garchomp|9/100|[from] item: Leftovers
|upkeep
|
|t:|1646871219
|switch|p1a: Rillaboom|Rillaboom, F|40/100
|-fieldstart|move: Grassy Terrain|[from] ability: Grassy Surge|[of] p1a: Rillaboom
|turn|20
|c|☆Chikami|Gg
|c|☆Trsh House|sign up for the brave browser
|c|☆Trsh House|use code packed
|c|☆Trsh House|brave like my browser
|c|☆Trsh House|for 30%
|inactive|Trsh House has 120 seconds left.
|
|t:|1646871257
|move|p1a: Rillaboom|Grassy Glide|p2a: Garchomp
|-damage|p2a: Garchomp|0 fnt
|-damage|p1a: Rillaboom|28/100|[from] ability: Rough Skin|[of] p2a: Garchomp
|faint|p2a: Garchomp
|
|win|Trsh House
|raw|Trsh House's rating: 1538 &rarr; <strong>1558</strong><br />(+20 for winning)
|raw|Chikami's rating: 1546 &rarr; <strong>1526</strong><br />(-20 for losing)
|c|☆Trsh House|packed
|l|☆Chikami
||Ladder isn't responding, score probably updated but might not have (Request timeout).
