|raw|<div class="broadcast-blue"><strong>This battle is required to be public due to a player having a name starting with 'lt92pf'.</div>
|j|☆It's Frank
|j|☆LT92PF Highv0ltag3
|t:|1660062812
|gametype|singles
|player|p1|It's Frank|266|1828
|player|p2|LT92PF Highv0ltag3|volo|1770
|teamsize|p1|6
|teamsize|p2|6
|gen|8
|tier|[Gen 8] OU
|rated|
|rule|Sleep Clause Mod: Limit one foe put to sleep
|rule|Species Clause: Limit one of each Pokémon
|rule|OHKO Clause: OHKO moves are banned
|rule|Evasion Items Clause: Evasion items are banned
|rule|Evasion Moves Clause: Evasion moves are banned
|rule|Endless Battle Clause: Forcing endless battles is banned
|rule|HP Percentage Mod: HP is shown in percentages
|rule|Dynamax Clause: You cannot dynamax
|clearpoke
|poke|p1|Ribombee, M|
|poke|p1|Kommo-o, F|
|poke|p1|Blacephalon|
|poke|p1|Kartana|
|poke|p1|Nihilego|
|poke|p1|Crawdaunt, F|
|poke|p2|Pelipper, M|
|poke|p2|Tapu Lele|
|poke|p2|Ferrothorn, F|
|poke|p2|Barraskewda, M|
|poke|p2|Garchomp, F|
|poke|p2|Tornadus-Therian, M|
|teampreview
|
|t:|1660062829
|start
|switch|p1a: Ribombee|Ribombee, M|100/100
|switch|p2a: Pelipper|Pelipper, M|100/100
|-weather|RainDance|[from] ability: Drizzle|[of] p2a: Pelipper
|turn|1
|
|t:|1660062833
|move|p1a: Ribombee|Sticky Web|p2a: Pelipper
|-sidestart|p2: LT92PF Highv0ltag3|move: Sticky Web
|move|p2a: Pelipper|U-turn|p1a: Ribombee
|-resisted|p1a: Ribombee
|-damage|p1a: Ribombee|91/100
|
|t:|1660062835
|switch|p2a: Barraskewda|Barraskewda, M|100/100|[from]move: U-turn
|-activate|p2a: Barraskewda|move: Sticky Web
|-unboost|p2a: Barraskewda|spe|1
|
|-weather|RainDance|[upkeep]
|upkeep
|turn|2
|
|t:|1660062839
|move|p2a: Barraskewda|Liquidation|p1a: Ribombee
|-damage|p1a: Ribombee|0 fnt
|faint|p1a: Ribombee
|
|-weather|RainDance|[upkeep]
|upkeep
|
|t:|1660062844
|switch|p1a: Kommo-o|Kommo-o, F|100/100
|turn|3
|
|t:|1660062846
|switch|p2a: Tornadus|Tornadus-Therian, M|100/100
|move|p1a: Kommo-o|Clangorous Soul|p1a: Kommo-o
|-boost|p1a: Kommo-o|atk|1
|-boost|p1a: Kommo-o|def|1
|-boost|p1a: Kommo-o|spa|1
|-boost|p1a: Kommo-o|spd|1
|-boost|p1a: Kommo-o|spe|1
|-damage|p1a: Kommo-o|68/100
|-enditem|p1a: Kommo-o|Throat Spray
|-boost|p1a: Kommo-o|spa|1|[from] item: Throat Spray
|
|-weather|RainDance|[upkeep]
|upkeep
|turn|4
|
|t:|1660062848
|move|p1a: Kommo-o|Clanging Scales|p2a: Tornadus
|-damage|p2a: Tornadus|0 fnt
|faint|p2a: Tornadus
|-unboost|p1a: Kommo-o|def|1
|
|-weather|RainDance|[upkeep]
|upkeep
|
|t:|1660062857
|switch|p2a: Tapu Lele|Tapu Lele|100/100
|-activate|p2a: Tapu Lele|move: Sticky Web
|-unboost|p2a: Tapu Lele|spe|1
|-fieldstart|move: Psychic Terrain|[from] ability: Psychic Surge|[of] p2a: Tapu Lele
|turn|5
|
|t:|1660062861
|move|p1a: Kommo-o|Boomburst|p2a: Tapu Lele
|-damage|p2a: Tapu Lele|9/100
|move|p2a: Tapu Lele|Moonblast|p1a: Kommo-o
|-supereffective|p1a: Kommo-o
|-damage|p1a: Kommo-o|0 fnt
|faint|p1a: Kommo-o
|
|-weather|RainDance|[upkeep]
|upkeep
|j| Kanivo
|j| lt92pf fenomeno
|j| Teamtest725
|l| Kanivo
|
|t:|1660062889
|switch|p1a: Nihilego|Nihilego|100/100
|turn|6
|
|t:|1660062893
|switch|p2a: Garchomp|Garchomp, F|100/100
|-activate|p2a: Garchomp|move: Sticky Web
|-unboost|p2a: Garchomp|spe|1
|move|p1a: Nihilego|Sludge Wave|p2a: Garchomp
|-resisted|p2a: Garchomp
|-damage|p2a: Garchomp|83/100
|
|-weather|RainDance|[upkeep]
|upkeep
|turn|7
|
|t:|1660062896
|move|p1a: Nihilego|Stealth Rock|p2a: Garchomp
|-sidestart|p2: LT92PF Highv0ltag3|move: Stealth Rock
|move|p2a: Garchomp|Stealth Rock|p1a: Nihilego
|-sidestart|p1: It's Frank|move: Stealth Rock
|
|-weather|RainDance|[upkeep]
|upkeep
|turn|8
|j| vo1kna12
|
|t:|1660062900
|move|p1a: Nihilego|Meteor Beam||[still]
|-prepare|p1a: Nihilego|Meteor Beam
|-boost|p1a: Nihilego|spa|1
|-enditem|p1a: Nihilego|Power Herb
|-anim|p1a: Nihilego|Meteor Beam|p2a: Garchomp
|-resisted|p2a: Garchomp
|-damage|p2a: Garchomp|48/100
|move|p2a: Garchomp|Earthquake|p1a: Nihilego
|-supereffective|p1a: Nihilego
|-damage|p1a: Nihilego|0 fnt
|faint|p1a: Nihilego
|
|-weather|none
|upkeep
|
|t:|1660062904
|switch|p1a: Kartana|Kartana|100/100
|-damage|p1a: Kartana|94/100|[from] Stealth Rock
|turn|9
|
|t:|1660062908
|switch|p2a: Ferrothorn|Ferrothorn, F|100/100
|-activate|p2a: Ferrothorn|move: Sticky Web
|-unboost|p2a: Ferrothorn|spe|1
|-damage|p2a: Ferrothorn|94/100|[from] Stealth Rock
|move|p1a: Kartana|Swords Dance|p1a: Kartana
|-boost|p1a: Kartana|atk|2
|
|-heal|p2a: Ferrothorn|100/100|[from] item: Leftovers
|-fieldend|move: Psychic Terrain
|upkeep
|turn|10
|
|t:|1660062917
|switch|p2a: Pelipper|Pelipper, M|100/100
|-damage|p2a: Pelipper|75/100|[from] Stealth Rock
|-weather|RainDance|[from] ability: Drizzle|[of] p2a: Pelipper
|move|p1a: Kartana|Swords Dance|p1a: Kartana
|-boost|p1a: Kartana|atk|2
|
|-weather|RainDance|[upkeep]
|upkeep
|turn|11
|
|t:|1660062920
|switch|p2a: Tapu Lele|Tapu Lele|9/100
|-activate|p2a: Tapu Lele|move: Sticky Web
|-unboost|p2a: Tapu Lele|spe|1
|-damage|p2a: Tapu Lele|0 fnt|[from] Stealth Rock
|faint|p2a: Tapu Lele
|move|p1a: Kartana|Leaf Blade|p2: Tapu Lele|[notarget]
|-fail|p1a: Kartana
|
|-weather|RainDance|[upkeep]
|upkeep
|
|t:|1660062922
|switch|p2a: Barraskewda|Barraskewda, M|100/100
|-activate|p2a: Barraskewda|move: Sticky Web
|-unboost|p2a: Barraskewda|spe|1
|-damage|p2a: Barraskewda|88/100|[from] Stealth Rock
|turn|12
|
|t:|1660062925
|switch|p1a: Blacephalon|Blacephalon|100/100
|-damage|p1a: Blacephalon|76/100|[from] Stealth Rock
|move|p2a: Barraskewda|Close Combat|p1a: Blacephalon
|-immune|p1a: Blacephalon
|
|-weather|RainDance|[upkeep]
|upkeep
|turn|13
|
|t:|1660062930
|switch|p2a: Garchomp|Garchomp, F|48/100
|-activate|p2a: Garchomp|move: Sticky Web
|-unboost|p2a: Garchomp|spe|1
|-damage|p2a: Garchomp|42/100|[from] Stealth Rock
|move|p1a: Blacephalon|Shadow Ball|p2a: Garchomp
|-damage|p2a: Garchomp|6/100
|-unboost|p2a: Garchomp|spd|1
|
|-weather|RainDance|[upkeep]
|upkeep
|turn|14
|
|t:|1660062934
|move|p1a: Blacephalon|Shadow Ball|p2a: Garchomp
|-damage|p2a: Garchomp|0 fnt
|faint|p2a: Garchomp
|-ability|p1a: Blacephalon|Beast Boost|boost
|-boost|p1a: Blacephalon|spa|1
|
|-weather|RainDance|[upkeep]
|upkeep
|inactive|Battle timer is ON: inactive players will automatically lose when time's up. (requested by It's Frank)
|
|t:|1660062948
|switch|p2a: Ferrothorn|Ferrothorn, F|100/100
|-activate|p2a: Ferrothorn|move: Sticky Web
|-unboost|p2a: Ferrothorn|spe|1
|-damage|p2a: Ferrothorn|94/100|[from] Stealth Rock
|turn|15
|
|t:|1660062950
|move|p1a: Blacephalon|Shadow Ball|p2a: Ferrothorn
|-damage|p2a: Ferrothorn|46/100
|-unboost|p2a: Ferrothorn|spd|1
|move|p2a: Ferrothorn|Knock Off|p1a: Blacephalon
|-supereffective|p1a: Blacephalon
|-damage|p1a: Blacephalon|0 fnt
|-enditem|p1a: Blacephalon|Choice Scarf|[from] move: Knock Off|[of] p2a: Ferrothorn
|faint|p1a: Blacephalon
|
|-weather|RainDance|[upkeep]
|-heal|p2a: Ferrothorn|52/100|[from] item: Leftovers
|upkeep
|
|t:|1660062958
|switch|p1a: Kartana|Kartana|94/100
|-damage|p1a: Kartana|88/100|[from] Stealth Rock
|turn|16
|
|t:|1660062966
|move|p1a: Kartana|Sacred Sword|p2a: Ferrothorn
|-supereffective|p2a: Ferrothorn
|-damage|p2a: Ferrothorn|11/100
|-activate|p2a: Ferrothorn|ability: Iron Barbs
|-activate|p1a: Kartana|item: Protective Pads
|move|p2a: Ferrothorn|Knock Off|p1a: Kartana
|-damage|p1a: Kartana|70/100
|-enditem|p1a: Kartana|Protective Pads|[from] move: Knock Off|[of] p2a: Ferrothorn
|
|-weather|RainDance|[upkeep]
|-heal|p2a: Ferrothorn|17/100|[from] item: Leftovers
|upkeep
|turn|17
|j| LT92PF yeufer
|
|t:|1660062971
|switch|p2a: Pelipper|Pelipper, M|75/100
|-damage|p2a: Pelipper|50/100|[from] Stealth Rock
|move|p1a: Kartana|Knock Off|p2a: Pelipper
|-damage|p2a: Pelipper|24/100
|-enditem|p2a: Pelipper|Damp Rock|[from] move: Knock Off|[of] p1a: Kartana
|
|-weather|none
|upkeep
|turn|18
|j| slainey?
|c|☆LT92PF Highv0ltag3|i choked lol
|
|t:|1660062992
|switch|p2a: Ferrothorn|Ferrothorn, F|17/100
|-activate|p2a: Ferrothorn|move: Sticky Web
|-unboost|p2a: Ferrothorn|spe|1
|-damage|p2a: Ferrothorn|11/100|[from] Stealth Rock
|move|p1a: Kartana|Leaf Blade|p2a: Ferrothorn
|-resisted|p2a: Ferrothorn
|-crit|p2a: Ferrothorn
|-damage|p2a: Ferrothorn|0 fnt
|-damage|p1a: Kartana|58/100|[from] ability: Iron Barbs|[of] p2a: Ferrothorn
|faint|p2a: Ferrothorn
|-ability|p1a: Kartana|Beast Boost|boost
|-boost|p1a: Kartana|spe|1
|
|upkeep
|
|t:|1660062994
|switch|p2a: Pelipper|Pelipper, M|24/100
|-damage|p2a: Pelipper|0 fnt|[from] Stealth Rock
|faint|p2a: Pelipper
|c|☆It's Frank|that was a lil confusing yeah
|c|☆LT92PF Highv0ltag3|gg
|c|☆It's Frank|gg
|
|t:|1660063001
|switch|p2a: Barraskewda|Barraskewda, M|88/100
|-activate|p2a: Barraskewda|move: Sticky Web
|-unboost|p2a: Barraskewda|spe|1
|-damage|p2a: Barraskewda|75/100|[from] Stealth Rock
|turn|19
|c|☆LT92PF Highv0ltag3|i think I lost either way
|c|☆LT92PF Highv0ltag3|doesn crawdant jet kill me in rain
|c|☆It's Frank|prob yeah
|inactive|LT92PF Highv0ltag3 has 120 seconds left.
|c|☆LT92PF Highv0ltag3|ye
|-message|LT92PF Highv0ltag3 forfeited.
|
|win|It's Frank
|raw|It&apos;s Frank's rating: 1828 &rarr; <strong>1845</strong><br />(+17 for winning)
|raw|LT92PF Highv0ltag3's rating: 1770 &rarr; <strong>1753</strong><br />(-17 for losing)
|l|☆LT92PF Highv0ltag3
|l|☆It's Frank
