|j|☆max them all out
|j|☆bramitoboy
|t:|1667585226
|gametype|singles
|player|p1|max them all out|ninjaboy|1707
|player|p2|bramitoboy|265|1779
|teamsize|p1|6
|teamsize|p2|6
|gen|8
|tier|[Gen 8] OU
|rated|
|rule|Sleep Clause Mod: Limit one foe put to sleep
|rule|Species Clause: Limit one of each Pokémon
|rule|OHKO Clause: OHKO moves are banned
|rule|Evasion Items Clause: Evasion items are banned
|rule|Evasion Moves Clause: Evasion moves are banned
|rule|Endless Battle Clause: Forcing endless battles is banned
|rule|HP Percentage Mod: HP is shown in percentages
|rule|Dynamax Clause: You cannot dynamax
|clearpoke
|poke|p1|Nihilego|
|poke|p1|Magnezone|
|poke|p1|Slowking, M|
|poke|p1|Buzzwole|
|poke|p1|Mandibuzz, F|
|poke|p1|Hippowdon, F|
|poke|p2|Zarude-Dada|
|poke|p2|Keldeo-Resolute|
|poke|p2|Tapu Lele|
|poke|p2|Tapu Koko|
|poke|p2|Heatran, F|
|poke|p2|Landorus-Therian, M|
|teampreview
|inactive|Battle timer is ON: inactive players will automatically lose when time's up. (requested by max them all out)
|
|t:|1667585252
|start
|switch|p1a: funny up|Buzzwole, shiny|100/100
|switch|p2a: Landorus|Landorus-Therian, M|100/100
|-ability|p2a: Landorus|Intimidate|boost
|-unboost|p1a: funny up|atk|1
|turn|1
|
|t:|1667585258
|switch|p2a: Keldeo|Keldeo-Resolute|100/100
|move|p1a: funny up|Ice Punch|p2a: Keldeo
|-resisted|p2a: Keldeo
|-damage|p2a: Keldeo|92/100
|-status|p2a: Keldeo|frz
|
|-heal|p2a: Keldeo|98/100 frz|[from] item: Leftovers
|upkeep
|turn|2
|c|☆max them all out|mb
|
|t:|1667585271
|switch|p1a: money up|Slowking, M, shiny|100/100
|-curestatus|p2a: Keldeo|frz|[from] move: Scald
|move|p2a: Keldeo|Scald|p1a: money up
|-resisted|p1a: money up
|-damage|p1a: money up|89/100
|-status|p1a: money up|brn
|
|-heal|p2a: Keldeo|100/100|[from] item: Leftovers
|-damage|p1a: money up|83/100 brn|[from] brn
|upkeep
|turn|3
|c|☆bramitoboy|don't worry
|
|t:|1667585282
|switch|p2a: Zarude|Zarude-Dada|100/100
|move|p1a: money up|Teleport|p1a: money up
|
|t:|1667585290
|switch|p1a: funny up|Buzzwole, shiny|100/100|[from]move: Teleport
|
|upkeep
|turn|4
|
|t:|1667585296
|switch|p2a: Landorus|Landorus-Therian, M|100/100
|-ability|p2a: Landorus|Intimidate|boost
|-unboost|p1a: funny up|atk|1
|move|p1a: funny up|Earthquake|p2a: Landorus
|-immune|p2a: Landorus
|
|upkeep
|turn|5
|j| Kwaga
|
|t:|1667585304
|switch|p2a: Keldeo|Keldeo-Resolute|100/100
|move|p1a: funny up|Ice Punch|p2a: Keldeo
|-resisted|p2a: Keldeo
|-damage|p2a: Keldeo|91/100
|
|-heal|p2a: Keldeo|97/100|[from] item: Leftovers
|upkeep
|turn|6
|
|t:|1667585311
|switch|p2a: Tapu Lele|Tapu Lele|100/100
|-fieldstart|move: Psychic Terrain|[from] ability: Psychic Surge|[of] p2a: Tapu Lele
|switch|p1a: money up|Slowking, M, shiny|100/100 brn
|
|-damage|p1a: money up|94/100 brn|[from] brn
|upkeep
|turn|7
|
|t:|1667585317
|move|p2a: Tapu Lele|Thunderbolt|p1a: money up
|-supereffective|p1a: money up
|-damage|p1a: money up|54/100 brn
|move|p1a: money up|Teleport|p1a: money up
|
|t:|1667585324
|switch|p1a: yung jelly|Nihilego, shiny|100/100|[from]move: Teleport
|
|upkeep
|turn|8
|
|t:|1667585328
|move|p1a: yung jelly|Power Gem|p2a: Tapu Lele
|-damage|p2a: Tapu Lele|55/100
|move|p2a: Tapu Lele|Psyshock|p1a: yung jelly
|-supereffective|p1a: yung jelly
|-damage|p1a: yung jelly|0 fnt
|faint|p1a: yung jelly
|
|upkeep
|
|t:|1667585336
|switch|p1a: 3/10|Hippowdon, F, shiny|100/100
|-weather|Sandstorm|[from] ability: Sand Stream|[of] p1a: 3/10
|turn|9
|
|t:|1667585341
|switch|p2a: Heatran|Heatran, F|100/100
|-item|p2a: Heatran|Air Balloon
|move|p1a: 3/10|Stealth Rock|p2a: Heatran
|-sidestart|p2: bramitoboy|move: Stealth Rock
|
|-weather|Sandstorm|[upkeep]
|upkeep
|turn|10
|j| charqe Q
|
|t:|1667585345
|switch|p1a: money up|Slowking, M, shiny|87/100 brn
|move|p2a: Heatran|Magma Storm|p1a: money up
|-resisted|p1a: money up
|-damage|p1a: money up|71/100 brn
|-activate|p1a: money up|move: Magma Storm|[of] p2a: Heatran
|
|-weather|Sandstorm|[upkeep]
|-damage|p1a: money up|64/100 brn|[from] Sandstorm
|-damage|p1a: money up|58/100 brn|[from] brn
|-damage|p1a: money up|46/100 brn|[from] move: Magma Storm|[partiallytrapped]
|-fieldend|move: Psychic Terrain
|upkeep
|turn|11
|j| Astro Excaliburn
|
|t:|1667585355
|move|p2a: Heatran|Taunt|p1a: money up
|-start|p1a: money up|move: Taunt
|move|p1a: money up|Scald|p2a: Heatran
|-supereffective|p2a: Heatran
|-damage|p2a: Heatran|56/100
|-enditem|p2a: Heatran|Air Balloon
|
|-weather|Sandstorm|[upkeep]
|-damage|p1a: money up|40/100 brn|[from] Sandstorm
|-damage|p1a: money up|34/100 brn|[from] brn
|-damage|p1a: money up|21/100 brn|[from] move: Magma Storm|[partiallytrapped]
|upkeep
|turn|12
|
|t:|1667585364
|move|p2a: Heatran|Earth Power|p1a: money up
|-damage|p1a: money up|0 fnt
|faint|p1a: money up
|
|-weather|Sandstorm|[upkeep]
|upkeep
|
|t:|1667585370
|switch|p1a: funny up|Buzzwole, shiny|100/100
|turn|13
|
|t:|1667585377
|switch|p2a: Keldeo|Keldeo-Resolute|97/100
|-damage|p2a: Keldeo|91/100|[from] Stealth Rock
|move|p1a: funny up|Close Combat|p2a: Keldeo
|-damage|p2a: Keldeo|22/100
|-unboost|p1a: funny up|def|1
|-unboost|p1a: funny up|spd|1
|
|-weather|none
|-heal|p2a: Keldeo|29/100|[from] item: Leftovers
|upkeep
|turn|14
|
|t:|1667585385
|switch|p2a: Landorus|Landorus-Therian, M|100/100
|-damage|p2a: Landorus|88/100|[from] Stealth Rock
|-ability|p2a: Landorus|Intimidate|boost
|-unboost|p1a: funny up|atk|1
|move|p1a: funny up|Close Combat|p2a: Landorus
|-resisted|p2a: Landorus
|-damage|p2a: Landorus|73/100
|-unboost|p1a: funny up|def|1
|-unboost|p1a: funny up|spd|1
|-damage|p1a: funny up|84/100|[from] item: Rocky Helmet|[of] p2a: Landorus
|
|upkeep
|turn|15
|
|t:|1667585394
|move|p1a: funny up|Ice Punch|p2a: Landorus
|-supereffective|p2a: Landorus
|-damage|p2a: Landorus|22/100
|-damage|p1a: funny up|67/100|[from] item: Rocky Helmet|[of] p2a: Landorus
|move|p2a: Landorus|Toxic|p1a: funny up
|-status|p1a: funny up|tox
|
|-damage|p1a: funny up|61/100 tox|[from] psn
|upkeep
|turn|16
|
|t:|1667585404
|switch|p2a: Tapu Lele|Tapu Lele|55/100
|-damage|p2a: Tapu Lele|42/100|[from] Stealth Rock
|-fieldstart|move: Psychic Terrain|[from] ability: Psychic Surge|[of] p2a: Tapu Lele
|move|p1a: funny up|Close Combat|p2a: Tapu Lele
|-resisted|p2a: Tapu Lele
|-damage|p2a: Tapu Lele|26/100
|-unboost|p1a: funny up|def|1
|-unboost|p1a: funny up|spd|1
|
|-damage|p1a: funny up|49/100 tox|[from] psn
|upkeep
|turn|17
|
|t:|1667585416
|switch|p2a: Zarude|Zarude-Dada|100/100
|-damage|p2a: Zarude|88/100|[from] Stealth Rock
|switch|p1a: 3/10|Hippowdon, F, shiny|100/100
|-weather|Sandstorm|[from] ability: Sand Stream|[of] p1a: 3/10
|
|-weather|Sandstorm|[upkeep]
|-damage|p2a: Zarude|82/100|[from] Sandstorm
|upkeep
|turn|18
|
|t:|1667585429
|switch|p1a: toomes|Mandibuzz, F, shiny|100/100
|move|p2a: Zarude|Bulk Up|p2a: Zarude
|-boost|p2a: Zarude|atk|1
|-boost|p2a: Zarude|def|1
|
|-weather|Sandstorm|[upkeep]
|-damage|p2a: Zarude|75/100|[from] Sandstorm
|upkeep
|turn|19
|
|t:|1667585431
|move|p2a: Zarude|Bulk Up|p2a: Zarude
|-boost|p2a: Zarude|atk|1
|-boost|p2a: Zarude|def|1
|move|p1a: toomes|U-turn|p2a: Zarude
|-supereffective|p2a: Zarude
|-damage|p2a: Zarude|54/100
|
|t:|1667585435
|switch|p1a: funny up|Buzzwole, shiny|49/100 tox|[from]move: U-turn
|
|-weather|Sandstorm|[upkeep]
|-damage|p2a: Zarude|48/100|[from] Sandstorm
|-damage|p1a: funny up|43/100 tox|[from] Sandstorm
|-damage|p1a: funny up|37/100 tox|[from] psn
|upkeep
|turn|20
|
|t:|1667585438
|move|p2a: Zarude|Power Whip|p1a: funny up
|-resisted|p1a: funny up
|-damage|p1a: funny up|0 fnt
|-damage|p2a: Zarude|31/100|[from] item: Rocky Helmet|[of] p1a: funny up
|faint|p1a: funny up
|-damage|p2a: Zarude|21/100|[from] item: Life Orb
|
|-weather|Sandstorm|[upkeep]
|-damage|p2a: Zarude|15/100|[from] Sandstorm
|-fieldend|move: Psychic Terrain
|upkeep
|
|t:|1667585443
|switch|p1a: toomes|Mandibuzz, F, shiny|100/100
|turn|21
|
|t:|1667585446
|move|p2a: Zarude|Synthesis|p2a: Zarude
|-heal|p2a: Zarude|40/100
|move|p1a: toomes|Foul Play|p2a: Zarude
|-resisted|p2a: Zarude
|-damage|p2a: Zarude|17/100
|
|-weather|none
|upkeep
|turn|22
|
|t:|1667585454
|move|p2a: Zarude|Synthesis|p2a: Zarude
|-heal|p2a: Zarude|67/100
|move|p1a: toomes|U-turn|p2a: Zarude
|-supereffective|p2a: Zarude
|-damage|p2a: Zarude|45/100
|
|t:|1667585456
|switch|p1a: 3/10|Hippowdon, F, shiny|100/100|[from]move: U-turn
|-weather|Sandstorm|[from] ability: Sand Stream|[of] p1a: 3/10
|
|-weather|Sandstorm|[upkeep]
|-damage|p2a: Zarude|39/100|[from] Sandstorm
|upkeep
|turn|23
|
|t:|1667585459
|switch|p1a: toomes|Mandibuzz, F, shiny|100/100
|move|p2a: Zarude|Power Whip|p1a: toomes
|-resisted|p1a: toomes
|-damage|p1a: toomes|41/100
|-damage|p2a: Zarude|29/100|[from] item: Life Orb
|
|-weather|Sandstorm|[upkeep]
|-damage|p2a: Zarude|23/100|[from] Sandstorm
|upkeep
|turn|24
|
|t:|1667585469
|switch|p1a: zoner|Magnezone, shiny|100/100
|move|p2a: Zarude|Power Whip|p1a: zoner
|-resisted|p1a: zoner
|-damage|p1a: zoner|44/100
|-damage|p2a: Zarude|13/100|[from] item: Life Orb
|
|-weather|Sandstorm|[upkeep]
|-damage|p2a: Zarude|7/100|[from] Sandstorm
|-heal|p1a: zoner|50/100|[from] item: Leftovers
|upkeep
|turn|25
|
|t:|1667585475
|move|p2a: Zarude|Synthesis|p2a: Zarude
|-heal|p2a: Zarude|32/100
|move|p1a: zoner|Body Press|p2a: Zarude
|-supereffective|p2a: Zarude
|-damage|p2a: Zarude|9/100
|
|-weather|Sandstorm|[upkeep]
|-damage|p2a: Zarude|3/100|[from] Sandstorm
|-heal|p1a: zoner|56/100|[from] item: Leftovers
|upkeep
|turn|26
|
|t:|1667585483
|move|p2a: Zarude|Darkest Lariat|p1a: zoner
|-damage|p1a: zoner|0 fnt
|faint|p1a: zoner
|-damage|p2a: Zarude|0 fnt|[from] item: Life Orb
|faint|p2a: Zarude
|
|-weather|none
|upkeep
|
|t:|1667585491
|switch|p2a: Keldeo|Keldeo-Resolute|29/100
|switch|p1a: toomes|Mandibuzz, F, shiny|41/100
|-damage|p2a: Keldeo|22/100|[from] Stealth Rock
|turn|27
|
|t:|1667585496
|move|p2a: Keldeo|Calm Mind|p2a: Keldeo
|-boost|p2a: Keldeo|spa|1
|-boost|p2a: Keldeo|spd|1
|move|p1a: toomes|Roost|p1a: toomes
|-heal|p1a: toomes|91/100
|-singleturn|p1a: toomes|move: Roost
|
|-heal|p2a: Keldeo|29/100|[from] item: Leftovers
|upkeep
|turn|28
|
|t:|1667585502
|move|p2a: Keldeo|Scald|p1a: toomes
|-damage|p1a: toomes|55/100
|move|p1a: toomes|Foul Play|p2a: Keldeo
|-resisted|p2a: Keldeo
|-damage|p2a: Keldeo|18/100
|-ability|p2a: Keldeo|Justified|boost
|-boost|p2a: Keldeo|atk|1
|
|-heal|p2a: Keldeo|24/100|[from] item: Leftovers
|upkeep
|turn|29
|
|t:|1667585508
|move|p2a: Keldeo|Secret Sword|p1a: toomes
|-damage|p1a: toomes|7/100
|move|p1a: toomes|U-turn|p2a: Keldeo
|-resisted|p2a: Keldeo
|-damage|p2a: Keldeo|17/100
|
|t:|1667585511
|switch|p1a: 3/10|Hippowdon, F, shiny|100/100|[from]move: U-turn
|-weather|Sandstorm|[from] ability: Sand Stream|[of] p1a: 3/10
|
|-weather|Sandstorm|[upkeep]
|-damage|p2a: Keldeo|11/100|[from] Sandstorm
|-heal|p2a: Keldeo|17/100|[from] item: Leftovers
|upkeep
|turn|30
|
|t:|1667585517
|move|p2a: Keldeo|Scald|p1a: 3/10
|-supereffective|p1a: 3/10
|-damage|p1a: 3/10|0 fnt
|faint|p1a: 3/10
|
|-weather|Sandstorm|[upkeep]
|-damage|p2a: Keldeo|11/100|[from] Sandstorm
|-heal|p2a: Keldeo|17/100|[from] item: Leftovers
|upkeep
|c|☆bramitoboy|gg
|-message|max them all out forfeited.
|
|win|bramitoboy
|raw|max them all out's rating: 1707 &rarr; <strong>1691</strong><br />(-16 for losing)
|raw|bramitoboy's rating: 1779 &rarr; <strong>1795</strong><br />(+16 for winning)
|l|☆max them all out
|l|☆bramitoboy
|l| Kwaga
||Ladder isn't responding, score probably updated but might not have (Request timeout).
|l| Astro Excaliburn
