|j|☆bizarman
|j|☆Chokst du
|t:|1657139289
|gametype|singles
|player|p1|bizarman|scientist-gen4|1714
|player|p2|Chokst du|101|1773
|teamsize|p1|6
|teamsize|p2|6
|gen|8
|tier|[Gen 8] OU
|rated|
|rule|Sleep Clause Mod: Limit one foe put to sleep
|rule|Species Clause: Limit one of each Pokémon
|rule|OHKO Clause: OHKO moves are banned
|rule|Evasion Moves Clause: Evasion moves are banned
|rule|Endless Battle Clause: Forcing endless battles is banned
|rule|HP Percentage Mod: HP is shown in percentages
|rule|Dynamax Clause: You cannot dynamax
|clearpoke
|poke|p1|Blaziken, F|
|poke|p1|Zeraora|
|poke|p1|Mew|
|poke|p1|Tapu Fini|
|poke|p1|Landorus-Therian, M|
|poke|p1|Bisharp, M|
|poke|p2|Toxtricity, M|
|poke|p2|Dragapult, M|
|poke|p2|Clefable, F|
|poke|p2|Dragonite, F|
|poke|p2|Ferrothorn, F|
|poke|p2|Landorus-Therian, M|
|teampreview
|inactive|Battle timer is ON: inactive players will automatically lose when time's up. (requested by bizarman)
|
|t:|1657139312
|start
|switch|p1a: Mew|Mew|100/100
|switch|p2a: Dragapult|Dragapult, M|100/100
|turn|1
|
|t:|1657139323
|move|p2a: Dragapult|U-turn|p1a: Mew
|-supereffective|p1a: Mew
|-damage|p1a: Mew|35/100
|-enditem|p1a: Mew|Red Card|[of] p2a: Dragapult
|drag|p2a: Dragonite|Dragonite, F|100/100
|move|p1a: Mew|Stealth Rock|p2a: Dragonite
|-sidestart|p2: Chokst du|move: Stealth Rock
|
|upkeep
|turn|2
|
|t:|1657139334
|move|p1a: Mew|Explosion|p2a: Dragonite
|-damage|p2a: Dragonite|69/100
|faint|p1a: Mew
|move|p2a: Dragonite|Dual Wingbeat|p1: Mew|[notarget]
|-fail|p2a: Dragonite
|
|upkeep
|j| Ragnnis
|
|t:|1657139353
|switch|p1a: Landorus|Landorus-Therian, M|100/100
|-ability|p1a: Landorus|Intimidate|boost
|-unboost|p2a: Dragonite|atk|1
|turn|3
|
|t:|1657139369
|switch|p2a: Clefable|Clefable, F|100/100
|move|p1a: Landorus|Stone Edge|p2a: Clefable
|-damage|p2a: Clefable|67/100
|
|-heal|p2a: Clefable|73/100|[from] item: Leftovers
|upkeep
|turn|4
|
|t:|1657139375
|move|p1a: Landorus|Rock Polish|p1a: Landorus
|-boost|p1a: Landorus|spe|2
|move|p2a: Clefable|Stealth Rock|p1a: Landorus
|-sidestart|p1: bizarman|move: Stealth Rock
|
|-heal|p2a: Clefable|79/100|[from] item: Leftovers
|upkeep
|turn|5
|
|t:|1657139387
|switch|p2a: Landorus|Landorus-Therian, M|100/100
|-damage|p2a: Landorus|88/100|[from] Stealth Rock
|-ability|p2a: Landorus|Intimidate|boost
|-unboost|p1a: Landorus|atk|1
|move|p1a: Landorus|Swords Dance|p1a: Landorus
|-boost|p1a: Landorus|atk|2
|
|-heal|p2a: Landorus|94/100|[from] item: Leftovers
|upkeep
|turn|6
|
|t:|1657139396
|move|p1a: Landorus|Stone Edge|p2a: Landorus|[miss]
|-miss|p1a: Landorus|p2a: Landorus
|move|p2a: Landorus|Toxic|p1a: Landorus
|-status|p1a: Landorus|tox
|
|-heal|p2a: Landorus|99/100|[from] item: Leftovers
|-damage|p1a: Landorus|95/100 tox|[from] psn
|upkeep
|turn|7
|
|t:|1657139420
|switch|p2a: Clefable|Clefable, F|79/100
|move|p1a: Landorus|Stone Edge|p2a: Clefable
|-damage|p2a: Clefable|30/100
|
|-heal|p2a: Clefable|36/100|[from] item: Leftovers
|-damage|p1a: Landorus|83/100 tox|[from] psn
|upkeep
|turn|8
|
|t:|1657139428
|switch|p2a: Landorus|Landorus-Therian, M|99/100
|-damage|p2a: Landorus|88/100|[from] Stealth Rock
|-ability|p2a: Landorus|Intimidate|boost
|-unboost|p1a: Landorus|atk|1
|move|p1a: Landorus|Swords Dance|p1a: Landorus
|-boost|p1a: Landorus|atk|2
|
|-heal|p2a: Landorus|94/100|[from] item: Leftovers
|-damage|p1a: Landorus|65/100 tox|[from] psn
|upkeep
|turn|9
|
|t:|1657139445
|switch|p2a: Clefable|Clefable, F|36/100
|move|p1a: Landorus|Stone Edge|p2a: Clefable|[miss]
|-miss|p1a: Landorus|p2a: Clefable
|
|-heal|p2a: Clefable|42/100|[from] item: Leftovers
|-damage|p1a: Landorus|41/100 tox|[from] psn
|upkeep
|turn|10
|j| UsingSlurs
|
|t:|1657139464
|move|p1a: Landorus|Earthquake|p2a: Clefable
|-damage|p2a: Clefable|0 fnt
|faint|p2a: Clefable
|
|-damage|p1a: Landorus|11/100 tox|[from] psn
|upkeep
|
|t:|1657139470
|switch|p2a: Dragapult|Dragapult, M|100/100
|-damage|p2a: Dragapult|88/100|[from] Stealth Rock
|turn|11
|
|t:|1657139474
|move|p2a: Dragapult|Sucker Punch|p1a: Landorus
|-damage|p1a: Landorus|0 fnt
|faint|p1a: Landorus
|
|upkeep
|
|t:|1657139479
|switch|p1a: Bisharp|Bisharp, M|100/100
|-damage|p1a: Bisharp|95/100|[from] Stealth Rock
|turn|12
|
|t:|1657139504
|switch|p2a: Dragonite|Dragonite, F|69/100
|move|p1a: Bisharp|Swords Dance|p1a: Bisharp
|-boost|p1a: Bisharp|atk|2
|
|upkeep
|turn|13
|
|t:|1657139510
|move|p2a: Dragonite|Earthquake|p1a: Bisharp
|-supereffective|p1a: Bisharp
|-damage|p1a: Bisharp|5/100
|move|p1a: Bisharp|Knock Off|p2a: Dragonite
|-damage|p2a: Dragonite|0 fnt
|-enditem|p2a: Dragonite|Heavy-Duty Boots|[from] move: Knock Off|[of] p1a: Bisharp
|faint|p2a: Dragonite
|
|upkeep
|
|t:|1657139525
|switch|p2a: Dragapult|Dragapult, M|88/100
|-damage|p2a: Dragapult|76/100|[from] Stealth Rock
|turn|14
|
|t:|1657139531
|move|p1a: Bisharp|Sucker Punch|p2a: Dragapult
|-supereffective|p2a: Dragapult
|-damage|p2a: Dragapult|0 fnt
|faint|p2a: Dragapult
|
|upkeep
|
|t:|1657139543
|switch|p2a: Ferrothorn|Ferrothorn, F|100/100
|-damage|p2a: Ferrothorn|94/100|[from] Stealth Rock
|turn|15
|
|t:|1657139547
|move|p1a: Bisharp|Knock Off|p2a: Ferrothorn
|-damage|p2a: Ferrothorn|24/100
|-damage|p1a: Bisharp|0 fnt|[from] ability: Iron Barbs|[of] p2a: Ferrothorn
|faint|p1a: Bisharp
|move|p2a: Ferrothorn|Spikes|p1: Bisharp
|-sidestart|p1: bizarman|Spikes
|
|-heal|p2a: Ferrothorn|30/100|[from] item: Leftovers
|upkeep
|
|t:|1657139555
|switch|p1a: Blaziken|Blaziken, F|100/100
|-damage|p1a: Blaziken|88/100|[from] Stealth Rock
|-damage|p1a: Blaziken|76/100|[from] Spikes
|turn|16
|
|t:|1657139567
|switch|p2a: Landorus|Landorus-Therian, M|94/100
|-damage|p2a: Landorus|82/100|[from] Stealth Rock
|-ability|p2a: Landorus|Intimidate|boost
|-unboost|p1a: Blaziken|atk|1
|move|p1a: Blaziken|Swords Dance|p1a: Blaziken
|-boost|p1a: Blaziken|atk|2
|
|-heal|p2a: Landorus|88/100|[from] item: Leftovers
|-ability|p1a: Blaziken|Speed Boost|boost
|-boost|p1a: Blaziken|spe|1
|upkeep
|turn|17
|
|t:|1657139578
|move|p1a: Blaziken|Close Combat|p2a: Landorus
|-resisted|p2a: Landorus
|-damage|p2a: Landorus|29/100
|-unboost|p1a: Blaziken|def|1
|-unboost|p1a: Blaziken|spd|1
|-damage|p1a: Blaziken|66/100|[from] item: Life Orb
|move|p2a: Landorus|Earthquake|p1a: Blaziken
|-supereffective|p1a: Blaziken
|-damage|p1a: Blaziken|0 fnt
|faint|p1a: Blaziken
|
|-heal|p2a: Landorus|35/100|[from] item: Leftovers
|upkeep
|
|t:|1657139591
|switch|p1a: Tapu Fini|Tapu Fini|100/100
|-damage|p1a: Tapu Fini|88/100|[from] Stealth Rock
|-damage|p1a: Tapu Fini|76/100|[from] Spikes
|-fieldstart|move: Misty Terrain|[from] ability: Misty Surge|[of] p1a: Tapu Fini
|turn|18
|
|t:|1657139614
|switch|p2a: Ferrothorn|Ferrothorn, F|30/100
|-damage|p2a: Ferrothorn|24/100|[from] Stealth Rock
|move|p1a: Tapu Fini|Hydro Pump|p2a: Ferrothorn|[miss]
|-miss|p1a: Tapu Fini|p2a: Ferrothorn
|
|-heal|p2a: Ferrothorn|30/100|[from] item: Leftovers
|upkeep
|turn|19
|
|t:|1657139623
|switch|p1a: Zeraora|Zeraora|100/100
|-damage|p1a: Zeraora|88/100|[from] Stealth Rock
|-damage|p1a: Zeraora|76/100|[from] Spikes
|move|p2a: Ferrothorn|Power Whip|p1a: Zeraora
|-damage|p1a: Zeraora|27/100
|
|-heal|p1a: Zeraora|33/100|[from] item: Leftovers
|-heal|p2a: Ferrothorn|36/100|[from] item: Leftovers
|upkeep
|turn|20
|
|t:|1657139635
|switch|p2a: Landorus|Landorus-Therian, M|35/100
|-damage|p2a: Landorus|22/100|[from] Stealth Rock
|-ability|p2a: Landorus|Intimidate|boost
|-unboost|p1a: Zeraora|atk|1
|move|p1a: Zeraora|Drain Punch|p2a: Landorus
|-resisted|p2a: Landorus
|-damage|p2a: Landorus|15/100
|-heal|p1a: Zeraora|37/100|[from] drain|[of] p2a: Landorus
|
|-heal|p1a: Zeraora|43/100|[from] item: Leftovers
|-heal|p2a: Landorus|21/100|[from] item: Leftovers
|upkeep
|turn|21
|
|t:|1657139647
|move|p1a: Zeraora|Knock Off|p2a: Landorus
|-damage|p2a: Landorus|2/100
|-enditem|p2a: Landorus|Leftovers|[from] move: Knock Off|[of] p1a: Zeraora
|move|p2a: Landorus|Earthquake|p1a: Zeraora
|-supereffective|p1a: Zeraora
|-damage|p1a: Zeraora|0 fnt
|faint|p1a: Zeraora
|
|upkeep
|
|t:|1657139656
|switch|p1a: Tapu Fini|Tapu Fini|76/100
|-damage|p1a: Tapu Fini|63/100|[from] Stealth Rock
|-damage|p1a: Tapu Fini|51/100|[from] Spikes
|turn|22
|
|t:|1657139661
|move|p1a: Tapu Fini|Hydro Pump|p2a: Landorus
|-supereffective|p2a: Landorus
|-damage|p2a: Landorus|0 fnt
|faint|p2a: Landorus
|
|-fieldend|Misty Terrain
|upkeep
|
|t:|1657139663
|switch|p2a: Toxtricity|Toxtricity, M|100/100
|-damage|p2a: Toxtricity|88/100|[from] Stealth Rock
|turn|23
|j| CB Bhris Breezy
|
|t:|1657139669
|move|p1a: Tapu Fini|Hydro Pump|p2a: Toxtricity
|-damage|p2a: Toxtricity|21/100
|move|p2a: Toxtricity|Volt Switch|p1a: Tapu Fini
|-supereffective|p1a: Tapu Fini
|-damage|p1a: Tapu Fini|0 fnt
|faint|p1a: Tapu Fini
|
|win|Chokst du
|raw|bizarman's rating: 1714 &rarr; <strong>1697</strong><br />(-17 for losing)
|raw|Chokst du's rating: 1773 &rarr; <strong>1790</strong><br />(+17 for winning)
|l|☆bizarman
|l| CB Bhris Breezy
|l| UsingSlurs
|player|p2|Chokst du|101
||Ladder isn't responding, score probably updated but might not have (Request timeout).
