|j|☆zabbi zobbi
|j|☆wsdfg
|inactive|Battle timer is ON: inactive players will automatically lose when time's up.
|t:|1602086438
|player|p1|zabbi zobbi|policeman|
|player|p2|wsdfg|lady|
|teamsize|p1|6
|teamsize|p2|6
|gametype|singles
|gen|8
|tier|[Gen 8] OU
|rated|Tournament battle
|clearpoke
|poke|p1|Scizor, F|
|poke|p1|Weavile, F|
|poke|p1|Terrakion|
|poke|p1|Hawlucha, F|
|poke|p1|Crawdaunt, F|
|poke|p1|Rillaboom, F|
|poke|p2|Zeraora|
|poke|p2|Clefable, F|
|poke|p2|Excadrill, M|
|poke|p2|Ferrothorn, M|
|poke|p2|Hydreigon, M|
|poke|p2|Hippowdon, F|
|rule|Sleep Clause Mod: Limit one foe put to sleep
|rule|Species Clause: Limit one of each Pokémon
|rule|OHKO Clause: OHKO moves are banned
|rule|Evasion Moves Clause: Evasion moves are banned
|rule|Endless Battle Clause: Forcing endless battles is banned
|rule|HP Percentage Mod: HP is shown in percentages
|rule|Dynamax Clause: You cannot dynamax
|teampreview
|
|t:|1602086448
|start
|switch|p1a: Terrakion|Terrakion|100/100
|switch|p2a: Hydreigon|Hydreigon, M|100/100
|turn|1
|
|t:|1602086455
|switch|p2a: Hippowdon|Hippowdon, F|100/100
|-weather|Sandstorm|[from] ability: Sand Stream|[of] p2a: Hippowdon
|move|p1a: Terrakion|Close Combat|p2a: Hippowdon
|-damage|p2a: Hippowdon|70/100
|-unboost|p1a: Terrakion|def|1
|-unboost|p1a: Terrakion|spd|1
|
|-weather|Sandstorm|[upkeep]
|-heal|p2a: Hippowdon|76/100|[from] item: Leftovers
|upkeep
|turn|2
|
|t:|1602086461
|move|p1a: Terrakion|Stealth Rock|p2a: Hippowdon
|-sidestart|p2: wsdfg|move: Stealth Rock
|move|p2a: Hippowdon|Toxic|p1a: Terrakion
|-status|p1a: Terrakion|tox
|
|-weather|Sandstorm|[upkeep]
|-heal|p2a: Hippowdon|83/100|[from] item: Leftovers
|-damage|p1a: Terrakion|94/100 tox|[from] psn
|upkeep
|turn|3
|
|t:|1602086468
|switch|p1a: Rillaboom|Rillaboom, F|100/100
|-fieldstart|move: Grassy Terrain|[from] ability: Grassy Surge|[of] p1a: Rillaboom
|move|p2a: Hippowdon|Earthquake|p1a: Rillaboom
|-resisted|p1a: Rillaboom
|-damage|p1a: Rillaboom|90/100
|
|-weather|Sandstorm|[upkeep]
|-damage|p1a: Rillaboom|84/100|[from] Sandstorm
|-heal|p1a: Rillaboom|90/100|[from] Grassy Terrain
|-heal|p2a: Hippowdon|89/100|[from] item: Leftovers
|-heal|p2a: Hippowdon|95/100|[from] Grassy Terrain
|upkeep
|turn|4
|
|t:|1602086473
|switch|p2a: Ferrothorn|Ferrothorn, M|100/100
|-damage|p2a: Ferrothorn|95/100|[from] Stealth Rock
|move|p1a: Rillaboom|Swords Dance|p1a: Rillaboom
|-boost|p1a: Rillaboom|atk|2
|
|-weather|Sandstorm|[upkeep]
|-damage|p1a: Rillaboom|84/100|[from] Sandstorm
|-heal|p1a: Rillaboom|90/100|[from] Grassy Terrain
|-heal|p2a: Ferrothorn|100/100|[from] Grassy Terrain
|upkeep
|turn|5
|
|t:|1602086477
|move|p1a: Rillaboom|Swords Dance|p1a: Rillaboom
|-boost|p1a: Rillaboom|atk|2
|move|p2a: Ferrothorn|Knock Off|p1a: Rillaboom
|-damage|p1a: Rillaboom|67/100
|-enditem|p1a: Rillaboom|Life Orb|[from] move: Knock Off|[of] p2a: Ferrothorn
|
|-weather|none
|-heal|p1a: Rillaboom|73/100|[from] Grassy Terrain
|upkeep
|turn|6
|
|t:|1602086481
|move|p1a: Rillaboom|Drain Punch|p2a: Ferrothorn
|-supereffective|p2a: Ferrothorn
|-damage|p2a: Ferrothorn|0 fnt
|-heal|p1a: Rillaboom|100/100|[from] drain|[of] p2a: Ferrothorn
|-damage|p1a: Rillaboom|88/100|[from] ability: Iron Barbs|[of] p2a: Ferrothorn
|-damage|p1a: Rillaboom|72/100|[from] item: Rocky Helmet|[of] p2a: Ferrothorn
|faint|p2a: Ferrothorn
|
|-heal|p1a: Rillaboom|78/100|[from] Grassy Terrain
|upkeep
|
|t:|1602086485
|switch|p2a: Hydreigon|Hydreigon, M|100/100
|-damage|p2a: Hydreigon|88/100|[from] Stealth Rock
|turn|7
|inactive|zabbi zobbi has 120 seconds left.
|
|t:|1602086518
|switch|p1a: Terrakion|Terrakion|94/100 tox
|move|p2a: Hydreigon|Flamethrower|p1a: Terrakion
|-resisted|p1a: Terrakion
|-damage|p1a: Terrakion|71/100 tox
|-damage|p2a: Hydreigon|78/100|[from] item: Life Orb
|
|-heal|p1a: Terrakion|78/100 tox|[from] Grassy Terrain
|-fieldend|move: Grassy Terrain
|-damage|p1a: Terrakion|71/100 tox|[from] psn
|upkeep
|turn|8
|
|t:|1602086526
|switch|p2a: Hippowdon|Hippowdon, F|95/100
|-damage|p2a: Hippowdon|89/100|[from] Stealth Rock
|-weather|Sandstorm|[from] ability: Sand Stream|[of] p2a: Hippowdon
|move|p1a: Terrakion|Close Combat|p2a: Hippowdon
|-damage|p2a: Hippowdon|57/100
|-unboost|p1a: Terrakion|def|1
|-unboost|p1a: Terrakion|spd|1
|
|-weather|Sandstorm|[upkeep]
|-heal|p2a: Hippowdon|64/100|[from] item: Leftovers
|-damage|p1a: Terrakion|59/100 tox|[from] psn
|upkeep
|turn|9
|
|t:|1602086536
|switch|p1a: Crawdaunt|Crawdaunt, F|100/100
|move|p2a: Hippowdon|Toxic|p1a: Crawdaunt
|-status|p1a: Crawdaunt|tox
|
|-weather|Sandstorm|[upkeep]
|-damage|p1a: Crawdaunt|95/100 tox|[from] Sandstorm
|-heal|p2a: Hippowdon|70/100|[from] item: Leftovers
|-damage|p1a: Crawdaunt|89/100 tox|[from] psn
|upkeep
|turn|10
|
|t:|1602086546
|switch|p2a: Hydreigon|Hydreigon, M|78/100
|-damage|p2a: Hydreigon|66/100|[from] Stealth Rock
|move|p1a: Crawdaunt|Crabhammer|p2a: Hydreigon
|-resisted|p2a: Hydreigon
|-damage|p2a: Hydreigon|14/100
|-damage|p1a: Crawdaunt|79/100 tox|[from] item: Life Orb
|
|-weather|Sandstorm|[upkeep]
|-damage|p2a: Hydreigon|8/100|[from] Sandstorm
|-damage|p1a: Crawdaunt|73/100 tox|[from] Sandstorm
|-damage|p1a: Crawdaunt|61/100 tox|[from] psn
|upkeep
|turn|11
|
|t:|1602086548
|move|p1a: Crawdaunt|Aqua Jet|p2a: Hydreigon
|-resisted|p2a: Hydreigon
|-damage|p2a: Hydreigon|0 fnt
|-damage|p1a: Crawdaunt|51/100 tox|[from] item: Life Orb
|faint|p2a: Hydreigon
|
|-weather|Sandstorm|[upkeep]
|-damage|p1a: Crawdaunt|45/100 tox|[from] Sandstorm
|-damage|p1a: Crawdaunt|28/100 tox|[from] psn
|upkeep
|
|t:|1602086556
|switch|p2a: Zeraora|Zeraora|100/100
|turn|12
|
|t:|1602086570
|switch|p1a: Terrakion|Terrakion|59/100 tox
|move|p2a: Zeraora|Volt Switch|p1a: Terrakion
|-damage|p1a: Terrakion|40/100 tox
|
|t:|1602086573
|switch|p2a: Excadrill|Excadrill, M|100/100|[from]move: Volt Switch
|-damage|p2a: Excadrill|97/100|[from] Stealth Rock
|
|-weather|none
|-heal|p2a: Excadrill|100/100|[from] item: Leftovers
|-damage|p1a: Terrakion|34/100 tox|[from] psn
|upkeep
|turn|13
|
|t:|1602086577
|switch|p2a: Hippowdon|Hippowdon, F|70/100
|-damage|p2a: Hippowdon|64/100|[from] Stealth Rock
|-weather|Sandstorm|[from] ability: Sand Stream|[of] p2a: Hippowdon
|move|p1a: Terrakion|Close Combat|p2a: Hippowdon
|-crit|p2a: Hippowdon
|-damage|p2a: Hippowdon|15/100
|-unboost|p1a: Terrakion|def|1
|-unboost|p1a: Terrakion|spd|1
|
|-weather|Sandstorm|[upkeep]
|-heal|p2a: Hippowdon|21/100|[from] item: Leftovers
|-damage|p1a: Terrakion|22/100 tox|[from] psn
|upkeep
|turn|14
|
|t:|1602086584
|move|p1a: Terrakion|Close Combat|p2a: Hippowdon
|-damage|p2a: Hippowdon|0 fnt
|-unboost|p1a: Terrakion|def|1
|-unboost|p1a: Terrakion|spd|1
|faint|p2a: Hippowdon
|
|-weather|Sandstorm|[upkeep]
|-damage|p1a: Terrakion|3/100 tox|[from] psn
|upkeep
|
|t:|1602086586
|switch|p2a: Excadrill|Excadrill, M|100/100
|-damage|p2a: Excadrill|97/100|[from] Stealth Rock
|turn|15
|
|t:|1602086591
|move|p2a: Excadrill|Rapid Spin|p1a: Terrakion
|-resisted|p1a: Terrakion
|-crit|p1a: Terrakion
|-damage|p1a: Terrakion|0 fnt
|-boost|p2a: Excadrill|spe|1
|-sideend|p2: wsdfg|Stealth Rock|[from] move: Rapid Spin|[of] p2a: Excadrill
|faint|p1a: Terrakion
|
|-weather|Sandstorm|[upkeep]
|-heal|p2a: Excadrill|100/100|[from] item: Leftovers
|upkeep
|
|t:|1602086593
|switch|p1a: Crawdaunt|Crawdaunt, F|28/100 tox
|turn|16
|
|t:|1602086597
|move|p1a: Crawdaunt|Aqua Jet|p2a: Excadrill
|-supereffective|p2a: Excadrill
|-damage|p2a: Excadrill|0 fnt
|-damage|p1a: Crawdaunt|18/100 tox|[from] item: Life Orb
|faint|p2a: Excadrill
|
|-weather|Sandstorm|[upkeep]
|-damage|p1a: Crawdaunt|12/100 tox|[from] Sandstorm
|-damage|p1a: Crawdaunt|6/100 tox|[from] psn
|upkeep
|
|t:|1602086600
|switch|p2a: Clefable|Clefable, F|100/100
|turn|17
|
|t:|1602086603
|move|p2a: Clefable|Protect|p2a: Clefable
|-singleturn|p2a: Clefable|Protect
|move|p1a: Crawdaunt|Crabhammer|p2a: Clefable
|-activate|p2a: Clefable|move: Protect
|
|-weather|none
|-damage|p1a: Crawdaunt|0 fnt|[from] psn
|faint|p1a: Crawdaunt
|upkeep
|
|t:|1602086611
|switch|p1a: Scizor|Scizor, F|100/100
|turn|18
|
|t:|1602086617
|switch|p2a: Zeraora|Zeraora|100/100
|move|p1a: Scizor|Sand Tomb|p2a: Zeraora
|-supereffective|p2a: Zeraora
|-damage|p2a: Zeraora|29/100
|-activate|p2a: Zeraora|move: Sand Tomb|[of] p1a: Scizor
|-damage|p1a: Scizor|91/100|[from] item: Life Orb
|
|-damage|p2a: Zeraora|17/100|[from] move: Sand Tomb|[partiallytrapped]
|upkeep
|turn|19
|
|t:|1602086626
|move|p1a: Scizor|Bullet Punch|p2a: Zeraora
|-resisted|p2a: Zeraora
|-damage|p2a: Zeraora|0 fnt
|-damage|p1a: Scizor|81/100|[from] item: Life Orb
|faint|p2a: Zeraora
|
|upkeep
|-message|wsdfg forfeited.
|
|win|zabbi zobbi
|l|☆wsdfg
