|j|‽not mb
|j|☆UnzipsCrogre
|t:|1624500853
|gametype|singles
|player|p1|not mb|#ssdbushmasters|1970
|player|p2|UnzipsCrogre|1|1832
|teamsize|p1|6
|teamsize|p2|6
|gen|8
|tier|[Gen 8] OU
|rated|
|rule|Sleep Clause Mod: Limit one foe put to sleep
|rule|Species Clause: Limit one of each Pokémon
|rule|OHKO Clause: OHKO moves are banned
|rule|Evasion Moves Clause: Evasion moves are banned
|rule|Endless Battle Clause: Forcing endless battles is banned
|rule|HP Percentage Mod: HP is shown in percentages
|rule|Dynamax Clause: You cannot dynamax
|clearpoke
|poke|p1|Tapu Lele|
|poke|p1|Landorus-Therian, M|
|poke|p1|Zapdos|
|poke|p1|Volcanion|
|poke|p1|Dragapult, M|
|poke|p1|Melmetal|
|poke|p2|Hatterene, F|
|poke|p2|Melmetal|
|poke|p2|Porygon2|
|poke|p2|Marowak-Alola, M|
|poke|p2|Cresselia, F|
|poke|p2|Conkeldurr, M|
|teampreview
|inactive|Battle timer is ON: inactive players will automatically lose when time's up. (requested by UnzipsCrogre)
|j| JuaniWallace
|inactive|not mb has 120 seconds left.
|j| tytyui
|j| westcottike
|j| Rias
|
|t:|1624500913
|start
|switch|p1a: Landorus|Landorus-Therian, M|100/100
|switch|p2a: Marowak|Marowak-Alola, M|100/100
|-ability|p1a: Landorus|Intimidate|boost
|-unboost|p2a: Marowak|atk|1
|turn|1
|j| Charl Dunois
|
|t:|1624500922
|switch|p2a: Melmetal|Melmetal|100/100
|move|p1a: Landorus|Knock Off|p2a: Melmetal
|-damage|p2a: Melmetal|85/100
|-enditem|p2a: Melmetal|Choice Band|[from] move: Knock Off|[of] p1a: Landorus
|
|upkeep
|turn|2
|c| Charl Dunois|Not mb
|
|t:|1624500933
|move|p1a: Landorus|U-turn|p2a: Melmetal
|-resisted|p2a: Melmetal
|-damage|p2a: Melmetal|79/100
|
|t:|1624500935
|switch|p1a: Volcanion|Volcanion|100/100|[from]move: U-turn
|move|p2a: Melmetal|Ice Punch|p1a: Volcanion
|-resisted|p1a: Volcanion
|-damage|p1a: Volcanion|91/100
|
|upkeep
|turn|3
|
|t:|1624500946
|move|p1a: Volcanion|Flamethrower|p2a: Melmetal
|-supereffective|p2a: Melmetal
|-damage|p2a: Melmetal|0 fnt
|faint|p2a: Melmetal
|
|upkeep
|j| hiye
|
|t:|1624500948
|switch|p2a: Hatterene|Hatterene, F|100/100
|turn|4
|c| Charl Dunois|Reply if you can qual stour
|
|t:|1624500952
|move|p1a: Volcanion|Sludge Bomb|p2a: Hatterene
|-supereffective|p2a: Hatterene
|-damage|p2a: Hatterene|31/100
|-status|p2a: Hatterene|psn
|move|p2a: Hatterene|Trick Room|p2a: Hatterene
|-fieldstart|move: Trick Room|[of] p2a: Hatterene
|
|-damage|p2a: Hatterene|19/100 psn|[from] psn
|upkeep
|turn|5
|c| hiye|Charl Dunois
|c| Charl Dunois|hiye
|
|t:|1624500968
|move|p2a: Hatterene|Healing Wish|p2a: Hatterene
|faint|p2a: Hatterene
|move|p1a: Volcanion|Flamethrower|p2: Hatterene|[notarget]
|-fail|p1a: Volcanion
|
|upkeep
|c| Rias|i created stour
|c| Charl Dunois|No reply not mb?
|
|t:|1624500978
|switch|p2a: Marowak|Marowak-Alola, M|100/100
|turn|6
|c| Charl Dunois|Dw qualling stour isnt for everyone
|c|☆UnzipsCrogre|im ass at old gens
|
|t:|1624500990
|move|p2a: Marowak|Poltergeist|p1a: Volcanion
|-activate|p1a: Volcanion|move: Poltergeist|Heavy-Duty Boots
|-damage|p1a: Volcanion|6/100
|move|p1a: Volcanion|Steam Eruption|p2a: Marowak
|-supereffective|p2a: Marowak
|-damage|p2a: Marowak|0 fnt
|faint|p2a: Marowak
|
|upkeep
|l| tytyui
|
|t:|1624500996
|switch|p2a: Conkeldurr|Conkeldurr, M|100/100
|turn|7
|
|t:|1624501004
|switch|p1a: Zapdos|Zapdos|100/100
|move|p2a: Conkeldurr|Knock Off|p1a: Zapdos
|-damage|p1a: Zapdos|68/100
|-enditem|p1a: Zapdos|Heavy-Duty Boots|[from] move: Knock Off|[of] p2a: Conkeldurr
|
|-status|p2a: Conkeldurr|brn|[from] item: Flame Orb
|upkeep
|turn|8
|
|t:|1624501015
|switch|p1a: Dragapult|Dragapult, M|100/100
|move|p2a: Conkeldurr|Facade|p1a: Dragapult
|-immune|p1a: Dragapult
|
|-damage|p2a: Conkeldurr|94/100 brn|[from] brn
|-fieldend|move: Trick Room
|upkeep
|turn|9
|
|t:|1624501024
|move|p1a: Dragapult|U-turn|p2a: Conkeldurr
|-resisted|p2a: Conkeldurr
|-damage|p2a: Conkeldurr|80/100 brn
|
|t:|1624501027
|switch|p1a: Landorus|Landorus-Therian, M|100/100|[from]move: U-turn
|-ability|p1a: Landorus|Intimidate|boost
|-unboost|p2a: Conkeldurr|atk|1
|move|p2a: Conkeldurr|Knock Off|p1a: Landorus
|-damage|p1a: Landorus|65/100
|-enditem|p1a: Landorus|Leftovers|[from] move: Knock Off|[of] p2a: Conkeldurr
|
|-damage|p2a: Conkeldurr|74/100 brn|[from] brn
|upkeep
|turn|10
|
|t:|1624501035
|move|p1a: Landorus|Stealth Rock|p2a: Conkeldurr
|-sidestart|p2: UnzipsCrogre|move: Stealth Rock
|move|p2a: Conkeldurr|Close Combat|p1a: Landorus
|-resisted|p1a: Landorus
|-damage|p1a: Landorus|33/100
|-unboost|p2a: Conkeldurr|def|1
|-unboost|p2a: Conkeldurr|spd|1
|
|-damage|p2a: Conkeldurr|68/100 brn|[from] brn
|upkeep
|turn|11
|
|t:|1624501048
|move|p1a: Landorus|U-turn|p2a: Conkeldurr
|-resisted|p2a: Conkeldurr
|-damage|p2a: Conkeldurr|52/100 brn
|
|t:|1624501051
|switch|p1a: Zapdos|Zapdos|68/100|[from]move: U-turn
|move|p2a: Conkeldurr|Knock Off|p1a: Zapdos
|-damage|p1a: Zapdos|48/100
|
|-damage|p2a: Conkeldurr|46/100 brn|[from] brn
|upkeep
|turn|12
|c| Charl Dunois|Great cc.
|
|t:|1624501055
|switch|p2a: Porygon2|Porygon2|100/100
|-damage|p2a: Porygon2|88/100|[from] Stealth Rock
|-ability|p2a: Porygon2|Download|boost
|-boost|p2a: Porygon2|spa|1
|move|p1a: Zapdos|Volt Switch|p2a: Porygon2
|-damage|p2a: Porygon2|69/100
|
|t:|1624501059
|switch|p1a: Melmetal|Melmetal|100/100|[from]move: Volt Switch
|
|upkeep
|turn|13
|j| nyanPls
|
|t:|1624501062
|move|p2a: Porygon2|Thunderbolt|p1a: Melmetal
|-damage|p1a: Melmetal|64/100
|move|p1a: Melmetal|Double Iron Bash|p2a: Porygon2
|-damage|p2a: Porygon2|41/100
|-damage|p2a: Porygon2|11/100
|-hitcount|p2a: Porygon2|2
|
|-heal|p1a: Melmetal|70/100|[from] item: Leftovers
|upkeep
|turn|14
|l| nyanPls
|
|t:|1624501065
|move|p2a: Porygon2|Thunderbolt|p1a: Melmetal
|-damage|p1a: Melmetal|34/100
|move|p1a: Melmetal|Double Iron Bash|p2a: Porygon2
|-damage|p2a: Porygon2|0 fnt
|faint|p2a: Porygon2
|-hitcount|p2: Porygon2|1
|
|-heal|p1a: Melmetal|40/100|[from] item: Leftovers
|upkeep
|
|t:|1624501068
|switch|p2a: Cresselia|Cresselia, F|100/100
|-damage|p2a: Cresselia|88/100|[from] Stealth Rock
|turn|15
|
|t:|1624501071
|move|p2a: Cresselia|Ice Beam|p1a: Melmetal
|-resisted|p1a: Melmetal
|-damage|p1a: Melmetal|33/100
|-status|p1a: Melmetal|frz
|cant|p1a: Melmetal|frz
|
|-heal|p1a: Melmetal|39/100 frz|[from] item: Leftovers
|upkeep
|turn|16
|
|t:|1624501081
|-curestatus|p1a: Melmetal|frz|[msg]
|move|p1a: Melmetal|Toxic|p2a: Cresselia
|-status|p2a: Cresselia|tox
|move|p2a: Cresselia|Trick Room|p2a: Cresselia
|-fieldstart|move: Trick Room|[of] p2a: Cresselia
|
|-heal|p1a: Melmetal|45/100|[from] item: Leftovers
|-damage|p2a: Cresselia|82/100 tox|[from] psn
|upkeep
|turn|17
|c| Rias|:/
|
|t:|1624501086
|switch|p2a: Conkeldurr|Conkeldurr, M|46/100 brn
|-heal|p2a: Conkeldurr|100/100|[from] move: Healing Wish
|-damage|p2a: Conkeldurr|94/100|[from] Stealth Rock
|move|p1a: Melmetal|Double Iron Bash|p2a: Conkeldurr
|-damage|p2a: Conkeldurr|55/100
|-damage|p2a: Conkeldurr|19/100
|-hitcount|p2a: Conkeldurr|2
|
|-heal|p1a: Melmetal|51/100|[from] item: Leftovers
|-status|p2a: Conkeldurr|brn|[from] item: Flame Orb
|upkeep
|turn|18
|
|t:|1624501095
|move|p1a: Melmetal|Protect|p1a: Melmetal
|-singleturn|p1a: Melmetal|Protect
|move|p2a: Conkeldurr|Knock Off|p1a: Melmetal
|-activate|p1a: Melmetal|move: Protect
|
|-heal|p1a: Melmetal|57/100|[from] item: Leftovers
|-damage|p2a: Conkeldurr|13/100 brn|[from] brn
|upkeep
|turn|19
|j| Noob2021
|
|t:|1624501108
|move|p2a: Conkeldurr|Close Combat|p1a: Melmetal
|-supereffective|p1a: Melmetal
|-crit|p1a: Melmetal
|-damage|p1a: Melmetal|0 fnt
|-unboost|p2a: Conkeldurr|def|1
|-unboost|p2a: Conkeldurr|spd|1
|faint|p1a: Melmetal
|
|-damage|p2a: Conkeldurr|7/100 brn|[from] brn
|upkeep
|j| TheMightyDRE
|
|t:|1624501121
|switch|p1a: Dragapult|Dragapult, M|100/100
|turn|20
|
|t:|1624501123
|move|p1a: Dragapult|Sucker Punch|p2a: Conkeldurr
|-resisted|p2a: Conkeldurr
|-damage|p2a: Conkeldurr|0 fnt
|faint|p2a: Conkeldurr
|
|-fieldend|move: Trick Room
|upkeep
|
|t:|1624501126
|switch|p2a: Cresselia|Cresselia, F|82/100 tox
|-damage|p2a: Cresselia|70/100 tox|[from] Stealth Rock
|turn|21
|
|t:|1624501130
|move|p1a: Dragapult|Sucker Punch||[still]
|-fail|p1a: Dragapult
|move|p2a: Cresselia|Trick Room|p2a: Cresselia
|-fieldstart|move: Trick Room|[of] p2a: Cresselia
|
|-damage|p2a: Cresselia|64/100 tox|[from] psn
|upkeep
|turn|22
|
|t:|1624501133
|move|p1a: Dragapult|Sucker Punch|p2a: Cresselia
|-supereffective|p2a: Cresselia
|-damage|p2a: Cresselia|32/100 tox
|move|p2a: Cresselia|Ice Beam|p1a: Dragapult
|-supereffective|p1a: Dragapult
|-damage|p1a: Dragapult|56/100
|
|-damage|p2a: Cresselia|19/100 tox|[from] psn
|upkeep
|turn|23
|
|t:|1624501138
|switch|p1a: Zapdos|Zapdos|48/100
|move|p2a: Cresselia|Lunar Dance||[still]
|-fail|p2a: Cresselia
|
|-damage|p2a: Cresselia|1/100 tox|[from] psn
|upkeep
|turn|24
|
|t:|1624501141
|move|p2a: Cresselia|Lunar Dance||[still]
|-fail|p2a: Cresselia
|move|p1a: Zapdos|Defog|p2a: Cresselia
|-unboost|p2a: Cresselia|evasion|1
|-sideend|p2: UnzipsCrogre|Stealth Rock|[from] move: Defog|[of] p1a: Zapdos
|
|-damage|p2a: Cresselia|0 fnt|[from] psn
|faint|p2a: Cresselia
|
|win|not mb
|upkeep
|raw|not mb's rating: 1970 &rarr; <strong>1982</strong><br />(+12 for winning)
|raw|UnzipsCrogre's rating: 1832 &rarr; <strong>1820</strong><br />(-12 for losing)
