|j|☆early_human
|j|☆Umyboyblue
|t:|1604837726
|player|p1|early_human|lucas-gen4pt|1961
|player|p2|Umyboyblue|blue|1910
|teamsize|p1|6
|teamsize|p2|6
|gametype|singles
|gen|8
|tier|[Gen 8] OU
|rated|
|clearpoke
|poke|p1|Victini|
|poke|p1|Zarude|
|poke|p1|Clefable, M|
|poke|p1|Melmetal|
|poke|p1|Toxapex, M|
|poke|p1|Landorus-Therian, M|
|poke|p2|Clefable, F|
|poke|p2|Landorus-Therian, M|
|poke|p2|Dragonite, F|
|poke|p2|Swampert, M|
|poke|p2|Heatran, F|
|poke|p2|Cinderace, F|
|rule|Sleep Clause Mod: Limit one foe put to sleep
|rule|Species Clause: Limit one of each Pokémon
|rule|OHKO Clause: OHKO moves are banned
|rule|Evasion Moves Clause: Evasion moves are banned
|rule|Endless Battle Clause: Forcing endless battles is banned
|rule|HP Percentage Mod: HP is shown in percentages
|rule|Dynamax Clause: You cannot dynamax
|teampreview
|c|☆early_human|hf
|inactive|Battle timer is ON: inactive players will automatically lose when time's up. (requested by Umyboyblue)
|j| Lawic
|
|t:|1604837771
|start
|switch|p1a: Toxapex|Toxapex, M|100/100
|switch|p2a: Landorus|Landorus-Therian, M|100/100
|-ability|p2a: Landorus|Intimidate|boost
|-unboost|p1a: Toxapex|atk|1
|turn|1
|
|t:|1604837776
|move|p2a: Landorus|Earthquake|p1a: Toxapex
|-supereffective|p1a: Toxapex
|-damage|p1a: Toxapex|33/100
|move|p1a: Toxapex|Toxic Spikes|p2a: Landorus
|-sidestart|p2: Umyboyblue|move: Toxic Spikes
|
|upkeep
|turn|2
|j| yogalpha
|
|t:|1604837783
|switch|p2a: Clefable|Clefable, F|100/100
|-status|p2a: Clefable|psn
|switch|p1a: Clefable|Clefable, M, shiny|100/100
|
|upkeep
|turn|3
|
|t:|1604837787
|switch|p2a: Landorus|Landorus-Therian, M|100/100
|-ability|p2a: Landorus|Intimidate|boost
|-unboost|p1a: Clefable|atk|1
|move|p1a: Clefable|Moonblast|p2a: Landorus
|-damage|p2a: Landorus|49/100
|
|upkeep
|turn|4
|
|t:|1604837792
|move|p2a: Landorus|Defog|p1a: Clefable
|-unboost|p1a: Clefable|evasion|1
|-sideend|p2: Umyboyblue|Toxic Spikes|[from] move: Defog|[of] p2a: Landorus
|move|p1a: Clefable|Moonblast|p2a: Landorus
|-damage|p2a: Landorus|0 fnt
|faint|p2a: Landorus
|
|upkeep
|j| stairs of learning
|
|t:|1604837794
|switch|p2a: Cinderace|Cinderace, F|100/100
|turn|5
|
|t:|1604837800
|switch|p2a: Swampert|Swampert, M, shiny|100/100
|switch|p1a: Landorus|Landorus-Therian, M|100/100
|-ability|p1a: Landorus|Intimidate|boost
|-unboost|p2a: Swampert|atk|1
|
|upkeep
|turn|6
|
|t:|1604837803
|move|p1a: Landorus|U-turn|p2a: Swampert
|-damage|p2a: Swampert|75/100
|j| Joist04
|
|t:|1604837805
|switch|p1a: Toxapex|Toxapex, M|67/100|[from]move: U-turn
|move|p2a: Swampert|Bulk Up|p2a: Swampert
|-boost|p2a: Swampert|atk|1
|-boost|p2a: Swampert|def|1
|
|-heal|p2a: Swampert|82/100|[from] item: Leftovers
|upkeep
|turn|7
|c|☆early_human|oh word
|
|t:|1604837813
|switch|p1a: Zarude|Zarude|100/100
|move|p2a: Swampert|Earthquake|p1a: Zarude
|-resisted|p1a: Zarude
|-damage|p1a: Zarude|86/100
|
|-heal|p1a: Zarude|92/100|[from] item: Leftovers
|-heal|p2a: Swampert|88/100|[from] item: Leftovers
|upkeep
|turn|8
|j| EG Starwind
|
|t:|1604837820
|switch|p1a: Landorus|Landorus-Therian, M|100/100
|-ability|p1a: Landorus|Intimidate|boost
|-unboost|p2a: Swampert|atk|1
|switch|p2a: Heatran|Heatran, F|100/100
|
|upkeep
|turn|9
|
|t:|1604837825
|switch|p2a: Dragonite|Dragonite, F|100/100
|move|p1a: Landorus|Earthquake|p2a: Dragonite
|-immune|p2a: Dragonite
|
|upkeep
|turn|10
|j| Mcjizzletitties
|
|t:|1604837835
|switch|p1a: Melmetal|Melmetal, shiny|100/100
|switch|p2a: Clefable|Clefable, F|100/100 psn
|
|upkeep
|turn|11
|
|t:|1604837841
|switch|p2a: Swampert|Swampert, M, shiny|88/100
|move|p1a: Melmetal|Double Iron Bash|p2a: Swampert
|-resisted|p2a: Swampert
|-damage|p2a: Swampert|68/100
|-resisted|p2a: Swampert
|-damage|p2a: Swampert|48/100
|-hitcount|p2a: Swampert|2
|
|-heal|p2a: Swampert|54/100|[from] item: Leftovers
|upkeep
|turn|12
|
|t:|1604837849
|switch|p1a: Zarude|Zarude|92/100
|move|p2a: Swampert|Toxic|p1a: Zarude
|-status|p1a: Zarude|tox
|
|-heal|p1a: Zarude|98/100 tox|[from] item: Leftovers
|-heal|p2a: Swampert|60/100|[from] item: Leftovers
|-damage|p1a: Zarude|92/100 tox|[from] psn
|upkeep
|turn|13
|j| Briks
|
|t:|1604837859
|switch|p2a: Heatran|Heatran, F|100/100
|move|p1a: Zarude|Darkest Lariat|p2a: Heatran
|-damage|p2a: Heatran|68/100
|
|-heal|p1a: Zarude|98/100 tox|[from] item: Leftovers
|-heal|p2a: Heatran|74/100|[from] item: Leftovers
|-damage|p1a: Zarude|86/100 tox|[from] psn
|upkeep
|turn|14
|
|t:|1604837866
|switch|p1a: Toxapex|Toxapex, M|99/100
|move|p2a: Heatran|Magma Storm|p1a: Toxapex
|-resisted|p1a: Toxapex
|-damage|p1a: Toxapex|80/100
|-activate|p1a: Toxapex|move: Magma Storm|[of] p2a: Heatran
|
|-heal|p2a: Heatran|80/100|[from] item: Leftovers
|-damage|p1a: Toxapex|68/100|[from] move: Magma Storm|[partiallytrapped]
|upkeep
|turn|15
|
|t:|1604837870
|move|p2a: Heatran|Taunt|p1a: Toxapex
|-start|p1a: Toxapex|move: Taunt
|move|p1a: Toxapex|Knock Off|p2a: Heatran
|-damage|p2a: Heatran|67/100
|-enditem|p2a: Heatran|Leftovers|[from] move: Knock Off|[of] p1a: Toxapex
|
|-damage|p1a: Toxapex|56/100|[from] move: Magma Storm|[partiallytrapped]
|upkeep
|turn|16
|
|t:|1604837873
|move|p2a: Heatran|Earth Power|p1a: Toxapex
|-supereffective|p1a: Toxapex
|-damage|p1a: Toxapex|12/100
|-unboost|p1a: Toxapex|spd|1
|move|p1a: Toxapex|Knock Off|p2a: Heatran
|-damage|p2a: Heatran|58/100
|
|-damage|p1a: Toxapex|0 fnt|[from] move: Magma Storm|[partiallytrapped]
|faint|p1a: Toxapex
|upkeep
|
|t:|1604837889
|switch|p1a: Victini|Victini|100/100
|turn|17
|
|t:|1604837893
|move|p1a: Victini|Scorching Sands|p2a: Heatran
|-supereffective|p2a: Heatran
|-damage|p2a: Heatran|4/100
|move|p2a: Heatran|Earth Power|p1a: Victini
|-supereffective|p1a: Victini
|-damage|p1a: Victini|48/100
|
|upkeep
|turn|18
|
|t:|1604837900
|switch|p2a: Dragonite|Dragonite, F|100/100
|move|p1a: Victini|Scorching Sands|p2a: Dragonite
|-immune|p2a: Dragonite
|
|upkeep
|turn|19
|
|t:|1604837904
|move|p1a: Victini|U-turn|p2a: Dragonite
|-resisted|p2a: Dragonite
|-damage|p2a: Dragonite|96/100
|
|t:|1604837907
|switch|p1a: Clefable|Clefable, M, shiny|100/100|[from]move: U-turn
|move|p2a: Dragonite|Dragon Dance|p2a: Dragonite
|-boost|p2a: Dragonite|atk|1
|-boost|p2a: Dragonite|spe|1
|
|upkeep
|turn|20
|
|t:|1604837911
|switch|p2a: Heatran|Heatran, F|4/100
|move|p1a: Clefable|Moonblast|p2a: Heatran
|-resisted|p2a: Heatran
|-damage|p2a: Heatran|0 fnt
|faint|p2a: Heatran
|
|upkeep
|
|t:|1604837913
|switch|p2a: Cinderace|Cinderace, F|100/100
|turn|21
|j| xxxaaaxxx
|
|t:|1604837919
|switch|p1a: Landorus|Landorus-Therian, M|100/100
|-ability|p1a: Landorus|Intimidate|boost
|-unboost|p2a: Cinderace|atk|1
|move|p2a: Cinderace|Pyro Ball|p1a: Landorus
|-damage|p1a: Landorus|52/100
|
|upkeep
|turn|22
|
|t:|1604837924
|switch|p2a: Clefable|Clefable, F|100/100 psn
|move|p1a: Landorus|U-turn|p2a: Clefable
|-resisted|p2a: Clefable
|-damage|p2a: Clefable|90/100 psn
|
|t:|1604837926
|switch|p1a: Melmetal|Melmetal, shiny|100/100|[from]move: U-turn
|
|upkeep
|turn|23
|
|t:|1604837930
|switch|p2a: Swampert|Swampert, M, shiny|60/100
|move|p1a: Melmetal|Double Iron Bash|p2a: Swampert
|-resisted|p2a: Swampert
|-damage|p2a: Swampert|38/100
|-resisted|p2a: Swampert
|-damage|p2a: Swampert|19/100
|-hitcount|p2a: Swampert|2
|
|-heal|p2a: Swampert|25/100|[from] item: Leftovers
|upkeep
|turn|24
|j| thodoras edition
|
|t:|1604837937
|switch|p1a: Zarude|Zarude|86/100 tox
|move|p2a: Swampert|Liquidation|p1a: Zarude
|-resisted|p1a: Zarude
|-damage|p1a: Zarude|67/100 tox
|
|-heal|p1a: Zarude|73/100 tox|[from] item: Leftovers
|-heal|p2a: Swampert|31/100|[from] item: Leftovers
|-damage|p1a: Zarude|67/100 tox|[from] psn
|upkeep
|turn|25
|
|t:|1604837941
|switch|p2a: Clefable|Clefable, F|90/100 psn
|move|p1a: Zarude|Jungle Healing|p1a: Zarude
|-heal|p1a: Zarude|92/100 tox
|-curestatus|p1a: Zarude|tox|[msg]
|
|-heal|p1a: Zarude|98/100|[from] item: Leftovers
|upkeep
|turn|26
|
|t:|1604837946
|switch|p1a: Melmetal|Melmetal, shiny|100/100
|switch|p2a: Cinderace|Cinderace, F|100/100
|
|upkeep
|turn|27
|
|t:|1604837951
|move|p2a: Cinderace|Pyro Ball|p1a: Melmetal
|-supereffective|p1a: Melmetal
|-damage|p1a: Melmetal|28/100
|move|p1a: Melmetal|Double Iron Bash|p2a: Cinderace
|-resisted|p2a: Cinderace
|-damage|p2a: Cinderace|67/100
|-resisted|p2a: Cinderace
|-damage|p2a: Cinderace|33/100
|-hitcount|p2a: Cinderace|2
|
|upkeep
|turn|28
|
|t:|1604837960
|switch|p1a: Victini|Victini|48/100
|move|p2a: Cinderace|Pyro Ball|p1a: Victini
|-resisted|p1a: Victini
|-damage|p1a: Victini|18/100
|
|upkeep
|turn|29
|
|t:|1604837965
|move|p2a: Cinderace|Sucker Punch|p1a: Victini
|-start|p2a: Cinderace|typechange|Dark|[from] ability: Libero
|-supereffective|p1a: Victini
|-damage|p1a: Victini|0 fnt
|faint|p1a: Victini
|
|upkeep
|
|t:|1604837967
|switch|p1a: Landorus|Landorus-Therian, M|52/100
|-ability|p1a: Landorus|Intimidate|boost
|-unboost|p2a: Cinderace|atk|1
|turn|30
|
|t:|1604837970
|switch|p2a: Dragonite|Dragonite, F|96/100
|move|p1a: Landorus|U-turn|p2a: Dragonite
|-resisted|p2a: Dragonite
|-damage|p2a: Dragonite|83/100
|
|t:|1604837973
|switch|p1a: Clefable|Clefable, M, shiny|100/100|[from]move: U-turn
|
|upkeep
|turn|31
|
|t:|1604837975
|switch|p2a: Cinderace|Cinderace, F|33/100
|move|p1a: Clefable|Moonblast|p2a: Cinderace
|-resisted|p2a: Cinderace
|-damage|p2a: Cinderace|2/100
|
|upkeep
|turn|32
|
|t:|1604837987
|switch|p1a: Zarude|Zarude|98/100
|move|p2a: Cinderace|Gunk Shot|p1a: Zarude
|-start|p2a: Cinderace|typechange|Poison|[from] ability: Libero
|-supereffective|p1a: Zarude
|-damage|p1a: Zarude|0 fnt
|faint|p1a: Zarude
|
|upkeep
|
|t:|1604837988
|switch|p1a: Landorus|Landorus-Therian, M|52/100
|-ability|p1a: Landorus|Intimidate|boost
|-unboost|p2a: Cinderace|atk|1
|turn|33
|
|t:|1604837992
|switch|p2a: Swampert|Swampert, M, shiny|31/100
|move|p1a: Landorus|U-turn|p2a: Swampert
|-damage|p2a: Swampert|6/100
|
|t:|1604837995
|switch|p1a: Clefable|Clefable, M, shiny|100/100|[from]move: U-turn
|
|-heal|p2a: Swampert|12/100|[from] item: Leftovers
|upkeep
|turn|34
|
|t:|1604837997
|move|p1a: Clefable|Moonblast|p2a: Swampert
|-damage|p2a: Swampert|0 fnt
|faint|p2a: Swampert
|
|upkeep
|
|t:|1604837998
|switch|p2a: Cinderace|Cinderace, F|2/100
|turn|35
|
|t:|1604838002
|switch|p1a: Landorus|Landorus-Therian, M|52/100
|-ability|p1a: Landorus|Intimidate|boost
|-unboost|p2a: Cinderace|atk|1
|move|p2a: Cinderace|Gunk Shot|p1a: Landorus
|-start|p2a: Cinderace|typechange|Poison|[from] ability: Libero
|-resisted|p1a: Landorus
|-damage|p1a: Landorus|29/100
|
|upkeep
|turn|36
|
|t:|1604838008
|switch|p2a: Clefable|Clefable, F|90/100 psn
|move|p1a: Landorus|U-turn|p2a: Clefable
|-resisted|p2a: Clefable
|-damage|p2a: Clefable|80/100 psn
|
|t:|1604838010
|switch|p1a: Melmetal|Melmetal, shiny|28/100|[from]move: U-turn
|
|upkeep
|turn|37
|
|t:|1604838016
|switch|p2a: Dragonite|Dragonite, F|83/100
|move|p1a: Melmetal|Double Iron Bash|p2a: Dragonite
|-damage|p2a: Dragonite|32/100
|-damage|p2a: Dragonite|0 fnt
|-hitcount|p2a: Dragonite|2
|faint|p2a: Dragonite
|
|upkeep
|
|t:|1604838017
|switch|p2a: Cinderace|Cinderace, F|2/100
|turn|38
|
|t:|1604838038
|switch|p1a: Clefable|Clefable, M, shiny|100/100
|move|p2a: Cinderace|Pyro Ball|p1a: Clefable
|-damage|p1a: Clefable|50/100
|
|upkeep
|turn|39
|j| withouthaxiwin
|l|☆Umyboyblue
|inactive|Umyboyblue disconnected and has a minute to reconnect!
|player|p2|
|j|☆Umyboyblue
|inactive|Umyboyblue reconnected and has 125 seconds left.
|player|p2|Umyboyblue|blue
|inactive|Umyboyblue has 120 seconds left.
|
|t:|1604838068
|move|p2a: Cinderace|Pyro Ball|p1a: Clefable
|-damage|p1a: Clefable|2/100
|move|p1a: Clefable|Moonblast|p2a: Cinderace
|-resisted|p2a: Cinderace
|-damage|p2a: Cinderace|0 fnt
|faint|p2a: Cinderace
|
|upkeep
|
|t:|1604838071
|switch|p2a: Clefable|Clefable, F|80/100 psn
|turn|40
|
|t:|1604838073
|move|p1a: Clefable|Moonblast|p2a: Clefable
|-damage|p2a: Clefable|44/100 psn
|move|p2a: Clefable|Calm Mind|p2a: Clefable
|-boost|p2a: Clefable|spa|1
|-boost|p2a: Clefable|spd|1
|
|upkeep
|turn|41
|
|t:|1604838086
|switch|p1a: Melmetal|Melmetal, shiny|28/100
|move|p2a: Clefable|Soft-Boiled|p2a: Clefable
|-heal|p2a: Clefable|94/100 psn
|
|upkeep
|turn|42
|
|t:|1604838089
|move|p2a: Clefable|Thunderbolt|p1a: Melmetal
|-damage|p1a: Melmetal|2/100
|move|p1a: Melmetal|Double Iron Bash|p2a: Clefable
|-supereffective|p2a: Clefable
|-damage|p2a: Clefable|31/100 psn
|-supereffective|p2a: Clefable
|-damage|p2a: Clefable|0 fnt
|-hitcount|p2a: Clefable|2
|faint|p2a: Clefable
|
|win|early_human
