|raw|<div class="broadcast-blue"><strong>This battle is required to be public due to a player having a name starting with 'lt94je'.</div>
|j|☆LT94JE Pichiu
|j|☆Barracades
|t:|1661659159
|gametype|singles
|player|p1|LT94JE Pichiu|elesa|1776
|player|p2|Barracades|bruno-gen2|1827
|teamsize|p1|6
|teamsize|p2|6
|gen|8
|tier|[Gen 8] OU
|rated|
|rule|Sleep Clause Mod: Limit one foe put to sleep
|rule|Species Clause: Limit one of each Pokémon
|rule|OHKO Clause: OHKO moves are banned
|rule|Evasion Items Clause: Evasion items are banned
|rule|Evasion Moves Clause: Evasion moves are banned
|rule|Endless Battle Clause: Forcing endless battles is banned
|rule|HP Percentage Mod: HP is shown in percentages
|rule|Dynamax Clause: You cannot dynamax
|clearpoke
|poke|p1|Slowking-Galar, M|
|poke|p1|Weavile, F|
|poke|p1|Melmetal|
|poke|p1|Garchomp, M|
|poke|p1|Corviknight, M|
|poke|p1|Urshifu-*, F|
|poke|p2|Dragapult, M|
|poke|p2|Obstagoon, M|
|poke|p2|Melmetal|
|poke|p2|Volcanion|
|poke|p2|Mamoswine, M|
|poke|p2|Buzzwole|
|teampreview
|c|☆Barracades|hfhf
|
|t:|1661659177
|start
|switch|p1a: Urshifu|Urshifu-Rapid-Strike, F|100/100
|switch|p2a: Leviathan|Dragapult, M, shiny|100/100
|turn|1
|inactive|Battle timer is ON: inactive players will automatically lose when time's up. (requested by LT94JE Pichiu)
|c|☆LT94JE Pichiu|hf
|
|t:|1661659190
|switch|p1a: Slowking|Slowking-Galar, M, shiny|100/100
|move|p2a: Leviathan|Shadow Ball|p1a: Slowking
|-supereffective|p1a: Slowking
|-damage|p1a: Slowking|36/100
|
|upkeep
|turn|2
|
|t:|1661659198
|switch|p1a: Weavile|Weavile, F|100/100
|-ability|p1a: Weavile|Pressure
|move|p2a: Leviathan|Shadow Ball|p1a: Weavile
|-resisted|p1a: Weavile
|-damage|p1a: Weavile|62/100
|
|upkeep
|turn|3
|
|t:|1661659203
|switch|p2a: Magatama|Volcanion|100/100
|move|p1a: Weavile|Knock Off|p2a: Magatama
|-damage|p2a: Magatama|62/100
|-enditem|p2a: Magatama|Heavy-Duty Boots|[from] move: Knock Off|[of] p1a: Weavile
|
|upkeep
|turn|4
|
|t:|1661659212
|switch|p1a: Urshifu|Urshifu-Rapid-Strike, F|100/100
|move|p2a: Magatama|Steam Eruption|p1a: Urshifu
|-resisted|p1a: Urshifu
|-damage|p1a: Urshifu|52/100
|
|upkeep
|turn|5
|
|t:|1661659216
|move|p1a: Urshifu|U-turn|p2a: Magatama
|-resisted|p2a: Magatama
|-damage|p2a: Magatama|52/100
|
|t:|1661659219
|switch|p1a: Garchomp|Garchomp, M|100/100|[from]move: U-turn
|move|p2a: Magatama|Steam Eruption|p1a: Garchomp
|-damage|p1a: Garchomp|59/100
|
|-heal|p1a: Garchomp|65/100|[from] item: Leftovers
|upkeep
|turn|6
|
|t:|1661659222
|move|p1a: Garchomp|Stealth Rock|p2a: Magatama
|-sidestart|p2: Barracades|move: Stealth Rock
|move|p2a: Magatama|Steam Eruption|p1a: Garchomp
|-damage|p1a: Garchomp|24/100
|
|-heal|p1a: Garchomp|30/100|[from] item: Leftovers
|upkeep
|turn|7
|
|t:|1661659232
|switch|p2a: Behemoth|Mamoswine, M, shiny|100/100
|-damage|p2a: Behemoth|88/100|[from] Stealth Rock
|move|p1a: Garchomp|Earthquake|p2a: Behemoth
|-damage|p2a: Behemoth|43/100
|
|-heal|p1a: Garchomp|36/100|[from] item: Leftovers
|upkeep
|turn|8
|
|t:|1661659236
|switch|p1a: Corviknight|Corviknight, M|100/100
|-ability|p1a: Corviknight|Pressure
|move|p2a: Behemoth|Ice Shard|p1a: Corviknight
|-damage|p1a: Corviknight|87/100
|
|-heal|p1a: Corviknight|93/100|[from] item: Leftovers
|upkeep
|turn|9
|
|t:|1661659239
|move|p2a: Behemoth|Stealth Rock|p1a: Corviknight
|-sidestart|p1: LT94JE Pichiu|move: Stealth Rock
|move|p1a: Corviknight|Brave Bird|p2a: Behemoth
|-damage|p2a: Behemoth|2/100
|-damage|p1a: Corviknight|81/100|[from] Recoil
|
|-heal|p1a: Corviknight|87/100|[from] item: Leftovers
|upkeep
|turn|10
|
|t:|1661659243
|move|p2a: Behemoth|Endeavor|p1a: Corviknight
|-damage|p1a: Corviknight|2/100
|move|p1a: Corviknight|U-turn|p2a: Behemoth
|-damage|p2a: Behemoth|0 fnt
|faint|p2a: Behemoth
|
|t:|1661659258
|switch|p1a: Weavile|Weavile, F|62/100|[from]move: U-turn
|-ability|p1a: Weavile|Pressure
|
|upkeep
|
|t:|1661659270
|switch|p2a: Vilgax|Buzzwole, shiny|100/100
|-damage|p2a: Vilgax|88/100|[from] Stealth Rock
|turn|11
|j| return nirvana
|
|t:|1661659277
|switch|p1a: Corviknight|Corviknight, M|2/100
|-damage|p1a: Corviknight|0 fnt|[from] Stealth Rock
|faint|p1a: Corviknight
|move|p2a: Vilgax|Leech Life|p1: Corviknight|[notarget]
|-fail|p2a: Vilgax
|
|upkeep
|
|t:|1661659281
|switch|p1a: Slowking|Slowking-Galar, M, shiny|70/100
|-damage|p1a: Slowking|57/100|[from] Stealth Rock
|turn|12
|
|t:|1661659285
|switch|p2a: Missingno|Obstagoon, M, shiny|100/100
|-damage|p2a: Missingno|88/100|[from] Stealth Rock
|switch|p1a: Melmetal|Melmetal|100/100
|-damage|p1a: Melmetal|94/100|[from] Stealth Rock
|
|-status|p2a: Missingno|brn|[from] item: Flame Orb
|upkeep
|turn|13
|
|t:|1661659289
|move|p2a: Missingno|Obstruct|p2a: Missingno
|-singleturn|p2a: Missingno|Protect
|move|p1a: Melmetal|Double Iron Bash|p2a: Missingno
|-activate|p2a: Missingno|move: Protect
|
|-damage|p2a: Missingno|82/100 brn|[from] brn
|upkeep
|turn|14
|
|t:|1661659304
|move|p2a: Missingno|Knock Off|p1a: Melmetal
|-damage|p1a: Melmetal|54/100
|-enditem|p1a: Melmetal|Protective Pads|[from] move: Knock Off|[of] p2a: Missingno
|move|p1a: Melmetal|Double Iron Bash|p2a: Missingno
|-damage|p2a: Missingno|37/100 brn
|-damage|p2a: Missingno|0 fnt
|faint|p2a: Missingno
|-hitcount|p2: Missingno|2
|
|upkeep
|
|t:|1661659310
|switch|p2a: Magatama|Volcanion|52/100
|-damage|p2a: Magatama|27/100|[from] Stealth Rock
|turn|15
|
|t:|1661659323
|switch|p1a: Garchomp|Garchomp, M|36/100
|-damage|p1a: Garchomp|30/100|[from] Stealth Rock
|move|p2a: Magatama|Earth Power|p1a: Garchomp
|-damage|p1a: Garchomp|6/100
|
|-heal|p1a: Garchomp|12/100|[from] item: Leftovers
|upkeep
|turn|16
|
|t:|1661659329
|move|p1a: Garchomp|Earthquake|p2a: Magatama
|-supereffective|p2a: Magatama
|-damage|p2a: Magatama|0 fnt
|faint|p2a: Magatama
|
|-heal|p1a: Garchomp|18/100|[from] item: Leftovers
|upkeep
|
|t:|1661659333
|switch|p2a: Vilgax|Buzzwole, shiny|88/100
|-damage|p2a: Vilgax|76/100|[from] Stealth Rock
|turn|17
|
|t:|1661659335
|move|p1a: Garchomp|Protect|p1a: Garchomp
|-singleturn|p1a: Garchomp|Protect
|move|p2a: Vilgax|Earthquake|p1a: Garchomp
|-activate|p1a: Garchomp|move: Protect
|
|-heal|p1a: Garchomp|25/100|[from] item: Leftovers
|upkeep
|turn|18
|
|t:|1661659341
|move|p2a: Vilgax|Earthquake|p1a: Garchomp
|-damage|p1a: Garchomp|0 fnt
|faint|p1a: Garchomp
|-ability|p2a: Vilgax|Beast Boost|boost
|-boost|p2a: Vilgax|atk|1
|
|upkeep
|
|t:|1661659347
|switch|p1a: Urshifu|Urshifu-Rapid-Strike, F|52/100
|-damage|p1a: Urshifu|46/100|[from] Stealth Rock
|turn|19
|
|t:|1661659350
|move|p2a: Vilgax|Earthquake|p1a: Urshifu
|-damage|p1a: Urshifu|0 fnt
|faint|p1a: Urshifu
|-ability|p2a: Vilgax|Beast Boost|boost
|-boost|p2a: Vilgax|atk|1
|
|upkeep
|-message|LT94JE Pichiu forfeited.
|
|win|Barracades
|raw|LT94JE Pichiu's rating: 1776 &rarr; <strong>1759</strong><br />(-17 for losing)
|raw|Barracades's rating: 1827 &rarr; <strong>1844</strong><br />(+17 for winning)
|l|☆LT94JE Pichiu
|c|☆Barracades|gg
