|j|☆wsdfg
|j|☆aLEJOO B3
|t:|1606782578
|player|p1|wsdfg|burglar|1772
|player|p2|aLEJOO B3|n|1718
|teamsize|p1|6
|teamsize|p2|6
|gametype|singles
|gen|8
|tier|[Gen 8] OU
|rated|
|clearpoke
|poke|p1|Pheromosa|
|poke|p1|Slowbro, M|
|poke|p1|Garchomp, F|
|poke|p1|Clefable, F|
|poke|p1|Magnezone|
|poke|p1|Mandibuzz, F|
|poke|p2|Pelipper, M|
|poke|p2|Ferrothorn, F|
|poke|p2|Tornadus-Therian, M|
|poke|p2|Garchomp, F|
|poke|p2|Barraskewda, M|
|poke|p2|Urshifu-*, F|
|rule|Sleep Clause Mod: Limit one foe put to sleep
|rule|Species Clause: Limit one of each Pokémon
|rule|OHKO Clause: OHKO moves are banned
|rule|Evasion Moves Clause: Evasion moves are banned
|rule|Endless Battle Clause: Forcing endless battles is banned
|rule|HP Percentage Mod: HP is shown in percentages
|rule|Dynamax Clause: You cannot dynamax
|teampreview
|inactive|Battle timer is ON: inactive players will automatically lose when time's up. (requested by aLEJOO B3)
|j| DrPingasPotencia
|
|t:|1606782597
|start
|switch|p1a: Garchomp|Garchomp, F|100/100
|switch|p2a: Ferrothorn|Ferrothorn, F|100/100
|turn|1
|
|t:|1606782602
|move|p1a: Garchomp|Swords Dance|p1a: Garchomp
|-boost|p1a: Garchomp|atk|2
|move|p2a: Ferrothorn|Leech Seed|p1a: Garchomp
|-start|p1a: Garchomp|move: Leech Seed
|
|-damage|p1a: Garchomp|88/100|[from] Leech Seed|[of] p2a: Ferrothorn
|upkeep
|turn|2
|j| FormidableTrashcan
|
|t:|1606782607
|move|p1a: Garchomp|Swords Dance|p1a: Garchomp
|-boost|p1a: Garchomp|atk|2
|move|p2a: Ferrothorn|Gyro Ball|p1a: Garchomp
|-damage|p1a: Garchomp|40/100
|-damage|p2a: Ferrothorn|88/100|[from] ability: Rough Skin|[of] p1a: Garchomp
|
|-heal|p2a: Ferrothorn|94/100|[from] item: Leftovers
|-damage|p1a: Garchomp|28/100|[from] Leech Seed|[of] p2a: Ferrothorn
|-heal|p2a: Ferrothorn|100/100|[silent]
|upkeep
|turn|3
|
|t:|1606782617
|switch|p2a: Pelipper|Pelipper, M|100/100
|-weather|RainDance|[from] ability: Drizzle|[of] p2a: Pelipper
|move|p1a: Garchomp|Scale Shot|p2a: Pelipper
|-damage|p2a: Pelipper|63/100
|-damage|p2a: Pelipper|24/100
|-hitcount|p2a: Pelipper|2
|-unboost|p1a: Garchomp|def|1
|-boost|p1a: Garchomp|spe|1
|-damage|p1a: Garchomp|18/100|[from] item: Life Orb
|
|-weather|RainDance|[upkeep]
|-damage|p1a: Garchomp|6/100|[from] Leech Seed|[of] p2a: Pelipper
|-heal|p2a: Pelipper|38/100|[silent]
|upkeep
|turn|4
|
|t:|1606782627
|switch|p2a: Ferrothorn|Ferrothorn, F|100/100
|move|p1a: Garchomp|Scale Shot|p2a: Ferrothorn
|-resisted|p2a: Ferrothorn
|-damage|p2a: Ferrothorn|80/100
|-resisted|p2a: Ferrothorn
|-damage|p2a: Ferrothorn|60/100
|-hitcount|p2a: Ferrothorn|2
|-unboost|p1a: Garchomp|def|1
|-boost|p1a: Garchomp|spe|1
|-damage|p1a: Garchomp|0 fnt|[from] item: Life Orb
|faint|p1a: Garchomp
|
|-weather|RainDance|[upkeep]
|-heal|p2a: Ferrothorn|66/100|[from] item: Leftovers
|upkeep
|j| AnimaticLunatic
|
|t:|1606782634
|switch|p1a: Magnezone|Magnezone|100/100
|turn|5
|l| AnimaticLunatic
|
|t:|1606782656
|move|p1a: Magnezone|Thunderbolt|p2a: Ferrothorn
|-resisted|p2a: Ferrothorn
|-damage|p2a: Ferrothorn|43/100
|move|p2a: Ferrothorn|Leech Seed|p1a: Magnezone
|-start|p1a: Magnezone|move: Leech Seed
|
|-weather|RainDance|[upkeep]
|-heal|p2a: Ferrothorn|49/100|[from] item: Leftovers
|-damage|p1a: Magnezone|88/100|[from] Leech Seed|[of] p2a: Ferrothorn
|-heal|p2a: Ferrothorn|59/100|[silent]
|upkeep
|turn|6
|
|t:|1606782663
|move|p1a: Magnezone|Thunderbolt|p2a: Ferrothorn
|-resisted|p2a: Ferrothorn
|-damage|p2a: Ferrothorn|35/100
|move|p2a: Ferrothorn|Spikes|p1a: Magnezone
|-sidestart|p1: wsdfg|Spikes
|
|-weather|RainDance|[upkeep]
|-heal|p2a: Ferrothorn|41/100|[from] item: Leftovers
|-damage|p1a: Magnezone|76/100|[from] Leech Seed|[of] p2a: Ferrothorn
|-heal|p2a: Ferrothorn|51/100|[silent]
|upkeep
|turn|7
|
|t:|1606782668
|move|p1a: Magnezone|Thunderbolt|p2a: Ferrothorn
|-resisted|p2a: Ferrothorn
|-damage|p2a: Ferrothorn|27/100
|-status|p2a: Ferrothorn|par
|cant|p2a: Ferrothorn|par
|
|-weather|RainDance|[upkeep]
|-heal|p2a: Ferrothorn|33/100 par|[from] item: Leftovers
|-damage|p1a: Magnezone|63/100|[from] Leech Seed|[of] p2a: Ferrothorn
|-heal|p2a: Ferrothorn|43/100 par|[silent]
|upkeep
|turn|8
|
|t:|1606782675
|move|p1a: Magnezone|Thunderbolt|p2a: Ferrothorn
|-resisted|p2a: Ferrothorn
|-damage|p2a: Ferrothorn|20/100 par
|move|p2a: Ferrothorn|Spikes|p1a: Magnezone
|-sidestart|p1: wsdfg|Spikes
|
|-weather|RainDance|[upkeep]
|-heal|p2a: Ferrothorn|26/100 par|[from] item: Leftovers
|-damage|p1a: Magnezone|51/100|[from] Leech Seed|[of] p2a: Ferrothorn
|-heal|p2a: Ferrothorn|36/100 par|[silent]
|upkeep
|turn|9
|
|t:|1606782691
|move|p1a: Magnezone|Thunderbolt|p2a: Ferrothorn
|-resisted|p2a: Ferrothorn
|-damage|p2a: Ferrothorn|14/100 par
|move|p2a: Ferrothorn|Spikes|p1a: Magnezone
|-sidestart|p1: wsdfg|Spikes
|
|-weather|RainDance|[upkeep]
|-heal|p2a: Ferrothorn|20/100 par|[from] item: Leftovers
|-damage|p1a: Magnezone|38/100|[from] Leech Seed|[of] p2a: Ferrothorn
|-heal|p2a: Ferrothorn|30/100 par|[silent]
|upkeep
|turn|10
|
|t:|1606782702
|move|p1a: Magnezone|Thunderbolt|p2a: Ferrothorn
|-resisted|p2a: Ferrothorn
|-crit|p2a: Ferrothorn
|-damage|p2a: Ferrothorn|0 fnt
|faint|p2a: Ferrothorn
|
|-weather|none
|upkeep
|
|t:|1606782713
|switch|p2a: Garchomp|Garchomp, F|100/100
|turn|11
|
|t:|1606782716
|switch|p1a: Pheromosa|Pheromosa|100/100
|-damage|p1a: Pheromosa|76/100|[from] Spikes
|move|p2a: Garchomp|Scale Shot|p1a: Pheromosa
|-damage|p1a: Pheromosa|34/100
|-damage|p1a: Pheromosa|0 fnt
|-hitcount|p1a: Pheromosa|2
|-unboost|p2a: Garchomp|def|1
|-boost|p2a: Garchomp|spe|1
|-damage|p2a: Garchomp|91/100|[from] item: Life Orb
|faint|p1a: Pheromosa
|
|upkeep
|
|t:|1606782719
|switch|p1a: Clefable|Clefable, F|100/100
|turn|12
|
|t:|1606782731
|switch|p2a: Pelipper|Pelipper, M|38/100
|-weather|RainDance|[from] ability: Drizzle|[of] p2a: Pelipper
|move|p1a: Clefable|Stealth Rock|p2a: Pelipper
|-sidestart|p2: aLEJOO B3|move: Stealth Rock
|
|-weather|RainDance|[upkeep]
|upkeep
|turn|13
|
|t:|1606782736
|move|p1a: Clefable|Moonblast|p2a: Pelipper
|-damage|p2a: Pelipper|0 fnt
|faint|p2a: Pelipper
|
|-weather|RainDance|[upkeep]
|upkeep
|
|t:|1606782744
|switch|p2a: Barraskewda|Barraskewda, M|100/100
|-damage|p2a: Barraskewda|88/100|[from] Stealth Rock
|turn|14
|
|t:|1606782747
|switch|p1a: Magnezone|Magnezone|38/100
|-damage|p1a: Magnezone|13/100|[from] Spikes
|move|p2a: Barraskewda|Flip Turn|p1a: Magnezone
|-damage|p1a: Magnezone|0 fnt
|faint|p1a: Magnezone
|
|t:|1606782755
|switch|p2a: Tornadus|Tornadus-Therian, M|100/100|[from]move: Flip Turn
|
|-weather|RainDance|[upkeep]
|upkeep
|
|t:|1606782757
|switch|p1a: Clefable|Clefable, F|100/100
|turn|15
|
|t:|1606782762
|move|p2a: Tornadus|Nasty Plot|p2a: Tornadus
|-boost|p2a: Tornadus|spa|2
|move|p1a: Clefable|Moonblast|p2a: Tornadus
|-damage|p2a: Tornadus|62/100
|-unboost|p2a: Tornadus|spa|1
|
|-weather|RainDance|[upkeep]
|upkeep
|turn|16
|
|t:|1606782771
|move|p2a: Tornadus|Hurricane|p1a: Clefable
|-crit|p1a: Clefable
|-damage|p1a: Clefable|5/100
|-start|p1a: Clefable|confusion
|-activate|p1a: Clefable|confusion
|move|p1a: Clefable|Moonblast|p2a: Tornadus
|-damage|p2a: Tornadus|26/100
|
|-weather|RainDance|[upkeep]
|-heal|p1a: Clefable|11/100|[from] item: Leftovers
|upkeep
|turn|17
|j| Vessev
|
|t:|1606782780
|move|p2a: Tornadus|Hurricane|p1a: Clefable
|-damage|p1a: Clefable|0 fnt
|faint|p1a: Clefable
|
|-weather|RainDance|[upkeep]
|upkeep
|
|t:|1606782782
|switch|p1a: Mandibuzz|Mandibuzz, F|100/100
|turn|18
|
|t:|1606782786
|move|p2a: Tornadus|Hurricane|p1a: Mandibuzz
|-damage|p1a: Mandibuzz|44/100
|move|p1a: Mandibuzz|Knock Off|p2a: Tornadus
|-damage|p2a: Tornadus|0 fnt
|-enditem|p2a: Tornadus|Heavy-Duty Boots|[from] move: Knock Off|[of] p1a: Mandibuzz
|faint|p2a: Tornadus
|
|-weather|RainDance|[upkeep]
|upkeep
|
|t:|1606782797
|switch|p2a: Barraskewda|Barraskewda, M|88/100
|-damage|p2a: Barraskewda|76/100|[from] Stealth Rock
|turn|19
|
|t:|1606782801
|move|p2a: Barraskewda|Flip Turn|p1a: Mandibuzz
|-damage|p1a: Mandibuzz|0 fnt
|faint|p1a: Mandibuzz
|
|t:|1606782807
|switch|p2a: Urshifu|Urshifu, F|100/100|[from]move: Flip Turn
|-damage|p2a: Urshifu|94/100|[from] Stealth Rock
|
|-weather|none
|upkeep
|-message|wsdfg forfeited.
|
|win|aLEJOO B3
|l|☆wsdfg
|l| FormidableTrashcan
|l| DrPingasPotencia
|l|☆aLEJOO B3
||Ladder (probably) updated, but score could not be retrieved (Request timeout).
|l| Vessev
|j| Vessev
