|raw|<div class="broadcast-blue"><strong>This battle is required to be public due to a player having a name starting with 'lt81yl'.</div>
|j|☆BestixL
|j|☆Lt81yl fusien
|t:|1625613175
|gametype|singles
|player|p1|BestixL|liza|1931
|player|p2|Lt81yl fusien|yellow|1908
|teamsize|p1|6
|teamsize|p2|6
|gen|8
|tier|[Gen 8] OU
|rated|
|rule|Sleep Clause Mod: Limit one foe put to sleep
|rule|Species Clause: Limit one of each Pokémon
|rule|OHKO Clause: OHKO moves are banned
|rule|Evasion Moves Clause: Evasion moves are banned
|rule|Endless Battle Clause: Forcing endless battles is banned
|rule|HP Percentage Mod: HP is shown in percentages
|rule|Dynamax Clause: You cannot dynamax
|clearpoke
|poke|p1|Clefable, M|
|poke|p1|Dragonite, F|
|poke|p1|Landorus-Therian, M|
|poke|p1|Skarmory, F|
|poke|p1|Slowking, M|
|poke|p1|Weavile, F|
|poke|p2|Zeraora|
|poke|p2|Tapu Bulu|
|poke|p2|Kartana|
|poke|p2|Buzzwole|
|poke|p2|Tyranitar, M|
|poke|p2|Landorus-Therian, M|
|teampreview
|inactive|Battle timer is ON: inactive players will automatically lose when time's up. (requested by Lt81yl fusien)
|j| regnite ◕‿◕
|j| masFR
|j| melancholy hills
|c|☆Lt81yl fusien|Hf
|c|☆BestixL|u2
|j| RipReckful
|j| dylanjzayas
|j| field of stars
|j| LT81YL SCHWEMBO
|inactive|BestixL has 120 seconds left.
|j| august
|
|t:|1625613208
|start
|switch|p1a: Skarmory|Skarmory, F|100/100
|switch|p2a: Landorus|Landorus-Therian, M|100/100
|-ability|p2a: Landorus|Intimidate|boost
|-unboost|p1a: Skarmory|atk|1
|turn|1
|l| LT81YL SCHWEMBO
|
|t:|1625613211
|move|p2a: Landorus|Knock Off|p1a: Skarmory
|-damage|p1a: Skarmory|80/100
|-damage|p2a: Landorus|84/100|[from] item: Rocky Helmet|[of] p1a: Skarmory
|-enditem|p1a: Skarmory|Rocky Helmet|[from] move: Knock Off|[of] p2a: Landorus
|move|p1a: Skarmory|Toxic|p2a: Landorus
|-status|p2a: Landorus|tox
|
|-heal|p2a: Landorus|90/100 tox|[from] item: Leftovers
|-damage|p2a: Landorus|84/100 tox|[from] psn
|upkeep
|turn|2
|
|t:|1625613217
|move|p2a: Landorus|U-turn|p1a: Skarmory
|-resisted|p1a: Skarmory
|-damage|p1a: Skarmory|76/100
|
|t:|1625613220
|switch|p2a: Zeraora|Zeraora|100/100|[from]move: U-turn
|move|p1a: Skarmory|Spikes|p2a: Zeraora
|-sidestart|p2: Lt81yl fusien|Spikes
|
|upkeep
|turn|3
|j| jukzfjf
|l| dylanjzayas
|
|t:|1625613228
|move|p2a: Zeraora|Knock Off|p1a: Skarmory
|-damage|p1a: Skarmory|64/100
|move|p1a: Skarmory|Toxic|p2a: Zeraora
|-status|p2a: Zeraora|tox
|
|-damage|p2a: Zeraora|95/100 tox|[from] psn
|upkeep
|turn|4
|j| Lord_Enz
|
|t:|1625613234
|switch|p1a: Landorus|Landorus-Therian, M|100/100
|-ability|p1a: Landorus|Intimidate|boost
|-unboost|p2a: Zeraora|atk|1
|move|p2a: Zeraora|Plasma Fists|p1a: Landorus
|-immune|p1a: Landorus
|
|-damage|p2a: Zeraora|83/100 tox|[from] psn
|upkeep
|turn|5
|j| lt81yl raizen
|l| Lord_Enz
|
|t:|1625613238
|switch|p1a: Skarmory|Skarmory, F|64/100
|move|p2a: Zeraora|Knock Off|p1a: Skarmory
|-damage|p1a: Skarmory|55/100
|
|-damage|p2a: Zeraora|65/100 tox|[from] psn
|upkeep
|turn|6
|
|t:|1625613240
|move|p2a: Zeraora|Knock Off|p1a: Skarmory
|-damage|p1a: Skarmory|47/100
|move|p1a: Skarmory|Roost|p1a: Skarmory
|-heal|p1a: Skarmory|97/100
|-singleturn|p1a: Skarmory|move: Roost
|
|-damage|p2a: Zeraora|41/100 tox|[from] psn
|upkeep
|turn|7
|
|t:|1625613243
|switch|p2a: Landorus|Landorus-Therian, M|84/100 tox
|-ability|p2a: Landorus|Intimidate|boost
|-unboost|p1a: Skarmory|atk|1
|move|p1a: Skarmory|Spikes|p2a: Landorus
|-sidestart|p2: Lt81yl fusien|Spikes
|
|-heal|p2a: Landorus|90/100 tox|[from] item: Leftovers
|-damage|p2a: Landorus|84/100 tox|[from] psn
|upkeep
|turn|8
|
|t:|1625613246
|move|p2a: Landorus|Defog|p1a: Skarmory
|-unboost|p1a: Skarmory|evasion|1
|-sideend|p2: Lt81yl fusien|Spikes|[from] move: Defog|[of] p2a: Landorus
|move|p1a: Skarmory|Spikes|p2a: Landorus
|-sidestart|p2: Lt81yl fusien|Spikes
|
|-heal|p2a: Landorus|90/100 tox|[from] item: Leftovers
|-damage|p2a: Landorus|78/100 tox|[from] psn
|upkeep
|turn|9
|
|t:|1625613249
|move|p2a: Landorus|Defog|p1a: Skarmory
|-unboost|p1a: Skarmory|evasion|1
|-sideend|p2: Lt81yl fusien|Spikes|[from] move: Defog|[of] p2a: Landorus
|move|p1a: Skarmory|Spikes|p2a: Landorus
|-sidestart|p2: Lt81yl fusien|Spikes
|
|-heal|p2a: Landorus|84/100 tox|[from] item: Leftovers
|-damage|p2a: Landorus|66/100 tox|[from] psn
|upkeep
|turn|10
|
|t:|1625613251
|move|p2a: Landorus|U-turn|p1a: Skarmory
|-resisted|p1a: Skarmory
|-damage|p1a: Skarmory|93/100
|
|t:|1625613253
|switch|p2a: Zeraora|Zeraora|41/100 tox|[from]move: U-turn
|move|p1a: Skarmory|Spikes|p2a: Zeraora
|-sidestart|p2: Lt81yl fusien|Spikes
|
|-damage|p2a: Zeraora|35/100 tox|[from] psn
|upkeep
|turn|11
|
|t:|1625613256
|switch|p2a: Landorus|Landorus-Therian, M|66/100 tox
|-ability|p2a: Landorus|Intimidate|boost
|-unboost|p1a: Skarmory|atk|1
|switch|p1a: Landorus|Landorus-Therian, M|100/100
|-ability|p1a: Landorus|Intimidate|boost
|-unboost|p2a: Landorus|atk|1
|
|-heal|p2a: Landorus|72/100 tox|[from] item: Leftovers
|-damage|p2a: Landorus|66/100 tox|[from] psn
|upkeep
|turn|12
|
|t:|1625613260
|move|p2a: Landorus|Defog|p1a: Landorus
|-unboost|p1a: Landorus|evasion|1
|-sideend|p2: Lt81yl fusien|Spikes|[from] move: Defog|[of] p2a: Landorus
|move|p1a: Landorus|Swords Dance|p1a: Landorus
|-boost|p1a: Landorus|atk|2
|
|-heal|p2a: Landorus|72/100 tox|[from] item: Leftovers
|-damage|p2a: Landorus|60/100 tox|[from] psn
|upkeep
|turn|13
|
|t:|1625613262
|move|p2a: Landorus|Knock Off|p1a: Landorus
|-damage|p1a: Landorus|74/100
|-enditem|p1a: Landorus|Soft Sand|[from] move: Knock Off|[of] p2a: Landorus
|move|p1a: Landorus|Stone Edge|p2a: Landorus
|-damage|p2a: Landorus|0 fnt
|faint|p2a: Landorus
|
|upkeep
|c| regnite ◕‿◕|lmao
|c| regnite ◕‿◕|skarmory le wallea a los 6
|
|t:|1625613270
|switch|p2a: Buzzwole|Buzzwole|100/100
|turn|14
|
|t:|1625613273
|switch|p1a: Slowking|Slowking, M|100/100
|move|p2a: Buzzwole|Close Combat|p1a: Slowking
|-resisted|p1a: Slowking
|-damage|p1a: Slowking|75/100
|-unboost|p2a: Buzzwole|def|1
|-unboost|p2a: Buzzwole|spd|1
|
|upkeep
|turn|15
|
|t:|1625613280
|move|p2a: Buzzwole|Leech Life|p1a: Slowking
|-supereffective|p1a: Slowking
|-damage|p1a: Slowking|0 fnt
|faint|p1a: Slowking
|-ability|p2a: Buzzwole|Beast Boost|boost
|-boost|p2a: Buzzwole|atk|1
|
|upkeep
|
|t:|1625613285
|switch|p1a: Dragonite|Dragonite, F|100/100
|turn|16
|c| regnite ◕‿◕|perdemos
|
|t:|1625613292
|switch|p2a: Tyranitar|Tyranitar, M|100/100
|-weather|Sandstorm|[from] ability: Sand Stream|[of] p2a: Tyranitar
|move|p1a: Dragonite|Toxic|p2a: Tyranitar
|-status|p2a: Tyranitar|tox
|
|-weather|Sandstorm|[upkeep]
|-damage|p1a: Dragonite|94/100|[from] Sandstorm
|-damage|p2a: Tyranitar|94/100 tox|[from] psn
|upkeep
|turn|17
|j| lt81yl cuzzie
|
|t:|1625613298
|switch|p1a: Skarmory|Skarmory, F|93/100
|move|p2a: Tyranitar|Ice Beam|p1a: Skarmory
|-damage|p1a: Skarmory|64/100
|
|-weather|Sandstorm|[upkeep]
|-heal|p2a: Tyranitar|100/100 tox|[from] item: Leftovers
|-damage|p2a: Tyranitar|88/100 tox|[from] psn
|upkeep
|turn|18
|
|t:|1625613302
|switch|p2a: Kartana|Kartana|100/100
|move|p1a: Skarmory|Roost|p1a: Skarmory
|-heal|p1a: Skarmory|100/100
|-singleturn|p1a: Skarmory|move: Roost
|
|-weather|Sandstorm|[upkeep]
|upkeep
|turn|19
|j| samurott champloo
|
|t:|1625613307
|switch|p2a: Buzzwole|Buzzwole|100/100
|move|p1a: Skarmory|Body Press|p2a: Buzzwole
|-resisted|p2a: Buzzwole
|-damage|p2a: Buzzwole|91/100
|-damage|p1a: Skarmory|84/100|[from] item: Rocky Helmet|[of] p2a: Buzzwole
|
|-weather|Sandstorm|[upkeep]
|-damage|p2a: Buzzwole|85/100|[from] Sandstorm
|upkeep
|turn|20
|j| LT81YL slainey
|j|%Ox the Fox
|
|t:|1625613313
|move|p2a: Buzzwole|Close Combat|p1a: Skarmory
|-damage|p1a: Skarmory|44/100
|-unboost|p2a: Buzzwole|def|1
|-unboost|p2a: Buzzwole|spd|1
|move|p1a: Skarmory|Spikes|p2a: Buzzwole
|-sidestart|p2: Lt81yl fusien|Spikes
|
|-weather|none
|upkeep
|turn|21
|j| LT81YL balo
|
|t:|1625613317
|move|p2a: Buzzwole|Close Combat|p1a: Skarmory
|-damage|p1a: Skarmory|7/100
|-unboost|p2a: Buzzwole|def|1
|-unboost|p2a: Buzzwole|spd|1
|move|p1a: Skarmory|Roost|p1a: Skarmory
|-heal|p1a: Skarmory|57/100
|-singleturn|p1a: Skarmory|move: Roost
|
|upkeep
|turn|22
|c| LT81YL slainey|go fusien!
|j| Kay9ine1
|
|t:|1625613321
|switch|p2a: Zeraora|Zeraora|35/100 tox
|move|p1a: Skarmory|Roost|p1a: Skarmory
|-heal|p1a: Skarmory|100/100
|-singleturn|p1a: Skarmory|move: Roost
|
|-damage|p2a: Zeraora|29/100 tox|[from] psn
|upkeep
|turn|23
|
|t:|1625613325
|switch|p1a: Landorus|Landorus-Therian, M|74/100
|-ability|p1a: Landorus|Intimidate|boost
|-unboost|p2a: Zeraora|atk|1
|move|p2a: Zeraora|Plasma Fists|p1a: Landorus
|-immune|p1a: Landorus
|
|-damage|p2a: Zeraora|17/100 tox|[from] psn
|upkeep
|turn|24
|
|t:|1625613328
|move|p2a: Zeraora|Knock Off|p1a: Landorus
|-damage|p1a: Landorus|60/100
|move|p1a: Landorus|Swords Dance|p1a: Landorus
|-boost|p1a: Landorus|atk|2
|
|-damage|p2a: Zeraora|0 fnt|[from] psn
|faint|p2a: Zeraora
|upkeep
|
|t:|1625613331
|switch|p2a: Kartana|Kartana|100/100
|-damage|p2a: Kartana|88/100|[from] Spikes
|turn|25
|
|t:|1625613333
|switch|p1a: Skarmory|Skarmory, F|100/100
|move|p2a: Kartana|Swords Dance|p2a: Kartana
|-boost|p2a: Kartana|atk|2
|
|upkeep
|turn|26
|
|t:|1625613336
|move|p2a: Kartana|Sacred Sword|p1a: Skarmory
|-damage|p1a: Skarmory|52/100
|move|p1a: Skarmory|Body Press|p2a: Kartana
|-supereffective|p2a: Kartana
|-damage|p2a: Kartana|22/100
|
|upkeep
|turn|27
|
|t:|1625613341
|switch|p1a: Landorus|Landorus-Therian, M|60/100
|-ability|p1a: Landorus|Intimidate|boost
|-unboost|p2a: Kartana|atk|1
|-enditem|p2a: Kartana|Adrenaline Orb
|-boost|p2a: Kartana|spe|1|[from] item: Adrenaline Orb
|move|p2a: Kartana|Sacred Sword|p1a: Landorus
|-resisted|p1a: Landorus
|-damage|p1a: Landorus|22/100
|
|upkeep
|turn|28
|j| 1800s Agents
|
|t:|1625613345
|move|p2a: Kartana|Leaf Blade|p1a: Landorus
|-damage|p1a: Landorus|0 fnt
|faint|p1a: Landorus
|-ability|p2a: Kartana|Beast Boost|boost
|-boost|p2a: Kartana|atk|1
|
|upkeep
|j| LT81YL ABR
|
|t:|1625613347
|switch|p1a: Dragonite|Dragonite, F|94/100
|turn|29
|l| LT81YL ABR
|
|t:|1625613349
|move|p2a: Kartana|Knock Off|p1a: Dragonite
|-damage|p1a: Dragonite|35/100
|-enditem|p1a: Dragonite|Heavy-Duty Boots|[from] move: Knock Off|[of] p2a: Kartana
|move|p1a: Dragonite|Flamethrower|p2a: Kartana
|-supereffective|p2a: Kartana
|-damage|p2a: Kartana|0 fnt
|faint|p2a: Kartana
|
|upkeep
|
|t:|1625613355
|switch|p2a: Tapu Bulu|Tapu Bulu|100/100
|-damage|p2a: Tapu Bulu|88/100|[from] Spikes
|-fieldstart|move: Grassy Terrain|[from] ability: Grassy Surge|[of] p2a: Tapu Bulu
|turn|30
|l| lt81yl cuzzie
|
|t:|1625613359
|move|p2a: Tapu Bulu|Stone Edge|p1a: Dragonite
|-supereffective|p1a: Dragonite
|-damage|p1a: Dragonite|0 fnt
|faint|p1a: Dragonite
|-damage|p2a: Tapu Bulu|78/100|[from] item: Life Orb
|
|-heal|p2a: Tapu Bulu|84/100|[from] Grassy Terrain
|upkeep
|
|t:|1625613362
|switch|p1a: Skarmory|Skarmory, F|52/100
|turn|31
|j| Electric win
|
|t:|1625613370
|move|p2a: Tapu Bulu|Swords Dance|p2a: Tapu Bulu
|-boost|p2a: Tapu Bulu|atk|2
|move|p1a: Skarmory|Roost|p1a: Skarmory
|-heal|p1a: Skarmory|100/100
|-singleturn|p1a: Skarmory|move: Roost
|
|-heal|p2a: Tapu Bulu|90/100|[from] Grassy Terrain
|upkeep
|turn|32
|j| TheRoosterPrince
|j| OnGroveStreet
|
|t:|1625613388
|move|p2a: Tapu Bulu|Close Combat|p1a: Skarmory
|-damage|p1a: Skarmory|36/100
|-unboost|p2a: Tapu Bulu|def|1
|-unboost|p2a: Tapu Bulu|spd|1
|-damage|p2a: Tapu Bulu|80/100|[from] item: Life Orb
|move|p1a: Skarmory|Roost|p1a: Skarmory
|-heal|p1a: Skarmory|86/100
|-singleturn|p1a: Skarmory|move: Roost
|
|-heal|p2a: Tapu Bulu|86/100|[from] Grassy Terrain
|-heal|p1a: Skarmory|92/100|[from] Grassy Terrain
|upkeep
|turn|33
|
|t:|1625613394
|switch|p1a: Clefable|Clefable, M|100/100
|move|p2a: Tapu Bulu|Swords Dance|p2a: Tapu Bulu
|-boost|p2a: Tapu Bulu|atk|2
|
|-heal|p2a: Tapu Bulu|92/100|[from] Grassy Terrain
|upkeep
|turn|34
|
|t:|1625613396
|move|p2a: Tapu Bulu|Horn Leech|p1a: Clefable
|-damage|p1a: Clefable|0 fnt
|-heal|p2a: Tapu Bulu|100/100|[from] drain|[of] p1a: Clefable
|faint|p1a: Clefable
|-damage|p2a: Tapu Bulu|91/100|[from] item: Life Orb
|
|-heal|p2a: Tapu Bulu|97/100|[from] Grassy Terrain
|-fieldend|move: Grassy Terrain
|upkeep
|
|t:|1625613399
|switch|p1a: Weavile|Weavile, F|100/100
|-ability|p1a: Weavile|Pressure
|turn|35
|
|t:|1625613403
|switch|p1a: Skarmory|Skarmory, F|92/100
|switch|p2a: Buzzwole|Buzzwole|85/100
|-damage|p2a: Buzzwole|72/100|[from] Spikes
|
|upkeep
|turn|36
|
|t:|1625613413
|move|p2a: Buzzwole|Close Combat|p1a: Skarmory
|-damage|p1a: Skarmory|53/100
|-unboost|p2a: Buzzwole|def|1
|-unboost|p2a: Buzzwole|spd|1
|move|p1a: Skarmory|Toxic|p2a: Buzzwole
|-status|p2a: Buzzwole|tox
|
|-damage|p2a: Buzzwole|66/100 tox|[from] psn
|upkeep
|turn|37
|l| Electric win
|
|t:|1625613415
|switch|p2a: Tapu Bulu|Tapu Bulu|97/100
|-damage|p2a: Tapu Bulu|84/100|[from] Spikes
|-fieldstart|move: Grassy Terrain|[from] ability: Grassy Surge|[of] p2a: Tapu Bulu
|move|p1a: Skarmory|Roost|p1a: Skarmory
|-heal|p1a: Skarmory|100/100
|-singleturn|p1a: Skarmory|move: Roost
|
|-heal|p2a: Tapu Bulu|90/100|[from] Grassy Terrain
|upkeep
|turn|38
|
|t:|1625613419
|switch|p1a: Weavile|Weavile, F|100/100
|-ability|p1a: Weavile|Pressure
|move|p2a: Tapu Bulu|Swords Dance|p2a: Tapu Bulu
|-boost|p2a: Tapu Bulu|atk|2
|
|-heal|p2a: Tapu Bulu|96/100|[from] Grassy Terrain
|upkeep
|turn|39
|l| OnGroveStreet
|
|t:|1625613438
|move|p1a: Weavile|Triple Axel|p2a: Tapu Bulu
|-supereffective|p2a: Tapu Bulu
|-damage|p2a: Tapu Bulu|73/100
|-supereffective|p2a: Tapu Bulu
|-damage|p2a: Tapu Bulu|27/100
|-supereffective|p2a: Tapu Bulu
|-crit|p2a: Tapu Bulu
|-damage|p2a: Tapu Bulu|0 fnt
|faint|p2a: Tapu Bulu
|-hitcount|p2: Tapu Bulu|3
|
|upkeep
|
|t:|1625613444
|switch|p2a: Buzzwole|Buzzwole|66/100 tox
|-damage|p2a: Buzzwole|54/100 tox|[from] Spikes
|turn|40
|
|t:|1625613448
|move|p1a: Weavile|Knock Off|p2a: Buzzwole
|-resisted|p2a: Buzzwole
|-damage|p2a: Buzzwole|39/100 tox
|-damage|p1a: Weavile|84/100|[from] item: Rocky Helmet|[of] p2a: Buzzwole
|-enditem|p2a: Buzzwole|Rocky Helmet|[from] move: Knock Off|[of] p1a: Weavile
|move|p2a: Buzzwole|Close Combat|p1a: Weavile
|-supereffective|p1a: Weavile
|-damage|p1a: Weavile|0 fnt
|-unboost|p2a: Buzzwole|def|1
|-unboost|p2a: Buzzwole|spd|1
|faint|p1a: Weavile
|-ability|p2a: Buzzwole|Beast Boost|boost
|-boost|p2a: Buzzwole|atk|1
|
|-heal|p2a: Buzzwole|45/100 tox|[from] Grassy Terrain
|-damage|p2a: Buzzwole|39/100 tox|[from] psn
|upkeep
|
|t:|1625613451
|switch|p1a: Skarmory|Skarmory, F|100/100
|turn|41
|
|t:|1625613453
|move|p2a: Buzzwole|Close Combat|p1a: Skarmory
|-damage|p1a: Skarmory|46/100
|-unboost|p2a: Buzzwole|def|1
|-unboost|p2a: Buzzwole|spd|1
|move|p1a: Skarmory|Roost|p1a: Skarmory
|-heal|p1a: Skarmory|97/100
|-singleturn|p1a: Skarmory|move: Roost
|
|-heal|p2a: Buzzwole|45/100 tox|[from] Grassy Terrain
|-heal|p1a: Skarmory|100/100|[from] Grassy Terrain
|-damage|p2a: Buzzwole|32/100 tox|[from] psn
|-fieldend|move: Grassy Terrain
|upkeep
|turn|42
|
|t:|1625613457
|move|p2a: Buzzwole|Close Combat|p1a: Skarmory
|-damage|p1a: Skarmory|48/100
|-unboost|p2a: Buzzwole|def|1
|-unboost|p2a: Buzzwole|spd|1
|move|p1a: Skarmory|Roost|p1a: Skarmory
|-heal|p1a: Skarmory|98/100
|-singleturn|p1a: Skarmory|move: Roost
|
|-damage|p2a: Buzzwole|14/100 tox|[from] psn
|upkeep
|turn|43
|j| OnGroveStreet
|
|t:|1625613461
|move|p2a: Buzzwole|Ice Punch|p1a: Skarmory
|-damage|p1a: Skarmory|73/100
|move|p1a: Skarmory|Roost|p1a: Skarmory
|-heal|p1a: Skarmory|100/100
|-singleturn|p1a: Skarmory|move: Roost
|
|-damage|p2a: Buzzwole|0 fnt|[from] psn
|faint|p2a: Buzzwole
|upkeep
|
|t:|1625613463
|switch|p2a: Tyranitar|Tyranitar, M|88/100 tox
|-damage|p2a: Tyranitar|76/100 tox|[from] Spikes
|-weather|Sandstorm|[from] ability: Sand Stream|[of] p2a: Tyranitar
|turn|44
|
|t:|1625613464
|move|p1a: Skarmory|Body Press|p2a: Tyranitar
|-supereffective|p2a: Tyranitar
|-damage|p2a: Tyranitar|0 fnt
|faint|p2a: Tyranitar
|
|win|BestixL
|l| masFR
|raw|BestixL's rating: 1931 &rarr; <strong>1950</strong><br />(+19 for winning)
|raw|Lt81yl fusien's rating: 1908 &rarr; <strong>1889</strong><br />(-19 for losing)
|c|☆Lt81yl fusien|Gg
|l| field of stars
|c|☆BestixL|gg
|l| regnite ◕‿◕
|l|☆Lt81yl fusien
|l| samurott champloo
|l|☆BestixL
|l| OnGroveStreet
|l| TheRoosterPrince
||Ladder isn't responding, score probably updated but might not have (Request timeout).
|j| villainKDA
|l| lt81yl raizen
|l| 1800s Agents
|l| melancholy hills
|l| august
|l| Kay9ine1
|j| OU make me yawn
|l| RipReckful
