|raw|<div class="broadcast-blue"><strong>This battle is required to be public due to a player having a name starting with 'lt91bb'.</div>
|j|☆LT91BB Dasmer
|j|☆xyz anxiety
|t:|1659537841
|gametype|singles
|player|p1|LT91BB Dasmer|rei|1932
|player|p2|xyz anxiety|byron|1940
|teamsize|p1|6
|teamsize|p2|6
|gen|8
|tier|[Gen 8] OU
|rated|
|rule|Sleep Clause Mod: Limit one foe put to sleep
|rule|Species Clause: Limit one of each Pokémon
|rule|OHKO Clause: OHKO moves are banned
|rule|Evasion Moves Clause: Evasion moves are banned
|rule|Endless Battle Clause: Forcing endless battles is banned
|rule|HP Percentage Mod: HP is shown in percentages
|rule|Dynamax Clause: You cannot dynamax
|clearpoke
|poke|p1|Landorus-Therian, M|
|poke|p1|Victini|
|poke|p1|Tapu Koko|
|poke|p1|Dragonite, M|
|poke|p1|Ferrothorn, F|
|poke|p1|Clefable, F|
|poke|p2|Mew|
|poke|p2|Landorus-Therian, M|
|poke|p2|Celesteela|
|poke|p2|Nihilego|
|poke|p2|Zeraora|
|poke|p2|Dragapult, M|
|teampreview
|
|t:|1659537849
|start
|switch|p1a: Landorus|Landorus-Therian, M|100/100
|switch|p2a: Mew|Mew|100/100
|-ability|p1a: Landorus|Intimidate|boost
|-unboost|p2a: Mew|atk|1
|turn|1
|j| anique
|j| regnite ◕‿◕
|j| deez nuzt
|
|t:|1659537852
|move|p2a: Mew|Taunt|p1a: Landorus
|-start|p1a: Landorus|move: Taunt
|move|p1a: Landorus|Earthquake|p2a: Mew
|-damage|p2a: Mew|51/100
|
|upkeep
|turn|2
|
|t:|1659537854
|move|p2a: Mew|Stealth Rock|p1a: Landorus
|-sidestart|p1: LT91BB Dasmer|move: Stealth Rock
|move|p1a: Landorus|Earthquake|p2a: Mew
|-damage|p2a: Mew|5/100
|
|upkeep
|turn|3
|
|t:|1659537856
|move|p2a: Mew|Spikes|p1a: Landorus
|-sidestart|p1: LT91BB Dasmer|Spikes
|move|p1a: Landorus|Earthquake|p2a: Mew
|-damage|p2a: Mew|0 fnt
|faint|p2a: Mew
|
|-end|p1a: Landorus|move: Taunt
|upkeep
|j| Skyrio
|j| egal★vanc
|
|t:|1659537865
|switch|p2a: Celesteela|Celesteela|100/100
|turn|4
|
|t:|1659537867
|switch|p1a: Tapu Koko|Tapu Koko|100/100
|-fieldstart|move: Electric Terrain|[from] ability: Electric Surge|[of] p1a: Tapu Koko
|move|p2a: Celesteela|Autotomize|p2a: Celesteela
|-boost|p2a: Celesteela|spe|2
|-start|p2a: Celesteela|Autotomize
|
|upkeep
|turn|5
|j| Pepega Trainer
|
|t:|1659537871
|switch|p2a: Landorus|Landorus-Therian, M|100/100
|-ability|p2a: Landorus|Intimidate|boost
|-unboost|p1a: Tapu Koko|atk|1
|move|p1a: Tapu Koko|Thunderbolt|p2a: Landorus
|-immune|p2a: Landorus
|
|upkeep
|turn|6
|
|t:|1659537874
|switch|p1a: Landorus|Landorus-Therian, M|100/100
|-damage|p1a: Landorus|88/100|[from] Stealth Rock
|-ability|p1a: Landorus|Intimidate|boost
|-unboost|p2a: Landorus|atk|1
|move|p2a: Landorus|Gravity|p2a: Landorus
|-fieldstart|move: Gravity
|
|upkeep
|turn|7
|j| LT91BB Storm
|
|t:|1659537880
|move|p1a: Landorus|Stealth Rock|p2a: Landorus
|-sidestart|p2: xyz anxiety|move: Stealth Rock
|move|p2a: Landorus|Swords Dance|p2a: Landorus
|-boost|p2a: Landorus|atk|2
|
|upkeep
|turn|8
|j| horsehunter
|j| rozfu
|
|t:|1659537884
|switch|p2a: Dragapult|Dragapult, M|100/100
|-damage|p2a: Dragapult|88/100|[from] Stealth Rock
|move|p1a: Landorus|Explosion|p2a: Dragapult
|-immune|p2a: Dragapult
|faint|p1a: Landorus
|
|-fieldend|move: Electric Terrain
|upkeep
|j| balls2004
|j| adroreschach
|j|+pichus
|
|t:|1659537897
|switch|p1a: Clefable|Clefable, F|100/100
|turn|9
|
|t:|1659537899
|switch|p2a: Landorus|Landorus-Therian, M|100/100
|-damage|p2a: Landorus|88/100|[from] Stealth Rock
|-ability|p2a: Landorus|Intimidate|boost
|-unboost|p1a: Clefable|atk|1
|move|p1a: Clefable|Trick|p2a: Landorus
|-activate|p1a: Clefable|move: Trick|[of] p2a: Landorus
|-item|p2a: Landorus|Sticky Barb|[from] move: Trick
|-item|p1a: Clefable|Soft Sand|[from] move: Trick
|
|-damage|p2a: Landorus|76/100|[from] item: Sticky Barb
|upkeep
|turn|10
|j| Cocomelon Esports
|
|t:|1659537904
|move|p2a: Landorus|Swords Dance|p2a: Landorus
|-boost|p2a: Landorus|atk|2
|move|p1a: Clefable|Moonblast|p2a: Landorus
|-damage|p2a: Landorus|40/100
|
|-fieldend|move: Gravity
|-damage|p2a: Landorus|27/100|[from] item: Sticky Barb
|upkeep
|turn|11
|j| Mimikyu Stardust
|
|t:|1659537906
|move|p2a: Landorus|Earthquake|p1a: Clefable
|-damage|p1a: Clefable|0 fnt
|faint|p1a: Clefable
|
|-damage|p2a: Landorus|15/100|[from] item: Sticky Barb
|upkeep
|
|t:|1659537909
|switch|p1a: Victini|Victini|100/100
|turn|12
|
|t:|1659537911
|move|p1a: Victini|Glaciate|p2a: Landorus
|-supereffective|p2a: Landorus
|-damage|p2a: Landorus|0 fnt
|faint|p2a: Landorus
|
|upkeep
|j| Yamato F4N
|j| cscl
|l| cscl
|j| LT91BB xray
|l| horsehunter
|inactive|Battle timer is ON: inactive players will automatically lose when time's up. (requested by LT91BB Dasmer)
|j| Plasmeek
|l| LT91BB xray
|j| program_ing
|j| the pharoah
|
|t:|1659537965
|switch|p2a: Dragapult|Dragapult, M|88/100
|-damage|p2a: Dragapult|76/100|[from] Stealth Rock
|turn|13
|l| the pharoah
|l| adroreschach
|j| LT91BB dranb
|
|t:|1659537977
|move|p2a: Dragapult|Shadow Ball|p1a: Victini
|-supereffective|p1a: Victini
|-damage|p1a: Victini|0 fnt
|faint|p1a: Victini
|
|upkeep
|
|t:|1659537980
|switch|p1a: Tapu Koko|Tapu Koko|100/100
|-fieldstart|move: Electric Terrain|[from] ability: Electric Surge|[of] p1a: Tapu Koko
|turn|14
|
|t:|1659537982
|move|p2a: Dragapult|Shadow Ball|p1a: Tapu Koko
|-damage|p1a: Tapu Koko|27/100
|move|p1a: Tapu Koko|Dazzling Gleam|p2a: Dragapult
|-supereffective|p2a: Dragapult
|-damage|p2a: Dragapult|0 fnt
|faint|p2a: Dragapult
|
|upkeep
|j| LT91BB Manololt
|
|t:|1659537984
|switch|p2a: Zeraora|Zeraora|100/100
|turn|15
|j| LT91BB Tace
|j| Lemon to Aid
|
|t:|1659537987
|move|p2a: Zeraora|Plasma Fists|p1a: Tapu Koko
|-resisted|p1a: Tapu Koko
|-damage|p1a: Tapu Koko|0 fnt
|-fieldactivate|move: Ion Deluge
|-hint|Normal-type moves become Electric-type after using Plasma Fists.
|faint|p1a: Tapu Koko
|
|upkeep
|
|t:|1659537993
|switch|p1a: Dragonite|Dragonite, M|100/100
|turn|16
|
|t:|1659537998
|move|p2a: Zeraora|Taunt|p1a: Dragonite
|-start|p1a: Dragonite|move: Taunt
|cant|p1a: Dragonite|move: Taunt|Dragon Dance
|
|upkeep
|turn|17
|
|t:|1659538001
|move|p2a: Zeraora|Plasma Fists|p1a: Dragonite
|-damage|p1a: Dragonite|65/100
|-fieldactivate|move: Ion Deluge
|-hint|Normal-type moves become Electric-type after using Plasma Fists.
|move|p1a: Dragonite|Earthquake|p2a: Zeraora
|-supereffective|p2a: Zeraora
|-damage|p2a: Zeraora|0 fnt
|faint|p2a: Zeraora
|
|upkeep
|j| xasah❤bae
|
|t:|1659538006
|switch|p2a: Nihilego|Nihilego|100/100
|-damage|p2a: Nihilego|88/100|[from] Stealth Rock
|turn|18
|
|t:|1659538008
|move|p2a: Nihilego|Meteor Beam||[still]
|-prepare|p2a: Nihilego|Meteor Beam
|-boost|p2a: Nihilego|spa|1
|-enditem|p2a: Nihilego|Power Herb
|-anim|p2a: Nihilego|Meteor Beam|p1a: Dragonite
|-supereffective|p1a: Dragonite
|-damage|p1a: Dragonite|0 fnt
|faint|p1a: Dragonite
|-ability|p2a: Nihilego|Beast Boost|boost
|-boost|p2a: Nihilego|spe|1
|
|-fieldend|move: Electric Terrain
|upkeep
|-message|LT91BB Dasmer forfeited.
|
|win|xyz anxiety
|raw|LT91BB Dasmer's rating: 1932 &rarr; <strong>1913</strong><br />(-19 for losing)
|raw|xyz anxiety's rating: 1950 &rarr; <strong>1969</strong><br />(+19 for winning)
|l|☆LT91BB Dasmer
|l| balls2004
|c|☆xyz anxiety|GG
