|j|☆ProbablyTTT
|j|☆RogerBuster
|t:|1665263927
|gametype|singles
|player|p1|ProbablyTTT|ethan|1553
|player|p2|RogerBuster|winona|1543
|teamsize|p1|6
|teamsize|p2|6
|gen|8
|tier|[Gen 8] OU
|rated|
|rule|Sleep Clause Mod: Limit one foe put to sleep
|rule|Species Clause: Limit one of each Pokémon
|rule|OHKO Clause: OHKO moves are banned
|rule|Evasion Items Clause: Evasion items are banned
|rule|Evasion Moves Clause: Evasion moves are banned
|rule|Endless Battle Clause: Forcing endless battles is banned
|rule|HP Percentage Mod: HP is shown in percentages
|rule|Dynamax Clause: You cannot dynamax
|clearpoke
|poke|p1|Kartana|
|poke|p1|Tapu Lele|
|poke|p1|Tornadus-Therian, M|
|poke|p1|Hippowdon, F|
|poke|p1|Umbreon, F|
|poke|p1|Toxapex, M|
|poke|p2|Incineroar, F|
|poke|p2|Polteageist|
|poke|p2|Kommo-o, M|
|poke|p2|Silvally-*|
|poke|p2|Vanilluxe, F|
|poke|p2|Arctovish|
|teampreview
|j| 1TimeAtBandCamp
|
|t:|1665263950
|start
|switch|p1a: Tapu Lele|Tapu Lele|100/100
|switch|p2a: Silvally|Silvally|100/100
|-fieldstart|move: Psychic Terrain|[from] ability: Psychic Surge|[of] p1a: Tapu Lele
|turn|1
|inactive|Battle timer is ON: inactive players will automatically lose when time's up. (requested by RogerBuster)
|
|t:|1665263959
|move|p1a: Tapu Lele|Psychic|p2a: Silvally
|-damage|p2a: Silvally|26/100
|move|p2a: Silvally|Hail|p2a: Silvally
|-weather|Hail
|
|-weather|Hail|[upkeep]
|-damage|p1a: Tapu Lele|94/100|[from] Hail
|-damage|p2a: Silvally|20/100|[from] Hail
|upkeep
|turn|2
|
|t:|1665263968
|move|p1a: Tapu Lele|Psychic|p2a: Silvally
|-damage|p2a: Silvally|0 fnt
|faint|p2a: Silvally
|
|-weather|Hail|[upkeep]
|-damage|p1a: Tapu Lele|88/100|[from] Hail
|upkeep
|
|t:|1665263973
|switch|p2a: Arctovish|Arctovish|100/100
|turn|3
|
|t:|1665263982
|switch|p1a: Toxapex|Toxapex, M|100/100
|move|p2a: Arctovish|Freeze-Dry|p1a: Toxapex
|-supereffective|p1a: Toxapex
|-damage|p1a: Toxapex|57/100
|-damage|p2a: Arctovish|91/100|[from] item: Life Orb
|
|-weather|Hail|[upkeep]
|-damage|p1a: Toxapex|51/100|[from] Hail
|upkeep
|turn|4
|
|t:|1665263993
|move|p2a: Arctovish|Freeze-Dry|p1a: Toxapex
|-supereffective|p1a: Toxapex
|-damage|p1a: Toxapex|1/100
|-damage|p2a: Arctovish|81/100|[from] item: Life Orb
|move|p1a: Toxapex|Recover|p1a: Toxapex
|-heal|p1a: Toxapex|51/100
|
|-weather|Hail|[upkeep]
|-damage|p1a: Toxapex|45/100|[from] Hail
|upkeep
|turn|5
|
|t:|1665264004
|switch|p1a: Hippowdon|Hippowdon, F|100/100
|-weather|Sandstorm|[from] ability: Sand Stream|[of] p1a: Hippowdon
|move|p2a: Arctovish|Freeze-Dry|p1a: Hippowdon
|-supereffective|p1a: Hippowdon
|-damage|p1a: Hippowdon|56/100
|-damage|p2a: Arctovish|71/100|[from] item: Life Orb
|
|-weather|Sandstorm|[upkeep]
|-damage|p2a: Arctovish|64/100|[from] Sandstorm
|-heal|p1a: Hippowdon|62/100|[from] item: Leftovers
|-fieldend|move: Psychic Terrain
|upkeep
|turn|6
|
|t:|1665264020
|switch|p1a: Toxapex|Toxapex, M|78/100
|move|p2a: Arctovish|Fishious Rend|p1a: Toxapex
|-resisted|p1a: Toxapex
|-damage|p1a: Toxapex|53/100
|-damage|p2a: Arctovish|48/100|[from] item: Rocky Helmet|[of] p1a: Toxapex
|-damage|p2a: Arctovish|38/100|[from] item: Life Orb
|
|-weather|Sandstorm|[upkeep]
|-damage|p2a: Arctovish|32/100|[from] Sandstorm
|-damage|p1a: Toxapex|47/100|[from] Sandstorm
|upkeep
|turn|7
|
|t:|1665264035
|switch|p1a: Umbreon|Umbreon, F|100/100
|move|p2a: Arctovish|Freeze-Dry|p1a: Umbreon
|-damage|p1a: Umbreon|80/100
|-damage|p2a: Arctovish|22/100|[from] item: Life Orb
|
|-weather|Sandstorm|[upkeep]
|-damage|p2a: Arctovish|15/100|[from] Sandstorm
|-damage|p1a: Umbreon|74/100|[from] Sandstorm
|-heal|p1a: Umbreon|80/100|[from] item: Leftovers
|upkeep
|turn|8
|
|t:|1665264046
|switch|p2a: Incineroar|Incineroar, F|100/100
|-ability|p2a: Incineroar|Intimidate|boost
|-unboost|p1a: Umbreon|atk|1
|move|p1a: Umbreon|Wish|p1a: Umbreon
|
|-weather|Sandstorm|[upkeep]
|-damage|p1a: Umbreon|74/100|[from] Sandstorm
|-damage|p2a: Incineroar|94/100|[from] Sandstorm
|-heal|p1a: Umbreon|80/100|[from] item: Leftovers
|upkeep
|turn|9
|
|t:|1665264058
|switch|p1a: Hippowdon|Hippowdon, F|62/100
|move|p2a: Incineroar|Bulk Up|p2a: Incineroar
|-boost|p2a: Incineroar|atk|1
|-boost|p2a: Incineroar|def|1
|
|-weather|none
|-heal|p1a: Hippowdon|100/100|[from] move: Wish|[wisher] Umbreon
|upkeep
|turn|10
|
|t:|1665264067
|move|p2a: Incineroar|Knock Off|p1a: Hippowdon
|-damage|p1a: Hippowdon|56/100
|-enditem|p1a: Hippowdon|Leftovers|[from] move: Knock Off|[of] p2a: Incineroar
|move|p1a: Hippowdon|Toxic|p2a: Incineroar
|-status|p2a: Incineroar|tox
|
|-damage|p2a: Incineroar|88/100 tox|[from] psn
|upkeep
|turn|11
|
|t:|1665264075
|move|p2a: Incineroar|Bulk Up|p2a: Incineroar
|-boost|p2a: Incineroar|atk|1
|-boost|p2a: Incineroar|def|1
|move|p1a: Hippowdon|Slack Off|p1a: Hippowdon
|-heal|p1a: Hippowdon|100/100
|
|-damage|p2a: Incineroar|76/100 tox|[from] psn
|upkeep
|turn|12
|
|t:|1665264084
|move|p2a: Incineroar|Flare Blitz|p1a: Hippowdon
|-damage|p1a: Hippowdon|25/100
|-damage|p2a: Incineroar|50/100 tox|[from] Recoil
|move|p1a: Hippowdon|Stealth Rock|p2a: Incineroar
|-sidestart|p2: RogerBuster|move: Stealth Rock
|
|-damage|p2a: Incineroar|31/100 tox|[from] psn
|upkeep
|turn|13
|
|t:|1665264098
|switch|p1a: Toxapex|Toxapex, M|80/100
|move|p2a: Incineroar|Knock Off|p1a: Toxapex
|-damage|p1a: Toxapex|30/100
|-damage|p2a: Incineroar|15/100 tox|[from] item: Rocky Helmet|[of] p1a: Toxapex
|-enditem|p1a: Toxapex|Rocky Helmet|[from] move: Knock Off|[of] p2a: Incineroar
|
|-damage|p2a: Incineroar|0 fnt|[from] psn
|faint|p2a: Incineroar
|upkeep
|
|t:|1665264116
|switch|p2a: Vanilluxe|Vanilluxe, F|100/100
|-damage|p2a: Vanilluxe|76/100|[from] Stealth Rock
|-weather|Hail|[from] ability: Snow Warning|[of] p2a: Vanilluxe
|turn|14
|
|t:|1665264123
|switch|p1a: Umbreon|Umbreon, F|80/100
|move|p2a: Vanilluxe|Freeze-Dry|p1a: Umbreon
|-damage|p1a: Umbreon|57/100
|
|-weather|Hail|[upkeep]
|-damage|p1a: Umbreon|51/100|[from] Hail
|-heal|p1a: Umbreon|57/100|[from] item: Leftovers
|upkeep
|turn|15
|
|t:|1665264131
|move|p2a: Vanilluxe|Aurora Veil|p2a: Vanilluxe
|-sidestart|p2: RogerBuster|move: Aurora Veil
|move|p1a: Umbreon|Wish|p1a: Umbreon
|
|-weather|Hail|[upkeep]
|-damage|p1a: Umbreon|51/100|[from] Hail
|-heal|p1a: Umbreon|57/100|[from] item: Leftovers
|upkeep
|turn|16
|
|t:|1665264141
|switch|p2a: Arctovish|Arctovish|15/100
|-damage|p2a: Arctovish|0 fnt|[from] Stealth Rock
|faint|p2a: Arctovish
|move|p1a: Umbreon|Foul Play|p2: Arctovish|[notarget]
|-fail|p1a: Umbreon
|
|-weather|Hail|[upkeep]
|-damage|p1a: Umbreon|51/100|[from] Hail
|-heal|p1a: Umbreon|100/100|[from] move: Wish|[wisher] Umbreon
|upkeep
|
|t:|1665264151
|switch|p2a: Kommo-o|Kommo-o, M|100/100
|-damage|p2a: Kommo-o|94/100|[from] Stealth Rock
|turn|17
|
|t:|1665264157
|move|p2a: Kommo-o|Clangorous Soul|p2a: Kommo-o
|-boost|p2a: Kommo-o|atk|1
|-boost|p2a: Kommo-o|def|1
|-boost|p2a: Kommo-o|spa|1
|-boost|p2a: Kommo-o|spd|1
|-boost|p2a: Kommo-o|spe|1
|-damage|p2a: Kommo-o|61/100
|-enditem|p2a: Kommo-o|Throat Spray
|-boost|p2a: Kommo-o|spa|1|[from] item: Throat Spray
|move|p1a: Umbreon|Foul Play|p2a: Kommo-o
|-resisted|p2a: Kommo-o
|-damage|p2a: Kommo-o|52/100
|
|-weather|Hail|[upkeep]
|-damage|p2a: Kommo-o|46/100|[from] Hail
|-damage|p1a: Umbreon|94/100|[from] Hail
|-heal|p1a: Umbreon|100/100|[from] item: Leftovers
|upkeep
|turn|18
|
|t:|1665264174
|move|p1a: Umbreon|Protect|p1a: Umbreon
|-singleturn|p1a: Umbreon|Protect
|move|p2a: Kommo-o|Drain Punch|p1a: Umbreon
|-activate|p1a: Umbreon|move: Protect
|
|-weather|none
|upkeep
|turn|19
|inactive|ProbablyTTT has 120 seconds left.
|
|t:|1665264207
|switch|p1a: Hippowdon|Hippowdon, F|25/100
|-weather|Sandstorm|[from] ability: Sand Stream|[of] p1a: Hippowdon
|move|p2a: Kommo-o|Clangorous Soul|p2a: Kommo-o
|-boost|p2a: Kommo-o|atk|1
|-boost|p2a: Kommo-o|def|1
|-boost|p2a: Kommo-o|spa|1
|-boost|p2a: Kommo-o|spd|1
|-boost|p2a: Kommo-o|spe|1
|-damage|p2a: Kommo-o|13/100
|
|-weather|Sandstorm|[upkeep]
|-damage|p2a: Kommo-o|6/100|[from] Sandstorm
|upkeep
|turn|20
|inactive|ProbablyTTT has 120 seconds left.
|
|t:|1665264218
|move|p2a: Kommo-o|Drain Punch|p1a: Hippowdon
|-damage|p1a: Hippowdon|0 fnt
|-heal|p2a: Kommo-o|24/100|[from] drain|[of] p1a: Hippowdon
|faint|p1a: Hippowdon
|
|-weather|Sandstorm|[upkeep]
|-damage|p2a: Kommo-o|18/100|[from] Sandstorm
|upkeep
|
|t:|1665264232
|switch|p1a: Toxapex|Toxapex, M|63/100
|turn|21
|
|t:|1665264237
|move|p2a: Kommo-o|Clanging Scales|p1a: Toxapex
|-damage|p1a: Toxapex|0 fnt
|faint|p1a: Toxapex
|-unboost|p2a: Kommo-o|def|1
|
|-weather|Sandstorm|[upkeep]
|-damage|p2a: Kommo-o|12/100|[from] Sandstorm
|upkeep
|inactive|ProbablyTTT has 120 seconds left.
|
|t:|1665264249
|switch|p1a: Tapu Lele|Tapu Lele|88/100
|-fieldstart|move: Psychic Terrain|[from] ability: Psychic Surge|[of] p1a: Tapu Lele
|turn|22
|inactive|ProbablyTTT has 120 seconds left.
|
|t:|1665264256
|move|p2a: Kommo-o|Flash Cannon|p1a: Tapu Lele
|-supereffective|p1a: Tapu Lele
|-damage|p1a: Tapu Lele|0 fnt
|faint|p1a: Tapu Lele
|
|-weather|Sandstorm|[upkeep]
|-damage|p2a: Kommo-o|6/100|[from] Sandstorm
|-sideend|p2: RogerBuster|move: Aurora Veil
|upkeep
|inactive|ProbablyTTT has 120 seconds left.
|
|t:|1665264268
|switch|p1a: Umbreon|Umbreon, F|100/100
|turn|23
|
|t:|1665264273
|move|p1a: Umbreon|Protect|p1a: Umbreon
|-singleturn|p1a: Umbreon|Protect
|move|p2a: Kommo-o|Drain Punch|p1a: Umbreon
|-activate|p1a: Umbreon|move: Protect
|
|-weather|none
|upkeep
|turn|24
|
|t:|1665264283
|switch|p1a: Tornadus|Tornadus-Therian, M|100/100
|move|p2a: Kommo-o|Drain Punch|p1a: Tornadus
|-resisted|p1a: Tornadus
|-damage|p1a: Tornadus|71/100
|-heal|p2a: Kommo-o|24/100|[from] drain|[of] p1a: Tornadus
|
|upkeep
|turn|25
|
|t:|1665264291
|move|p2a: Kommo-o|Clanging Scales|p1a: Tornadus
|-damage|p1a: Tornadus|0 fnt
|faint|p1a: Tornadus
|-unboost|p2a: Kommo-o|def|1
|
|upkeep
|-message|ProbablyTTT forfeited.
|
|win|RogerBuster
|raw|ProbablyTTT's rating: 1553 &rarr; <strong>1532</strong><br />(-21 for losing)
|raw|RogerBuster's rating: 1543 &rarr; <strong>1564</strong><br />(+21 for winning)
|l|☆ProbablyTTT
|c|☆RogerBuster|gg
