|j|☆G1ntoki_.
|j|☆IMSOMALD
|t:|1655863663
|gametype|singles
|player|p1|G1ntoki_.|170|1502
|player|p2|IMSOMALD|n|1636
|teamsize|p1|6
|teamsize|p2|6
|gen|8
|tier|[Gen 8] OU
|rated|
|rule|Sleep Clause Mod: Limit one foe put to sleep
|rule|Species Clause: Limit one of each Pokémon
|rule|OHKO Clause: OHKO moves are banned
|rule|Evasion Moves Clause: Evasion moves are banned
|rule|Endless Battle Clause: Forcing endless battles is banned
|rule|HP Percentage Mod: HP is shown in percentages
|rule|Dynamax Clause: You cannot dynamax
|clearpoke
|poke|p1|Victini|
|poke|p1|Mandibuzz, F|
|poke|p1|Terrakion|
|poke|p1|Nidoking, M|
|poke|p1|Dragapult, F|
|poke|p1|Cobalion|
|poke|p2|Buzzwole|
|poke|p2|Cursola, F|
|poke|p2|Tapu Koko|
|poke|p2|Corviknight, M|
|poke|p2|Toxapex, F|
|poke|p2|Garchomp, M|
|teampreview
|j| GaryOaksmechanic
|inactive|Battle timer is ON: inactive players will automatically lose when time's up. (requested by G1ntoki_.)
|
|t:|1655863690
|start
|switch|p1a: Nidoking|Nidoking, M|100/100
|switch|p2a: Corviknight|Corviknight, M|100/100
|-ability|p2a: Corviknight|Pressure
|turn|1
|
|t:|1655863696
|move|p1a: Nidoking|Stealth Rock|p2a: Corviknight
|-sidestart|p2: IMSOMALD|move: Stealth Rock
|move|p2a: Corviknight|Iron Head|p1a: Nidoking
|-damage|p1a: Nidoking|67/100
|
|upkeep
|turn|2
|
|t:|1655863700
|move|p1a: Nidoking|Ice Beam|p2a: Corviknight
|-damage|p2a: Corviknight|78/100
|move|p2a: Corviknight|Defog|p1a: Nidoking
|-unboost|p1a: Nidoking|evasion|1
|-sideend|p2: IMSOMALD|Stealth Rock|[from] move: Defog|[of] p2a: Corviknight
|
|-heal|p2a: Corviknight|84/100|[from] item: Leftovers
|upkeep
|turn|3
|
|t:|1655863704
|move|p1a: Nidoking|Stealth Rock|p2a: Corviknight
|-sidestart|p2: IMSOMALD|move: Stealth Rock
|move|p2a: Corviknight|Iron Head|p1a: Nidoking
|-damage|p1a: Nidoking|31/100
|
|-heal|p2a: Corviknight|90/100|[from] item: Leftovers
|upkeep
|turn|4
|
|t:|1655863712
|move|p1a: Nidoking|Ice Beam|p2a: Corviknight
|-damage|p2a: Corviknight|65/100
|move|p2a: Corviknight|Iron Head|p1a: Nidoking
|-damage|p1a: Nidoking|0 fnt
|faint|p1a: Nidoking
|
|-heal|p2a: Corviknight|71/100|[from] item: Leftovers
|upkeep
|
|t:|1655863732
|switch|p1a: Victini|Victini|100/100
|turn|5
|
|t:|1655863740
|switch|p2a: Garchomp|Garchomp, M|100/100
|-damage|p2a: Garchomp|94/100|[from] Stealth Rock
|move|p1a: Victini|Glaciate|p2a: Garchomp
|-supereffective|p2a: Garchomp
|-damage|p2a: Garchomp|51/100
|-unboost|p2a: Garchomp|spe|1
|
|-heal|p2a: Garchomp|58/100|[from] item: Leftovers
|upkeep
|turn|6
|
|t:|1655863749
|switch|p1a: Mandibuzz|Mandibuzz, F, shiny|100/100
|move|p2a: Garchomp|Earthquake|p1a: Mandibuzz
|-immune|p1a: Mandibuzz
|
|-heal|p2a: Garchomp|64/100|[from] item: Leftovers
|upkeep
|turn|7
|
|t:|1655863753
|move|p1a: Mandibuzz|Toxic|p2a: Garchomp
|-status|p2a: Garchomp|tox
|move|p2a: Garchomp|Toxic|p1a: Mandibuzz
|-status|p1a: Mandibuzz|tox
|
|-heal|p2a: Garchomp|70/100 tox|[from] item: Leftovers
|-damage|p1a: Mandibuzz|94/100 tox|[from] psn
|-damage|p2a: Garchomp|64/100 tox|[from] psn
|upkeep
|turn|8
|
|t:|1655863758
|move|p1a: Mandibuzz|Foul Play|p2a: Garchomp
|-damage|p2a: Garchomp|27/100 tox
|-damage|p1a: Mandibuzz|82/100 tox|[from] ability: Rough Skin|[of] p2a: Garchomp
|move|p2a: Garchomp|Stealth Rock|p1a: Mandibuzz
|-sidestart|p1: G1ntoki_.|move: Stealth Rock
|
|-heal|p2a: Garchomp|33/100 tox|[from] item: Leftovers
|-damage|p1a: Mandibuzz|69/100 tox|[from] psn
|-damage|p2a: Garchomp|21/100 tox|[from] psn
|upkeep
|turn|9
|
|t:|1655863771
|switch|p2a: Corviknight|Corviknight, M|71/100
|-damage|p2a: Corviknight|59/100|[from] Stealth Rock
|-ability|p2a: Corviknight|Pressure
|move|p1a: Mandibuzz|Defog|p2a: Corviknight
|-unboost|p2a: Corviknight|evasion|1
|-sideend|p2: IMSOMALD|Stealth Rock|[from] move: Defog|[of] p1a: Mandibuzz
|-sideend|p1: G1ntoki_.|Stealth Rock|[from] move: Defog|[of] p1a: Mandibuzz
|
|-heal|p2a: Corviknight|65/100|[from] item: Leftovers
|-damage|p1a: Mandibuzz|51/100 tox|[from] psn
|upkeep
|turn|10
|
|t:|1655863776
|switch|p1a: Victini|Victini|100/100
|move|p2a: Corviknight|U-turn|p1a: Victini
|-damage|p1a: Victini|86/100
|
|t:|1655863784
|switch|p2a: Cursola|Cursola, F|100/100|[from]move: U-turn
|
|upkeep
|turn|11
|
|t:|1655863789
|move|p1a: Victini|Bolt Strike|p2a: Cursola
|-damage|p2a: Cursola|17/100
|-ability|p2a: Cursola|Weak Armor|boost
|-unboost|p2a: Cursola|def|1
|-boost|p2a: Cursola|spe|2
|move|p2a: Cursola|Meteor Beam||[still]
|-prepare|p2a: Cursola|Meteor Beam
|-boost|p2a: Cursola|spa|1
|-enditem|p2a: Cursola|Power Herb
|-anim|p2a: Cursola|Meteor Beam|p1a: Victini
|-supereffective|p1a: Victini
|-damage|p1a: Victini|3/100
|
|upkeep
|turn|12
|
|t:|1655863800
|move|p1a: Victini|Bolt Strike|p2a: Cursola
|-damage|p2a: Cursola|0 fnt
|faint|p2a: Cursola
|
|upkeep
|
|t:|1655863812
|switch|p2a: Tapu Koko|Tapu Koko|100/100
|-fieldstart|move: Electric Terrain|[from] ability: Electric Surge|[of] p2a: Tapu Koko
|turn|13
|
|t:|1655863816
|move|p2a: Tapu Koko|Thunderbolt|p1a: Victini
|-damage|p1a: Victini|0 fnt
|faint|p1a: Victini
|
|upkeep
|
|t:|1655863824
|switch|p1a: Dragapult|Dragapult, F|100/100
|turn|14
|
|t:|1655863831
|move|p2a: Tapu Koko|U-turn|p1a: Dragapult
|-resisted|p1a: Dragapult
|-damage|p1a: Dragapult|90/100
|
|t:|1655863834
|switch|p2a: Toxapex|Toxapex, F|100/100|[from]move: U-turn
|move|p1a: Dragapult|Dragon Dance|p1a: Dragapult
|-boost|p1a: Dragapult|atk|1
|-boost|p1a: Dragapult|spe|1
|
|upkeep
|turn|15
|
|t:|1655863840
|move|p1a: Dragapult|Dragon Dance|p1a: Dragapult
|-boost|p1a: Dragapult|atk|1
|-boost|p1a: Dragapult|spe|1
|move|p2a: Toxapex|Haze|p2a: Toxapex
|-clearallboost
|
|upkeep
|turn|16
|
|t:|1655863850
|move|p1a: Dragapult|Dragon Dance|p1a: Dragapult
|-boost|p1a: Dragapult|atk|1
|-boost|p1a: Dragapult|spe|1
|move|p2a: Toxapex|Toxic Spikes|p1a: Dragapult
|-sidestart|p1: G1ntoki_.|move: Toxic Spikes
|
|upkeep
|turn|17
|
|t:|1655863853
|move|p1a: Dragapult|Phantom Force||[still]
|-prepare|p1a: Dragapult|Phantom Force
|move|p2a: Toxapex|Haze|p2a: Toxapex
|-clearallboost
|
|-fieldend|move: Electric Terrain
|upkeep
|turn|18
|
|t:|1655863873
|move|p1a: Dragapult|Phantom Force|p2a: Toxapex|[from]lockedmove
|-damage|p2a: Toxapex|63/100
|-enditem|p2a: Toxapex|Eject Button
|-damage|p1a: Dragapult|80/100|[from] item: Life Orb
|
|t:|1655863879
|switch|p2a: Tapu Koko|Tapu Koko|100/100
|-fieldstart|move: Electric Terrain|[from] ability: Electric Surge|[of] p2a: Tapu Koko
|
|upkeep
|turn|19
|
|t:|1655863885
|switch|p1a: Mandibuzz|Mandibuzz, F, shiny|51/100 tox
|move|p2a: Tapu Koko|Dazzling Gleam|p1a: Mandibuzz
|-supereffective|p1a: Mandibuzz
|-crit|p1a: Mandibuzz
|-damage|p1a: Mandibuzz|0 fnt
|faint|p1a: Mandibuzz
|
|upkeep
|
|t:|1655863891
|switch|p1a: Cobalion|Cobalion|100/100
|turn|20
|
|t:|1655863899
|move|p2a: Tapu Koko|Thunderbolt|p1a: Cobalion
|-damage|p1a: Cobalion|42/100
|move|p1a: Cobalion|Swords Dance|p1a: Cobalion
|-boost|p1a: Cobalion|atk|2
|
|upkeep
|turn|21
|
|t:|1655863902
|move|p2a: Tapu Koko|Thunderbolt|p1a: Cobalion
|-damage|p1a: Cobalion|0 fnt
|faint|p1a: Cobalion
|
|upkeep
|-message|G1ntoki_. forfeited.
|
|win|IMSOMALD
|raw|G1ntoki_.'s rating: 1502 &rarr; <strong>1489</strong><br />(-13 for losing)
|raw|IMSOMALD's rating: 1636 &rarr; <strong>1649</strong><br />(+13 for winning)
|l|☆G1ntoki_.
