|j|☆SuperTheoryBros
|j|☆Storm Jack
|t:|1624143087
|gametype|singles
|player|p1|SuperTheoryBros|170|1649
|player|p2|Storm Jack|170|1630
|teamsize|p1|6
|teamsize|p2|6
|gen|8
|tier|[Gen 8] OU
|rated|
|rule|Sleep Clause Mod: Limit one foe put to sleep
|rule|Species Clause: Limit one of each Pokémon
|rule|OHKO Clause: OHKO moves are banned
|rule|Evasion Moves Clause: Evasion moves are banned
|rule|Endless Battle Clause: Forcing endless battles is banned
|rule|HP Percentage Mod: HP is shown in percentages
|rule|Dynamax Clause: You cannot dynamax
|clearpoke
|poke|p1|Blissey, F|
|poke|p1|Rillaboom, F|
|poke|p1|Heatran, M|
|poke|p1|Corviknight, F|
|poke|p1|Dragapult, F|
|poke|p1|Nidoking, M|
|poke|p2|Victini|
|poke|p2|Kommo-o, F|
|poke|p2|Grimmsnarl, M|
|poke|p2|Azumarill, F|
|poke|p2|Moltres-Galar|
|poke|p2|Uxie|
|teampreview
|inactive|Battle timer is ON: inactive players will automatically lose when time's up. (requested by SuperTheoryBros)
|
|t:|1624143097
|start
|switch|p1a: Dragapult|Dragapult, F|100/100
|switch|p2a: Grimmsnarl|Grimmsnarl, M, shiny|100/100
|turn|1
|
|t:|1624143111
|switch|p1a: Nidoking|Nidoking, M|100/100
|move|p2a: Grimmsnarl|Play Rough|p1a: Nidoking
|-resisted|p1a: Nidoking
|-damage|p1a: Nidoking|70/100
|
|upkeep
|turn|2
|
|t:|1624143130
|move|p2a: Grimmsnarl|Taunt|p1a: Nidoking
|-start|p1a: Nidoking|move: Taunt
|move|p1a: Nidoking|Earth Power|p2a: Grimmsnarl
|-damage|p2a: Grimmsnarl|30/100
|
|upkeep
|turn|3
|
|t:|1624143140
|move|p2a: Grimmsnarl|Light Screen|p2a: Grimmsnarl
|-sidestart|p2: Storm Jack|move: Light Screen
|move|p1a: Nidoking|Earth Power|p2a: Grimmsnarl
|-damage|p2a: Grimmsnarl|0 fnt
|faint|p2a: Grimmsnarl
|
|upkeep
|
|t:|1624143167
|switch|p2a: Moltres|Moltres-Galar|100/100
|turn|4
|
|t:|1624143181
|move|p2a: Moltres|Nasty Plot|p2a: Moltres
|-boost|p2a: Moltres|spa|2
|move|p1a: Nidoking|Ice Beam|p2a: Moltres
|-supereffective|p2a: Moltres
|-damage|p2a: Moltres|64/100
|-enditem|p2a: Moltres|Weakness Policy
|-boost|p2a: Moltres|atk|2|[from] item: Weakness Policy
|-boost|p2a: Moltres|spa|2|[from] item: Weakness Policy
|
|-end|p1a: Nidoking|move: Taunt
|upkeep
|turn|5
|inactive|SuperTheoryBros has 120 seconds left.
|
|t:|1624143214
|switch|p1a: Blissey|Blissey, F|100/100
|move|p2a: Moltres|Agility|p2a: Moltres
|-boost|p2a: Moltres|spe|2
|
|upkeep
|turn|6
|inactive|SuperTheoryBros has 120 seconds left.
|
|t:|1624143228
|move|p2a: Moltres|Fiery Wrath|p1a: Blissey
|-damage|p1a: Blissey|60/100
|move|p1a: Blissey|Teleport|p1a: Blissey
|inactive|SuperTheoryBros has 120 seconds left.
|
|t:|1624143236
|switch|p1a: Heatran|Heatran, M|100/100|[from]move: Teleport
|-item|p1a: Heatran|Air Balloon
|
|upkeep
|turn|7
|
|t:|1624143242
|move|p2a: Moltres|Fiery Wrath|p1a: Heatran
|-damage|p1a: Heatran|18/100
|-enditem|p1a: Heatran|Air Balloon
|move|p1a: Heatran|Toxic|p2a: Moltres|[miss]
|-miss|p1a: Heatran|p2a: Moltres
|
|upkeep
|turn|8
|inactive|SuperTheoryBros has 120 seconds left.
|-message|SuperTheoryBros forfeited.
|
|win|Storm Jack
|raw|SuperTheoryBros's rating: 1649 &rarr; <strong>1628</strong><br />(-21 for losing)
|raw|Storm Jack's rating: 1630 &rarr; <strong>1651</strong><br />(+21 for winning)
|l|☆SuperTheoryBros
