|raw|<div class="broadcast-blue"><strong>This battle is required to be public due to a player having a name starting with 'btlt200'.</div>
|j|☆BTLT200$ redox
|j|‽minimax_ai
|t:|1668142555
|gametype|singles
|player|p1|BTLT200$ redox|hilbert|1565
|player|p2|minimax_ai|265|1504
|teamsize|p1|6
|teamsize|p2|6
|gen|8
|tier|[Gen 8] OU
|rated|
|rule|Sleep Clause Mod: Limit one foe put to sleep
|rule|Species Clause: Limit one of each Pokémon
|rule|OHKO Clause: OHKO moves are banned
|rule|Evasion Items Clause: Evasion items are banned
|rule|Evasion Moves Clause: Evasion moves are banned
|rule|Endless Battle Clause: Forcing endless battles is banned
|rule|HP Percentage Mod: HP is shown in percentages
|rule|Dynamax Clause: You cannot dynamax
|clearpoke
|poke|p1|Bisharp, F|
|poke|p1|Volcarona, F|
|poke|p1|Moltres-Galar|
|poke|p1|Landorus-Therian, M|
|poke|p1|Volcanion|
|poke|p1|Ninetales-Alola, F|
|poke|p2|Rotom-Wash|
|poke|p2|Weavile, M|
|poke|p2|Landorus-Therian, M|
|poke|p2|Heatran, M|
|poke|p2|Tangrowth, M|
|poke|p2|Melmetal|
|teampreview
|inactive|Battle timer is ON: inactive players will automatically lose when time's up. (requested by minimax_ai)
|
|t:|1668142561
|start
|switch|p1a: Volcanion|Volcanion|100/100
|switch|p2a: Melmetal|Melmetal|100/100
|turn|1
|
|t:|1668142567
|switch|p2a: Rotom|Rotom-Wash|100/100
|move|p1a: Volcanion|Steam Eruption|p2a: Rotom
|-resisted|p2a: Rotom
|-damage|p2a: Rotom|66/100
|
|-heal|p2a: Rotom|72/100|[from] item: Leftovers
|upkeep
|turn|2
|
|t:|1668142575
|switch|p1a: Landorus|Landorus-Therian, M|100/100
|-ability|p1a: Landorus|Intimidate|boost
|-unboost|p2a: Rotom|atk|1
|move|p2a: Rotom|Nasty Plot|p2a: Rotom
|-boost|p2a: Rotom|spa|2
|
|-heal|p2a: Rotom|78/100|[from] item: Leftovers
|upkeep
|turn|3
|
|t:|1668142578
|move|p1a: Landorus|Explosion|p2a: Rotom
|-damage|p2a: Rotom|0 fnt
|faint|p1a: Landorus
|faint|p2a: Rotom
|
|upkeep
|
|t:|1668142585
|switch|p1a: Ninetales|Ninetales-Alola, F|100/100
|switch|p2a: Landorus|Landorus-Therian, M|100/100
|-weather|Hail|[from] ability: Snow Warning|[of] p1a: Ninetales
|-ability|p2a: Landorus|Intimidate|boost
|-unboost|p1a: Ninetales|atk|1
|turn|4
|
|t:|1668142589
|switch|p2a: Melmetal|Melmetal|100/100
|move|p1a: Ninetales|Blizzard|p2a: Melmetal
|-resisted|p2a: Melmetal
|-damage|p2a: Melmetal|91/100
|
|-weather|Hail|[upkeep]
|-damage|p2a: Melmetal|84/100|[from] Hail
|upkeep
|turn|5
|
|t:|1668142592
|move|p1a: Ninetales|Aurora Veil|p1a: Ninetales
|-sidestart|p1: BTLT200$ redox|move: Aurora Veil
|move|p2a: Melmetal|Double Iron Bash|p1a: Ninetales
|-supereffective|p1a: Ninetales
|-damage|p1a: Ninetales|0 fnt
|faint|p1a: Ninetales
|-hitcount|p1: Ninetales|1
|
|-weather|Hail|[upkeep]
|-damage|p2a: Melmetal|78/100|[from] Hail
|upkeep
|
|t:|1668142594
|switch|p1a: Volcarona|Volcarona, F|100/100
|turn|6
|
|t:|1668142595
|switch|p2a: Landorus|Landorus-Therian, M|100/100
|-ability|p2a: Landorus|Intimidate|boost
|-unboost|p1a: Volcarona|atk|1
|move|p1a: Volcarona|Substitute|p1a: Volcarona
|-start|p1a: Volcarona|Substitute
|-damage|p1a: Volcarona|76/100
|
|-weather|Hail|[upkeep]
|-damage|p1a: Volcarona|69/100|[from] Hail
|-damage|p2a: Landorus|94/100|[from] Hail
|-heal|p1a: Volcarona|76/100|[from] item: Leftovers
|-heal|p2a: Landorus|100/100|[from] item: Leftovers
|upkeep
|turn|7
|
|t:|1668142599
|move|p1a: Volcarona|Quiver Dance|p1a: Volcarona
|-boost|p1a: Volcarona|spa|1
|-boost|p1a: Volcarona|spd|1
|-boost|p1a: Volcarona|spe|1
|move|p2a: Landorus|Defog||[still]
|-sideend|p1: BTLT200$ redox|move: Aurora Veil
|-fail|p2a: Landorus
|
|-weather|Hail|[upkeep]
|-damage|p1a: Volcarona|69/100|[from] Hail
|-damage|p2a: Landorus|94/100|[from] Hail
|-heal|p1a: Volcarona|76/100|[from] item: Leftovers
|-heal|p2a: Landorus|100/100|[from] item: Leftovers
|upkeep
|turn|8
|
|t:|1668142601
|switch|p2a: Heatran|Heatran, M|100/100
|-item|p2a: Heatran|Air Balloon
|move|p1a: Volcarona|Quiver Dance|p1a: Volcarona
|-boost|p1a: Volcarona|spa|1
|-boost|p1a: Volcarona|spd|1
|-boost|p1a: Volcarona|spe|1
|
|-weather|none
|-heal|p1a: Volcarona|82/100|[from] item: Leftovers
|upkeep
|turn|9
|
|t:|1668142603
|move|p1a: Volcarona|Quiver Dance|p1a: Volcarona
|-boost|p1a: Volcarona|spa|1
|-boost|p1a: Volcarona|spd|1
|-boost|p1a: Volcarona|spe|1
|move|p2a: Heatran|Eruption|p1a: Volcarona
|-end|p1a: Volcarona|Substitute
|
|-heal|p1a: Volcarona|88/100|[from] item: Leftovers
|upkeep
|turn|10
|
|t:|1668142630
|move|p1a: Volcarona|Substitute|p1a: Volcarona
|-start|p1a: Volcarona|Substitute
|-damage|p1a: Volcarona|63/100
|move|p2a: Heatran|Magma Storm|p1a: Volcarona
|-activate|p1a: Volcarona|move: Substitute|[damage]
|
|-heal|p1a: Volcarona|69/100|[from] item: Leftovers
|upkeep
|turn|11
|
|t:|1668142633
|move|p1a: Volcarona|Quiver Dance|p1a: Volcarona
|-boost|p1a: Volcarona|spa|1
|-boost|p1a: Volcarona|spd|1
|-boost|p1a: Volcarona|spe|1
|move|p2a: Heatran|Stealth Rock|p1a: Volcarona
|-sidestart|p1: BTLT200$ redox|move: Stealth Rock
|
|-heal|p1a: Volcarona|75/100|[from] item: Leftovers
|upkeep
|turn|12
|
|t:|1668142636
|switch|p2a: Melmetal|Melmetal|78/100
|move|p1a: Volcarona|Quiver Dance|p1a: Volcarona
|-boost|p1a: Volcarona|spa|1
|-boost|p1a: Volcarona|spd|1
|-boost|p1a: Volcarona|spe|1
|
|-heal|p1a: Volcarona|81/100|[from] item: Leftovers
|upkeep
|turn|13
|
|t:|1668142638
|move|p1a: Volcarona|Flamethrower|p2a: Melmetal
|-supereffective|p2a: Melmetal
|-damage|p2a: Melmetal|0 fnt
|faint|p2a: Melmetal
|
|-heal|p1a: Volcarona|88/100|[from] item: Leftovers
|upkeep
|
|t:|1668142638
|switch|p2a: Landorus|Landorus-Therian, M|100/100
|-ability|p2a: Landorus|Intimidate|boost
|-immune|p1a: Volcarona
|turn|14
|
|t:|1668142641
|switch|p2a: Weavile|Weavile, M|100/100
|-ability|p2a: Weavile|Pressure
|move|p1a: Volcarona|Flamethrower|p2a: Weavile
|-supereffective|p2a: Weavile
|-damage|p2a: Weavile|0 fnt
|faint|p2a: Weavile
|
|-heal|p1a: Volcarona|94/100|[from] item: Leftovers
|upkeep
|
|t:|1668142641
|switch|p2a: Landorus|Landorus-Therian, M|100/100
|-ability|p2a: Landorus|Intimidate|boost
|-immune|p1a: Volcarona
|turn|15
|
|t:|1668142642
|switch|p2a: Tangrowth|Tangrowth, M|100/100
|move|p1a: Volcarona|Flamethrower|p2a: Tangrowth
|-supereffective|p2a: Tangrowth
|-damage|p2a: Tangrowth|0 fnt
|faint|p2a: Tangrowth
|
|-heal|p1a: Volcarona|99/100|[from] item: Leftovers
|upkeep
|
|t:|1668142642
|switch|p2a: Landorus|Landorus-Therian, M|100/100
|-ability|p2a: Landorus|Intimidate|boost
|-immune|p1a: Volcarona
|turn|16
|
|t:|1668142644
|move|p1a: Volcarona|Flamethrower|p2a: Landorus
|-crit|p2a: Landorus
|-damage|p2a: Landorus|0 fnt
|faint|p2a: Landorus
|
|-heal|p1a: Volcarona|100/100|[from] item: Leftovers
|upkeep
|
|t:|1668142644
|switch|p2a: Heatran|Heatran, M|100/100
|-item|p2a: Heatran|Air Balloon
|turn|17
|
|t:|1668142645
|move|p1a: Volcarona|Bug Buzz|p2a: Heatran
|-resisted|p2a: Heatran
|-damage|p2a: Heatran|63/100
|-enditem|p2a: Heatran|Air Balloon
|move|p2a: Heatran|Earth Power|p1a: Volcarona
|-end|p1a: Volcarona|Substitute
|
|upkeep
|turn|18
|
|t:|1668142648
|move|p1a: Volcarona|Substitute|p1a: Volcarona
|-start|p1a: Volcarona|Substitute
|-damage|p1a: Volcarona|76/100
|move|p2a: Heatran|Magma Storm|p1a: Volcarona
|-activate|p1a: Volcarona|move: Substitute|[damage]
|
|-heal|p1a: Volcarona|82/100|[from] item: Leftovers
|upkeep
|turn|19
|
|t:|1668142649
|move|p1a: Volcarona|Bug Buzz|p2a: Heatran
|-resisted|p2a: Heatran
|-damage|p2a: Heatran|23/100
|move|p2a: Heatran|Earth Power|p1a: Volcarona
|-activate|p1a: Volcarona|move: Substitute|[damage]
|
|-heal|p1a: Volcarona|88/100|[from] item: Leftovers
|upkeep
|turn|20
|
|t:|1668142650
|move|p1a: Volcarona|Bug Buzz|p2a: Heatran
|-resisted|p2a: Heatran
|-damage|p2a: Heatran|0 fnt
|faint|p2a: Heatran
|
|win|BTLT200$ redox
|raw|BTLT200$ redox's rating: 1565 &rarr; <strong>1582</strong><br />(+17 for winning)
|raw|minimax_ai's rating: 1504 &rarr; <strong>1487</strong><br />(-17 for losing)
