|j|☆thodoras edition
|j|☆LolzMachine
|t:|1654950547
|gametype|singles
|player|p1|thodoras edition|preschooler|1669
|player|p2|LolzMachine|101|1591
|teamsize|p1|6
|teamsize|p2|6
|gen|8
|tier|[Gen 8] OU
|rated|
|rule|Sleep Clause Mod: Limit one foe put to sleep
|rule|Species Clause: Limit one of each Pokémon
|rule|OHKO Clause: OHKO moves are banned
|rule|Evasion Moves Clause: Evasion moves are banned
|rule|Endless Battle Clause: Forcing endless battles is banned
|rule|HP Percentage Mod: HP is shown in percentages
|rule|Dynamax Clause: You cannot dynamax
|clearpoke
|poke|p1|Toxapex, M|
|poke|p1|Garchomp, F|
|poke|p1|Clefable, M|
|poke|p1|Skarmory, M|
|poke|p1|Blissey, F|
|poke|p1|Zeraora|
|poke|p2|Haxorus, M|
|poke|p2|Jirachi|
|poke|p2|Magnezone|
|poke|p2|Regidrago|
|poke|p2|Garchomp, F|
|poke|p2|Dragonite, M|
|teampreview
|
|t:|1654950555
|start
|switch|p1a: Toxapex|Toxapex, M|100/100
|switch|p2a: Haxorus|Haxorus, M|100/100
|-ability|p2a: Haxorus|Mold Breaker
|turn|1
|inactive|Battle timer is ON: inactive players will automatically lose when time's up. (requested by thodoras edition)
|
|t:|1654950562
|move|p2a: Haxorus|Outrage|p1a: Toxapex
|-damage|p1a: Toxapex|33/100
|move|p1a: Toxapex|Toxic Spikes|p2a: Haxorus
|-sidestart|p2: LolzMachine|move: Toxic Spikes
|
|upkeep
|turn|2
|
|t:|1654950566
|switch|p1a: Clefable|Clefable, M|100/100
|move|p2a: Haxorus|Outrage|p1a: Clefable|[from]lockedmove
|-immune|p1a: Clefable
|-start|p2a: Haxorus|confusion|[fatigue]
|
|upkeep
|turn|3
|
|t:|1654950572
|switch|p2a: Jirachi|Jirachi|100/100
|move|p1a: Clefable|Moonblast|p2a: Jirachi
|-resisted|p2a: Jirachi
|-damage|p2a: Jirachi|81/100
|-unboost|p2a: Jirachi|spa|1
|
|-heal|p2a: Jirachi|87/100|[from] item: Leftovers
|upkeep
|turn|4
|
|t:|1654950577
|switch|p1a: Toxapex|Toxapex, M|66/100
|move|p2a: Jirachi|Doom Desire|p1a: Toxapex
|-start|p2a: Jirachi|Doom Desire
|
|-heal|p2a: Jirachi|93/100|[from] item: Leftovers
|upkeep
|turn|5
|
|t:|1654950581
|switch|p1a: Garchomp|Garchomp, F|100/100
|move|p2a: Jirachi|Psychic|p1a: Garchomp
|-damage|p1a: Garchomp|80/100
|
|-heal|p2a: Jirachi|99/100|[from] item: Leftovers
|-heal|p1a: Garchomp|87/100|[from] item: Leftovers
|upkeep
|turn|6
|
|t:|1654950588
|switch|p2a: Dragonite|Dragonite, M|100/100
|move|p1a: Garchomp|Earthquake|p2a: Dragonite
|-immune|p2a: Dragonite
|
|-end|p1a: Garchomp|move: Doom Desire
|-damage|p1a: Garchomp|44/100
|-heal|p1a: Garchomp|51/100|[from] item: Leftovers
|upkeep
|turn|7
|
|t:|1654950592
|switch|p1a: Skarmory|Skarmory, M|100/100
|switch|p2a: Jirachi|Jirachi|99/100
|
|-heal|p2a: Jirachi|100/100|[from] item: Leftovers
|upkeep
|turn|8
|
|t:|1654950600
|switch|p1a: Blissey|Blissey, F|100/100
|move|p2a: Jirachi|Stealth Rock|p1a: Blissey
|-sidestart|p1: thodoras edition|move: Stealth Rock
|
|upkeep
|turn|9
|
|t:|1654950609
|move|p2a: Jirachi|Doom Desire|p1a: Blissey
|-start|p2a: Jirachi|Doom Desire
|move|p1a: Blissey|Thunder Wave|p2a: Jirachi
|-status|p2a: Jirachi|par
|
|upkeep
|turn|10
|
|t:|1654950614
|cant|p2a: Jirachi|par
|move|p1a: Blissey|Seismic Toss|p2a: Jirachi
|-damage|p2a: Jirachi|71/100 par
|
|-heal|p2a: Jirachi|77/100 par|[from] item: Leftovers
|upkeep
|turn|11
|j| Narwhale37
|
|t:|1654950617
|switch|p1a: Garchomp|Garchomp, F|51/100
|-damage|p1a: Garchomp|44/100|[from] Stealth Rock
|cant|p2a: Jirachi|par
|
|-end|p1a: Garchomp|move: Doom Desire
|-damage|p1a: Garchomp|0 fnt
|faint|p1a: Garchomp
|-heal|p2a: Jirachi|83/100 par|[from] item: Leftovers
|upkeep
|
|t:|1654950625
|switch|p1a: Clefable|Clefable, M|100/100
|turn|12
|
|t:|1654950639
|move|p1a: Clefable|Calm Mind|p1a: Clefable
|-boost|p1a: Clefable|spa|1
|-boost|p1a: Clefable|spd|1
|cant|p2a: Jirachi|par
|
|-heal|p2a: Jirachi|90/100 par|[from] item: Leftovers
|upkeep
|turn|13
|
|t:|1654950641
|move|p1a: Clefable|Calm Mind|p1a: Clefable
|-boost|p1a: Clefable|spa|1
|-boost|p1a: Clefable|spd|1
|move|p2a: Jirachi|Doom Desire|p1a: Clefable
|-start|p2a: Jirachi|Doom Desire
|
|-heal|p2a: Jirachi|96/100 par|[from] item: Leftovers
|upkeep
|turn|14
|
|t:|1654950644
|move|p1a: Clefable|Calm Mind|p1a: Clefable
|-boost|p1a: Clefable|spa|1
|-boost|p1a: Clefable|spd|1
|move|p2a: Jirachi|U-turn|p1a: Clefable
|-resisted|p1a: Clefable
|-damage|p1a: Clefable|95/100
|
|t:|1654950646
|switch|p2a: Magnezone|Magnezone|100/100|[from]move: U-turn
|
|upkeep
|turn|15
|
|t:|1654950651
|move|p2a: Magnezone|Steel Beam|p1a: Clefable
|-supereffective|p1a: Clefable
|-damage|p1a: Clefable|11/100
|-damage|p2a: Magnezone|50/100|[from] mindblown
|move|p1a: Clefable|Soft-Boiled|p1a: Clefable
|-heal|p1a: Clefable|61/100
|
|-end|p1a: Clefable|move: Doom Desire
|-supereffective|p1a: Clefable
|-crit|p1a: Clefable
|-damage|p1a: Clefable|0 fnt
|faint|p1a: Clefable
|upkeep
|
|t:|1654950660
|switch|p1a: Blissey|Blissey, F|100/100
|turn|16
|
|t:|1654950682
|switch|p2a: Jirachi|Jirachi|96/100 par
|move|p1a: Blissey|Seismic Toss|p2a: Jirachi
|-damage|p2a: Jirachi|66/100 par
|
|-heal|p2a: Jirachi|73/100 par|[from] item: Leftovers
|upkeep
|turn|17
|
|t:|1654950690
|move|p2a: Jirachi|U-turn|p1a: Blissey
|-damage|p1a: Blissey|89/100
|inactive|LolzMachine has 120 seconds left.
|
|t:|1654950725
|switch|p2a: Haxorus|Haxorus, M|100/100|[from]move: U-turn
|-status|p2a: Haxorus|psn
|-ability|p2a: Haxorus|Mold Breaker
|move|p1a: Blissey|Seismic Toss|p2a: Haxorus
|-damage|p2a: Haxorus|66/100 psn
|
|-damage|p2a: Haxorus|54/100 psn|[from] psn
|upkeep
|turn|18
|
|t:|1654950737
|switch|p2a: Magnezone|Magnezone|50/100
|switch|p1a: Skarmory|Skarmory, M|100/100
|-damage|p1a: Skarmory|88/100|[from] Stealth Rock
|
|upkeep
|turn|19
|j| 7acomm
|
|t:|1654950744
|move|p2a: Magnezone|Volt Switch|p1a: Skarmory
|-supereffective|p1a: Skarmory
|-damage|p1a: Skarmory|0 fnt
|faint|p1a: Skarmory
|
|t:|1654950750
|switch|p2a: Haxorus|Haxorus, M|54/100 psn|[from]move: Volt Switch
|-ability|p2a: Haxorus|Mold Breaker
|
|-damage|p2a: Haxorus|42/100 psn|[from] psn
|upkeep
|
|t:|1654950768
|switch|p1a: Toxapex|Toxapex, M|99/100
|-damage|p1a: Toxapex|87/100|[from] Stealth Rock
|turn|20
|
|t:|1654950777
|switch|p2a: Jirachi|Jirachi|73/100 par
|move|p1a: Toxapex|Recover|p1a: Toxapex
|-heal|p1a: Toxapex|100/100
|
|-heal|p2a: Jirachi|79/100 par|[from] item: Leftovers
|upkeep
|turn|21
|
|t:|1654950785
|move|p2a: Jirachi|Psychic|p1a: Toxapex
|-supereffective|p1a: Toxapex
|-damage|p1a: Toxapex|29/100
|move|p1a: Toxapex|Knock Off|p2a: Jirachi
|-supereffective|p2a: Jirachi
|-damage|p2a: Jirachi|48/100 par
|-enditem|p2a: Jirachi|Leftovers|[from] move: Knock Off|[of] p1a: Toxapex
|
|upkeep
|turn|22
|c| 7acomm|demolish
|
|t:|1654950804
|switch|p1a: Zeraora|Zeraora|100/100
|move|p2a: Jirachi|U-turn|p1a: Zeraora
|-damage|p1a: Zeraora|82/100
|
|t:|1654950818
|switch|p2a: Garchomp|Garchomp, F|100/100|[from]move: U-turn
|-status|p2a: Garchomp|psn
|
|-damage|p2a: Garchomp|88/100 psn|[from] psn
|upkeep
|turn|23
|c|☆LolzMachine|DRAGMAG
|
|t:|1654950825
|switch|p1a: Toxapex|Toxapex, M|63/100
|-damage|p1a: Toxapex|50/100|[from] Stealth Rock
|move|p2a: Garchomp|Earthquake|p1a: Toxapex
|-supereffective|p1a: Toxapex
|-damage|p1a: Toxapex|0 fnt
|faint|p1a: Toxapex
|
|-damage|p2a: Garchomp|76/100 psn|[from] psn
|upkeep
|-message|thodoras edition forfeited.
|
|win|LolzMachine
|raw|thodoras edition's rating: 1669 &rarr; <strong>1643</strong><br />(-26 for losing)
|raw|LolzMachine's rating: 1568 &rarr; <strong>1594</strong><br />(+26 for winning)
|l|☆thodoras edition
|l| 7acomm
||Ladder isn't responding, score probably updated but might not have (Request timeout).
