|raw|<div class="broadcast-blue"><strong>This battle is required to be public due to a player having a name starting with 'btlt200'.</div>
|j|☆yhdrslb
|j|☆BTLT200$ brrr
|t:|1667981446
|gametype|singles
|player|p1|yhdrslb|170|1796
|player|p2|BTLT200$ brrr|winona|1704
|teamsize|p1|6
|teamsize|p2|6
|gen|8
|tier|[Gen 8] OU
|rated|
|rule|Sleep Clause Mod: Limit one foe put to sleep
|rule|Species Clause: Limit one of each Pokémon
|rule|OHKO Clause: OHKO moves are banned
|rule|Evasion Items Clause: Evasion items are banned
|rule|Evasion Moves Clause: Evasion moves are banned
|rule|Endless Battle Clause: Forcing endless battles is banned
|rule|HP Percentage Mod: HP is shown in percentages
|rule|Dynamax Clause: You cannot dynamax
|clearpoke
|poke|p1|Tapu Koko|
|poke|p1|Hawlucha, F|
|poke|p1|Garchomp, F|
|poke|p1|Ferrothorn, F|
|poke|p1|Victini|
|poke|p1|Regieleki|
|poke|p2|Blissey, F|
|poke|p2|Slowking-Galar, M|
|poke|p2|Corviknight, M|
|poke|p2|Toxapex, F|
|poke|p2|Clefable, M|
|poke|p2|Gastrodon, F|
|teampreview
|inactive|Battle timer is ON: inactive players will automatically lose when time's up. (requested by BTLT200$ brrr)
|j| jtykuy5
|
|t:|1667981461
|start
|switch|p1a: Victini|Victini|100/100
|switch|p2a: Toxapex|Toxapex, F|100/100
|turn|1
|
|t:|1667981472
|switch|p2a: Slowking|Slowking-Galar, M|100/100
|move|p1a: Victini|Bolt Strike|p2a: Slowking
|-damage|p2a: Slowking|63/100
|
|upkeep
|turn|2
|j| LuwerPVP
|
|t:|1667981479
|switch|p2a: Toxapex|Toxapex, F|100/100
|move|p1a: Victini|Bolt Strike|p2a: Toxapex
|-supereffective|p2a: Toxapex
|-damage|p2a: Toxapex|54/100
|
|upkeep
|turn|3
|
|t:|1667981484
|switch|p2a: Gastrodon|Gastrodon, F|100/100
|move|p1a: Victini|Bolt Strike|p2a: Gastrodon
|-immune|p2a: Gastrodon
|
|upkeep
|turn|4
|
|t:|1667981490
|move|p1a: Victini|Trick|p2a: Gastrodon
|-activate|p1a: Victini|move: Trick|[of] p2a: Gastrodon
|-item|p2a: Gastrodon|Ring Target|[from] move: Trick
|-item|p1a: Victini|Leftovers|[from] move: Trick
|move|p2a: Gastrodon|Scald|p1a: Victini
|-supereffective|p1a: Victini
|-damage|p1a: Victini|48/100
|
|-heal|p1a: Victini|54/100|[from] item: Leftovers
|upkeep
|turn|5
|
|t:|1667981515
|switch|p1a: Ferrothorn|Ferrothorn, F|100/100
|move|p2a: Gastrodon|Earth Power|p1a: Ferrothorn
|-damage|p1a: Ferrothorn|82/100
|
|-heal|p1a: Ferrothorn|89/100|[from] item: Leftovers
|upkeep
|turn|6
|
|t:|1667981521
|move|p2a: Gastrodon|Scald|p1a: Ferrothorn
|-resisted|p1a: Ferrothorn
|-damage|p1a: Ferrothorn|81/100
|-status|p1a: Ferrothorn|brn
|move|p1a: Ferrothorn|Spikes|p2a: Gastrodon
|-sidestart|p2: BTLT200$ brrr|Spikes
|
|-heal|p1a: Ferrothorn|87/100 brn|[from] item: Leftovers
|-damage|p1a: Ferrothorn|81/100 brn|[from] brn
|upkeep
|turn|7
|l| LuwerPVP
|
|t:|1667981529
|switch|p2a: Toxapex|Toxapex, F|88/100
|-damage|p2a: Toxapex|75/100|[from] Spikes
|move|p1a: Ferrothorn|Leech Seed|p2a: Toxapex
|-start|p2a: Toxapex|move: Leech Seed
|
|-heal|p1a: Ferrothorn|87/100 brn|[from] item: Leftovers
|-damage|p2a: Toxapex|63/100|[from] Leech Seed|[of] p1a: Ferrothorn
|-heal|p1a: Ferrothorn|98/100 brn|[silent]
|-damage|p1a: Ferrothorn|92/100 brn|[from] brn
|upkeep
|turn|8
|
|t:|1667981535
|switch|p1a: Tapu Koko|Tapu Koko|100/100
|-fieldstart|move: Electric Terrain|[from] ability: Electric Surge|[of] p1a: Tapu Koko
|move|p2a: Toxapex|Knock Off|p1a: Tapu Koko
|-resisted|p1a: Tapu Koko
|-damage|p1a: Tapu Koko|91/100
|-enditem|p1a: Tapu Koko|Terrain Extender|[from] move: Knock Off|[of] p2a: Toxapex
|
|-damage|p2a: Toxapex|50/100|[from] Leech Seed|[of] p1a: Tapu Koko
|-heal|p1a: Tapu Koko|100/100|[silent]
|upkeep
|turn|9
|j| sammag
|
|t:|1667981543
|switch|p2a: Slowking|Slowking-Galar, M|96/100
|-damage|p2a: Slowking|83/100|[from] Spikes
|move|p1a: Tapu Koko|U-turn|p2a: Slowking
|-damage|p2a: Slowking|67/100
|
|t:|1667981546
|switch|p1a: Victini|Victini|54/100|[from]move: U-turn
|
|-heal|p1a: Victini|60/100|[from] item: Leftovers
|upkeep
|turn|10
|
|t:|1667981559
|move|p1a: Victini|Bolt Strike|p2a: Slowking
|-damage|p2a: Slowking|15/100
|move|p2a: Slowking|Scald|p1a: Victini
|-supereffective|p1a: Victini
|-damage|p1a: Victini|8/100
|
|-heal|p1a: Victini|14/100|[from] item: Leftovers
|upkeep
|turn|11
|
|t:|1667981579
|move|p1a: Victini|V-create|p2a: Slowking
|-damage|p2a: Slowking|0 fnt
|-unboost|p1a: Victini|spe|1
|-unboost|p1a: Victini|def|1
|-unboost|p1a: Victini|spd|1
|faint|p2a: Slowking
|
|-heal|p1a: Victini|20/100|[from] item: Leftovers
|upkeep
|
|t:|1667981586
|switch|p2a: Toxapex|Toxapex, F|83/100
|-damage|p2a: Toxapex|71/100|[from] Spikes
|turn|12
|
|t:|1667981590
|move|p1a: Victini|Bolt Strike|p2a: Toxapex
|-supereffective|p2a: Toxapex
|-damage|p2a: Toxapex|8/100
|-status|p2a: Toxapex|par
|move|p2a: Toxapex|Toxic|p1a: Victini
|-status|p1a: Victini|tox
|
|-heal|p1a: Victini|26/100 tox|[from] item: Leftovers
|-damage|p1a: Victini|20/100 tox|[from] psn
|upkeep
|turn|13
|
|t:|1667981599
|switch|p2a: Gastrodon|Gastrodon, F|100/100
|-damage|p2a: Gastrodon|88/100|[from] Spikes
|move|p1a: Victini|V-create|p2a: Gastrodon
|-resisted|p2a: Gastrodon
|-damage|p2a: Gastrodon|53/100
|-unboost|p1a: Victini|spe|1
|-unboost|p1a: Victini|def|1
|-unboost|p1a: Victini|spd|1
|
|-heal|p1a: Victini|26/100 tox|[from] item: Leftovers
|-damage|p1a: Victini|14/100 tox|[from] psn
|upkeep
|turn|14
|
|t:|1667981610
|move|p2a: Gastrodon|Protect|p2a: Gastrodon
|-singleturn|p2a: Gastrodon|Protect
|move|p1a: Victini|Bolt Strike|p2a: Gastrodon
|-activate|p2a: Gastrodon|move: Protect
|
|-heal|p1a: Victini|20/100 tox|[from] item: Leftovers
|-damage|p1a: Victini|2/100 tox|[from] psn
|upkeep
|turn|15
|
|t:|1667981615
|switch|p1a: Garchomp|Garchomp, F|100/100
|move|p2a: Gastrodon|Recover|p2a: Gastrodon
|-heal|p2a: Gastrodon|100/100
|
|-fieldend|move: Electric Terrain
|upkeep
|turn|16
|
|t:|1667981620
|switch|p1a: Tapu Koko|Tapu Koko|100/100
|-fieldstart|move: Electric Terrain|[from] ability: Electric Surge|[of] p1a: Tapu Koko
|switch|p2a: Corviknight|Corviknight, M|100/100
|-ability|p2a: Corviknight|Pressure
|
|upkeep
|turn|17
|
|t:|1667981635
|move|p1a: Tapu Koko|Thunderbolt|p2a: Corviknight
|-supereffective|p2a: Corviknight
|-damage|p2a: Corviknight|3/100
|move|p2a: Corviknight|Defog|p1a: Tapu Koko
|-unboost|p1a: Tapu Koko|evasion|1
|-sideend|p2: BTLT200$ brrr|Spikes|[from] move: Defog|[of] p2a: Corviknight
|-fieldend|move: Electric Terrain
|
|-heal|p2a: Corviknight|9/100|[from] item: Leftovers
|upkeep
|turn|18
|
|t:|1667981641
|switch|p2a: Blissey|Blissey, F|100/100
|move|p1a: Tapu Koko|Thunderbolt|p2a: Blissey
|-damage|p2a: Blissey|86/100
|
|upkeep
|turn|19
|
|t:|1667981648
|move|p1a: Tapu Koko|Taunt|p2a: Blissey
|-start|p2a: Blissey|move: Taunt
|move|p2a: Blissey|Seismic Toss|p1a: Tapu Koko
|-damage|p1a: Tapu Koko|65/100
|
|upkeep
|turn|20
|
|t:|1667981650
|move|p1a: Tapu Koko|U-turn|p2a: Blissey
|-damage|p2a: Blissey|71/100
|
|t:|1667981659
|switch|p1a: Garchomp|Garchomp, F|100/100|[from]move: U-turn
|move|p2a: Blissey|Seismic Toss|p1a: Garchomp
|-damage|p1a: Garchomp|77/100
|-damage|p2a: Blissey|59/100|[from] ability: Rough Skin|[of] p1a: Garchomp
|
|-heal|p1a: Garchomp|83/100|[from] item: Leftovers
|upkeep
|turn|21
|
|t:|1667981665
|switch|p1a: Tapu Koko|Tapu Koko|65/100
|-fieldstart|move: Electric Terrain|[from] ability: Electric Surge|[of] p1a: Tapu Koko
|switch|p2a: Clefable|Clefable, M|100/100
|
|upkeep
|turn|22
|
|t:|1667981671
|move|p1a: Tapu Koko|U-turn|p2a: Clefable
|-resisted|p2a: Clefable
|-damage|p2a: Clefable|94/100
|
|t:|1667981673
|switch|p1a: Victini|Victini|2/100 tox|[from]move: U-turn
|move|p2a: Clefable|Calm Mind|p2a: Clefable
|-boost|p2a: Clefable|spa|1
|-boost|p2a: Clefable|spd|1
|
|-heal|p1a: Victini|8/100 tox|[from] item: Leftovers
|-heal|p2a: Clefable|99/100|[from] item: Leftovers
|-damage|p1a: Victini|2/100 tox|[from] psn
|upkeep
|turn|23
|
|t:|1667981679
|move|p1a: Victini|V-create|p2a: Clefable
|-damage|p2a: Clefable|43/100
|-unboost|p1a: Victini|spe|1
|-unboost|p1a: Victini|def|1
|-unboost|p1a: Victini|spd|1
|move|p2a: Clefable|Soft-Boiled|p2a: Clefable
|-heal|p2a: Clefable|93/100
|
|-heal|p1a: Victini|8/100 tox|[from] item: Leftovers
|-heal|p2a: Clefable|99/100|[from] item: Leftovers
|-damage|p1a: Victini|0 fnt|[from] psn
|faint|p1a: Victini
|upkeep
|
|t:|1667981682
|switch|p1a: Regieleki|Regieleki|100/100
|turn|24
|
|t:|1667981691
|switch|p2a: Corviknight|Corviknight, M|9/100
|-ability|p2a: Corviknight|Pressure
|move|p1a: Regieleki|Rising Voltage|p2a: Corviknight
|-supereffective|p2a: Corviknight
|-damage|p2a: Corviknight|0 fnt
|faint|p2a: Corviknight
|
|upkeep
|
|t:|1667981693
|switch|p2a: Blissey|Blissey, F|59/100
|turn|25
|
|t:|1667981698
|move|p1a: Regieleki|Rising Voltage|p2a: Blissey
|-hint|Rising Voltage's BP doubled on grounded target.
|-damage|p2a: Blissey|10/100
|move|p2a: Blissey|Soft-Boiled|p2a: Blissey
|-heal|p2a: Blissey|60/100
|
|-fieldend|move: Electric Terrain
|upkeep
|turn|26
|
|t:|1667981703
|move|p1a: Regieleki|Volt Switch|p2a: Blissey
|-damage|p2a: Blissey|39/100
|
|t:|1667981706
|switch|p1a: Garchomp|Garchomp, F|83/100|[from]move: Volt Switch
|move|p2a: Blissey|Soft-Boiled|p2a: Blissey
|-heal|p2a: Blissey|89/100
|
|-heal|p1a: Garchomp|89/100|[from] item: Leftovers
|upkeep
|turn|27
|
|t:|1667981712
|move|p1a: Garchomp|Stealth Rock|p2a: Blissey
|-sidestart|p2: BTLT200$ brrr|move: Stealth Rock
|move|p2a: Blissey|Toxic|p1a: Garchomp|[miss]
|-miss|p2a: Blissey|p1a: Garchomp
|
|-heal|p1a: Garchomp|95/100|[from] item: Leftovers
|upkeep
|turn|28
|
|t:|1667981716
|switch|p1a: Ferrothorn|Ferrothorn, F|92/100 brn
|move|p2a: Blissey|Toxic||[still]
|-fail|p2a: Blissey
|
|-heal|p1a: Ferrothorn|98/100 brn|[from] item: Leftovers
|-damage|p1a: Ferrothorn|92/100 brn|[from] brn
|upkeep
|turn|29
|
|t:|1667981726
|switch|p2a: Toxapex|Toxapex, F|41/100 par
|-damage|p2a: Toxapex|28/100 par|[from] Stealth Rock
|switch|p1a: Tapu Koko|Tapu Koko|65/100
|-fieldstart|move: Electric Terrain|[from] ability: Electric Surge|[of] p1a: Tapu Koko
|
|upkeep
|turn|30
|
|t:|1667981740
|switch|p2a: Blissey|Blissey, F|89/100
|move|p1a: Tapu Koko|Thunderbolt|p2a: Blissey
|-damage|p2a: Blissey|72/100
|
|upkeep
|turn|31
|
|t:|1667981745
|move|p1a: Tapu Koko|Taunt|p2a: Blissey
|-start|p2a: Blissey|move: Taunt
|move|p2a: Blissey|Seismic Toss|p1a: Tapu Koko
|-damage|p1a: Tapu Koko|29/100
|
|upkeep
|turn|32
|
|t:|1667981748
|move|p1a: Tapu Koko|U-turn|p2a: Blissey
|-crit|p2a: Blissey
|-damage|p2a: Blissey|51/100
|
|t:|1667981751
|switch|p1a: Regieleki|Regieleki|100/100|[from]move: U-turn
|move|p2a: Blissey|Seismic Toss|p1a: Regieleki
|-damage|p1a: Regieleki|67/100
|
|upkeep
|turn|33
|
|t:|1667981759
|switch|p2a: Gastrodon|Gastrodon, F|100/100
|-damage|p2a: Gastrodon|94/100|[from] Stealth Rock
|move|p1a: Regieleki|Rising Voltage|p2a: Gastrodon
|-hint|Rising Voltage's BP doubled on grounded target.
|-supereffective|p2a: Gastrodon
|-damage|p2a: Gastrodon|0 fnt
|faint|p2a: Gastrodon
|
|-fieldend|move: Electric Terrain
|upkeep
|
|t:|1667981761
|switch|p2a: Blissey|Blissey, F|51/100
|turn|34
|
|t:|1667981763
|move|p1a: Regieleki|Volt Switch|p2a: Blissey
|-damage|p2a: Blissey|29/100
|
|t:|1667981765
|switch|p1a: Tapu Koko|Tapu Koko|29/100|[from]move: Volt Switch
|-fieldstart|move: Electric Terrain|[from] ability: Electric Surge|[of] p1a: Tapu Koko
|move|p2a: Blissey|Soft-Boiled|p2a: Blissey
|-heal|p2a: Blissey|79/100
|
|upkeep
|turn|35
|
|t:|1667981772
|move|p1a: Tapu Koko|U-turn|p2a: Blissey
|-damage|p2a: Blissey|66/100
|
|t:|1667981782
|switch|p1a: Ferrothorn|Ferrothorn, F|92/100 brn|[from]move: U-turn
|move|p2a: Blissey|Seismic Toss|p1a: Ferrothorn
|-damage|p1a: Ferrothorn|63/100 brn
|-damage|p2a: Blissey|54/100|[from] ability: Iron Barbs|[of] p1a: Ferrothorn
|
|-heal|p1a: Ferrothorn|70/100 brn|[from] item: Leftovers
|-damage|p1a: Ferrothorn|63/100 brn|[from] brn
|upkeep
|turn|36
|
|t:|1667981788
|move|p2a: Blissey|Soft-Boiled|p2a: Blissey
|-heal|p2a: Blissey|100/100
|move|p1a: Ferrothorn|Leech Seed|p2a: Blissey|[miss]
|-miss|p1a: Ferrothorn|p2a: Blissey
|
|-heal|p1a: Ferrothorn|70/100 brn|[from] item: Leftovers
|-damage|p1a: Ferrothorn|63/100 brn|[from] brn
|upkeep
|turn|37
|
|t:|1667981793
|move|p2a: Blissey|Stealth Rock|p1a: Ferrothorn
|-sidestart|p1: yhdrslb|move: Stealth Rock
|move|p1a: Ferrothorn|Knock Off|p2a: Blissey
|-damage|p2a: Blissey|91/100
|-enditem|p2a: Blissey|Heavy-Duty Boots|[from] move: Knock Off|[of] p1a: Ferrothorn
|
|-heal|p1a: Ferrothorn|70/100 brn|[from] item: Leftovers
|-damage|p1a: Ferrothorn|63/100 brn|[from] brn
|upkeep
|turn|38
|
|t:|1667981801
|move|p2a: Blissey|Seismic Toss|p1a: Ferrothorn
|-damage|p1a: Ferrothorn|35/100 brn
|-damage|p2a: Blissey|79/100|[from] ability: Iron Barbs|[of] p1a: Ferrothorn
|move|p1a: Ferrothorn|Leech Seed|p2a: Blissey
|-start|p2a: Blissey|move: Leech Seed
|
|-heal|p1a: Ferrothorn|41/100 brn|[from] item: Leftovers
|-damage|p2a: Blissey|66/100|[from] Leech Seed|[of] p1a: Ferrothorn
|-heal|p1a: Ferrothorn|66/100 brn|[silent]
|-damage|p1a: Ferrothorn|60/100 brn|[from] brn
|-fieldend|move: Electric Terrain
|upkeep
|turn|39
|
|t:|1667981808
|switch|p1a: Regieleki|Regieleki|67/100
|-damage|p1a: Regieleki|55/100|[from] Stealth Rock
|move|p2a: Blissey|Soft-Boiled|p2a: Blissey
|-heal|p2a: Blissey|100/100
|
|-damage|p2a: Blissey|88/100|[from] Leech Seed|[of] p1a: Regieleki
|-heal|p1a: Regieleki|85/100|[silent]
|upkeep
|turn|40
|
|t:|1667981812
|move|p1a: Regieleki|Rapid Spin|p2a: Blissey
|-damage|p2a: Blissey|77/100
|-boost|p1a: Regieleki|spe|1
|-sideend|p1: yhdrslb|Stealth Rock|[from] move: Rapid Spin|[of] p1a: Regieleki
|move|p2a: Blissey|Toxic|p1a: Regieleki
|-status|p1a: Regieleki|tox
|
|-damage|p2a: Blissey|65/100|[from] Leech Seed|[of] p1a: Regieleki
|-heal|p1a: Regieleki|100/100 tox|[silent]
|-damage|p1a: Regieleki|95/100 tox|[from] psn
|upkeep
|turn|41
|
|t:|1667981822
|switch|p2a: Toxapex|Toxapex, F|62/100 par
|-damage|p2a: Toxapex|49/100 par|[from] Stealth Rock
|move|p1a: Regieleki|Volt Switch|p2a: Toxapex
|-supereffective|p2a: Toxapex
|-damage|p2a: Toxapex|0 fnt
|faint|p2a: Toxapex
|
|t:|1667981824
|switch|p1a: Tapu Koko|Tapu Koko|29/100|[from]move: Volt Switch
|-fieldstart|move: Electric Terrain|[from] ability: Electric Surge|[of] p1a: Tapu Koko
|
|upkeep
|
|t:|1667981832
|switch|p2a: Blissey|Blissey, F|65/100
|-damage|p2a: Blissey|52/100|[from] Stealth Rock
|turn|42
|
|t:|1667981837
|move|p1a: Tapu Koko|Taunt|p2a: Blissey
|-start|p2a: Blissey|move: Taunt
|move|p2a: Blissey|Seismic Toss|p1a: Tapu Koko
|-damage|p1a: Tapu Koko|0 fnt
|faint|p1a: Tapu Koko
|
|upkeep
|
|t:|1667981842
|switch|p1a: Regieleki|Regieleki|95/100 tox
|turn|43
|
|t:|1667981844
|move|p1a: Regieleki|Rising Voltage|p2a: Blissey
|-hint|Rising Voltage's BP doubled on grounded target.
|-damage|p2a: Blissey|0 fnt
|faint|p2a: Blissey
|
|-damage|p1a: Regieleki|89/100 tox|[from] psn
|upkeep
|l|☆BTLT200$ brrr
|inactive|BTLT200$ brrr disconnected and has a minute to reconnect!
|player|p2|
|l| sammag
|inactive|BTLT200$ brrr has 30 seconds to reconnect!
|inactive|BTLT200$ brrr has 20 seconds to reconnect!
|j| ad dukhan
|l| ad dukhan
|inactive|BTLT200$ brrr has 15 seconds to reconnect!
|inactive|BTLT200$ brrr has 10 seconds to reconnect!
|inactive|BTLT200$ brrr has 5 seconds to reconnect!
|-message|BTLT200$ brrr lost due to inactivity.
|
|win|yhdrslb
|raw|yhdrslb's rating: 1796 &rarr; <strong>1812</strong><br />(+16 for winning)
|raw|BTLT200$ brrr's rating: 1724 &rarr; <strong>1708</strong><br />(-16 for losing)
||Ladder isn't responding, score probably updated but might not have (Request timeout).
