|html|<div class="broadcast-blue"><strong>[Gen 8] OU is currently suspecting Melmetal! For information on how to participate check out the <a href="https://www.smogon.com/forums/threads/np-ss-ou-suspect-process-round-12-monster-mash.3709234/">suspect thread</a>.</strong></div>
|j|☆I0SIS
|j|☆PrinceTMR
|t:|1666570350
|gametype|singles
|player|p1|I0SIS|schoolkid-gen4|1611
|player|p2|PrinceTMR|n|1592
|teamsize|p1|6
|teamsize|p2|6
|gen|8
|tier|[Gen 8] OU
|rated|
|rule|Sleep Clause Mod: Limit one foe put to sleep
|rule|Species Clause: Limit one of each Pokémon
|rule|OHKO Clause: OHKO moves are banned
|rule|Evasion Items Clause: Evasion items are banned
|rule|Evasion Moves Clause: Evasion moves are banned
|rule|Endless Battle Clause: Forcing endless battles is banned
|rule|HP Percentage Mod: HP is shown in percentages
|rule|Dynamax Clause: You cannot dynamax
|clearpoke
|poke|p1|Heatran, M|
|poke|p1|Ninetales-Alola, F|
|poke|p1|Landorus-Therian, M|
|poke|p1|Weavile, M|
|poke|p1|Dragapult, F|
|poke|p1|Volcarona, F|
|poke|p2|Tornadus-Therian, M|
|poke|p2|Urshifu-*, M|
|poke|p2|Rillaboom, M|
|poke|p2|Toxapex, F|
|poke|p2|Landorus-Therian, M|
|poke|p2|Heatran, M|
|teampreview
|inactive|Battle timer is ON: inactive players will automatically lose when time's up. (requested by PrinceTMR)
|inactive|PrinceTMR has 120 seconds left.
|
|t:|1666570405
|start
|switch|p1a: Heatran|Heatran, M|100/100
|switch|p2a: Chipotle|Heatran, M|100/100
|-item|p2a: Chipotle|Air Balloon
|-item|p1a: Heatran|Air Balloon
|turn|1
|
|t:|1666570420
|move|p2a: Chipotle|Taunt|p1a: Heatran
|-start|p1a: Heatran|move: Taunt
|cant|p1a: Heatran|move: Taunt|Stealth Rock
|
|upkeep
|turn|2
|
|t:|1666570430
|switch|p1a: Landorus|Landorus-Therian, M|100/100
|-ability|p1a: Landorus|Intimidate|boost
|-unboost|p2a: Chipotle|atk|1
|move|p2a: Chipotle|Taunt|p1a: Landorus
|-start|p1a: Landorus|move: Taunt
|
|upkeep
|turn|3
|
|t:|1666570441
|switch|p2a: OU Incarnate|Landorus-Therian, M, shiny|100/100
|-ability|p2a: OU Incarnate|Intimidate|boost
|-unboost|p1a: Landorus|atk|1
|move|p1a: Landorus|Smack Down|p2a: OU Incarnate
|-damage|p2a: OU Incarnate|88/100
|-start|p2a: OU Incarnate|Smack Down
|
|-heal|p2a: OU Incarnate|94/100|[from] item: Leftovers
|upkeep
|turn|4
|
|t:|1666570448
|switch|p1a: Heatran|Heatran, M|100/100
|-item|p1a: Heatran|Air Balloon
|move|p2a: OU Incarnate|Stealth Rock|p1a: Heatran
|-sidestart|p1: I0SIS|move: Stealth Rock
|
|-heal|p2a: OU Incarnate|99/100|[from] item: Leftovers
|upkeep
|turn|5
|
|t:|1666570451
|move|p2a: OU Incarnate|U-turn|p1a: Heatran
|-resisted|p1a: Heatran
|-damage|p1a: Heatran|97/100
|-enditem|p1a: Heatran|Air Balloon
|
|t:|1666570456
|switch|p2a: Chipotle|Heatran, M|100/100|[from]move: U-turn
|-item|p2a: Chipotle|Air Balloon
|move|p1a: Heatran|Stealth Rock|p2a: Chipotle
|-sidestart|p2: PrinceTMR|move: Stealth Rock
|
|upkeep
|turn|6
|
|t:|1666570461
|switch|p1a: Dragapult|Dragapult, F, shiny|100/100
|-damage|p1a: Dragapult|88/100|[from] Stealth Rock
|move|p2a: Chipotle|Magma Storm|p1a: Dragapult|[miss]
|-miss|p2a: Chipotle|p1a: Dragapult
|
|-heal|p1a: Dragapult|94/100|[from] item: Leftovers
|upkeep
|turn|7
|
|t:|1666570476
|move|p1a: Dragapult|Dragon Darts|p2a: Chipotle
|-resisted|p2a: Chipotle
|-damage|p2a: Chipotle|88/100
|-enditem|p2a: Chipotle|Air Balloon
|-anim|p1a: Dragapult|Dragon Darts|p2a: Chipotle
|-resisted|p2a: Chipotle
|-damage|p2a: Chipotle|76/100
|move|p2a: Chipotle|Will-O-Wisp|p1a: Dragapult|[miss]
|-miss|p2a: Chipotle|p1a: Dragapult
|
|-heal|p1a: Dragapult|99/100|[from] item: Leftovers
|upkeep
|turn|8
|
|t:|1666570491
|switch|p1a: Volcarona|Volcarona, F|100/100
|move|p2a: Chipotle|Magma Storm|p1a: Volcarona|[miss]
|-miss|p2a: Chipotle|p1a: Volcarona
|
|upkeep
|turn|9
|
|t:|1666570496
|move|p1a: Volcarona|Quiver Dance|p1a: Volcarona
|-boost|p1a: Volcarona|spa|1
|-boost|p1a: Volcarona|spd|1
|-boost|p1a: Volcarona|spe|1
|move|p2a: Chipotle|Taunt|p1a: Volcarona
|-start|p1a: Volcarona|move: Taunt
|
|upkeep
|turn|10
|
|t:|1666570508
|move|p1a: Volcarona|Bug Buzz|p2a: Chipotle
|-resisted|p2a: Chipotle
|-damage|p2a: Chipotle|63/100
|move|p2a: Chipotle|Magma Storm|p1a: Volcarona
|-damage|p1a: Volcarona|71/100
|-activate|p1a: Volcarona|move: Magma Storm|[of] p2a: Chipotle
|
|-damage|p1a: Volcarona|58/100|[from] move: Magma Storm|[partiallytrapped]
|upkeep
|turn|11
|
|t:|1666570513
|move|p1a: Volcarona|Bug Buzz|p2a: Chipotle
|-resisted|p2a: Chipotle
|-damage|p2a: Chipotle|49/100
|-unboost|p2a: Chipotle|spd|1
|move|p2a: Chipotle|Earth Power|p1a: Volcarona
|-damage|p1a: Volcarona|40/100
|
|-damage|p1a: Volcarona|28/100|[from] move: Magma Storm|[partiallytrapped]
|upkeep
|turn|12
|
|t:|1666570515
|move|p1a: Volcarona|Bug Buzz|p2a: Chipotle
|-resisted|p2a: Chipotle
|-damage|p2a: Chipotle|20/100
|move|p2a: Chipotle|Earth Power|p1a: Volcarona
|-damage|p1a: Volcarona|10/100
|-unboost|p1a: Volcarona|spd|1
|
|-damage|p1a: Volcarona|0 fnt|[from] move: Magma Storm|[partiallytrapped]
|faint|p1a: Volcarona
|upkeep
|
|t:|1666570524
|switch|p1a: Landorus|Landorus-Therian, M|100/100
|-damage|p1a: Landorus|88/100|[from] Stealth Rock
|-ability|p1a: Landorus|Intimidate|boost
|-unboost|p2a: Chipotle|atk|1
|turn|13
|
|t:|1666570528
|switch|p2a: OU Incarnate|Landorus-Therian, M, shiny|99/100
|-damage|p2a: OU Incarnate|87/100|[from] Stealth Rock
|-ability|p2a: OU Incarnate|Intimidate|boost
|-unboost|p1a: Landorus|atk|1
|move|p1a: Landorus|Substitute|p1a: Landorus
|-start|p1a: Landorus|Substitute
|-damage|p1a: Landorus|63/100
|
|-heal|p1a: Landorus|69/100|[from] item: Leftovers
|-heal|p2a: OU Incarnate|94/100|[from] item: Leftovers
|upkeep
|turn|14
|
|t:|1666570531
|move|p1a: Landorus|Swords Dance|p1a: Landorus
|-boost|p1a: Landorus|atk|2
|move|p2a: OU Incarnate|U-turn|p1a: Landorus
|-resisted|p1a: Landorus
|-activate|p1a: Landorus|move: Substitute|[damage]
|
|t:|1666570535
|switch|p2a: Pando|Urshifu-Rapid-Strike, M|100/100|[from]move: U-turn
|-damage|p2a: Pando|94/100|[from] Stealth Rock
|
|-heal|p1a: Landorus|75/100|[from] item: Leftovers
|upkeep
|turn|15
|
|t:|1666570539
|switch|p1a: Dragapult|Dragapult, F, shiny|99/100
|-damage|p1a: Dragapult|88/100|[from] Stealth Rock
|move|p2a: Pando|Surging Strikes|p1a: Dragapult
|-resisted|p1a: Dragapult
|-crit|p1a: Dragapult
|-damage|p1a: Dragapult|70/100
|-resisted|p1a: Dragapult
|-crit|p1a: Dragapult
|-damage|p1a: Dragapult|53/100
|-resisted|p1a: Dragapult
|-crit|p1a: Dragapult
|-damage|p1a: Dragapult|34/100
|-hitcount|p1a: Dragapult|3
|
|-heal|p1a: Dragapult|40/100|[from] item: Leftovers
|upkeep
|turn|16
|
|t:|1666570548
|switch|p2a: NormalShowdownUser|Toxapex, F|100/100
|-damage|p2a: NormalShowdownUser|88/100|[from] Stealth Rock
|move|p1a: Dragapult|Dragon Darts|p2a: NormalShowdownUser
|-damage|p2a: NormalShowdownUser|72/100
|-anim|p1a: Dragapult|Dragon Darts|p2a: NormalShowdownUser
|-damage|p2a: NormalShowdownUser|56/100
|
|-heal|p1a: Dragapult|46/100|[from] item: Leftovers
|upkeep
|turn|17
|
|t:|1666570566
|switch|p1a: Ninetales|Ninetales-Alola, F, shiny|100/100
|-damage|p1a: Ninetales|75/100|[from] Stealth Rock
|-weather|Hail|[from] ability: Snow Warning|[of] p1a: Ninetales
|switch|p2a: OU Incarnate|Landorus-Therian, M, shiny|94/100
|-damage|p2a: OU Incarnate|81/100|[from] Stealth Rock
|-ability|p2a: OU Incarnate|Intimidate|boost
|-unboost|p1a: Ninetales|atk|1
|
|-weather|Hail|[upkeep]
|-damage|p2a: OU Incarnate|75/100|[from] Hail
|-heal|p2a: OU Incarnate|81/100|[from] item: Leftovers
|upkeep
|turn|18
|
|t:|1666570572
|move|p1a: Ninetales|Aurora Veil|p1a: Ninetales
|-sidestart|p1: I0SIS|move: Aurora Veil
|move|p2a: OU Incarnate|Toxic|p1a: Ninetales
|-status|p1a: Ninetales|tox
|
|-weather|Hail|[upkeep]
|-damage|p2a: OU Incarnate|75/100|[from] Hail
|-heal|p2a: OU Incarnate|81/100|[from] item: Leftovers
|-damage|p1a: Ninetales|69/100 tox|[from] psn
|upkeep
|turn|19
|
|t:|1666570586
|switch|p2a: NormalShowdownUser|Toxapex, F|89/100
|-damage|p2a: NormalShowdownUser|77/100|[from] Stealth Rock
|move|p1a: Ninetales|Freeze-Dry|p2a: NormalShowdownUser
|-supereffective|p2a: NormalShowdownUser
|-damage|p2a: NormalShowdownUser|43/100
|
|-weather|Hail|[upkeep]
|-damage|p2a: NormalShowdownUser|37/100|[from] Hail
|-damage|p1a: Ninetales|57/100 tox|[from] psn
|upkeep
|turn|20
|
|t:|1666570593
|switch|p1a: Landorus|Landorus-Therian, M|75/100
|-damage|p1a: Landorus|63/100|[from] Stealth Rock
|-ability|p1a: Landorus|Intimidate|boost
|-unboost|p2a: NormalShowdownUser|atk|1
|move|p2a: NormalShowdownUser|Baneful Bunker||[still]
|-fail|p2a: NormalShowdownUser
|
|-weather|Hail|[upkeep]
|-damage|p1a: Landorus|57/100|[from] Hail
|-damage|p2a: NormalShowdownUser|31/100|[from] Hail
|-heal|p1a: Landorus|63/100|[from] item: Leftovers
|upkeep
|turn|21
|
|t:|1666570597
|move|p1a: Landorus|Earthquake|p2a: NormalShowdownUser
|-supereffective|p2a: NormalShowdownUser
|-damage|p2a: NormalShowdownUser|0 fnt
|faint|p2a: NormalShowdownUser
|
|-weather|none
|-heal|p1a: Landorus|69/100|[from] item: Leftovers
|upkeep
|
|t:|1666570602
|switch|p2a: Pando|Urshifu-Rapid-Strike, M|94/100
|-damage|p2a: Pando|88/100|[from] Stealth Rock
|turn|22
|
|t:|1666570605
|switch|p1a: Heatran|Heatran, M|97/100
|-damage|p1a: Heatran|85/100|[from] Stealth Rock
|move|p2a: Pando|Surging Strikes|p1a: Heatran
|-supereffective|p1a: Heatran
|-crit|p1a: Heatran
|-damage|p1a: Heatran|48/100
|-supereffective|p1a: Heatran
|-crit|p1a: Heatran
|-damage|p1a: Heatran|13/100
|-supereffective|p1a: Heatran
|-crit|p1a: Heatran
|-damage|p1a: Heatran|0 fnt
|-status|p2a: Pando|brn|[from] ability: Flame Body|[of] p1a: Heatran
|faint|p1a: Heatran
|-hitcount|p1: Heatran|3
|
|-damage|p2a: Pando|82/100 brn|[from] brn
|upkeep
|
|t:|1666570611
|switch|p1a: Dragapult|Dragapult, F, shiny|46/100
|-damage|p1a: Dragapult|34/100|[from] Stealth Rock
|turn|23
|
|t:|1666570620
|move|p1a: Dragapult|Dragon Dance|p1a: Dragapult
|-boost|p1a: Dragapult|atk|1
|-boost|p1a: Dragapult|spe|1
|move|p2a: Pando|Surging Strikes|p1a: Dragapult
|-resisted|p1a: Dragapult
|-crit|p1a: Dragapult
|-damage|p1a: Dragapult|25/100
|-resisted|p1a: Dragapult
|-crit|p1a: Dragapult
|-damage|p1a: Dragapult|16/100
|-resisted|p1a: Dragapult
|-crit|p1a: Dragapult
|-damage|p1a: Dragapult|7/100
|-hitcount|p1a: Dragapult|3
|
|-heal|p1a: Dragapult|13/100|[from] item: Leftovers
|-damage|p2a: Pando|76/100 brn|[from] brn
|upkeep
|turn|24
|
|t:|1666570631
|move|p1a: Dragapult|Dragon Darts|p2a: Pando
|-damage|p2a: Pando|32/100 brn
|-anim|p1a: Dragapult|Dragon Darts|p2a: Pando
|-damage|p2a: Pando|0 fnt
|faint|p2a: Pando
|
|-heal|p1a: Dragapult|19/100|[from] item: Leftovers
|upkeep
|
|t:|1666570635
|switch|p2a: Le Monke|Rillaboom, M, shiny|100/100
|-damage|p2a: Le Monke|88/100|[from] Stealth Rock
|-fieldstart|move: Grassy Terrain|[from] ability: Grassy Surge|[of] p2a: Le Monke
|turn|25
|
|t:|1666570639
|move|p2a: Le Monke|Grassy Glide|p1a: Dragapult
|-resisted|p1a: Dragapult
|-damage|p1a: Dragapult|0 fnt
|faint|p1a: Dragapult
|-damage|p2a: Le Monke|78/100|[from] item: Life Orb
|
|-heal|p2a: Le Monke|84/100|[from] Grassy Terrain
|-sideend|p1: I0SIS|move: Aurora Veil
|upkeep
|
|t:|1666570647
|switch|p1a: Landorus|Landorus-Therian, M|69/100
|-damage|p1a: Landorus|57/100|[from] Stealth Rock
|-ability|p1a: Landorus|Intimidate|boost
|-unboost|p2a: Le Monke|atk|1
|turn|26
|
|t:|1666570651
|switch|p2a: Winged Angel|Tornadus-Therian, M|100/100
|move|p1a: Landorus|Smack Down|p2a: Winged Angel
|-supereffective|p2a: Winged Angel
|-damage|p2a: Winged Angel|68/100
|-start|p2a: Winged Angel|Smack Down
|
|-heal|p2a: Winged Angel|74/100|[from] Grassy Terrain
|-heal|p1a: Landorus|63/100|[from] item: Leftovers
|upkeep
|turn|27
|
|t:|1666570655
|move|p2a: Winged Angel|Hurricane|p1a: Landorus|[miss]
|-miss|p2a: Winged Angel|p1a: Landorus
|move|p1a: Landorus|Substitute|p1a: Landorus
|-start|p1a: Landorus|Substitute
|-damage|p1a: Landorus|38/100
|
|-heal|p2a: Winged Angel|80/100|[from] Grassy Terrain
|-heal|p1a: Landorus|44/100|[from] item: Leftovers
|upkeep
|turn|28
|
|t:|1666570656
|move|p2a: Winged Angel|Hurricane|p1a: Landorus
|-end|p1a: Landorus|Substitute
|move|p1a: Landorus|Swords Dance|p1a: Landorus
|-boost|p1a: Landorus|atk|2
|
|-heal|p2a: Winged Angel|86/100|[from] Grassy Terrain
|-heal|p1a: Landorus|50/100|[from] item: Leftovers
|upkeep
|turn|29
|
|t:|1666570658
|move|p2a: Winged Angel|Hurricane|p1a: Landorus|[miss]
|-miss|p2a: Winged Angel|p1a: Landorus
|move|p1a: Landorus|Substitute|p1a: Landorus
|-start|p1a: Landorus|Substitute
|-damage|p1a: Landorus|25/100
|
|-heal|p2a: Winged Angel|92/100|[from] Grassy Terrain
|-heal|p1a: Landorus|31/100|[from] item: Leftovers
|-fieldend|move: Grassy Terrain
|upkeep
|turn|30
|
|t:|1666570661
|move|p2a: Winged Angel|Hurricane|p1a: Landorus|[miss]
|-miss|p2a: Winged Angel|p1a: Landorus
|move|p1a: Landorus|Earthquake|p2a: Winged Angel
|-damage|p2a: Winged Angel|0 fnt
|faint|p2a: Winged Angel
|
|-heal|p1a: Landorus|37/100|[from] item: Leftovers
|upkeep
|
|t:|1666570663
|switch|p2a: OU Incarnate|Landorus-Therian, M, shiny|81/100
|-damage|p2a: OU Incarnate|69/100|[from] Stealth Rock
|-ability|p2a: OU Incarnate|Intimidate|boost
|-immune|p1a: Landorus
|turn|31
|
|t:|1666570667
|move|p1a: Landorus|Smack Down|p2a: OU Incarnate
|-damage|p2a: OU Incarnate|32/100
|-start|p2a: OU Incarnate|Smack Down
|move|p2a: OU Incarnate|U-turn|p1a: Landorus
|-resisted|p1a: Landorus
|-activate|p1a: Landorus|move: Substitute|[damage]
|
|t:|1666570670
|switch|p2a: Chipotle|Heatran, M|20/100|[from]move: U-turn
|-damage|p2a: Chipotle|8/100|[from] Stealth Rock
|
|-heal|p1a: Landorus|43/100|[from] item: Leftovers
|upkeep
|turn|32
|
|t:|1666570672
|move|p1a: Landorus|Smack Down|p2a: Chipotle
|-crit|p2a: Chipotle
|-damage|p2a: Chipotle|0 fnt
|faint|p2a: Chipotle
|
|-heal|p1a: Landorus|49/100|[from] item: Leftovers
|upkeep
|
|t:|1666570673
|switch|p2a: Le Monke|Rillaboom, M, shiny|84/100
|-damage|p2a: Le Monke|72/100|[from] Stealth Rock
|-fieldstart|move: Grassy Terrain|[from] ability: Grassy Surge|[of] p2a: Le Monke
|turn|33
|
|t:|1666570679
|move|p2a: Le Monke|Grassy Glide|p1a: Landorus
|-end|p1a: Landorus|Substitute
|-damage|p2a: Le Monke|62/100|[from] item: Life Orb
|move|p1a: Landorus|Smack Down|p2a: Le Monke
|-crit|p2a: Le Monke
|-damage|p2a: Le Monke|11/100
|
|-heal|p1a: Landorus|55/100|[from] item: Leftovers
|-heal|p2a: Le Monke|17/100|[from] Grassy Terrain
|upkeep
|turn|34
|
|t:|1666570683
|move|p2a: Le Monke|Grassy Glide|p1a: Landorus
|-damage|p1a: Landorus|0 fnt
|faint|p1a: Landorus
|-damage|p2a: Le Monke|7/100|[from] item: Life Orb
|
|-heal|p2a: Le Monke|13/100|[from] Grassy Terrain
|upkeep
|
|t:|1666570685
|switch|p1a: Weavile|Weavile, M|100/100
|-damage|p1a: Weavile|76/100|[from] Stealth Rock
|-ability|p1a: Weavile|Pressure
|turn|35
|
|t:|1666570692
|switch|p2a: OU Incarnate|Landorus-Therian, M, shiny|32/100
|-damage|p2a: OU Incarnate|19/100|[from] Stealth Rock
|-ability|p2a: OU Incarnate|Intimidate|boost
|-unboost|p1a: Weavile|atk|1
|move|p1a: Weavile|Ice Shard|p2a: OU Incarnate
|-supereffective|p2a: OU Incarnate
|-damage|p2a: OU Incarnate|0 fnt
|faint|p2a: OU Incarnate
|-damage|p1a: Weavile|66/100|[from] item: Life Orb
|
|-heal|p1a: Weavile|72/100|[from] Grassy Terrain
|upkeep
|
|t:|1666570694
|switch|p2a: Le Monke|Rillaboom, M, shiny|13/100
|-damage|p2a: Le Monke|1/100|[from] Stealth Rock
|turn|36
|
|t:|1666570695
|move|p1a: Weavile|Ice Shard|p2a: Le Monke
|-supereffective|p2a: Le Monke
|-damage|p2a: Le Monke|0 fnt
|faint|p2a: Le Monke
|-damage|p1a: Weavile|62/100|[from] item: Life Orb
|
|win|I0SIS
|raw|I0SIS's rating: 1611 &rarr; <strong>1630</strong><br />(+19 for winning)
|raw|PrinceTMR's rating: 1592 &rarr; <strong>1573</strong><br />(-19 for losing)
|c|☆PrinceTMR|gg
|c|☆I0SIS|gg
