|j|☆BigWes95
|j|☆miniwester
|inactive|Battle timer is ON: inactive players will automatically lose when time's up.
|t:|1668178834
|gametype|singles
|player|p1|BigWes95|169|
|player|p2|miniwester|juggler-gen1|
|teamsize|p1|6
|teamsize|p2|6
|gen|8
|tier|[Gen 8] OU
|rated|Tournament battle
|rule|Sleep Clause Mod: Limit one foe put to sleep
|rule|Species Clause: Limit one of each Pokémon
|rule|OHKO Clause: OHKO moves are banned
|rule|Evasion Items Clause: Evasion items are banned
|rule|Evasion Moves Clause: Evasion moves are banned
|rule|Endless Battle Clause: Forcing endless battles is banned
|rule|HP Percentage Mod: HP is shown in percentages
|rule|Dynamax Clause: You cannot dynamax
|clearpoke
|poke|p1|Landorus-Therian, M|
|poke|p1|Tapu Lele|
|poke|p1|Dragapult, M|
|poke|p1|Kartana|
|poke|p1|Melmetal|
|poke|p1|Tapu Koko|
|poke|p2|Terrakion|
|poke|p2|Kartana|
|poke|p2|Zapdos|
|poke|p2|Gastrodon, F|
|poke|p2|Heatran, M|
|poke|p2|Slowbro, F|
|teampreview
|inactive|BigWes95 also wants the timer to be on.
|j| PikaYumCute
|j|@SetsuStsna
|j| siidi
|j| GengarAdept
|j| cypherstest
|j| amstan (-_-)
|j| Trailblazer324
|j| Ondoo
|c|☆BigWes95|gl
|c| siidi|good luck !
|c|☆miniwester|u2
|l| Trailblazer324
|j| Jeran 重力
|inactive|miniwester has 120 seconds left.
|
|t:|1668178874
|start
|switch|p1a: Tapu Koko|Tapu Koko|100/100
|switch|p2a: Heatran|Heatran, M|100/100
|-fieldstart|move: Electric Terrain|[from] ability: Electric Surge|[of] p1a: Tapu Koko
|-item|p2a: Heatran|Air Balloon
|turn|1
|
|t:|1668178879
|move|p1a: Tapu Koko|Volt Switch|p2a: Heatran
|-damage|p2a: Heatran|48/100
|-enditem|p2a: Heatran|Air Balloon
|-damage|p1a: Tapu Koko|91/100|[from] item: Life Orb
|j| Dopamiin
|c|☆miniwester|bro got all the threats
|
|t:|1668178885
|switch|p1a: Landorus|Landorus-Therian, M|100/100|[from]move: Volt Switch
|-ability|p1a: Landorus|Intimidate|boost
|-unboost|p2a: Heatran|atk|1
|move|p2a: Heatran|Eruption|p1a: Landorus
|-damage|p1a: Landorus|75/100
|
|-heal|p1a: Landorus|81/100|[from] item: Leftovers
|upkeep
|turn|2
|j| poopypants mcjones
|j|@moondazing
|
|t:|1668178896
|switch|p2a: Zapdos|Zapdos|100/100
|move|p1a: Landorus|U-turn|p2a: Zapdos
|-resisted|p2a: Zapdos
|-damage|p2a: Zapdos|92/100
|
|t:|1668178902
|switch|p1a: Tapu Lele|Tapu Lele|100/100|[from]move: U-turn
|-fieldstart|move: Psychic Terrain|[from] ability: Psychic Surge|[of] p1a: Tapu Lele
|
|upkeep
|turn|3
|
|t:|1668178914
|move|p1a: Tapu Lele|Psyshock|p2a: Zapdos
|-damage|p2a: Zapdos|17/100
|move|p2a: Zapdos|Volt Switch|p1a: Tapu Lele
|-damage|p1a: Tapu Lele|70/100
|j| Synoh
|inactive|miniwester has 120 seconds left.
|j| tapu moxo
|j| yeshahr
|l| tapu moxo
|j| heldmelikeachild
|inactive|miniwester has 90 seconds left.
|
|t:|1668178969
|switch|p2a: Heatran|Heatran, M|48/100|[from]move: Volt Switch
|
|upkeep
|turn|4
|
|t:|1668178978
|switch|p1a: Dragapult|Dragapult, M|100/100
|move|p2a: Heatran|Magma Storm|p1a: Dragapult
|-resisted|p1a: Dragapult
|-damage|p1a: Dragapult|67/100
|-activate|p1a: Dragapult|move: Magma Storm|[of] p2a: Heatran
|
|-damage|p1a: Dragapult|54/100|[from] move: Magma Storm|[partiallytrapped]
|upkeep
|turn|5
|
|t:|1668178994
|switch|p2a: Gastrodon|Gastrodon, F|100/100
|move|p1a: Dragapult|Shadow Ball|p2a: Gastrodon
|-damage|p2a: Gastrodon|64/100
|
|-heal|p2a: Gastrodon|70/100|[from] item: Leftovers
|-end|p1a: Dragapult|Magma Storm|[partiallytrapped]|[silent]
|upkeep
|turn|6
|c| Dopamiin|aaaaa blblbl...
|inactive|miniwester has 90 seconds left.
|j| ty-tyui↻
|
|t:|1668179016
|move|p1a: Dragapult|Shadow Ball|p2a: Gastrodon
|-damage|p2a: Gastrodon|34/100
|-unboost|p2a: Gastrodon|spd|1
|move|p2a: Gastrodon|Toxic|p1a: Dragapult
|-status|p1a: Dragapult|tox
|
|-heal|p2a: Gastrodon|40/100|[from] item: Leftovers
|-damage|p1a: Dragapult|48/100 tox|[from] psn
|-fieldend|move: Psychic Terrain
|upkeep
|turn|7
|
|t:|1668179021
|switch|p2a: Zapdos|Zapdos|17/100
|move|p1a: Dragapult|Shadow Ball|p2a: Zapdos
|-damage|p2a: Zapdos|0 fnt
|faint|p2a: Zapdos
|
|-damage|p1a: Dragapult|36/100 tox|[from] psn
|upkeep
|inactive|miniwester has 90 seconds left.
|c|☆miniwester|that was as tupid play from me
|
|t:|1668179060
|switch|p2a: Kartana|Kartana|100/100
|turn|8
|
|t:|1668179068
|switch|p1a: Landorus|Landorus-Therian, M|81/100
|-ability|p1a: Landorus|Intimidate|boost
|-unboost|p2a: Kartana|atk|1
|move|p2a: Kartana|Knock Off|p1a: Landorus
|-damage|p1a: Landorus|52/100
|-enditem|p1a: Landorus|Leftovers|[from] move: Knock Off|[of] p2a: Kartana
|
|upkeep
|turn|9
|l| poopypants mcjones
|
|t:|1668179076
|switch|p2a: Heatran|Heatran, M|48/100
|move|p1a: Landorus|U-turn|p2a: Heatran
|-resisted|p2a: Heatran
|-damage|p2a: Heatran|43/100
|
|t:|1668179083
|switch|p1a: Tapu Koko|Tapu Koko|91/100|[from]move: U-turn
|-fieldstart|move: Electric Terrain|[from] ability: Electric Surge|[of] p1a: Tapu Koko
|
|upkeep
|turn|10
|
|t:|1668179090
|switch|p2a: Gastrodon|Gastrodon, F|40/100
|move|p1a: Tapu Koko|Volt Switch|p2a: Gastrodon
|-immune|p2a: Gastrodon
|
|-heal|p2a: Gastrodon|46/100|[from] item: Leftovers
|upkeep
|turn|11
|
|t:|1668179095
|move|p1a: Tapu Koko|Grass Knot|p2a: Gastrodon
|-supereffective|p2a: Gastrodon
|-damage|p2a: Gastrodon|0 fnt
|faint|p2a: Gastrodon
|-damage|p1a: Tapu Koko|81/100|[from] item: Life Orb
|
|upkeep
|c|☆miniwester|bro thats evil
|inactive|miniwester has 90 seconds left.
|c|☆BigWes95|Hell yeah
|l| amstan (-_-)
|c|☆BigWes95|Pesky ground types
|c| yeshahr|gastrodon isnt a ground type?
|l| Ondoo
|inactive|miniwester has 60 seconds left.
|l| Dopamiin
|c| siidi|life orb koko hits different
|c|☆BigWes95|Yes it is lol
|c| yeshahr|haha i lured u to say gastrodon is a ground type
|l| yeshahr
|
|t:|1668179162
|switch|p2a: Kartana|Kartana|100/100
|turn|12
|c|☆BigWes95|Cool story bro
|
|t:|1668179169
|switch|p1a: Melmetal|Melmetal|100/100
|move|p2a: Kartana|Leaf Blade|p1a: Melmetal
|-resisted|p1a: Melmetal
|-damage|p1a: Melmetal|81/100
|
|upkeep
|turn|13
|c|☆miniwester|now koko is a big thang
|
|t:|1668179177
|switch|p2a: Slowbro|Slowbro, F|100/100
|move|p1a: Melmetal|Thunder Punch|p2a: Slowbro
|-supereffective|p2a: Slowbro
|-damage|p2a: Slowbro|46/100
|-status|p2a: Slowbro|par
|
|-fieldend|move: Electric Terrain
|upkeep
|turn|14
|
|t:|1668179186
|move|p1a: Melmetal|Thunder Punch|p2a: Slowbro
|-supereffective|p2a: Slowbro
|-damage|p2a: Slowbro|6/100 par
|move|p2a: Slowbro|Fire Blast|p1a: Melmetal
|-supereffective|p1a: Melmetal
|-damage|p1a: Melmetal|29/100
|
|upkeep
|turn|15
|c| siidi|oulala
|
|t:|1668179190
|move|p1a: Melmetal|Thunder Punch|p2a: Slowbro
|-supereffective|p2a: Slowbro
|-damage|p2a: Slowbro|0 fnt
|faint|p2a: Slowbro
|
|upkeep
|
|t:|1668179197
|switch|p2a: Terrakion|Terrakion|100/100
|turn|16
|
|t:|1668179204
|switch|p1a: Dragapult|Dragapult, M|36/100 tox
|move|p2a: Terrakion|Close Combat|p1a: Dragapult
|-immune|p1a: Dragapult
|
|-damage|p1a: Dragapult|30/100 tox|[from] psn
|upkeep
|turn|17
|c|☆miniwester|i like my odds
|c| Synoh|gastro is more toxic than melmetal and clefa
|
|t:|1668179214
|move|p1a: Dragapult|Shadow Ball|p2a: Terrakion
|-damage|p2a: Terrakion|35/100
|move|p2a: Terrakion|Close Combat|p1a: Dragapult
|-immune|p1a: Dragapult
|
|-damage|p1a: Dragapult|18/100 tox|[from] psn
|upkeep
|turn|18
|
|t:|1668179238
|move|p1a: Dragapult|Shadow Ball|p2a: Terrakion
|-damage|p2a: Terrakion|0 fnt
|faint|p2a: Terrakion
|
|-damage|p1a: Dragapult|0 fnt|[from] psn
|faint|p1a: Dragapult
|upkeep
|
|t:|1668179251
|switch|p1a: Landorus|Landorus-Therian, M|52/100
|switch|p2a: Heatran|Heatran, M|43/100
|-ability|p1a: Landorus|Intimidate|boost
|-unboost|p2a: Heatran|atk|1
|turn|19
|
|t:|1668179258
|switch|p1a: Melmetal|Melmetal|29/100
|move|p2a: Heatran|Magma Storm|p1a: Melmetal
|-supereffective|p1a: Melmetal
|-damage|p1a: Melmetal|0 fnt
|faint|p1a: Melmetal
|
|upkeep
|
|t:|1668179260
|switch|p1a: Tapu Koko|Tapu Koko|81/100
|-fieldstart|move: Electric Terrain|[from] ability: Electric Surge|[of] p1a: Tapu Koko
|turn|20
|
|t:|1668179264
|move|p1a: Tapu Koko|Volt Switch|p2a: Heatran
|-damage|p2a: Heatran|0 fnt
|faint|p2a: Heatran
|-damage|p1a: Tapu Koko|71/100|[from] item: Life Orb
|
|t:|1668179272
|switch|p1a: Landorus|Landorus-Therian, M|52/100|[from]move: Volt Switch
|
|upkeep
|
|t:|1668179274
|switch|p2a: Kartana|Kartana|100/100
|turn|21
|
|t:|1668179277
|move|p2a: Kartana|Leaf Blade|p1a: Landorus
|-damage|p1a: Landorus|0 fnt
|faint|p1a: Landorus
|-ability|p2a: Kartana|Beast Boost|boost
|-boost|p2a: Kartana|atk|1
|
|upkeep
|
|t:|1668179282
|switch|p1a: Kartana|Kartana|100/100
|turn|22
|c| siidi|what IV you put on koko?
|
|t:|1668179286
|move|p1a: Kartana|Knock Off|p2a: Kartana
|-damage|p2a: Kartana|59/100
|-enditem|p2a: Kartana|Choice Scarf|[from] move: Knock Off|[of] p1a: Kartana
|move|p2a: Kartana|Leaf Blade|p1a: Kartana
|-resisted|p1a: Kartana
|-damage|p1a: Kartana|76/100
|
|upkeep
|turn|23
|
|t:|1668179291
|move|p1a: Kartana|Knock Off|p2a: Kartana
|-damage|p2a: Kartana|26/100
|move|p2a: Kartana|Sacred Sword|p1a: Kartana
|-supereffective|p1a: Kartana
|-damage|p1a: Kartana|0 fnt
|faint|p1a: Kartana
|-ability|p2a: Kartana|Beast Boost|boost
|-boost|p2a: Kartana|atk|1
|
|upkeep
|
|t:|1668179294
|switch|p1a: Tapu Koko|Tapu Koko|71/100
|turn|24
|
|t:|1668179297
|move|p1a: Tapu Koko|Thunderbolt|p2a: Kartana
|-resisted|p2a: Kartana
|-damage|p2a: Kartana|0 fnt
|faint|p2a: Kartana
|-damage|p1a: Tapu Koko|61/100|[from] item: Life Orb
|
|win|BigWes95
|n|☆BigWes95|bigwes95
|n|☆miniwester|miniwester
|n| PikaYumCute|pikayumcute
|n| SetsuStsna|setsustsna
|n| siidi|siidi
|n| GengarAdept|gengaradept
|n| cypherstest|cypherstest
|n| Jeran 重力|jeran
|n|+moondazing|moondazing
|n| Synoh|synoh
|n| heldmelikeachild|heldmelikeachild
|n| ty-tyui↻|tytyui
