|j|☆Road to 1.7k elo
|j|☆Stimo96
|t:|1658871533
|gametype|singles
|player|p1|Road to 1.7k elo|waiter-gen4|1612
|player|p2|Stimo96|alder|1590
|teamsize|p1|6
|teamsize|p2|6
|gen|8
|tier|[Gen 8] OU
|rated|
|rule|Sleep Clause Mod: Limit one foe put to sleep
|rule|Species Clause: Limit one of each Pokémon
|rule|OHKO Clause: OHKO moves are banned
|rule|Evasion Moves Clause: Evasion moves are banned
|rule|Endless Battle Clause: Forcing endless battles is banned
|rule|HP Percentage Mod: HP is shown in percentages
|rule|Dynamax Clause: You cannot dynamax
|clearpoke
|poke|p1|Ninetales-Alola, F|
|poke|p1|Corviknight, F|
|poke|p1|Blaziken, M|
|poke|p1|Dragapult, F|
|poke|p1|Tapu Fini|
|poke|p1|Garchomp, F|
|poke|p2|Volcarona, M|
|poke|p2|Urshifu-*, M|
|poke|p2|Tapu Koko|
|poke|p2|Corviknight, F|
|poke|p2|Landorus-Therian, M|
|poke|p2|Tapu Fini|
|teampreview
|
|t:|1658871547
|start
|switch|p1a: Ninetales|Ninetales-Alola, F|100/100
|switch|p2a: Volcarona|Volcarona, M, shiny|100/100
|-weather|Hail|[from] ability: Snow Warning|[of] p1a: Ninetales
|turn|1
|inactive|Battle timer is ON: inactive players will automatically lose when time's up. (requested by Stimo96)
|
|t:|1658871554
|move|p1a: Ninetales|Aurora Veil|p1a: Ninetales
|-sidestart|p1: Road to 1.7k elo|move: Aurora Veil
|move|p2a: Volcarona|Quiver Dance|p2a: Volcarona
|-boost|p2a: Volcarona|spa|1
|-boost|p2a: Volcarona|spd|1
|-boost|p2a: Volcarona|spe|1
|
|-weather|Hail|[upkeep]
|-damage|p2a: Volcarona|94/100|[from] Hail
|upkeep
|turn|2
|
|t:|1658871560
|switch|p1a: Tapu Fini|Tapu Fini|100/100
|-fieldstart|move: Misty Terrain|[from] ability: Misty Surge|[of] p1a: Tapu Fini
|move|p2a: Volcarona|Flamethrower|p1a: Tapu Fini
|-resisted|p1a: Tapu Fini
|-damage|p1a: Tapu Fini|84/100
|
|-weather|Hail|[upkeep]
|-damage|p2a: Volcarona|88/100|[from] Hail
|-damage|p1a: Tapu Fini|78/100|[from] Hail
|-heal|p1a: Tapu Fini|84/100|[from] item: Leftovers
|upkeep
|turn|3
|
|t:|1658871575
|switch|p2a: Tapu Koko|Tapu Koko|100/100
|-fieldstart|move: Electric Terrain|[from] ability: Electric Surge|[of] p2a: Tapu Koko
|move|p1a: Tapu Fini|Calm Mind|p1a: Tapu Fini
|-boost|p1a: Tapu Fini|spa|1
|-boost|p1a: Tapu Fini|spd|1
|
|-weather|Hail|[upkeep]
|-damage|p2a: Tapu Koko|94/100|[from] Hail
|-damage|p1a: Tapu Fini|78/100|[from] Hail
|-heal|p1a: Tapu Fini|84/100|[from] item: Leftovers
|upkeep
|turn|4
|
|t:|1658871586
|move|p2a: Tapu Koko|Thunderbolt|p1a: Tapu Fini
|-supereffective|p1a: Tapu Fini
|-damage|p1a: Tapu Fini|57/100
|move|p1a: Tapu Fini|Calm Mind|p1a: Tapu Fini
|-boost|p1a: Tapu Fini|spa|1
|-boost|p1a: Tapu Fini|spd|1
|
|-weather|Hail|[upkeep]
|-damage|p2a: Tapu Koko|88/100|[from] Hail
|-damage|p1a: Tapu Fini|51/100|[from] Hail
|-heal|p1a: Tapu Fini|57/100|[from] item: Leftovers
|upkeep
|turn|5
|
|t:|1658871595
|move|p2a: Tapu Koko|Thunderbolt|p1a: Tapu Fini
|-supereffective|p1a: Tapu Fini
|-damage|p1a: Tapu Fini|38/100
|move|p1a: Tapu Fini|Draining Kiss|p2a: Tapu Koko
|-damage|p2a: Tapu Koko|25/100
|-heal|p1a: Tapu Fini|77/100|[from] drain|[of] p2a: Tapu Koko
|
|-weather|none
|-heal|p1a: Tapu Fini|83/100|[from] item: Leftovers
|upkeep
|turn|6
|
|t:|1658871607
|move|p2a: Tapu Koko|Thunderbolt|p1a: Tapu Fini
|-supereffective|p1a: Tapu Fini
|-damage|p1a: Tapu Fini|62/100
|move|p1a: Tapu Fini|Calm Mind|p1a: Tapu Fini
|-boost|p1a: Tapu Fini|spa|1
|-boost|p1a: Tapu Fini|spd|1
|
|-heal|p1a: Tapu Fini|69/100|[from] item: Leftovers
|upkeep
|turn|7
|
|t:|1658871615
|move|p2a: Tapu Koko|Thunderbolt|p1a: Tapu Fini
|-supereffective|p1a: Tapu Fini
|-damage|p1a: Tapu Fini|53/100
|move|p1a: Tapu Fini|Calm Mind|p1a: Tapu Fini
|-boost|p1a: Tapu Fini|spa|1
|-boost|p1a: Tapu Fini|spd|1
|
|-heal|p1a: Tapu Fini|60/100|[from] item: Leftovers
|-fieldend|move: Electric Terrain
|upkeep
|turn|8
|
|t:|1658871624
|move|p2a: Tapu Koko|Thunderbolt|p1a: Tapu Fini
|-supereffective|p1a: Tapu Fini
|-damage|p1a: Tapu Fini|49/100
|move|p1a: Tapu Fini|Draining Kiss|p2a: Tapu Koko
|-damage|p2a: Tapu Koko|0 fnt
|-heal|p1a: Tapu Fini|64/100|[from] drain|[of] p2a: Tapu Koko
|faint|p2a: Tapu Koko
|
|-heal|p1a: Tapu Fini|70/100|[from] item: Leftovers
|-sideend|p1: Road to 1.7k elo|move: Aurora Veil
|upkeep
|-message|Stimo96 forfeited.
|
|win|Road to 1.7k elo
|raw|Road to 1.7k elo's rating: 1612 &rarr; <strong>1631</strong><br />(+19 for winning)
|raw|Stimo96's rating: 1590 &rarr; <strong>1571</strong><br />(-19 for losing)
|l|☆Stimo96
||Ladder isn't responding, score probably updated but might not have (Request timeout).
