|j|☆8balljacketguy
|j|☆actually god
|t:|1648365052
|gametype|singles
|player|p1|8balljacketguy|red|1325
|player|p2|actually god|youngn|1362
|teamsize|p1|6
|teamsize|p2|6
|gen|8
|tier|[Gen 8] OU
|rated|
|rule|Sleep Clause Mod: Limit one foe put to sleep
|rule|Species Clause: Limit one of each Pokémon
|rule|OHKO Clause: OHKO moves are banned
|rule|Evasion Moves Clause: Evasion moves are banned
|rule|Endless Battle Clause: Forcing endless battles is banned
|rule|HP Percentage Mod: HP is shown in percentages
|rule|Dynamax Clause: You cannot dynamax
|clearpoke
|poke|p1|Dragapult, F|
|poke|p1|Moltres-Galar|
|poke|p1|Weavile, F|
|poke|p1|Conkeldurr, M|
|poke|p1|Volcarona, F|
|poke|p1|Ninetales-Alola, F|
|poke|p2|Clefable, F|
|poke|p2|Magnezone|
|poke|p2|Haxorus, F|
|poke|p2|Landorus-Therian, M|
|poke|p2|Slowking, M|
|poke|p2|Weavile, M|
|teampreview
|inactive|Battle timer is ON: inactive players will automatically lose when time's up. (requested by 8balljacketguy)
|
|t:|1648365070
|start
|switch|p1a: Conkeldurr|Conkeldurr, M|100/100
|switch|p2a: Clefable|Clefable, F|100/100
|turn|1
|
|t:|1648365081
|switch|p1a: Ninetales|Ninetales-Alola, F|100/100
|-weather|Hail|[from] ability: Snow Warning|[of] p1a: Ninetales
|move|p2a: Clefable|Moonblast|p1a: Ninetales
|-damage|p1a: Ninetales|49/100
|
|-weather|Hail|[upkeep]
|upkeep
|turn|2
|
|t:|1648365109
|move|p1a: Ninetales|Aurora Veil|p1a: Ninetales
|-sidestart|p1: 8balljacketguy|move: Aurora Veil
|move|p2a: Clefable|Moonblast|p1a: Ninetales
|-damage|p1a: Ninetales|26/100
|-unboost|p1a: Ninetales|spa|1
|
|-weather|Hail|[upkeep]
|upkeep
|turn|3
|
|t:|1648365113
|move|p1a: Ninetales|Hypnosis|p2a: Clefable|[miss]
|-miss|p1a: Ninetales|p2a: Clefable
|move|p2a: Clefable|Calm Mind|p2a: Clefable
|-boost|p2a: Clefable|spa|1
|-boost|p2a: Clefable|spd|1
|
|-weather|Hail|[upkeep]
|upkeep
|turn|4
|
|t:|1648365124
|move|p1a: Ninetales|Hypnosis|p2a: Clefable|[miss]
|-miss|p1a: Ninetales|p2a: Clefable
|move|p2a: Clefable|Calm Mind|p2a: Clefable
|-boost|p2a: Clefable|spa|1
|-boost|p2a: Clefable|spd|1
|
|-weather|Hail|[upkeep]
|upkeep
|turn|5
|
|t:|1648365125
|move|p1a: Ninetales|Hypnosis|p2a: Clefable
|-status|p2a: Clefable|slp|[from] move: Hypnosis
|cant|p2a: Clefable|slp
|
|-weather|none
|upkeep
|turn|6
|
|t:|1648365129
|switch|p1a: Conkeldurr|Conkeldurr, M|100/100
|-curestatus|p2a: Clefable|slp|[msg]
|move|p2a: Clefable|Calm Mind|p2a: Clefable
|-boost|p2a: Clefable|spa|1
|-boost|p2a: Clefable|spd|1
|
|-status|p1a: Conkeldurr|brn|[from] item: Flame Orb
|upkeep
|turn|7
|
|t:|1648365132
|move|p2a: Clefable|Moonblast|p1a: Conkeldurr
|-supereffective|p1a: Conkeldurr
|-damage|p1a: Conkeldurr|0 fnt
|faint|p1a: Conkeldurr
|
|upkeep
|
|t:|1648365135
|switch|p1a: Ninetales|Ninetales-Alola, F|26/100
|-weather|Hail|[from] ability: Snow Warning|[of] p1a: Ninetales
|turn|8
|
|t:|1648365139
|move|p1a: Ninetales|Hypnosis|p2a: Clefable
|-status|p2a: Clefable|slp|[from] move: Hypnosis
|cant|p2a: Clefable|slp
|
|-weather|Hail|[upkeep]
|upkeep
|turn|9
|n|!8balljacketguy|8balljacketguy
|inactive|8balljacketguy has 120 seconds left.
|-message|8balljacketguy forfeited.
|
|win|actually god
|raw|8balljacketguy's rating: 1325 &rarr; <strong>1307</strong><br />(-18 for losing)
|raw|actually god's rating: 1362 &rarr; <strong>1380</strong><br />(+18 for winning)
|l|!8balljacketguy
