|j|☆Contorted Lies
|j|☆Skip The Drip
|t:|1606426158
|player|p1|Contorted Lies|101|2027
|player|p2|Skip The Drip|265|1901
|teamsize|p1|6
|teamsize|p2|6
|gametype|singles
|gen|8
|tier|[Gen 8] OU
|rated|
|clearpoke
|poke|p1|Weavile, M|
|poke|p1|Urshifu-*, M|
|poke|p1|Magearna|
|poke|p1|Moltres|
|poke|p1|Hippowdon, M|
|poke|p1|Toxapex, F|
|poke|p2|Blissey, F|
|poke|p2|Pheromosa|
|poke|p2|Tapu Lele|
|poke|p2|Excadrill, M|
|poke|p2|Slowbro, F|
|poke|p2|Mandibuzz, F|
|rule|Sleep Clause Mod: Limit one foe put to sleep
|rule|Species Clause: Limit one of each Pokémon
|rule|OHKO Clause: OHKO moves are banned
|rule|Evasion Moves Clause: Evasion moves are banned
|rule|Endless Battle Clause: Forcing endless battles is banned
|rule|HP Percentage Mod: HP is shown in percentages
|rule|Dynamax Clause: You cannot dynamax
|teampreview
|j| Devon
|inactive|Battle timer is ON: inactive players will automatically lose when time's up. (requested by Skip The Drip)
|j| 34n35
|j| tigers jaw
|
|t:|1606426176
|start
|switch|p1a: Urshifu|Urshifu, M|100/100
|switch|p2a: Pheromosa|Pheromosa|100/100
|turn|1
|j| 0 TO 1500 B)
|
|t:|1606426181
|switch|p2a: Mandibuzz|Mandibuzz, F|100/100
|switch|p1a: Toxapex|Toxapex, F|100/100
|
|upkeep
|turn|2
|j| BrickBoom
|l| 0 TO 1500 B)
|
|t:|1606426187
|move|p2a: Mandibuzz|U-turn|p1a: Toxapex
|-resisted|p1a: Toxapex
|-damage|p1a: Toxapex|97/100
|j| hujiaobing
|j| Zombini62
|
|t:|1606426192
|switch|p2a: Slowbro|Slowbro, F|100/100|[from]move: U-turn
|move|p1a: Toxapex|Knock Off|p2a: Slowbro
|-supereffective|p2a: Slowbro
|-damage|p2a: Slowbro|84/100
|-enditem|p2a: Slowbro|Heavy-Duty Boots|[from] move: Knock Off|[of] p1a: Toxapex
|
|-heal|p1a: Toxapex|100/100|[from] item: Black Sludge
|upkeep
|turn|3
|
|t:|1606426194
|move|p1a: Toxapex|Toxic Spikes|p2a: Slowbro
|-sidestart|p2: Skip The Drip|move: Toxic Spikes
|move|p2a: Slowbro|Future Sight|p1a: Toxapex
|-start|p2a: Slowbro|move: Future Sight
|
|upkeep
|turn|4
|j| Von Manstein
|
|t:|1606426202
|move|p1a: Toxapex|Toxic Spikes|p2a: Slowbro
|-sidestart|p2: Skip The Drip|move: Toxic Spikes
|move|p2a: Slowbro|Teleport|p2a: Slowbro
|
|t:|1606426205
|switch|p2a: Excadrill|Excadrill, M|100/100|[from]move: Teleport
|-ability|p2a: Excadrill|Mold Breaker
|
|upkeep
|turn|5
|j| andrethagiiant
|
|t:|1606426211
|switch|p1a: Hippowdon|Hippowdon, M|100/100
|-weather|Sandstorm|[from] ability: Sand Stream|[of] p1a: Hippowdon
|move|p2a: Excadrill|Rapid Spin|p1a: Hippowdon
|-damage|p1a: Hippowdon|90/100
|-boost|p2a: Excadrill|spe|1
|-sideend|p2: Skip The Drip|Toxic Spikes|[from] move: Rapid Spin|[of] p2a: Excadrill
|
|-weather|Sandstorm|[upkeep]
|-end|p1a: Hippowdon|move: Future Sight
|-damage|p1a: Hippowdon|59/100
|-heal|p1a: Hippowdon|65/100|[from] item: Leftovers
|upkeep
|turn|6
|j| Culamen
|
|t:|1606426220
|move|p2a: Excadrill|Stealth Rock|p1a: Hippowdon
|-sidestart|p1: Contorted Lies|move: Stealth Rock
|move|p1a: Hippowdon|Slack Off|p1a: Hippowdon
|-heal|p1a: Hippowdon|100/100
|
|-weather|Sandstorm|[upkeep]
|upkeep
|turn|7
|
|t:|1606426223
|switch|p2a: Slowbro|Slowbro, F|100/100
|move|p1a: Hippowdon|Stealth Rock|p2a: Slowbro
|-sidestart|p2: Skip The Drip|move: Stealth Rock
|
|-weather|Sandstorm|[upkeep]
|-damage|p2a: Slowbro|94/100|[from] Sandstorm
|upkeep
|turn|8
|
|t:|1606426226
|move|p1a: Hippowdon|Toxic|p2a: Slowbro
|-status|p2a: Slowbro|tox
|move|p2a: Slowbro|Scald|p1a: Hippowdon
|-supereffective|p1a: Hippowdon
|-crit|p1a: Hippowdon
|-damage|p1a: Hippowdon|43/100
|
|-weather|Sandstorm|[upkeep]
|-damage|p2a: Slowbro|88/100 tox|[from] Sandstorm
|-heal|p1a: Hippowdon|50/100|[from] item: Leftovers
|-damage|p2a: Slowbro|82/100 tox|[from] psn
|upkeep
|turn|9
|j| huan deeg sev
|
|t:|1606426236
|move|p1a: Hippowdon|Slack Off|p1a: Hippowdon
|-heal|p1a: Hippowdon|99/100
|move|p2a: Slowbro|Future Sight|p1a: Hippowdon
|-start|p2a: Slowbro|move: Future Sight
|
|-weather|none
|-heal|p1a: Hippowdon|100/100|[from] item: Leftovers
|-damage|p2a: Slowbro|70/100 tox|[from] psn
|upkeep
|turn|10
|j| The Unlucky Player
|
|t:|1606426244
|switch|p1a: Magearna|Magearna|100/100
|-damage|p1a: Magearna|95/100|[from] Stealth Rock
|move|p2a: Slowbro|Teleport|p2a: Slowbro
|
|t:|1606426248
|switch|p2a: Pheromosa|Pheromosa|100/100|[from]move: Teleport
|-damage|p2a: Pheromosa|88/100|[from] Stealth Rock
|
|upkeep
|turn|11
|j| Nathx33
|j| Boi 240
|inactive|Contorted Lies has 120 seconds left.
|l| Culamen
|j| blackdarkness1
|inactive|Contorted Lies has 90 seconds left.
|l| blackdarkness1
|inactive|Contorted Lies has 60 seconds left.
|inactive|Contorted Lies has 30 seconds left.
|j| weavile reqs
|inactive|Contorted Lies has 20 seconds left.
|inactive|Contorted Lies has 15 seconds left.
|inactive|Contorted Lies has 10 seconds left.
|inactive|Contorted Lies has 5 seconds left.
|-message|Contorted Lies lost due to inactivity.
|
|win|Skip The Drip
|j| AdamL6012
|l| Devon
|l| Von Manstein
|c|☆Skip The Drip|we take those
|l| Nathx33
|l|☆Skip The Drip
|l| andrethagiiant
|l| tigers jaw
|l| weavile reqs
|l| BrickBoom
