|raw|<div class="broadcast-blue"><strong>This battle is required to be public due to a player having a name prefixed by 'LT71LX'.</div>
|j|☆LT71LX REDDIT
|j|☆LT71LX John W
|t:|1597355202
|player|p1|LT71LX REDDIT|ethan|2162
|player|p2|LT71LX John W|cyclistf-gen4|2162
|teamsize|p1|6
|teamsize|p2|6
|gametype|singles
|gen|8
|tier|[Gen 8] OU
|rated|
|clearpoke
|poke|p1|Clefable, M|
|poke|p1|Rotom-Heat|
|poke|p1|Primarina, F|
|poke|p1|Bisharp, F|
|poke|p1|Skarmory, M|
|poke|p1|Zeraora|
|poke|p2|Jirachi|
|poke|p2|Ditto|
|poke|p2|Blissey, F|
|poke|p2|Toxapex, M|
|poke|p2|Corviknight, F|
|poke|p2|Clefable, F|
|rule|Sleep Clause Mod: Limit one foe put to sleep
|rule|Species Clause: Limit one of each Pokémon
|rule|OHKO Clause: OHKO moves are banned
|rule|Evasion Moves Clause: Evasion moves are banned
|rule|Endless Battle Clause: Forcing endless battles is banned
|rule|HP Percentage Mod: HP is shown in percentages
|rule|Dynamax Clause: You cannot dynamax
|teampreview
|j| lt71lx tace
|j| ez
|j| 64 squares
|j| LT71LX Luthier
|j| Mannat
|j| BoomBoomBoo
|j| LT71LX rinn
|j| Lucardinho
|j| LT71LX TSAU
|j|+Cdumas
|j| Miononda
|j| mofuke
|j| Enzo Gorlami
|j| LT71LX Shiif
|c|☆LT71LX John W|hf
|j| StickerBrush Symph
|j| quiescent
|j| Destro16
|c|☆LT71LX REDDIT|u2
|j| HiroZ
|j| gb uu alt
|j| tsukasa yuzaki
|j| tinyglasses
|j| Gulf of Georgia
|j| anyoldcardtable
|j| Ikame2lose
|j| Jaajgko
|j| LT71LX bebo
|j| macho asdfqwert
|j| Leo
|j| Bloody alfa
|j| cursedstar
|j| plays rancias
|j| DTGGANT
|j| MikeyDUBS
|j| Keldeo schmeldeo
|j| TuanNguyen
|j| lt71lx empo
|j| PepeDuce
|j| cleann
|j| OUTU Hide And Seek
|j| whyad
|j| Dylanronpa
|j| mad goonery
|j| autumn trees
|j| Sley044
|j| S-Baleno
|j|+ShinyAzelf
|j| vani
|j| Chapoa
|j| LT71LX Jyt
|j| Lunarr
|j| Arnaud Senju vgc
|j| ayevon
|
|t:|1597355266
|start
|switch|p1a: Clefable|Clefable, M|100/100
|switch|p2a: Clefable|Clefable, F|100/100
|turn|1
|j| drftgyhujutfuh
|j| OUTU Neymar
|inactive|Battle timer is ON: inactive players will automatically lose when time's up. (requested by LT71LX REDDIT)
|j| ShadowPork
|j| OnePumpChump69
|j| outu23
|j| DNNP
|
|t:|1597355282
|switch|p2a: Blissey|Blissey, F|100/100
|move|p1a: Clefable|Thunder Wave|p2a: Blissey
|-status|p2a: Blissey|par
|
|upkeep
|turn|2
|j| jhijbjijbjjb
|
|t:|1597355289
|move|p1a: Clefable|Stealth Rock|p2a: Blissey
|-sidestart|p2: LT71LX John W|move: Stealth Rock
|move|p2a: Blissey|Seismic Toss|p1a: Clefable
|-damage|p1a: Clefable|75/100
|
|-heal|p1a: Clefable|81/100|[from] item: Leftovers
|upkeep
|turn|3
|j| Yuic
|j| LT71LX Sam
|j| bz2twz
|j| VvvV1250
|j| storm zone
|j| good things come
|j| Theo Mani Fan Club
|j| Livio ElTito
|
|t:|1597355299
|switch|p1a: Skarmory|Skarmory, M|100/100
|cant|p2a: Blissey|par
|
|upkeep
|turn|4
|l| jhijbjijbjjb
|j| wyn
|j| LSDKJFGH
|j| QuilavaBest
|
|t:|1597355306
|switch|p1a: Rotom|Rotom-Heat|100/100
|switch|p2a: Corviknight|Corviknight, F|100/100
|-damage|p2a: Corviknight|88/100|[from] Stealth Rock
|-ability|p2a: Corviknight|Pressure
|
|upkeep
|turn|5
|j| sup kid
|
|t:|1597355313
|move|p1a: Rotom|Volt Switch|p2a: Corviknight
|-supereffective|p2a: Corviknight
|-damage|p2a: Corviknight|37/100
|j| CDNThe3rd
|
|t:|1597355316
|switch|p1a: Zeraora|Zeraora|100/100|[from]move: Volt Switch
|move|p2a: Corviknight|Roost|p2a: Corviknight
|-heal|p2a: Corviknight|87/100
|-singleturn|p2a: Corviknight|move: Roost
|
|upkeep
|turn|6
|j| Vertex
|j| Serpi n_n
|j| Chiori Mikami
|j| pzowmx
|
|t:|1597355323
|switch|p2a: Clefable|Clefable, F|100/100
|move|p1a: Zeraora|Plasma Fists|p2a: Clefable
|-damage|p2a: Clefable|65/100
|-fieldactivate|move: Ion Deluge
|
|-heal|p2a: Clefable|71/100|[from] item: Leftovers
|upkeep
|turn|7
|j| Devil Patchy
|j| SuperEpicAmpharos
|l| OUTU Neymar
|
|t:|1597355341
|move|p1a: Zeraora|Volt Switch|p2a: Clefable
|-damage|p2a: Clefable|49/100
|j| LowGxeDoritos
|
|t:|1597355345
|switch|p1a: Bisharp|Bisharp, F|100/100|[from]move: Volt Switch
|move|p2a: Clefable|Knock Off|p1a: Bisharp
|-resisted|p1a: Bisharp
|-damage|p1a: Bisharp|92/100
|-enditem|p1a: Bisharp|Black Glasses|[from] move: Knock Off|[of] p2a: Clefable
|
|-heal|p2a: Clefable|55/100|[from] item: Leftovers
|upkeep
|turn|8
|l| LowGxeDoritos
|j|+false
|l| lt71lx empo
|
|t:|1597355361
|switch|p1a: Rotom|Rotom-Heat|100/100
|move|p2a: Clefable|Soft-Boiled|p2a: Clefable
|-heal|p2a: Clefable|100/100
|
|upkeep
|turn|9
|l| Keldeo schmeldeo
|j| Zaettsu
|
|t:|1597355369
|move|p1a: Rotom|Volt Switch|p2a: Clefable
|-damage|p2a: Clefable|79/100
|
|t:|1597355372
|switch|p1a: Bisharp|Bisharp, F|92/100|[from]move: Volt Switch
|move|p2a: Clefable|Stealth Rock|p1a: Bisharp
|-sidestart|p1: LT71LX REDDIT|move: Stealth Rock
|
|-heal|p2a: Clefable|85/100|[from] item: Leftovers
|upkeep
|turn|10
|j| serlandy
|l| MikeyDUBS
|j| xray
|j| Sablolol
|
|t:|1597355381
|switch|p1a: Rotom|Rotom-Heat|100/100
|switch|p2a: Toxapex|Toxapex, M|100/100
|-damage|p2a: Toxapex|88/100|[from] Stealth Rock
|
|upkeep
|turn|11
|
|t:|1597355387
|move|p1a: Rotom|Volt Switch|p2a: Toxapex
|-supereffective|p2a: Toxapex
|-damage|p2a: Toxapex|49/100
|
|t:|1597355394
|switch|p1a: Clefable|Clefable, M|81/100|[from]move: Volt Switch
|move|p2a: Toxapex|Knock Off|p1a: Clefable
|-resisted|p1a: Clefable
|-damage|p1a: Clefable|75/100
|-enditem|p1a: Clefable|Leftovers|[from] move: Knock Off|[of] p2a: Toxapex
|
|upkeep
|turn|12
|j| Commando 55
|
|t:|1597355413
|switch|p1a: Zeraora|Zeraora|100/100
|switch|p2a: Blissey|Blissey, F|100/100
|
|upkeep
|turn|13
|j| lt71lx kingpin
|j| Spl4sh
|j| ArcticBreezeX
|
|t:|1597355427
|switch|p2a: Clefable|Clefable, F|85/100
|move|p1a: Zeraora|Knock Off|p2a: Clefable
|-resisted|p2a: Clefable
|-crit|p2a: Clefable
|-damage|p2a: Clefable|67/100
|-enditem|p2a: Clefable|Leftovers|[from] move: Knock Off|[of] p1a: Zeraora
|
|upkeep
|turn|14
|l| Spl4sh
|
|t:|1597355431
|move|p1a: Zeraora|Volt Switch|p2a: Clefable
|-damage|p2a: Clefable|47/100
|l| Bloody alfa
|
|t:|1597355433
|switch|p1a: Bisharp|Bisharp, F|92/100|[from]move: Volt Switch
|-damage|p1a: Bisharp|85/100|[from] Stealth Rock
|move|p2a: Clefable|Soft-Boiled|p2a: Clefable
|-heal|p2a: Clefable|97/100
|
|upkeep
|turn|15
|l| Arnaud Senju vgc
|j| outu so done
|
|t:|1597355439
|switch|p2a: Corviknight|Corviknight, F|87/100
|-damage|p2a: Corviknight|75/100|[from] Stealth Rock
|-ability|p2a: Corviknight|Pressure
|move|p1a: Bisharp|Swords Dance|p1a: Bisharp
|-boost|p1a: Bisharp|atk|2
|
|upkeep
|turn|16
|j| best interest
|j| asdfsadfgsdfa
|j| JFCope
|j| LT71LX VTFroakies
|l| Lucardinho
|
|t:|1597355472
|switch|p1a: Rotom|Rotom-Heat|100/100
|move|p2a: Corviknight|Roost|p2a: Corviknight
|-heal|p2a: Corviknight|100/100
|-singleturn|p2a: Corviknight|move: Roost
|
|upkeep
|turn|17
|j| adfsudfnsds3333
|
|t:|1597355480
|switch|p2a: Blissey|Blissey, F|100/100
|move|p1a: Rotom|Volt Switch|p2a: Blissey
|-damage|p2a: Blissey|91/100
|j| xDarkio
|j| Bowlii
|j| jej idiota
|
|t:|1597355489
|switch|p1a: Bisharp|Bisharp, F|85/100|[from]move: Volt Switch
|-damage|p1a: Bisharp|79/100|[from] Stealth Rock
|
|upkeep
|turn|18
|
|t:|1597355493
|switch|p2a: Corviknight|Corviknight, F|100/100
|-damage|p2a: Corviknight|88/100|[from] Stealth Rock
|-ability|p2a: Corviknight|Pressure
|move|p1a: Bisharp|Swords Dance|p1a: Bisharp
|-boost|p1a: Bisharp|atk|2
|
|upkeep
|turn|19
|
|t:|1597355497
|switch|p1a: Rotom|Rotom-Heat|100/100
|move|p2a: Corviknight|Body Press|p1a: Rotom
|-damage|p1a: Rotom|71/100
|
|upkeep
|turn|20
|j| LT71LX Newal
|l| LT71LX rinn
|j| YUZMV
|j| LT71LX Bluxbaby
|c| Chapoa|Reddit ure too hot
|
|t:|1597355520
|switch|p2a: Blissey|Blissey, F|91/100
|move|p1a: Rotom|Volt Switch|p2a: Blissey
|-damage|p2a: Blissey|81/100
|
|t:|1597355523
|switch|p1a: Bisharp|Bisharp, F|79/100|[from]move: Volt Switch
|-damage|p1a: Bisharp|73/100|[from] Stealth Rock
|
|upkeep
|turn|21
|j| nkl x
|l| Commando 55
|
|t:|1597355533
|switch|p2a: Corviknight|Corviknight, F|88/100
|-damage|p2a: Corviknight|76/100|[from] Stealth Rock
|-ability|p2a: Corviknight|Pressure
|move|p1a: Bisharp|Swords Dance|p1a: Bisharp
|-boost|p1a: Bisharp|atk|2
|
|upkeep
|turn|22
|
|t:|1597355538
|move|p1a: Bisharp|Knock Off|p2a: Corviknight
|-damage|p2a: Corviknight|13/100
|-enditem|p2a: Corviknight|Shed Shell|[from] move: Knock Off|[of] p1a: Bisharp
|move|p2a: Corviknight|Roost|p2a: Corviknight
|-heal|p2a: Corviknight|63/100
|-singleturn|p2a: Corviknight|move: Roost
|
|upkeep
|turn|23
|l| LT71LX bebo
|j| Commando 55
|j| r/chonkers
|j| Boulicrok
|
|t:|1597355551
|move|p1a: Bisharp|Iron Head|p2a: Corviknight
|-resisted|p2a: Corviknight
|-damage|p2a: Corviknight|38/100
|cant|p2a: Corviknight|flinch
|
|upkeep
|turn|24
|j| Mighty Dagon (<.<)
|c|☆LT71LX John W|come
|c|☆LT71LX John W|on
|c| Chapoa|Nice
|c|☆LT71LX John W|this is a fucking joke
|j| Specs KING
|j| Typhlosion08
|c| LT71LX VTFroakies|...
|j| D0n Ram0n
|inactive|LT71LX John W has 120 seconds left.
|c| Sablolol|ofc lul
|c| D0n Ram0n|Trankilen john weyn
|l| Zaettsu
|j| Bdlc
|l| asdfsadfgsdfa
|
|t:|1597355605
|move|p1a: Bisharp|Knock Off|p2a: Corviknight
|-damage|p2a: Corviknight|0 fnt
|faint|p2a: Corviknight
|
|upkeep
|
|t:|1597355607
|switch|p2a: Ditto|Ditto, shiny|100/100
|-damage|p2a: Ditto|88/100|[from] Stealth Rock
|-transform|p2a: Ditto|p1a: Bisharp|[from] ability: Imposter
|turn|25
|j| Saltompero
|j| RNN YasuKe
|j| Mara Sattei
|j| EzioGreggioWaifu
|inactive|LT71LX REDDIT has 120 seconds left.
|
|t:|1597355642
|move|p2a: Ditto|Iron Head|p1a: Bisharp
|-resisted|p1a: Bisharp
|-damage|p1a: Bisharp|22/100
|move|p1a: Bisharp|Iron Head|p2a: Ditto
|-resisted|p2a: Ditto
|-damage|p2a: Ditto|38/100
|
|upkeep
|turn|26
|inactive|LT71LX REDDIT has 120 seconds left.
|
|t:|1597355649
|switch|p2a: Toxapex|Toxapex, M|82/100
|-damage|p2a: Toxapex|69/100|[from] Stealth Rock
|move|p1a: Bisharp|Sucker Punch||[still]
|-fail|p1a: Bisharp
|
|upkeep
|turn|27
|inactive|LT71LX John W has 120 seconds left.
|l| QuilavaBest
|
|t:|1597355674
|switch|p2a: Ditto|Ditto, shiny|38/100
|-damage|p2a: Ditto|25/100|[from] Stealth Rock
|-transform|p2a: Ditto|p1a: Bisharp|[from] ability: Imposter
|move|p1a: Bisharp|Knock Off|p2a: Ditto
|-resisted|p2a: Ditto
|-damage|p2a: Ditto|0 fnt
|-enditem|p2a: Ditto|Choice Scarf|[from] move: Knock Off|[of] p1a: Bisharp
|faint|p2a: Ditto
|
|upkeep
|
|t:|1597355677
|switch|p2a: Jirachi|Jirachi|100/100
|-damage|p2a: Jirachi|94/100|[from] Stealth Rock
|turn|28
|
|t:|1597355688
|move|p2a: Jirachi|Substitute|p2a: Jirachi
|-start|p2a: Jirachi|Substitute
|-damage|p2a: Jirachi|69/100
|move|p1a: Bisharp|Knock Off|p2a: Jirachi
|-supereffective|p2a: Jirachi
|-end|p2a: Jirachi|Substitute
|
|-heal|p2a: Jirachi|75/100|[from] item: Leftovers
|upkeep
|turn|29
|j| GOATDON
|
|t:|1597355693
|move|p1a: Bisharp|Sucker Punch|p2a: Jirachi
|-supereffective|p2a: Jirachi
|-damage|p2a: Jirachi|0 fnt
|faint|p2a: Jirachi
|
|upkeep
|c| adfsudfnsds3333|?lololol
|-message|LT71LX John W forfeited.
|
|win|LT71LX REDDIT
|c| Chapoa|Lmao
|l| Specs KING
|l| best interest
|l| GOATDON
|l|+false
|c| adfsudfnsds3333|OO__OO
|c| Chapoa|Rekt
|l| plays rancias
|l| lt71lx tace
|l| outu so done
|l| Mara Sattei
|l| Mannat
|l| good things come
|l| mad goonery
|l| Enzo Gorlami
|c| LT71LX Sam|"rekt"
|l| adfsudfnsds3333
|l| Ikame2lose
|l| LSDKJFGH
|l| LT71LX Sam
|l| VvvV1250
|l| SuperEpicAmpharos
|l| BoomBoomBoo
|l| Devil Patchy
|l| Commando 55
|l| macho asdfqwert
|l| Livio ElTito
|l| LT71LX Luthier
|l| 64 squares
|c| Chapoa|Cool word isnt it
|l| Gulf of Georgia
|l| jej idiota
|l| S-Baleno
|l| ArcticBreezeX
|l| quiescent
|l| Bdlc
|j| LT71LX Kappucci
|l| storm zone
|l| DTGGANT
|l| ez
|l| Vertex
|l| xDarkio
|l| Serpi n_n
|raw|LT71LX REDDIT's rating: 2163 &rarr; <strong>2183</strong><br />(+20 for winning)
|raw|LT71LX John W's rating: 2162 &rarr; <strong>2142</strong><br />(-20 for losing)
|l| HiroZ
