|j|☆Stads
|j|☆Saimasseuh v8
|t:|1667321333
|gametype|singles
|player|p1|Stads|265|1840
|player|p2|Saimasseuh v8|169|1890
|teamsize|p1|6
|teamsize|p2|6
|gen|8
|tier|[Gen 8] OU
|rated|
|rule|Sleep Clause Mod: Limit one foe put to sleep
|rule|Species Clause: Limit one of each Pokémon
|rule|OHKO Clause: OHKO moves are banned
|rule|Evasion Items Clause: Evasion items are banned
|rule|Evasion Moves Clause: Evasion moves are banned
|rule|Endless Battle Clause: Forcing endless battles is banned
|rule|HP Percentage Mod: HP is shown in percentages
|rule|Dynamax Clause: You cannot dynamax
|clearpoke
|poke|p1|Tornadus-Therian, M|
|poke|p1|Corviknight, M|
|poke|p1|Kartana|
|poke|p1|Toxapex, M|
|poke|p1|Hippowdon, F|
|poke|p1|Heatran, M|
|poke|p2|Dragapult, F|
|poke|p2|Ferrothorn, M|
|poke|p2|Heatran, F|
|poke|p2|Nidoking, M|
|poke|p2|Tapu Lele|
|poke|p2|Landorus-Therian, M|
|teampreview
|
|t:|1667321348
|start
|switch|p1a: Tornadus|Tornadus-Therian, M|100/100
|switch|p2a: Landorus|Landorus-Therian, M|100/100
|-ability|p2a: Landorus|Intimidate|boost
|-unboost|p1a: Tornadus|atk|1
|turn|1
|j| lalelosido
|inactive|Battle timer is ON: inactive players will automatically lose when time's up. (requested by Saimasseuh v8)
|
|t:|1667321354
|move|p1a: Tornadus|U-turn|p2a: Landorus
|-resisted|p2a: Landorus
|-damage|p2a: Landorus|97/100
|-damage|p1a: Tornadus|84/100|[from] item: Rocky Helmet|[of] p2a: Landorus
|
|t:|1667321355
|switch|p1a: Corviknight|Corviknight, M|100/100|[from]move: U-turn
|-ability|p1a: Corviknight|Pressure
|move|p2a: Landorus|Toxic|p1a: Corviknight
|-immune|p1a: Corviknight
|
|upkeep
|turn|2
|j| Jpoxferd
|j| anarc0
|
|t:|1667321360
|move|p2a: Landorus|U-turn|p1a: Corviknight
|-resisted|p1a: Corviknight
|-damage|p1a: Corviknight|97/100
|
|t:|1667321361
|switch|p2a: Ferrothorn|Ferrothorn, M|100/100|[from]move: U-turn
|move|p1a: Corviknight|Body Press|p2a: Ferrothorn
|-supereffective|p2a: Ferrothorn
|-damage|p2a: Ferrothorn|74/100
|-damage|p1a: Corviknight|85/100|[from] ability: Iron Barbs|[of] p2a: Ferrothorn
|
|-heal|p1a: Corviknight|91/100|[from] item: Leftovers
|-heal|p2a: Ferrothorn|80/100|[from] item: Leftovers
|upkeep
|turn|3
|
|t:|1667321367
|switch|p1a: Tornadus|Tornadus-Therian, M|100/100
|move|p2a: Ferrothorn|Spikes|p1a: Tornadus
|-sidestart|p1: Stads|Spikes
|
|-heal|p2a: Ferrothorn|86/100|[from] item: Leftovers
|upkeep
|turn|4
|
|t:|1667321373
|move|p2a: Ferrothorn|Protect|p2a: Ferrothorn
|-singleturn|p2a: Ferrothorn|Protect
|move|p1a: Tornadus|Heat Wave|p2a: Ferrothorn
|-activate|p2a: Ferrothorn|move: Protect
|
|-heal|p2a: Ferrothorn|93/100|[from] item: Leftovers
|upkeep
|turn|5
|
|t:|1667321378
|move|p1a: Tornadus|Knock Off|p2a: Ferrothorn
|-damage|p2a: Ferrothorn|81/100
|-damage|p1a: Tornadus|88/100|[from] ability: Iron Barbs|[of] p2a: Ferrothorn
|-enditem|p2a: Ferrothorn|Leftovers|[from] move: Knock Off|[of] p1a: Tornadus
|move|p2a: Ferrothorn|Knock Off|p1a: Tornadus
|-damage|p1a: Tornadus|62/100
|-enditem|p1a: Tornadus|Assault Vest|[from] move: Knock Off|[of] p2a: Ferrothorn
|
|upkeep
|turn|6
|
|t:|1667321382
|switch|p2a: Heatran|Heatran, F|100/100
|-item|p2a: Heatran|Air Balloon
|move|p1a: Tornadus|Heat Wave|p2a: Heatran
|-start|p2a: Heatran|ability: Flash Fire
|
|upkeep
|turn|7
|
|t:|1667321389
|-end|p2a: Heatran|ability: Flash Fire|[silent]
|switch|p2a: Landorus|Landorus-Therian, M|97/100
|-ability|p2a: Landorus|Intimidate|boost
|-unboost|p1a: Tornadus|atk|1
|move|p1a: Tornadus|U-turn|p2a: Landorus
|-resisted|p2a: Landorus
|-damage|p2a: Landorus|93/100
|-damage|p1a: Tornadus|46/100|[from] item: Rocky Helmet|[of] p2a: Landorus
|
|t:|1667321391
|switch|p1a: Corviknight|Corviknight, M|91/100|[from]move: U-turn
|-ability|p1a: Corviknight|Pressure
|
|-heal|p1a: Corviknight|97/100|[from] item: Leftovers
|upkeep
|turn|8
|
|t:|1667321393
|move|p2a: Landorus|U-turn|p1a: Corviknight
|-resisted|p1a: Corviknight
|-damage|p1a: Corviknight|94/100
|
|t:|1667321395
|switch|p2a: Ferrothorn|Ferrothorn, M|81/100|[from]move: U-turn
|move|p1a: Corviknight|Defog|p2a: Ferrothorn
|-unboost|p2a: Ferrothorn|evasion|1
|-sideend|p1: Stads|Spikes|[from] move: Defog|[of] p1a: Corviknight
|
|-heal|p1a: Corviknight|99/100|[from] item: Leftovers
|upkeep
|turn|9
|
|t:|1667321399
|switch|p1a: Tornadus|Tornadus-Therian, M|79/100
|move|p2a: Ferrothorn|Leech Seed|p1a: Tornadus
|-start|p1a: Tornadus|move: Leech Seed
|
|-damage|p1a: Tornadus|66/100|[from] Leech Seed|[of] p2a: Ferrothorn
|-heal|p2a: Ferrothorn|92/100|[silent]
|upkeep
|turn|10
|
|t:|1667321403
|switch|p1a: Heatran|Heatran, M|100/100
|switch|p2a: Heatran|Heatran, F|100/100
|-item|p2a: Heatran|Air Balloon
|
|upkeep
|turn|11
|
|t:|1667321406
|switch|p1a: Toxapex|Toxapex, M|100/100
|move|p2a: Heatran|Stealth Rock|p1a: Toxapex
|-sidestart|p1: Stads|move: Stealth Rock
|
|upkeep
|turn|12
|
|t:|1667321409
|switch|p2a: Ferrothorn|Ferrothorn, M|92/100
|move|p1a: Toxapex|Scald|p2a: Ferrothorn
|-resisted|p2a: Ferrothorn
|-damage|p2a: Ferrothorn|85/100
|-status|p2a: Ferrothorn|brn
|
|-damage|p2a: Ferrothorn|79/100 brn|[from] brn
|upkeep
|turn|13
|
|t:|1667321413
|switch|p1a: Tornadus|Tornadus-Therian, M|99/100
|-damage|p1a: Tornadus|75/100|[from] Stealth Rock
|move|p2a: Ferrothorn|Leech Seed|p1a: Tornadus
|-start|p1a: Tornadus|move: Leech Seed
|
|-damage|p1a: Tornadus|62/100|[from] Leech Seed|[of] p2a: Ferrothorn
|-heal|p2a: Ferrothorn|90/100 brn|[silent]
|-damage|p2a: Ferrothorn|83/100 brn|[from] brn
|upkeep
|turn|14
|
|t:|1667321416
|switch|p1a: Corviknight|Corviknight, M|99/100
|-damage|p1a: Corviknight|87/100|[from] Stealth Rock
|-ability|p1a: Corviknight|Pressure
|move|p2a: Ferrothorn|Protect||[still]
|-fail|p2a: Ferrothorn
|
|-heal|p1a: Corviknight|94/100|[from] item: Leftovers
|-damage|p2a: Ferrothorn|77/100 brn|[from] brn
|upkeep
|turn|15
|
|t:|1667321418
|move|p1a: Corviknight|Defog|p2a: Ferrothorn
|-unboost|p2a: Ferrothorn|evasion|1
|-sideend|p1: Stads|Stealth Rock|[from] move: Defog|[of] p1a: Corviknight
|move|p2a: Ferrothorn|Knock Off|p1a: Corviknight
|-damage|p1a: Corviknight|86/100
|-enditem|p1a: Corviknight|Leftovers|[from] move: Knock Off|[of] p2a: Ferrothorn
|
|-damage|p2a: Ferrothorn|71/100 brn|[from] brn
|upkeep
|turn|16
|
|t:|1667321422
|move|p1a: Corviknight|Body Press|p2a: Ferrothorn
|-supereffective|p2a: Ferrothorn
|-damage|p2a: Ferrothorn|41/100 brn
|-damage|p1a: Corviknight|74/100|[from] ability: Iron Barbs|[of] p2a: Ferrothorn
|move|p2a: Ferrothorn|Spikes|p1a: Corviknight
|-sidestart|p1: Stads|Spikes
|
|-damage|p2a: Ferrothorn|35/100 brn|[from] brn
|upkeep
|turn|17
|
|t:|1667321426
|move|p1a: Corviknight|Body Press|p2a: Ferrothorn
|-supereffective|p2a: Ferrothorn
|-damage|p2a: Ferrothorn|6/100 brn
|-damage|p1a: Corviknight|61/100|[from] ability: Iron Barbs|[of] p2a: Ferrothorn
|move|p2a: Ferrothorn|Leech Seed|p1a: Corviknight
|-start|p1a: Corviknight|move: Leech Seed
|
|-damage|p1a: Corviknight|49/100|[from] Leech Seed|[of] p2a: Ferrothorn
|-heal|p2a: Ferrothorn|20/100 brn|[silent]
|-damage|p2a: Ferrothorn|14/100 brn|[from] brn
|upkeep
|turn|18
|
|t:|1667321429
|switch|p2a: Heatran|Heatran, F|100/100
|-item|p2a: Heatran|Air Balloon
|move|p1a: Corviknight|Roost|p1a: Corviknight
|-heal|p1a: Corviknight|99/100
|-singleturn|p1a: Corviknight|move: Roost
|
|-damage|p1a: Corviknight|86/100|[from] Leech Seed|[of] p2a: Heatran
|upkeep
|turn|19
|j| nian9
|
|t:|1667321431
|switch|p1a: Toxapex|Toxapex, M|100/100
|-damage|p1a: Toxapex|88/100|[from] Spikes
|move|p2a: Heatran|Magma Storm|p1a: Toxapex
|-resisted|p1a: Toxapex
|-damage|p1a: Toxapex|72/100
|-activate|p1a: Toxapex|move: Magma Storm|[of] p2a: Heatran
|
|-damage|p1a: Toxapex|59/100|[from] move: Magma Storm|[partiallytrapped]
|upkeep
|turn|20
|
|t:|1667321434
|switch|p1a: Tornadus|Tornadus-Therian, M|95/100
|move|p2a: Heatran|Earth Power|p1a: Tornadus
|-immune|p1a: Tornadus
|
|upkeep
|turn|21
|
|t:|1667321437
|move|p1a: Tornadus|U-turn|p2a: Heatran
|-resisted|p2a: Heatran
|-damage|p2a: Heatran|97/100
|-enditem|p2a: Heatran|Air Balloon
|
|t:|1667321440
|switch|p1a: Toxapex|Toxapex, M|92/100|[from]move: U-turn
|-damage|p1a: Toxapex|80/100|[from] Spikes
|move|p2a: Heatran|Stealth Rock|p1a: Toxapex
|-sidestart|p1: Stads|move: Stealth Rock
|
|upkeep
|turn|22
|
|t:|1667321443
|move|p2a: Heatran|Magma Storm|p1a: Toxapex|[miss]
|-miss|p2a: Heatran|p1a: Toxapex
|move|p1a: Toxapex|Scald|p2a: Heatran
|-supereffective|p2a: Heatran
|-damage|p2a: Heatran|77/100
|
|upkeep
|turn|23
|
|t:|1667321447
|move|p2a: Heatran|Magma Storm|p1a: Toxapex
|-resisted|p1a: Toxapex
|-damage|p1a: Toxapex|62/100
|-activate|p1a: Toxapex|move: Magma Storm|[of] p2a: Heatran
|move|p1a: Toxapex|Scald|p2a: Heatran
|-supereffective|p2a: Heatran
|-damage|p2a: Heatran|58/100
|
|-damage|p1a: Toxapex|50/100|[from] move: Magma Storm|[partiallytrapped]
|upkeep
|turn|24
|
|t:|1667321449
|switch|p1a: Hippowdon|Hippowdon, F|100/100
|-damage|p1a: Hippowdon|88/100|[from] Spikes
|-damage|p1a: Hippowdon|82/100|[from] Stealth Rock
|-weather|Sandstorm|[from] ability: Sand Stream|[of] p1a: Hippowdon
|move|p2a: Heatran|Earth Power|p1a: Hippowdon
|-damage|p1a: Hippowdon|64/100
|
|-weather|Sandstorm|[upkeep]
|-heal|p1a: Hippowdon|70/100|[from] item: Leftovers
|upkeep
|turn|25
|
|t:|1667321453
|move|p2a: Heatran|Toxic|p1a: Hippowdon
|-status|p1a: Hippowdon|tox
|move|p1a: Hippowdon|Slack Off|p1a: Hippowdon
|-heal|p1a: Hippowdon|100/100 tox
|
|-weather|Sandstorm|[upkeep]
|-damage|p1a: Hippowdon|94/100 tox|[from] psn
|upkeep
|turn|26
|j| Panfles
|
|t:|1667321456
|switch|p2a: Landorus|Landorus-Therian, M|93/100
|-ability|p2a: Landorus|Intimidate|boost
|-unboost|p1a: Hippowdon|atk|1
|switch|p1a: Corviknight|Corviknight, M|86/100
|-damage|p1a: Corviknight|74/100|[from] Stealth Rock
|-ability|p1a: Corviknight|Pressure
|
|-weather|Sandstorm|[upkeep]
|upkeep
|turn|27
|
|t:|1667321458
|move|p2a: Landorus|U-turn|p1a: Corviknight
|-resisted|p1a: Corviknight
|-damage|p1a: Corviknight|70/100
|
|t:|1667321459
|switch|p2a: Heatran|Heatran, F|58/100|[from]move: U-turn
|move|p1a: Corviknight|Defog|p2a: Heatran
|-unboost|p2a: Heatran|evasion|1
|-sideend|p1: Stads|Spikes|[from] move: Defog|[of] p1a: Corviknight
|-sideend|p1: Stads|Stealth Rock|[from] move: Defog|[of] p1a: Corviknight
|
|-weather|Sandstorm|[upkeep]
|upkeep
|turn|28
|
|t:|1667321462
|move|p2a: Heatran|Stealth Rock|p1a: Corviknight
|-sidestart|p1: Stads|move: Stealth Rock
|move|p1a: Corviknight|Body Press|p2a: Heatran
|-supereffective|p2a: Heatran
|-damage|p2a: Heatran|16/100
|
|-weather|none
|upkeep
|turn|29
|
|t:|1667321465
|switch|p2a: Tapu Lele|Tapu Lele|100/100
|-fieldstart|move: Psychic Terrain|[from] ability: Psychic Surge|[of] p2a: Tapu Lele
|switch|p1a: Toxapex|Toxapex, M|83/100
|-damage|p1a: Toxapex|70/100|[from] Stealth Rock
|
|upkeep
|turn|30
|
|t:|1667321467
|switch|p1a: Heatran|Heatran, M|100/100
|-damage|p1a: Heatran|88/100|[from] Stealth Rock
|move|p2a: Tapu Lele|Psychic|p1a: Heatran
|-resisted|p1a: Heatran
|-damage|p1a: Heatran|62/100
|
|-heal|p1a: Heatran|68/100|[from] item: Leftovers
|upkeep
|turn|31
|
|t:|1667321472
|move|p2a: Tapu Lele|Psychic|p1a: Heatran
|-resisted|p1a: Heatran
|-damage|p1a: Heatran|38/100
|move|p1a: Heatran|Toxic|p2a: Tapu Lele
|-status|p2a: Tapu Lele|tox
|
|-heal|p1a: Heatran|44/100|[from] item: Leftovers
|-damage|p2a: Tapu Lele|94/100 tox|[from] psn
|upkeep
|turn|32
|
|t:|1667321478
|switch|p2a: Landorus|Landorus-Therian, M|93/100
|-ability|p2a: Landorus|Intimidate|boost
|-unboost|p1a: Heatran|atk|1
|move|p1a: Heatran|Magma Storm|p2a: Landorus
|-crit|p2a: Landorus
|-damage|p2a: Landorus|21/100
|-activate|p2a: Landorus|move: Magma Storm|[of] p1a: Heatran
|
|-heal|p1a: Heatran|50/100|[from] item: Leftovers
|-damage|p2a: Landorus|9/100|[from] move: Magma Storm|[partiallytrapped]
|upkeep
|turn|33
|
|t:|1667321481
|move|p1a: Heatran|Protect|p1a: Heatran
|-singleturn|p1a: Heatran|Protect
|move|p2a: Landorus|U-turn|p1a: Heatran
|-activate|p1a: Heatran|move: Protect
|
|-heal|p1a: Heatran|57/100|[from] item: Leftovers
|-damage|p2a: Landorus|0 fnt|[from] move: Magma Storm|[partiallytrapped]
|faint|p2a: Landorus
|-fieldend|move: Psychic Terrain
|upkeep
|
|t:|1667321485
|switch|p2a: Nidoking|Nidoking, M|100/100
|turn|34
|
|t:|1667321489
|move|p2a: Nidoking|Earth Power|p1a: Heatran
|-supereffective|p1a: Heatran
|-damage|p1a: Heatran|0 fnt
|faint|p1a: Heatran
|
|upkeep
|
|t:|1667321490
|switch|p1a: Tornadus|Tornadus-Therian, M|100/100
|-damage|p1a: Tornadus|75/100|[from] Stealth Rock
|turn|35
|
|t:|1667321494
|switch|p2a: Heatran|Heatran, F|16/100
|move|p1a: Tornadus|Hurricane|p2a: Heatran
|-resisted|p2a: Heatran
|-damage|p2a: Heatran|0 fnt
|faint|p2a: Heatran
|
|upkeep
|
|t:|1667321498
|switch|p2a: Dragapult|Dragapult, F|100/100
|turn|36
|
|t:|1667321501
|switch|p1a: Hippowdon|Hippowdon, F|94/100 tox
|-damage|p1a: Hippowdon|88/100 tox|[from] Stealth Rock
|-weather|Sandstorm|[from] ability: Sand Stream|[of] p1a: Hippowdon
|move|p2a: Dragapult|Dragon Dance|p2a: Dragapult
|-boost|p2a: Dragapult|atk|1
|-boost|p2a: Dragapult|spe|1
|
|-weather|Sandstorm|[upkeep]
|-damage|p2a: Dragapult|95/100|[from] Sandstorm
|-heal|p1a: Hippowdon|94/100 tox|[from] item: Leftovers
|-damage|p1a: Hippowdon|88/100 tox|[from] psn
|upkeep
|turn|37
|
|t:|1667321503
|move|p2a: Dragapult|Dragon Darts|p1a: Hippowdon
|-damage|p1a: Hippowdon|49/100 tox
|-anim|p2a: Dragapult|Dragon Darts|p1a: Hippowdon
|-damage|p1a: Hippowdon|11/100 tox
|-damage|p2a: Dragapult|85/100|[from] item: Life Orb
|move|p1a: Hippowdon|Toxic|p2a: Dragapult
|-status|p2a: Dragapult|tox
|
|-weather|Sandstorm|[upkeep]
|-damage|p2a: Dragapult|79/100 tox|[from] Sandstorm
|-heal|p1a: Hippowdon|17/100 tox|[from] item: Leftovers
|-damage|p2a: Dragapult|73/100 tox|[from] psn
|-damage|p1a: Hippowdon|5/100 tox|[from] psn
|upkeep
|turn|38
|
|t:|1667321507
|move|p2a: Dragapult|Dragon Darts|p1a: Hippowdon
|-damage|p1a: Hippowdon|0 fnt
|faint|p1a: Hippowdon
|-damage|p2a: Dragapult|63/100 tox|[from] item: Life Orb
|
|-weather|Sandstorm|[upkeep]
|-damage|p2a: Dragapult|57/100 tox|[from] Sandstorm
|-damage|p2a: Dragapult|45/100 tox|[from] psn
|upkeep
|
|t:|1667321508
|switch|p1a: Corviknight|Corviknight, M|70/100
|-damage|p1a: Corviknight|58/100|[from] Stealth Rock
|-ability|p1a: Corviknight|Pressure
|turn|39
|
|t:|1667321510
|move|p2a: Dragapult|Fire Blast|p1a: Corviknight
|-supereffective|p1a: Corviknight
|-damage|p1a: Corviknight|0 fnt
|faint|p1a: Corviknight
|-damage|p2a: Dragapult|35/100 tox|[from] item: Life Orb
|
|-weather|Sandstorm|[upkeep]
|-damage|p2a: Dragapult|29/100 tox|[from] Sandstorm
|-damage|p2a: Dragapult|11/100 tox|[from] psn
|upkeep
|
|t:|1667321513
|switch|p1a: Kartana|Kartana|100/100
|-damage|p1a: Kartana|94/100|[from] Stealth Rock
|turn|40
|
|t:|1667321519
|move|p2a: Dragapult|Dragon Darts|p1a: Kartana
|-resisted|p1a: Kartana
|-damage|p1a: Kartana|67/100
|-anim|p2a: Dragapult|Dragon Darts|p1a: Kartana
|-resisted|p1a: Kartana
|-damage|p1a: Kartana|39/100
|-damage|p2a: Dragapult|1/100 tox|[from] item: Life Orb
|move|p1a: Kartana|Knock Off|p2a: Dragapult
|-supereffective|p2a: Dragapult
|-damage|p2a: Dragapult|0 fnt
|-enditem|p2a: Dragapult|Life Orb|[from] move: Knock Off|[of] p1a: Kartana
|faint|p2a: Dragapult
|-ability|p1a: Kartana|Beast Boost|boost
|-boost|p1a: Kartana|atk|1
|
|-weather|none
|upkeep
|
|t:|1667321525
|switch|p2a: Nidoking|Nidoking, M|100/100
|turn|41
|
|t:|1667321526
|move|p1a: Kartana|Knock Off|p2a: Nidoking
|-damage|p2a: Nidoking|14/100
|-enditem|p2a: Nidoking|Choice Scarf|[from] move: Knock Off|[of] p1a: Kartana
|move|p2a: Nidoking|Earth Power|p1a: Kartana
|-damage|p1a: Kartana|0 fnt
|faint|p1a: Kartana
|
|upkeep
|
|t:|1667321529
|switch|p1a: Tornadus|Tornadus-Therian, M|100/100
|-damage|p1a: Tornadus|75/100|[from] Stealth Rock
|turn|42
|
|t:|1667321533
|switch|p2a: Ferrothorn|Ferrothorn, M|14/100 brn
|move|p1a: Tornadus|Knock Off|p2a: Ferrothorn
|-damage|p2a: Ferrothorn|6/100 brn
|-damage|p1a: Tornadus|63/100|[from] ability: Iron Barbs|[of] p2a: Ferrothorn
|
|-damage|p2a: Ferrothorn|0 fnt|[from] brn
|faint|p2a: Ferrothorn
|upkeep
|j| Ran Kob
|
|t:|1667321535
|switch|p2a: Tapu Lele|Tapu Lele|94/100 tox
|-fieldstart|move: Psychic Terrain|[from] ability: Psychic Surge|[of] p2a: Tapu Lele
|turn|43
|
|t:|1667321539
|move|p1a: Tornadus|Hurricane|p2a: Tapu Lele|[miss]
|-miss|p1a: Tornadus|p2a: Tapu Lele
|move|p2a: Tapu Lele|Psychic|p1a: Tornadus
|-damage|p1a: Tornadus|0 fnt
|faint|p1a: Tornadus
|
|-damage|p2a: Tapu Lele|88/100 tox|[from] psn
|upkeep
|-message|Stads forfeited.
|
|win|Saimasseuh v8
|raw|Stads's rating: 1856 &rarr; <strong>1838</strong><br />(-18 for losing)
|raw|Saimasseuh v8's rating: 1890 &rarr; <strong>1908</strong><br />(+18 for winning)
|l|☆Stads
|l|☆Saimasseuh v8
||Ladder isn't responding, score probably updated but might not have (Request timeout).
|l| lalelosido
|l| anarc0
|l| nian9
|l| Jpoxferd
