|j|☆testotesto321
|j|☆ok132
|player|p1|testotesto321|bellelba|1709
|player|p2|ok132|lucas|1696
|teamsize|p1|6
|teamsize|p2|6
|gametype|singles
|gen|8
|tier|[Gen 8] OU
|rated|
|clearpoke
|poke|p1|Alakazam, F|
|poke|p1|Cinderace, F|
|poke|p1|Clefable, F|
|poke|p1|Chansey, F|
|poke|p1|Mandibuzz, F|
|poke|p1|Toxapex, F|
|poke|p2|Mandibuzz, F|
|poke|p2|Magearna|
|poke|p2|Marowak-Alola, F|
|poke|p2|Mew|
|poke|p2|Terrakion|
|poke|p2|Dragapult, M|
|rule|Sleep Clause Mod: Limit one foe put to sleep
|rule|Species Clause: Limit one of each Pokémon
|rule|OHKO Clause: OHKO moves are banned
|rule|Evasion Moves Clause: Evasion moves are banned
|rule|Endless Battle Clause: Forcing endless battles is banned
|rule|HP Percentage Mod: HP is shown in percentages
|rule|Dynamax Clause: You cannot dynamax
|teampreview
|
|start
|switch|p1a: Alakazam|Alakazam, F|100/100
|switch|p2a: Marowak|Marowak-Alola, F|100/100
|turn|1
|
|move|p1a: Alakazam|Shadow Ball|p2a: Marowak
|-supereffective|p2a: Marowak
|-crit|p2a: Marowak
|-damage|p2a: Marowak|0 fnt
|faint|p2a: Marowak
|
|upkeep
|
|switch|p2a: Mandibuzz|Mandibuzz, F|100/100
|turn|2
|inactive|Battle timer is ON: inactive players will automatically lose when time's up. (requested by testotesto321)
|
|switch|p1a: Toxapex|Toxapex, F|100/100
|move|p2a: Mandibuzz|U-turn|p1a: Toxapex
|-resisted|p1a: Toxapex
|-damage|p1a: Toxapex|97/100
|
|switch|p2a: Magearna|Magearna|100/100|[from]move: U-turn
|
|-heal|p1a: Toxapex|100/100|[from] item: Black Sludge
|upkeep
|turn|3
|
|switch|p1a: Cinderace|Cinderace, F|100/100
|move|p2a: Magearna|Calm Mind|p2a: Magearna
|-boost|p2a: Magearna|spa|1
|-boost|p2a: Magearna|spd|1
|
|upkeep
|turn|4
|
|switch|p2a: Mew|Mew|100/100
|move|p1a: Cinderace|Pyro Ball|p2a: Mew
|-damage|p2a: Mew|63/100
|
|-heal|p2a: Mew|70/100|[from] item: Leftovers
|upkeep
|turn|5
|
|move|p1a: Cinderace|U-turn|p2a: Mew
|-start|p1a: Cinderace|typechange|Bug|[from] ability: Libero
|-supereffective|p2a: Mew
|-damage|p2a: Mew|27/100
|
|switch|p1a: Alakazam|Alakazam, F|100/100|[from]move: U-turn
|move|p2a: Mew|Roost|p2a: Mew
|-heal|p2a: Mew|77/100
|-singleturn|p2a: Mew|move: Roost
|
|-heal|p2a: Mew|84/100|[from] item: Leftovers
|upkeep
|turn|6
|
|switch|p2a: Mandibuzz|Mandibuzz, F|100/100
|move|p1a: Alakazam|Shadow Ball|p2a: Mandibuzz
|-resisted|p2a: Mandibuzz
|-damage|p2a: Mandibuzz|88/100
|-unboost|p2a: Mandibuzz|spd|1
|
|upkeep
|turn|7
|
|switch|p1a: Clefable|Clefable, F, shiny|100/100
|move|p2a: Mandibuzz|U-turn|p1a: Clefable
|-resisted|p1a: Clefable
|-damage|p1a: Clefable|94/100
|
|switch|p2a: Magearna|Magearna|100/100|[from]move: U-turn
|
|upkeep
|turn|8
|
|move|p1a: Clefable|Flamethrower|p2a: Magearna
|-supereffective|p2a: Magearna
|-damage|p2a: Magearna|43/100
|-status|p2a: Magearna|brn
|move|p2a: Magearna|Calm Mind|p2a: Magearna
|-boost|p2a: Magearna|spa|1
|-boost|p2a: Magearna|spd|1
|
|-heal|p2a: Magearna|49/100 brn|[from] item: Leftovers
|-damage|p2a: Magearna|43/100 brn|[from] brn
|upkeep
|turn|9
|
|move|p1a: Clefable|Flamethrower|p2a: Magearna
|-supereffective|p2a: Magearna
|-damage|p2a: Magearna|1/100 brn
|move|p2a: Magearna|Pain Split|p1a: Clefable
|-sethp|p1a: Clefable|48/100|[from] move: Pain Split|[silent]
|-sethp|p2a: Magearna|46/100 brn|[from] move: Pain Split
|
|-heal|p2a: Magearna|52/100 brn|[from] item: Leftovers
|-damage|p2a: Magearna|46/100 brn|[from] brn
|upkeep
|turn|10
|
|move|p1a: Clefable|Flamethrower|p2a: Magearna
|-supereffective|p2a: Magearna
|-damage|p2a: Magearna|5/100 brn
|move|p2a: Magearna|Flash Cannon|p1a: Clefable
|-supereffective|p1a: Clefable
|-damage|p1a: Clefable|0 fnt
|faint|p1a: Clefable
|-ability|p2a: Magearna|Soul-Heart|boost
|-boost|p2a: Magearna|spa|1
|
|-heal|p2a: Magearna|11/100 brn|[from] item: Leftovers
|-damage|p2a: Magearna|5/100 brn|[from] brn
|upkeep
|
|switch|p1a: Alakazam|Alakazam, F|100/100
|turn|11
|
|switch|p2a: Mandibuzz|Mandibuzz, F|88/100
|move|p1a: Alakazam|Psychic|p2a: Mandibuzz
|-immune|p2a: Mandibuzz
|
|upkeep
|turn|12
|
|switch|p1a: Mandibuzz|Mandibuzz, F|100/100
|move|p2a: Mandibuzz|U-turn|p1a: Mandibuzz
|-damage|p1a: Mandibuzz|94/100
|
|switch|p2a: Mew|Mew|84/100|[from]move: U-turn
|
|-heal|p2a: Mew|90/100|[from] item: Leftovers
|upkeep
|turn|13
|
|move|p2a: Mew|Stealth Rock|p1a: Mandibuzz
|-sidestart|p1: testotesto321|move: Stealth Rock
|move|p1a: Mandibuzz|U-turn|p2a: Mew
|-supereffective|p2a: Mew
|-damage|p2a: Mew|75/100
|
|switch|p1a: Alakazam|Alakazam, F|100/100|[from]move: U-turn
|
|-heal|p2a: Mew|81/100|[from] item: Leftovers
|upkeep
|turn|14
|
|switch|p2a: Mandibuzz|Mandibuzz, F|88/100
|move|p1a: Alakazam|Focus Blast|p2a: Mandibuzz
|-damage|p2a: Mandibuzz|57/100
|
|upkeep
|turn|15
|
|switch|p1a: Cinderace|Cinderace, F|100/100
|move|p2a: Mandibuzz|U-turn|p1a: Cinderace
|-resisted|p1a: Cinderace
|-crit|p1a: Cinderace
|-damage|p1a: Cinderace|87/100
|
|switch|p2a: Dragapult|Dragapult, M|100/100|[from]move: U-turn
|
|upkeep
|turn|16
|
|switch|p1a: Mandibuzz|Mandibuzz, F|94/100
|move|p2a: Dragapult|U-turn|p1a: Mandibuzz
|-damage|p1a: Mandibuzz|85/100
|
|switch|p2a: Terrakion|Terrakion|100/100|[from]move: U-turn
|
|upkeep
|turn|17
|
|move|p2a: Terrakion|Stone Edge|p1a: Mandibuzz|[miss]
|-miss|p2a: Terrakion|p1a: Mandibuzz
|move|p1a: Mandibuzz|Brave Bird|p2a: Terrakion
|-damage|p2a: Terrakion|70/100
|-damage|p1a: Mandibuzz|77/100|[from] Recoil
|
|upkeep
|turn|18
|
|switch|p1a: Toxapex|Toxapex, F|100/100
|-damage|p1a: Toxapex|88/100|[from] Stealth Rock
|move|p2a: Terrakion|Stone Edge|p1a: Toxapex
|-damage|p1a: Toxapex|59/100
|
|-heal|p1a: Toxapex|66/100|[from] item: Black Sludge
|upkeep
|turn|19
|
|switch|p2a: Mew|Mew|81/100
|move|p1a: Toxapex|Scald|p2a: Mew
|-damage|p2a: Mew|67/100
|
|-heal|p2a: Mew|74/100|[from] item: Leftovers
|-heal|p1a: Toxapex|72/100|[from] item: Black Sludge
|upkeep
|turn|20
|
|move|p2a: Mew|U-turn|p1a: Toxapex
|-resisted|p1a: Toxapex
|-damage|p1a: Toxapex|68/100
|
|switch|p2a: Dragapult|Dragapult, M|100/100|[from]move: U-turn
|move|p1a: Toxapex|Toxic|p2a: Dragapult
|-status|p2a: Dragapult|tox
|
|-heal|p1a: Toxapex|74/100|[from] item: Black Sludge
|-damage|p2a: Dragapult|95/100 tox|[from] psn
|upkeep
|turn|21
|
|move|p2a: Dragapult|Thunderbolt|p1a: Toxapex
|-supereffective|p1a: Toxapex
|-damage|p1a: Toxapex|3/100
|move|p1a: Toxapex|Recover|p1a: Toxapex
|-heal|p1a: Toxapex|53/100
|
|-heal|p1a: Toxapex|60/100|[from] item: Black Sludge
|-damage|p2a: Dragapult|83/100 tox|[from] psn
|upkeep
|turn|22
|
|switch|p2a: Magearna|Magearna|5/100 brn
|switch|p1a: Chansey|Chansey, F|100/100
|-damage|p1a: Chansey|88/100|[from] Stealth Rock
|
|-heal|p2a: Magearna|11/100 brn|[from] item: Leftovers
|-damage|p2a: Magearna|5/100 brn|[from] brn
|upkeep
|turn|23
|
|move|p2a: Magearna|Pain Split|p1a: Chansey
|-sethp|p1a: Chansey|45/100|[from] move: Pain Split|[silent]
|-sethp|p2a: Magearna|87/100 brn|[from] move: Pain Split
|move|p1a: Chansey|Seismic Toss|p2a: Magearna
|-damage|p2a: Magearna|60/100 brn
|
|-heal|p2a: Magearna|66/100 brn|[from] item: Leftovers
|-damage|p2a: Magearna|60/100 brn|[from] brn
|upkeep
|turn|24
|c|☆ok132|LOL
|
|switch|p2a: Terrakion|Terrakion|70/100
|switch|p1a: Cinderace|Cinderace, F|87/100
|
|upkeep
|turn|25
|
|switch|p1a: Toxapex|Toxapex, F|93/100
|-damage|p1a: Toxapex|80/100|[from] Stealth Rock
|move|p2a: Terrakion|Earthquake|p1a: Toxapex
|-supereffective|p1a: Toxapex
|-damage|p1a: Toxapex|38/100
|
|-heal|p1a: Toxapex|44/100|[from] item: Black Sludge
|upkeep
|turn|26
|
|switch|p2a: Magearna|Magearna|60/100 brn
|switch|p1a: Mandibuzz|Mandibuzz, F|77/100
|
|-heal|p2a: Magearna|66/100 brn|[from] item: Leftovers
|-damage|p2a: Magearna|60/100 brn|[from] brn
|upkeep
|turn|27
|
|move|p1a: Mandibuzz|U-turn|p2a: Magearna
|-resisted|p2a: Magearna
|-damage|p2a: Magearna|58/100 brn
|
|switch|p1a: Cinderace|Cinderace, F|87/100|[from]move: U-turn
|move|p2a: Magearna|Thunderbolt|p1a: Cinderace
|-damage|p1a: Cinderace|41/100
|-status|p1a: Cinderace|par
|
|-heal|p2a: Magearna|64/100 brn|[from] item: Leftovers
|-damage|p2a: Magearna|58/100 brn|[from] brn
|upkeep
|turn|28
|
|switch|p2a: Mew|Mew|74/100
|cant|p1a: Cinderace|par
|
|-heal|p2a: Mew|80/100|[from] item: Leftovers
|upkeep
|turn|29
|
|switch|p1a: Chansey|Chansey, F|45/100
|-damage|p1a: Chansey|33/100|[from] Stealth Rock
|move|p2a: Mew|U-turn|p1a: Chansey
|-damage|p1a: Chansey|24/100
|
|switch|p2a: Terrakion|Terrakion|70/100|[from]move: U-turn
|
|upkeep
|turn|30
|
|switch|p1a: Mandibuzz|Mandibuzz, F|77/100
|move|p2a: Terrakion|Close Combat|p1a: Mandibuzz
|-crit|p1a: Mandibuzz
|-damage|p1a: Mandibuzz|26/100
|-unboost|p2a: Terrakion|def|1
|-unboost|p2a: Terrakion|spd|1
|
|upkeep
|turn|31
|
|switch|p1a: Toxapex|Toxapex, F|77/100
|-damage|p1a: Toxapex|65/100|[from] Stealth Rock
|move|p2a: Terrakion|Close Combat|p1a: Toxapex
|-resisted|p1a: Toxapex
|-damage|p1a: Toxapex|46/100
|-unboost|p2a: Terrakion|def|1
|-unboost|p2a: Terrakion|spd|1
|
|-heal|p1a: Toxapex|52/100|[from] item: Black Sludge
|upkeep
|turn|32
|
|switch|p2a: Magearna|Magearna|58/100 brn
|switch|p1a: Mandibuzz|Mandibuzz, F|26/100
|
|-heal|p2a: Magearna|64/100 brn|[from] item: Leftovers
|-damage|p2a: Magearna|58/100 brn|[from] brn
|upkeep
|turn|33
|
|switch|p1a: Chansey|Chansey, F|24/100
|-damage|p1a: Chansey|11/100|[from] Stealth Rock
|move|p2a: Magearna|Thunderbolt|p1a: Chansey
|-crit|p1a: Chansey
|-damage|p1a: Chansey|0 fnt
|faint|p1a: Chansey
|-ability|p2a: Magearna|Soul-Heart|boost
|-boost|p2a: Magearna|spa|1
|
|-heal|p2a: Magearna|64/100 brn|[from] item: Leftovers
|-damage|p2a: Magearna|58/100 brn|[from] brn
|upkeep
|
|switch|p1a: Cinderace|Cinderace, F|41/100 par
|turn|34
|
|switch|p2a: Mew|Mew|80/100
|move|p1a: Cinderace|Pyro Ball|p2a: Mew
|-damage|p2a: Mew|44/100
|
|-heal|p2a: Mew|50/100|[from] item: Leftovers
|upkeep
|turn|35
|
|move|p2a: Mew|Psychic|p1a: Cinderace
|-damage|p1a: Cinderace|0 fnt
|faint|p1a: Cinderace
|
|-heal|p2a: Mew|56/100|[from] item: Leftovers
|upkeep
|
|switch|p1a: Alakazam|Alakazam, F|100/100
|turn|36
|
|move|p1a: Alakazam|Psychic|p2a: Mew
|-resisted|p2a: Mew
|-damage|p2a: Mew|30/100
|move|p2a: Mew|U-turn|p1a: Alakazam
|-supereffective|p1a: Alakazam
|-damage|p1a: Alakazam|29/100
|
|switch|p2a: Dragapult|Dragapult, M|83/100 tox|[from]move: U-turn
|
|-damage|p2a: Dragapult|77/100 tox|[from] psn
|upkeep
|turn|37
|-message|testotesto321 forfeited.
|
|win|ok132
|l|☆testotesto321
|l|☆ok132
||Ladder (probably) updated, but score could not be retrieved (Request timeout).
|j|☆ok132
|player|p2|ok132|lucas
