|j|☆Cowsrule247
|j|☆MOBILE GOAT
|t:|1662730347
|gametype|singles
|player|p1|Cowsrule247|skyla|1501
|player|p2|MOBILE GOAT|ethan-masters|1514
|teamsize|p1|6
|teamsize|p2|6
|gen|8
|tier|[Gen 8] OU
|rated|
|rule|Sleep Clause Mod: Limit one foe put to sleep
|rule|Species Clause: Limit one of each Pokémon
|rule|OHKO Clause: OHKO moves are banned
|rule|Evasion Items Clause: Evasion items are banned
|rule|Evasion Moves Clause: Evasion moves are banned
|rule|Endless Battle Clause: Forcing endless battles is banned
|rule|HP Percentage Mod: HP is shown in percentages
|rule|Dynamax Clause: You cannot dynamax
|clearpoke
|poke|p1|Corviknight, M|
|poke|p1|Gastrodon-East, M|
|poke|p1|Toxapex, M|
|poke|p1|Buzzwole|
|poke|p1|Clefable, F|
|poke|p1|Blissey, F|
|poke|p2|Rillaboom, M|
|poke|p2|Tornadus-Therian, M|
|poke|p2|Blaziken, M|
|poke|p2|Melmetal|
|poke|p2|Garchomp, F|
|poke|p2|Slowbro, M|
|teampreview
|inactive|Battle timer is ON: inactive players will automatically lose when time's up. (requested by MOBILE GOAT)
|
|t:|1662730356
|start
|switch|p1a: HitEmFromTheEast|Gastrodon-East, M|100/100
|switch|p2a: Tornadus|Tornadus-Therian, M|100/100
|turn|1
|
|t:|1662730359
|move|p2a: Tornadus|Knock Off|p1a: HitEmFromTheEast
|-damage|p1a: HitEmFromTheEast|80/100
|-activate|p1a: HitEmFromTheEast|ability: Sticky Hold
|move|p1a: HitEmFromTheEast|Toxic|p2a: Tornadus
|-status|p2a: Tornadus|tox
|
|-heal|p1a: HitEmFromTheEast|86/100|[from] item: Leftovers
|-damage|p2a: Tornadus|94/100 tox|[from] psn
|upkeep
|turn|2
|
|t:|1662730370
|move|p2a: Tornadus|U-turn|p1a: HitEmFromTheEast
|-damage|p1a: HitEmFromTheEast|71/100
|
|t:|1662730371
|switch|p2a: Slowbro|Slowbro, M|100/100|[from]move: U-turn
|move|p1a: HitEmFromTheEast|Scald|p2a: Slowbro
|-resisted|p2a: Slowbro
|-damage|p2a: Slowbro|87/100
|-status|p2a: Slowbro|brn
|
|-heal|p1a: HitEmFromTheEast|77/100|[from] item: Leftovers
|-damage|p2a: Slowbro|81/100 brn|[from] brn
|upkeep
|turn|3
|j| EZIO_QAQ
|
|t:|1662730389
|switch|p1a: thicc|Blissey, F|100/100
|move|p2a: Slowbro|Toxic|p1a: thicc
|-status|p1a: thicc|tox
|
|-damage|p1a: thicc|94/100 tox|[from] psn
|-damage|p2a: Slowbro|75/100 brn|[from] brn
|upkeep
|turn|4
|
|t:|1662730395
|move|p1a: thicc|Stealth Rock|p2a: Slowbro
|-sidestart|p2: MOBILE GOAT|move: Stealth Rock
|move|p2a: Slowbro|Future Sight|p1a: thicc
|-start|p2a: Slowbro|move: Future Sight
|
|-damage|p1a: thicc|82/100 tox|[from] psn
|-damage|p2a: Slowbro|69/100 brn|[from] brn
|upkeep
|turn|5
|l| EZIO_QAQ
|j| EZIO_QAQ
|
|t:|1662730400
|-curestatus|p1a: thicc|tox|[from] ability: Natural Cure
|switch|p1a: Caw Bitch|Corviknight, M|100/100
|-ability|p1a: Caw Bitch|Pressure
|move|p2a: Slowbro|Teleport|p2a: Slowbro
|l| EZIO_QAQ
|
|t:|1662730406
|switch|p2a: Blaziken|Blaziken, M|100/100|[from]move: Teleport
|-damage|p2a: Blaziken|88/100|[from] Stealth Rock
|
|-heal|p2a: Blaziken|94/100|[from] item: Leftovers
|upkeep
|turn|6
|
|t:|1662730432
|switch|p1a: ;)|Toxapex, M|100/100
|move|p2a: Blaziken|Flare Blitz|p1a: ;)
|-resisted|p1a: ;)
|-damage|p1a: ;)|81/100
|-damage|p2a: Blaziken|88/100|[from] Recoil
|
|-end|p1a: ;)|move: Future Sight
|-supereffective|p1a: ;)
|-damage|p1a: ;)|15/100
|-heal|p2a: Blaziken|95/100|[from] item: Leftovers
|-ability|p2a: Blaziken|Speed Boost|boost
|-boost|p2a: Blaziken|spe|1
|upkeep
|turn|7
|inactive|Cowsrule247 has 120 seconds left.
|
|t:|1662730449
|switch|p1a: Treble|Clefable, F|100/100
|move|p2a: Blaziken|Swords Dance|p2a: Blaziken
|-boost|p2a: Blaziken|atk|2
|
|-heal|p2a: Blaziken|100/100|[from] item: Leftovers
|-ability|p2a: Blaziken|Speed Boost|boost
|-boost|p2a: Blaziken|spe|1
|upkeep
|turn|8
|
|t:|1662730461
|move|p2a: Blaziken|Flare Blitz|p1a: Treble
|-damage|p1a: Treble|45/100
|-status|p1a: Treble|brn
|-damage|p2a: Blaziken|79/100|[from] Recoil
|move|p1a: Treble|Wish|p1a: Treble
|
|-heal|p2a: Blaziken|85/100|[from] item: Leftovers
|-heal|p1a: Treble|52/100 brn|[from] item: Leftovers
|-damage|p1a: Treble|45/100 brn|[from] brn
|-ability|p2a: Blaziken|Speed Boost|boost
|-boost|p2a: Blaziken|spe|1
|upkeep
|turn|9
|
|t:|1662730470
|move|p1a: Treble|Protect|p1a: Treble
|-singleturn|p1a: Treble|Protect
|move|p2a: Blaziken|Flare Blitz|p1a: Treble
|-activate|p1a: Treble|move: Protect
|
|-heal|p1a: Treble|95/100 brn|[from] move: Wish|[wisher] Treble
|-heal|p2a: Blaziken|92/100|[from] item: Leftovers
|-heal|p1a: Treble|100/100 brn|[from] item: Leftovers
|-damage|p1a: Treble|94/100 brn|[from] brn
|-ability|p2a: Blaziken|Speed Boost|boost
|-boost|p2a: Blaziken|spe|1
|upkeep
|turn|10
|
|t:|1662730486
|switch|p2a: Garchomp|Garchomp, F|100/100
|-damage|p2a: Garchomp|94/100|[from] Stealth Rock
|move|p1a: Treble|Moonblast|p2a: Garchomp
|-supereffective|p2a: Garchomp
|-damage|p2a: Garchomp|52/100
|
|-heal|p2a: Garchomp|58/100|[from] item: Leftovers
|-heal|p1a: Treble|100/100 brn|[from] item: Leftovers
|-damage|p1a: Treble|94/100 brn|[from] brn
|upkeep
|turn|11
|
|t:|1662730492
|switch|p1a: Caw Bitch|Corviknight, M|100/100
|-ability|p1a: Caw Bitch|Pressure
|move|p2a: Garchomp|Stealth Rock|p1a: Caw Bitch
|-sidestart|p1: Cowsrule247|move: Stealth Rock
|
|-heal|p2a: Garchomp|65/100|[from] item: Leftovers
|upkeep
|turn|12
|
|t:|1662730500
|switch|p2a: Slowbro|Slowbro, M|100/100 brn
|-damage|p2a: Slowbro|88/100 brn|[from] Stealth Rock
|move|p1a: Caw Bitch|Defog|p2a: Slowbro
|-unboost|p2a: Slowbro|evasion|1
|-sideend|p2: MOBILE GOAT|Stealth Rock|[from] move: Defog|[of] p1a: Caw Bitch
|-sideend|p1: Cowsrule247|Stealth Rock|[from] move: Defog|[of] p1a: Caw Bitch
|
|-damage|p2a: Slowbro|82/100 brn|[from] brn
|upkeep
|turn|13
|
|t:|1662730505
|switch|p1a: Treble|Clefable, F|94/100 brn
|move|p2a: Slowbro|Future Sight|p1a: Treble
|-start|p2a: Slowbro|move: Future Sight
|
|-heal|p1a: Treble|100/100 brn|[from] item: Leftovers
|-damage|p1a: Treble|94/100 brn|[from] brn
|-damage|p2a: Slowbro|76/100 brn|[from] brn
|upkeep
|turn|14
|
|t:|1662730509
|move|p1a: Treble|Heal Bell|p1a: Treble
|-activate|p1a: Treble|move: Heal Bell
|-curestatus|p1a: Treble|brn|[msg]
|move|p2a: Slowbro|Teleport|p2a: Slowbro
|
|t:|1662730516
|switch|p2a: Melmetal|Melmetal|100/100|[from]move: Teleport
|
|-heal|p1a: Treble|100/100|[from] item: Leftovers
|upkeep
|turn|15
|
|t:|1662730520
|move|p1a: Treble|Protect|p1a: Treble
|-singleturn|p1a: Treble|Protect
|move|p2a: Melmetal|Double Iron Bash|p1a: Treble
|-activate|p1a: Treble|move: Protect
|
|-end|p1a: Treble|move: Future Sight
|-damage|p1a: Treble|69/100
|-heal|p1a: Treble|75/100|[from] item: Leftovers
|upkeep
|turn|16
|
|t:|1662730525
|switch|p1a: SWOLE|Buzzwole, shiny|100/100
|move|p2a: Melmetal|Double Iron Bash|p1a: SWOLE
|-damage|p1a: SWOLE|77/100
|-damage|p1a: SWOLE|54/100
|-hitcount|p1a: SWOLE|2
|
|upkeep
|turn|17
|
|t:|1662730530
|move|p1a: SWOLE|Roost|p1a: SWOLE
|-heal|p1a: SWOLE|100/100
|-singleturn|p1a: SWOLE|move: Roost
|move|p2a: Melmetal|Double Iron Bash|p1a: SWOLE
|-damage|p1a: SWOLE|76/100
|-damage|p1a: SWOLE|51/100
|-hitcount|p1a: SWOLE|2
|
|upkeep
|turn|18
|
|t:|1662730538
|switch|p2a: Tornadus|Tornadus-Therian, M|100/100 tox
|move|p1a: SWOLE|Roost|p1a: SWOLE
|-heal|p1a: SWOLE|100/100
|-singleturn|p1a: SWOLE|move: Roost
|
|-damage|p2a: Tornadus|94/100 tox|[from] psn
|upkeep
|turn|19
|
|t:|1662730547
|switch|p1a: ;)|Toxapex, M|48/100
|move|p2a: Tornadus|Knock Off|p1a: ;)
|-damage|p1a: ;)|36/100
|-enditem|p1a: ;)|Shed Shell|[from] move: Knock Off|[of] p2a: Tornadus
|
|-damage|p2a: Tornadus|82/100 tox|[from] psn
|upkeep
|turn|20
|
|t:|1662730554
|switch|p1a: HitEmFromTheEast|Gastrodon-East, M|77/100
|move|p2a: Tornadus|U-turn|p1a: HitEmFromTheEast
|-damage|p1a: HitEmFromTheEast|62/100
|
|t:|1662730573
|switch|p2a: Slowbro|Slowbro, M|100/100 brn|[from]move: U-turn
|
|-heal|p1a: HitEmFromTheEast|68/100|[from] item: Leftovers
|-damage|p2a: Slowbro|94/100 brn|[from] brn
|upkeep
|turn|21
|
|t:|1662730579
|move|p1a: HitEmFromTheEast|Earthquake|p2a: Slowbro
|-damage|p2a: Slowbro|77/100 brn
|move|p2a: Slowbro|Future Sight|p1a: HitEmFromTheEast
|-start|p2a: Slowbro|move: Future Sight
|
|-heal|p1a: HitEmFromTheEast|74/100|[from] item: Leftovers
|-damage|p2a: Slowbro|71/100 brn|[from] brn
|upkeep
|turn|22
|
|t:|1662730588
|switch|p1a: Caw Bitch|Corviknight, M|100/100
|-ability|p1a: Caw Bitch|Pressure
|move|p2a: Slowbro|Teleport|p2a: Slowbro
|
|t:|1662730592
|switch|p2a: Blaziken|Blaziken, M|92/100|[from]move: Teleport
|
|-heal|p2a: Blaziken|98/100|[from] item: Leftovers
|upkeep
|turn|23
|
|t:|1662730597
|switch|p1a: ;)|Toxapex, M|69/100
|move|p2a: Blaziken|Flare Blitz|p1a: ;)
|-resisted|p1a: ;)
|-damage|p1a: ;)|50/100
|-damage|p2a: Blaziken|92/100|[from] Recoil
|
|-end|p1a: ;)|move: Future Sight
|-supereffective|p1a: ;)
|-damage|p1a: ;)|0 fnt
|faint|p1a: ;)
|-heal|p2a: Blaziken|98/100|[from] item: Leftovers
|-ability|p2a: Blaziken|Speed Boost|boost
|-boost|p2a: Blaziken|spe|1
|upkeep
|
|t:|1662730608
|switch|p1a: Treble|Clefable, F|75/100
|turn|24
|
|t:|1662730614
|move|p2a: Blaziken|Flare Blitz|p1a: Treble
|-crit|p1a: Treble
|-damage|p1a: Treble|0 fnt
|faint|p1a: Treble
|-damage|p2a: Blaziken|70/100|[from] Recoil
|
|-heal|p2a: Blaziken|76/100|[from] item: Leftovers
|-ability|p2a: Blaziken|Speed Boost|boost
|-boost|p2a: Blaziken|spe|1
|upkeep
|
|t:|1662730629
|switch|p1a: HitEmFromTheEast|Gastrodon-East, M|74/100
|turn|25
|
|t:|1662730639
|switch|p2a: Slowbro|Slowbro, M|100/100 brn
|move|p1a: HitEmFromTheEast|Earthquake|p2a: Slowbro
|-damage|p2a: Slowbro|84/100 brn
|
|-heal|p1a: HitEmFromTheEast|80/100|[from] item: Leftovers
|-damage|p2a: Slowbro|78/100 brn|[from] brn
|upkeep
|turn|26
|
|t:|1662730649
|switch|p1a: thicc|Blissey, F|82/100
|move|p2a: Slowbro|Toxic|p1a: thicc|[miss]
|-miss|p2a: Slowbro|p1a: thicc
|
|-damage|p2a: Slowbro|72/100 brn|[from] brn
|upkeep
|turn|27
|
|t:|1662730660
|switch|p1a: Caw Bitch|Corviknight, M|100/100
|-ability|p1a: Caw Bitch|Pressure
|move|p2a: Slowbro|Future Sight|p1a: Caw Bitch
|-start|p2a: Slowbro|move: Future Sight
|
|-damage|p2a: Slowbro|66/100 brn|[from] brn
|upkeep
|turn|28
|
|t:|1662730666
|move|p1a: Caw Bitch|Iron Defense|p1a: Caw Bitch
|-boost|p1a: Caw Bitch|def|2
|move|p2a: Slowbro|Teleport|p2a: Slowbro
|
|t:|1662730686
|switch|p2a: Blaziken|Blaziken, M|76/100|[from]move: Teleport
|
|-heal|p2a: Blaziken|82/100|[from] item: Leftovers
|upkeep
|turn|29
|
|t:|1662730691
|move|p2a: Blaziken|Swords Dance|p2a: Blaziken
|-boost|p2a: Blaziken|atk|2
|move|p1a: Caw Bitch|Roost||[still]
|-fail|p1a: Caw Bitch|heal
|
|-end|p1a: Caw Bitch|move: Future Sight
|-resisted|p1a: Caw Bitch
|-damage|p1a: Caw Bitch|83/100
|-heal|p2a: Blaziken|88/100|[from] item: Leftovers
|-heal|p1a: Caw Bitch|89/100|[from] item: Leftovers
|-ability|p2a: Blaziken|Speed Boost|boost
|-boost|p2a: Blaziken|spe|1
|upkeep
|turn|30
|
|t:|1662730696
|move|p2a: Blaziken|Flare Blitz|p1a: Caw Bitch
|-supereffective|p1a: Caw Bitch
|-damage|p1a: Caw Bitch|5/100
|-damage|p2a: Blaziken|55/100|[from] Recoil
|move|p1a: Caw Bitch|Iron Defense|p1a: Caw Bitch
|-boost|p1a: Caw Bitch|def|2
|
|-heal|p2a: Blaziken|62/100|[from] item: Leftovers
|-heal|p1a: Caw Bitch|12/100|[from] item: Leftovers
|-ability|p2a: Blaziken|Speed Boost|boost
|-boost|p2a: Blaziken|spe|1
|upkeep
|turn|31
|
|t:|1662730713
|move|p2a: Blaziken|Close Combat|p1a: Caw Bitch
|-damage|p1a: Caw Bitch|0 fnt
|-unboost|p2a: Blaziken|def|1
|-unboost|p2a: Blaziken|spd|1
|faint|p1a: Caw Bitch
|
|-heal|p2a: Blaziken|68/100|[from] item: Leftovers
|-ability|p2a: Blaziken|Speed Boost|boost
|-boost|p2a: Blaziken|spe|1
|upkeep
|
|t:|1662730718
|switch|p1a: HitEmFromTheEast|Gastrodon-East, M|80/100
|turn|32
|inactive|MOBILE GOAT has 120 seconds left.
|
|t:|1662730766
|move|p2a: Blaziken|Close Combat|p1a: HitEmFromTheEast
|-damage|p1a: HitEmFromTheEast|0 fnt
|-unboost|p2a: Blaziken|def|1
|-unboost|p2a: Blaziken|spd|1
|faint|p1a: HitEmFromTheEast
|
|-heal|p2a: Blaziken|74/100|[from] item: Leftovers
|-ability|p2a: Blaziken|Speed Boost|boost
|-boost|p2a: Blaziken|spe|1
|upkeep
|
|t:|1662730770
|switch|p1a: SWOLE|Buzzwole, shiny|100/100
|turn|33
|
|t:|1662730774
|move|p2a: Blaziken|Flare Blitz|p1a: SWOLE
|-supereffective|p1a: SWOLE
|-damage|p1a: SWOLE|0 fnt
|faint|p1a: SWOLE
|-damage|p2a: Blaziken|33/100|[from] Recoil
|
|-heal|p2a: Blaziken|39/100|[from] item: Leftovers
|-ability|p2a: Blaziken|Speed Boost|boost
|-boost|p2a: Blaziken|spe|1
|upkeep
|
|t:|1662730777
|switch|p1a: thicc|Blissey, F|82/100
|turn|34
|
|t:|1662730781
|move|p2a: Blaziken|Close Combat|p1a: thicc
|-supereffective|p1a: thicc
|-damage|p1a: thicc|0 fnt
|-unboost|p2a: Blaziken|def|1
|-unboost|p2a: Blaziken|spd|1
|faint|p1a: thicc
|
|win|MOBILE GOAT
|raw|Cowsrule247's rating: 1501 &rarr; <strong>1482</strong><br />(-19 for losing)
|raw|MOBILE GOAT's rating: 1514 &rarr; <strong>1533</strong><br />(+19 for winning)
|l|☆Cowsrule247
