|j|☆Landon✘A21
|j|☆Pinkacross
|inactive|Battle timer is ON: inactive players will automatically lose when time's up.
|t:|1656544316
|gametype|singles
|player|p1|Landon✘A21|klara|
|player|p2|Pinkacross|artist|
|teamsize|p1|6
|teamsize|p2|6
|gen|8
|tier|[Gen 8] OU
|rated|Tournament battle
|rule|Sleep Clause Mod: Limit one foe put to sleep
|rule|Species Clause: Limit one of each Pokémon
|rule|OHKO Clause: OHKO moves are banned
|rule|Evasion Moves Clause: Evasion moves are banned
|rule|Endless Battle Clause: Forcing endless battles is banned
|rule|HP Percentage Mod: HP is shown in percentages
|rule|Dynamax Clause: You cannot dynamax
|clearpoke
|poke|p1|Necrozma|
|poke|p1|Dragapult, M|
|poke|p1|Tapu Fini|
|poke|p1|Zapdos|
|poke|p1|Hippowdon, F|
|poke|p1|Melmetal|
|poke|p2|Nihilego|
|poke|p2|Tapu Lele|
|poke|p2|Ferrothorn, M|
|poke|p2|Diggersby, F|
|poke|p2|Slowbro, M|
|poke|p2|Tornadus-Therian, M|
|teampreview
|j| zReptar
|c|☆Pinkacross|hf
|j| Zaza BitchuLia
|c|☆Landon✘A21|same.
|j| jackasx1
|
|t:|1656544337
|start
|switch|p1a: Dragapult|Dragapult, M|100/100
|switch|p2a: Diggersby|Diggersby, F|100/100
|turn|1
|c| jackasx1|hf :)
|
|t:|1656544361
|switch|p2a: Tornadus|Tornadus-Therian, M|100/100
|move|p1a: Dragapult|U-turn|p2a: Tornadus
|-resisted|p2a: Tornadus
|-crit|p2a: Tornadus
|-damage|p2a: Tornadus|70/100
|
|t:|1656544369
|switch|p1a: Zapdos|Zapdos|100/100|[from]move: U-turn
|
|upkeep
|turn|2
|l| Zaza BitchuLia
|
|t:|1656544378
|switch|p2a: Diggersby|Diggersby, F|100/100
|switch|p1a: Dragapult|Dragapult, M|100/100
|
|upkeep
|turn|3
|
|t:|1656544386
|switch|p2a: Ferrothorn|Ferrothorn, M|100/100
|move|p1a: Dragapult|Dragon Darts|p2a: Ferrothorn
|-resisted|p2a: Ferrothorn
|-damage|p2a: Ferrothorn|89/100
|-anim|p1a: Dragapult|Dragon Darts|p2a: Ferrothorn
|-resisted|p2a: Ferrothorn
|-damage|p2a: Ferrothorn|78/100
|
|upkeep
|turn|4
|
|t:|1656544392
|switch|p1a: Zapdos|Zapdos|100/100
|move|p2a: Ferrothorn|Stealth Rock|p1a: Zapdos
|-sidestart|p1: Landon✘A21|move: Stealth Rock
|
|upkeep
|turn|5
|
|t:|1656544395
|switch|p2a: Nihilego|Nihilego|100/100
|move|p1a: Zapdos|Hurricane|p2a: Nihilego
|-resisted|p2a: Nihilego
|-damage|p2a: Nihilego|82/100
|
|upkeep
|turn|6
|
|t:|1656544403
|switch|p1a: Hippowdon|Hippowdon, F|100/100
|-damage|p1a: Hippowdon|94/100|[from] Stealth Rock
|-weather|Sandstorm|[from] ability: Sand Stream|[of] p1a: Hippowdon
|move|p2a: Nihilego|Power Gem|p1a: Hippowdon
|-resisted|p1a: Hippowdon
|-damage|p1a: Hippowdon|71/100
|
|-weather|Sandstorm|[upkeep]
|-heal|p1a: Hippowdon|77/100|[from] item: Leftovers
|upkeep
|turn|7
|j|%Sww-Suwa
|
|t:|1656544411
|switch|p2a: Diggersby|Diggersby, F|100/100
|move|p1a: Hippowdon|Toxic|p2a: Diggersby
|-status|p2a: Diggersby|tox
|
|-weather|Sandstorm|[upkeep]
|-heal|p1a: Hippowdon|83/100|[from] item: Leftovers
|-damage|p2a: Diggersby|94/100 tox|[from] psn
|upkeep
|turn|8
|
|t:|1656544416
|move|p2a: Diggersby|Body Slam|p1a: Hippowdon
|-damage|p1a: Hippowdon|26/100
|move|p1a: Hippowdon|Slack Off|p1a: Hippowdon
|-heal|p1a: Hippowdon|76/100
|
|-weather|Sandstorm|[upkeep]
|-heal|p1a: Hippowdon|82/100|[from] item: Leftovers
|-damage|p2a: Diggersby|82/100 tox|[from] psn
|upkeep
|turn|9
|j| prof dankness
|
|t:|1656544442
|switch|p2a: Ferrothorn|Ferrothorn, M|78/100
|switch|p1a: Dragapult|Dragapult, M|100/100
|-damage|p1a: Dragapult|88/100|[from] Stealth Rock
|
|-weather|Sandstorm|[upkeep]
|-damage|p1a: Dragapult|82/100|[from] Sandstorm
|upkeep
|turn|10
|
|t:|1656544445
|switch|p1a: Zapdos|Zapdos|100/100
|move|p2a: Ferrothorn|Knock Off|p1a: Zapdos
|-damage|p1a: Zapdos|84/100
|-enditem|p1a: Zapdos|Heavy-Duty Boots|[from] move: Knock Off|[of] p2a: Ferrothorn
|
|-weather|none
|upkeep
|turn|11
|
|t:|1656544450
|move|p1a: Zapdos|Defog|p2a: Ferrothorn
|-unboost|p2a: Ferrothorn|evasion|1
|-sideend|p1: Landon✘A21|Stealth Rock|[from] move: Defog|[of] p1a: Zapdos
|move|p2a: Ferrothorn|Leech Seed|p1a: Zapdos
|-start|p1a: Zapdos|move: Leech Seed
|
|-damage|p1a: Zapdos|71/100|[from] Leech Seed|[of] p2a: Ferrothorn
|-heal|p2a: Ferrothorn|91/100|[silent]
|upkeep
|turn|12
|j| Barracades
|
|t:|1656544464
|move|p1a: Zapdos|Volt Switch|p2a: Ferrothorn
|-resisted|p2a: Ferrothorn
|-crit|p2a: Ferrothorn
|-damage|p2a: Ferrothorn|73/100
|
|t:|1656544467
|switch|p1a: Necrozma|Necrozma|100/100|[from]move: Volt Switch
|move|p2a: Ferrothorn|Stealth Rock|p1a: Necrozma
|-sidestart|p1: Landon✘A21|move: Stealth Rock
|
|upkeep
|turn|13
|j| Theoko
|
|t:|1656544477
|switch|p1a: Zapdos|Zapdos|71/100
|-damage|p1a: Zapdos|46/100|[from] Stealth Rock
|switch|p2a: Tornadus|Tornadus-Therian, M|100/100
|
|upkeep
|turn|14
|
|t:|1656544479
|move|p2a: Tornadus|Taunt|p1a: Zapdos
|-start|p1a: Zapdos|move: Taunt
|cant|p1a: Zapdos|move: Taunt|Roost
|
|upkeep
|turn|15
|
|t:|1656544484
|switch|p2a: Diggersby|Diggersby, F|82/100 tox
|move|p1a: Zapdos|Hurricane|p2a: Diggersby|[miss]
|-miss|p1a: Zapdos|p2a: Diggersby
|
|-damage|p2a: Diggersby|76/100 tox|[from] psn
|upkeep
|turn|16
|c|☆Pinkacross|srry
|c|☆Landon✘A21|all g
|
|t:|1656544500
|switch|p2a: Nihilego|Nihilego|82/100
|move|p1a: Zapdos|Hurricane|p2a: Nihilego
|-resisted|p2a: Nihilego
|-damage|p2a: Nihilego|65/100
|
|-end|p1a: Zapdos|move: Taunt
|upkeep
|turn|17
|
|t:|1656544506
|switch|p1a: Hippowdon|Hippowdon, F|82/100
|-damage|p1a: Hippowdon|76/100|[from] Stealth Rock
|-weather|Sandstorm|[from] ability: Sand Stream|[of] p1a: Hippowdon
|move|p2a: Nihilego|Power Gem|p1a: Hippowdon
|-resisted|p1a: Hippowdon
|-damage|p1a: Hippowdon|54/100
|
|-weather|Sandstorm|[upkeep]
|-heal|p1a: Hippowdon|60/100|[from] item: Leftovers
|upkeep
|turn|18
|
|t:|1656544510
|switch|p2a: Tornadus|Tornadus-Therian, M|100/100
|move|p1a: Hippowdon|Slack Off|p1a: Hippowdon
|-heal|p1a: Hippowdon|100/100
|
|-weather|Sandstorm|[upkeep]
|-damage|p2a: Tornadus|94/100|[from] Sandstorm
|upkeep
|turn|19
|l| zReptar
|
|t:|1656544517
|switch|p1a: Melmetal|Melmetal|100/100
|-damage|p1a: Melmetal|94/100|[from] Stealth Rock
|move|p2a: Tornadus|Taunt|p1a: Melmetal
|-start|p1a: Melmetal|move: Taunt
|
|-weather|Sandstorm|[upkeep]
|-damage|p2a: Tornadus|88/100|[from] Sandstorm
|upkeep
|turn|20
|
|t:|1656544524
|move|p2a: Tornadus|U-turn|p1a: Melmetal
|-resisted|p1a: Melmetal
|-damage|p1a: Melmetal|90/100
|
|t:|1656544525
|switch|p2a: Ferrothorn|Ferrothorn, M|73/100|[from]move: U-turn
|move|p1a: Melmetal|Thunder Punch|p2a: Ferrothorn
|-resisted|p2a: Ferrothorn
|-damage|p2a: Ferrothorn|57/100
|-damage|p1a: Melmetal|78/100|[from] ability: Iron Barbs|[of] p2a: Ferrothorn
|-damage|p1a: Melmetal|61/100|[from] item: Rocky Helmet|[of] p2a: Ferrothorn
|
|-weather|Sandstorm|[upkeep]
|upkeep
|turn|21
|
|t:|1656544533
|switch|p1a: Tapu Fini|Tapu Fini|100/100
|-damage|p1a: Tapu Fini|88/100|[from] Stealth Rock
|-fieldstart|move: Misty Terrain|[from] ability: Misty Surge|[of] p1a: Tapu Fini
|move|p2a: Ferrothorn|Knock Off|p1a: Tapu Fini
|-resisted|p1a: Tapu Fini
|-damage|p1a: Tapu Fini|80/100
|-enditem|p1a: Tapu Fini|Leftovers|[from] move: Knock Off|[of] p2a: Ferrothorn
|
|-weather|none
|upkeep
|turn|22
|
|t:|1656544537
|switch|p2a: Nihilego|Nihilego|65/100
|move|p1a: Tapu Fini|Whirlpool|p2a: Nihilego|[miss]
|-miss|p1a: Tapu Fini|p2a: Nihilego
|
|upkeep
|turn|23
|
|t:|1656544545
|switch|p1a: Hippowdon|Hippowdon, F|100/100
|-damage|p1a: Hippowdon|94/100|[from] Stealth Rock
|-weather|Sandstorm|[from] ability: Sand Stream|[of] p1a: Hippowdon
|move|p2a: Nihilego|Grass Knot|p1a: Hippowdon
|-supereffective|p1a: Hippowdon
|-damage|p1a: Hippowdon|8/100
|
|-weather|Sandstorm|[upkeep]
|-heal|p1a: Hippowdon|15/100|[from] item: Leftovers
|upkeep
|turn|24
|
|t:|1656544551
|move|p2a: Nihilego|Grass Knot|p1a: Hippowdon
|-supereffective|p1a: Hippowdon
|-damage|p1a: Hippowdon|0 fnt
|faint|p1a: Hippowdon
|-ability|p2a: Nihilego|Beast Boost|boost
|-boost|p2a: Nihilego|spa|1
|
|-weather|Sandstorm|[upkeep]
|upkeep
|
|t:|1656544555
|switch|p1a: Necrozma|Necrozma|100/100
|-damage|p1a: Necrozma|88/100|[from] Stealth Rock
|turn|25
|
|t:|1656544560
|switch|p2a: Slowbro|Slowbro, M|100/100
|move|p1a: Necrozma|Autotomize|p1a: Necrozma
|-boost|p1a: Necrozma|spe|2
|-start|p1a: Necrozma|Autotomize
|
|-weather|Sandstorm|[upkeep]
|-damage|p1a: Necrozma|82/100|[from] Sandstorm
|-damage|p2a: Slowbro|94/100|[from] Sandstorm
|-fieldend|Misty Terrain
|upkeep
|turn|26
|
|t:|1656544562
|move|p1a: Necrozma|Meteor Beam||[still]
|-prepare|p1a: Necrozma|Meteor Beam
|-boost|p1a: Necrozma|spa|1
|-enditem|p1a: Necrozma|Power Herb
|-anim|p1a: Necrozma|Meteor Beam|p2a: Slowbro
|-damage|p2a: Slowbro|54/100
|move|p2a: Slowbro|Scald|p1a: Necrozma
|-damage|p1a: Necrozma|51/100
|
|-weather|Sandstorm|[upkeep]
|-damage|p1a: Necrozma|45/100|[from] Sandstorm
|-damage|p2a: Slowbro|48/100|[from] Sandstorm
|upkeep
|turn|27
|
|t:|1656544570
|move|p1a: Necrozma|Meteor Beam||[still]
|-prepare|p1a: Necrozma|Meteor Beam
|-boost|p1a: Necrozma|spa|1
|move|p2a: Slowbro|Slack Off|p2a: Slowbro
|-heal|p2a: Slowbro|98/100
|
|-weather|none
|upkeep
|turn|28
|
|t:|1656544572
|move|p1a: Necrozma|Meteor Beam|p2a: Slowbro|[from]lockedmove|[miss]
|-miss|p1a: Necrozma|p2a: Slowbro
|move|p2a: Slowbro|Scald|p1a: Necrozma
|-damage|p1a: Necrozma|16/100
|-status|p1a: Necrozma|brn
|
|-damage|p1a: Necrozma|10/100 brn|[from] brn
|upkeep
|turn|29
|c|☆Pinkacross|srry
|-message|Landon✘A21 forfeited.
|
|win|Pinkacross
|n|☆Landon✘A21|landona21
|n|☆Pinkacross|pinkacross
|n| jackasx1|jackasx1
|n| Sww-Suwa|swwsuwa
|n| prof dankness|profdankness
|n| Barracades|barracades
|n| Theoko|theoko
|l|☆Landon✘A21
|c|☆Pinkacross|gg
