|j|☆Poopooppoop
|j|☆IIIodyne
|inactive|Battle timer is ON: inactive players will automatically lose when time's up.
|t:|1667098857
|gametype|singles
|player|p1|Poopooppoop|arezu|
|player|p2|IIIodyne|102|
|teamsize|p1|6
|teamsize|p2|6
|gen|8
|tier|[Gen 8] OU
|rated|Tournament battle
|rule|Sleep Clause Mod: Limit one foe put to sleep
|rule|Species Clause: Limit one of each Pokémon
|rule|OHKO Clause: OHKO moves are banned
|rule|Evasion Items Clause: Evasion items are banned
|rule|Evasion Moves Clause: Evasion moves are banned
|rule|Endless Battle Clause: Forcing endless battles is banned
|rule|HP Percentage Mod: HP is shown in percentages
|rule|Dynamax Clause: You cannot dynamax
|clearpoke
|poke|p1|Urshifu-*, M|
|poke|p1|Tyranitar, M|
|poke|p1|Excadrill, M|
|poke|p1|Zapdos|
|poke|p1|Ferrothorn, M|
|poke|p1|Tapu Lele|
|poke|p2|Snorlax, F|
|poke|p2|Suicune|
|poke|p2|Melmetal|
|poke|p2|Victini|
|poke|p2|Landorus-Therian, M|
|poke|p2|Zapdos|
|teampreview
|inactive|IIIodyne also wants the timer to be on.
|c|☆IIIodyne|hf
|inactive|Poopooppoop has 120 seconds left.
|j| lowelofunn
|inactive|Poopooppoop has 90 seconds left.
|inactive|Poopooppoop has 60 seconds left.
|inactive|Poopooppoop has 30 seconds left.
|inactive|Poopooppoop has 20 seconds left.
|
|t:|1667098987
|start
|switch|p1a: Ferrothorn|Ferrothorn, M|100/100
|switch|p2a: Victini|Victini|100/100
|turn|1
|
|t:|1667098998
|switch|p1a: Tyranitar|Tyranitar, M|100/100
|-weather|Sandstorm|[from] ability: Sand Stream|[of] p1a: Tyranitar
|move|p2a: Victini|V-create|p1a: Tyranitar
|-resisted|p1a: Tyranitar
|-damage|p1a: Tyranitar|51/100
|-unboost|p2a: Victini|spe|1
|-unboost|p2a: Victini|def|1
|-unboost|p2a: Victini|spd|1
|
|-weather|Sandstorm|[upkeep]
|-damage|p2a: Victini|94/100|[from] Sandstorm
|upkeep
|turn|2
|
|t:|1667099012
|switch|p2a: Melmetal|Melmetal|100/100
|move|p1a: Tyranitar|Ice Punch|p2a: Melmetal
|-resisted|p2a: Melmetal
|-damage|p2a: Melmetal|86/100
|-status|p2a: Melmetal|frz
|
|-weather|Sandstorm|[upkeep]
|upkeep
|turn|3
|c|☆IIIodyne|bro
|
|t:|1667099021
|switch|p1a: Ferrothorn|Ferrothorn, M|100/100
|cant|p2a: Melmetal|frz
|
|-weather|Sandstorm|[upkeep]
|upkeep
|turn|4
|
|t:|1667099026
|switch|p2a: Zapdos|Zapdos|100/100
|move|p1a: Ferrothorn|Stealth Rock|p2a: Zapdos
|-sidestart|p2: IIIodyne|move: Stealth Rock
|
|-weather|Sandstorm|[upkeep]
|-damage|p2a: Zapdos|94/100|[from] Sandstorm
|upkeep
|turn|5
|
|t:|1667099033
|move|p2a: Zapdos|Defog|p1a: Ferrothorn
|-unboost|p1a: Ferrothorn|evasion|1
|-sideend|p2: IIIodyne|Stealth Rock|[from] move: Defog|[of] p2a: Zapdos
|move|p1a: Ferrothorn|Knock Off|p2a: Zapdos
|-damage|p2a: Zapdos|71/100
|-status|p1a: Ferrothorn|par|[from] ability: Static|[of] p2a: Zapdos
|-enditem|p2a: Zapdos|Heavy-Duty Boots|[from] move: Knock Off|[of] p1a: Ferrothorn
|
|-weather|none
|upkeep
|turn|6
|j| freerobuxman!
|
|t:|1667099048
|move|p2a: Zapdos|Volt Switch|p1a: Ferrothorn
|-resisted|p1a: Ferrothorn
|-damage|p1a: Ferrothorn|87/100 par
|
|t:|1667099051
|switch|p2a: Victini|Victini|94/100|[from]move: Volt Switch
|move|p1a: Ferrothorn|Stealth Rock|p2a: Victini
|-sidestart|p2: IIIodyne|move: Stealth Rock
|
|-heal|p1a: Ferrothorn|93/100 par|[from] item: Leftovers
|upkeep
|turn|7
|
|t:|1667099064
|switch|p1a: Tyranitar|Tyranitar, M|51/100
|-weather|Sandstorm|[from] ability: Sand Stream|[of] p1a: Tyranitar
|move|p2a: Victini|V-create|p1a: Tyranitar
|-resisted|p1a: Tyranitar
|-damage|p1a: Tyranitar|0 fnt
|-unboost|p2a: Victini|spe|1
|-unboost|p2a: Victini|def|1
|-unboost|p2a: Victini|spd|1
|faint|p1a: Tyranitar
|
|-weather|Sandstorm|[upkeep]
|-damage|p2a: Victini|88/100|[from] Sandstorm
|upkeep
|inactive|Poopooppoop has 90 seconds left.
|
|t:|1667099089
|switch|p1a: Excadrill|Excadrill, M|100/100
|turn|8
|
|t:|1667099094
|switch|p2a: Landorus|Landorus-Therian, M|100/100
|-damage|p2a: Landorus|88/100|[from] Stealth Rock
|-ability|p2a: Landorus|Intimidate|boost
|-unboost|p1a: Excadrill|atk|1
|move|p1a: Excadrill|Rock Slide|p2a: Landorus
|-damage|p2a: Landorus|53/100
|
|-weather|Sandstorm|[upkeep]
|upkeep
|turn|9
|n| outd freerobuxman!|freerobuxman
|l| outd freerobuxman!
|
|t:|1667099116
|switch|p2a: Suicune|Suicune|100/100
|-damage|p2a: Suicune|88/100|[from] Stealth Rock
|-ability|p2a: Suicune|Pressure
|move|p1a: Excadrill|Rock Slide|p2a: Suicune
|-damage|p2a: Suicune|72/100
|
|-weather|Sandstorm|[upkeep]
|-damage|p2a: Suicune|66/100|[from] Sandstorm
|-heal|p2a: Suicune|72/100|[from] item: Leftovers
|upkeep
|turn|10
|
|t:|1667099126
|switch|p1a: Ferrothorn|Ferrothorn, M|93/100 par
|move|p2a: Suicune|Scald|p1a: Ferrothorn
|-resisted|p1a: Ferrothorn
|-damage|p1a: Ferrothorn|84/100 par
|
|-weather|Sandstorm|[upkeep]
|-damage|p2a: Suicune|66/100|[from] Sandstorm
|-heal|p2a: Suicune|72/100|[from] item: Leftovers
|-heal|p1a: Ferrothorn|90/100 par|[from] item: Leftovers
|upkeep
|turn|11
|
|t:|1667099132
|switch|p2a: Zapdos|Zapdos|71/100
|-damage|p2a: Zapdos|47/100|[from] Stealth Rock
|move|p1a: Ferrothorn|Knock Off|p2a: Zapdos
|-damage|p2a: Zapdos|30/100
|
|-weather|none
|-heal|p1a: Ferrothorn|96/100 par|[from] item: Leftovers
|upkeep
|turn|12
|
|t:|1667099139
|move|p2a: Zapdos|Defog|p1a: Ferrothorn
|-unboost|p1a: Ferrothorn|evasion|1
|-sideend|p2: IIIodyne|Stealth Rock|[from] move: Defog|[of] p2a: Zapdos
|move|p1a: Ferrothorn|Leech Seed|p2a: Zapdos
|-start|p2a: Zapdos|move: Leech Seed
|
|-heal|p1a: Ferrothorn|100/100 par|[from] item: Leftovers
|-damage|p2a: Zapdos|17/100|[from] Leech Seed|[of] p1a: Ferrothorn
|upkeep
|turn|13
|
|t:|1667099143
|move|p2a: Zapdos|Heat Wave|p1a: Ferrothorn
|-supereffective|p1a: Ferrothorn
|-damage|p1a: Ferrothorn|6/100 par
|move|p1a: Ferrothorn|Stealth Rock|p2a: Zapdos
|-sidestart|p2: IIIodyne|move: Stealth Rock
|
|-heal|p1a: Ferrothorn|12/100 par|[from] item: Leftovers
|-damage|p2a: Zapdos|5/100|[from] Leech Seed|[of] p1a: Ferrothorn
|-heal|p1a: Ferrothorn|24/100 par|[silent]
|upkeep
|turn|14
|inactive|Poopooppoop has 120 seconds left.
|
|t:|1667099155
|move|p2a: Zapdos|Heat Wave|p1a: Ferrothorn
|-supereffective|p1a: Ferrothorn
|-damage|p1a: Ferrothorn|0 fnt
|faint|p1a: Ferrothorn
|
|upkeep
|
|t:|1667099168
|switch|p1a: Tapu Lele|Tapu Lele, shiny|100/100
|-fieldstart|move: Psychic Terrain|[from] ability: Psychic Surge|[of] p1a: Tapu Lele
|turn|15
|inactive|Poopooppoop has 90 seconds left.
|
|t:|1667099215
|switch|p1a: Excadrill|Excadrill, M|100/100
|move|p2a: Zapdos|Defog|p1a: Excadrill
|-unboost|p1a: Excadrill|evasion|1
|-sideend|p2: IIIodyne|Stealth Rock|[from] move: Defog|[of] p2a: Zapdos
|-fieldend|move: Psychic Terrain
|
|-damage|p2a: Zapdos|0 fnt|[from] Leech Seed|[of] p1a: Excadrill
|faint|p2a: Zapdos
|upkeep
|
|t:|1667099229
|switch|p2a: Landorus|Landorus-Therian, M|53/100
|-ability|p2a: Landorus|Intimidate|boost
|-unboost|p1a: Excadrill|atk|1
|turn|16
|
|t:|1667099237
|switch|p2a: Melmetal|Melmetal|86/100 frz
|switch|p1a: Zapdos|Zapdos|100/100
|
|upkeep
|turn|17
|inactive|Poopooppoop has 90 seconds left.
|
|t:|1667099243
|move|p1a: Zapdos|Volt Switch|p2a: Melmetal
|-damage|p2a: Melmetal|67/100 frz
|
|t:|1667099245
|switch|p1a: Urshifu|Urshifu-Rapid-Strike, M|100/100|[from]move: Volt Switch
|cant|p2a: Melmetal|frz
|
|upkeep
|turn|18
|
|t:|1667099250
|move|p1a: Urshifu|Surging Strikes|p2a: Melmetal
|-crit|p2a: Melmetal
|-damage|p2a: Melmetal|55/100 frz
|-crit|p2a: Melmetal
|-damage|p2a: Melmetal|42/100 frz
|-crit|p2a: Melmetal
|-damage|p2a: Melmetal|30/100 frz
|-hitcount|p2a: Melmetal|3
|cant|p2a: Melmetal|frz
|
|upkeep
|turn|19
|
|t:|1667099269
|move|p1a: Urshifu|Close Combat|p2a: Melmetal
|-supereffective|p2a: Melmetal
|-damage|p2a: Melmetal|0 fnt
|-unboost|p1a: Urshifu|def|1
|-unboost|p1a: Urshifu|spd|1
|faint|p2a: Melmetal
|
|upkeep
|
|t:|1667099285
|switch|p2a: Suicune|Suicune|72/100
|-ability|p2a: Suicune|Pressure
|turn|20
|
|t:|1667099290
|switch|p2a: Victini|Victini|88/100
|move|p1a: Urshifu|Close Combat|p2a: Victini
|-resisted|p2a: Victini
|-damage|p2a: Victini|57/100
|-unboost|p1a: Urshifu|def|1
|-unboost|p1a: Urshifu|spd|1
|
|upkeep
|turn|21
|
|t:|1667099305
|switch|p1a: Zapdos|Zapdos|100/100
|move|p2a: Victini|V-create|p1a: Zapdos
|-damage|p1a: Zapdos|16/100
|-unboost|p2a: Victini|spe|1
|-unboost|p2a: Victini|def|1
|-unboost|p2a: Victini|spd|1
|-status|p2a: Victini|par|[from] ability: Static|[of] p1a: Zapdos
|
|upkeep
|turn|22
|
|t:|1667099324
|switch|p2a: Landorus|Landorus-Therian, M|53/100
|-ability|p2a: Landorus|Intimidate|boost
|-unboost|p1a: Zapdos|atk|1
|move|p1a: Zapdos|Roost|p1a: Zapdos
|-heal|p1a: Zapdos|66/100
|-singleturn|p1a: Zapdos|move: Roost
|
|upkeep
|turn|23
|
|t:|1667099329
|move|p2a: Landorus|Stone Edge|p1a: Zapdos
|-supereffective|p1a: Zapdos
|-damage|p1a: Zapdos|10/100
|move|p1a: Zapdos|Hurricane|p2a: Landorus|[miss]
|-miss|p1a: Zapdos|p2a: Landorus
|
|upkeep
|turn|24
|
|t:|1667099347
|switch|p2a: Suicune|Suicune|72/100
|-ability|p2a: Suicune|Pressure
|switch|p1a: Excadrill|Excadrill, M|100/100
|
|-heal|p2a: Suicune|78/100|[from] item: Leftovers
|upkeep
|turn|25
|
|t:|1667099358
|move|p1a: Excadrill|Rock Slide|p2a: Suicune
|-damage|p2a: Suicune|52/100
|cant|p2a: Suicune|flinch
|
|-heal|p2a: Suicune|58/100|[from] item: Leftovers
|upkeep
|turn|26
|
|t:|1667099364
|switch|p1a: Tapu Lele|Tapu Lele, shiny|100/100
|-fieldstart|move: Psychic Terrain|[from] ability: Psychic Surge|[of] p1a: Tapu Lele
|move|p2a: Suicune|Scald|p1a: Tapu Lele
|-damage|p1a: Tapu Lele|75/100
|-status|p1a: Tapu Lele|brn
|
|-heal|p2a: Suicune|64/100|[from] item: Leftovers
|-damage|p1a: Tapu Lele|68/100 brn|[from] brn
|upkeep
|turn|27
|
|t:|1667099369
|switch|p2a: Victini|Victini|57/100 par
|move|p1a: Tapu Lele|Moonblast|p2a: Victini
|-resisted|p2a: Victini
|-damage|p2a: Victini|33/100 par
|-unboost|p2a: Victini|spa|1
|
|-damage|p1a: Tapu Lele|62/100 brn|[from] brn
|upkeep
|turn|28
|
|t:|1667099378
|move|p1a: Tapu Lele|Moonblast|p2a: Victini
|-resisted|p2a: Victini
|-damage|p2a: Victini|8/100 par
|cant|p2a: Victini|par
|
|-damage|p1a: Tapu Lele|56/100 brn|[from] brn
|upkeep
|turn|29
|
|t:|1667099383
|move|p1a: Tapu Lele|Moonblast|p2a: Victini
|-resisted|p2a: Victini
|-damage|p2a: Victini|0 fnt
|faint|p2a: Victini
|
|-damage|p1a: Tapu Lele|50/100 brn|[from] brn
|upkeep
|inactive|IIIodyne has 120 seconds left.
|
|t:|1667099417
|switch|p2a: Snorlax|Snorlax, F|100/100
|turn|30
|
|t:|1667099422
|move|p1a: Tapu Lele|Moonblast|p2a: Snorlax
|-damage|p2a: Snorlax|78/100
|move|p2a: Snorlax|Body Slam|p1a: Tapu Lele
|-damage|p1a: Tapu Lele|0 fnt
|faint|p1a: Tapu Lele
|
|-heal|p2a: Snorlax|84/100|[from] item: Leftovers
|-fieldend|move: Psychic Terrain
|upkeep
|
|t:|1667099427
|switch|p1a: Urshifu|Urshifu-Rapid-Strike, M|100/100
|turn|31
|
|t:|1667099432
|switch|p2a: Suicune|Suicune|64/100
|-ability|p2a: Suicune|Pressure
|move|p1a: Urshifu|Close Combat|p2a: Suicune
|-crit|p2a: Suicune
|-damage|p2a: Suicune|14/100
|-unboost|p1a: Urshifu|def|1
|-unboost|p1a: Urshifu|spd|1
|
|-heal|p2a: Suicune|20/100|[from] item: Leftovers
|upkeep
|turn|32
|j| follower of Christ
|
|t:|1667099443
|move|p1a: Urshifu|Close Combat|p2a: Suicune
|-damage|p2a: Suicune|0 fnt
|-unboost|p1a: Urshifu|def|1
|-unboost|p1a: Urshifu|spd|1
|faint|p2a: Suicune
|
|upkeep
|
|t:|1667099445
|switch|p2a: Landorus|Landorus-Therian, M|53/100
|-ability|p2a: Landorus|Intimidate|boost
|-unboost|p1a: Urshifu|atk|1
|turn|33
|
|t:|1667099452
|move|p2a: Landorus|Knock Off|p1a: Urshifu
|-resisted|p1a: Urshifu
|-damage|p1a: Urshifu|63/100
|-enditem|p1a: Urshifu|Protective Pads|[from] move: Knock Off|[of] p2a: Landorus
|move|p1a: Urshifu|Surging Strikes|p2a: Landorus
|-supereffective|p2a: Landorus
|-crit|p2a: Landorus
|-damage|p2a: Landorus|5/100
|-supereffective|p2a: Landorus
|-crit|p2a: Landorus
|-damage|p2a: Landorus|0 fnt
|faint|p2a: Landorus
|-hitcount|p2: Landorus|2
|
|upkeep
|
|t:|1667099457
|switch|p2a: Snorlax|Snorlax, F|84/100
|turn|34
|
|t:|1667099459
|move|p1a: Urshifu|Close Combat|p2a: Snorlax
|-supereffective|p2a: Snorlax
|-damage|p2a: Snorlax|12/100
|-unboost|p1a: Urshifu|def|1
|-unboost|p1a: Urshifu|spd|1
|move|p2a: Snorlax|Body Slam|p1a: Urshifu
|-damage|p1a: Urshifu|0 fnt
|faint|p1a: Urshifu
|
|-heal|p2a: Snorlax|18/100|[from] item: Leftovers
|upkeep
|
|t:|1667099463
|switch|p1a: Excadrill|Excadrill, M|100/100
|turn|35
|c|☆IIIodyne|nice freeze dude
|c|☆IIIodyne|gg
|
|t:|1667099476
|move|p1a: Excadrill|Iron Head|p2a: Snorlax
|-damage|p2a: Snorlax|0 fnt
|faint|p2a: Snorlax
|
|win|Poopooppoop
|n|☆Poopooppoop|poopooppoop
|n|☆IIIodyne|iiiodyne
|n| lowelofunn|lowelofunn
|n| follower of Christ|followerofchrist
|l| lowelofunn
|c| follower of Christ|gg wp
|l| follower of Christ
|c|☆Poopooppoop|Lmaoo
|l|☆Poopooppoop
|j|☆Poopooppoop
|player|p1|Poopooppoop|arezu
|j| SpookyPatata
|l| SpookyPatata
