|j|☆Trogba Trogba
|j|☆Goosius
|player|p1|Trogba Trogba|lance|
|player|p2|Goosius|alder|
|teamsize|p1|6
|teamsize|p2|6
|gametype|singles
|gen|8
|tier|[Gen 8] OU
|rated|Tournament battle
|clearpoke
|poke|p1|Hippowdon, F|
|poke|p1|Magearna|
|poke|p1|Urshifu-*, F|
|poke|p1|Rotom-Heat|
|poke|p1|Toxapex, M|
|poke|p1|Excadrill, F|
|poke|p2|Mew|
|poke|p2|Talonflame, M|
|poke|p2|Azumarill, M|
|poke|p2|Conkeldurr, M|
|poke|p2|Porygon-Z|
|poke|p2|Arcanine, F|
|rule|Sleep Clause Mod: Limit one foe put to sleep
|rule|Species Clause: Limit one of each Pokémon
|rule|OHKO Clause: OHKO moves are banned
|rule|Evasion Moves Clause: Evasion moves are banned
|rule|Endless Battle Clause: Forcing endless battles is banned
|rule|HP Percentage Mod: HP is shown in percentages
|rule|Dynamax Clause: You cannot dynamax
|teampreview
|j|*Lady Monita
|j| Malfunction
|c|☆Trogba Trogba|interesting team
|c|☆Trogba Trogba|I like it
|c|☆Goosius|thnx
|j| DavidYInaki
|c|☆Goosius|took me
|c|☆Goosius|3 minutes
|c|☆Goosius|:]
|
|start
|switch|p1a: Urshifu|Urshifu, F|100/100
|switch|p2a: Porygon-Z|Porygon-Z|100/100
|turn|1
|j| lllllkkkkk
|c|☆Goosius|What's it with all these people using urshifu
|
|switch|p2a: Arcanine|Arcanine, F|100/100
|-ability|p2a: Arcanine|Intimidate|boost
|-unboost|p1a: Urshifu|atk|1
|move|p1a: Urshifu|Wicked Blow|p2a: Arcanine
|-crit|p2a: Arcanine
|-damage|p2a: Arcanine|28/100
|
|upkeep
|turn|2
|c|☆Trogba Trogba|because it's broken
|
|switch|p2a: Conkeldurr|Conkeldurr, M|100/100
|move|p1a: Urshifu|Wicked Blow|p2a: Conkeldurr
|-resisted|p2a: Conkeldurr
|-crit|p2a: Conkeldurr
|-damage|p2a: Conkeldurr|56/100
|
|-status|p2a: Conkeldurr|brn|[from] item: Flame Orb
|upkeep
|turn|3
|
|switch|p1a: Hippowdon|Hippowdon, F|100/100
|-weather|Sandstorm|[from] ability: Sand Stream|[of] p1a: Hippowdon
|move|p2a: Conkeldurr|Drain Punch|p1a: Hippowdon
|-damage|p1a: Hippowdon|66/100
|-heal|p2a: Conkeldurr|74/100 brn|[from] drain|[of] p1a: Hippowdon
|-damage|p2a: Conkeldurr|58/100 brn|[from] item: Rocky Helmet|[of] p1a: Hippowdon
|
|-weather|Sandstorm|[upkeep]
|-damage|p2a: Conkeldurr|51/100 brn|[from] Sandstorm
|-damage|p2a: Conkeldurr|45/100 brn|[from] brn
|upkeep
|turn|4
|c|☆Goosius|don't know about that
|
|switch|p2a: Porygon-Z|Porygon-Z|100/100
|move|p1a: Hippowdon|Slack Off|p1a: Hippowdon
|-heal|p1a: Hippowdon|100/100
|
|-weather|Sandstorm|[upkeep]
|-damage|p2a: Porygon-Z|94/100|[from] Sandstorm
|upkeep
|turn|5
|j| ban drizzle lol
|
|switch|p1a: Toxapex|Toxapex, M|100/100
|move|p2a: Porygon-Z|Tri Attack|p1a: Toxapex
|-damage|p1a: Toxapex|40/100
|
|-weather|Sandstorm|[upkeep]
|-damage|p2a: Porygon-Z|88/100|[from] Sandstorm
|-damage|p1a: Toxapex|34/100|[from] Sandstorm
|-heal|p1a: Toxapex|40/100|[from] item: Black Sludge
|upkeep
|turn|6
|
|switch|p1a: Magearna|Magearna|100/100
|move|p2a: Porygon-Z|Tri Attack|p1a: Magearna
|-resisted|p1a: Magearna
|-damage|p1a: Magearna|55/100
|
|-weather|Sandstorm|[upkeep]
|-damage|p2a: Porygon-Z|82/100|[from] Sandstorm
|upkeep
|turn|7
|c| lllllkkkkk|Op
|
|switch|p2a: Mew|Mew|100/100
|move|p1a: Magearna|Fleur Cannon|p2a: Mew
|-damage|p2a: Mew|31/100
|-unboost|p1a: Magearna|spa|2
|
|-weather|none
|-heal|p2a: Mew|38/100|[from] item: Leftovers
|upkeep
|turn|8
|
|switch|p1a: Toxapex|Toxapex, M|74/100
|move|p2a: Mew|Stealth Rock|p1a: Toxapex
|-sidestart|p1: Trogba Trogba|move: Stealth Rock
|
|-heal|p2a: Mew|44/100|[from] item: Leftovers
|-heal|p1a: Toxapex|80/100|[from] item: Black Sludge
|upkeep
|turn|9
|c|☆Goosius|oh wait
|c|☆Goosius|it's the final
|c|☆Goosius|lol!
|
|switch|p2a: Conkeldurr|Conkeldurr, M|45/100 brn
|move|p1a: Toxapex|Toxic||[still]
|-fail|p1a: Toxapex
|
|-heal|p1a: Toxapex|86/100|[from] item: Black Sludge
|-damage|p2a: Conkeldurr|39/100 brn|[from] brn
|upkeep
|turn|10
|
|switch|p1a: Hippowdon|Hippowdon, F|100/100
|-damage|p1a: Hippowdon|94/100|[from] Stealth Rock
|-weather|Sandstorm|[from] ability: Sand Stream|[of] p1a: Hippowdon
|move|p2a: Conkeldurr|Earthquake|p1a: Hippowdon
|-damage|p1a: Hippowdon|61/100
|
|-weather|Sandstorm|[upkeep]
|-damage|p2a: Conkeldurr|33/100 brn|[from] Sandstorm
|-damage|p2a: Conkeldurr|27/100 brn|[from] brn
|upkeep
|turn|11
|
|switch|p2a: Azumarill|Azumarill, M|100/100
|move|p1a: Hippowdon|Earthquake|p2a: Azumarill
|-damage|p2a: Azumarill|63/100
|
|-weather|Sandstorm|[upkeep]
|-damage|p2a: Azumarill|57/100|[from] Sandstorm
|upkeep
|turn|12
|
|switch|p2a: Porygon-Z|Porygon-Z|82/100
|move|p1a: Hippowdon|Earthquake|p2a: Porygon-Z
|-damage|p2a: Porygon-Z|22/100
|
|-weather|Sandstorm|[upkeep]
|-damage|p2a: Porygon-Z|16/100|[from] Sandstorm
|upkeep
|turn|13
|
|switch|p1a: Toxapex|Toxapex, M|100/100
|-damage|p1a: Toxapex|88/100|[from] Stealth Rock
|move|p2a: Porygon-Z|Tri Attack|p1a: Toxapex
|-damage|p1a: Toxapex|30/100
|
|-weather|Sandstorm|[upkeep]
|-damage|p2a: Porygon-Z|10/100|[from] Sandstorm
|-damage|p1a: Toxapex|24/100|[from] Sandstorm
|-heal|p1a: Toxapex|30/100|[from] item: Black Sludge
|upkeep
|turn|14
|c| lllllkkkkk|Free hits bro
|
|switch|p1a: Excadrill|Excadrill, F|100/100
|-damage|p1a: Excadrill|97/100|[from] Stealth Rock
|move|p2a: Porygon-Z|Tri Attack|p1a: Excadrill
|-resisted|p1a: Excadrill
|-damage|p1a: Excadrill|29/100
|
|-weather|none
|upkeep
|turn|15
|c|☆Trogba Trogba|I'm retarded
|c|☆Goosius|lol
|c|☆Goosius|got scared for a sec
|c|☆Goosius|ngl
|c| lllllkkkkk|Specs + adaptability is awesome
|c|☆Trogba Trogba|you should have been
|c|☆Trogba Trogba|lol
|c|☆Goosius|I mean
|c|☆Goosius|I got conk
|c|☆Trogba Trogba|if I wasn't retarded
|c|☆Goosius|and azumarill
|c|☆Goosius|so not much of a problem
|
|switch|p1a: Toxapex|Toxapex, M|64/100
|-damage|p1a: Toxapex|51/100|[from] Stealth Rock
|move|p2a: Porygon-Z|Tri Attack|p1a: Toxapex
|-damage|p1a: Toxapex|0 fnt
|faint|p1a: Toxapex
|
|upkeep
|
|switch|p1a: Urshifu|Urshifu, F|100/100
|-damage|p1a: Urshifu|94/100|[from] Stealth Rock
|turn|16
|c|☆Goosius|but still a little scare
|
|move|p1a: Urshifu|U-turn|p2a: Porygon-Z
|-damage|p2a: Porygon-Z|0 fnt
|faint|p2a: Porygon-Z
|
|switch|p1a: Hippowdon|Hippowdon, F|61/100|[from]move: U-turn
|-damage|p1a: Hippowdon|55/100|[from] Stealth Rock
|-weather|Sandstorm|[from] ability: Sand Stream|[of] p1a: Hippowdon
|
|-weather|Sandstorm|[upkeep]
|upkeep
|
|switch|p2a: Azumarill|Azumarill, M|57/100
|turn|17
|c|☆Goosius|now what will you switch in
|c|☆Goosius|to
|c|☆Trogba Trogba|yeah I'm retarded
|c|☆Trogba Trogba|I should have gone rotom
|c|☆Trogba Trogba|but I didn'tr
|c|☆Goosius|F
|c|☆Trogba Trogba|because I'm retarded
|c|☆Goosius|loool
|c|☆Goosius|It happens to the best of us
|
|switch|p1a: Excadrill|Excadrill, F|29/100
|-damage|p1a: Excadrill|26/100|[from] Stealth Rock
|move|p2a: Azumarill|Waterfall|p1a: Excadrill
|-supereffective|p1a: Excadrill
|-damage|p1a: Excadrill|0 fnt
|faint|p1a: Excadrill
|
|-weather|Sandstorm|[upkeep]
|-damage|p2a: Azumarill|51/100|[from] Sandstorm
|upkeep
|j| o0o00oo0o
|
|switch|p1a: Urshifu|Urshifu, F|94/100
|-damage|p1a: Urshifu|88/100|[from] Stealth Rock
|turn|18
|
|switch|p2a: Arcanine|Arcanine, F|28/100
|-ability|p2a: Arcanine|Intimidate|boost
|-unboost|p1a: Urshifu|atk|1
|move|p1a: Urshifu|Wicked Blow|p2a: Arcanine
|-crit|p2a: Arcanine
|-damage|p2a: Arcanine|0 fnt
|faint|p2a: Arcanine
|
|-weather|Sandstorm|[upkeep]
|-damage|p1a: Urshifu|82/100|[from] Sandstorm
|upkeep
|
|switch|p2a: Talonflame|Talonflame, M|100/100
|turn|19
|
|switch|p1a: Hippowdon|Hippowdon, F|55/100
|-damage|p1a: Hippowdon|49/100|[from] Stealth Rock
|move|p2a: Talonflame|U-turn|p1a: Hippowdon
|-damage|p1a: Hippowdon|40/100
|-damage|p2a: Talonflame|84/100|[from] item: Rocky Helmet|[of] p1a: Hippowdon
|
|switch|p2a: Azumarill|Azumarill, M|51/100|[from]move: U-turn
|
|-weather|Sandstorm|[upkeep]
|-damage|p2a: Azumarill|45/100|[from] Sandstorm
|upkeep
|turn|20
|j| Mannuraj
|l| Mannuraj
|
|move|p2a: Azumarill|Aqua Jet|p1a: Hippowdon
|-supereffective|p1a: Hippowdon
|-damage|p1a: Hippowdon|0 fnt
|-damage|p2a: Azumarill|28/100|[from] item: Rocky Helmet|[of] p1a: Hippowdon
|faint|p1a: Hippowdon
|
|-weather|none
|upkeep
|
|switch|p1a: Rotom|Rotom-Heat|100/100
|turn|21
|
|move|p2a: Azumarill|Aqua Jet|p1a: Rotom
|-supereffective|p1a: Rotom
|-damage|p1a: Rotom|21/100
|move|p1a: Rotom|Volt Switch|p2a: Azumarill
|-supereffective|p2a: Azumarill
|-crit|p2a: Azumarill
|-damage|p2a: Azumarill|0 fnt
|faint|p2a: Azumarill
|
|switch|p1a: Urshifu|Urshifu, F|82/100|[from]move: Volt Switch
|-damage|p1a: Urshifu|76/100|[from] Stealth Rock
|
|upkeep
|c|☆Goosius|oof
|
|switch|p2a: Conkeldurr|Conkeldurr, M|27/100 brn
|turn|22
|
|move|p1a: Urshifu|Sucker Punch|p2a: Conkeldurr
|-resisted|p2a: Conkeldurr
|-crit|p2a: Conkeldurr
|-damage|p2a: Conkeldurr|0 fnt
|faint|p2a: Conkeldurr
|
|upkeep
|c|☆Goosius|D:
|
|switch|p2a: Talonflame|Talonflame, M|84/100
|turn|23
|
|switch|p1a: Rotom|Rotom-Heat|21/100
|move|p2a: Talonflame|Roost|p2a: Talonflame
|-heal|p2a: Talonflame|100/100
|-singleturn|p2a: Talonflame|move: Roost
|
|upkeep
|turn|24
|
|move|p2a: Talonflame|U-turn|p1a: Rotom
|-resisted|p1a: Rotom
|-damage|p1a: Rotom|11/100
|
|switch|p2a: Mew|Mew|44/100|[from]move: U-turn
|move|p1a: Rotom|Volt Switch|p2a: Mew
|-damage|p2a: Mew|29/100
|
|switch|p1a: Urshifu|Urshifu, F|76/100|[from]move: Volt Switch
|-damage|p1a: Urshifu|70/100|[from] Stealth Rock
|
|-heal|p2a: Mew|35/100|[from] item: Leftovers
|upkeep
|turn|25
|
|move|p1a: Urshifu|U-turn|p2a: Mew
|-supereffective|p2a: Mew
|-crit|p2a: Mew
|-damage|p2a: Mew|0 fnt
|faint|p2a: Mew
|
|switch|p1a: Rotom|Rotom-Heat|11/100|[from]move: U-turn
|
|upkeep
|
|switch|p2a: Talonflame|Talonflame, M|100/100
|turn|26
|
|move|p2a: Talonflame|U-turn|p1a: Rotom
|-resisted|p1a: Rotom
|-damage|p1a: Rotom|2/100
|move|p1a: Rotom|Volt Switch|p2a: Talonflame
|-supereffective|p2a: Talonflame
|-damage|p2a: Talonflame|24/100
|c|☆Goosius|lol
|c|☆Goosius|rip
|
|switch|p1a: Urshifu|Urshifu, F|70/100|[from]move: Volt Switch
|-damage|p1a: Urshifu|64/100|[from] Stealth Rock
|
|upkeep
|turn|27
|c|☆Goosius|I actually bottled it
|c|☆Trogba Trogba|lol
|c|☆Goosius|somehow
|
|move|p2a: Talonflame|Brave Bird|p1a: Urshifu
|-supereffective|p1a: Urshifu
|-damage|p1a: Urshifu|0 fnt
|-damage|p2a: Talonflame|0 fnt|[from] Recoil
|faint|p1a: Urshifu
|faint|p2a: Talonflame
|
|win|Trogba Trogba
