|j|☆tyler van dyke
|j|☆Chikami
|t:|1649976983
|gametype|singles
|player|p1|tyler van dyke|harlequin|1635
|player|p2|Chikami|ethan|1694
|teamsize|p1|6
|teamsize|p2|6
|gen|8
|tier|[Gen 8] OU
|rated|
|rule|Sleep Clause Mod: Limit one foe put to sleep
|rule|Species Clause: Limit one of each Pokémon
|rule|OHKO Clause: OHKO moves are banned
|rule|Evasion Moves Clause: Evasion moves are banned
|rule|Endless Battle Clause: Forcing endless battles is banned
|rule|HP Percentage Mod: HP is shown in percentages
|rule|Dynamax Clause: You cannot dynamax
|clearpoke
|poke|p1|Celesteela|
|poke|p1|Urshifu-*, F|
|poke|p1|Landorus-Therian, M|
|poke|p1|Blacephalon|
|poke|p1|Nihilego|
|poke|p1|Dragapult, F|
|poke|p2|Scolipede, M|
|poke|p2|Dragapult, M|
|poke|p2|Rillaboom, M|
|poke|p2|Regieleki|
|poke|p2|Landorus-Therian, M|
|poke|p2|Zapdos-Galar|
|teampreview
|inactive|Battle timer is ON: inactive players will automatically lose when time's up. (requested by tyler van dyke)
|
|t:|1649976991
|start
|switch|p1a: Urshifu|Urshifu-Rapid-Strike, F|100/100
|switch|p2a: Landorus|Landorus-Therian, M|100/100
|-ability|p2a: Landorus|Intimidate|boost
|-unboost|p1a: Urshifu|atk|1
|turn|1
|
|t:|1649976997
|switch|p2a: Rillaboom|Rillaboom, M|100/100
|-fieldstart|move: Grassy Terrain|[from] ability: Grassy Surge|[of] p2a: Rillaboom
|move|p1a: Urshifu|Surging Strikes|p2a: Rillaboom
|-resisted|p2a: Rillaboom
|-crit|p2a: Rillaboom
|-damage|p2a: Rillaboom|83/100
|-resisted|p2a: Rillaboom
|-crit|p2a: Rillaboom
|-damage|p2a: Rillaboom|64/100
|-resisted|p2a: Rillaboom
|-crit|p2a: Rillaboom
|-damage|p2a: Rillaboom|46/100
|-hitcount|p2a: Rillaboom|3
|
|-heal|p2a: Rillaboom|52/100|[from] Grassy Terrain
|upkeep
|turn|2
|
|t:|1649977007
|move|p2a: Rillaboom|Knock Off|p1a: Urshifu
|-resisted|p1a: Urshifu
|-damage|p1a: Urshifu|80/100
|-enditem|p1a: Urshifu|Choice Band|[from] move: Knock Off|[of] p2a: Rillaboom
|-damage|p2a: Rillaboom|42/100|[from] item: Life Orb
|move|p1a: Urshifu|Surging Strikes|p2a: Rillaboom
|-resisted|p2a: Rillaboom
|-crit|p2a: Rillaboom
|-damage|p2a: Rillaboom|31/100
|-resisted|p2a: Rillaboom
|-crit|p2a: Rillaboom
|-damage|p2a: Rillaboom|19/100
|-resisted|p2a: Rillaboom
|-crit|p2a: Rillaboom
|-damage|p2a: Rillaboom|7/100
|-hitcount|p2a: Rillaboom|3
|
|-heal|p2a: Rillaboom|13/100|[from] Grassy Terrain
|-heal|p1a: Urshifu|86/100|[from] Grassy Terrain
|upkeep
|turn|3
|
|t:|1649977022
|switch|p1a: zoner ?|Celesteela|100/100
|move|p2a: Rillaboom|Grassy Glide|p1a: zoner ?
|-resisted|p1a: zoner ?
|-damage|p1a: zoner ?|86/100
|-damage|p2a: Rillaboom|3/100|[from] item: Life Orb
|
|-heal|p2a: Rillaboom|10/100|[from] Grassy Terrain
|upkeep
|turn|4
|
|t:|1649977026
|switch|p2a: Landorus|Landorus-Therian, M|100/100
|-ability|p2a: Landorus|Intimidate|boost
|-unboost|p1a: zoner ?|atk|1
|move|p1a: zoner ?|Autotomize|p1a: zoner ?
|-boost|p1a: zoner ?|spe|2
|-start|p1a: zoner ?|Autotomize
|
|upkeep
|turn|5
|
|t:|1649977031
|move|p1a: zoner ?|Meteor Beam||[still]
|-prepare|p1a: zoner ?|Meteor Beam
|-boost|p1a: zoner ?|spa|1
|-enditem|p1a: zoner ?|Power Herb
|-anim|p1a: zoner ?|Meteor Beam|p2a: Landorus|[miss]
|-miss|p1a: zoner ?|p2a: Landorus
|move|p2a: Landorus|Stealth Rock|p1a: zoner ?
|-sidestart|p1: tyler van dyke|move: Stealth Rock
|
|-fieldend|move: Grassy Terrain
|upkeep
|turn|6
|
|t:|1649977036
|move|p1a: zoner ?|Autotomize|p1a: zoner ?
|-boost|p1a: zoner ?|spe|2
|-start|p1a: zoner ?|Autotomize
|move|p2a: Landorus|Explosion|p1a: zoner ?
|-resisted|p1a: zoner ?
|-damage|p1a: zoner ?|39/100
|faint|p2a: Landorus
|
|upkeep
|
|t:|1649977044
|switch|p2a: Regieleki|Regieleki|100/100
|turn|7
|
|t:|1649977051
|move|p1a: zoner ?|Flamethrower|p2a: Regieleki
|-crit|p2a: Regieleki
|-damage|p2a: Regieleki|0 fnt
|faint|p2a: Regieleki
|-ability|p1a: zoner ?|Beast Boost|boost
|-boost|p1a: zoner ?|spa|1
|
|upkeep
|
|t:|1649977063
|switch|p2a: Dragapult|Dragapult, M|100/100
|turn|8
|
|t:|1649977066
|move|p1a: zoner ?|Air Slash|p2a: Dragapult
|-damage|p2a: Dragapult|0 fnt
|faint|p2a: Dragapult
|-ability|p1a: zoner ?|Beast Boost|boost
|-boost|p1a: zoner ?|spa|1
|
|upkeep
|
|t:|1649977076
|switch|p2a: Zapdos|Zapdos-Galar|100/100
|turn|9
|
|t:|1649977079
|move|p1a: zoner ?|Air Slash|p2a: Zapdos
|-supereffective|p2a: Zapdos
|-damage|p2a: Zapdos|0 fnt
|faint|p2a: Zapdos
|-ability|p1a: zoner ?|Beast Boost|boost
|-boost|p1a: zoner ?|spa|1
|
|upkeep
|-message|Chikami forfeited.
|
|win|tyler van dyke
|raw|tyler van dyke's rating: 1635 &rarr; <strong>1658</strong><br />(+23 for winning)
|raw|Chikami's rating: 1694 &rarr; <strong>1671</strong><br />(-23 for losing)
|l|☆Chikami
||Ladder isn't responding, score probably updated but might not have (Request timeout).
