|raw|<div class="broadcast-blue"><strong>This battle is required to be public due to a player having a name starting with 'lt93oq'.</div>
|j|☆lt93oq sakana
|j|‽antarctozolt
|t:|1660636920
|gametype|singles
|player|p1|lt93oq sakana|sabrina|1728
|player|p2|antarctozolt|doctor|1825
|teamsize|p1|6
|teamsize|p2|6
|gen|8
|tier|[Gen 8] OU
|rated|
|rule|Sleep Clause Mod: Limit one foe put to sleep
|rule|Species Clause: Limit one of each Pokémon
|rule|OHKO Clause: OHKO moves are banned
|rule|Evasion Items Clause: Evasion items are banned
|rule|Evasion Moves Clause: Evasion moves are banned
|rule|Endless Battle Clause: Forcing endless battles is banned
|rule|HP Percentage Mod: HP is shown in percentages
|rule|Dynamax Clause: You cannot dynamax
|clearpoke
|poke|p1|Toxapex, F|
|poke|p1|Tornadus-Therian, M|
|poke|p1|Hippowdon, M|
|poke|p1|Clefable, F|
|poke|p1|Corviknight, M|
|poke|p1|Blissey, F|
|poke|p2|Victini|
|poke|p2|Nihilego|
|poke|p2|Landorus-Therian, M|
|poke|p2|Kartana|
|poke|p2|Blaziken, F|
|poke|p2|Blacephalon|
|teampreview
|inactive|Battle timer is ON: inactive players will automatically lose when time's up. (requested by lt93oq sakana)
|
|t:|1660636929
|start
|switch|p1a: Hippowdon|Hippowdon, M|100/100
|switch|p2a: Victini|Victini|100/100
|-weather|Sandstorm|[from] ability: Sand Stream|[of] p1a: Hippowdon
|turn|1
|j| COOLDAS12
|
|t:|1660636941
|switch|p1a: Blissey|Blissey, F|100/100
|move|p2a: Victini|Final Gambit|p1a: Blissey
|-damage|p1a: Blissey|44/100
|faint|p2a: Victini
|
|-weather|Sandstorm|[upkeep]
|-damage|p1a: Blissey|38/100|[from] Sandstorm
|upkeep
|
|t:|1660636944
|switch|p2a: Landorus|Landorus-Therian, M|100/100
|-ability|p2a: Landorus|Intimidate|boost
|-unboost|p1a: Blissey|atk|1
|turn|2
|
|t:|1660636947
|switch|p1a: Corviknight|Corviknight, M|100/100
|-ability|p1a: Corviknight|Pressure
|move|p2a: Landorus|Earthquake|p1a: Corviknight
|-immune|p1a: Corviknight
|
|-weather|Sandstorm|[upkeep]
|upkeep
|turn|3
|
|t:|1660636949
|move|p2a: Landorus|Stealth Rock|p1a: Corviknight
|-sidestart|p1: lt93oq sakana|move: Stealth Rock
|move|p1a: Corviknight|U-turn|p2a: Landorus
|-resisted|p2a: Landorus
|-damage|p2a: Landorus|92/100
|
|t:|1660636952
|switch|p1a: Tornadus|Tornadus-Therian, M|100/100|[from]move: U-turn
|
|-weather|Sandstorm|[upkeep]
|-damage|p1a: Tornadus|95/100|[from] Sandstorm
|upkeep
|turn|4
|
|t:|1660636954
|move|p1a: Tornadus|Substitute|p1a: Tornadus
|-start|p1a: Tornadus|Substitute
|-damage|p1a: Tornadus|70/100
|move|p2a: Landorus|Explosion|p1a: Tornadus
|-end|p1a: Tornadus|Substitute
|faint|p2a: Landorus
|
|-weather|Sandstorm|[upkeep]
|-damage|p1a: Tornadus|64/100|[from] Sandstorm
|upkeep
|
|t:|1660636958
|switch|p2a: Nihilego|Nihilego|100/100
|turn|5
|
|t:|1660636961
|switch|p1a: Toxapex|Toxapex, F|100/100
|-damage|p1a: Toxapex|88/100|[from] Stealth Rock
|move|p2a: Nihilego|Meteor Beam||[still]
|-prepare|p2a: Nihilego|Meteor Beam
|-boost|p2a: Nihilego|spa|1
|-enditem|p2a: Nihilego|Power Herb
|-anim|p2a: Nihilego|Meteor Beam|p1a: Toxapex
|-damage|p1a: Toxapex|11/100
|
|-weather|none
|upkeep
|turn|6
|
|t:|1660636973
|switch|p1a: Hippowdon|Hippowdon, M|100/100
|-damage|p1a: Hippowdon|94/100|[from] Stealth Rock
|-weather|Sandstorm|[from] ability: Sand Stream|[of] p1a: Hippowdon
|move|p2a: Nihilego|Meteor Beam||[still]
|-prepare|p2a: Nihilego|Meteor Beam
|-boost|p2a: Nihilego|spa|1
|
|-weather|Sandstorm|[upkeep]
|-heal|p1a: Hippowdon|100/100|[from] item: Leftovers
|upkeep
|turn|7
|
|t:|1660636976
|move|p2a: Nihilego|Meteor Beam|p1a: Hippowdon|[from]lockedmove
|-resisted|p1a: Hippowdon
|-damage|p1a: Hippowdon|56/100
|move|p1a: Hippowdon|Earthquake|p2a: Nihilego
|-supereffective|p2a: Nihilego
|-damage|p2a: Nihilego|0 fnt
|faint|p2a: Nihilego
|
|-weather|Sandstorm|[upkeep]
|-heal|p1a: Hippowdon|62/100|[from] item: Leftovers
|upkeep
|
|t:|1660636981
|switch|p2a: Blaziken|Blaziken, F|100/100
|turn|8
|
|t:|1660636995
|switch|p1a: Toxapex|Toxapex, F|44/100
|-damage|p1a: Toxapex|31/100|[from] Stealth Rock
|move|p2a: Blaziken|Close Combat|p1a: Toxapex
|-resisted|p1a: Toxapex
|-damage|p1a: Toxapex|7/100
|-unboost|p2a: Blaziken|def|1
|-unboost|p2a: Blaziken|spd|1
|-damage|p2a: Blaziken|84/100|[from] item: Rocky Helmet|[of] p1a: Toxapex
|-damage|p2a: Blaziken|74/100|[from] item: Life Orb
|
|-weather|Sandstorm|[upkeep]
|-damage|p2a: Blaziken|68/100|[from] Sandstorm
|-damage|p1a: Toxapex|1/100|[from] Sandstorm
|-ability|p2a: Blaziken|Speed Boost|boost
|-boost|p2a: Blaziken|spe|1
|upkeep
|turn|9
|
|t:|1660637000
|move|p2a: Blaziken|Close Combat|p1a: Toxapex
|-resisted|p1a: Toxapex
|-damage|p1a: Toxapex|0 fnt
|-unboost|p2a: Blaziken|def|1
|-unboost|p2a: Blaziken|spd|1
|-damage|p2a: Blaziken|51/100|[from] item: Rocky Helmet|[of] p1a: Toxapex
|faint|p1a: Toxapex
|-damage|p2a: Blaziken|41/100|[from] item: Life Orb
|
|-weather|Sandstorm|[upkeep]
|-damage|p2a: Blaziken|35/100|[from] Sandstorm
|-ability|p2a: Blaziken|Speed Boost|boost
|-boost|p2a: Blaziken|spe|1
|upkeep
|
|t:|1660637002
|switch|p1a: Clefable|Clefable, F|100/100
|turn|10
|
|t:|1660637005
|move|p2a: Blaziken|Flare Blitz|p1a: Clefable
|-damage|p1a: Clefable|33/100
|-damage|p2a: Blaziken|6/100|[from] Recoil
|-damage|p2a: Blaziken|0 fnt|[from] item: Life Orb
|faint|p2a: Blaziken
|move|p1a: Clefable|Soft-Boiled|p1a: Clefable
|-heal|p1a: Clefable|83/100
|
|-weather|none
|upkeep
|
|t:|1660637007
|switch|p2a: Blacephalon|Blacephalon|100/100
|turn|11
|
|t:|1660637020
|move|p2a: Blacephalon|Trick|p1a: Clefable
|-activate|p2a: Blacephalon|move: Trick|[of] p1a: Clefable
|-item|p1a: Clefable|Choice Scarf|[from] move: Trick
|-item|p2a: Blacephalon|Heavy-Duty Boots|[from] move: Trick
|move|p1a: Clefable|Soft-Boiled|p1a: Clefable
|-heal|p1a: Clefable|100/100
|
|upkeep
|turn|12
|
|t:|1660637028
|switch|p1a: Hippowdon|Hippowdon, M|62/100
|-damage|p1a: Hippowdon|56/100|[from] Stealth Rock
|-weather|Sandstorm|[from] ability: Sand Stream|[of] p1a: Hippowdon
|move|p2a: Blacephalon|Flamethrower|p1a: Hippowdon
|-damage|p1a: Hippowdon|15/100
|
|-weather|Sandstorm|[upkeep]
|-damage|p2a: Blacephalon|94/100|[from] Sandstorm
|-heal|p1a: Hippowdon|21/100|[from] item: Leftovers
|upkeep
|turn|13
|
|t:|1660637032
|move|p2a: Blacephalon|Flamethrower|p1a: Hippowdon
|-damage|p1a: Hippowdon|0 fnt
|faint|p1a: Hippowdon
|-ability|p2a: Blacephalon|Beast Boost|boost
|-boost|p2a: Blacephalon|spa|1
|
|-weather|Sandstorm|[upkeep]
|-damage|p2a: Blacephalon|88/100|[from] Sandstorm
|upkeep
|
|t:|1660637033
|switch|p1a: Blissey|Blissey, F|38/100
|turn|14
|
|t:|1660637035
|move|p2a: Blacephalon|Taunt|p1a: Blissey
|-start|p1a: Blissey|move: Taunt
|cant|p1a: Blissey|move: Taunt|Soft-Boiled
|
|-weather|Sandstorm|[upkeep]
|-damage|p2a: Blacephalon|82/100|[from] Sandstorm
|-damage|p1a: Blissey|32/100|[from] Sandstorm
|upkeep
|turn|15
|
|t:|1660637038
|move|p2a: Blacephalon|Flamethrower|p1a: Blissey
|-damage|p1a: Blissey|0 fnt
|faint|p1a: Blissey
|-ability|p2a: Blacephalon|Beast Boost|boost
|-boost|p2a: Blacephalon|spa|1
|
|-weather|Sandstorm|[upkeep]
|-damage|p2a: Blacephalon|76/100|[from] Sandstorm
|upkeep
|
|t:|1660637040
|switch|p1a: Tornadus|Tornadus-Therian, M|97/100
|turn|16
|
|t:|1660637043
|move|p1a: Tornadus|Hurricane|p2a: Blacephalon|[miss]
|-miss|p1a: Tornadus|p2a: Blacephalon
|move|p2a: Blacephalon|Flamethrower|p1a: Tornadus
|-damage|p1a: Tornadus|0 fnt
|faint|p1a: Tornadus
|-ability|p2a: Blacephalon|Beast Boost|boost
|-boost|p2a: Blacephalon|spa|1
|
|-weather|none
|upkeep
|j| FBAM
|
|t:|1660637053
|switch|p1a: Clefable|Clefable, F|100/100
|-damage|p1a: Clefable|88/100|[from] Stealth Rock
|turn|17
|
|t:|1660637055
|move|p2a: Blacephalon|Flamethrower|p1a: Clefable
|-damage|p1a: Clefable|31/100
|move|p1a: Clefable|Calm Mind|p1a: Clefable
|-boost|p1a: Clefable|spa|1
|-boost|p1a: Clefable|spd|1
|
|upkeep
|turn|18
|
|t:|1660637057
|move|p2a: Blacephalon|Flamethrower|p1a: Clefable
|-damage|p1a: Clefable|0 fnt
|faint|p1a: Clefable
|-ability|p2a: Blacephalon|Beast Boost|boost
|-boost|p2a: Blacephalon|spa|1
|
|upkeep
|c|☆lt93oq sakana|垃圾游戏
|-message|lt93oq sakana forfeited.
|
|win|antarctozolt
|raw|lt93oq sakana's rating: 1728 &rarr; <strong>1713</strong><br />(-15 for losing)
|raw|antarctozolt's rating: 1825 &rarr; <strong>1840</strong><br />(+15 for winning)
|l|☆lt93oq sakana
