|j|☆Geenobe
|j|☆XiamfrostX
|t:|1636579937
|gametype|singles
|player|p1|Geenobe|guzma|1740
|player|p2|XiamfrostX|101|1748
|teamsize|p1|6
|teamsize|p2|6
|gen|8
|tier|[Gen 8] OU
|rated|
|rule|Sleep Clause Mod: Limit one foe put to sleep
|rule|Species Clause: Limit one of each Pokémon
|rule|OHKO Clause: OHKO moves are banned
|rule|Evasion Moves Clause: Evasion moves are banned
|rule|Endless Battle Clause: Forcing endless battles is banned
|rule|HP Percentage Mod: HP is shown in percentages
|rule|Dynamax Clause: You cannot dynamax
|clearpoke
|poke|p1|Incineroar, M|
|poke|p1|Zapdos|
|poke|p1|Landorus-Therian, M|
|poke|p1|Melmetal|
|poke|p1|Rillaboom, M|
|poke|p1|Kyurem|
|poke|p2|Mew|
|poke|p2|Comfey, M|
|poke|p2|Grimmsnarl, M|
|poke|p2|Landorus-Therian, M|
|poke|p2|Zapdos-Galar|
|poke|p2|Melmetal|
|teampreview
|inactive|Battle timer is ON: inactive players will automatically lose when time's up. (requested by XiamfrostX)
|
|t:|1636579949
|start
|switch|p1a: Big Garf|Incineroar, M|100/100
|switch|p2a: Landorus|Landorus-Therian, M|100/100
|-ability|p2a: Landorus|Intimidate|boost
|-unboost|p1a: Big Garf|atk|1
|-ability|p1a: Big Garf|Intimidate|boost
|-unboost|p2a: Landorus|atk|1
|turn|1
|
|t:|1636579955
|move|p2a: Landorus|Stealth Rock|p1a: Big Garf
|-sidestart|p1: Geenobe|move: Stealth Rock
|move|p1a: Big Garf|Parting Shot|p2a: Landorus
|-unboost|p2a: Landorus|atk|1
|-unboost|p2a: Landorus|spa|1
|
|t:|1636579966
|switch|p1a: Roc|Zapdos, shiny|100/100|[from]move: Parting Shot
|
|upkeep
|turn|2
|
|t:|1636579971
|move|p2a: Landorus|Swords Dance|p2a: Landorus
|-boost|p2a: Landorus|atk|2
|move|p1a: Roc|Hurricane|p2a: Landorus
|-crit|p2a: Landorus
|-damage|p2a: Landorus|16/100
|
|upkeep
|turn|3
|
|t:|1636579975
|switch|p1a: 01000110 01010101|Melmetal|100/100
|-damage|p1a: 01000110 01010101|94/100|[from] Stealth Rock
|move|p2a: Landorus|Explosion|p1a: 01000110 01010101
|-resisted|p1a: 01000110 01010101
|-damage|p1a: 01000110 01010101|68/100
|faint|p2a: Landorus
|
|upkeep
|
|t:|1636579981
|switch|p2a: Zapdos|Zapdos-Galar|100/100
|turn|4
|
|t:|1636579986
|switch|p1a: Roc|Zapdos, shiny|100/100
|move|p2a: Zapdos|Substitute|p2a: Zapdos
|-start|p2a: Zapdos|Substitute
|-damage|p2a: Zapdos|76/100
|
|-heal|p2a: Zapdos|82/100|[from] item: Leftovers
|upkeep
|turn|5
|
|t:|1636579991
|move|p2a: Zapdos|Thunderous Kick|p1a: Roc
|-resisted|p1a: Roc
|-damage|p1a: Roc|84/100
|-unboost|p1a: Roc|def|1
|-status|p2a: Zapdos|par|[from] ability: Static|[of] p1a: Roc
|move|p1a: Roc|Discharge|p2a: Zapdos
|-supereffective|p2a: Zapdos
|-end|p2a: Zapdos|Substitute
|
|-heal|p2a: Zapdos|88/100 par|[from] item: Leftovers
|upkeep
|turn|6
|j| t-yeu
|
|t:|1636580002
|switch|p2a: Melmetal|Melmetal|100/100
|move|p1a: Roc|Defog|p2a: Melmetal
|-unboost|p2a: Melmetal|evasion|1
|-sideend|p1: Geenobe|Stealth Rock|[from] move: Defog|[of] p1a: Roc
|
|upkeep
|turn|7
|
|t:|1636580009
|switch|p1a: Big Garf|Incineroar, M|100/100
|-ability|p1a: Big Garf|Intimidate|boost
|-unboost|p2a: Melmetal|atk|1
|move|p2a: Melmetal|Earthquake|p1a: Big Garf
|-supereffective|p1a: Big Garf
|-damage|p1a: Big Garf|42/100
|
|upkeep
|turn|8
|
|t:|1636580018
|switch|p2a: Grimmsnarl|Grimmsnarl, M|100/100
|move|p1a: Big Garf|Flare Blitz|p2a: Grimmsnarl
|-damage|p2a: Grimmsnarl|0 fnt
|faint|p2a: Grimmsnarl
|-damage|p1a: Big Garf|3/100|[from] Recoil
|
|upkeep
|
|t:|1636580038
|switch|p2a: Mew|Mew|100/100
|turn|9
|
|t:|1636580046
|move|p2a: Mew|Swords Dance|p2a: Mew
|-boost|p2a: Mew|atk|2
|move|p1a: Big Garf|Flare Blitz|p2a: Mew
|-damage|p2a: Mew|17/100
|-damage|p1a: Big Garf|0 fnt|[from] Recoil
|faint|p1a: Big Garf
|
|upkeep
|
|t:|1636580055
|switch|p1a: Capital a|Kyurem|100/100
|-ability|p1a: Capital a|Pressure
|turn|10
|
|t:|1636580063
|move|p1a: Capital a|Ice Beam|p2a: Mew
|-damage|p2a: Mew|0 fnt
|faint|p2a: Mew
|
|upkeep
|-message|XiamfrostX forfeited.
|
|win|Geenobe
|raw|Geenobe's rating: 1740 &rarr; <strong>1760</strong><br />(+20 for winning)
|raw|XiamfrostX's rating: 1748 &rarr; <strong>1728</strong><br />(-20 for losing)
|l|☆XiamfrostX
