|j|☆minimax_ai
|j|☆Hgfhhfghfff
|t:|1665537925
|gametype|singles
|player|p1|minimax_ai|lusamine-nihilego|1513
|player|p2|Hgfhhfghfff|266|1561
|teamsize|p1|6
|teamsize|p2|6
|gen|8
|tier|[Gen 8] OU
|rated|
|rule|Sleep Clause Mod: Limit one foe put to sleep
|rule|Species Clause: Limit one of each Pokémon
|rule|OHKO Clause: OHKO moves are banned
|rule|Evasion Items Clause: Evasion items are banned
|rule|Evasion Moves Clause: Evasion moves are banned
|rule|Endless Battle Clause: Forcing endless battles is banned
|rule|HP Percentage Mod: HP is shown in percentages
|rule|Dynamax Clause: You cannot dynamax
|clearpoke
|poke|p1|Rotom-Wash|
|poke|p1|Weavile, F|
|poke|p1|Landorus-Therian, M|
|poke|p1|Heatran, M|
|poke|p1|Tangrowth, F|
|poke|p1|Melmetal|
|poke|p2|Rillaboom, F|
|poke|p2|Jirachi|
|poke|p2|Keldeo|
|poke|p2|Diancie|
|poke|p2|Zapdos|
|poke|p2|Darmanitan, M|
|teampreview
|c|☆minimax_ai|hf
|inactive|Battle timer is ON: inactive players will automatically lose when time's up. (requested by minimax_ai)
|
|t:|1665537936
|start
|switch|p1a: Melmetal|Melmetal|100/100
|switch|p2a: Keldeo|Keldeo|100/100
|turn|1
|
|t:|1665537940
|move|p2a: Keldeo|Substitute|p2a: Keldeo
|-start|p2a: Keldeo|Substitute
|-damage|p2a: Keldeo|76/100
|move|p1a: Melmetal|Thunder Punch|p2a: Keldeo
|-supereffective|p2a: Keldeo
|-end|p2a: Keldeo|Substitute
|
|-heal|p2a: Keldeo|82/100|[from] item: Leftovers
|upkeep
|turn|2
|
|t:|1665537947
|switch|p2a: Zapdos|Zapdos|100/100
|move|p1a: Melmetal|Thunder Punch|p2a: Zapdos
|-damage|p2a: Zapdos|63/100
|
|upkeep
|turn|3
|
|t:|1665537953
|move|p2a: Zapdos|Discharge|p1a: Melmetal
|-damage|p1a: Melmetal|83/100
|move|p1a: Melmetal|Ice Punch|p2a: Zapdos
|-supereffective|p2a: Zapdos
|-damage|p2a: Zapdos|0 fnt
|faint|p2a: Zapdos
|
|upkeep
|
|t:|1665537962
|switch|p2a: Darmanitan|Darmanitan, M|100/100
|turn|4
|
|t:|1665537966
|switch|p1a: landorustherian|Landorus-Therian, M|100/100
|-ability|p1a: landorustherian|Intimidate|boost
|-unboost|p2a: Darmanitan|atk|1
|move|p2a: Darmanitan|Superpower|p1a: landorustherian
|-resisted|p1a: landorustherian
|-damage|p1a: landorustherian|87/100
|-unboost|p2a: Darmanitan|atk|1
|-unboost|p2a: Darmanitan|def|1
|
|-heal|p1a: landorustherian|93/100|[from] item: Leftovers
|upkeep
|turn|5
|
|t:|1665537972
|switch|p2a: Rillaboom|Rillaboom, F|100/100
|-fieldstart|move: Grassy Terrain|[from] ability: Grassy Surge|[of] p2a: Rillaboom
|move|p1a: landorustherian|Toxic|p2a: Rillaboom
|-status|p2a: Rillaboom|tox
|
|-heal|p1a: landorustherian|99/100|[from] item: Leftovers
|-damage|p2a: Rillaboom|94/100 tox|[from] psn
|upkeep
|turn|6
|
|t:|1665537979
|switch|p1a: Tangrowth|Tangrowth, F|100/100
|move|p2a: Rillaboom|Wood Hammer|p1a: Tangrowth
|-resisted|p1a: Tangrowth
|-damage|p1a: Tangrowth|75/100
|-damage|p2a: Rillaboom|78/100 tox|[from] item: Rocky Helmet|[of] p1a: Tangrowth
|-damage|p2a: Rillaboom|68/100 tox|[from] Recoil
|
|-heal|p2a: Rillaboom|74/100 tox|[from] Grassy Terrain
|-heal|p1a: Tangrowth|81/100|[from] Grassy Terrain
|-damage|p2a: Rillaboom|62/100 tox|[from] psn
|upkeep
|turn|7
|
|t:|1665537990
|switch|p2a: Darmanitan|Darmanitan, M|100/100
|move|p1a: Tangrowth|Sleep Powder|p2a: Darmanitan|[miss]
|-miss|p1a: Tangrowth|p2a: Darmanitan
|
|-heal|p1a: Tangrowth|88/100|[from] Grassy Terrain
|upkeep
|turn|8
|
|t:|1665537997
|switch|p1a: rotomwash|Rotom-Wash|100/100
|move|p2a: Darmanitan|Flare Blitz|p1a: rotomwash
|-resisted|p1a: rotomwash
|-damage|p1a: rotomwash|57/100
|-damage|p2a: Darmanitan|88/100|[from] Recoil
|
|-heal|p2a: Darmanitan|94/100|[from] Grassy Terrain
|-heal|p1a: rotomwash|64/100|[from] item: Leftovers
|upkeep
|turn|9
|
|t:|1665538004
|move|p2a: Darmanitan|Flare Blitz|p1a: rotomwash
|-resisted|p1a: rotomwash
|-damage|p1a: rotomwash|18/100
|-damage|p2a: Darmanitan|81/100|[from] Recoil
|move|p1a: rotomwash|Pain Split|p2a: Darmanitan
|-sethp|p2a: Darmanitan|48/100|[from] move: Pain Split|[silent]
|-sethp|p1a: rotomwash|55/100|[from] move: Pain Split
|
|-heal|p2a: Darmanitan|54/100|[from] Grassy Terrain
|-heal|p1a: rotomwash|62/100|[from] item: Leftovers
|-fieldend|move: Grassy Terrain
|upkeep
|turn|10
|
|t:|1665538013
|switch|p2a: Rillaboom|Rillaboom, F|62/100 tox
|-fieldstart|move: Grassy Terrain|[from] ability: Grassy Surge|[of] p2a: Rillaboom
|move|p1a: rotomwash|Pain Split|p2a: Rillaboom
|-sethp|p2a: Rillaboom|58/100 tox|[from] move: Pain Split|[silent]
|-sethp|p1a: rotomwash|65/100|[from] move: Pain Split
|
|-heal|p1a: rotomwash|72/100|[from] item: Leftovers
|-heal|p2a: Rillaboom|64/100 tox|[from] Grassy Terrain
|-damage|p2a: Rillaboom|58/100 tox|[from] psn
|upkeep
|turn|11
|
|t:|1665538023
|switch|p1a: Melmetal|Melmetal|83/100
|move|p2a: Rillaboom|U-turn|p1a: Melmetal
|-resisted|p1a: Melmetal
|-damage|p1a: Melmetal|76/100
|
|t:|1665538026
|switch|p2a: Darmanitan|Darmanitan, M|54/100|[from]move: U-turn
|
|-heal|p2a: Darmanitan|60/100|[from] Grassy Terrain
|-heal|p1a: Melmetal|82/100|[from] Grassy Terrain
|upkeep
|turn|12
|
|t:|1665538029
|switch|p1a: landorustherian|Landorus-Therian, M|99/100
|-ability|p1a: landorustherian|Intimidate|boost
|-unboost|p2a: Darmanitan|atk|1
|move|p2a: Darmanitan|Flare Blitz|p1a: landorustherian
|-damage|p1a: landorustherian|46/100
|-damage|p2a: Darmanitan|41/100|[from] Recoil
|
|-heal|p2a: Darmanitan|47/100|[from] Grassy Terrain
|-heal|p1a: landorustherian|52/100|[from] item: Leftovers
|upkeep
|turn|13
|
|t:|1665538038
|switch|p2a: Keldeo|Keldeo|82/100
|switch|p1a: rotomwash|Rotom-Wash|72/100
|
|-heal|p2a: Keldeo|88/100|[from] Grassy Terrain
|-heal|p2a: Keldeo|94/100|[from] item: Leftovers
|-heal|p1a: rotomwash|78/100|[from] item: Leftovers
|upkeep
|turn|14
|
|t:|1665538047
|move|p2a: Keldeo|Substitute|p2a: Keldeo
|-start|p2a: Keldeo|Substitute
|-damage|p2a: Keldeo|70/100
|move|p1a: rotomwash|Thunderbolt|p2a: Keldeo
|-supereffective|p2a: Keldeo
|-end|p2a: Keldeo|Substitute
|
|-heal|p2a: Keldeo|76/100|[from] Grassy Terrain
|-heal|p2a: Keldeo|82/100|[from] item: Leftovers
|-heal|p1a: rotomwash|84/100|[from] item: Leftovers
|-fieldend|move: Grassy Terrain
|upkeep
|turn|15
|
|t:|1665538052
|switch|p2a: Rillaboom|Rillaboom, F|58/100 tox
|-fieldstart|move: Grassy Terrain|[from] ability: Grassy Surge|[of] p2a: Rillaboom
|move|p1a: rotomwash|Thunderbolt|p2a: Rillaboom
|-resisted|p2a: Rillaboom
|-damage|p2a: Rillaboom|35/100 tox
|
|-heal|p1a: rotomwash|90/100|[from] item: Leftovers
|-heal|p2a: Rillaboom|42/100 tox|[from] Grassy Terrain
|-damage|p2a: Rillaboom|35/100 tox|[from] psn
|upkeep
|turn|16
|
|t:|1665538060
|switch|p1a: Tangrowth|Tangrowth, F|100/100
|switch|p2a: Darmanitan|Darmanitan, M|47/100
|
|-heal|p2a: Darmanitan|53/100|[from] Grassy Terrain
|upkeep
|turn|17
|
|t:|1665538066
|move|p2a: Darmanitan|U-turn|p1a: Tangrowth
|-supereffective|p1a: Tangrowth
|-damage|p1a: Tangrowth|75/100
|-damage|p2a: Darmanitan|37/100|[from] item: Rocky Helmet|[of] p1a: Tangrowth
|
|t:|1665538073
|switch|p2a: Jirachi|Jirachi|100/100|[from]move: U-turn
|move|p1a: Tangrowth|Giga Drain|p2a: Jirachi
|-resisted|p2a: Jirachi
|-damage|p2a: Jirachi|82/100
|-heal|p1a: Tangrowth|82/100|[from] drain|[of] p2a: Jirachi
|
|-heal|p2a: Jirachi|88/100|[from] Grassy Terrain
|-heal|p2a: Jirachi|95/100|[from] item: Leftovers
|-heal|p1a: Tangrowth|89/100|[from] Grassy Terrain
|upkeep
|turn|18
|
|t:|1665538077
|move|p2a: Jirachi|Psychic|p1a: Tangrowth
|-damage|p1a: Tangrowth|33/100
|move|p1a: Tangrowth|Sleep Powder|p2a: Jirachi
|-status|p2a: Jirachi|slp|[from] move: Sleep Powder
|
|-heal|p2a: Jirachi|100/100 slp|[from] Grassy Terrain
|-heal|p1a: Tangrowth|39/100|[from] Grassy Terrain
|upkeep
|turn|19
|
|t:|1665538083
|switch|p2a: Darmanitan|Darmanitan, M|37/100
|switch|p1a: rotomwash|Rotom-Wash|90/100
|
|-heal|p2a: Darmanitan|43/100|[from] Grassy Terrain
|-heal|p1a: rotomwash|97/100|[from] item: Leftovers
|-fieldend|move: Grassy Terrain
|upkeep
|turn|20
|
|t:|1665538092
|move|p2a: Darmanitan|Trick|p1a: rotomwash
|-activate|p2a: Darmanitan|move: Trick|[of] p1a: rotomwash
|-item|p1a: rotomwash|Choice Scarf|[from] move: Trick
|-item|p2a: Darmanitan|Leftovers|[from] move: Trick
|move|p1a: rotomwash|Hydro Pump|p2a: Darmanitan
|-supereffective|p2a: Darmanitan
|-damage|p2a: Darmanitan|0 fnt
|faint|p2a: Darmanitan
|
|upkeep
|
|t:|1665538100
|switch|p2a: Keldeo|Keldeo|82/100
|turn|21
|
|t:|1665538105
|switch|p1a: Tangrowth|Tangrowth, F|72/100
|move|p2a: Keldeo|Substitute|p2a: Keldeo
|-start|p2a: Keldeo|Substitute
|-damage|p2a: Keldeo|57/100
|
|-heal|p2a: Keldeo|63/100|[from] item: Leftovers
|upkeep
|turn|22
|
|t:|1665538109
|move|p2a: Keldeo|Scald|p1a: Tangrowth
|-resisted|p1a: Tangrowth
|-damage|p1a: Tangrowth|42/100
|move|p1a: Tangrowth|Giga Drain|p2a: Keldeo
|-supereffective|p2a: Keldeo
|-end|p2a: Keldeo|Substitute
|-heal|p1a: Tangrowth|51/100|[from] drain|[of] p2a: Keldeo
|
|-heal|p2a: Keldeo|70/100|[from] item: Leftovers
|upkeep
|turn|23
|
|t:|1665538115
|switch|p2a: Jirachi|Jirachi|100/100 slp
|move|p1a: Tangrowth|Giga Drain|p2a: Jirachi
|-resisted|p2a: Jirachi
|-damage|p2a: Jirachi|87/100 slp
|-heal|p1a: Tangrowth|57/100|[from] drain|[of] p2a: Jirachi
|
|-heal|p2a: Jirachi|93/100 slp|[from] item: Leftovers
|upkeep
|turn|24
|
|t:|1665538123
|switch|p1a: Melmetal|Melmetal|82/100
|cant|p2a: Jirachi|slp
|
|-heal|p2a: Jirachi|99/100 slp|[from] item: Leftovers
|upkeep
|turn|25
|
|t:|1665538130
|switch|p2a: Rillaboom|Rillaboom, F|35/100 tox
|-fieldstart|move: Grassy Terrain|[from] ability: Grassy Surge|[of] p2a: Rillaboom
|move|p1a: Melmetal|Earthquake|p2a: Rillaboom
|-resisted|p2a: Rillaboom
|-damage|p2a: Rillaboom|26/100 tox
|
|-heal|p2a: Rillaboom|32/100 tox|[from] Grassy Terrain
|-heal|p1a: Melmetal|88/100|[from] Grassy Terrain
|-damage|p2a: Rillaboom|26/100 tox|[from] psn
|upkeep
|turn|26
|
|t:|1665538139
|move|p2a: Rillaboom|Knock Off|p1a: Melmetal
|-damage|p1a: Melmetal|69/100
|-enditem|p1a: Melmetal|Assault Vest|[from] move: Knock Off|[of] p2a: Rillaboom
|move|p1a: Melmetal|Double Iron Bash|p2a: Rillaboom
|-damage|p2a: Rillaboom|0 fnt
|faint|p2a: Rillaboom
|-hitcount|p2: Rillaboom|1
|
|-heal|p1a: Melmetal|75/100|[from] Grassy Terrain
|upkeep
|
|t:|1665538150
|switch|p2a: Jirachi|Jirachi|99/100 slp
|turn|27
|
|t:|1665538157
|-curestatus|p2a: Jirachi|slp|[msg]
|move|p2a: Jirachi|Aura Sphere|p1a: Melmetal
|-supereffective|p1a: Melmetal
|-damage|p1a: Melmetal|36/100
|move|p1a: Melmetal|Double Iron Bash|p2a: Jirachi
|-resisted|p2a: Jirachi
|-damage|p2a: Jirachi|78/100
|-resisted|p2a: Jirachi
|-damage|p2a: Jirachi|54/100
|-hitcount|p2a: Jirachi|2
|
|-heal|p2a: Jirachi|61/100|[from] Grassy Terrain
|-heal|p2a: Jirachi|67/100|[from] item: Leftovers
|-heal|p1a: Melmetal|42/100|[from] Grassy Terrain
|upkeep
|turn|28
|
|t:|1665538166
|move|p2a: Jirachi|Psychic|p1a: Melmetal
|-resisted|p1a: Melmetal
|-damage|p1a: Melmetal|27/100
|move|p1a: Melmetal|Double Iron Bash|p2a: Jirachi
|-resisted|p2a: Jirachi
|-damage|p2a: Jirachi|45/100
|-resisted|p2a: Jirachi
|-damage|p2a: Jirachi|22/100
|-hitcount|p2a: Jirachi|2
|
|-heal|p2a: Jirachi|28/100|[from] Grassy Terrain
|-heal|p2a: Jirachi|34/100|[from] item: Leftovers
|-heal|p1a: Melmetal|33/100|[from] Grassy Terrain
|upkeep
|turn|29
|
|t:|1665538169
|move|p2a: Jirachi|Aura Sphere|p1a: Melmetal
|-supereffective|p1a: Melmetal
|-damage|p1a: Melmetal|0 fnt
|faint|p1a: Melmetal
|
|-heal|p2a: Jirachi|40/100|[from] Grassy Terrain
|-heal|p2a: Jirachi|46/100|[from] item: Leftovers
|-fieldend|move: Grassy Terrain
|upkeep
|
|t:|1665538169
|switch|p1a: landorustherian|Landorus-Therian, M|52/100
|-ability|p1a: landorustherian|Intimidate|boost
|-unboost|p2a: Jirachi|atk|1
|turn|30
|
|t:|1665538173
|move|p2a: Jirachi|Icy Wind|p1a: landorustherian
|-supereffective|p1a: landorustherian
|-crit|p1a: landorustherian
|-damage|p1a: landorustherian|0 fnt
|faint|p1a: landorustherian
|
|-heal|p2a: Jirachi|52/100|[from] item: Leftovers
|upkeep
|
|t:|1665538173
|switch|p1a: Heatran|Heatran, M|100/100
|-item|p1a: Heatran|Air Balloon
|turn|31
|
|t:|1665538178
|move|p2a: Jirachi|Aura Sphere|p1a: Heatran
|-supereffective|p1a: Heatran
|-damage|p1a: Heatran|53/100
|-enditem|p1a: Heatran|Air Balloon
|move|p1a: Heatran|Earth Power|p2a: Jirachi
|-supereffective|p2a: Jirachi
|-damage|p2a: Jirachi|0 fnt
|faint|p2a: Jirachi
|
|upkeep
|
|t:|1665538192
|switch|p2a: Keldeo|Keldeo|70/100
|turn|32
|
|t:|1665538196
|switch|p1a: Tangrowth|Tangrowth, F|90/100
|move|p2a: Keldeo|Scald|p1a: Tangrowth
|-resisted|p1a: Tangrowth
|-damage|p1a: Tangrowth|59/100
|-status|p1a: Tangrowth|brn
|
|-heal|p2a: Keldeo|76/100|[from] item: Leftovers
|-damage|p1a: Tangrowth|53/100 brn|[from] brn
|upkeep
|turn|33
|
|t:|1665538208
|move|p2a: Keldeo|Scald|p1a: Tangrowth
|-resisted|p1a: Tangrowth
|-damage|p1a: Tangrowth|24/100 brn
|move|p1a: Tangrowth|Giga Drain|p2a: Keldeo
|-supereffective|p2a: Keldeo
|-damage|p2a: Keldeo|5/100
|-heal|p1a: Tangrowth|52/100 brn|[from] drain|[of] p2a: Keldeo
|
|-heal|p2a: Keldeo|11/100|[from] item: Leftovers
|-damage|p1a: Tangrowth|46/100 brn|[from] brn
|upkeep
|turn|34
|
|t:|1665538215
|move|p2a: Keldeo|Scald|p1a: Tangrowth
|-resisted|p1a: Tangrowth
|-damage|p1a: Tangrowth|17/100 brn
|move|p1a: Tangrowth|Giga Drain|p2a: Keldeo
|-supereffective|p2a: Keldeo
|-damage|p2a: Keldeo|0 fnt
|-heal|p1a: Tangrowth|22/100 brn|[from] drain|[of] p2a: Keldeo
|faint|p2a: Keldeo
|
|-damage|p1a: Tangrowth|16/100 brn|[from] brn
|upkeep
|
|t:|1665538222
|switch|p2a: Diancie|Diancie|100/100
|turn|35
|
|t:|1665538224
|switch|p1a: rotomwash|Rotom-Wash|97/100
|move|p2a: Diancie|Diamond Storm|p1a: rotomwash
|-damage|p1a: rotomwash|63/100
|-boost|p2a: Diancie|def|2
|
|upkeep
|turn|36
|
|t:|1665538231
|move|p1a: rotomwash|Hydro Pump|p2a: Diancie
|-supereffective|p2a: Diancie
|-damage|p2a: Diancie|57/100
|move|p2a: Diancie|Draining Kiss|p1a: rotomwash
|-damage|p1a: rotomwash|38/100
|-heal|p2a: Diancie|75/100|[from] drain|[of] p1a: rotomwash
|
|upkeep
|turn|37
|
|t:|1665538239
|move|p1a: rotomwash|Hydro Pump|p2a: Diancie|[miss]
|-miss|p1a: rotomwash|p2a: Diancie
|move|p2a: Diancie|Draining Kiss|p1a: rotomwash
|-damage|p1a: rotomwash|14/100
|-heal|p2a: Diancie|93/100|[from] drain|[of] p1a: rotomwash
|
|upkeep
|turn|38
|
|t:|1665538241
|move|p1a: rotomwash|Hydro Pump|p2a: Diancie
|-supereffective|p2a: Diancie
|-damage|p2a: Diancie|50/100
|move|p2a: Diancie|Draining Kiss|p1a: rotomwash
|-damage|p1a: rotomwash|0 fnt
|-heal|p2a: Diancie|60/100|[from] drain|[of] p1a: rotomwash
|faint|p1a: rotomwash
|
|upkeep
|
|t:|1665538242
|switch|p1a: Tangrowth|Tangrowth, F|49/100 brn
|turn|39
|
|t:|1665538246
|switch|p1a: Heatran|Heatran, M|53/100
|move|p2a: Diancie|Mystical Fire|p1a: Heatran
|-start|p1a: Heatran|ability: Flash Fire
|
|upkeep
|turn|40
|
|t:|1665538249
|move|p1a: Heatran|Earth Power|p2a: Diancie
|-supereffective|p2a: Diancie
|-damage|p2a: Diancie|27/100
|move|p2a: Diancie|Earth Power|p1a: Heatran
|-supereffective|p1a: Heatran
|-damage|p1a: Heatran|0 fnt
|faint|p1a: Heatran
|
|upkeep
|
|t:|1665538249
|switch|p1a: Tangrowth|Tangrowth, F|82/100 brn
|turn|41
|
|t:|1665538254
|move|p2a: Diancie|Draining Kiss|p1a: Tangrowth
|-damage|p1a: Tangrowth|47/100 brn
|-heal|p2a: Diancie|62/100|[from] drain|[of] p1a: Tangrowth
|-damage|p2a: Diancie|45/100|[from] item: Rocky Helmet|[of] p1a: Tangrowth
|move|p1a: Tangrowth|Sleep Powder|p2a: Diancie
|-status|p2a: Diancie|slp|[from] move: Sleep Powder
|
|-damage|p1a: Tangrowth|41/100 brn|[from] brn
|upkeep
|turn|42
|
|t:|1665538258
|cant|p2a: Diancie|slp
|move|p1a: Tangrowth|Giga Drain|p2a: Diancie
|-supereffective|p2a: Diancie
|-crit|p2a: Diancie
|-damage|p2a: Diancie|2/100 slp
|-heal|p1a: Tangrowth|57/100 brn|[from] drain|[of] p2a: Diancie
|
|-damage|p1a: Tangrowth|51/100 brn|[from] brn
|upkeep
|turn|43
|
|t:|1665538263
|cant|p2a: Diancie|slp
|move|p1a: Tangrowth|Giga Drain|p2a: Diancie
|-supereffective|p2a: Diancie
|-damage|p2a: Diancie|0 fnt
|-heal|p1a: Tangrowth|51/100 brn|[from] drain|[of] p2a: Diancie
|faint|p2a: Diancie
|
|win|minimax_ai
|raw|minimax_ai's rating: 1513 &rarr; <strong>1536</strong><br />(+23 for winning)
|raw|Hgfhhfghfff's rating: 1561 &rarr; <strong>1538</strong><br />(-23 for losing)
|c|☆minimax_ai|gg
