|j|☆numberoneswiftie
|j|☆shiawasenostory
|t:|1665447207
|gametype|singles
|player|p1|numberoneswiftie|swimmerf-gen4|
|player|p2|shiawasenostory|winona|
|teamsize|p1|6
|teamsize|p2|6
|gen|8
|tier|[Gen 8] OU
|rule|Sleep Clause Mod: Limit one foe put to sleep
|rule|Species Clause: Limit one of each Pokémon
|rule|OHKO Clause: OHKO moves are banned
|rule|Evasion Items Clause: Evasion items are banned
|rule|Evasion Moves Clause: Evasion moves are banned
|rule|Endless Battle Clause: Forcing endless battles is banned
|rule|HP Percentage Mod: HP is shown in percentages
|rule|Dynamax Clause: You cannot dynamax
|clearpoke
|poke|p1|Skarmory, F|
|poke|p1|Ditto|
|poke|p1|Toxapex, M|
|poke|p1|Blissey, F|
|poke|p1|Shedinja|
|poke|p1|Quagsire, F|
|poke|p2|Skarmory, F|
|poke|p2|Ditto|
|poke|p2|Toxapex, F|
|poke|p2|Blissey, F|
|poke|p2|Shedinja|
|poke|p2|Quagsire, F|
|teampreview
|
|t:|1665447214
|start
|switch|p1a: Skarmory|Skarmory, F|100/100
|switch|p2a: Ditto|Ditto|100/100
|-transform|p2a: Ditto|p1a: Skarmory|[from] ability: Imposter
|-item|p2a: Ditto|Air Balloon
|turn|1
|
|t:|1665447220
|move|p2a: Ditto|Spikes|p1a: Skarmory
|-sidestart|p1: numberoneswiftie|Spikes
|move|p1a: Skarmory|Spikes|p2a: Ditto
|-sidestart|p2: shiawasenostory|Spikes
|
|upkeep
|turn|2
|
|t:|1665447222
|move|p2a: Ditto|Spikes|p1a: Skarmory
|-sidestart|p1: numberoneswiftie|Spikes
|move|p1a: Skarmory|Spikes|p2a: Ditto
|-sidestart|p2: shiawasenostory|Spikes
|
|upkeep
|turn|3
|
|t:|1665447225
|move|p1a: Skarmory|Spikes|p2a: Ditto
|-sidestart|p2: shiawasenostory|Spikes
|move|p2a: Ditto|Spikes|p1a: Skarmory
|-sidestart|p1: numberoneswiftie|Spikes
|
|upkeep
|turn|4
|
|t:|1665447226
|switch|p1a: Toxapex|Toxapex, M|100/100
|move|p2a: Ditto|Whirlwind|p1a: Toxapex
|drag|p1a: Quagsire|Quagsire, F|100/100
|
|upkeep
|turn|5
|
|t:|1665447236
|switch|p2a: Toxapex|Toxapex, F|100/100
|move|p1a: Quagsire|Scald|p2a: Toxapex
|-resisted|p2a: Toxapex
|-damage|p2a: Toxapex|93/100
|-status|p2a: Toxapex|brn
|
|-damage|p2a: Toxapex|86/100 brn|[from] brn
|upkeep
|turn|6
|
|t:|1665447241
|switch|p1a: Skarmory|Skarmory, F|100/100
|move|p2a: Toxapex|Knock Off|p1a: Skarmory
|-damage|p1a: Skarmory|95/100
|-enditem|p1a: Skarmory|Leftovers|[from] move: Knock Off|[of] p2a: Toxapex
|
|-damage|p2a: Toxapex|80/100 brn|[from] brn
|upkeep
|turn|7
|
|t:|1665447247
|move|p2a: Toxapex|Scald|p1a: Skarmory
|-damage|p1a: Skarmory|66/100
|move|p1a: Skarmory|Whirlwind|p2a: Toxapex
|drag|p2a: Ditto|Ditto|100/100
|-transform|p2a: Ditto|p1a: Skarmory|[from] ability: Imposter
|-item|p2a: Ditto|Air Balloon
|
|upkeep
|turn|8
|
|t:|1665447254
|switch|p2a: Skarmory|Skarmory, F|100/100
|move|p1a: Skarmory|Roost|p1a: Skarmory
|-heal|p1a: Skarmory|100/100
|-singleturn|p1a: Skarmory|move: Roost
|
|upkeep
|turn|9
|
|t:|1665447263
|move|p2a: Skarmory|Whirlwind|p1a: Skarmory
|drag|p1a: Shedinja|Shedinja|100/100
|
|upkeep
|turn|10
|
|t:|1665447271
|switch|p2a: Blissey|Blissey, F|100/100
|switch|p1a: Skarmory|Skarmory, F|100/100
|
|upkeep
|turn|11
|
|t:|1665447280
|switch|p1a: Toxapex|Toxapex, M|100/100
|move|p2a: Blissey|Stealth Rock|p1a: Toxapex
|-sidestart|p1: numberoneswiftie|move: Stealth Rock
|
|upkeep
|turn|12
|
|t:|1665447287
|switch|p2a: Skarmory|Skarmory, F|100/100
|move|p1a: Toxapex|Knock Off|p2a: Skarmory
|-damage|p2a: Skarmory|89/100
|-enditem|p2a: Skarmory|Leftovers|[from] move: Knock Off|[of] p1a: Toxapex
|
|upkeep
|turn|13
|
|t:|1665447293
|move|p1a: Toxapex|Scald|p2a: Skarmory
|-damage|p2a: Skarmory|62/100
|move|p2a: Skarmory|Whirlwind|p1a: Toxapex
|drag|p1a: Skarmory|Skarmory, F|100/100
|-damage|p1a: Skarmory|88/100|[from] Stealth Rock
|
|upkeep
|turn|14
|
|t:|1665447301
|move|p1a: Skarmory|Whirlwind|p2a: Skarmory
|drag|p2a: Blissey|Blissey, F|100/100
|
|upkeep
|turn|15
|
|t:|1665447306
|switch|p1a: Blissey|Blissey, F|100/100
|move|p2a: Blissey|Seismic Toss|p1a: Blissey
|-damage|p1a: Blissey|86/100
|
|upkeep
|turn|16
|
|t:|1665447310
|switch|p2a: Toxapex|Toxapex, F|100/100 brn
|move|p1a: Blissey|Stealth Rock|p2a: Toxapex
|-sidestart|p2: shiawasenostory|move: Stealth Rock
|
|-damage|p2a: Toxapex|94/100 brn|[from] brn
|upkeep
|turn|17
|
|t:|1665447313
|switch|p1a: Skarmory|Skarmory, F|88/100
|-damage|p1a: Skarmory|76/100|[from] Stealth Rock
|move|p2a: Toxapex|Knock Off|p1a: Skarmory
|-damage|p1a: Skarmory|72/100
|
|-damage|p2a: Toxapex|88/100 brn|[from] brn
|upkeep
|turn|18
|
|t:|1665447318
|move|p2a: Toxapex|Scald|p1a: Skarmory
|-damage|p1a: Skarmory|44/100
|move|p1a: Skarmory|Whirlwind|p2a: Toxapex
|drag|p2a: Skarmory|Skarmory, F|62/100
|-damage|p2a: Skarmory|50/100|[from] Stealth Rock
|
|upkeep
|turn|19
|
|t:|1665447323
|move|p2a: Skarmory|Roost|p2a: Skarmory
|-heal|p2a: Skarmory|99/100
|-singleturn|p2a: Skarmory|move: Roost
|move|p1a: Skarmory|Roost|p1a: Skarmory
|-heal|p1a: Skarmory|95/100
|-singleturn|p1a: Skarmory|move: Roost
|
|upkeep
|turn|20
|
|t:|1665447332
|move|p2a: Skarmory|Whirlwind|p1a: Skarmory
|drag|p1a: Shedinja|Shedinja|100/100
|
|upkeep
|turn|21
|
|t:|1665447338
|switch|p2a: Toxapex|Toxapex, F|100/100 brn
|move|p1a: Shedinja|Will-O-Wisp|p2a: Toxapex|[miss]
|-miss|p1a: Shedinja|p2a: Toxapex
|
|-damage|p2a: Toxapex|94/100 brn|[from] brn
|upkeep
|turn|22
|
|t:|1665447342
|switch|p1a: Skarmory|Skarmory, F|95/100
|-damage|p1a: Skarmory|82/100|[from] Stealth Rock
|move|p2a: Toxapex|Knock Off|p1a: Skarmory
|-damage|p1a: Skarmory|79/100
|
|-damage|p2a: Toxapex|88/100 brn|[from] brn
|upkeep
|turn|23
|
|t:|1665447349
|move|p2a: Toxapex|Scald|p1a: Skarmory
|-damage|p1a: Skarmory|54/100
|move|p1a: Skarmory|Whirlwind|p2a: Toxapex
|drag|p2a: Shedinja|Shedinja|100/100
|
|upkeep
|turn|24
|
|t:|1665447360
|switch|p1a: Toxapex|Toxapex, M|100/100
|switch|p2a: Toxapex|Toxapex, F|100/100 brn
|
|-damage|p2a: Toxapex|94/100 brn|[from] brn
|upkeep
|turn|25
|
|t:|1665447365
|switch|p1a: Skarmory|Skarmory, F|54/100
|-damage|p1a: Skarmory|42/100|[from] Stealth Rock
|switch|p2a: Skarmory|Skarmory, F|99/100
|-damage|p2a: Skarmory|88/100|[from] Stealth Rock
|
|upkeep
|turn|26
|
|t:|1665447367
|move|p2a: Skarmory|Body Press|p1a: Skarmory
|-damage|p1a: Skarmory|22/100
|move|p1a: Skarmory|Roost|p1a: Skarmory
|-heal|p1a: Skarmory|72/100
|-singleturn|p1a: Skarmory|move: Roost
|
|upkeep
|turn|27
|
|t:|1665447374
|switch|p1a: Toxapex|Toxapex, M|100/100
|move|p2a: Skarmory|Whirlwind|p1a: Toxapex
|drag|p1a: Skarmory|Skarmory, F|72/100
|-damage|p1a: Skarmory|59/100|[from] Stealth Rock
|
|upkeep
|turn|28
|
|t:|1665447378
|switch|p1a: Toxapex|Toxapex, M|100/100
|move|p2a: Skarmory|Whirlwind|p1a: Toxapex
|drag|p1a: Blissey|Blissey, F|86/100
|
|upkeep
|turn|29
|
|t:|1665447387
|switch|p1a: Toxapex|Toxapex, M|100/100
|move|p2a: Skarmory|Whirlwind|p1a: Toxapex
|drag|p1a: Quagsire|Quagsire, F|100/100
|
|upkeep
|turn|30
|
|t:|1665447397
|switch|p2a: Blissey|Blissey, F|100/100
|switch|p1a: Toxapex|Toxapex, M|100/100
|
|upkeep
|turn|31
|
|t:|1665447403
|switch|p2a: Skarmory|Skarmory, F|88/100
|-damage|p2a: Skarmory|75/100|[from] Stealth Rock
|move|p1a: Toxapex|Scald|p2a: Skarmory
|-damage|p2a: Skarmory|48/100
|
|upkeep
|turn|32
|
|t:|1665447407
|move|p2a: Skarmory|Roost|p2a: Skarmory
|-heal|p2a: Skarmory|98/100
|-singleturn|p2a: Skarmory|move: Roost
|move|p1a: Toxapex|Scald|p2a: Skarmory
|-damage|p2a: Skarmory|73/100
|
|upkeep
|turn|33
|
|t:|1665447410
|switch|p2a: Toxapex|Toxapex, F|100/100 brn
|move|p1a: Toxapex|Scald|p2a: Toxapex
|-resisted|p2a: Toxapex
|-damage|p2a: Toxapex|93/100 brn
|
|-damage|p2a: Toxapex|87/100 brn|[from] brn
|upkeep
|turn|34
|
|t:|1665447414
|switch|p1a: Skarmory|Skarmory, F|59/100
|-damage|p1a: Skarmory|47/100|[from] Stealth Rock
|move|p2a: Toxapex|Knock Off|p1a: Skarmory
|-damage|p1a: Skarmory|43/100
|
|-damage|p2a: Toxapex|80/100 brn|[from] brn
|upkeep
|turn|35
|
|t:|1665447421
|switch|p2a: Ditto|Ditto|100/100
|-damage|p2a: Ditto|88/100|[from] Stealth Rock
|-transform|p2a: Ditto|p1a: Skarmory|[from] ability: Imposter
|-item|p2a: Ditto|Air Balloon
|move|p1a: Skarmory|Roost|p1a: Skarmory
|-heal|p1a: Skarmory|93/100
|-singleturn|p1a: Skarmory|move: Roost
|
|upkeep
|turn|36
|
|t:|1665447426
|move|p1a: Skarmory|Whirlwind|p2a: Ditto
|drag|p2a: Toxapex|Toxapex, F|100/100 brn
|
|-damage|p2a: Toxapex|94/100 brn|[from] brn
|upkeep
|turn|37
|
|t:|1665447437
|move|p2a: Toxapex|Scald|p1a: Skarmory
|-damage|p1a: Skarmory|68/100
|-status|p1a: Skarmory|brn
|move|p1a: Skarmory|Whirlwind|p2a: Toxapex
|drag|p2a: Quagsire|Quagsire, F|100/100
|
|-damage|p1a: Skarmory|61/100 brn|[from] brn
|upkeep
|turn|38
|
|t:|1665447447
|switch|p1a: Toxapex|Toxapex, M|100/100
|move|p2a: Quagsire|Scald|p1a: Toxapex
|-resisted|p1a: Toxapex
|-damage|p1a: Toxapex|93/100
|-status|p1a: Toxapex|brn
|
|-damage|p1a: Toxapex|87/100 brn|[from] brn
|upkeep
|turn|39
|
|t:|1665447452
|switch|p2a: Skarmory|Skarmory, F|73/100
|-damage|p2a: Skarmory|61/100|[from] Stealth Rock
|move|p1a: Toxapex|Scald|p2a: Skarmory
|-damage|p2a: Skarmory|34/100
|
|-damage|p1a: Toxapex|80/100 brn|[from] brn
|upkeep
|turn|40
|
|t:|1665447455
|move|p2a: Skarmory|Roost|p2a: Skarmory
|-heal|p2a: Skarmory|84/100
|-singleturn|p2a: Skarmory|move: Roost
|move|p1a: Toxapex|Scald|p2a: Skarmory
|-damage|p2a: Skarmory|59/100
|
|-damage|p1a: Toxapex|74/100 brn|[from] brn
|upkeep
|turn|41
|
|t:|1665447460
|move|p2a: Skarmory|Roost|p2a: Skarmory
|-heal|p2a: Skarmory|100/100
|-singleturn|p2a: Skarmory|move: Roost
|move|p1a: Toxapex|Knock Off|p2a: Skarmory
|-damage|p2a: Skarmory|97/100
|
|-damage|p1a: Toxapex|68/100 brn|[from] brn
|upkeep
|turn|42
|
|t:|1665447463
|move|p1a: Toxapex|Knock Off|p2a: Skarmory
|-damage|p2a: Skarmory|93/100
|move|p2a: Skarmory|Whirlwind|p1a: Toxapex
|drag|p1a: Blissey|Blissey, F|86/100
|
|upkeep
|turn|43
|
|t:|1665447469
|switch|p1a: Toxapex|Toxapex, M|100/100 brn
|move|p2a: Skarmory|Whirlwind|p1a: Toxapex
|drag|p1a: Blissey|Blissey, F|86/100
|
|upkeep
|turn|44
|
|t:|1665447473
|switch|p2a: Ditto|Ditto|88/100
|-damage|p2a: Ditto|76/100|[from] Stealth Rock
|-transform|p2a: Ditto|p1a: Blissey|[from] ability: Imposter
|-item|p2a: Ditto|Air Balloon
|switch|p1a: Toxapex|Toxapex, M|100/100 brn
|
|-damage|p1a: Toxapex|94/100 brn|[from] brn
|upkeep
|turn|45
|
|t:|1665447484
|switch|p2a: Skarmory|Skarmory, F|93/100
|-damage|p2a: Skarmory|80/100|[from] Stealth Rock
|move|p1a: Toxapex|Knock Off|p2a: Skarmory
|-damage|p2a: Skarmory|76/100
|
|-damage|p1a: Toxapex|88/100 brn|[from] brn
|upkeep
|turn|46
|
|t:|1665447486
|move|p1a: Toxapex|Scald|p2a: Skarmory
|-damage|p2a: Skarmory|48/100
|move|p2a: Skarmory|Whirlwind|p1a: Toxapex
|drag|p1a: Ditto|Ditto|100/100
|-damage|p1a: Ditto|88/100|[from] Stealth Rock
|-transform|p1a: Ditto|p2a: Skarmory|[from] ability: Imposter
|-item|p1a: Ditto|Air Balloon
|
|upkeep
|turn|47
|
|t:|1665447492
|move|p2a: Skarmory|Roost|p2a: Skarmory
|-heal|p2a: Skarmory|98/100
|-singleturn|p2a: Skarmory|move: Roost
|move|p1a: Ditto|Whirlwind|p2a: Skarmory
|drag|p2a: Ditto|Ditto|76/100
|-damage|p2a: Ditto|63/100|[from] Stealth Rock
|-item|p2a: Ditto|Air Balloon
|
|upkeep
|turn|48
|c|☆numberoneswiftie|wtf
|
|t:|1665447500
|switch|p2a: Toxapex|Toxapex, F|100/100 brn
|move|p1a: Ditto|Whirlwind|p2a: Toxapex
|drag|p2a: Ditto|Ditto|63/100
|-damage|p2a: Ditto|51/100|[from] Stealth Rock
|-item|p2a: Ditto|Air Balloon
|
|upkeep
|turn|49
|
|t:|1665447506
|switch|p2a: Toxapex|Toxapex, F|100/100 brn
|move|p1a: Ditto|Whirlwind|p2a: Toxapex
|drag|p2a: Blissey|Blissey, F|100/100
|
|upkeep
|turn|50
|
|t:|1665447515
|move|p1a: Ditto|Body Press|p2a: Blissey
|-supereffective|p2a: Blissey
|-crit|p2a: Blissey
|-damage|p2a: Blissey|26/100
|move|p2a: Blissey|Seismic Toss|p1a: Ditto
|-damage|p1a: Ditto|55/100
|-enditem|p1a: Ditto|Air Balloon
|
|upkeep
|turn|51
|
|t:|1665447527
|switch|p2a: Skarmory|Skarmory, F|98/100
|-damage|p2a: Skarmory|85/100|[from] Stealth Rock
|move|p1a: Ditto|Roost|p1a: Ditto
|-heal|p1a: Ditto|100/100
|-singleturn|p1a: Ditto|move: Roost
|
|upkeep
|turn|52
|
|t:|1665447536
|move|p1a: Ditto|Whirlwind|p2a: Skarmory
|drag|p2a: Quagsire|Quagsire, F|100/100
|
|upkeep
|turn|53
|
|t:|1665447541
|move|p2a: Quagsire|Scald|p1a: Ditto
|-damage|p1a: Ditto|71/100
|-status|p1a: Ditto|brn
|move|p1a: Ditto|Whirlwind|p2a: Quagsire
|drag|p2a: Shedinja|Shedinja|100/100
|
|-damage|p1a: Ditto|65/100 brn|[from] brn
|upkeep
|turn|54
|
|t:|1665447549
|move|p2a: Shedinja|Shadow Sneak|p1a: Ditto
|-damage|p1a: Ditto|52/100 brn
|move|p1a: Ditto|Roost|p1a: Ditto
|-heal|p1a: Ditto|100/100 brn
|-singleturn|p1a: Ditto|move: Roost
|
|-damage|p1a: Ditto|94/100 brn|[from] brn
|upkeep
|turn|55
|
|t:|1665447555
|switch|p1a: Toxapex|Toxapex, M|100/100 brn
|switch|p2a: Skarmory|Skarmory, F|85/100
|-damage|p2a: Skarmory|73/100|[from] Stealth Rock
|
|-damage|p1a: Toxapex|94/100 brn|[from] brn
|upkeep
|turn|56
|
|t:|1665447561
|switch|p2a: Ditto|Ditto|51/100
|-damage|p2a: Ditto|39/100|[from] Stealth Rock
|-transform|p2a: Ditto|p1a: Toxapex|[from] ability: Imposter
|-item|p2a: Ditto|Air Balloon
|move|p1a: Toxapex|Scald|p2a: Ditto
|-resisted|p2a: Ditto
|-damage|p2a: Ditto|32/100
|-status|p2a: Ditto|brn
|-enditem|p2a: Ditto|Air Balloon
|
|-damage|p2a: Ditto|26/100 brn|[from] brn
|-damage|p1a: Toxapex|88/100 brn|[from] brn
|upkeep
|turn|57
|
|t:|1665447567
|move|p2a: Ditto|Recover|p2a: Ditto
|-heal|p2a: Ditto|76/100 brn
|move|p1a: Toxapex|Knock Off|p2a: Ditto
|-damage|p2a: Ditto|73/100 brn
|
|-damage|p2a: Ditto|67/100 brn|[from] brn
|-damage|p1a: Toxapex|82/100 brn|[from] brn
|upkeep
|turn|58
|
|t:|1665447571
|switch|p1a: Skarmory|Skarmory, F|61/100 brn
|-damage|p1a: Skarmory|49/100 brn|[from] Stealth Rock
|move|p2a: Ditto|Knock Off|p1a: Skarmory
|-damage|p1a: Skarmory|45/100 brn
|
|-damage|p1a: Skarmory|39/100 brn|[from] brn
|-damage|p2a: Ditto|61/100 brn|[from] brn
|upkeep
|turn|59
|
|t:|1665447573
|move|p1a: Skarmory|Roost|p1a: Skarmory
|-heal|p1a: Skarmory|89/100 brn
|-singleturn|p1a: Skarmory|move: Roost
|move|p2a: Ditto|Recover|p2a: Ditto
|-heal|p2a: Ditto|100/100 brn
|
|-damage|p1a: Skarmory|83/100 brn|[from] brn
|-damage|p2a: Ditto|94/100 brn|[from] brn
|upkeep
|turn|60
|
|t:|1665447578
|move|p2a: Ditto|Scald|p1a: Skarmory
|-damage|p1a: Skarmory|56/100 brn
|move|p1a: Skarmory|Whirlwind|p2a: Ditto
|drag|p2a: Quagsire|Quagsire, F|100/100
|
|-damage|p1a: Skarmory|49/100 brn|[from] brn
|upkeep
|turn|61
|
|t:|1665447585
|move|p1a: Skarmory|Roost|p1a: Skarmory
|-heal|p1a: Skarmory|99/100 brn
|-singleturn|p1a: Skarmory|move: Roost
|move|p2a: Quagsire|Scald|p1a: Skarmory
|-damage|p1a: Skarmory|67/100 brn
|
|-damage|p1a: Skarmory|61/100 brn|[from] brn
|upkeep
|turn|62
|
|t:|1665447589
|switch|p1a: Blissey|Blissey, F|86/100
|move|p2a: Quagsire|Earthquake|p1a: Blissey
|-damage|p1a: Blissey|60/100
|
|upkeep
|turn|63
|
|t:|1665447594
|switch|p2a: Ditto|Ditto|100/100 brn
|-damage|p2a: Ditto|75/100 brn|[from] Spikes
|-damage|p2a: Ditto|63/100 brn|[from] Stealth Rock
|-transform|p2a: Ditto|p1a: Blissey|[from] ability: Imposter
|move|p1a: Blissey|Soft-Boiled|p1a: Blissey
|-heal|p1a: Blissey|100/100
|
|-damage|p2a: Ditto|57/100 brn|[from] brn
|upkeep
|turn|64
|
|t:|1665447598
|move|p1a: Blissey|Seismic Toss|p2a: Ditto
|-damage|p2a: Ditto|24/100 brn
|move|p2a: Ditto|Soft-Boiled|p2a: Ditto
|-heal|p2a: Ditto|74/100 brn
|
|-damage|p2a: Ditto|68/100 brn|[from] brn
|upkeep
|turn|65
|
|t:|1665447608
|switch|p1a: Toxapex|Toxapex, M|100/100 brn
|move|p2a: Ditto|Soft-Boiled|p2a: Ditto
|-heal|p2a: Ditto|100/100 brn
|
|-damage|p2a: Ditto|94/100 brn|[from] brn
|-damage|p1a: Toxapex|94/100 brn|[from] brn
|upkeep
|turn|66
|
|t:|1665447613
|-curestatus|p2a: Ditto|brn|[from] ability: Natural Cure
|switch|p2a: Skarmory|Skarmory, F|73/100
|-damage|p2a: Skarmory|60/100|[from] Stealth Rock
|move|p1a: Toxapex|Scald|p2a: Skarmory
|-damage|p2a: Skarmory|31/100
|
|-damage|p1a: Toxapex|88/100 brn|[from] brn
|upkeep
|turn|67
|
|t:|1665447616
|move|p2a: Skarmory|Roost|p2a: Skarmory
|-heal|p2a: Skarmory|81/100
|-singleturn|p2a: Skarmory|move: Roost
|move|p1a: Toxapex|Scald|p2a: Skarmory
|-damage|p2a: Skarmory|57/100
|-status|p2a: Skarmory|brn
|
|-damage|p2a: Skarmory|50/100 brn|[from] brn
|-damage|p1a: Toxapex|82/100 brn|[from] brn
|upkeep
|turn|68
|
|t:|1665447622
|switch|p1a: Ditto|Ditto|94/100 brn
|-damage|p1a: Ditto|69/100 brn|[from] Spikes
|-damage|p1a: Ditto|57/100 brn|[from] Stealth Rock
|-transform|p1a: Ditto|p2a: Skarmory|[from] ability: Imposter
|move|p2a: Skarmory|Roost|p2a: Skarmory
|-heal|p2a: Skarmory|100/100 brn
|-singleturn|p2a: Skarmory|move: Roost
|
|-damage|p1a: Ditto|51/100 brn|[from] brn
|-damage|p2a: Skarmory|94/100 brn|[from] brn
|upkeep
|turn|69
|
|t:|1665447625
|move|p1a: Ditto|Roost|p1a: Ditto
|-heal|p1a: Ditto|100/100 brn
|-singleturn|p1a: Ditto|move: Roost
|move|p2a: Skarmory|Whirlwind|p1a: Ditto
|drag|p1a: Shedinja|Shedinja|100/100
|
|-damage|p2a: Skarmory|88/100 brn|[from] brn
|upkeep
|turn|70
|
|t:|1665447636
|switch|p2a: Ditto|Ditto|94/100
|-damage|p2a: Ditto|69/100|[from] Spikes
|-damage|p2a: Ditto|57/100|[from] Stealth Rock
|-transform|p2a: Ditto|p1a: Shedinja|[from] ability: Imposter
|switch|p1a: Ditto|Ditto|100/100 brn
|-damage|p1a: Ditto|75/100 brn|[from] Spikes
|-damage|p1a: Ditto|63/100 brn|[from] Stealth Rock
|
|-damage|p1a: Ditto|57/100 brn|[from] brn
|upkeep
|turn|71
|c|☆shiawasenostory|yOOO
|c|☆numberoneswiftie|bitch
|
|t:|1665447649
|move|p2a: Ditto|Shadow Sneak|p1a: Ditto
|-immune|p1a: Ditto
|move|p1a: Ditto|Transform||[still]
|-fail|p1a: Ditto
|
|-damage|p1a: Ditto|51/100 brn|[from] brn
|upkeep
|turn|72
|
|t:|1665447654
|move|p2a: Ditto|Shadow Sneak|p1a: Ditto
|-immune|p1a: Ditto
|move|p1a: Ditto|Transform||[still]
|-fail|p1a: Ditto
|
|-damage|p1a: Ditto|45/100 brn|[from] brn
|upkeep
|turn|73
|
|t:|1665447659
|move|p2a: Ditto|Shadow Sneak|p1a: Ditto
|-immune|p1a: Ditto
|move|p1a: Ditto|Transform||[still]
|-fail|p1a: Ditto
|
|-damage|p1a: Ditto|39/100 brn|[from] brn
|upkeep
|turn|74
|
|t:|1665447663
|switch|p1a: Blissey|Blissey, F|100/100
|move|p2a: Ditto|Toxic|p1a: Blissey
|-status|p1a: Blissey|tox
|
|-damage|p1a: Blissey|94/100 tox|[from] psn
|upkeep
|turn|75
|
|t:|1665447672
|-curestatus|p1a: Blissey|tox|[from] ability: Natural Cure
|switch|p1a: Ditto|Ditto|39/100 brn
|-damage|p1a: Ditto|14/100 brn|[from] Spikes
|-damage|p1a: Ditto|2/100 brn|[from] Stealth Rock
|move|p2a: Ditto|Protect||[still]
|-fail|p2a: Ditto
|
|-damage|p1a: Ditto|0 fnt|[from] brn
|faint|p1a: Ditto
|upkeep
|c|☆numberoneswiftie|fyuck fuckfcuk
|c|☆shiawasenostory|you are the goat
|
|t:|1665447684
|switch|p1a: Toxapex|Toxapex, M|100/100 brn
|turn|76
|
|t:|1665447693
|switch|p2a: Skarmory|Skarmory, F|88/100 brn
|-damage|p2a: Skarmory|76/100 brn|[from] Stealth Rock
|switch|p1a: Quagsire|Quagsire, F|100/100
|
|-damage|p2a: Skarmory|69/100 brn|[from] brn
|upkeep
|turn|77
|
|t:|1665447700
|switch|p2a: Blissey|Blissey, F|26/100
|move|p1a: Quagsire|Scald|p2a: Blissey
|-damage|p2a: Blissey|18/100
|
|upkeep
|turn|78
|
|t:|1665447703
|move|p2a: Blissey|Soft-Boiled|p2a: Blissey
|-heal|p2a: Blissey|68/100
|move|p1a: Quagsire|Earthquake|p2a: Blissey
|-damage|p2a: Blissey|43/100
|
|upkeep
|turn|79
|
|t:|1665447705
|move|p2a: Blissey|Soft-Boiled|p2a: Blissey
|-heal|p2a: Blissey|93/100
|move|p1a: Quagsire|Toxic|p2a: Blissey|[miss]
|-miss|p1a: Quagsire|p2a: Blissey
|
|upkeep
|turn|80
|
|t:|1665447709
|move|p2a: Blissey|Seismic Toss|p1a: Quagsire
|-damage|p1a: Quagsire|75/100
|move|p1a: Quagsire|Toxic|p2a: Blissey
|-status|p2a: Blissey|tox
|
|-damage|p2a: Blissey|87/100 tox|[from] psn
|upkeep
|turn|81
|
|t:|1665447714
|-curestatus|p2a: Blissey|tox|[from] ability: Natural Cure
|switch|p2a: Toxapex|Toxapex, F|100/100 brn
|move|p1a: Quagsire|Scald|p2a: Toxapex
|-resisted|p2a: Toxapex
|-damage|p2a: Toxapex|92/100 brn
|
|-damage|p2a: Toxapex|86/100 brn|[from] brn
|upkeep
|turn|82
|
|t:|1665447718
|move|p1a: Quagsire|Earthquake|p2a: Toxapex
|-supereffective|p2a: Toxapex
|-damage|p2a: Toxapex|46/100 brn
|move|p2a: Toxapex|Knock Off|p1a: Quagsire
|-damage|p1a: Quagsire|70/100
|-enditem|p1a: Quagsire|Heavy-Duty Boots|[from] move: Knock Off|[of] p2a: Toxapex
|
|-damage|p2a: Toxapex|40/100 brn|[from] brn
|upkeep
|turn|83
|
|t:|1665447725
|switch|p2a: Blissey|Blissey, F|87/100
|move|p1a: Quagsire|Scald|p2a: Blissey
|-damage|p2a: Blissey|80/100
|
|upkeep
|turn|84
|c|☆numberoneswiftie|fuck this
|c|☆numberoneswiftie|i am trash
|-message|numberoneswiftie forfeited.
|
|win|shiawasenostory
|l|☆numberoneswiftie
