|raw|<div class="broadcast-blue"><strong>This battle is required to be public due to a player having a name starting with 'lt93oq'.</div>
|j|☆LT93OQ Lio
|j|☆Hostile Takeovers
|t:|1660564950
|gametype|singles
|player|p1|LT93OQ Lio|2|1783
|player|p2|Hostile Takeovers|giovanni-gen3|1787
|teamsize|p1|6
|teamsize|p2|6
|gen|8
|tier|[Gen 8] OU
|rated|
|rule|Sleep Clause Mod: Limit one foe put to sleep
|rule|Species Clause: Limit one of each Pokémon
|rule|OHKO Clause: OHKO moves are banned
|rule|Evasion Items Clause: Evasion items are banned
|rule|Evasion Moves Clause: Evasion moves are banned
|rule|Endless Battle Clause: Forcing endless battles is banned
|rule|HP Percentage Mod: HP is shown in percentages
|rule|Dynamax Clause: You cannot dynamax
|clearpoke
|poke|p1|Clefable, F|
|poke|p1|Tapu Koko|
|poke|p1|Victini|
|poke|p1|Skarmory, F|
|poke|p1|Toxapex, F|
|poke|p1|Gastrodon, M|
|poke|p2|Dragonite, M|
|poke|p2|Ferrothorn, F|
|poke|p2|Clefable, F|
|poke|p2|Heatran, M|
|poke|p2|Rillaboom, M|
|poke|p2|Zapdos|
|teampreview
|inactive|Battle timer is ON: inactive players will automatically lose when time's up. (requested by Hostile Takeovers)
|j| Flante666
|inactive|Hostile Takeovers has 120 seconds left.
|
|t:|1660564988
|start
|switch|p1a: Toxapex|Toxapex, F|100/100
|switch|p2a: Ally|Rillaboom, M|100/100
|-fieldstart|move: Grassy Terrain|[from] ability: Grassy Surge|[of] p2a: Ally
|turn|1
|
|t:|1660564994
|switch|p1a: Skarmory|Skarmory, F|100/100
|move|p2a: Ally|Knock Off|p1a: Skarmory
|-damage|p1a: Skarmory|71/100
|-damage|p2a: Ally|84/100|[from] item: Rocky Helmet|[of] p1a: Skarmory
|-enditem|p1a: Skarmory|Rocky Helmet|[from] move: Knock Off|[of] p2a: Ally
|
|-heal|p2a: Ally|90/100|[from] Grassy Terrain
|upkeep
|turn|2
|
|t:|1660565004
|switch|p2a: Comrade|Heatran, M|100/100
|move|p1a: Skarmory|Roost|p1a: Skarmory
|-heal|p1a: Skarmory|100/100
|-singleturn|p1a: Skarmory|move: Roost
|
|upkeep
|turn|3
|
|t:|1660565011
|switch|p1a: Toxapex|Toxapex, F|100/100
|switch|p2a: Companion|Clefable, F|100/100
|
|upkeep
|turn|4
|
|t:|1660565016
|move|p2a: Companion|Stealth Rock|p1a: Toxapex
|-sidestart|p1: LT93OQ Lio|move: Stealth Rock
|move|p1a: Toxapex|Knock Off|p2a: Companion
|-resisted|p2a: Companion
|-damage|p2a: Companion|94/100
|-enditem|p2a: Companion|Leftovers|[from] move: Knock Off|[of] p1a: Toxapex
|
|-heal|p2a: Companion|100/100|[from] Grassy Terrain
|upkeep
|turn|5
|
|t:|1660565024
|move|p2a: Companion|Thunder Wave|p1a: Toxapex
|-status|p1a: Toxapex|par
|move|p1a: Toxapex|Light Screen|p1a: Toxapex
|-sidestart|p1: LT93OQ Lio|move: Light Screen
|
|-fieldend|move: Grassy Terrain
|upkeep
|turn|6
|
|t:|1660565038
|switch|p2a: Cohort|Ferrothorn, F|100/100
|switch|p1a: Clefable|Clefable, F|100/100
|
|upkeep
|turn|7
|
|t:|1660565043
|move|p1a: Clefable|Stealth Rock|p2a: Cohort
|-sidestart|p2: Hostile Takeovers|move: Stealth Rock
|move|p2a: Cohort|Knock Off|p1a: Clefable
|-resisted|p1a: Clefable
|-damage|p1a: Clefable|91/100
|-enditem|p1a: Clefable|Leftovers|[from] move: Knock Off|[of] p2a: Cohort
|
|upkeep
|turn|8
|
|t:|1660565050
|move|p1a: Clefable|Aromatherapy|p1a: Clefable
|-activate|p1a: Clefable|move: Aromatherapy
|-curestatus|p1: Toxapex|par|[msg]
|move|p2a: Cohort|Spikes|p1a: Clefable
|-sidestart|p1: LT93OQ Lio|Spikes
|
|upkeep
|turn|9
|
|t:|1660565060
|switch|p2a: Comrade|Heatran, M|100/100
|-damage|p2a: Comrade|88/100|[from] Stealth Rock
|move|p1a: Clefable|Moonblast|p2a: Comrade
|-resisted|p2a: Comrade
|-damage|p2a: Comrade|83/100
|
|-heal|p2a: Comrade|90/100|[from] item: Leftovers
|-sideend|p1: LT93OQ Lio|move: Light Screen
|upkeep
|turn|10
|
|t:|1660565069
|switch|p1a: Toxapex|Toxapex, F|100/100
|-damage|p1a: Toxapex|88/100|[from] Stealth Rock
|-damage|p1a: Toxapex|75/100|[from] Spikes
|move|p2a: Comrade|Magma Storm|p1a: Toxapex|[miss]
|-miss|p2a: Comrade|p1a: Toxapex
|
|-heal|p2a: Comrade|96/100|[from] item: Leftovers
|upkeep
|turn|11
|
|t:|1660565079
|switch|p2a: Cohort|Ferrothorn, F|100/100
|-damage|p2a: Cohort|94/100|[from] Stealth Rock
|move|p1a: Toxapex|Knock Off|p2a: Cohort
|-damage|p2a: Cohort|85/100
|-damage|p1a: Toxapex|63/100|[from] ability: Iron Barbs|[of] p2a: Cohort
|-damage|p1a: Toxapex|47/100|[from] item: Rocky Helmet|[of] p2a: Cohort
|-enditem|p2a: Cohort|Rocky Helmet|[from] move: Knock Off|[of] p1a: Toxapex
|
|upkeep
|turn|12
|
|t:|1660565089
|switch|p1a: Clefable|Clefable, F|91/100
|move|p2a: Cohort|Knock Off|p1a: Clefable
|-resisted|p1a: Clefable
|-damage|p1a: Clefable|86/100
|
|upkeep
|turn|13
|
|t:|1660565094
|switch|p2a: Comrade|Heatran, M|96/100
|-damage|p2a: Comrade|83/100|[from] Stealth Rock
|move|p1a: Clefable|Moonblast|p2a: Comrade
|-resisted|p2a: Comrade
|-damage|p2a: Comrade|79/100
|
|-heal|p2a: Comrade|85/100|[from] item: Leftovers
|upkeep
|turn|14
|
|t:|1660565103
|switch|p1a: Gastrodon|Gastrodon, M|100/100
|move|p2a: Comrade|Magma Storm|p1a: Gastrodon
|-resisted|p1a: Gastrodon
|-damage|p1a: Gastrodon|86/100
|-activate|p1a: Gastrodon|move: Magma Storm|[of] p2a: Comrade
|
|-heal|p2a: Comrade|91/100|[from] item: Leftovers
|-damage|p1a: Gastrodon|73/100|[from] move: Magma Storm|[partiallytrapped]
|upkeep
|turn|15
|
|t:|1660565115
|move|p2a: Comrade|Protect|p2a: Comrade
|-singleturn|p2a: Comrade|Protect
|move|p1a: Gastrodon|Earthquake|p2a: Comrade
|-activate|p2a: Comrade|move: Protect
|
|-heal|p2a: Comrade|98/100|[from] item: Leftovers
|-damage|p1a: Gastrodon|61/100|[from] move: Magma Storm|[partiallytrapped]
|upkeep
|turn|16
|
|t:|1660565123
|switch|p2a: Ally|Rillaboom, M|90/100
|-damage|p2a: Ally|78/100|[from] Stealth Rock
|-fieldstart|move: Grassy Terrain|[from] ability: Grassy Surge|[of] p2a: Ally
|move|p1a: Gastrodon|Recover|p1a: Gastrodon
|-heal|p1a: Gastrodon|100/100
|
|-heal|p2a: Ally|84/100|[from] Grassy Terrain
|-end|p1a: Gastrodon|Magma Storm|[partiallytrapped]|[silent]
|upkeep
|turn|17
|
|t:|1660565132
|switch|p1a: Skarmory|Skarmory, F|100/100
|-damage|p1a: Skarmory|88/100|[from] Stealth Rock
|move|p2a: Ally|U-turn|p1a: Skarmory
|-resisted|p1a: Skarmory
|-damage|p1a: Skarmory|83/100
|
|t:|1660565137
|switch|p2a: Partner|Zapdos|100/100|[from]move: U-turn
|-ability|p2a: Partner|Pressure
|
|upkeep
|turn|18
|
|t:|1660565142
|switch|p1a: Gastrodon|Gastrodon, M|100/100
|move|p2a: Partner|Toxic|p1a: Gastrodon
|-status|p1a: Gastrodon|tox
|
|-damage|p1a: Gastrodon|94/100 tox|[from] psn
|upkeep
|turn|19
|
|t:|1660565151
|switch|p1a: Clefable|Clefable, F|86/100
|move|p2a: Partner|Hurricane|p1a: Clefable
|-damage|p1a: Clefable|39/100
|-start|p1a: Clefable|confusion
|
|-heal|p1a: Clefable|45/100|[from] Grassy Terrain
|upkeep
|turn|20
|
|t:|1660565162
|switch|p1a: Victini|Victini|100/100
|move|p2a: Partner|Hurricane|p1a: Victini
|-damage|p1a: Victini|48/100
|
|-heal|p1a: Victini|54/100|[from] Grassy Terrain
|-fieldend|move: Grassy Terrain
|upkeep
|turn|21
|
|t:|1660565169
|switch|p2a: Comrade|Heatran, M|98/100
|-damage|p2a: Comrade|85/100|[from] Stealth Rock
|move|p1a: Victini|V-create|p2a: Comrade
|-start|p2a: Comrade|ability: Flash Fire
|
|-heal|p2a: Comrade|91/100|[from] item: Leftovers
|upkeep
|turn|22
|
|t:|1660565177
|move|p1a: Victini|U-turn|p2a: Comrade
|-resisted|p2a: Comrade
|-damage|p2a: Comrade|88/100
|
|t:|1660565180
|switch|p1a: Gastrodon|Gastrodon, M|94/100 tox|[from]move: U-turn
|move|p2a: Comrade|Magma Storm|p1a: Gastrodon
|-resisted|p1a: Gastrodon
|-damage|p1a: Gastrodon|73/100 tox
|-activate|p1a: Gastrodon|move: Magma Storm|[of] p2a: Comrade
|
|-heal|p2a: Comrade|94/100|[from] item: Leftovers
|-damage|p1a: Gastrodon|66/100 tox|[from] psn
|-damage|p1a: Gastrodon|54/100 tox|[from] move: Magma Storm|[partiallytrapped]
|upkeep
|turn|23
|
|t:|1660565190
|move|p2a: Comrade|Protect|p2a: Comrade
|-singleturn|p2a: Comrade|Protect
|move|p1a: Gastrodon|Recover|p1a: Gastrodon
|-heal|p1a: Gastrodon|100/100 tox
|
|-heal|p2a: Comrade|99/100|[from] item: Leftovers
|-damage|p1a: Gastrodon|88/100 tox|[from] psn
|-damage|p1a: Gastrodon|76/100 tox|[from] move: Magma Storm|[partiallytrapped]
|upkeep
|turn|24
|
|t:|1660565199
|-end|p2a: Comrade|ability: Flash Fire|[silent]
|switch|p2a: Ally|Rillaboom, M|84/100
|-damage|p2a: Ally|72/100|[from] Stealth Rock
|-fieldstart|move: Grassy Terrain|[from] ability: Grassy Surge|[of] p2a: Ally
|move|p1a: Gastrodon|Recover|p1a: Gastrodon
|-heal|p1a: Gastrodon|100/100 tox
|
|-heal|p2a: Ally|78/100|[from] Grassy Terrain
|-damage|p1a: Gastrodon|82/100 tox|[from] psn
|-end|p1a: Gastrodon|Magma Storm|[partiallytrapped]|[silent]
|upkeep
|turn|25
|
|t:|1660565209
|switch|p1a: Skarmory|Skarmory, F|83/100
|-damage|p1a: Skarmory|70/100|[from] Stealth Rock
|move|p2a: Ally|U-turn|p1a: Skarmory
|-resisted|p1a: Skarmory
|-damage|p1a: Skarmory|65/100
|
|t:|1660565215
|switch|p2a: Partner|Zapdos|100/100|[from]move: U-turn
|-ability|p2a: Partner|Pressure
|
|upkeep
|turn|26
|j| Hastein
|
|t:|1660565229
|move|p2a: Partner|Thunderbolt|p1a: Skarmory
|-supereffective|p1a: Skarmory
|-damage|p1a: Skarmory|0 fnt
|faint|p1a: Skarmory
|
|upkeep
|-message|LT93OQ Lio forfeited.
|
|win|Hostile Takeovers
|raw|LT93OQ Lio's rating: 1783 &rarr; <strong>1763</strong><br />(-20 for losing)
|raw|Hostile Takeovers's rating: 1787 &rarr; <strong>1807</strong><br />(+20 for winning)
|l|☆LT93OQ Lio
