|j|☆baigu3
|j|☆Mutako Z
|t:|1663423858
|gametype|singles
|player|p1|baigu3|265|1591
|player|p2|Mutako Z|cynthia-gen4|1641
|teamsize|p1|6
|teamsize|p2|6
|gen|8
|tier|[Gen 8] OU
|rated|
|rule|Sleep Clause Mod: Limit one foe put to sleep
|rule|Species Clause: Limit one of each Pokémon
|rule|OHKO Clause: OHKO moves are banned
|rule|Evasion Items Clause: Evasion items are banned
|rule|Evasion Moves Clause: Evasion moves are banned
|rule|Endless Battle Clause: Forcing endless battles is banned
|rule|HP Percentage Mod: HP is shown in percentages
|rule|Dynamax Clause: You cannot dynamax
|clearpoke
|poke|p1|Tapu Lele|
|poke|p1|Porygon-Z|
|poke|p1|Pelipper, F|
|poke|p1|Ferrothorn, M|
|poke|p1|Barraskewda, M|
|poke|p1|Garchomp, F|
|poke|p2|Hippowdon, M|
|poke|p2|Tyranitar, M|
|poke|p2|Excadrill, M|
|poke|p2|Dracozolt|
|poke|p2|Zapdos|
|poke|p2|Slowbro, M|
|teampreview
|inactive|Battle timer is ON: inactive players will automatically lose when time's up. (requested by baigu3)
|inactiveoff|Battle timer is now OFF.
|
|t:|1663423898
|start
|switch|p1a: Porygon-Z|Porygon-Z|100/100
|switch|p2a: Zapdos|Zapdos|100/100
|-ability|p1a: Porygon-Z|Download|boost
|-boost|p1a: Porygon-Z|spa|1
|turn|1
|
|t:|1663423905
|move|p1a: Porygon-Z|Ice Beam|p2a: Zapdos
|-supereffective|p2a: Zapdos
|-damage|p2a: Zapdos|0 fnt
|faint|p2a: Zapdos
|
|upkeep
|
|t:|1663423911
|switch|p2a: Tyranitar|Tyranitar, M|100/100
|-weather|Sandstorm|[from] ability: Sand Stream|[of] p2a: Tyranitar
|turn|2
|
|t:|1663423916
|switch|p1a: Garchomp|Garchomp, F|100/100
|move|p2a: Tyranitar|Thunder Wave|p1a: Garchomp
|-immune|p1a: Garchomp
|
|-weather|Sandstorm|[upkeep]
|upkeep
|turn|3
|
|t:|1663423921
|move|p1a: Garchomp|Stealth Rock|p2a: Tyranitar
|-sidestart|p2: Mutako Z|move: Stealth Rock
|move|p2a: Tyranitar|Ice Punch|p1a: Garchomp
|-supereffective|p1a: Garchomp
|-damage|p1a: Garchomp|0 fnt
|-damage|p2a: Tyranitar|88/100|[from] ability: Rough Skin|[of] p1a: Garchomp
|faint|p1a: Garchomp
|
|-weather|Sandstorm|[upkeep]
|upkeep
|
|t:|1663423927
|switch|p1a: Ferrothorn|Ferrothorn, M|100/100
|turn|4
|
|t:|1663423932
|switch|p2a: Slowbro|Slowbro, M|100/100
|-damage|p2a: Slowbro|88/100|[from] Stealth Rock
|switch|p1a: Pelipper|Pelipper, F|100/100
|-weather|RainDance|[from] ability: Drizzle|[of] p1a: Pelipper
|
|-weather|RainDance|[upkeep]
|upkeep
|turn|5
|inactive|Battle timer is ON: inactive players will automatically lose when time's up. (requested by baigu3)
|
|t:|1663423940
|move|p1a: Pelipper|U-turn|p2a: Slowbro
|-supereffective|p2a: Slowbro
|-damage|p2a: Slowbro|75/100
|-damage|p1a: Pelipper|84/100|[from] item: Rocky Helmet|[of] p2a: Slowbro
|
|t:|1663423950
|switch|p1a: Barraskewda|Barraskewda, M|100/100|[from]move: U-turn
|move|p2a: Slowbro|Future Sight|p1a: Barraskewda
|-start|p2a: Slowbro|move: Future Sight
|
|-weather|RainDance|[upkeep]
|upkeep
|turn|6
|inactive|Mutako Z has 120 seconds left.
|
|t:|1663423981
|switch|p1a: Ferrothorn|Ferrothorn, M|100/100
|move|p2a: Slowbro|Scald|p1a: Ferrothorn
|-resisted|p1a: Ferrothorn
|-damage|p1a: Ferrothorn|81/100
|
|-weather|RainDance|[upkeep]
|upkeep
|turn|7
|
|t:|1663423987
|move|p2a: Slowbro|Fire Blast|p1a: Ferrothorn
|-supereffective|p1a: Ferrothorn
|-damage|p1a: Ferrothorn|28/100
|move|p1a: Ferrothorn|Spikes|p2a: Slowbro
|-sidestart|p2: Mutako Z|Spikes
|
|-weather|RainDance|[upkeep]
|-end|p1a: Ferrothorn|move: Future Sight
|-resisted|p1a: Ferrothorn
|-damage|p1a: Ferrothorn|9/100
|upkeep
|turn|8
|
|t:|1663423995
|switch|p1a: Porygon-Z|Porygon-Z|100/100
|-ability|p1a: Porygon-Z|Download|boost
|-boost|p1a: Porygon-Z|spa|1
|move|p2a: Slowbro|Future Sight|p1a: Porygon-Z
|-start|p2a: Slowbro|move: Future Sight
|
|-weather|RainDance|[upkeep]
|upkeep
|turn|9
|
|t:|1663424003
|switch|p2a: Hippowdon|Hippowdon, M|100/100
|-damage|p2a: Hippowdon|94/100|[from] Stealth Rock
|-damage|p2a: Hippowdon|82/100|[from] Spikes
|-weather|Sandstorm|[from] ability: Sand Stream|[of] p2a: Hippowdon
|move|p1a: Porygon-Z|Tri Attack|p2a: Hippowdon
|-damage|p2a: Hippowdon|0 fnt
|faint|p2a: Hippowdon
|
|-weather|Sandstorm|[upkeep]
|-damage|p1a: Porygon-Z|94/100|[from] Sandstorm
|upkeep
|
|t:|1663424016
|switch|p2a: Dracozolt|Dracozolt|100/100
|-damage|p2a: Dracozolt|88/100|[from] Stealth Rock
|-damage|p2a: Dracozolt|76/100|[from] Spikes
|turn|10
|
|t:|1663424036
|switch|p1a: Ferrothorn|Ferrothorn, M|9/100
|move|p2a: Dracozolt|Bolt Beak|p1a: Ferrothorn
|-resisted|p1a: Ferrothorn
|-damage|p1a: Ferrothorn|0 fnt
|-damage|p2a: Dracozolt|63/100|[from] ability: Iron Barbs|[of] p1a: Ferrothorn
|-damage|p2a: Dracozolt|47/100|[from] item: Rocky Helmet|[of] p1a: Ferrothorn
|faint|p1a: Ferrothorn
|-damage|p2a: Dracozolt|37/100|[from] item: Life Orb
|
|-weather|Sandstorm|[upkeep]
|-hint|Future Sight did not hit because the target is fainted.
|upkeep
|
|t:|1663424046
|switch|p1a: Pelipper|Pelipper, F|84/100
|-weather|RainDance|[from] ability: Drizzle|[of] p1a: Pelipper
|turn|11
|inactive|baigu3 has 120 seconds left.
|
|t:|1663424078
|switch|p1a: Tapu Lele|Tapu Lele|100/100
|-fieldstart|move: Psychic Terrain|[from] ability: Psychic Surge|[of] p1a: Tapu Lele
|move|p2a: Dracozolt|Bolt Beak|p1a: Tapu Lele
|-crit|p1a: Tapu Lele
|-damage|p1a: Tapu Lele|0 fnt
|faint|p1a: Tapu Lele
|-damage|p2a: Dracozolt|27/100|[from] item: Life Orb
|
|-weather|RainDance|[upkeep]
|upkeep
|
|t:|1663424084
|switch|p1a: Porygon-Z|Porygon-Z|94/100
|-ability|p1a: Porygon-Z|Download|boost
|-boost|p1a: Porygon-Z|spa|1
|turn|12
|
|t:|1663424101
|move|p1a: Porygon-Z|Tri Attack|p2a: Dracozolt
|-damage|p2a: Dracozolt|0 fnt
|faint|p2a: Dracozolt
|
|-weather|RainDance|[upkeep]
|upkeep
|
|t:|1663424114
|switch|p2a: Slowbro|Slowbro, M|100/100
|-damage|p2a: Slowbro|88/100|[from] Stealth Rock
|-damage|p2a: Slowbro|76/100|[from] Spikes
|turn|13
|
|t:|1663424118
|move|p1a: Porygon-Z|Tri Attack|p2a: Slowbro
|-damage|p2a: Slowbro|0 fnt
|faint|p2a: Slowbro
|
|-weather|RainDance|[upkeep]
|upkeep
|
|t:|1663424123
|switch|p2a: Tyranitar|Tyranitar, M|88/100
|-damage|p2a: Tyranitar|76/100|[from] Stealth Rock
|-damage|p2a: Tyranitar|64/100|[from] Spikes
|-weather|Sandstorm|[from] ability: Sand Stream|[of] p2a: Tyranitar
|turn|14
|
|t:|1663424130
|move|p1a: Porygon-Z|Tri Attack|p2a: Tyranitar
|-resisted|p2a: Tyranitar
|-damage|p2a: Tyranitar|31/100
|move|p2a: Tyranitar|Stone Edge|p1a: Porygon-Z
|-damage|p1a: Porygon-Z|7/100
|
|-weather|Sandstorm|[upkeep]
|-damage|p1a: Porygon-Z|0 fnt|[from] Sandstorm
|faint|p1a: Porygon-Z
|upkeep
|
|t:|1663424136
|switch|p1a: Barraskewda|Barraskewda, M|100/100
|turn|15
|
|t:|1663424146
|switch|p2a: Excadrill|Excadrill, M|100/100
|-damage|p2a: Excadrill|97/100|[from] Stealth Rock
|-damage|p2a: Excadrill|85/100|[from] Spikes
|move|p1a: Barraskewda|Liquidation|p2a: Excadrill
|-supereffective|p2a: Excadrill
|-damage|p2a: Excadrill|0 fnt
|faint|p2a: Excadrill
|
|-weather|Sandstorm|[upkeep]
|-damage|p1a: Barraskewda|94/100|[from] Sandstorm
|-fieldend|move: Psychic Terrain
|upkeep
|-message|Mutako Z forfeited.
|
|win|baigu3
|raw|baigu3's rating: 1591 &rarr; <strong>1614</strong><br />(+23 for winning)
|raw|Mutako Z's rating: 1641 &rarr; <strong>1618</strong><br />(-23 for losing)
|l|☆Mutako Z
