|j|☆Oryen
|j|☆Psyfox654
|inactive|Battle timer is ON: inactive players will automatically lose when time's up.
|t:|1663370210
|gametype|singles
|player|p1|Oryen|2|
|player|p2|Psyfox654|veteranf|
|teamsize|p1|2
|teamsize|p2|2
|gen|8
|tier|[Gen 8] OU
|rated|Tournament battle
|rule|Sleep Clause Mod: Limit one foe put to sleep
|rule|Species Clause: Limit one of each Pokémon
|rule|OHKO Clause: OHKO moves are banned
|rule|Evasion Items Clause: Evasion items are banned
|rule|Evasion Moves Clause: Evasion moves are banned
|rule|Endless Battle Clause: Forcing endless battles is banned
|rule|HP Percentage Mod: HP is shown in percentages
|rule|Dynamax Clause: You cannot dynamax
|clearpoke
|poke|p1|Corviknight, F|
|poke|p1|Brionne, F|
|poke|p2|Toxapex, M|
|poke|p2|Seadra, F|
|teampreview
|j|*Lady Monita
|inactive|Psyfox654 also wants the timer to be on.
|j| bergenser
|c|☆Psyfox654|glhf
|c|☆Oryen|u2
|j| cleox
|
|t:|1663370226
|start
|switch|p1a: Corviknight|Corviknight, F|100/100
|switch|p2a: Toxapex|Toxapex, M|100/100
|-ability|p1a: Corviknight|Pressure
|turn|1
|j| 1Ssep The Chicken
|
|t:|1663370229
|move|p1a: Corviknight|Bulk Up|p1a: Corviknight
|-boost|p1a: Corviknight|atk|1
|-boost|p1a: Corviknight|def|1
|move|p2a: Toxapex|Knock Off|p1a: Corviknight
|-damage|p1a: Corviknight|91/100
|-enditem|p1a: Corviknight|Leftovers|[from] move: Knock Off|[of] p2a: Toxapex
|
|upkeep
|turn|2
|j| PIKABLU FAN
|j| Pufferdafish
|
|t:|1663370234
|move|p1a: Corviknight|Bulk Up|p1a: Corviknight
|-boost|p1a: Corviknight|atk|1
|-boost|p1a: Corviknight|def|1
|move|p2a: Toxapex|Toxic|p1a: Corviknight
|-immune|p1a: Corviknight
|
|upkeep
|turn|3
|
|t:|1663370238
|move|p1a: Corviknight|Brave Bird|p2a: Toxapex
|-damage|p2a: Toxapex|42/100
|-damage|p1a: Corviknight|76/100|[from] Recoil
|move|p2a: Toxapex|Haze|p2a: Toxapex
|-clearallboost
|
|-heal|p2a: Toxapex|48/100|[from] item: Black Sludge
|upkeep
|turn|4
|
|t:|1663370241
|move|p1a: Corviknight|Bulk Up|p1a: Corviknight
|-boost|p1a: Corviknight|atk|1
|-boost|p1a: Corviknight|def|1
|move|p2a: Toxapex|Recover|p2a: Toxapex
|-heal|p2a: Toxapex|98/100
|
|-heal|p2a: Toxapex|100/100|[from] item: Black Sludge
|upkeep
|turn|5
|
|t:|1663370245
|move|p1a: Corviknight|Bulk Up|p1a: Corviknight
|-boost|p1a: Corviknight|atk|1
|-boost|p1a: Corviknight|def|1
|move|p2a: Toxapex|Haze|p2a: Toxapex
|-clearallboost
|
|upkeep
|turn|6
|
|t:|1663370254
|move|p1a: Corviknight|Bulk Up|p1a: Corviknight
|-boost|p1a: Corviknight|atk|1
|-boost|p1a: Corviknight|def|1
|move|p2a: Toxapex|Knock Off|p1a: Corviknight
|-damage|p1a: Corviknight|71/100
|
|upkeep
|turn|7
|j| argo2crew
|
|t:|1663370260
|move|p1a: Corviknight|Brave Bird|p2a: Toxapex
|-damage|p2a: Toxapex|56/100
|-damage|p1a: Corviknight|59/100|[from] Recoil
|move|p2a: Toxapex|Haze|p2a: Toxapex
|-clearallboost
|
|-heal|p2a: Toxapex|62/100|[from] item: Black Sludge
|upkeep
|turn|8
|
|t:|1663370265
|move|p1a: Corviknight|Bulk Up|p1a: Corviknight
|-boost|p1a: Corviknight|atk|1
|-boost|p1a: Corviknight|def|1
|move|p2a: Toxapex|Recover|p2a: Toxapex
|-heal|p2a: Toxapex|100/100
|
|upkeep
|turn|9
|
|t:|1663370267
|move|p1a: Corviknight|Brave Bird|p2a: Toxapex
|-damage|p2a: Toxapex|57/100
|-damage|p1a: Corviknight|48/100|[from] Recoil
|move|p2a: Toxapex|Haze|p2a: Toxapex
|-clearallboost
|
|-heal|p2a: Toxapex|63/100|[from] item: Black Sludge
|upkeep
|turn|10
|c| cleox|Unstoppable force meets immovable object
|
|t:|1663370270
|move|p1a: Corviknight|Roost|p1a: Corviknight
|-heal|p1a: Corviknight|98/100
|-singleturn|p1a: Corviknight|move: Roost
|move|p2a: Toxapex|Haze|p2a: Toxapex
|-clearallboost
|
|-heal|p2a: Toxapex|69/100|[from] item: Black Sludge
|upkeep
|turn|11
|c|☆Psyfox654|we may be here awile
|c|☆Oryen|the meta defining threats
|c|☆Oryen|yeah
|c|☆Oryen|i wouldn't wait around
|c| cleox|this is going to roost / recover pp
|
|t:|1663370296
|switch|p1a: Brionne|Brionne, F|100/100
|move|p2a: Toxapex|Recover|p2a: Toxapex
|-heal|p2a: Toxapex|100/100
|
|upkeep
|turn|12
|
|t:|1663370299
|move|p1a: Brionne|Scald|p2a: Toxapex
|-resisted|p2a: Toxapex
|-damage|p2a: Toxapex|92/100
|move|p2a: Toxapex|Toxic|p1a: Brionne
|-status|p1a: Brionne|tox
|
|-heal|p2a: Toxapex|98/100|[from] item: Black Sludge
|-damage|p1a: Brionne|94/100 tox|[from] psn
|upkeep
|turn|13
|
|t:|1663370302
|move|p1a: Brionne|Scald|p2a: Toxapex
|-resisted|p2a: Toxapex
|-damage|p2a: Toxapex|89/100
|move|p2a: Toxapex|Knock Off|p1a: Brionne
|-damage|p1a: Brionne|81/100 tox
|-enditem|p1a: Brionne|Eviolite|[from] move: Knock Off|[of] p2a: Toxapex
|
|-heal|p2a: Toxapex|96/100|[from] item: Black Sludge
|-damage|p1a: Brionne|69/100 tox|[from] psn
|upkeep
|turn|14
|
|t:|1663370308
|switch|p2a: Seadra|Seadra, F|100/100
|move|p1a: Brionne|Scald|p2a: Seadra
|-resisted|p2a: Seadra
|-damage|p2a: Seadra|82/100
|-status|p2a: Seadra|brn
|
|-damage|p1a: Brionne|50/100 tox|[from] psn
|-damage|p2a: Seadra|76/100 brn|[from] brn
|upkeep
|turn|15
|
|t:|1663370313
|switch|p1a: Corviknight|Corviknight, F|98/100
|-ability|p1a: Corviknight|Pressure
|move|p2a: Seadra|Protect||[still]
|-fail|p2a: Seadra
|
|-damage|p2a: Seadra|70/100 brn|[from] brn
|upkeep
|turn|16
|
|t:|1663370317
|move|p2a: Seadra|Hydro Pump|p1a: Corviknight
|-damage|p1a: Corviknight|72/100
|move|p1a: Corviknight|Bulk Up|p1a: Corviknight
|-boost|p1a: Corviknight|atk|1
|-boost|p1a: Corviknight|def|1
|
|-damage|p2a: Seadra|64/100 brn|[from] brn
|upkeep
|turn|17
|
|t:|1663370321
|move|p2a: Seadra|Hydro Pump|p1a: Corviknight
|-damage|p1a: Corviknight|49/100
|move|p1a: Corviknight|Bulk Up|p1a: Corviknight
|-boost|p1a: Corviknight|atk|1
|-boost|p1a: Corviknight|def|1
|
|-damage|p2a: Seadra|58/100 brn|[from] brn
|upkeep
|turn|18
|
|t:|1663370324
|move|p2a: Seadra|Hydro Pump|p1a: Corviknight
|-damage|p1a: Corviknight|24/100
|move|p1a: Corviknight|Roost|p1a: Corviknight
|-heal|p1a: Corviknight|74/100
|-singleturn|p1a: Corviknight|move: Roost
|
|-damage|p2a: Seadra|52/100 brn|[from] brn
|upkeep
|turn|19
|
|t:|1663370329
|move|p2a: Seadra|Hydro Pump|p1a: Corviknight
|-damage|p1a: Corviknight|48/100
|move|p1a: Corviknight|Roost|p1a: Corviknight
|-heal|p1a: Corviknight|98/100
|-singleturn|p1a: Corviknight|move: Roost
|
|-damage|p2a: Seadra|46/100 brn|[from] brn
|upkeep
|turn|20
|
|t:|1663370332
|switch|p2a: Toxapex|Toxapex, M|100/100
|move|p1a: Corviknight|Bulk Up|p1a: Corviknight
|-boost|p1a: Corviknight|atk|1
|-boost|p1a: Corviknight|def|1
|
|upkeep
|turn|21
|
|t:|1663370335
|move|p1a: Corviknight|Brave Bird|p2a: Toxapex
|-damage|p2a: Toxapex|28/100
|-damage|p1a: Corviknight|79/100|[from] Recoil
|move|p2a: Toxapex|Haze|p2a: Toxapex
|-clearallboost
|
|-heal|p2a: Toxapex|34/100|[from] item: Black Sludge
|upkeep
|turn|22
|
|t:|1663370339
|switch|p2a: Seadra|Seadra, F|46/100 brn
|move|p1a: Corviknight|Brave Bird|p2a: Seadra
|-damage|p2a: Seadra|24/100 brn
|-damage|p1a: Corviknight|74/100|[from] Recoil
|
|-damage|p2a: Seadra|18/100 brn|[from] brn
|upkeep
|turn|23
|
|t:|1663370342
|move|p2a: Seadra|Ice Beam|p1a: Corviknight
|-damage|p1a: Corviknight|59/100
|move|p1a: Corviknight|Bulk Up|p1a: Corviknight
|-boost|p1a: Corviknight|atk|1
|-boost|p1a: Corviknight|def|1
|
|-damage|p2a: Seadra|12/100 brn|[from] brn
|upkeep
|turn|24
|
|t:|1663370345
|switch|p2a: Toxapex|Toxapex, M|68/100
|move|p1a: Corviknight|Bulk Up|p1a: Corviknight
|-boost|p1a: Corviknight|atk|1
|-boost|p1a: Corviknight|def|1
|
|-heal|p2a: Toxapex|74/100|[from] item: Black Sludge
|upkeep
|turn|25
|
|t:|1663370351
|move|p1a: Corviknight|Brave Bird|p2a: Toxapex
|-crit|p2a: Toxapex
|-damage|p2a: Toxapex|0 fnt
|faint|p2a: Toxapex
|-damage|p1a: Corviknight|41/100|[from] Recoil
|
|upkeep
|c|☆Oryen|gg
|
|t:|1663370355
|switch|p2a: Seadra|Seadra, F|12/100 brn
|turn|26
|c| cleox|OOF
|j| Nitrobinet
|c|☆Psyfox654|gg
|l| Nitrobinet
|
|t:|1663370360
|move|p2a: Seadra|Protect|p2a: Seadra
|-singleturn|p2a: Seadra|Protect
|move|p1a: Corviknight|Roost|p1a: Corviknight
|-heal|p1a: Corviknight|91/100
|-singleturn|p1a: Corviknight|move: Roost
|
|-damage|p2a: Seadra|6/100 brn|[from] brn
|upkeep
|turn|27
|
|t:|1663370363
|move|p2a: Seadra|Ice Beam|p1a: Corviknight
|-damage|p1a: Corviknight|78/100
|move|p1a: Corviknight|Brave Bird|p2a: Seadra
|-damage|p2a: Seadra|0 fnt
|faint|p2a: Seadra
|-damage|p1a: Corviknight|76/100|[from] Recoil
|
|win|Oryen
|n|☆Oryen|oryen
|n|☆Psyfox654|psyfox654
|n|*Lady Monita|ladymonita
|n| bergenser|bergenser
|n| cleox|cleox
|n| 1Ssep The Chicken|1ssepthechicken
|n| PIKABLU FAN|pikablufan
|n| Pufferdafish|pufferdafish
|n| argo2crew|argo2crew
|l| cleox
|l|*Lady Monita
|l|☆Oryen
|l| Pufferdafish
|l| bergenser
|l|☆Psyfox654
|l| argo2crew
|j|☆Psyfox654
|player|p2|Psyfox654|veteranf
