|j|☆CrooksOnMyFeet
|j|☆A
|player|p1|CrooksOnMyFeet|lucas|1747
|player|p2|A|clemont|1644
|teamsize|p1|6
|teamsize|p2|6
|gametype|singles
|gen|8
|tier|[Gen 8] OU
|rated|
|html|<div class="broadcast-blue"><strong>OU is currently suspecting Dracovish! For information on how to participate check out the <a href="https://www.smogon.com/forums/threads/3664521/">suspect thread</a>.</strong></div>
|clearpoke
|poke|p1|Cloyster, M|
|poke|p1|Kommo-o, M|
|poke|p1|Togekiss, F|
|poke|p1|Mew|
|poke|p1|Zeraora|
|poke|p1|Bisharp, F|
|poke|p2|Clefable, F|
|poke|p2|Rotom-Mow|
|poke|p2|Kommo-o, M|
|poke|p2|Toxapex, M|
|poke|p2|Mandibuzz, F|
|poke|p2|Jirachi|
|rule|Sleep Clause Mod: Limit one foe put to sleep
|rule|Species Clause: Limit one of each Pokémon
|rule|OHKO Clause: OHKO moves are banned
|rule|Evasion Moves Clause: Evasion moves are banned
|rule|Endless Battle Clause: Forcing endless battles is banned
|rule|HP Percentage Mod: HP is shown in percentages
|rule|Dynamax Clause: You cannot dynamax
|teampreview
|inactive|Battle timer is ON: inactive players will automatically lose when time's up. (requested by CrooksOnMyFeet)
|l|☆A
|inactive|A disconnected and has a minute to reconnect!
|player|p2|
|inactive|A has 30 seconds to reconnect!
|j|☆A
|inactive|A reconnected and has 115 seconds left.
|player|p2|A|clemont
|
|start
|switch|p1a: GAY4|Mew, shiny|100/100
|switch|p2a: cool laddy|Jirachi, shiny|100/100
|turn|1
|inactive|CrooksOnMyFeet has 120 seconds left.
|
|move|p2a: cool laddy|Trick|p1a: GAY4
|-activate|p2a: cool laddy|move: Trick|[of] p1a: GAY4
|-item|p1a: GAY4|Choice Scarf|[from] move: Trick
|-item|p2a: cool laddy|Focus Sash|[from] move: Trick
|move|p1a: GAY4|Flare Blitz|p2a: cool laddy
|-supereffective|p2a: cool laddy
|-damage|p2a: cool laddy|48/100
|-status|p2a: cool laddy|brn
|-damage|p1a: GAY4|84/100|[from] Recoil
|
|-damage|p2a: cool laddy|42/100 brn|[from] brn
|upkeep
|turn|2
|
|switch|p2a: epic games|Kommo-o, M|100/100
|move|p1a: GAY4|Flare Blitz|p2a: epic games
|-resisted|p2a: epic games
|-damage|p2a: epic games|92/100
|-damage|p1a: GAY4|81/100|[from] Recoil
|
|-heal|p2a: epic games|98/100|[from] item: Leftovers
|upkeep
|turn|3
|
|switch|p1a: Gay1|Togekiss, F, shiny|100/100
|move|p2a: epic games|Stealth Rock|p1a: Gay1
|-sidestart|p1: CrooksOnMyFeet|move: Stealth Rock
|
|-heal|p2a: epic games|100/100|[from] item: Leftovers
|upkeep
|turn|4
|
|switch|p2a: cool laddy|Jirachi, shiny|42/100 brn
|move|p1a: Gay1|Substitute|p1a: Gay1
|-start|p1a: Gay1|Substitute
|-damage|p1a: Gay1|76/100
|
|-heal|p1a: Gay1|82/100|[from] item: Leftovers
|-damage|p2a: cool laddy|36/100 brn|[from] brn
|upkeep
|turn|5
|
|move|p2a: cool laddy|Iron Head|p1a: Gay1
|-supereffective|p1a: Gay1
|-end|p1a: Gay1|Substitute
|move|p1a: Gay1|Flamethrower|p2a: cool laddy
|-supereffective|p2a: cool laddy
|-crit|p2a: cool laddy
|-damage|p2a: cool laddy|0 fnt
|faint|p2a: cool laddy
|
|-heal|p1a: Gay1|88/100|[from] item: Leftovers
|upkeep
|
|switch|p2a: yeah boii|Rotom-Mow, shiny|100/100
|turn|6
|
|move|p2a: yeah boii|Will-O-Wisp|p1a: Gay1
|-status|p1a: Gay1|brn
|move|p1a: Gay1|Flamethrower|p2a: yeah boii
|-supereffective|p2a: yeah boii
|-damage|p2a: yeah boii|37/100
|
|-heal|p1a: Gay1|94/100 brn|[from] item: Leftovers
|-damage|p1a: Gay1|88/100 brn|[from] brn
|upkeep
|turn|7
|
|switch|p2a: hypocrite|Clefable, F, shiny|100/100
|switch|p1a: GAY5|Zeraora|100/100
|-damage|p1a: GAY5|88/100|[from] Stealth Rock
|
|upkeep
|turn|8
|
|move|p1a: GAY5|Calm Mind|p1a: GAY5
|-boost|p1a: GAY5|spa|1
|-boost|p1a: GAY5|spd|1
|move|p2a: hypocrite|Moonblast|p1a: GAY5
|-damage|p1a: GAY5|55/100
|
|upkeep
|turn|9
|
|move|p1a: GAY5|Thunderbolt|p2a: hypocrite
|-damage|p2a: hypocrite|31/100
|-damage|p1a: GAY5|45/100|[from] item: Life Orb
|move|p2a: hypocrite|Moonblast|p1a: GAY5
|-damage|p1a: GAY5|12/100
|
|-heal|p2a: hypocrite|37/100|[from] item: Leftovers
|upkeep
|turn|10
|
|switch|p2a: epic games|Kommo-o, M|100/100
|move|p1a: GAY5|Thunderbolt|p2a: epic games
|-resisted|p2a: epic games
|-damage|p2a: epic games|67/100
|-damage|p1a: GAY5|2/100|[from] item: Life Orb
|
|-heal|p2a: epic games|73/100|[from] item: Leftovers
|upkeep
|turn|11
|
|switch|p2a: hypocrite|Clefable, F, shiny|37/100
|move|p1a: GAY5|Thunderbolt|p2a: hypocrite
|-damage|p2a: hypocrite|0 fnt
|-damage|p1a: GAY5|0 fnt|[from] item: Life Orb
|faint|p2a: hypocrite
|faint|p1a: GAY5
|
|upkeep
|
|switch|p1a: Gay1|Togekiss, F, shiny|88/100 brn
|switch|p2a: yeah boii|Rotom-Mow, shiny|37/100
|-damage|p1a: Gay1|63/100 brn|[from] Stealth Rock
|turn|12
|j| quilto
|
|move|p2a: yeah boii|Volt Switch|p1a: Gay1
|-supereffective|p1a: Gay1
|-damage|p1a: Gay1|10/100 brn
|
|switch|p2a: irrationallty m8|Mandibuzz, F|100/100|[from]move: Volt Switch
|move|p1a: Gay1|Flamethrower|p2a: irrationallty m8
|-damage|p2a: irrationallty m8|82/100
|
|-heal|p1a: Gay1|17/100 brn|[from] item: Leftovers
|-damage|p1a: Gay1|10/100 brn|[from] brn
|upkeep
|turn|13
|
|move|p1a: Gay1|Air Slash|p2a: irrationallty m8
|-damage|p2a: irrationallty m8|58/100
|cant|p2a: irrationallty m8|flinch
|
|-heal|p1a: Gay1|17/100 brn|[from] item: Leftovers
|-damage|p1a: Gay1|10/100 brn|[from] brn
|upkeep
|turn|14
|
|switch|p2a: the chungus|Toxapex, M, shiny|100/100
|move|p1a: Gay1|Air Slash|p2a: the chungus
|-damage|p2a: the chungus|70/100
|
|-heal|p1a: Gay1|17/100 brn|[from] item: Leftovers
|-heal|p2a: the chungus|76/100|[from] item: Black Sludge
|-damage|p1a: Gay1|10/100 brn|[from] brn
|upkeep
|turn|15
|
|move|p2a: the chungus|Baneful Bunker|p2a: the chungus
|-singleturn|p2a: the chungus|move: Protect
|move|p1a: Gay1|Air Slash|p2a: the chungus
|-activate|p2a: the chungus|move: Protect
|
|-heal|p1a: Gay1|17/100 brn|[from] item: Leftovers
|-heal|p2a: the chungus|82/100|[from] item: Black Sludge
|-damage|p1a: Gay1|10/100 brn|[from] brn
|upkeep
|turn|16
|
|move|p1a: Gay1|Air Slash|p2a: the chungus
|-damage|p2a: the chungus|51/100
|cant|p2a: the chungus|flinch
|
|-heal|p1a: Gay1|17/100 brn|[from] item: Leftovers
|-heal|p2a: the chungus|57/100|[from] item: Black Sludge
|-damage|p1a: Gay1|10/100 brn|[from] brn
|upkeep
|turn|17
|
|move|p1a: Gay1|Air Slash|p2a: the chungus
|-damage|p2a: the chungus|30/100
|move|p2a: the chungus|Scald|p1a: Gay1
|-damage|p1a: Gay1|0 fnt
|faint|p1a: Gay1
|
|-heal|p2a: the chungus|36/100|[from] item: Black Sludge
|upkeep
|
|switch|p1a: GAY2|Kommo-o, M, shiny|100/100
|-damage|p1a: GAY2|94/100|[from] Stealth Rock
|turn|18
|
|switch|p2a: epic games|Kommo-o, M|73/100
|move|p1a: GAY2|Earthquake|p2a: epic games
|-damage|p2a: epic games|55/100
|
|-heal|p2a: epic games|61/100|[from] item: Leftovers
|upkeep
|turn|19
|l| quilto
|
|switch|p1a: GAY4|Mew, shiny|81/100
|-damage|p1a: GAY4|69/100|[from] Stealth Rock
|move|p2a: epic games|Clanging Scales|p1a: GAY4
|-damage|p1a: GAY4|35/100
|-unboost|p2a: epic games|def|1
|
|-heal|p2a: epic games|67/100|[from] item: Leftovers
|upkeep
|turn|20
|
|move|p1a: GAY4|Stealth Rock|p2a: epic games
|-sidestart|p2: A|move: Stealth Rock
|move|p2a: epic games|Clanging Scales|p1a: GAY4
|-damage|p1a: GAY4|3/100
|-unboost|p2a: epic games|def|1
|
|-heal|p2a: epic games|73/100|[from] item: Leftovers
|upkeep
|turn|21
|
|switch|p2a: the chungus|Toxapex, M, shiny|69/100
|-damage|p2a: the chungus|57/100|[from] Stealth Rock
|move|p1a: GAY4|Stealth Rock||[still]
|-fail|p1a: GAY4
|
|-heal|p2a: the chungus|63/100|[from] item: Black Sludge
|upkeep
|turn|22
|
|switch|p1a: GAY2|Kommo-o, M, shiny|94/100
|-damage|p1a: GAY2|88/100|[from] Stealth Rock
|move|p2a: the chungus|Recover|p2a: the chungus
|-heal|p2a: the chungus|100/100
|
|upkeep
|turn|23
|
|switch|p2a: epic games|Kommo-o, M|73/100
|-damage|p2a: epic games|67/100|[from] Stealth Rock
|move|p1a: GAY2|Substitute|p1a: GAY2
|-start|p1a: GAY2|Substitute
|-damage|p1a: GAY2|63/100
|
|-heal|p2a: epic games|73/100|[from] item: Leftovers
|upkeep
|turn|24
|
|switch|p1a: GAY4|Mew, shiny|3/100
|-damage|p1a: GAY4|0 fnt|[from] Stealth Rock
|faint|p1a: GAY4
|move|p2a: epic games|Clanging Scales|p1: GAY4|[notarget]
|-fail|p2a: epic games
|
|-heal|p2a: epic games|79/100|[from] item: Leftovers
|upkeep
|
|switch|p1a: GAY3|Cloyster, M, shiny|100/100
|-damage|p1a: GAY3|76/100|[from] Stealth Rock
|turn|25
|
|switch|p2a: the chungus|Toxapex, M, shiny|100/100
|-damage|p2a: the chungus|88/100|[from] Stealth Rock
|move|p1a: GAY3|Shell Smash|p1a: GAY3
|-unboost|p1a: GAY3|def|1
|-unboost|p1a: GAY3|spd|1
|-boost|p1a: GAY3|atk|2
|-boost|p1a: GAY3|spa|2
|-boost|p1a: GAY3|spe|2
|
|-heal|p2a: the chungus|94/100|[from] item: Black Sludge
|upkeep
|turn|26
|
|move|p1a: GAY3|Rock Blast|p2a: the chungus
|-damage|p2a: the chungus|84/100
|-damage|p2a: the chungus|74/100
|-damage|p2a: the chungus|65/100
|-crit|p2a: the chungus
|-damage|p2a: the chungus|48/100
|-damage|p2a: the chungus|38/100
|-hitcount|p2a: the chungus|5
|move|p2a: the chungus|Toxic|p1a: GAY3
|-status|p1a: GAY3|tox
|
|-heal|p2a: the chungus|44/100|[from] item: Black Sludge
|-damage|p1a: GAY3|69/100 tox|[from] psn
|upkeep
|turn|27
|
|move|p2a: the chungus|Baneful Bunker|p2a: the chungus
|-singleturn|p2a: the chungus|move: Protect
|move|p1a: GAY3|Shell Smash|p1a: GAY3
|-unboost|p1a: GAY3|def|1
|-unboost|p1a: GAY3|spd|1
|-boost|p1a: GAY3|atk|2
|-boost|p1a: GAY3|spa|2
|-boost|p1a: GAY3|spe|2
|
|-heal|p2a: the chungus|50/100|[from] item: Black Sludge
|-damage|p1a: GAY3|57/100 tox|[from] psn
|upkeep
|turn|28
|
|switch|p2a: yeah boii|Rotom-Mow, shiny|37/100
|-damage|p2a: yeah boii|24/100|[from] Stealth Rock
|move|p1a: GAY3|Icicle Spear|p2a: yeah boii
|-supereffective|p2a: yeah boii
|-damage|p2a: yeah boii|0 fnt
|-hitcount|p2a: yeah boii|1
|faint|p2a: yeah boii
|
|-damage|p1a: GAY3|38/100 tox|[from] psn
|upkeep
|
|switch|p2a: the chungus|Toxapex, M, shiny|83/100
|-damage|p2a: the chungus|71/100|[from] Stealth Rock
|turn|29
|
|move|p2a: the chungus|Baneful Bunker|p2a: the chungus
|-singleturn|p2a: the chungus|move: Protect
|move|p1a: GAY3|Rock Blast|p2a: the chungus
|-activate|p2a: the chungus|move: Protect
|
|-heal|p2a: the chungus|77/100|[from] item: Black Sludge
|-damage|p1a: GAY3|13/100 tox|[from] psn
|upkeep
|turn|30
|
|switch|p2a: irrationallty m8|Mandibuzz, F|58/100
|move|p1a: GAY3|Rock Blast|p2a: irrationallty m8
|-supereffective|p2a: irrationallty m8
|-damage|p2a: irrationallty m8|23/100
|-supereffective|p2a: irrationallty m8
|-damage|p2a: irrationallty m8|0 fnt
|-hitcount|p2a: irrationallty m8|2
|faint|p2a: irrationallty m8
|
|-damage|p1a: GAY3|0 fnt|[from] psn
|faint|p1a: GAY3
|upkeep
|
|switch|p1a: Bisharp|Bisharp, F|100/100
|switch|p2a: epic games|Kommo-o, M|79/100
|-damage|p1a: Bisharp|95/100|[from] Stealth Rock
|-damage|p2a: epic games|73/100|[from] Stealth Rock
|turn|31
|
|move|p1a: Bisharp|Iron Head|p2a: epic games
|-damage|p2a: epic games|37/100
|-damage|p1a: Bisharp|85/100|[from] item: Life Orb
|move|p2a: epic games|Body Press|p1a: Bisharp
|-supereffective|p1a: Bisharp
|-damage|p1a: Bisharp|0 fnt
|faint|p1a: Bisharp
|
|-heal|p2a: epic games|43/100|[from] item: Leftovers
|upkeep
|
|switch|p1a: GAY2|Kommo-o, M, shiny|63/100
|-damage|p1a: GAY2|57/100|[from] Stealth Rock
|turn|32
|
|move|p1a: GAY2|Drain Punch|p2a: epic games
|-damage|p2a: epic games|20/100
|-heal|p1a: GAY2|71/100|[from] drain|[of] p2a: epic games
|move|p2a: epic games|Clanging Scales|p1a: GAY2
|-supereffective|p1a: GAY2
|-damage|p1a: GAY2|0 fnt
|-unboost|p2a: epic games|def|1
|faint|p1a: GAY2
|
|win|A
|raw|CrooksOnMyFeet's rating: 1701 &rarr; <strong>1678</strong><br />(-23 for losing)
|raw|A's rating: 1644 &rarr; <strong>1667</strong><br />(+23 for winning)
|l|☆CrooksOnMyFeet
|j| weed671
