|raw|<div class="broadcast-blue"><strong>This battle is required to be public due to a player having a name starting with 'lt92pf'.</div>
|j|☆Chikami
|j|☆LT92PF Dflo
|t:|1660173118
|gametype|singles
|player|p1|Chikami|nate|1757
|player|p2|LT92PF Dflo|wally|1797
|teamsize|p1|6
|teamsize|p2|6
|gen|8
|tier|[Gen 8] OU
|rated|
|rule|Sleep Clause Mod: Limit one foe put to sleep
|rule|Species Clause: Limit one of each Pokémon
|rule|OHKO Clause: OHKO moves are banned
|rule|Evasion Items Clause: Evasion items are banned
|rule|Evasion Moves Clause: Evasion moves are banned
|rule|Endless Battle Clause: Forcing endless battles is banned
|rule|HP Percentage Mod: HP is shown in percentages
|rule|Dynamax Clause: You cannot dynamax
|clearpoke
|poke|p1|Scolipede, F|
|poke|p1|Heatran, M|
|poke|p1|Bisharp, F|
|poke|p1|Ninetales-Alola, F|
|poke|p1|Garchomp, M|
|poke|p1|Rillaboom, M|
|poke|p2|Nihilego|
|poke|p2|Tapu Koko|
|poke|p2|Landorus-Therian, M|
|poke|p2|Heatran, F|
|poke|p2|Rillaboom, M|
|poke|p2|Porygon2|
|teampreview
|inactive|Battle timer is ON: inactive players will automatically lose when time's up. (requested by LT92PF Dflo)
|j| aesnop
|inactive|Chikami has 120 seconds left.
|
|t:|1660173150
|start
|switch|p1a: Heatran|Heatran, M|100/100
|switch|p2a: Heatran|Heatran, F|100/100
|-item|p1a: Heatran|Air Balloon
|-item|p2a: Heatran|Air Balloon
|turn|1
|
|t:|1660173155
|move|p1a: Heatran|Stealth Rock|p2a: Heatran
|-sidestart|p2: LT92PF Dflo|move: Stealth Rock
|move|p2a: Heatran|Stealth Rock|p1a: Heatran
|-sidestart|p1: Chikami|move: Stealth Rock
|
|upkeep
|turn|2
|
|t:|1660173161
|switch|p1a: Garchomp|Garchomp, M|100/100
|-damage|p1a: Garchomp|94/100|[from] Stealth Rock
|move|p2a: Heatran|Heavy Slam|p1a: Garchomp
|-damage|p1a: Garchomp|61/100
|-damage|p2a: Heatran|88/100|[from] ability: Rough Skin|[of] p1a: Garchomp
|
|-heal|p1a: Garchomp|67/100|[from] item: Leftovers
|upkeep
|turn|3
|
|t:|1660173167
|switch|p2a: Rillaboom|Rillaboom, M|100/100
|-damage|p2a: Rillaboom|88/100|[from] Stealth Rock
|-fieldstart|move: Grassy Terrain|[from] ability: Grassy Surge|[of] p2a: Rillaboom
|move|p1a: Garchomp|Scale Shot|p2a: Rillaboom
|-damage|p2a: Rillaboom|75/100
|-damage|p2a: Rillaboom|60/100
|-hitcount|p2a: Rillaboom|2
|-unboost|p1a: Garchomp|def|1
|-boost|p1a: Garchomp|spe|1
|
|-heal|p1a: Garchomp|73/100|[from] Grassy Terrain
|-heal|p1a: Garchomp|79/100|[from] item: Leftovers
|-heal|p2a: Rillaboom|66/100|[from] Grassy Terrain
|upkeep
|turn|4
|
|t:|1660173170
|switch|p1a: Heatran|Heatran, M|100/100
|-damage|p1a: Heatran|88/100|[from] Stealth Rock
|-item|p1a: Heatran|Air Balloon
|move|p2a: Rillaboom|Grassy Glide|p1a: Heatran
|-resisted|p1a: Heatran
|-damage|p1a: Heatran|74/100
|-enditem|p1a: Heatran|Air Balloon
|
|-heal|p2a: Rillaboom|73/100|[from] Grassy Terrain
|-heal|p1a: Heatran|80/100|[from] Grassy Terrain
|upkeep
|turn|5
|j| eddanlo
|
|t:|1660173187
|switch|p2a: Heatran|Heatran, F|88/100
|-damage|p2a: Heatran|76/100|[from] Stealth Rock
|-item|p2a: Heatran|Air Balloon
|switch|p1a: Garchomp|Garchomp, M|79/100
|-damage|p1a: Garchomp|73/100|[from] Stealth Rock
|
|-heal|p1a: Garchomp|79/100|[from] Grassy Terrain
|-heal|p1a: Garchomp|85/100|[from] item: Leftovers
|upkeep
|turn|6
|
|t:|1660173198
|switch|p2a: Landorus|Landorus-Therian, M|100/100
|-damage|p2a: Landorus|88/100|[from] Stealth Rock
|-ability|p2a: Landorus|Intimidate|boost
|-unboost|p1a: Garchomp|atk|1
|move|p1a: Garchomp|Scale Shot|p2a: Landorus
|-damage|p2a: Landorus|82/100
|-damage|p2a: Landorus|75/100
|-hitcount|p2a: Landorus|2
|-unboost|p1a: Garchomp|def|1
|-boost|p1a: Garchomp|spe|1
|
|-heal|p1a: Garchomp|92/100|[from] Grassy Terrain
|-heal|p1a: Garchomp|98/100|[from] item: Leftovers
|-heal|p2a: Landorus|81/100|[from] item: Leftovers
|upkeep
|turn|7
|
|t:|1660173215
|switch|p1a: Heatran|Heatran, M|80/100
|-damage|p1a: Heatran|68/100|[from] Stealth Rock
|move|p2a: Landorus|Knock Off|p1a: Heatran
|-damage|p1a: Heatran|52/100
|
|-heal|p1a: Heatran|58/100|[from] Grassy Terrain
|-heal|p2a: Landorus|87/100|[from] item: Leftovers
|-fieldend|move: Grassy Terrain
|upkeep
|turn|8
|
|t:|1660173229
|switch|p1a: Rillaboom|Rillaboom, M|100/100
|-damage|p1a: Rillaboom|88/100|[from] Stealth Rock
|-fieldstart|move: Grassy Terrain|[from] ability: Grassy Surge|[of] p1a: Rillaboom
|move|p2a: Landorus|Earthquake|p1a: Rillaboom
|-resisted|p1a: Rillaboom
|-damage|p1a: Rillaboom|74/100
|
|-heal|p1a: Rillaboom|80/100|[from] Grassy Terrain
|-heal|p2a: Landorus|93/100|[from] item: Leftovers
|upkeep
|turn|9
|
|t:|1660173237
|move|p1a: Rillaboom|Knock Off|p2a: Landorus
|-damage|p2a: Landorus|61/100
|-enditem|p2a: Landorus|Leftovers|[from] move: Knock Off|[of] p1a: Rillaboom
|-damage|p1a: Rillaboom|70/100|[from] item: Life Orb
|move|p2a: Landorus|U-turn|p1a: Rillaboom
|-supereffective|p1a: Rillaboom
|-damage|p1a: Rillaboom|20/100
|
|t:|1660173242
|switch|p2a: Tapu Koko|Tapu Koko|100/100|[from]move: U-turn
|-damage|p2a: Tapu Koko|88/100|[from] Stealth Rock
|-fieldstart|move: Electric Terrain|[from] ability: Electric Surge|[of] p2a: Tapu Koko
|
|upkeep
|turn|10
|
|t:|1660173250
|switch|p1a: Heatran|Heatran, M|58/100
|-damage|p1a: Heatran|46/100|[from] Stealth Rock
|move|p2a: Tapu Koko|Dazzling Gleam|p1a: Heatran
|-resisted|p1a: Heatran
|-damage|p1a: Heatran|39/100
|
|upkeep
|turn|11
|
|t:|1660173260
|move|p2a: Tapu Koko|Thunderbolt|p1a: Heatran
|-damage|p1a: Heatran|0 fnt
|faint|p1a: Heatran
|
|upkeep
|
|t:|1660173286
|switch|p1a: Rillaboom|Rillaboom, M|20/100
|-damage|p1a: Rillaboom|8/100|[from] Stealth Rock
|-fieldstart|move: Grassy Terrain|[from] ability: Grassy Surge|[of] p1a: Rillaboom
|turn|12
|
|t:|1660173302
|switch|p2a: Landorus|Landorus-Therian, M|61/100
|-damage|p2a: Landorus|48/100|[from] Stealth Rock
|-ability|p2a: Landorus|Intimidate|boost
|-unboost|p1a: Rillaboom|atk|1
|move|p1a: Rillaboom|Grassy Glide|p2a: Landorus
|-damage|p2a: Landorus|18/100
|-damage|p1a: Rillaboom|0 fnt|[from] item: Life Orb
|faint|p1a: Rillaboom
|
|upkeep
|
|t:|1660173310
|switch|p1a: Ninetales|Ninetales-Alola, F|100/100
|-damage|p1a: Ninetales|76/100|[from] Stealth Rock
|-weather|Hail|[from] ability: Snow Warning|[of] p1a: Ninetales
|turn|13
|
|t:|1660173316
|move|p1a: Ninetales|Aurora Veil|p1a: Ninetales
|-sidestart|p1: Chikami|move: Aurora Veil
|move|p2a: Landorus|Knock Off|p1a: Ninetales
|-resisted|p1a: Ninetales
|-damage|p1a: Ninetales|66/100
|-enditem|p1a: Ninetales|Light Clay|[from] move: Knock Off|[of] p2a: Landorus
|
|-weather|Hail|[upkeep]
|-damage|p2a: Landorus|12/100|[from] Hail
|-heal|p1a: Ninetales|72/100|[from] Grassy Terrain
|upkeep
|turn|14
|
|t:|1660173322
|switch|p2a: Porygon2|Porygon2|100/100
|-damage|p2a: Porygon2|88/100|[from] Stealth Rock
|-ability|p2a: Porygon2|Snow Warning|[from] ability: Trace|[of] p1a: Ninetales
|move|p1a: Ninetales|Freeze-Dry|p2a: Porygon2
|-damage|p2a: Porygon2|79/100
|
|-weather|Hail|[upkeep]
|-damage|p2a: Porygon2|73/100|[from] Hail
|-heal|p1a: Ninetales|78/100|[from] Grassy Terrain
|-heal|p2a: Porygon2|79/100|[from] Grassy Terrain
|upkeep
|turn|15
|
|t:|1660173334
|switch|p1a: Bisharp|Bisharp, F|100/100
|-damage|p1a: Bisharp|95/100|[from] Stealth Rock
|move|p2a: Porygon2|Teleport|p2a: Porygon2
|
|t:|1660173361
|switch|p2a: Tapu Koko|Tapu Koko|88/100|[from]move: Teleport
|-damage|p2a: Tapu Koko|76/100|[from] Stealth Rock
|-fieldstart|move: Electric Terrain|[from] ability: Electric Surge|[of] p2a: Tapu Koko
|
|-weather|Hail|[upkeep]
|-damage|p2a: Tapu Koko|70/100|[from] Hail
|-damage|p1a: Bisharp|89/100|[from] Hail
|upkeep
|turn|16
|
|t:|1660173374
|move|p2a: Tapu Koko|Volt Switch|p1a: Bisharp
|-damage|p1a: Bisharp|48/100
|
|t:|1660173378
|switch|p2a: Landorus|Landorus-Therian, M|12/100|[from]move: Volt Switch
|-damage|p2a: Landorus|0 fnt|[from] Stealth Rock
|faint|p2a: Landorus
|move|p1a: Bisharp|Iron Head|p2: Landorus|[notarget]
|-fail|p1a: Bisharp
|
|-weather|Hail|[upkeep]
|-damage|p1a: Bisharp|42/100|[from] Hail
|upkeep
|
|t:|1660173384
|switch|p2a: Tapu Koko|Tapu Koko|70/100
|-damage|p2a: Tapu Koko|57/100|[from] Stealth Rock
|turn|17
|
|t:|1660173397
|move|p1a: Bisharp|Sucker Punch|p2a: Tapu Koko
|-resisted|p2a: Tapu Koko
|-damage|p2a: Tapu Koko|25/100
|move|p2a: Tapu Koko|Thunderbolt|p1a: Bisharp
|-damage|p1a: Bisharp|0 fnt
|faint|p1a: Bisharp
|
|-weather|none
|upkeep
|inactive|Chikami has 120 seconds left.
|
|t:|1660173424
|switch|p1a: Ninetales|Ninetales-Alola, F|78/100
|-damage|p1a: Ninetales|53/100|[from] Stealth Rock
|-weather|Hail|[from] ability: Snow Warning|[of] p1a: Ninetales
|turn|18
|
|t:|1660173434
|move|p2a: Tapu Koko|Thunderbolt|p1a: Ninetales
|-damage|p1a: Ninetales|24/100
|move|p1a: Ninetales|Freeze-Dry|p2a: Tapu Koko
|-crit|p2a: Tapu Koko
|-damage|p2a: Tapu Koko|0 fnt
|faint|p2a: Tapu Koko
|
|-weather|Hail|[upkeep]
|upkeep
|
|t:|1660173449
|switch|p2a: Nihilego|Nihilego|100/100
|-damage|p2a: Nihilego|88/100|[from] Stealth Rock
|turn|19
|
|t:|1660173456
|switch|p1a: Garchomp|Garchomp, M|98/100
|-damage|p1a: Garchomp|92/100|[from] Stealth Rock
|move|p2a: Nihilego|Meteor Beam||[still]
|-prepare|p2a: Nihilego|Meteor Beam
|-boost|p2a: Nihilego|spa|1
|-enditem|p2a: Nihilego|Power Herb
|-anim|p2a: Nihilego|Meteor Beam|p1a: Garchomp
|-resisted|p1a: Garchomp
|-damage|p1a: Garchomp|66/100
|
|-weather|Hail|[upkeep]
|-damage|p2a: Nihilego|82/100|[from] Hail
|-damage|p1a: Garchomp|60/100|[from] Hail
|-heal|p1a: Garchomp|66/100|[from] item: Leftovers
|-fieldend|move: Electric Terrain
|upkeep
|turn|20
|
|t:|1660173474
|move|p2a: Nihilego|Sludge Wave|p1a: Garchomp
|-resisted|p1a: Garchomp
|-damage|p1a: Garchomp|48/100
|move|p1a: Garchomp|Earthquake|p2a: Nihilego
|-supereffective|p2a: Nihilego
|-damage|p2a: Nihilego|0 fnt
|faint|p2a: Nihilego
|
|-weather|Hail|[upkeep]
|-damage|p1a: Garchomp|42/100|[from] Hail
|-heal|p1a: Garchomp|48/100|[from] item: Leftovers
|-sideend|p1: Chikami|move: Aurora Veil
|upkeep
|
|t:|1660173503
|switch|p2a: Porygon2|Porygon2|79/100
|-damage|p2a: Porygon2|67/100|[from] Stealth Rock
|-ability|p2a: Porygon2|Rough Skin|[from] ability: Trace|[of] p1a: Garchomp
|turn|21
|
|t:|1660173516
|switch|p1a: Ninetales|Ninetales-Alola, F|24/100
|-damage|p1a: Ninetales|0 fnt|[from] Stealth Rock
|faint|p1a: Ninetales
|move|p2a: Porygon2|Ice Beam|p1: Ninetales|[notarget]
|-fail|p2a: Porygon2
|
|-weather|Hail|[upkeep]
|-damage|p2a: Porygon2|61/100|[from] Hail
|upkeep
|
|t:|1660173527
|switch|p1a: Scolipede|Scolipede, F|100/100
|turn|22
|inactive|Chikami has 120 seconds left.
|
|t:|1660173585
|move|p1a: Scolipede|Megahorn|p2a: Porygon2
|-damage|p2a: Porygon2|25/100
|-damage|p1a: Scolipede|88/100|[from] ability: Rough Skin|[of] p2a: Porygon2
|move|p2a: Porygon2|Ice Beam|p1a: Scolipede
|-damage|p1a: Scolipede|49/100
|
|-weather|none
|-ability|p1a: Scolipede|Speed Boost|boost
|-boost|p1a: Scolipede|spe|1
|upkeep
|turn|23
|j|+Dragonillis
|
|t:|1660173603
|move|p1a: Scolipede|Megahorn|p2a: Porygon2
|-damage|p2a: Porygon2|0 fnt
|-damage|p1a: Scolipede|37/100|[from] ability: Rough Skin|[of] p2a: Porygon2
|faint|p2a: Porygon2
|
|-ability|p1a: Scolipede|Speed Boost|boost
|-boost|p1a: Scolipede|spe|1
|upkeep
|
|t:|1660173608
|switch|p2a: Heatran|Heatran, F|76/100
|-damage|p2a: Heatran|63/100|[from] Stealth Rock
|-item|p2a: Heatran|Air Balloon
|turn|24
|inactive|Chikami has 90 seconds left.
|
|t:|1660173649
|move|p1a: Scolipede|Megahorn|p2a: Heatran
|-resisted|p2a: Heatran
|-damage|p2a: Heatran|52/100
|-enditem|p2a: Heatran|Air Balloon
|move|p2a: Heatran|Earth Power|p1a: Scolipede
|-damage|p1a: Scolipede|0 fnt
|faint|p1a: Scolipede
|
|upkeep
|
|t:|1660173651
|switch|p1a: Garchomp|Garchomp, M|48/100
|-damage|p1a: Garchomp|42/100|[from] Stealth Rock
|turn|25
|c|☆Chikami|Gg
|
|t:|1660173667
|move|p1a: Garchomp|Earthquake|p2a: Heatran
|-supereffective|p2a: Heatran
|-damage|p2a: Heatran|0 fnt
|faint|p2a: Heatran
|
|-heal|p1a: Garchomp|48/100|[from] item: Leftovers
|upkeep
|
|t:|1660173669
|switch|p2a: Rillaboom|Rillaboom, M|73/100
|-damage|p2a: Rillaboom|60/100|[from] Stealth Rock
|-fieldstart|move: Grassy Terrain|[from] ability: Grassy Surge|[of] p2a: Rillaboom
|turn|26
|
|t:|1660173681
|move|p2a: Rillaboom|Grassy Glide|p1a: Garchomp
|-damage|p1a: Garchomp|0 fnt
|-damage|p2a: Rillaboom|48/100|[from] ability: Rough Skin|[of] p1a: Garchomp
|faint|p1a: Garchomp
|
|win|LT92PF Dflo
|raw|Chikami's rating: 1757 &rarr; <strong>1739</strong><br />(-18 for losing)
|raw|LT92PF Dflo's rating: 1797 &rarr; <strong>1815</strong><br />(+18 for winning)
|c|☆LT92PF Dflo|gg
|l|☆Chikami
|l|☆LT92PF Dflo
||Ladder isn't responding, score probably updated but might not have (Request timeout).
|l| eddanlo
