|j|☆minimax_ai
|j|☆brettfavreinnocent
|t:|1665220269
|gametype|singles
|player|p1|minimax_ai|lusamine-nihilego|1702
|player|p2|brettfavreinnocent|pokemaniac|1773
|teamsize|p1|6
|teamsize|p2|6
|gen|8
|tier|[Gen 8] OU
|rated|
|rule|Sleep Clause Mod: Limit one foe put to sleep
|rule|Species Clause: Limit one of each Pokémon
|rule|OHKO Clause: OHKO moves are banned
|rule|Evasion Items Clause: Evasion items are banned
|rule|Evasion Moves Clause: Evasion moves are banned
|rule|Endless Battle Clause: Forcing endless battles is banned
|rule|HP Percentage Mod: HP is shown in percentages
|rule|Dynamax Clause: You cannot dynamax
|clearpoke
|poke|p1|Rotom-Wash|
|poke|p1|Weavile, M|
|poke|p1|Landorus-Therian, M|
|poke|p1|Heatran, M|
|poke|p1|Tangrowth, M|
|poke|p1|Melmetal|
|poke|p2|Weavile, F|
|poke|p2|Silvally-*|
|poke|p2|Magnezone|
|poke|p2|Rillaboom, F|
|poke|p2|Landorus-Therian, M|
|poke|p2|Swampert, F|
|teampreview
|inactive|Battle timer is ON: inactive players will automatically lose when time's up. (requested by brettfavreinnocent)
|c|☆minimax_ai|hf
|inactive|minimax_ai also wants the timer to be on.
|
|t:|1665220278
|start
|switch|p1a: landorustherian|Landorus-Therian, M|100/100
|switch|p2a: Swampert|Swampert, F|100/100
|-ability|p1a: landorustherian|Intimidate|boost
|-unboost|p2a: Swampert|atk|1
|turn|1
|
|t:|1665220281
|move|p1a: landorustherian|U-turn|p2a: Swampert
|-damage|p2a: Swampert|81/100
|-damage|p1a: landorustherian|84/100|[from] item: Rocky Helmet|[of] p2a: Swampert
|
|t:|1665220281
|switch|p1a: Tangrowth|Tangrowth, M|100/100|[from]move: U-turn
|move|p2a: Swampert|Flip Turn|p1a: Tangrowth
|-resisted|p1a: Tangrowth
|-damage|p1a: Tangrowth|97/100
|-damage|p2a: Swampert|64/100|[from] item: Rocky Helmet|[of] p1a: Tangrowth
|
|t:|1665220285
|switch|p2a: Weavile|Weavile, F|100/100|[from]move: Flip Turn
|-ability|p2a: Weavile|Pressure
|
|upkeep
|turn|2
|
|t:|1665220287
|move|p2a: Weavile|Beat Up|p1a: Tangrowth
|-damage|p1a: Tangrowth|89/100
|-damage|p1a: Tangrowth|82/100
|-damage|p1a: Tangrowth|77/100
|-damage|p1a: Tangrowth|69/100
|-damage|p1a: Tangrowth|61/100
|-damage|p1a: Tangrowth|54/100
|-hitcount|p1a: Tangrowth|6
|move|p1a: Tangrowth|Focus Blast|p2a: Weavile|[miss]
|-miss|p1a: Tangrowth|p2a: Weavile
|
|upkeep
|turn|3
|
|t:|1665220295
|switch|p2a: Landorus|Landorus-Therian, M|100/100
|-ability|p2a: Landorus|Intimidate|boost
|-unboost|p1a: Tangrowth|atk|1
|move|p1a: Tangrowth|Giga Drain|p2a: Landorus
|-damage|p2a: Landorus|64/100
|-heal|p1a: Tangrowth|68/100|[from] drain|[of] p2a: Landorus
|
|upkeep
|turn|4
|
|t:|1665220297
|switch|p1a: landorustherian|Landorus-Therian, M|84/100
|-ability|p1a: landorustherian|Intimidate|boost
|-unboost|p2a: Landorus|atk|1
|move|p2a: Landorus|Fly||[still]
|-prepare|p2a: Landorus|Fly
|-enditem|p2a: Landorus|Power Herb
|-anim|p2a: Landorus|Fly|p1a: landorustherian
|-damage|p1a: landorustherian|53/100
|
|-heal|p1a: landorustherian|59/100|[from] item: Leftovers
|upkeep
|turn|5
|
|t:|1665220299
|switch|p2a: Swampert|Swampert, F|64/100
|switch|p1a: Tangrowth|Tangrowth, M|100/100
|
|upkeep
|turn|6
|
|t:|1665220301
|move|p2a: Swampert|Protect|p2a: Swampert
|-singleturn|p2a: Swampert|Protect
|move|p1a: Tangrowth|Giga Drain|p2a: Swampert
|-activate|p2a: Swampert|move: Protect
|
|upkeep
|turn|7
|
|t:|1665220318
|move|p2a: Swampert|Stealth Rock|p1a: Tangrowth
|-sidestart|p1: minimax_ai|move: Stealth Rock
|move|p1a: Tangrowth|Giga Drain|p2a: Swampert
|-supereffective|p2a: Swampert
|-damage|p2a: Swampert|0 fnt
|faint|p2a: Swampert
|
|upkeep
|
|t:|1665220320
|switch|p2a: Weavile|Weavile, F|100/100
|-ability|p2a: Weavile|Pressure
|turn|8
|
|t:|1665220322
|move|p2a: Weavile|Triple Axel|p1a: Tangrowth
|-supereffective|p1a: Tangrowth
|-damage|p1a: Tangrowth|81/100
|-damage|p2a: Weavile|84/100|[from] item: Rocky Helmet|[of] p1a: Tangrowth
|-supereffective|p1a: Tangrowth
|-damage|p1a: Tangrowth|46/100
|-damage|p2a: Weavile|68/100|[from] item: Rocky Helmet|[of] p1a: Tangrowth
|-supereffective|p1a: Tangrowth
|-damage|p1a: Tangrowth|0 fnt
|-damage|p2a: Weavile|51/100|[from] item: Rocky Helmet|[of] p1a: Tangrowth
|faint|p1a: Tangrowth
|-hitcount|p1: Tangrowth|3
|
|upkeep
|
|t:|1665220322
|switch|p1a: Heatran|Heatran, M|100/100
|-damage|p1a: Heatran|88/100|[from] Stealth Rock
|-item|p1a: Heatran|Air Balloon
|turn|9
|
|t:|1665220335
|move|p2a: Weavile|Triple Axel|p1a: Heatran
|-resisted|p1a: Heatran
|-damage|p1a: Heatran|84/100
|-enditem|p1a: Heatran|Air Balloon
|-resisted|p1a: Heatran
|-damage|p1a: Heatran|77/100
|-resisted|p1a: Heatran
|-damage|p1a: Heatran|64/100
|-hitcount|p1a: Heatran|3
|move|p1a: Heatran|Eruption|p2a: Weavile
|-supereffective|p2a: Weavile
|-damage|p2a: Weavile|0 fnt
|faint|p2a: Weavile
|
|upkeep
|j| hardik27
|
|t:|1665220346
|switch|p2a: Landorus|Landorus-Therian, M|64/100
|-ability|p2a: Landorus|Intimidate|boost
|-unboost|p1a: Heatran|atk|1
|turn|10
|
|t:|1665220348
|move|p2a: Landorus|Swords Dance|p2a: Landorus
|-boost|p2a: Landorus|atk|2
|move|p1a: Heatran|Magma Storm|p2a: Landorus|[miss]
|-miss|p1a: Heatran|p2a: Landorus
|
|upkeep
|turn|11
|
|t:|1665220352
|switch|p1a: landorustherian|Landorus-Therian, M|59/100
|-damage|p1a: landorustherian|47/100|[from] Stealth Rock
|-ability|p1a: landorustherian|Intimidate|boost
|-unboost|p2a: Landorus|atk|1
|move|p2a: Landorus|Rock Slide|p1a: landorustherian
|-damage|p1a: landorustherian|8/100
|
|-heal|p1a: landorustherian|14/100|[from] item: Leftovers
|upkeep
|turn|12
|
|t:|1665220356
|switch|p1a: rotomwash|Rotom-Wash|100/100
|-damage|p1a: rotomwash|88/100|[from] Stealth Rock
|move|p2a: Landorus|Rock Slide|p1a: rotomwash
|-damage|p1a: rotomwash|42/100
|
|-heal|p1a: rotomwash|48/100|[from] item: Leftovers
|upkeep
|turn|13
|
|t:|1665220359
|move|p2a: Landorus|Rock Slide|p1a: rotomwash
|-damage|p1a: rotomwash|4/100
|move|p1a: rotomwash|Hydro Pump|p2a: Landorus|[miss]
|-miss|p1a: rotomwash|p2a: Landorus
|
|-heal|p1a: rotomwash|11/100|[from] item: Leftovers
|upkeep
|turn|14
|
|t:|1665220360
|move|p2a: Landorus|Rock Slide|p1a: rotomwash
|-damage|p1a: rotomwash|0 fnt
|faint|p1a: rotomwash
|
|upkeep
|
|t:|1665220360
|switch|p1a: Weavile|Weavile, M|100/100
|-damage|p1a: Weavile|76/100|[from] Stealth Rock
|-ability|p1a: Weavile|Pressure
|turn|15
|
|t:|1665220380
|switch|p2a: Silvally|Silvally-Fairy|100/100
|move|p1a: Weavile|Triple Axel|p2a: Silvally
|-damage|p2a: Silvally|85/100
|-damage|p2a: Silvally|55/100
|-hitcount|p2a: Silvally|2
|
|upkeep
|turn|16
|
|t:|1665220385
|move|p1a: Weavile|Triple Axel|p2a: Silvally
|-damage|p2a: Silvally|40/100
|-damage|p2a: Silvally|10/100
|-damage|p2a: Silvally|0 fnt
|faint|p2a: Silvally
|-hitcount|p2: Silvally|3
|
|upkeep
|
|t:|1665220391
|switch|p2a: Rillaboom|Rillaboom, F|100/100
|-fieldstart|move: Grassy Terrain|[from] ability: Grassy Surge|[of] p2a: Rillaboom
|turn|17
|
|t:|1665220393
|switch|p1a: landorustherian|Landorus-Therian, M|14/100
|-damage|p1a: landorustherian|1/100|[from] Stealth Rock
|-ability|p1a: landorustherian|Intimidate|boost
|-unboost|p2a: Rillaboom|atk|1
|move|p2a: Rillaboom|Superpower|p1a: landorustherian
|-resisted|p1a: landorustherian
|-damage|p1a: landorustherian|0 fnt
|-unboost|p2a: Rillaboom|atk|1
|-unboost|p2a: Rillaboom|def|1
|faint|p1a: landorustherian
|-damage|p2a: Rillaboom|90/100|[from] item: Life Orb
|
|-heal|p2a: Rillaboom|97/100|[from] Grassy Terrain
|upkeep
|
|t:|1665220393
|switch|p1a: Heatran|Heatran, M|64/100
|-damage|p1a: Heatran|52/100|[from] Stealth Rock
|turn|18
|
|t:|1665220396
|switch|p2a: Landorus|Landorus-Therian, M|64/100
|-ability|p2a: Landorus|Intimidate|boost
|-unboost|p1a: Heatran|atk|1
|move|p1a: Heatran|Magma Storm|p2a: Landorus
|-damage|p2a: Landorus|0 fnt
|faint|p2a: Landorus
|
|-heal|p1a: Heatran|58/100|[from] Grassy Terrain
|upkeep
|
|t:|1665220407
|switch|p2a: Rillaboom|Rillaboom, F|97/100
|turn|19
|
|t:|1665220408
|move|p1a: Heatran|Eruption|p2a: Rillaboom
|-supereffective|p2a: Rillaboom
|-damage|p2a: Rillaboom|0 fnt
|faint|p2a: Rillaboom
|
|-heal|p1a: Heatran|64/100|[from] Grassy Terrain
|upkeep
|
|t:|1665220410
|switch|p2a: Magnezone|Magnezone|100/100
|turn|20
|
|t:|1665220411
|move|p1a: Heatran|Eruption|p2a: Magnezone
|-supereffective|p2a: Magnezone
|-damage|p2a: Magnezone|0 fnt
|faint|p2a: Magnezone
|
|win|minimax_ai
|raw|minimax_ai's rating: 1678 &rarr; <strong>1703</strong><br />(+25 for winning)
|raw|brettfavreinnocent's rating: 1773 &rarr; <strong>1748</strong><br />(-25 for losing)
|c|☆minimax_ai|gg
