|j|☆lingc
|j|☆8balljacketguy
|t:|1636871208
|gametype|singles
|player|p1|lingc|pokekid|1393
|player|p2|8balljacketguy|red|1367
|teamsize|p1|6
|teamsize|p2|6
|gen|8
|tier|[Gen 8] OU
|rated|
|rule|Sleep Clause Mod: Limit one foe put to sleep
|rule|Species Clause: Limit one of each Pokémon
|rule|OHKO Clause: OHKO moves are banned
|rule|Evasion Moves Clause: Evasion moves are banned
|rule|Endless Battle Clause: Forcing endless battles is banned
|rule|HP Percentage Mod: HP is shown in percentages
|rule|Dynamax Clause: You cannot dynamax
|clearpoke
|poke|p1|Blaziken, M|
|poke|p1|Slowbro, M|
|poke|p1|Blissey, F|
|poke|p1|Rillaboom, M|
|poke|p1|Clefable, F|
|poke|p1|Melmetal|
|poke|p2|Zapdos-Galar|
|poke|p2|Landorus-Therian, M|
|poke|p2|Slowbro, M|
|poke|p2|Zygarde-10%|
|poke|p2|Blacephalon|
|poke|p2|Xurkitree|
|teampreview
|inactive|Battle timer is ON: inactive players will automatically lose when time's up. (requested by 8balljacketguy)
|
|t:|1636871224
|start
|switch|p1a: Slowbro|Slowbro, M|100/100
|switch|p2a: Blacephalon|Blacephalon|100/100
|turn|1
|inactive|lingc also wants the timer to be on.
|
|t:|1636871232
|move|p2a: Blacephalon|Trick|p1a: Slowbro
|-activate|p2a: Blacephalon|move: Trick|[of] p1a: Slowbro
|-item|p1a: Slowbro|Choice Scarf|[from] move: Trick
|-item|p2a: Blacephalon|Rocky Helmet|[from] move: Trick
|move|p1a: Slowbro|Scald|p2a: Blacephalon
|-supereffective|p2a: Blacephalon
|-damage|p2a: Blacephalon|3/100
|
|upkeep
|turn|2
|
|t:|1636871243
|switch|p1a: Blissey|Blissey, F|100/100
|move|p2a: Blacephalon|Hypnosis|p1a: Blissey|[miss]
|-miss|p2a: Blacephalon|p1a: Blissey
|
|upkeep
|turn|3
|
|t:|1636871253
|switch|p2a: Landorus|Landorus-Therian, M|100/100
|-ability|p2a: Landorus|Intimidate|boost
|-unboost|p1a: Blissey|atk|1
|move|p1a: Blissey|Toxic|p2a: Landorus
|-status|p2a: Landorus|tox
|
|-damage|p2a: Landorus|94/100 tox|[from] psn
|upkeep
|turn|4
|
|t:|1636871262
|switch|p1a: Slowbro|Slowbro, M|100/100
|move|p2a: Landorus|U-turn|p1a: Slowbro
|-supereffective|p1a: Slowbro
|-damage|p1a: Slowbro|74/100
|
|t:|1636871265
|switch|p2a: Xurkitree|Xurkitree|100/100|[from]move: U-turn
|
|upkeep
|turn|5
|
|t:|1636871273
|move|p2a: Xurkitree|Volt Switch|p1a: Slowbro
|-supereffective|p1a: Slowbro
|-crit|p1a: Slowbro
|-damage|p1a: Slowbro|0 fnt
|faint|p1a: Slowbro
|-ability|p2a: Xurkitree|Beast Boost|boost
|-boost|p2a: Xurkitree|spa|1
|
|t:|1636871284
|switch|p2a: Zapdos|Zapdos-Galar|100/100|[from]move: Volt Switch
|
|upkeep
|
|t:|1636871291
|switch|p1a: Melmetal|Melmetal|100/100
|turn|6
|
|t:|1636871296
|move|p2a: Zapdos|U-turn|p1a: Melmetal
|-resisted|p1a: Melmetal
|-damage|p1a: Melmetal|94/100
|
|t:|1636871299
|switch|p2a: Landorus|Landorus-Therian, M|94/100 tox|[from]move: U-turn
|-ability|p2a: Landorus|Intimidate|boost
|-unboost|p1a: Melmetal|atk|1
|move|p1a: Melmetal|Ice Punch|p2a: Landorus
|-supereffective|p2a: Landorus
|-damage|p2a: Landorus|27/100 tox
|-damage|p1a: Melmetal|77/100|[from] item: Rocky Helmet|[of] p2a: Landorus
|
|-damage|p2a: Landorus|21/100 tox|[from] psn
|upkeep
|turn|7
|
|t:|1636871312
|switch|p1a: Rillaboom|Rillaboom, M|100/100
|-fieldstart|move: Grassy Terrain|[from] ability: Grassy Surge|[of] p1a: Rillaboom
|move|p2a: Landorus|U-turn|p1a: Rillaboom
|-supereffective|p1a: Rillaboom
|-damage|p1a: Rillaboom|57/100
|
|t:|1636871316
|switch|p2a: Zapdos|Zapdos-Galar|100/100|[from]move: U-turn
|
|-heal|p1a: Rillaboom|63/100|[from] Grassy Terrain
|upkeep
|turn|8
|
|t:|1636871326
|move|p2a: Zapdos|Substitute|p2a: Zapdos
|-start|p2a: Zapdos|Substitute
|-damage|p2a: Zapdos|76/100
|move|p1a: Rillaboom|U-turn|p2a: Zapdos
|-resisted|p2a: Zapdos
|-activate|p2a: Zapdos|move: Substitute|[damage]
|
|t:|1636871334
|switch|p1a: Melmetal|Melmetal|77/100|[from]move: U-turn
|
|-heal|p2a: Zapdos|82/100|[from] item: Leftovers
|-heal|p1a: Melmetal|83/100|[from] Grassy Terrain
|upkeep
|turn|9
|
|t:|1636871338
|move|p2a: Zapdos|Close Combat|p1a: Melmetal
|-supereffective|p1a: Melmetal
|-damage|p1a: Melmetal|14/100
|-unboost|p2a: Zapdos|def|1
|-unboost|p2a: Zapdos|spd|1
|move|p1a: Melmetal|Double Iron Bash|p2a: Zapdos
|-end|p2a: Zapdos|Substitute
|-damage|p2a: Zapdos|2/100
|-hitcount|p2a: Zapdos|2
|
|-heal|p2a: Zapdos|9/100|[from] item: Leftovers
|-heal|p1a: Melmetal|20/100|[from] Grassy Terrain
|upkeep
|turn|10
|
|t:|1636871357
|move|p2a: Zapdos|Close Combat|p1a: Melmetal
|-supereffective|p1a: Melmetal
|-damage|p1a: Melmetal|0 fnt
|-unboost|p2a: Zapdos|def|1
|-unboost|p2a: Zapdos|spd|1
|faint|p1a: Melmetal
|
|-heal|p2a: Zapdos|15/100|[from] item: Leftovers
|upkeep
|
|t:|1636871360
|switch|p1a: Rillaboom|Rillaboom, M|63/100
|turn|11
|
|t:|1636871367
|switch|p2a: Landorus|Landorus-Therian, M|21/100 tox
|-ability|p2a: Landorus|Intimidate|boost
|-unboost|p1a: Rillaboom|atk|1
|move|p1a: Rillaboom|Grassy Glide|p2a: Landorus
|-damage|p2a: Landorus|0 fnt
|-damage|p1a: Rillaboom|47/100|[from] item: Rocky Helmet|[of] p2a: Landorus
|faint|p2a: Landorus
|
|-heal|p1a: Rillaboom|53/100|[from] Grassy Terrain
|-fieldend|move: Grassy Terrain
|upkeep
|
|t:|1636871372
|switch|p2a: Xurkitree|Xurkitree|100/100
|turn|12
|
|t:|1636871379
|switch|p1a: Blissey|Blissey, F|100/100
|move|p2a: Xurkitree|Volt Switch|p1a: Blissey
|-damage|p1a: Blissey|83/100
|
|t:|1636871382
|switch|p2a: Zapdos|Zapdos-Galar|15/100|[from]move: Volt Switch
|
|-heal|p2a: Zapdos|21/100|[from] item: Leftovers
|upkeep
|turn|13
|
|t:|1636871390
|switch|p1a: Clefable|Clefable, F|100/100
|move|p2a: Zapdos|U-turn|p1a: Clefable
|-resisted|p1a: Clefable
|-damage|p1a: Clefable|91/100
|
|t:|1636871395
|switch|p2a: Xurkitree|Xurkitree|100/100|[from]move: U-turn
|
|-heal|p1a: Clefable|97/100|[from] item: Leftovers
|upkeep
|turn|14
|
|t:|1636871405
|move|p2a: Xurkitree|Volt Switch|p1a: Clefable
|-crit|p1a: Clefable
|-damage|p1a: Clefable|38/100
|
|t:|1636871408
|switch|p2a: Slowbro|Slowbro, M|100/100|[from]move: Volt Switch
|move|p1a: Clefable|Wish|p1a: Clefable
|
|-heal|p1a: Clefable|44/100|[from] item: Leftovers
|upkeep
|turn|15
|
|t:|1636871416
|move|p1a: Clefable|Calm Mind|p1a: Clefable
|-boost|p1a: Clefable|spa|1
|-boost|p1a: Clefable|spd|1
|move|p2a: Slowbro|Future Sight|p1a: Clefable
|-start|p2a: Slowbro|move: Future Sight
|
|-heal|p1a: Clefable|94/100|[from] move: Wish|[wisher] Clefable
|-heal|p1a: Clefable|99/100|[from] item: Leftovers
|upkeep
|turn|16
|
|t:|1636871425
|switch|p2a: Blacephalon|Blacephalon|3/100
|move|p1a: Clefable|Calm Mind|p1a: Clefable
|-boost|p1a: Clefable|spa|1
|-boost|p1a: Clefable|spd|1
|
|-heal|p1a: Clefable|100/100|[from] item: Leftovers
|upkeep
|turn|17
|
|t:|1636871437
|move|p2a: Blacephalon|Hypnosis|p1a: Clefable
|-status|p1a: Clefable|slp|[from] move: Hypnosis
|cant|p1a: Clefable|slp
|
|-end|p1a: Clefable|move: Future Sight
|-damage|p1a: Clefable|80/100 slp
|-heal|p1a: Clefable|87/100 slp|[from] item: Leftovers
|upkeep
|turn|18
|
|t:|1636871443
|switch|p2a: Zygarde|Zygarde-10%|100/100
|-ability|p2a: Zygarde|Aura Break
|-curestatus|p1a: Clefable|slp|[msg]
|move|p1a: Clefable|Wish|p1a: Clefable
|
|-heal|p1a: Clefable|93/100|[from] item: Leftovers
|upkeep
|turn|19
|
|t:|1636871451
|move|p2a: Zygarde|Thousand Arrows|p1a: Clefable
|-damage|p1a: Clefable|45/100
|move|p1a: Clefable|Moonblast|p2a: Zygarde
|-supereffective|p2a: Zygarde
|-damage|p2a: Zygarde|0 fnt
|faint|p2a: Zygarde
|
|-heal|p1a: Clefable|95/100|[from] move: Wish|[wisher] Clefable
|-heal|p1a: Clefable|100/100|[from] item: Leftovers
|upkeep
|
|t:|1636871455
|switch|p2a: Blacephalon|Blacephalon|3/100
|turn|20
|
|t:|1636871463
|move|p2a: Blacephalon|Hypnosis|p1a: Clefable
|-status|p1a: Clefable|slp|[from] move: Hypnosis
|cant|p1a: Clefable|slp
|
|upkeep
|turn|21
|
|t:|1636871468
|switch|p2a: Zapdos|Zapdos-Galar|21/100
|cant|p1a: Clefable|slp
|
|-heal|p2a: Zapdos|27/100|[from] item: Leftovers
|upkeep
|turn|22
|
|t:|1636871473
|move|p2a: Zapdos|Substitute|p2a: Zapdos
|-start|p2a: Zapdos|Substitute
|-damage|p2a: Zapdos|2/100
|-curestatus|p1a: Clefable|slp|[msg]
|move|p1a: Clefable|Moonblast|p2a: Zapdos
|-supereffective|p2a: Zapdos
|-end|p2a: Zapdos|Substitute
|
|-heal|p2a: Zapdos|9/100|[from] item: Leftovers
|upkeep
|turn|23
|-message|8balljacketguy forfeited.
|
|win|lingc
|raw|lingc's rating: 1393 &rarr; <strong>1412</strong><br />(+19 for winning)
|raw|8balljacketguy's rating: 1367 &rarr; <strong>1348</strong><br />(-19 for losing)
|l|☆8balljacketguy
