|j|☆Meanlemon
|j|☆jly8
|t:|1664526120
|gametype|singles
|player|p1|Meanlemon|169|1564
|player|p2|jly8|volkner|1657
|teamsize|p1|6
|teamsize|p2|6
|gen|8
|tier|[Gen 8] OU
|rated|
|rule|Sleep Clause Mod: Limit one foe put to sleep
|rule|Species Clause: Limit one of each Pokémon
|rule|OHKO Clause: OHKO moves are banned
|rule|Evasion Items Clause: Evasion items are banned
|rule|Evasion Moves Clause: Evasion moves are banned
|rule|Endless Battle Clause: Forcing endless battles is banned
|rule|HP Percentage Mod: HP is shown in percentages
|rule|Dynamax Clause: You cannot dynamax
|clearpoke
|poke|p1|Rillaboom, F|
|poke|p1|Keldeo-Resolute|
|poke|p1|Heatran, F|
|poke|p1|Tornadus-Therian, M|
|poke|p1|Gastrodon, M|
|poke|p1|Weavile, F|
|poke|p2|Rillaboom, F|
|poke|p2|Blaziken, M|
|poke|p2|Melmetal|
|poke|p2|Slowbro, M|
|poke|p2|Landorus-Therian, M|
|poke|p2|Tapu Lele|
|teampreview
|l|☆Meanlemon
|player|p1|
|j|☆Meanlemon
|player|p1|Meanlemon|169
|
|t:|1664526142
|start
|switch|p1a: Keldeo|Keldeo-Resolute|100/100
|switch|p2a: Tapu Lele|Tapu Lele|100/100
|-fieldstart|move: Psychic Terrain|[from] ability: Psychic Surge|[of] p2a: Tapu Lele
|turn|1
|inactive|Battle timer is ON: inactive players will automatically lose when time's up. (requested by Meanlemon)
|
|t:|1664526151
|switch|p1a: Heatran|Heatran, F|100/100
|move|p2a: Tapu Lele|Psychic|p1a: Heatran
|-resisted|p1a: Heatran
|-crit|p1a: Heatran
|-damage|p1a: Heatran|59/100
|
|-heal|p1a: Heatran|65/100|[from] item: Leftovers
|upkeep
|turn|2
|
|t:|1664526159
|switch|p2a: Landorus|Landorus-Therian, M|100/100
|-ability|p2a: Landorus|Intimidate|boost
|-unboost|p1a: Heatran|atk|1
|move|p1a: Heatran|Stealth Rock|p2a: Landorus
|-sidestart|p2: jly8|move: Stealth Rock
|
|-heal|p1a: Heatran|71/100|[from] item: Leftovers
|upkeep
|turn|3
|
|t:|1664526167
|switch|p1a: Gastrodon|Gastrodon, M|100/100
|move|p2a: Landorus|Stealth Rock|p1a: Gastrodon
|-sidestart|p1: Meanlemon|move: Stealth Rock
|
|upkeep
|turn|4
|
|t:|1664526173
|move|p2a: Landorus|Defog|p1a: Gastrodon
|-unboost|p1a: Gastrodon|evasion|1
|-sideend|p1: Meanlemon|Stealth Rock|[from] move: Defog|[of] p2a: Landorus
|-sideend|p2: jly8|Stealth Rock|[from] move: Defog|[of] p2a: Landorus
|-fieldend|move: Psychic Terrain
|move|p1a: Gastrodon|Toxic|p2a: Landorus
|-status|p2a: Landorus|tox
|
|-damage|p2a: Landorus|94/100 tox|[from] psn
|upkeep
|turn|5
|
|t:|1664526184
|move|p2a: Landorus|Knock Off|p1a: Gastrodon
|-damage|p1a: Gastrodon|77/100
|-enditem|p1a: Gastrodon|Leftovers|[from] move: Knock Off|[of] p2a: Landorus
|move|p1a: Gastrodon|Ice Beam|p2a: Landorus
|-supereffective|p2a: Landorus
|-damage|p2a: Landorus|26/100 tox
|
|-heal|p2a: Landorus|32/100 tox|[from] item: Leftovers
|-damage|p2a: Landorus|20/100 tox|[from] psn
|upkeep
|turn|6
|
|t:|1664526194
|switch|p2a: Rillaboom|Rillaboom, F|100/100
|-fieldstart|move: Grassy Terrain|[from] ability: Grassy Surge|[of] p2a: Rillaboom
|move|p1a: Gastrodon|Scald|p2a: Rillaboom
|-resisted|p2a: Rillaboom
|-damage|p2a: Rillaboom|86/100
|
|-heal|p2a: Rillaboom|92/100|[from] Grassy Terrain
|-heal|p2a: Rillaboom|98/100|[from] item: Leftovers
|-heal|p1a: Gastrodon|83/100|[from] Grassy Terrain
|upkeep
|turn|7
|
|t:|1664526205
|switch|p1a: Tornadus|Tornadus-Therian, M|100/100
|move|p2a: Rillaboom|Knock Off|p1a: Tornadus
|-damage|p1a: Tornadus|74/100
|-enditem|p1a: Tornadus|Heavy-Duty Boots|[from] move: Knock Off|[of] p2a: Rillaboom
|
|-heal|p2a: Rillaboom|100/100|[from] Grassy Terrain
|upkeep
|turn|8
|
|t:|1664526213
|switch|p2a: Melmetal|Melmetal|100/100
|move|p1a: Tornadus|U-turn|p2a: Melmetal
|-resisted|p2a: Melmetal
|-damage|p2a: Melmetal|97/100
|
|t:|1664526219
|switch|p1a: Heatran|Heatran, F|71/100|[from]move: U-turn
|
|-heal|p1a: Heatran|77/100|[from] Grassy Terrain
|-heal|p1a: Heatran|83/100|[from] item: Leftovers
|-heal|p2a: Melmetal|100/100|[from] Grassy Terrain
|upkeep
|turn|9
|
|t:|1664526226
|move|p1a: Heatran|Magma Storm|p2a: Melmetal
|-supereffective|p2a: Melmetal
|-damage|p2a: Melmetal|48/100
|-activate|p2a: Melmetal|move: Magma Storm|[of] p1a: Heatran
|move|p2a: Melmetal|Superpower|p1a: Heatran
|-supereffective|p1a: Heatran
|-damage|p1a: Heatran|4/100
|-unboost|p2a: Melmetal|atk|1
|-unboost|p2a: Melmetal|def|1
|
|-heal|p1a: Heatran|10/100|[from] Grassy Terrain
|-heal|p1a: Heatran|17/100|[from] item: Leftovers
|-heal|p2a: Melmetal|54/100|[from] Grassy Terrain
|-damage|p2a: Melmetal|42/100|[from] move: Magma Storm|[partiallytrapped]
|upkeep
|turn|10
|
|t:|1664526239
|move|p1a: Heatran|Earth Power|p2a: Melmetal
|-supereffective|p2a: Melmetal
|-crit|p2a: Melmetal
|-damage|p2a: Melmetal|0 fnt
|faint|p2a: Melmetal
|
|-heal|p1a: Heatran|23/100|[from] Grassy Terrain
|-heal|p1a: Heatran|29/100|[from] item: Leftovers
|-fieldend|move: Grassy Terrain
|upkeep
|
|t:|1664526256
|switch|p2a: Tapu Lele|Tapu Lele|100/100
|-fieldstart|move: Psychic Terrain|[from] ability: Psychic Surge|[of] p2a: Tapu Lele
|turn|11
|l|☆Meanlemon
|inactive|Meanlemon disconnected and has a minute to reconnect!
|player|p1|
|j|☆Meanlemon
|inactive|Meanlemon reconnected and has 140 seconds left.
|player|p1|Meanlemon|169
|
|t:|1664526278
|move|p2a: Tapu Lele|Focus Blast|p1a: Heatran
|-supereffective|p1a: Heatran
|-damage|p1a: Heatran|0 fnt
|faint|p1a: Heatran
|
|upkeep
|
|t:|1664526284
|switch|p1a: Rillaboom|Rillaboom, F|100/100
|-fieldstart|move: Grassy Terrain|[from] ability: Grassy Surge|[of] p1a: Rillaboom
|turn|12
|
|t:|1664526290
|switch|p2a: Landorus|Landorus-Therian, M|20/100 tox
|-ability|p2a: Landorus|Intimidate|boost
|-unboost|p1a: Rillaboom|atk|1
|move|p1a: Rillaboom|U-turn|p2a: Landorus
|-resisted|p2a: Landorus
|-damage|p2a: Landorus|9/100 tox
|
|t:|1664526293
|switch|p1a: Keldeo|Keldeo-Resolute|100/100|[from]move: U-turn
|
|-heal|p2a: Landorus|15/100 tox|[from] item: Leftovers
|-damage|p2a: Landorus|9/100 tox|[from] psn
|upkeep
|turn|13
|l|☆Meanlemon
|inactive|Meanlemon disconnected and has a minute to reconnect!
|player|p1|
|
|t:|1664526302
|move|p1a: Keldeo|Scald|p2a: Landorus
|-supereffective|p2a: Landorus
|-damage|p2a: Landorus|0 fnt
|faint|p2a: Landorus
|
|upkeep
|
|t:|1664526306
|switch|p2a: Tapu Lele|Tapu Lele|100/100
|-fieldstart|move: Psychic Terrain|[from] ability: Psychic Surge|[of] p2a: Tapu Lele
|turn|14
|j|☆Meanlemon
|inactive|Meanlemon reconnected and has 150 seconds left.
|player|p1|Meanlemon|169
|
|t:|1664526312
|move|p1a: Keldeo|Scald|p2a: Tapu Lele
|-damage|p2a: Tapu Lele|37/100
|move|p2a: Tapu Lele|Moonblast|p1a: Keldeo
|-supereffective|p1a: Keldeo
|-damage|p1a: Keldeo|0 fnt
|faint|p1a: Keldeo
|
|upkeep
|
|t:|1664526328
|switch|p1a: Rillaboom|Rillaboom, F|100/100
|-fieldstart|move: Grassy Terrain|[from] ability: Grassy Surge|[of] p1a: Rillaboom
|turn|15
|
|t:|1664526334
|move|p1a: Rillaboom|Grassy Glide|p2a: Tapu Lele
|-damage|p2a: Tapu Lele|0 fnt
|faint|p2a: Tapu Lele
|
|upkeep
|
|t:|1664526339
|switch|p2a: Blaziken|Blaziken, M|100/100
|turn|16
|
|t:|1664526342
|move|p1a: Rillaboom|Grassy Glide|p2a: Blaziken
|-resisted|p2a: Blaziken
|-damage|p2a: Blaziken|53/100
|move|p2a: Blaziken|Swords Dance|p2a: Blaziken
|-boost|p2a: Blaziken|atk|2
|
|-heal|p2a: Blaziken|60/100|[from] Grassy Terrain
|-heal|p2a: Blaziken|66/100|[from] item: Leftovers
|-ability|p2a: Blaziken|Speed Boost|boost
|-boost|p2a: Blaziken|spe|1
|upkeep
|turn|17
|
|t:|1664526352
|move|p1a: Rillaboom|Grassy Glide|p2a: Blaziken
|-resisted|p2a: Blaziken
|-damage|p2a: Blaziken|15/100
|move|p2a: Blaziken|Swords Dance|p2a: Blaziken
|-boost|p2a: Blaziken|atk|2
|
|-heal|p2a: Blaziken|21/100|[from] Grassy Terrain
|-heal|p2a: Blaziken|27/100|[from] item: Leftovers
|-ability|p2a: Blaziken|Speed Boost|boost
|-boost|p2a: Blaziken|spe|1
|upkeep
|turn|18
|
|t:|1664526362
|move|p2a: Blaziken|Protect|p2a: Blaziken
|-singleturn|p2a: Blaziken|Protect
|move|p1a: Rillaboom|Grassy Glide|p2a: Blaziken
|-activate|p2a: Blaziken|move: Protect
|
|-heal|p2a: Blaziken|33/100|[from] Grassy Terrain
|-heal|p2a: Blaziken|40/100|[from] item: Leftovers
|-ability|p2a: Blaziken|Speed Boost|boost
|-boost|p2a: Blaziken|spe|1
|upkeep
|turn|19
|
|t:|1664526375
|move|p2a: Blaziken|Protect|p2a: Blaziken
|-singleturn|p2a: Blaziken|Protect
|move|p1a: Rillaboom|Grassy Glide|p2a: Blaziken
|-activate|p2a: Blaziken|move: Protect
|
|-heal|p2a: Blaziken|46/100|[from] Grassy Terrain
|-heal|p2a: Blaziken|52/100|[from] item: Leftovers
|-fieldend|move: Grassy Terrain
|-ability|p2a: Blaziken|Speed Boost|boost
|-boost|p2a: Blaziken|spe|1
|upkeep
|turn|20
|
|t:|1664526387
|switch|p1a: Tornadus|Tornadus-Therian, M|100/100
|move|p2a: Blaziken|Flare Blitz|p1a: Tornadus
|-damage|p1a: Tornadus|0 fnt
|faint|p1a: Tornadus
|-damage|p2a: Blaziken|17/100|[from] Recoil
|
|-heal|p2a: Blaziken|23/100|[from] item: Leftovers
|-ability|p2a: Blaziken|Speed Boost|boost
|-boost|p2a: Blaziken|spe|1
|upkeep
|
|t:|1664526389
|switch|p1a: Rillaboom|Rillaboom, F|100/100
|-fieldstart|move: Grassy Terrain|[from] ability: Grassy Surge|[of] p1a: Rillaboom
|turn|21
|
|t:|1664526399
|move|p2a: Blaziken|Protect|p2a: Blaziken
|-singleturn|p2a: Blaziken|Protect
|move|p1a: Rillaboom|Grassy Glide|p2a: Blaziken
|-activate|p2a: Blaziken|move: Protect
|
|-heal|p2a: Blaziken|29/100|[from] Grassy Terrain
|-heal|p2a: Blaziken|36/100|[from] item: Leftovers
|-ability|p2a: Blaziken|Speed Boost|boost
|-boost|p2a: Blaziken|spe|1
|upkeep
|turn|22
|
|t:|1664526413
|switch|p2a: Rillaboom|Rillaboom, F|100/100
|move|p1a: Rillaboom|Grassy Glide|p2a: Rillaboom
|-resisted|p2a: Rillaboom
|-damage|p2a: Rillaboom|67/100
|
|-heal|p2a: Rillaboom|73/100|[from] Grassy Terrain
|-heal|p2a: Rillaboom|80/100|[from] item: Leftovers
|upkeep
|turn|23
|
|t:|1664526423
|switch|p1a: Gastrodon|Gastrodon, M|83/100
|move|p2a: Rillaboom|Grassy Glide|p1a: Gastrodon
|-supereffective|p1a: Gastrodon
|-damage|p1a: Gastrodon|0 fnt
|faint|p1a: Gastrodon
|
|-heal|p2a: Rillaboom|86/100|[from] Grassy Terrain
|-heal|p2a: Rillaboom|92/100|[from] item: Leftovers
|upkeep
|
|t:|1664526428
|switch|p1a: Weavile|Weavile, F|100/100
|-ability|p1a: Weavile|Pressure
|turn|24
|
|t:|1664526439
|switch|p2a: Slowbro|Slowbro, M|100/100
|move|p1a: Weavile|Icicle Crash|p2a: Slowbro|[miss]
|-miss|p1a: Weavile|p2a: Slowbro
|
|upkeep
|turn|25
|
|t:|1664526448
|move|p1a: Weavile|Substitute|p1a: Weavile
|-start|p1a: Weavile|Substitute
|-damage|p1a: Weavile|76/100
|move|p2a: Slowbro|Scald|p1a: Weavile
|-end|p1a: Weavile|Substitute
|
|-heal|p1a: Weavile|82/100|[from] Grassy Terrain
|-fieldend|move: Grassy Terrain
|upkeep
|turn|26
|
|t:|1664526455
|move|p1a: Weavile|Knock Off|p2a: Slowbro
|-supereffective|p2a: Slowbro
|-damage|p2a: Slowbro|46/100
|-damage|p1a: Weavile|65/100|[from] item: Rocky Helmet|[of] p2a: Slowbro
|-enditem|p2a: Slowbro|Rocky Helmet|[from] move: Knock Off|[of] p1a: Weavile
|move|p2a: Slowbro|Scald|p1a: Weavile
|-damage|p1a: Weavile|30/100
|-status|p1a: Weavile|brn
|
|-damage|p1a: Weavile|24/100 brn|[from] brn
|upkeep
|turn|27
|
|t:|1664526466
|move|p1a: Weavile|Swords Dance|p1a: Weavile
|-boost|p1a: Weavile|atk|2
|move|p2a: Slowbro|Future Sight|p1a: Weavile
|-start|p2a: Slowbro|move: Future Sight
|
|-damage|p1a: Weavile|18/100 brn|[from] brn
|upkeep
|turn|28
|
|t:|1664526472
|move|p1a: Weavile|Knock Off|p2a: Slowbro
|-supereffective|p2a: Slowbro
|-damage|p2a: Slowbro|6/100
|move|p2a: Slowbro|Scald|p1a: Weavile
|-damage|p1a: Weavile|0 fnt
|faint|p1a: Weavile
|
|upkeep
|
|t:|1664526475
|switch|p1a: Rillaboom|Rillaboom, F|100/100
|-fieldstart|move: Grassy Terrain|[from] ability: Grassy Surge|[of] p1a: Rillaboom
|turn|29
|
|t:|1664526482
|move|p1a: Rillaboom|Grassy Glide|p2a: Slowbro
|-supereffective|p2a: Slowbro
|-damage|p2a: Slowbro|0 fnt
|faint|p2a: Slowbro
|
|-end|p1a: Rillaboom|move: Future Sight
|-damage|p1a: Rillaboom|54/100
|-heal|p1a: Rillaboom|60/100|[from] Grassy Terrain
|upkeep
|
|t:|1664526491
|switch|p2a: Rillaboom|Rillaboom, F|92/100
|turn|30
|
|t:|1664526495
|move|p1a: Rillaboom|Grassy Glide|p2a: Rillaboom
|-resisted|p2a: Rillaboom
|-damage|p2a: Rillaboom|58/100
|move|p2a: Rillaboom|Swords Dance|p2a: Rillaboom
|-boost|p2a: Rillaboom|atk|2
|
|-heal|p2a: Rillaboom|65/100|[from] Grassy Terrain
|-heal|p2a: Rillaboom|71/100|[from] item: Leftovers
|-heal|p1a: Rillaboom|66/100|[from] Grassy Terrain
|upkeep
|turn|31
|-message|Meanlemon forfeited.
|
|win|jly8
|raw|Meanlemon's rating: 1564 &rarr; <strong>1549</strong><br />(-15 for losing)
|raw|jly8's rating: 1657 &rarr; <strong>1672</strong><br />(+15 for winning)
|l|☆Meanlemon
|l|☆jly8
