|j|☆Corumba
|j|☆Gen5isthegreatest
|t:|1608578166
|player|p1|Corumba|schoolkid-gen4|1745
|player|p2|Gen5isthegreatest|209|1753
|teamsize|p1|6
|teamsize|p2|6
|gametype|singles
|gen|8
|tier|[Gen 8] OU
|rated|
|clearpoke
|poke|p1|Tangrowth, M|
|poke|p1|Dragapult, M|
|poke|p1|Landorus-Therian, M|
|poke|p1|Togekiss, M|
|poke|p1|Hydreigon, F|
|poke|p1|Melmetal|
|poke|p2|Hydreigon, F|
|poke|p2|Slowking-Galar, F|
|poke|p2|Ferrothorn, F|
|poke|p2|Tapu Fini|
|poke|p2|Garchomp, M|
|poke|p2|Cinderace, M|
|rule|Sleep Clause Mod: Limit one foe put to sleep
|rule|Species Clause: Limit one of each Pokémon
|rule|OHKO Clause: OHKO moves are banned
|rule|Evasion Moves Clause: Evasion moves are banned
|rule|Endless Battle Clause: Forcing endless battles is banned
|rule|HP Percentage Mod: HP is shown in percentages
|rule|Dynamax Clause: You cannot dynamax
|teampreview
|
|t:|1608578186
|start
|switch|p1a: Landorus|Landorus-Therian, M|100/100
|switch|p2a: Cinderace|Cinderace, M|100/100
|-ability|p1a: Landorus|Intimidate|boost
|-unboost|p2a: Cinderace|atk|1
|turn|1
|
|t:|1608578210
|switch|p2a: Ferrothorn|Ferrothorn, F|100/100
|move|p1a: Landorus|Stealth Rock|p2a: Ferrothorn
|-sidestart|p2: Gen5isthegreatest|move: Stealth Rock
|
|upkeep
|turn|2
|j| irgendwasmitmeeem
|
|t:|1608578224
|switch|p1a: Tangrowth|Tangrowth, M|100/100
|move|p2a: Ferrothorn|Leech Seed|p1a: Tangrowth
|-immune|p1a: Tangrowth
|
|upkeep
|turn|3
|
|t:|1608578230
|move|p1a: Tangrowth|Knock Off|p2a: Ferrothorn
|-damage|p2a: Ferrothorn|83/100
|-damage|p1a: Tangrowth|88/100|[from] ability: Iron Barbs|[of] p2a: Ferrothorn
|-enditem|p2a: Ferrothorn|Leftovers|[from] move: Knock Off|[of] p1a: Tangrowth
|move|p2a: Ferrothorn|Spikes|p1a: Tangrowth
|-sidestart|p1: Corumba|Spikes
|
|upkeep
|turn|4
|j| Reverb And Rei
|
|t:|1608578248
|move|p1a: Tangrowth|Infestation|p2a: Ferrothorn
|-damage|p2a: Ferrothorn|80/100
|-activate|p2a: Ferrothorn|move: Infestation|[of] p1a: Tangrowth
|-damage|p1a: Tangrowth|76/100|[from] ability: Iron Barbs|[of] p2a: Ferrothorn
|move|p2a: Ferrothorn|Spikes|p1a: Tangrowth
|-sidestart|p1: Corumba|Spikes
|
|-damage|p2a: Ferrothorn|67/100|[from] move: Infestation|[partiallytrapped]
|upkeep
|turn|5
|
|t:|1608578256
|move|p1a: Tangrowth|Giga Drain|p2a: Ferrothorn
|-resisted|p2a: Ferrothorn
|-damage|p2a: Ferrothorn|63/100
|-heal|p1a: Tangrowth|78/100|[from] drain|[of] p2a: Ferrothorn
|move|p2a: Ferrothorn|Knock Off|p1a: Tangrowth
|-damage|p1a: Tangrowth|66/100
|-damage|p2a: Ferrothorn|47/100|[from] item: Rocky Helmet|[of] p1a: Tangrowth
|-enditem|p1a: Tangrowth|Rocky Helmet|[from] move: Knock Off|[of] p2a: Ferrothorn
|
|-damage|p2a: Ferrothorn|34/100|[from] move: Infestation|[partiallytrapped]
|upkeep
|turn|6
|
|t:|1608578276
|move|p1a: Tangrowth|Giga Drain|p2a: Ferrothorn
|-resisted|p2a: Ferrothorn
|-damage|p2a: Ferrothorn|29/100
|-heal|p1a: Tangrowth|69/100|[from] drain|[of] p2a: Ferrothorn
|move|p2a: Ferrothorn|Spikes|p1a: Tangrowth
|-sidestart|p1: Corumba|Spikes
|
|-damage|p2a: Ferrothorn|16/100|[from] move: Infestation|[partiallytrapped]
|upkeep
|turn|7
|
|t:|1608578283
|switch|p1a: Hydreigon|Hydreigon, F|100/100
|move|p2a: Ferrothorn|Gyro Ball|p1a: Hydreigon
|-damage|p1a: Hydreigon|55/100
|
|-heal|p1a: Hydreigon|61/100|[from] item: Leftovers
|-end|p2a: Ferrothorn|Infestation|[partiallytrapped]|[silent]
|upkeep
|turn|8
|j| clozap9
|l| clozap9
|
|t:|1608578297
|move|p1a: Hydreigon|Defog|p2a: Ferrothorn
|-unboost|p2a: Ferrothorn|evasion|1
|-sideend|p2: Gen5isthegreatest|Stealth Rock|[from] move: Defog|[of] p1a: Hydreigon
|-sideend|p1: Corumba|Spikes|[from] move: Defog|[of] p1a: Hydreigon
|move|p2a: Ferrothorn|Gyro Ball|p1a: Hydreigon
|-damage|p1a: Hydreigon|12/100
|
|-heal|p1a: Hydreigon|18/100|[from] item: Leftovers
|upkeep
|turn|9
|l| Reverb And Rei
|
|t:|1608578305
|move|p1a: Hydreigon|Dark Pulse|p2a: Ferrothorn
|-crit|p2a: Ferrothorn
|-damage|p2a: Ferrothorn|0 fnt
|faint|p2a: Ferrothorn
|
|-heal|p1a: Hydreigon|25/100|[from] item: Leftovers
|upkeep
|
|t:|1608578317
|switch|p2a: Cinderace|Cinderace, M|100/100
|turn|10
|
|t:|1608578324
|switch|p1a: Landorus|Landorus-Therian, M|100/100
|-ability|p1a: Landorus|Intimidate|boost
|-unboost|p2a: Cinderace|atk|1
|move|p2a: Cinderace|U-turn|p1a: Landorus
|-start|p2a: Cinderace|typechange|Bug|[from] ability: Libero
|-resisted|p1a: Landorus
|-damage|p1a: Landorus|91/100
|-message|Gen5isthegreatest forfeited.
|
|win|Corumba
|l|☆Gen5isthegreatest
|l|☆Corumba
||Ladder (probably) updated, but score could not be retrieved (Request timeout).
