|j|☆roboPOKE
|j|☆Darnellred
|t:|1603805566
|player|p1|roboPOKE|102|1707
|player|p2|Darnellred|red|1636
|teamsize|p1|6
|teamsize|p2|6
|gametype|singles
|gen|8
|tier|[Gen 8] OU
|rated|
|clearpoke
|poke|p1|Sandaconda, F|
|poke|p1|Excadrill, M|
|poke|p1|Ninetales-Alola, M|
|poke|p1|Magearna|
|poke|p1|Zygarde|
|poke|p1|Buzzwole|
|poke|p2|Uxie|
|poke|p2|Cresselia, F|
|poke|p2|Magearna|
|poke|p2|Glastrier|
|poke|p2|Melmetal|
|poke|p2|Marowak-Alola, F|
|rule|Sleep Clause Mod: Limit one foe put to sleep
|rule|Species Clause: Limit one of each Pokémon
|rule|OHKO Clause: OHKO moves are banned
|rule|Evasion Moves Clause: Evasion moves are banned
|rule|Endless Battle Clause: Forcing endless battles is banned
|rule|HP Percentage Mod: HP is shown in percentages
|rule|Dynamax Clause: You cannot dynamax
|teampreview
|l|☆Darnellred
|player|p2|
|inactive|Battle timer is ON: inactive players will automatically lose when time's up. (requested by roboPOKE)
|j|☆Darnellred
|inactive|Darnellred reconnected and has 145 seconds left.
|player|p2|Darnellred|red
|
|t:|1603805605
|start
|switch|p1a: Sandaconda|Sandaconda, F|100/100
|switch|p2a: Melmetal|Melmetal|100/100
|turn|1
|
|t:|1603805611
|move|p1a: Sandaconda|Stealth Rock|p2a: Melmetal
|-sidestart|p2: Darnellred|move: Stealth Rock
|move|p2a: Melmetal|Double Iron Bash|p1a: Sandaconda
|-damage|p1a: Sandaconda|46/100
|-weather|Sandstorm|[from] ability: Sand Spit|[of] p1a: Sandaconda
|-damage|p1a: Sandaconda|0 fnt
|-hitcount|p1a: Sandaconda|2
|faint|p1a: Sandaconda
|
|-weather|Sandstorm|[upkeep]
|upkeep
|
|t:|1603805616
|switch|p1a: Excadrill|Excadrill, M|100/100
|turn|2
|
|t:|1603805619
|switch|p2a: Uxie|Uxie|100/100
|-damage|p2a: Uxie|88/100|[from] Stealth Rock
|move|p1a: Excadrill|Earthquake|p2a: Uxie
|-immune|p2a: Uxie|[from] ability: Levitate
|
|-weather|Sandstorm|[upkeep]
|-damage|p2a: Uxie|82/100|[from] Sandstorm
|upkeep
|turn|3
|
|t:|1603805625
|move|p1a: Excadrill|Swords Dance|p1a: Excadrill
|-boost|p1a: Excadrill|atk|2
|move|p2a: Uxie|Trick Room|p2a: Uxie
|-fieldstart|move: Trick Room|[of] p2a: Uxie
|
|-weather|Sandstorm|[upkeep]
|-damage|p2a: Uxie|76/100|[from] Sandstorm
|upkeep
|turn|4
|
|t:|1603805628
|move|p2a: Uxie|Stealth Rock|p1a: Excadrill
|-sidestart|p1: roboPOKE|move: Stealth Rock
|move|p1a: Excadrill|Earthquake|p2a: Uxie
|-immune|p2a: Uxie|[from] ability: Levitate
|
|-weather|Sandstorm|[upkeep]
|-damage|p2a: Uxie|69/100|[from] Sandstorm
|upkeep
|turn|5
|
|t:|1603805638
|move|p2a: Uxie|Memento|p1a: Excadrill
|-unboost|p1a: Excadrill|atk|2
|-unboost|p1a: Excadrill|spa|2
|faint|p2a: Uxie
|move|p1a: Excadrill|Earthquake|p2: Uxie|[notarget]
|-fail|p1a: Excadrill
|
|-weather|Sandstorm|[upkeep]
|upkeep
|
|t:|1603805645
|switch|p2a: Melmetal|Melmetal|100/100
|-damage|p2a: Melmetal|94/100|[from] Stealth Rock
|turn|6
|
|t:|1603805648
|move|p2a: Melmetal|Double Iron Bash|p1a: Excadrill
|-resisted|p1a: Excadrill
|-damage|p1a: Excadrill|53/100
|-resisted|p1a: Excadrill
|-damage|p1a: Excadrill|8/100
|-hitcount|p1a: Excadrill|2
|cant|p1a: Excadrill|flinch
|
|-weather|Sandstorm|[upkeep]
|upkeep
|turn|7
|
|t:|1603805654
|move|p2a: Melmetal|Double Iron Bash|p1a: Excadrill
|-resisted|p1a: Excadrill
|-damage|p1a: Excadrill|0 fnt
|-hitcount|p1a: Excadrill|1
|faint|p1a: Excadrill
|
|-weather|Sandstorm|[upkeep]
|-fieldend|move: Trick Room
|upkeep
|
|t:|1603805656
|switch|p1a: Ninetales|Ninetales-Alola, M|100/100
|-damage|p1a: Ninetales|76/100|[from] Stealth Rock
|-weather|Hail|[from] ability: Snow Warning|[of] p1a: Ninetales
|turn|8
|
|t:|1603805658
|move|p1a: Ninetales|Aurora Veil|p1a: Ninetales
|-sidestart|p1: roboPOKE|move: Aurora Veil
|move|p2a: Melmetal|Double Iron Bash|p1a: Ninetales
|-supereffective|p1a: Ninetales
|-damage|p1a: Ninetales|0 fnt
|-hitcount|p1a: Ninetales|1
|faint|p1a: Ninetales
|
|-weather|Hail|[upkeep]
|-damage|p2a: Melmetal|88/100|[from] Hail
|upkeep
|
|t:|1603805666
|switch|p1a: Zygarde|Zygarde|100/100
|-damage|p1a: Zygarde|94/100|[from] Stealth Rock
|-ability|p1a: Zygarde|Aura Break
|turn|9
|
|t:|1603805671
|move|p1a: Zygarde|Coil|p1a: Zygarde
|-boost|p1a: Zygarde|atk|1
|-boost|p1a: Zygarde|def|1
|-boost|p1a: Zygarde|accuracy|1
|move|p2a: Melmetal|Double Iron Bash|p1a: Zygarde
|-damage|p1a: Zygarde|77/100
|-damage|p1a: Zygarde|62/100
|-hitcount|p1a: Zygarde|2
|
|-weather|Hail|[upkeep]
|-damage|p1a: Zygarde|56/100|[from] Hail
|-damage|p2a: Melmetal|82/100|[from] Hail
|-heal|p1a: Zygarde|62/100|[from] item: Leftovers
|upkeep
|turn|10
|
|t:|1603805680
|switch|p2a: Magearna|Magearna|100/100
|-damage|p2a: Magearna|94/100|[from] Stealth Rock
|move|p1a: Zygarde|Coil|p1a: Zygarde
|-boost|p1a: Zygarde|atk|1
|-boost|p1a: Zygarde|def|1
|-boost|p1a: Zygarde|accuracy|1
|
|-weather|Hail|[upkeep]
|-damage|p1a: Zygarde|56/100|[from] Hail
|-damage|p2a: Magearna|88/100|[from] Hail
|-heal|p1a: Zygarde|62/100|[from] item: Leftovers
|upkeep
|turn|11
|
|t:|1603805684
|move|p1a: Zygarde|Thousand Arrows|p2a: Magearna
|-supereffective|p2a: Magearna
|-enditem|p2a: Magearna|Shuca Berry|[eat]
|-enditem|p2a: Magearna|Shuca Berry|[weaken]
|-damage|p2a: Magearna|19/100
|move|p2a: Magearna|Trick Room|p2a: Magearna
|-fieldstart|move: Trick Room|[of] p2a: Magearna
|
|-weather|Hail|[upkeep]
|-damage|p2a: Magearna|13/100|[from] Hail
|-damage|p1a: Zygarde|56/100|[from] Hail
|-heal|p1a: Zygarde|62/100|[from] item: Leftovers
|upkeep
|turn|12
|
|t:|1603805691
|move|p1a: Zygarde|Extreme Speed|p2a: Magearna
|-resisted|p2a: Magearna
|-damage|p2a: Magearna|0 fnt
|faint|p2a: Magearna
|
|-weather|none
|-heal|p1a: Zygarde|68/100|[from] item: Leftovers
|upkeep
|
|t:|1603805694
|switch|p2a: Glastrier|Glastrier|100/100
|turn|13
|
|t:|1603805697
|move|p2a: Glastrier|Icicle Crash|p1a: Zygarde
|-supereffective|p1a: Zygarde
|-damage|p1a: Zygarde|27/100
|move|p1a: Zygarde|Thousand Arrows|p2a: Glastrier
|-damage|p2a: Glastrier|47/100
|
|-heal|p1a: Zygarde|33/100|[from] item: Leftovers
|upkeep
|turn|14
|
|t:|1603805703
|switch|p1a: Buzzwole|Buzzwole|100/100
|-damage|p1a: Buzzwole|88/100|[from] Stealth Rock
|move|p2a: Glastrier|Icicle Crash|p1a: Buzzwole
|-damage|p1a: Buzzwole|68/100
|
|-heal|p1a: Buzzwole|74/100|[from] item: Leftovers
|upkeep
|turn|15
|
|t:|1603805714
|switch|p2a: Cresselia|Cresselia, F|100/100
|-damage|p2a: Cresselia|88/100|[from] Stealth Rock
|move|p1a: Buzzwole|Bulk Up|p1a: Buzzwole
|-boost|p1a: Buzzwole|atk|1
|-boost|p1a: Buzzwole|def|1
|
|-heal|p1a: Buzzwole|80/100|[from] item: Leftovers
|-sideend|p1: roboPOKE|move: Aurora Veil
|-fieldend|move: Trick Room
|upkeep
|turn|16
|
|t:|1603805720
|move|p1a: Buzzwole|Bulk Up|p1a: Buzzwole
|-boost|p1a: Buzzwole|atk|1
|-boost|p1a: Buzzwole|def|1
|move|p2a: Cresselia|Trick Room|p2a: Cresselia
|-fieldstart|move: Trick Room|[of] p2a: Cresselia
|
|-heal|p1a: Buzzwole|86/100|[from] item: Leftovers
|upkeep
|turn|17
|
|t:|1603805724
|switch|p2a: Melmetal|Melmetal|82/100
|-damage|p2a: Melmetal|76/100|[from] Stealth Rock
|move|p1a: Buzzwole|Bulk Up|p1a: Buzzwole
|-boost|p1a: Buzzwole|atk|1
|-boost|p1a: Buzzwole|def|1
|
|-heal|p1a: Buzzwole|93/100|[from] item: Leftovers
|upkeep
|turn|18
|
|t:|1603805727
|move|p2a: Melmetal|Double Iron Bash|p1a: Buzzwole
|-damage|p1a: Buzzwole|72/100
|-damage|p1a: Buzzwole|53/100
|-hitcount|p1a: Buzzwole|2
|cant|p1a: Buzzwole|flinch
|
|-heal|p1a: Buzzwole|59/100|[from] item: Leftovers
|upkeep
|turn|19
|
|t:|1603805732
|move|p2a: Melmetal|Double Iron Bash|p1a: Buzzwole
|-damage|p1a: Buzzwole|39/100
|-damage|p1a: Buzzwole|19/100
|-hitcount|p1a: Buzzwole|2
|move|p1a: Buzzwole|Drain Punch|p2a: Melmetal
|-supereffective|p2a: Melmetal
|-damage|p2a: Melmetal|0 fnt
|-heal|p1a: Buzzwole|69/100|[from] drain|[of] p2a: Melmetal
|faint|p2a: Melmetal
|-ability|p1a: Buzzwole|Beast Boost|boost
|-boost|p1a: Buzzwole|atk|1
|
|-heal|p1a: Buzzwole|75/100|[from] item: Leftovers
|upkeep
|
|t:|1603805739
|switch|p2a: Marowak|Marowak-Alola, F|100/100
|-damage|p2a: Marowak|76/100|[from] Stealth Rock
|turn|20
|
|t:|1603805743
|move|p2a: Marowak|Flare Blitz|p1a: Buzzwole
|-supereffective|p1a: Buzzwole
|-damage|p1a: Buzzwole|21/100
|-damage|p2a: Marowak|56/100|[from] Recoil
|move|p1a: Buzzwole|Thunder Punch|p2a: Marowak
|-ability|p2a: Marowak|Lightning Rod|boost
|-boost|p2a: Marowak|spa|1
|
|-heal|p1a: Buzzwole|27/100|[from] item: Leftovers
|-fieldend|move: Trick Room
|upkeep
|turn|21
|
|t:|1603805754
|switch|p2a: Cresselia|Cresselia, F|88/100
|-damage|p2a: Cresselia|76/100|[from] Stealth Rock
|move|p1a: Buzzwole|Poison Jab|p2a: Cresselia
|-damage|p2a: Cresselia|31/100
|-status|p2a: Cresselia|psn
|
|-heal|p1a: Buzzwole|33/100|[from] item: Leftovers
|-damage|p2a: Cresselia|19/100 psn|[from] psn
|upkeep
|turn|22
|
|t:|1603805761
|move|p1a: Buzzwole|Drain Punch|p2a: Cresselia
|-resisted|p2a: Cresselia
|-damage|p2a: Cresselia|0 fnt
|-heal|p1a: Buzzwole|45/100|[from] drain|[of] p2a: Cresselia
|faint|p2a: Cresselia
|-ability|p1a: Buzzwole|Beast Boost|boost
|-boost|p1a: Buzzwole|atk|1
|
|-heal|p1a: Buzzwole|51/100|[from] item: Leftovers
|upkeep
|-message|Darnellred forfeited.
|
|win|roboPOKE
|l|☆Darnellred
