|j|☆LT94JE Allistair
|j|☆Aim on mai wei
|t:|1667307885
|gametype|singles
|player|p1|LT94JE Allistair|170|1829
|player|p2|Aim on mai wei|266|1817
|teamsize|p1|6
|teamsize|p2|6
|gen|8
|tier|[Gen 8] OU
|rated|
|rule|Sleep Clause Mod: Limit one foe put to sleep
|rule|Species Clause: Limit one of each Pokémon
|rule|OHKO Clause: OHKO moves are banned
|rule|Evasion Items Clause: Evasion items are banned
|rule|Evasion Moves Clause: Evasion moves are banned
|rule|Endless Battle Clause: Forcing endless battles is banned
|rule|HP Percentage Mod: HP is shown in percentages
|rule|Dynamax Clause: You cannot dynamax
|clearpoke
|poke|p1|Mew|
|poke|p1|Slurpuff, F|
|poke|p1|Vanilluxe, F|
|poke|p1|Jirachi|
|poke|p1|Weavile, F|
|poke|p1|Nidoking, M|
|poke|p2|Rillaboom, M|
|poke|p2|Tornadus-Therian, M|
|poke|p2|Blaziken, M|
|poke|p2|Melmetal|
|poke|p2|Garchomp, F|
|poke|p2|Slowbro, F|
|teampreview
|inactive|Battle timer is ON: inactive players will automatically lose when time's up. (requested by LT94JE Allistair)
|j| FresMuns
|j| user1_ou
|j| cypherstest
|j| Panda1234
|inactive|Aim on mai wei has 120 seconds left.
|
|t:|1667307971
|start
|switch|p1a: Slurpuff|Slurpuff, F|100/100
|switch|p2a: Melmetal|Melmetal|100/100
|turn|1
|
|t:|1667307979
|move|p1a: Slurpuff|Sticky Web|p2a: Melmetal
|-sidestart|p2: Aim on mai wei|move: Sticky Web
|move|p2a: Melmetal|Double Iron Bash|p1a: Slurpuff
|-supereffective|p1a: Slurpuff
|-damage|p1a: Slurpuff|26/100
|-supereffective|p1a: Slurpuff
|-damage|p1a: Slurpuff|0 fnt
|faint|p1a: Slurpuff
|-hitcount|p1: Slurpuff|2
|
|upkeep
|
|t:|1667307984
|switch|p1a: Nidoking|Nidoking, M|100/100
|turn|2
|j| xiaomoyouxi
|j| izuminite
|inactive|Aim on mai wei has 120 seconds left.
|j| ISimpForKlara
|j| Dionysos
|
|t:|1667308030
|switch|p2a: Slowbro|Slowbro, F|100/100
|-activate|p2a: Slowbro|move: Sticky Web
|-unboost|p2a: Slowbro|spe|1
|move|p1a: Nidoking|Earth Power|p2a: Slowbro
|-damage|p2a: Slowbro|27/100
|
|upkeep
|turn|3
|
|t:|1667308039
|switch|p2a: Tornadus|Tornadus-Therian, M|100/100
|move|p1a: Nidoking|Ice Beam|p2a: Tornadus
|-supereffective|p2a: Tornadus
|-damage|p2a: Tornadus|17/100
|
|upkeep
|turn|4
|inactive|Aim on mai wei has 90 seconds left.
|
|t:|1667308074
|move|p2a: Tornadus|Knock Off|p1a: Nidoking
|-damage|p1a: Nidoking|71/100
|-enditem|p1a: Nidoking|Life Orb|[from] move: Knock Off|[of] p2a: Tornadus
|move|p1a: Nidoking|Flamethrower|p2a: Tornadus
|-damage|p2a: Tornadus|0 fnt
|faint|p2a: Tornadus
|
|upkeep
|
|t:|1667308083
|switch|p2a: Slowbro|Slowbro, F|60/100
|-activate|p2a: Slowbro|move: Sticky Web
|-unboost|p2a: Slowbro|spe|1
|turn|5
|inactive|Aim on mai wei has 90 seconds left.
|
|t:|1667308102
|switch|p1a: Vanilluxe|Vanilluxe, F|100/100
|-weather|Hail|[from] ability: Snow Warning|[of] p1a: Vanilluxe
|move|p2a: Slowbro|Scald|p1a: Vanilluxe
|-damage|p1a: Vanilluxe|68/100
|
|-weather|Hail|[upkeep]
|-damage|p2a: Slowbro|54/100|[from] Hail
|upkeep
|turn|6
|j|+Dragonillis
|
|t:|1667308108
|switch|p2a: Melmetal|Melmetal|100/100
|-activate|p2a: Melmetal|move: Sticky Web
|-unboost|p2a: Melmetal|spe|1
|move|p1a: Vanilluxe|Aurora Veil|p1a: Vanilluxe
|-sidestart|p1: LT94JE Allistair|move: Aurora Veil
|
|-weather|Hail|[upkeep]
|-damage|p2a: Melmetal|94/100|[from] Hail
|-heal|p2a: Melmetal|100/100|[from] item: Leftovers
|upkeep
|turn|7
|inactive|Aim on mai wei has 90 seconds left.
|
|t:|1667308128
|move|p1a: Vanilluxe|Taunt|p2a: Melmetal
|-start|p2a: Melmetal|move: Taunt
|move|p2a: Melmetal|Double Iron Bash|p1a: Vanilluxe
|-supereffective|p1a: Vanilluxe
|-damage|p1a: Vanilluxe|4/100
|-supereffective|p1a: Vanilluxe
|-damage|p1a: Vanilluxe|0 fnt
|faint|p1a: Vanilluxe
|-hitcount|p1: Vanilluxe|2
|
|-weather|Hail|[upkeep]
|-damage|p2a: Melmetal|94/100|[from] Hail
|-heal|p2a: Melmetal|100/100|[from] item: Leftovers
|upkeep
|
|t:|1667308137
|switch|p1a: Mew|Mew|100/100
|turn|8
|inactive|Aim on mai wei has 60 seconds left.
|
|t:|1667308184
|switch|p2a: Slowbro|Slowbro, F|87/100
|-activate|p2a: Slowbro|move: Sticky Web
|-unboost|p2a: Slowbro|spe|1
|move|p1a: Mew|Cosmic Power|p1a: Mew
|-boost|p1a: Mew|def|1
|-boost|p1a: Mew|spd|1
|
|-weather|Hail|[upkeep]
|-damage|p1a: Mew|94/100|[from] Hail
|-damage|p2a: Slowbro|81/100|[from] Hail
|upkeep
|turn|9
|
|t:|1667308199
|move|p1a: Mew|Taunt|p2a: Slowbro
|-start|p2a: Slowbro|move: Taunt
|move|p2a: Slowbro|Scald|p1a: Mew
|-damage|p1a: Mew|86/100
|
|-weather|none
|upkeep
|turn|10
|
|t:|1667308211
|move|p1a: Mew|Cosmic Power|p1a: Mew
|-boost|p1a: Mew|def|1
|-boost|p1a: Mew|spd|1
|move|p2a: Slowbro|Scald|p1a: Mew
|-damage|p1a: Mew|81/100
|
|upkeep
|turn|11
|
|t:|1667308215
|move|p1a: Mew|Cosmic Power|p1a: Mew
|-boost|p1a: Mew|def|1
|-boost|p1a: Mew|spd|1
|move|p2a: Slowbro|Scald|p1a: Mew
|-damage|p1a: Mew|76/100
|
|-end|p2a: Slowbro|move: Taunt
|upkeep
|turn|12
|
|t:|1667308220
|move|p1a: Mew|Taunt|p2a: Slowbro
|-start|p2a: Slowbro|move: Taunt
|move|p2a: Slowbro|Scald|p1a: Mew
|-damage|p1a: Mew|71/100
|
|upkeep
|turn|13
|
|t:|1667308238
|switch|p2a: Melmetal|Melmetal|100/100
|-activate|p2a: Melmetal|move: Sticky Web
|-unboost|p2a: Melmetal|spe|1
|move|p1a: Mew|Cosmic Power|p1a: Mew
|-boost|p1a: Mew|def|1
|-boost|p1a: Mew|spd|1
|
|-sideend|p1: LT94JE Allistair|move: Aurora Veil
|upkeep
|turn|14
|
|t:|1667308244
|move|p1a: Mew|Taunt|p2a: Melmetal
|-start|p2a: Melmetal|move: Taunt
|move|p2a: Melmetal|Double Iron Bash|p1a: Mew
|-damage|p1a: Mew|59/100
|-damage|p1a: Mew|45/100
|-hitcount|p1a: Mew|2
|
|upkeep
|turn|15
|
|t:|1667308249
|move|p1a: Mew|Roost|p1a: Mew
|-heal|p1a: Mew|95/100
|-singleturn|p1a: Mew|move: Roost
|move|p2a: Melmetal|Double Iron Bash|p1a: Mew
|-damage|p1a: Mew|82/100
|-damage|p1a: Mew|68/100
|-hitcount|p1a: Mew|2
|
|upkeep
|turn|16
|c|☆Aim on mai wei|This set is evil
|c|☆LT94JE Allistair|kinda xD
|
|t:|1667308266
|move|p1a: Mew|Cosmic Power|p1a: Mew
|-boost|p1a: Mew|def|1
|-boost|p1a: Mew|spd|1
|move|p2a: Melmetal|Double Iron Bash|p1a: Mew
|-crit|p1a: Mew
|-damage|p1a: Mew|14/100
|-damage|p1a: Mew|3/100
|-hitcount|p1a: Mew|2
|
|-end|p2a: Melmetal|move: Taunt
|upkeep
|turn|17
|
|t:|1667308284
|move|p1a: Mew|Taunt|p2a: Melmetal
|-start|p2a: Melmetal|move: Taunt
|move|p2a: Melmetal|Double Iron Bash|p1a: Mew
|-damage|p1a: Mew|0 fnt
|faint|p1a: Mew
|-hitcount|p1: Mew|1
|
|upkeep
|
|t:|1667308288
|switch|p1a: Jirachi|Jirachi|100/100
|turn|18
|inactive|Aim on mai wei has 90 seconds left.
|
|t:|1667308301
|switch|p2a: Blaziken|Blaziken, M|100/100
|-activate|p2a: Blaziken|move: Sticky Web
|-unboost|p2a: Blaziken|spe|1
|move|p1a: Jirachi|Cosmic Power|p1a: Jirachi
|-boost|p1a: Jirachi|def|1
|-boost|p1a: Jirachi|spd|1
|
|upkeep
|turn|19
|j| Youressi
|
|t:|1667308311
|move|p1a: Jirachi|Cosmic Power|p1a: Jirachi
|-boost|p1a: Jirachi|def|1
|-boost|p1a: Jirachi|spd|1
|move|p2a: Blaziken|Swords Dance|p2a: Blaziken
|-boost|p2a: Blaziken|atk|2
|
|-ability|p2a: Blaziken|Speed Boost|boost
|-boost|p2a: Blaziken|spe|1
|upkeep
|turn|20
|
|t:|1667308322
|move|p2a: Blaziken|Protect|p2a: Blaziken
|-singleturn|p2a: Blaziken|Protect
|move|p1a: Jirachi|Cosmic Power|p1a: Jirachi
|-boost|p1a: Jirachi|def|1
|-boost|p1a: Jirachi|spd|1
|
|-ability|p2a: Blaziken|Speed Boost|boost
|-boost|p2a: Blaziken|spe|1
|upkeep
|turn|21
|
|t:|1667308324
|move|p2a: Blaziken|Flare Blitz|p1a: Jirachi
|-supereffective|p1a: Jirachi
|-crit|p1a: Jirachi
|-damage|p1a: Jirachi|0 fnt
|faint|p1a: Jirachi
|-damage|p2a: Blaziken|67/100|[from] Recoil
|
|-heal|p2a: Blaziken|73/100|[from] item: Leftovers
|-ability|p2a: Blaziken|Speed Boost|boost
|-boost|p2a: Blaziken|spe|1
|upkeep
|j| ty-tyui↻
|-message|LT94JE Allistair forfeited.
|
|win|Aim on mai wei
|raw|LT94JE Allistair's rating: 1829 &rarr; <strong>1808</strong><br />(-21 for losing)
|raw|Aim on mai wei's rating: 1817 &rarr; <strong>1838</strong><br />(+21 for winning)
|l|☆LT94JE Allistair
|c|☆Aim on mai wei|Im sry
|l| ty-tyui↻
|l|☆Aim on mai wei
|l| Panda1234
|l| Dionysos
