|raw|<div class="broadcast-blue"><strong>This battle is required to be public due to a player having a name starting with 'lt91bb'.</div>
|j|☆OUT Kazt
|j|☆LT91BB Harshal
|t:|1659247264
|gametype|singles
|player|p1|OUT Kazt|acetrainersnowf|1737
|player|p2|LT91BB Harshal|dawn|1804
|teamsize|p1|6
|teamsize|p2|6
|gen|8
|tier|[Gen 8] OU
|rated|
|rule|Sleep Clause Mod: Limit one foe put to sleep
|rule|Species Clause: Limit one of each Pokémon
|rule|OHKO Clause: OHKO moves are banned
|rule|Evasion Moves Clause: Evasion moves are banned
|rule|Endless Battle Clause: Forcing endless battles is banned
|rule|HP Percentage Mod: HP is shown in percentages
|rule|Dynamax Clause: You cannot dynamax
|clearpoke
|poke|p1|Heatran, F|
|poke|p1|Heracross, M|
|poke|p1|Landorus-Therian, M|
|poke|p1|Slowbro, F|
|poke|p1|Mandibuzz, F|
|poke|p1|Gengar, M|
|poke|p2|Weavile, M|
|poke|p2|Volcanion|
|poke|p2|Zapdos|
|poke|p2|Landorus-Therian, M|
|poke|p2|Ferrothorn, M|
|poke|p2|Tapu Lele|
|teampreview
|inactive|Battle timer is ON: inactive players will automatically lose when time's up. (requested by OUT Kazt)
|
|t:|1659247284
|start
|switch|p1a: Landorus|Landorus-Therian, M|100/100
|switch|p2a: Volcanion|Volcanion|100/100
|-ability|p1a: Landorus|Intimidate|boost
|-unboost|p2a: Volcanion|atk|1
|turn|1
|
|t:|1659247300
|switch|p2a: Landorus|Landorus-Therian, M|100/100
|-ability|p2a: Landorus|Intimidate|boost
|-unboost|p1a: Landorus|atk|1
|move|p1a: Landorus|Earthquake|p2a: Landorus
|-immune|p2a: Landorus
|
|upkeep
|turn|2
|
|t:|1659247306
|switch|p1a: Slowbro|Slowbro, F|100/100
|move|p2a: Landorus|Stealth Rock|p1a: Slowbro
|-sidestart|p1: OUT Kazt|move: Stealth Rock
|
|upkeep
|turn|3
|
|t:|1659247310
|move|p2a: Landorus|Toxic|p1a: Slowbro
|-status|p1a: Slowbro|tox
|move|p1a: Slowbro|Future Sight|p2a: Landorus
|-start|p1a: Slowbro|move: Future Sight
|
|-damage|p1a: Slowbro|94/100 tox|[from] psn
|upkeep
|turn|4
|
|t:|1659247319
|move|p2a: Landorus|U-turn|p1a: Slowbro
|-supereffective|p1a: Slowbro
|-damage|p1a: Slowbro|70/100 tox
|-damage|p2a: Landorus|84/100|[from] item: Rocky Helmet|[of] p1a: Slowbro
|
|t:|1659247328
|switch|p2a: Volcanion|Volcanion|100/100|[from]move: U-turn
|move|p1a: Slowbro|Teleport|p1a: Slowbro
|
|t:|1659247331
|switch|p1a: Heracross|Heracross, M|100/100|[from]move: Teleport
|-damage|p1a: Heracross|88/100|[from] Stealth Rock
|
|-status|p1a: Heracross|brn|[from] item: Flame Orb
|upkeep
|turn|5
|
|t:|1659247344
|switch|p2a: Landorus|Landorus-Therian, M|84/100
|-ability|p2a: Landorus|Intimidate|boost
|-unboost|p1a: Heracross|atk|1
|move|p1a: Heracross|Close Combat|p2a: Landorus
|-resisted|p2a: Landorus
|-damage|p2a: Landorus|49/100
|-unboost|p1a: Heracross|def|1
|-unboost|p1a: Heracross|spd|1
|
|-end|p2a: Landorus|move: Future Sight
|-damage|p2a: Landorus|16/100
|-heal|p2a: Landorus|22/100|[from] item: Leftovers
|-damage|p1a: Heracross|82/100 brn|[from] brn
|upkeep
|turn|6
|
|t:|1659247350
|move|p1a: Heracross|Close Combat|p2a: Landorus
|-resisted|p2a: Landorus
|-damage|p2a: Landorus|0 fnt
|-unboost|p1a: Heracross|def|1
|-unboost|p1a: Heracross|spd|1
|faint|p2a: Landorus
|
|-damage|p1a: Heracross|76/100 brn|[from] brn
|upkeep
|
|t:|1659247355
|switch|p2a: Tapu Lele|Tapu Lele|100/100
|-fieldstart|move: Psychic Terrain|[from] ability: Psychic Surge|[of] p2a: Tapu Lele
|turn|7
|
|t:|1659247366
|switch|p2a: Volcanion|Volcanion|100/100
|switch|p1a: Mandibuzz|Mandibuzz, F|100/100
|
|upkeep
|turn|8
|
|t:|1659247370
|move|p2a: Volcanion|Steam Eruption|p1a: Mandibuzz
|-damage|p1a: Mandibuzz|48/100
|move|p1a: Mandibuzz|Defog|p2a: Volcanion
|-unboost|p2a: Volcanion|evasion|1
|-sideend|p1: OUT Kazt|Stealth Rock|[from] move: Defog|[of] p1a: Mandibuzz
|-fieldend|move: Psychic Terrain
|
|upkeep
|turn|9
|
|t:|1659247375
|switch|p1a: Slowbro|Slowbro, F|100/100 tox
|move|p2a: Volcanion|Steam Eruption|p1a: Slowbro
|-resisted|p1a: Slowbro
|-crit|p1a: Slowbro
|-damage|p1a: Slowbro|54/100 tox
|
|-damage|p1a: Slowbro|47/100 tox|[from] psn
|upkeep
|turn|10
|
|t:|1659247388
|move|p2a: Volcanion|Sludge Wave|p1a: Slowbro
|-damage|p1a: Slowbro|16/100 tox
|move|p1a: Slowbro|Teleport|p1a: Slowbro
|
|t:|1659247393
|switch|p1a: Heracross|Heracross, M|76/100 brn|[from]move: Teleport
|
|-damage|p1a: Heracross|70/100 brn|[from] brn
|upkeep
|turn|11
|
|t:|1659247396
|move|p1a: Heracross|Earthquake|p2a: Volcanion
|-supereffective|p2a: Volcanion
|-damage|p2a: Volcanion|0 fnt
|faint|p2a: Volcanion
|
|-damage|p1a: Heracross|63/100 brn|[from] brn
|upkeep
|
|t:|1659247404
|switch|p2a: Tapu Lele|Tapu Lele|100/100
|-fieldstart|move: Psychic Terrain|[from] ability: Psychic Surge|[of] p2a: Tapu Lele
|turn|12
|
|t:|1659247421
|switch|p1a: Mandibuzz|Mandibuzz, F|48/100
|move|p2a: Tapu Lele|Moonblast|p1a: Mandibuzz
|-supereffective|p1a: Mandibuzz
|-damage|p1a: Mandibuzz|0 fnt
|faint|p1a: Mandibuzz
|
|upkeep
|
|t:|1659247426
|switch|p1a: Gengar|Gengar, M|100/100
|turn|13
|
|t:|1659247434
|move|p2a: Tapu Lele|Moonblast|p1a: Gengar
|-resisted|p1a: Gengar
|-damage|p1a: Gengar|57/100
|-start|p2a: Tapu Lele|Disable|Moonblast|[from] ability: Cursed Body|[of] p1a: Gengar
|move|p1a: Gengar|Shadow Ball|p2a: Tapu Lele
|-supereffective|p2a: Tapu Lele
|-damage|p2a: Tapu Lele|0 fnt
|faint|p2a: Tapu Lele
|
|upkeep
|
|t:|1659247443
|switch|p2a: Weavile|Weavile, M|100/100
|-ability|p2a: Weavile|Pressure
|turn|14
|
|t:|1659247447
|move|p1a: Gengar|Shadow Ball|p2a: Weavile
|-resisted|p2a: Weavile
|-damage|p2a: Weavile|60/100
|move|p2a: Weavile|Knock Off|p1a: Gengar
|-supereffective|p1a: Gengar
|-damage|p1a: Gengar|0 fnt
|-enditem|p1a: Gengar|Choice Specs|[from] move: Knock Off|[of] p2a: Weavile
|faint|p1a: Gengar
|
|upkeep
|
|t:|1659247452
|switch|p1a: Heatran|Heatran, F|100/100
|turn|15
|
|t:|1659247455
|switch|p2a: Zapdos|Zapdos|100/100
|move|p1a: Heatran|Magma Storm|p2a: Zapdos
|-damage|p2a: Zapdos|60/100
|-activate|p2a: Zapdos|move: Magma Storm|[of] p1a: Heatran
|
|-damage|p2a: Zapdos|48/100|[from] move: Magma Storm|[partiallytrapped]
|upkeep
|turn|16
|
|t:|1659247462
|move|p2a: Zapdos|Discharge|p1a: Heatran
|-damage|p1a: Heatran|78/100
|move|p1a: Heatran|Magma Storm|p2a: Zapdos
|-damage|p2a: Zapdos|5/100
|
|-heal|p1a: Heatran|84/100|[from] item: Leftovers
|-damage|p2a: Zapdos|0 fnt|[from] move: Magma Storm|[partiallytrapped]
|faint|p2a: Zapdos
|-fieldend|move: Psychic Terrain
|upkeep
|
|t:|1659247467
|switch|p2a: Weavile|Weavile, M|60/100
|-ability|p2a: Weavile|Pressure
|turn|17
|
|t:|1659247471
|move|p2a: Weavile|Swords Dance|p2a: Weavile
|-boost|p2a: Weavile|atk|2
|move|p1a: Heatran|Magma Storm|p2a: Weavile|[miss]
|-miss|p1a: Heatran|p2a: Weavile
|
|-heal|p1a: Heatran|90/100|[from] item: Leftovers
|upkeep
|turn|18
|
|t:|1659247477
|switch|p1a: Landorus|Landorus-Therian, M|100/100
|-ability|p1a: Landorus|Intimidate|boost
|-unboost|p2a: Weavile|atk|1
|move|p2a: Weavile|Knock Off|p1a: Landorus
|-damage|p1a: Landorus|4/100
|-enditem|p1a: Landorus|Choice Scarf|[from] move: Knock Off|[of] p2a: Weavile
|
|upkeep
|turn|19
|
|t:|1659247483
|move|p2a: Weavile|Knock Off|p1a: Landorus
|-damage|p1a: Landorus|0 fnt
|faint|p1a: Landorus
|
|upkeep
|
|t:|1659247487
|switch|p1a: Heatran|Heatran, F|90/100
|turn|20
|
|t:|1659247491
|move|p2a: Weavile|Swords Dance|p2a: Weavile
|-boost|p2a: Weavile|atk|2
|move|p1a: Heatran|Magma Storm|p2a: Weavile
|-supereffective|p2a: Weavile
|-damage|p2a: Weavile|0 fnt
|faint|p2a: Weavile
|
|-heal|p1a: Heatran|96/100|[from] item: Leftovers
|upkeep
|-message|LT91BB Harshal forfeited.
|
|win|OUT Kazt
|raw|OUT Kazt's rating: 1737 &rarr; <strong>1761</strong><br />(+24 for winning)
|raw|LT91BB Harshal's rating: 1804 &rarr; <strong>1780</strong><br />(-24 for losing)
|l|☆LT91BB Harshal
