|j|☆DittoTang
|j|‽not mb
|t:|1620974048
|gametype|singles
|player|p1|DittoTang|169|1602
|player|p2|not mb|harlequin|1723
|teamsize|p1|6
|teamsize|p2|6
|gen|8
|tier|[Gen 8] OU
|rated|
|rule|Sleep Clause Mod: Limit one foe put to sleep
|rule|Species Clause: Limit one of each Pokémon
|rule|OHKO Clause: OHKO moves are banned
|rule|Evasion Moves Clause: Evasion moves are banned
|rule|Endless Battle Clause: Forcing endless battles is banned
|rule|HP Percentage Mod: HP is shown in percentages
|rule|Dynamax Clause: You cannot dynamax
|clearpoke
|poke|p1|Corviknight, M|
|poke|p1|Slowking-Galar, F|
|poke|p1|Chansey, F|
|poke|p1|Clefable, F|
|poke|p1|Toxapex, F|
|poke|p1|Quagsire, F|
|poke|p2|Scizor, F|
|poke|p2|Gastrodon-East, M|
|poke|p2|Zapdos|
|poke|p2|Landorus-Therian, M|
|poke|p2|Dragapult, M|
|poke|p2|Tapu Lele|
|teampreview
|inactive|Battle timer is ON: inactive players will automatically lose when time's up. (requested by DittoTang)
|
|t:|1620974073
|start
|switch|p1a: Toxapex|Toxapex, F|100/100
|switch|p2a: Scizor|Scizor, F|100/100
|turn|1
|j| JigneshThakur
|
|t:|1620974082
|move|p2a: Scizor|U-turn|p1a: Toxapex
|-resisted|p1a: Toxapex
|-damage|p1a: Toxapex|92/100
|
|t:|1620974084
|switch|p2a: Gastrodon|Gastrodon-East, M|100/100|[from]move: U-turn
|move|p1a: Toxapex|Knock Off|p2a: Gastrodon
|-damage|p2a: Gastrodon|84/100
|-enditem|p2a: Gastrodon|Heavy-Duty Boots|[from] move: Knock Off|[of] p1a: Toxapex
|
|upkeep
|turn|2
|
|t:|1620974096
|switch|p1a: Chansey|Chansey, F|100/100
|move|p2a: Gastrodon|Scald|p1a: Chansey
|-damage|p1a: Chansey|93/100
|
|upkeep
|turn|3
|
|t:|1620974103
|switch|p2a: Scizor|Scizor, F|100/100
|move|p1a: Chansey|Stealth Rock|p2a: Scizor
|-sidestart|p2: not mb|move: Stealth Rock
|
|upkeep
|turn|4
|
|t:|1620974110
|switch|p1a: Toxapex|Toxapex, F|100/100
|move|p2a: Scizor|Knock Off|p1a: Toxapex
|-damage|p1a: Toxapex|84/100
|-enditem|p1a: Toxapex|Shed Shell|[from] move: Knock Off|[of] p2a: Scizor
|
|upkeep
|turn|5
|
|t:|1620974120
|move|p2a: Scizor|U-turn|p1a: Toxapex
|-resisted|p1a: Toxapex
|-damage|p1a: Toxapex|75/100
|
|t:|1620974123
|switch|p2a: Gastrodon|Gastrodon-East, M|84/100|[from]move: U-turn
|-damage|p2a: Gastrodon|77/100|[from] Stealth Rock
|move|p1a: Toxapex|Pain Split|p2a: Gastrodon
|-sethp|p2a: Gastrodon|66/100|[from] move: Pain Split|[silent]
|-sethp|p1a: Toxapex|92/100|[from] move: Pain Split
|
|upkeep
|turn|6
|
|t:|1620974135
|switch|p1a: Slowking|Slowking-Galar, F|100/100
|move|p2a: Gastrodon|Recover|p2a: Gastrodon
|-heal|p2a: Gastrodon|100/100
|
|upkeep
|turn|7
|
|t:|1620974142
|move|p2a: Gastrodon|Earthquake|p1a: Slowking
|-supereffective|p1a: Slowking
|-damage|p1a: Slowking|31/100
|move|p1a: Slowking|Trick|p2a: Gastrodon
|-activate|p1a: Slowking|move: Trick|[of] p2a: Gastrodon
|-item|p2a: Gastrodon|Choice Specs|[from] move: Trick
|-enditem|p1a: Slowking|Choice Specs|[silent]|[from] move: Trick
|
|upkeep
|turn|8
|
|t:|1620974150
|switch|p2a: Landorus|Landorus-Therian, M|100/100
|-damage|p2a: Landorus|88/100|[from] Stealth Rock
|-ability|p2a: Landorus|Intimidate|boost
|-unboost|p1a: Slowking|atk|1
|switch|p1a: Chansey|Chansey, F|93/100
|
|-heal|p2a: Landorus|94/100|[from] item: Leftovers
|upkeep
|turn|9
|
|t:|1620974154
|switch|p1a: Corviknight|Corviknight, M|100/100
|-ability|p1a: Corviknight|Pressure
|move|p2a: Landorus|Stealth Rock|p1a: Corviknight
|-sidestart|p1: DittoTang|move: Stealth Rock
|
|-heal|p2a: Landorus|99/100|[from] item: Leftovers
|upkeep
|turn|10
|
|t:|1620974168
|move|p2a: Landorus|U-turn|p1a: Corviknight
|-resisted|p1a: Corviknight
|-damage|p1a: Corviknight|97/100
|-damage|p2a: Landorus|84/100|[from] item: Rocky Helmet|[of] p1a: Corviknight
|
|t:|1620974171
|switch|p2a: Scizor|Scizor, F|100/100|[from]move: U-turn
|move|p1a: Corviknight|Defog|p2a: Scizor
|-unboost|p2a: Scizor|evasion|1
|-sideend|p2: not mb|Stealth Rock|[from] move: Defog|[of] p1a: Corviknight
|-sideend|p1: DittoTang|Stealth Rock|[from] move: Defog|[of] p1a: Corviknight
|
|upkeep
|turn|11
|
|t:|1620974181
|switch|p1a: Toxapex|Toxapex, F|100/100
|move|p2a: Scizor|U-turn|p1a: Toxapex
|-resisted|p1a: Toxapex
|-damage|p1a: Toxapex|92/100
|
|t:|1620974184
|switch|p2a: Tapu Lele|Tapu Lele|100/100|[from]move: U-turn
|-fieldstart|move: Psychic Terrain|[from] ability: Psychic Surge|[of] p2a: Tapu Lele
|
|upkeep
|turn|12
|
|t:|1620974190
|move|p1a: Toxapex|Baneful Bunker|p1a: Toxapex
|-singleturn|p1a: Toxapex|move: Protect
|move|p2a: Tapu Lele|Psyshock|p1a: Toxapex
|-activate|p1a: Toxapex|move: Protect
|
|upkeep
|turn|13
|
|t:|1620974201
|switch|p1a: Quagsire|Quagsire, F|100/100
|move|p2a: Tapu Lele|Psyshock|p1a: Quagsire
|-damage|p1a: Quagsire|44/100
|
|-heal|p1a: Quagsire|50/100|[from] item: Leftovers
|upkeep
|turn|14
|
|t:|1620974211
|switch|p1a: Clefable|Clefable, F|100/100
|move|p2a: Tapu Lele|Psyshock|p1a: Clefable
|-damage|p1a: Clefable|36/100
|
|-heal|p1a: Clefable|42/100|[from] item: Leftovers
|upkeep
|turn|15
|
|t:|1620974222
|switch|p2a: Scizor|Scizor, F|100/100
|switch|p1a: Chansey|Chansey, F|93/100
|
|-fieldend|move: Psychic Terrain
|upkeep
|turn|16
|
|t:|1620974236
|switch|p1a: Toxapex|Toxapex, F|100/100
|move|p2a: Scizor|Knock Off|p1a: Toxapex
|-damage|p1a: Toxapex|89/100
|
|upkeep
|turn|17
|
|t:|1620974247
|move|p2a: Scizor|U-turn|p1a: Toxapex
|-resisted|p1a: Toxapex
|-damage|p1a: Toxapex|79/100
|
|t:|1620974252
|switch|p2a: Landorus|Landorus-Therian, M|84/100|[from]move: U-turn
|-ability|p2a: Landorus|Intimidate|boost
|-unboost|p1a: Toxapex|atk|1
|move|p1a: Toxapex|Pain Split|p2a: Landorus
|-sethp|p2a: Landorus|74/100|[from] move: Pain Split|[silent]
|-sethp|p1a: Toxapex|92/100|[from] move: Pain Split
|
|-heal|p2a: Landorus|80/100|[from] item: Leftovers
|upkeep
|turn|18
|
|t:|1620974262
|switch|p1a: Corviknight|Corviknight, M|97/100
|-ability|p1a: Corviknight|Pressure
|move|p2a: Landorus|Stealth Rock|p1a: Corviknight
|-sidestart|p1: DittoTang|move: Stealth Rock
|
|-heal|p2a: Landorus|86/100|[from] item: Leftovers
|upkeep
|turn|19
|
|t:|1620974267
|switch|p2a: Scizor|Scizor, F|100/100
|move|p1a: Corviknight|Defog|p2a: Scizor
|-unboost|p2a: Scizor|evasion|1
|-sideend|p1: DittoTang|Stealth Rock|[from] move: Defog|[of] p1a: Corviknight
|
|upkeep
|turn|20
|
|t:|1620974277
|switch|p1a: Quagsire|Quagsire, F|50/100
|move|p2a: Scizor|Knock Off|p1a: Quagsire
|-damage|p1a: Quagsire|29/100
|-enditem|p1a: Quagsire|Leftovers|[from] move: Knock Off|[of] p2a: Scizor
|
|upkeep
|turn|21
|
|t:|1620974283
|move|p2a: Scizor|U-turn|p1a: Quagsire
|-damage|p1a: Quagsire|8/100
|
|t:|1620974286
|switch|p2a: Tapu Lele|Tapu Lele|100/100|[from]move: U-turn
|-fieldstart|move: Psychic Terrain|[from] ability: Psychic Surge|[of] p2a: Tapu Lele
|move|p1a: Quagsire|Recover|p1a: Quagsire
|-heal|p1a: Quagsire|58/100
|
|upkeep
|turn|22
|
|t:|1620974298
|switch|p1a: Corviknight|Corviknight, M|97/100
|-ability|p1a: Corviknight|Pressure
|move|p2a: Tapu Lele|Psyshock|p1a: Corviknight
|-resisted|p1a: Corviknight
|-damage|p1a: Corviknight|75/100
|
|upkeep
|turn|23
|
|t:|1620974308
|move|p2a: Tapu Lele|Psyshock|p1a: Corviknight
|-resisted|p1a: Corviknight
|-damage|p1a: Corviknight|52/100
|move|p1a: Corviknight|Roost|p1a: Corviknight
|-heal|p1a: Corviknight|100/100
|-singleturn|p1a: Corviknight|move: Roost
|
|upkeep
|turn|24
|
|t:|1620974316
|switch|p2a: Landorus|Landorus-Therian, M|86/100
|-ability|p2a: Landorus|Intimidate|boost
|-unboost|p1a: Corviknight|atk|1
|move|p1a: Corviknight|Body Press|p2a: Landorus
|-resisted|p2a: Landorus
|-damage|p2a: Landorus|77/100
|
|-heal|p2a: Landorus|83/100|[from] item: Leftovers
|upkeep
|turn|25
|
|t:|1620974325
|move|p2a: Landorus|Stealth Rock|p1a: Corviknight
|-sidestart|p1: DittoTang|move: Stealth Rock
|move|p1a: Corviknight|Defog|p2a: Landorus
|-unboost|p2a: Landorus|evasion|1
|-sideend|p1: DittoTang|Stealth Rock|[from] move: Defog|[of] p1a: Corviknight
|-fieldend|move: Psychic Terrain
|
|-heal|p2a: Landorus|89/100|[from] item: Leftovers
|upkeep
|turn|26
|
|t:|1620974335
|move|p2a: Landorus|Stealth Rock|p1a: Corviknight
|-sidestart|p1: DittoTang|move: Stealth Rock
|move|p1a: Corviknight|Iron Defense|p1a: Corviknight
|-boost|p1a: Corviknight|def|2
|
|-heal|p2a: Landorus|95/100|[from] item: Leftovers
|upkeep
|turn|27
|
|t:|1620974347
|switch|p2a: Dragapult|Dragapult, M|100/100
|move|p1a: Corviknight|Defog|p2a: Dragapult
|-unboost|p2a: Dragapult|evasion|1
|-sideend|p1: DittoTang|Stealth Rock|[from] move: Defog|[of] p1a: Corviknight
|
|upkeep
|turn|28
|
|t:|1620974355
|switch|p1a: Chansey|Chansey, F|93/100
|move|p2a: Dragapult|U-turn|p1a: Chansey
|-damage|p1a: Chansey|83/100
|
|t:|1620974362
|switch|p2a: Scizor|Scizor, F|100/100|[from]move: U-turn
|
|upkeep
|turn|29
|
|t:|1620974366
|switch|p1a: Toxapex|Toxapex, F|100/100
|move|p2a: Scizor|U-turn|p1a: Toxapex
|-resisted|p1a: Toxapex
|-crit|p1a: Toxapex
|-damage|p1a: Toxapex|87/100
|
|t:|1620974372
|switch|p2a: Tapu Lele|Tapu Lele|100/100|[from]move: U-turn
|-fieldstart|move: Psychic Terrain|[from] ability: Psychic Surge|[of] p2a: Tapu Lele
|
|upkeep
|turn|30
|
|t:|1620974378
|move|p1a: Toxapex|Baneful Bunker|p1a: Toxapex
|-singleturn|p1a: Toxapex|move: Protect
|move|p2a: Tapu Lele|Psychic|p1a: Toxapex
|-activate|p1a: Toxapex|move: Protect
|
|upkeep
|turn|31
|
|t:|1620974386
|switch|p1a: Chansey|Chansey, F|83/100
|move|p2a: Tapu Lele|Psychic|p1a: Chansey
|-damage|p1a: Chansey|53/100
|
|upkeep
|turn|32
|
|t:|1620974392
|switch|p2a: Scizor|Scizor, F|100/100
|move|p1a: Chansey|Soft-Boiled|p1a: Chansey
|-heal|p1a: Chansey|100/100
|
|upkeep
|turn|33
|
|t:|1620974400
|switch|p1a: Toxapex|Toxapex, F|100/100
|move|p2a: Scizor|Knock Off|p1a: Toxapex
|-damage|p1a: Toxapex|89/100
|
|-fieldend|move: Psychic Terrain
|upkeep
|turn|34
|
|t:|1620974411
|move|p2a: Scizor|Knock Off|p1a: Toxapex
|-damage|p1a: Toxapex|77/100
|move|p1a: Toxapex|Pain Split|p2a: Scizor
|-sethp|p2a: Scizor|84/100|[from] move: Pain Split|[silent]
|-sethp|p1a: Toxapex|95/100|[from] move: Pain Split
|
|upkeep
|turn|35
|
|t:|1620974423
|move|p2a: Scizor|U-turn|p1a: Toxapex
|-resisted|p1a: Toxapex
|-damage|p1a: Toxapex|86/100
|
|t:|1620974425
|switch|p2a: Zapdos|Zapdos|100/100|[from]move: U-turn
|move|p1a: Toxapex|Scald|p2a: Zapdos
|-damage|p2a: Zapdos|85/100
|
|upkeep
|turn|36
|
|t:|1620974439
|move|p2a: Zapdos|Heat Wave|p1a: Toxapex
|-resisted|p1a: Toxapex
|-damage|p1a: Toxapex|74/100
|move|p1a: Toxapex|Knock Off|p2a: Zapdos
|-damage|p2a: Zapdos|73/100
|-enditem|p2a: Zapdos|Heavy-Duty Boots|[from] move: Knock Off|[of] p1a: Toxapex
|
|upkeep
|turn|37
|
|t:|1620974447
|switch|p1a: Chansey|Chansey, F|100/100
|move|p2a: Zapdos|Roost|p2a: Zapdos
|-heal|p2a: Zapdos|100/100
|-singleturn|p2a: Zapdos|move: Roost
|
|upkeep
|turn|38
|
|t:|1620974452
|move|p2a: Zapdos|Volt Switch|p1a: Chansey
|-damage|p1a: Chansey|91/100
|
|t:|1620974455
|switch|p2a: Landorus|Landorus-Therian, M|95/100|[from]move: Volt Switch
|-ability|p2a: Landorus|Intimidate|boost
|-unboost|p1a: Chansey|atk|1
|move|p1a: Chansey|Stealth Rock|p2a: Landorus
|-sidestart|p2: not mb|move: Stealth Rock
|
|-heal|p2a: Landorus|100/100|[from] item: Leftovers
|upkeep
|turn|39
|
|t:|1620974463
|move|p2a: Landorus|Stealth Rock|p1a: Chansey
|-sidestart|p1: DittoTang|move: Stealth Rock
|move|p1a: Chansey|Toxic|p2a: Landorus
|-status|p2a: Landorus|tox
|
|-damage|p2a: Landorus|94/100 tox|[from] psn
|upkeep
|turn|40
|
|t:|1620974471
|switch|p1a: Corviknight|Corviknight, M|100/100
|-damage|p1a: Corviknight|88/100|[from] Stealth Rock
|-ability|p1a: Corviknight|Pressure
|move|p2a: Landorus|U-turn|p1a: Corviknight
|-resisted|p1a: Corviknight
|-damage|p1a: Corviknight|85/100
|-damage|p2a: Landorus|78/100 tox|[from] item: Rocky Helmet|[of] p1a: Corviknight
|
|t:|1620974475
|switch|p2a: Scizor|Scizor, F|84/100|[from]move: U-turn
|
|upkeep
|turn|41
|
|t:|1620974487
|switch|p1a: Toxapex|Toxapex, F|100/100
|-damage|p1a: Toxapex|88/100|[from] Stealth Rock
|move|p2a: Scizor|Knock Off|p1a: Toxapex
|-damage|p1a: Toxapex|76/100
|
|upkeep
|turn|42
|
|t:|1620974499
|move|p2a: Scizor|U-turn|p1a: Toxapex
|-resisted|p1a: Toxapex
|-damage|p1a: Toxapex|67/100
|
|t:|1620974502
|switch|p2a: Gastrodon|Gastrodon-East, M|100/100|[from]move: U-turn
|-damage|p2a: Gastrodon|94/100|[from] Stealth Rock
|move|p1a: Toxapex|Pain Split|p2a: Gastrodon
|-sethp|p2a: Gastrodon|71/100|[from] move: Pain Split|[silent]
|-sethp|p1a: Toxapex|99/100|[from] move: Pain Split
|
|upkeep
|turn|43
|
|t:|1620974514
|switch|p1a: Chansey|Chansey, F|91/100
|-damage|p1a: Chansey|78/100|[from] Stealth Rock
|move|p2a: Gastrodon|Scald|p1a: Chansey
|-damage|p1a: Chansey|66/100
|
|upkeep
|turn|44
|
|t:|1620974524
|switch|p2a: Scizor|Scizor, F|84/100
|move|p1a: Chansey|Soft-Boiled|p1a: Chansey
|-heal|p1a: Chansey|100/100
|
|upkeep
|turn|45
|
|t:|1620974533
|switch|p1a: Toxapex|Toxapex, F|100/100
|-damage|p1a: Toxapex|88/100|[from] Stealth Rock
|move|p2a: Scizor|U-turn|p1a: Toxapex
|-resisted|p1a: Toxapex
|-damage|p1a: Toxapex|78/100
|
|t:|1620974536
|switch|p2a: Tapu Lele|Tapu Lele|100/100|[from]move: U-turn
|-damage|p2a: Tapu Lele|88/100|[from] Stealth Rock
|-fieldstart|move: Psychic Terrain|[from] ability: Psychic Surge|[of] p2a: Tapu Lele
|
|upkeep
|turn|46
|
|t:|1620974544
|move|p1a: Toxapex|Baneful Bunker|p1a: Toxapex
|-singleturn|p1a: Toxapex|move: Protect
|move|p2a: Tapu Lele|Psyshock|p1a: Toxapex
|-activate|p1a: Toxapex|move: Protect
|
|upkeep
|turn|47
|
|t:|1620974554
|switch|p2a: Dragapult|Dragapult, M|100/100
|-damage|p2a: Dragapult|88/100|[from] Stealth Rock
|switch|p1a: Corviknight|Corviknight, M|85/100
|-damage|p1a: Corviknight|72/100|[from] Stealth Rock
|-ability|p1a: Corviknight|Pressure
|
|upkeep
|turn|48
|
|t:|1620974562
|switch|p1a: Chansey|Chansey, F|100/100
|-damage|p1a: Chansey|88/100|[from] Stealth Rock
|move|p2a: Dragapult|Thunderbolt|p1a: Chansey
|-damage|p1a: Chansey|77/100
|
|upkeep
|turn|49
|
|t:|1620974577
|switch|p2a: Scizor|Scizor, F|84/100
|move|p1a: Chansey|Seismic Toss|p2a: Scizor
|-damage|p2a: Scizor|55/100
|
|-fieldend|move: Psychic Terrain
|upkeep
|turn|50
|
|t:|1620974586
|switch|p1a: Toxapex|Toxapex, F|100/100
|-damage|p1a: Toxapex|88/100|[from] Stealth Rock
|move|p2a: Scizor|U-turn|p1a: Toxapex
|-resisted|p1a: Toxapex
|-damage|p1a: Toxapex|78/100
|
|t:|1620974588
|switch|p2a: Tapu Lele|Tapu Lele|88/100|[from]move: U-turn
|-damage|p2a: Tapu Lele|76/100|[from] Stealth Rock
|-fieldstart|move: Psychic Terrain|[from] ability: Psychic Surge|[of] p2a: Tapu Lele
|
|upkeep
|turn|51
|
|t:|1620974604
|move|p1a: Toxapex|Baneful Bunker|p1a: Toxapex
|-singleturn|p1a: Toxapex|move: Protect
|move|p2a: Tapu Lele|Psychic|p1a: Toxapex
|-activate|p1a: Toxapex|move: Protect
|
|upkeep
|turn|52
|j| pineapple play
|
|t:|1620974616
|switch|p2a: Scizor|Scizor, F|55/100
|switch|p1a: Chansey|Chansey, F|77/100
|-damage|p1a: Chansey|64/100|[from] Stealth Rock
|
|upkeep
|turn|53
|
|t:|1620974621
|move|p2a: Scizor|Knock Off|p1a: Chansey
|-damage|p1a: Chansey|45/100
|-enditem|p1a: Chansey|Eviolite|[from] move: Knock Off|[of] p2a: Scizor
|move|p1a: Chansey|Soft-Boiled|p1a: Chansey
|-heal|p1a: Chansey|95/100
|
|upkeep
|turn|54
|
|t:|1620974631
|move|p2a: Scizor|Roost|p2a: Scizor
|-heal|p2a: Scizor|100/100
|-singleturn|p2a: Scizor|move: Roost
|move|p1a: Chansey|Toxic|p2a: Scizor
|-immune|p2a: Scizor
|
|-fieldend|move: Psychic Terrain
|upkeep
|turn|55
|
|t:|1620974638
|move|p2a: Scizor|Bullet Punch|p1a: Chansey
|-damage|p1a: Chansey|70/100
|move|p1a: Chansey|Toxic|p2a: Scizor
|-immune|p2a: Scizor
|
|upkeep
|turn|56
|
|t:|1620974643
|move|p2a: Scizor|Bullet Punch|p1a: Chansey
|-damage|p1a: Chansey|43/100
|move|p1a: Chansey|Soft-Boiled|p1a: Chansey
|-heal|p1a: Chansey|93/100
|
|upkeep
|turn|57
|
|t:|1620974656
|move|p2a: Scizor|Bullet Punch|p1a: Chansey
|-damage|p1a: Chansey|67/100
|move|p1a: Chansey|Toxic|p2a: Scizor
|-immune|p2a: Scizor
|
|upkeep
|turn|58
|
|t:|1620974661
|move|p2a: Scizor|Bullet Punch|p1a: Chansey
|-damage|p1a: Chansey|44/100
|move|p1a: Chansey|Soft-Boiled|p1a: Chansey
|-heal|p1a: Chansey|94/100
|
|upkeep
|turn|59
|
|t:|1620974669
|switch|p1a: Corviknight|Corviknight, M|72/100
|-damage|p1a: Corviknight|60/100|[from] Stealth Rock
|-ability|p1a: Corviknight|Pressure
|move|p2a: Scizor|U-turn|p1a: Corviknight
|-resisted|p1a: Corviknight
|-damage|p1a: Corviknight|56/100
|-damage|p2a: Scizor|84/100|[from] item: Rocky Helmet|[of] p1a: Corviknight
|
|t:|1620974673
|switch|p2a: Dragapult|Dragapult, M|88/100|[from]move: U-turn
|-damage|p2a: Dragapult|76/100|[from] Stealth Rock
|
|upkeep
|turn|60
|
|t:|1620974680
|move|p2a: Dragapult|Thunderbolt|p1a: Corviknight
|-supereffective|p1a: Corviknight
|-damage|p1a: Corviknight|0 fnt
|faint|p1a: Corviknight
|
|upkeep
|-message|DittoTang forfeited.
|
|win|not mb
|raw|DittoTang's rating: 1602 &rarr; <strong>1589</strong><br />(-13 for losing)
|raw|not mb's rating: 1723 &rarr; <strong>1736</strong><br />(+13 for winning)
|l|☆DittoTang
