|j|☆Emblema de Fuego
|j|☆64j3t3hrt3h
|t:|1663721002
|gametype|singles
|player|p1|Emblema de Fuego|blue|1762
|player|p2|64j3t3hrt3h|1|1827
|teamsize|p1|6
|teamsize|p2|6
|gen|8
|tier|[Gen 8] OU
|rated|
|rule|Sleep Clause Mod: Limit one foe put to sleep
|rule|Species Clause: Limit one of each Pokémon
|rule|OHKO Clause: OHKO moves are banned
|rule|Evasion Items Clause: Evasion items are banned
|rule|Evasion Moves Clause: Evasion moves are banned
|rule|Endless Battle Clause: Forcing endless battles is banned
|rule|HP Percentage Mod: HP is shown in percentages
|rule|Dynamax Clause: You cannot dynamax
|clearpoke
|poke|p1|Slowbro, M|
|poke|p1|Hatterene, F|
|poke|p1|Marowak-Alola, M|
|poke|p1|Ferrothorn, M|
|poke|p1|Garchomp, F|
|poke|p1|Drampa, M|
|poke|p2|Buzzwole|
|poke|p2|Landorus-Therian, M|
|poke|p2|Magnezone|
|poke|p2|Tyranitar, F|
|poke|p2|Tapu Lele|
|poke|p2|Toxapex, F|
|teampreview
|j| Chiefsss
|
|t:|1663721033
|start
|switch|p1a: Sonso|Slowbro, M|100/100
|switch|p2a: Tapu Lele|Tapu Lele, shiny|100/100
|-fieldstart|move: Psychic Terrain|[from] ability: Psychic Surge|[of] p2a: Tapu Lele
|turn|1
|
|t:|1663721039
|switch|p1a: Thorns|Ferrothorn, M|100/100
|move|p2a: Tapu Lele|Shadow Ball|p1a: Thorns
|-damage|p1a: Thorns|74/100
|
|upkeep
|turn|2
|
|t:|1663721045
|switch|p2a: Magnezone|Magnezone|100/100
|move|p1a: Thorns|Leech Seed|p2a: Magnezone
|-start|p2a: Magnezone|move: Leech Seed
|
|-damage|p2a: Magnezone|88/100|[from] Leech Seed|[of] p1a: Thorns
|-heal|p1a: Thorns|85/100|[silent]
|upkeep
|turn|3
|l| Chiefsss
|
|t:|1663721052
|move|p2a: Magnezone|Iron Defense|p2a: Magnezone
|-boost|p2a: Magnezone|def|2
|move|p1a: Thorns|Power Whip|p2a: Magnezone
|-resisted|p2a: Magnezone
|-damage|p2a: Magnezone|81/100
|
|-heal|p2a: Magnezone|87/100|[from] item: Leftovers
|-damage|p2a: Magnezone|74/100|[from] Leech Seed|[of] p1a: Thorns
|-heal|p1a: Thorns|96/100|[silent]
|upkeep
|turn|4
|
|t:|1663721065
|move|p2a: Magnezone|Iron Defense|p2a: Magnezone
|-boost|p2a: Magnezone|def|2
|move|p1a: Thorns|Stealth Rock|p2a: Magnezone
|-sidestart|p2: 64j3t3hrt3h|move: Stealth Rock
|
|-heal|p2a: Magnezone|81/100|[from] item: Leftovers
|-damage|p2a: Magnezone|68/100|[from] Leech Seed|[of] p1a: Thorns
|-heal|p1a: Thorns|100/100|[silent]
|upkeep
|turn|5
|j| blackdarkness00
|l| blackdarkness00
|
|t:|1663721082
|switch|p1a: Billy B.|Marowak-Alola, M|100/100
|move|p2a: Magnezone|Iron Defense|p2a: Magnezone
|-boost|p2a: Magnezone|def|2
|
|-heal|p2a: Magnezone|74/100|[from] item: Leftovers
|-damage|p2a: Magnezone|62/100|[from] Leech Seed|[of] p1a: Billy B.
|-fieldend|move: Psychic Terrain
|upkeep
|turn|6
|
|t:|1663721097
|switch|p2a: Toxapex|Toxapex, F|100/100
|-damage|p2a: Toxapex|88/100|[from] Stealth Rock
|move|p1a: Billy B.|Flare Blitz|p2a: Toxapex
|-resisted|p2a: Toxapex
|-damage|p2a: Toxapex|57/100
|-damage|p1a: Billy B.|84/100|[from] item: Rocky Helmet|[of] p2a: Toxapex
|
|upkeep
|turn|7
|
|t:|1663721105
|switch|p2a: Landorus|Landorus-Therian, M|100/100
|-damage|p2a: Landorus|88/100|[from] Stealth Rock
|-ability|p2a: Landorus|Intimidate|boost
|-unboost|p1a: Billy B.|atk|1
|move|p1a: Billy B.|Poltergeist|p2a: Landorus
|-activate|p2a: Landorus|move: Poltergeist|Leftovers
|-damage|p2a: Landorus|32/100
|
|-heal|p2a: Landorus|38/100|[from] item: Leftovers
|upkeep
|turn|8
|
|t:|1663721116
|switch|p1a: Sonso|Slowbro, M|100/100
|move|p2a: Landorus|Knock Off|p1a: Sonso
|-supereffective|p1a: Sonso
|-enditem|p1a: Sonso|Colbur Berry|[eat]
|-enditem|p1a: Sonso|Colbur Berry|[weaken]
|-damage|p1a: Sonso|83/100
|
|-heal|p2a: Landorus|44/100|[from] item: Leftovers
|upkeep
|turn|9
|
|t:|1663721124
|move|p2a: Landorus|Defog|p1a: Sonso
|-unboost|p1a: Sonso|evasion|1
|-sideend|p2: 64j3t3hrt3h|Stealth Rock|[from] move: Defog|[of] p2a: Landorus
|move|p1a: Sonso|Scald|p2a: Landorus
|-supereffective|p2a: Landorus
|-damage|p2a: Landorus|1/100
|
|-heal|p2a: Landorus|7/100|[from] item: Leftovers
|upkeep
|turn|10
|
|t:|1663721132
|switch|p1a: Gorra|Hatterene, F|100/100
|move|p2a: Landorus|U-turn|p1a: Gorra
|-damage|p1a: Gorra|77/100
|
|t:|1663721135
|switch|p2a: Tapu Lele|Tapu Lele, shiny|100/100|[from]move: U-turn
|-fieldstart|move: Psychic Terrain|[from] ability: Psychic Surge|[of] p2a: Tapu Lele
|
|upkeep
|turn|11
|j| ISimpForKlara
|
|t:|1663721142
|switch|p1a: Thorns|Ferrothorn, M|100/100
|move|p2a: Tapu Lele|Shadow Ball|p1a: Thorns
|-damage|p1a: Thorns|73/100
|
|upkeep
|turn|12
|
|t:|1663721148
|switch|p2a: Buzzwole|Buzzwole|100/100
|move|p1a: Thorns|Stealth Rock|p2a: Buzzwole
|-sidestart|p2: 64j3t3hrt3h|move: Stealth Rock
|
|upkeep
|turn|13
|
|t:|1663721155
|move|p2a: Buzzwole|Earthquake|p1a: Thorns
|-damage|p1a: Thorns|43/100
|move|p1a: Thorns|Leech Seed|p2a: Buzzwole
|-start|p2a: Buzzwole|move: Leech Seed
|
|-damage|p2a: Buzzwole|88/100|[from] Leech Seed|[of] p1a: Thorns
|-heal|p1a: Thorns|55/100|[silent]
|upkeep
|turn|14
|
|t:|1663721163
|switch|p2a: Landorus|Landorus-Therian, M|7/100
|-damage|p2a: Landorus|0 fnt|[from] Stealth Rock
|faint|p2a: Landorus
|switch|p1a: Billy B.|Marowak-Alola, M|84/100
|
|-fieldend|move: Psychic Terrain
|upkeep
|
|t:|1663721171
|switch|p2a: Tapu Lele|Tapu Lele, shiny|100/100
|-damage|p2a: Tapu Lele|88/100|[from] Stealth Rock
|-fieldstart|move: Psychic Terrain|[from] ability: Psychic Surge|[of] p2a: Tapu Lele
|turn|15
|
|t:|1663721178
|switch|p1a: Thorns|Ferrothorn, M|55/100
|move|p2a: Tapu Lele|Psychic|p1a: Thorns
|-resisted|p1a: Thorns
|-damage|p1a: Thorns|21/100
|
|upkeep
|turn|16
|
|t:|1663721188
|move|p2a: Tapu Lele|Psychic|p1a: Thorns
|-resisted|p1a: Thorns
|-damage|p1a: Thorns|0 fnt
|faint|p1a: Thorns
|
|upkeep
|j| BabyPigsAreLaughin
|
|t:|1663721198
|switch|p1a: Sonso|Slowbro, M|100/100
|turn|17
|
|t:|1663721202
|switch|p2a: Magnezone|Magnezone|62/100
|-damage|p2a: Magnezone|56/100|[from] Stealth Rock
|move|p1a: Sonso|Scald|p2a: Magnezone
|-damage|p2a: Magnezone|22/100
|
|-heal|p2a: Magnezone|29/100|[from] item: Leftovers
|upkeep
|turn|18
|
|t:|1663721214
|switch|p1a: Sharpo|Garchomp, F|100/100
|move|p2a: Magnezone|Magnet Rise|p2a: Magnezone
|-start|p2a: Magnezone|Magnet Rise
|
|-heal|p2a: Magnezone|35/100|[from] item: Leftovers
|upkeep
|turn|19
|
|t:|1663721222
|switch|p1a: Billy B.|Marowak-Alola, M|84/100
|move|p2a: Magnezone|Iron Defense|p2a: Magnezone
|-boost|p2a: Magnezone|def|2
|
|-heal|p2a: Magnezone|41/100|[from] item: Leftovers
|-fieldend|move: Psychic Terrain
|upkeep
|turn|20
|
|t:|1663721229
|move|p2a: Magnezone|Thunderbolt|p1a: Billy B.
|-damage|p1a: Billy B.|24/100
|move|p1a: Billy B.|Flare Blitz|p2a: Magnezone
|-supereffective|p2a: Magnezone
|-damage|p2a: Magnezone|0 fnt
|faint|p2a: Magnezone
|
|upkeep
|
|t:|1663721234
|switch|p2a: Tapu Lele|Tapu Lele, shiny|88/100
|-damage|p2a: Tapu Lele|76/100|[from] Stealth Rock
|-fieldstart|move: Psychic Terrain|[from] ability: Psychic Surge|[of] p2a: Tapu Lele
|turn|21
|j| Goliathan
|
|t:|1663721252
|move|p2a: Tapu Lele|Moonblast|p1a: Billy B.
|-resisted|p1a: Billy B.
|-damage|p1a: Billy B.|0 fnt
|faint|p1a: Billy B.
|
|upkeep
|
|t:|1663721257
|switch|p1a: Sharpo|Garchomp, F|100/100
|turn|22
|
|t:|1663721260
|move|p1a: Sharpo|Earthquake|p2a: Tapu Lele
|-damage|p2a: Tapu Lele|0 fnt
|faint|p2a: Tapu Lele
|
|upkeep
|
|t:|1663721262
|switch|p2a: Buzzwole|Buzzwole|88/100
|-damage|p2a: Buzzwole|76/100|[from] Stealth Rock
|turn|23
|
|t:|1663721268
|switch|p1a: Sonso|Slowbro, M|100/100
|move|p2a: Buzzwole|Ice Punch|p1a: Sonso
|-resisted|p1a: Sonso
|-damage|p1a: Sonso|93/100
|-status|p1a: Sonso|frz
|
|upkeep
|turn|24
|
|t:|1663721275
|switch|p2a: Tyranitar|Tyranitar, F|100/100
|-damage|p2a: Tyranitar|88/100|[from] Stealth Rock
|-weather|Sandstorm|[from] ability: Sand Stream|[of] p2a: Tyranitar
|-curestatus|p1a: Sonso|frz|[from] move: Scald
|move|p1a: Sonso|Scald|p2a: Tyranitar
|-supereffective|p2a: Tyranitar
|-damage|p2a: Tyranitar|67/100
|-status|p2a: Tyranitar|brn
|
|-weather|Sandstorm|[upkeep]
|-damage|p1a: Sonso|87/100|[from] Sandstorm
|-heal|p2a: Tyranitar|74/100 brn|[from] item: Leftovers
|-damage|p2a: Tyranitar|67/100 brn|[from] brn
|upkeep
|turn|25
|
|t:|1663721289
|move|p2a: Tyranitar|Stealth Rock|p1a: Sonso
|-sidestart|p1: Emblema de Fuego|move: Stealth Rock
|move|p1a: Sonso|Body Press|p2a: Tyranitar
|-supereffective|p2a: Tyranitar
|-damage|p2a: Tyranitar|0 fnt
|faint|p2a: Tyranitar
|
|-weather|Sandstorm|[upkeep]
|-damage|p1a: Sonso|80/100|[from] Sandstorm
|-fieldend|move: Psychic Terrain
|upkeep
|
|t:|1663721292
|switch|p2a: Buzzwole|Buzzwole|76/100
|-damage|p2a: Buzzwole|63/100|[from] Stealth Rock
|turn|26
|
|t:|1663721300
|move|p2a: Buzzwole|Leech Life|p1a: Sonso
|-supereffective|p1a: Sonso
|-damage|p1a: Sonso|31/100
|-heal|p2a: Buzzwole|91/100|[from] drain|[of] p1a: Sonso
|move|p1a: Sonso|Slack Off|p1a: Sonso
|-heal|p1a: Sonso|81/100
|
|-weather|Sandstorm|[upkeep]
|-damage|p2a: Buzzwole|84/100|[from] Sandstorm
|-damage|p1a: Sonso|75/100|[from] Sandstorm
|upkeep
|turn|27
|
|t:|1663721315
|move|p2a: Buzzwole|Leech Life|p1a: Sonso
|-supereffective|p1a: Sonso
|-damage|p1a: Sonso|24/100
|-heal|p2a: Buzzwole|100/100|[from] drain|[of] p1a: Sonso
|move|p1a: Sonso|Trick Room|p1a: Sonso
|-fieldstart|move: Trick Room|[of] p1a: Sonso
|
|-weather|Sandstorm|[upkeep]
|-damage|p1a: Sonso|18/100|[from] Sandstorm
|-damage|p2a: Buzzwole|94/100|[from] Sandstorm
|upkeep
|turn|28
|c| BabyPigsAreLaughin|It's over.
|
|t:|1663721323
|move|p1a: Sonso|Scald|p2a: Buzzwole
|-damage|p2a: Buzzwole|53/100
|move|p2a: Buzzwole|Leech Life|p1a: Sonso
|-supereffective|p1a: Sonso
|-damage|p1a: Sonso|0 fnt
|-heal|p2a: Buzzwole|62/100|[from] drain|[of] p1a: Sonso
|faint|p1a: Sonso
|-ability|p2a: Buzzwole|Beast Boost|boost
|-boost|p2a: Buzzwole|atk|1
|
|-weather|none
|upkeep
|
|t:|1663721340
|switch|p1a: Gorra|Hatterene, F|77/100
|-damage|p1a: Gorra|65/100|[from] Stealth Rock
|turn|29
|
|t:|1663721346
|switch|p2a: Toxapex|Toxapex, F|91/100
|-damage|p2a: Toxapex|78/100|[from] Stealth Rock
|move|p1a: Gorra|Mystical Fire|p2a: Toxapex
|-resisted|p2a: Toxapex
|-damage|p2a: Toxapex|69/100
|-unboost|p2a: Toxapex|spa|1
|
|upkeep
|turn|30
|c|☆64j3t3hrt3h|ye gg
|j| Tears of Necklace
|
|t:|1663721358
|switch|p1a: Falko|Drampa, M|100/100
|-damage|p1a: Falko|88/100|[from] Stealth Rock
|move|p2a: Toxapex|Recover|p2a: Toxapex
|-heal|p2a: Toxapex|100/100
|
|upkeep
|turn|31
|j| 6df
|
|t:|1663721365
|move|p1a: Falko|Thunderbolt|p2a: Toxapex
|-supereffective|p2a: Toxapex
|-damage|p2a: Toxapex|29/100
|move|p2a: Toxapex|Toxic|p1a: Falko
|-status|p1a: Falko|tox
|
|-damage|p1a: Falko|82/100 tox|[from] psn
|-fieldend|move: Trick Room
|upkeep
|turn|32
|
|t:|1663721374
|move|p2a: Toxapex|Recover|p2a: Toxapex
|-heal|p2a: Toxapex|79/100
|move|p1a: Falko|Thunderbolt|p2a: Toxapex
|-supereffective|p2a: Toxapex
|-damage|p2a: Toxapex|11/100
|
|-damage|p1a: Falko|70/100 tox|[from] psn
|upkeep
|turn|33
|
|t:|1663721392
|move|p2a: Toxapex|Knock Off|p1a: Falko
|-damage|p1a: Falko|54/100 tox
|-enditem|p1a: Falko|Expert Belt|[from] move: Knock Off|[of] p2a: Toxapex
|move|p1a: Falko|Roost|p1a: Falko
|-heal|p1a: Falko|100/100 tox
|-singleturn|p1a: Falko|move: Roost
|
|-damage|p1a: Falko|82/100 tox|[from] psn
|upkeep
|turn|34
|
|t:|1663721404
|switch|p1a: Sharpo|Garchomp, F|100/100
|-damage|p1a: Sharpo|94/100|[from] Stealth Rock
|move|p2a: Toxapex|Recover|p2a: Toxapex
|-heal|p2a: Toxapex|61/100
|
|-heal|p1a: Sharpo|100/100|[from] item: Leftovers
|upkeep
|turn|35
|
|t:|1663721412
|move|p1a: Sharpo|Scale Shot|p2a: Toxapex
|-damage|p2a: Toxapex|53/100
|-damage|p2a: Toxapex|45/100
|-damage|p2a: Toxapex|37/100
|-hitcount|p2a: Toxapex|3
|-unboost|p1a: Sharpo|def|1
|-boost|p1a: Sharpo|spe|1
|move|p2a: Toxapex|Knock Off|p1a: Sharpo
|-damage|p1a: Sharpo|76/100
|-damage|p2a: Toxapex|24/100|[from] ability: Rough Skin|[of] p1a: Sharpo
|-enditem|p1a: Sharpo|Leftovers|[from] move: Knock Off|[of] p2a: Toxapex
|
|upkeep
|turn|36
|
|t:|1663721424
|move|p1a: Sharpo|Swords Dance|p1a: Sharpo
|-boost|p1a: Sharpo|atk|2
|move|p2a: Toxapex|Haze|p2a: Toxapex
|-clearallboost
|
|upkeep
|turn|37
|
|t:|1663721435
|move|p1a: Sharpo|Swords Dance|p1a: Sharpo
|-boost|p1a: Sharpo|atk|2
|move|p2a: Toxapex|Haze|p2a: Toxapex
|-clearallboost
|
|upkeep
|turn|38
|
|t:|1663721443
|move|p1a: Sharpo|Swords Dance|p1a: Sharpo
|-boost|p1a: Sharpo|atk|2
|move|p2a: Toxapex|Toxic|p1a: Sharpo
|-status|p1a: Sharpo|tox
|
|-damage|p1a: Sharpo|70/100 tox|[from] psn
|upkeep
|turn|39
|
|t:|1663721450
|move|p1a: Sharpo|Scale Shot|p2a: Toxapex
|-damage|p2a: Toxapex|8/100
|-damage|p2a: Toxapex|0 fnt
|faint|p2a: Toxapex
|-hitcount|p2: Toxapex|2
|-unboost|p1a: Sharpo|def|1
|-boost|p1a: Sharpo|spe|1
|
|-damage|p1a: Sharpo|57/100 tox|[from] psn
|upkeep
|
|t:|1663721453
|switch|p2a: Buzzwole|Buzzwole|62/100
|-damage|p2a: Buzzwole|50/100|[from] Stealth Rock
|turn|40
|
|t:|1663721462
|move|p1a: Sharpo|Scale Shot|p2a: Buzzwole
|-damage|p2a: Buzzwole|30/100
|-damage|p2a: Buzzwole|10/100
|-damage|p2a: Buzzwole|0 fnt
|faint|p2a: Buzzwole
|-hitcount|p2: Buzzwole|3
|
|win|Emblema de Fuego
|raw|Emblema de Fuego's rating: 1762 &rarr; <strong>1786</strong><br />(+24 for winning)
|raw|64j3t3hrt3h's rating: 1827 &rarr; <strong>1803</strong><br />(-24 for losing)
|l|☆64j3t3hrt3h
|l| 6df
|l| Tears of Necklace
||Ladder isn't responding, score probably updated but might not have (Request timeout).
