|j|☆Stunfisk2140
|j|☆Emblema de Fuego
|t:|1646888132
|gametype|singles
|player|p1|Stunfisk2140|170|1633
|player|p2|Emblema de Fuego|blue|1737
|teamsize|p1|6
|teamsize|p2|6
|gen|8
|tier|[Gen 8] OU
|rated|
|rule|Sleep Clause Mod: Limit one foe put to sleep
|rule|Species Clause: Limit one of each Pokémon
|rule|OHKO Clause: OHKO moves are banned
|rule|Evasion Moves Clause: Evasion moves are banned
|rule|Endless Battle Clause: Forcing endless battles is banned
|rule|HP Percentage Mod: HP is shown in percentages
|rule|Dynamax Clause: You cannot dynamax
|clearpoke
|poke|p1|Golurk|
|poke|p1|Ferrothorn, M|
|poke|p1|Clefable, F|
|poke|p1|Zapdos|
|poke|p1|Tyranitar, M|
|poke|p1|Tapu Lele|
|poke|p2|Marowak-Alola, M|
|poke|p2|Slowbro, M|
|poke|p2|Hatterene, F|
|poke|p2|Garchomp, M|
|poke|p2|Ferrothorn, M|
|poke|p2|Drampa, M|
|teampreview
|
|t:|1646888142
|start
|switch|p1a: GOATzilla|Tyranitar, M, shiny|100/100
|switch|p2a: Sharko|Garchomp, M|100/100
|-weather|Sandstorm|[from] ability: Sand Stream|[of] p1a: GOATzilla
|turn|1
|
|t:|1646888149
|switch|p2a: Thorns|Ferrothorn, M|100/100
|move|p1a: GOATzilla|Ice Punch|p2a: Thorns
|-damage|p2a: Thorns|69/100
|-damage|p1a: GOATzilla|88/100|[from] ability: Iron Barbs|[of] p2a: Thorns
|
|-weather|Sandstorm|[upkeep]
|upkeep
|turn|2
|
|t:|1646888160
|switch|p1a: Crescent|Clefable, F|100/100
|move|p2a: Thorns|Stealth Rock|p1a: Crescent
|-sidestart|p1: Stunfisk2140|move: Stealth Rock
|
|-weather|Sandstorm|[upkeep]
|upkeep
|turn|3
|
|t:|1646888167
|switch|p2a: Gorra|Hatterene, F, shiny|100/100
|move|p1a: Crescent|Stealth Rock|p2a: Gorra
|move|p2a: Gorra|Stealth Rock||[from]ability: Magic Bounce|[still]
|-fail|p2a: Gorra
|
|-weather|Sandstorm|[upkeep]
|-damage|p2a: Gorra|95/100|[from] Sandstorm
|upkeep
|turn|4
|j| salmonelephant
|
|t:|1646888178
|move|p1a: Crescent|Copycat|p1a: Crescent
|move|p1a: Crescent|Stealth Rock|p2a: Gorra|[from]move: Copycat
|move|p2a: Gorra|Stealth Rock||[from]ability: Magic Bounce|[still]
|-fail|p2a: Gorra
|move|p2a: Gorra|Mystical Fire|p1a: Crescent
|-damage|p1a: Crescent|82/100
|-unboost|p1a: Crescent|spa|1
|
|-weather|Sandstorm|[upkeep]
|-damage|p2a: Gorra|89/100|[from] Sandstorm
|-heal|p1a: Crescent|88/100|[from] item: Leftovers
|upkeep
|turn|5
|j| BALENCIAGA BANDlT
|
|t:|1646888193
|switch|p1a: GOATzilla|Tyranitar, M, shiny|88/100
|-damage|p1a: GOATzilla|76/100|[from] Stealth Rock
|move|p2a: Gorra|Draining Kiss|p1a: GOATzilla
|-supereffective|p1a: GOATzilla
|-damage|p1a: GOATzilla|42/100
|-heal|p2a: Gorra|100/100|[from] drain|[of] p1a: GOATzilla
|
|-weather|none
|upkeep
|turn|6
|j| 4lexdro
|
|t:|1646888207
|switch|p2a: Thorns|Ferrothorn, M|69/100
|move|p1a: GOATzilla|Stone Edge|p2a: Thorns
|-resisted|p2a: Thorns
|-damage|p2a: Thorns|39/100
|
|upkeep
|turn|7
|
|t:|1646888214
|switch|p1a: Thunderblunder|Zapdos|100/100
|move|p2a: Thorns|Gyro Ball|p1a: Thunderblunder
|-resisted|p1a: Thunderblunder
|-damage|p1a: Thunderblunder|90/100
|
|upkeep
|turn|8
|
|t:|1646888221
|move|p1a: Thunderblunder|Defog|p2a: Thorns
|-unboost|p2a: Thorns|evasion|1
|-sideend|p1: Stunfisk2140|Stealth Rock|[from] move: Defog|[of] p1a: Thunderblunder
|move|p2a: Thorns|Leech Seed|p1a: Thunderblunder
|-start|p1a: Thunderblunder|move: Leech Seed
|
|-damage|p1a: Thunderblunder|77/100|[from] Leech Seed|[of] p2a: Thorns
|-heal|p2a: Thorns|53/100|[silent]
|upkeep
|turn|9
|
|t:|1646888228
|move|p1a: Thunderblunder|Volt Switch|p2a: Thorns
|-resisted|p2a: Thorns
|-damage|p2a: Thorns|44/100
|
|t:|1646888232
|switch|p1a: Chunky Golem|Golurk, shiny|100/100|[from]move: Volt Switch
|move|p2a: Thorns|Stealth Rock|p1a: Chunky Golem
|-sidestart|p1: Stunfisk2140|move: Stealth Rock
|
|upkeep
|turn|10
|j| yly333
|
|t:|1646888245
|move|p1a: Chunky Golem|Close Combat|p2a: Thorns
|-supereffective|p2a: Thorns
|-damage|p2a: Thorns|0 fnt
|-unboost|p1a: Chunky Golem|def|1
|-unboost|p1a: Chunky Golem|spd|1
|-damage|p1a: Chunky Golem|88/100|[from] ability: Iron Barbs|[of] p2a: Thorns
|faint|p2a: Thorns
|
|upkeep
|
|t:|1646888254
|switch|p2a: Sharko|Garchomp, M|100/100
|turn|11
|
|t:|1646888258
|switch|p1a: Thunderblunder|Zapdos|77/100
|move|p2a: Sharko|Swords Dance|p2a: Sharko
|-boost|p2a: Sharko|atk|2
|
|upkeep
|turn|12
|
|t:|1646888264
|move|p2a: Sharko|Stone Edge|p1a: Thunderblunder
|-supereffective|p1a: Thunderblunder
|-damage|p1a: Thunderblunder|0 fnt
|faint|p1a: Thunderblunder
|
|upkeep
|
|t:|1646888269
|switch|p1a: Canned Calamari|Tapu Lele|100/100
|-damage|p1a: Canned Calamari|88/100|[from] Stealth Rock
|-fieldstart|move: Psychic Terrain|[from] ability: Psychic Surge|[of] p1a: Canned Calamari
|turn|13
|
|t:|1646888275
|switch|p1a: Chunky Golem|Golurk, shiny|88/100
|-damage|p1a: Chunky Golem|82/100|[from] Stealth Rock
|switch|p2a: Billy B.|Marowak-Alola, M, shiny|100/100
|
|upkeep
|turn|14
|j| AlIoutdragadarts
|
|t:|1646888320
|switch|p2a: Falkor|Drampa, M|100/100
|move|p1a: Chunky Golem|Earthquake|p2a: Falkor
|-damage|p2a: Falkor|14/100
|-ability|p2a: Falkor|Berserk|boost
|-boost|p2a: Falkor|spa|1
|
|upkeep
|turn|15
|
|t:|1646888328
|move|p1a: Chunky Golem|Earthquake|p2a: Falkor
|-damage|p2a: Falkor|0 fnt
|faint|p2a: Falkor
|
|upkeep
|
|t:|1646888334
|switch|p2a: Sharko|Garchomp, M|100/100
|turn|16
|
|t:|1646888338
|move|p2a: Sharko|Earthquake|p1a: Chunky Golem
|-damage|p1a: Chunky Golem|16/100
|move|p1a: Chunky Golem|Earthquake|p2a: Sharko
|-damage|p2a: Sharko|14/100
|
|-heal|p2a: Sharko|20/100|[from] item: Leftovers
|upkeep
|turn|17
|
|t:|1646888352
|switch|p1a: Crescent|Clefable, F|88/100
|move|p2a: Sharko|Earthquake|p1a: Crescent
|-damage|p1a: Crescent|46/100
|
|-heal|p2a: Sharko|26/100|[from] item: Leftovers
|-heal|p1a: Crescent|52/100|[from] item: Leftovers
|-fieldend|move: Psychic Terrain
|upkeep
|turn|18
|
|t:|1646888363
|switch|p2a: Gorra|Hatterene, F, shiny|100/100
|move|p1a: Crescent|Moonblast|p2a: Gorra
|-damage|p2a: Gorra|77/100
|
|-heal|p1a: Crescent|58/100|[from] item: Leftovers
|upkeep
|turn|19
|
|t:|1646888371
|switch|p1a: GOATzilla|Tyranitar, M, shiny|42/100
|-damage|p1a: GOATzilla|30/100|[from] Stealth Rock
|-weather|Sandstorm|[from] ability: Sand Stream|[of] p1a: GOATzilla
|move|p2a: Gorra|Trick Room|p2a: Gorra
|-fieldstart|move: Trick Room|[of] p2a: Gorra
|
|-weather|Sandstorm|[upkeep]
|-damage|p2a: Gorra|71/100|[from] Sandstorm
|upkeep
|turn|20
|l| BALENCIAGA BANDlT
|
|t:|1646888380
|move|p2a: Gorra|Draining Kiss|p1a: GOATzilla
|-supereffective|p1a: GOATzilla
|-damage|p1a: GOATzilla|0 fnt
|-heal|p2a: Gorra|95/100|[from] drain|[of] p1a: GOATzilla
|faint|p1a: GOATzilla
|
|-weather|Sandstorm|[upkeep]
|-damage|p2a: Gorra|89/100|[from] Sandstorm
|upkeep
|
|t:|1646888387
|switch|p1a: Canned Calamari|Tapu Lele|88/100
|-damage|p1a: Canned Calamari|76/100|[from] Stealth Rock
|-fieldstart|move: Psychic Terrain|[from] ability: Psychic Surge|[of] p1a: Canned Calamari
|turn|21
|
|t:|1646888396
|move|p2a: Gorra|Mystical Fire|p1a: Canned Calamari
|-damage|p1a: Canned Calamari|51/100
|-unboost|p1a: Canned Calamari|spa|1
|move|p1a: Canned Calamari|Moonblast|p2a: Gorra
|-damage|p2a: Gorra|63/100
|
|-weather|Sandstorm|[upkeep]
|-damage|p2a: Gorra|57/100|[from] Sandstorm
|-damage|p1a: Canned Calamari|45/100|[from] Sandstorm
|upkeep
|turn|22
|
|t:|1646888406
|move|p2a: Gorra|Mystical Fire|p1a: Canned Calamari
|-crit|p1a: Canned Calamari
|-damage|p1a: Canned Calamari|10/100
|-unboost|p1a: Canned Calamari|spa|1
|move|p1a: Canned Calamari|Moonblast|p2a: Gorra
|-crit|p2a: Gorra
|-damage|p2a: Gorra|0 fnt
|faint|p2a: Gorra
|
|-weather|Sandstorm|[upkeep]
|-damage|p1a: Canned Calamari|4/100|[from] Sandstorm
|upkeep
|c|☆Emblema de Fuego|come on!!
|c|☆Stunfisk2140|sorry mans
|
|t:|1646888425
|switch|p2a: Sonso|Slowbro, M|100/100
|turn|23
|
|t:|1646888430
|move|p2a: Sonso|Scald|p1a: Canned Calamari
|-damage|p1a: Canned Calamari|0 fnt
|faint|p1a: Canned Calamari
|
|-weather|none
|-fieldend|move: Trick Room
|upkeep
|c|☆Stunfisk2140|gg
|
|t:|1646888436
|switch|p1a: Chunky Golem|Golurk, shiny|16/100
|-damage|p1a: Chunky Golem|10/100|[from] Stealth Rock
|turn|24
|
|t:|1646888443
|move|p1a: Chunky Golem|Poltergeist|p2a: Sonso
|-activate|p2a: Sonso|move: Poltergeist|Colbur Berry
|-supereffective|p2a: Sonso
|-damage|p2a: Sonso|0 fnt
|faint|p2a: Sonso
|
|upkeep
|
|t:|1646888449
|switch|p2a: Sharko|Garchomp, M|26/100
|turn|25
|
|t:|1646888454
|switch|p1a: Muscle Sprout|Ferrothorn, M|100/100
|-damage|p1a: Muscle Sprout|95/100|[from] Stealth Rock
|move|p2a: Sharko|Earthquake|p1a: Muscle Sprout
|-crit|p1a: Muscle Sprout
|-damage|p1a: Muscle Sprout|47/100
|
|-heal|p2a: Sharko|32/100|[from] item: Leftovers
|-heal|p1a: Muscle Sprout|53/100|[from] item: Leftovers
|-fieldend|move: Psychic Terrain
|upkeep
|turn|26
|
|t:|1646888465
|switch|p2a: Billy B.|Marowak-Alola, M, shiny|100/100
|move|p1a: Muscle Sprout|Power Whip|p2a: Billy B.
|-resisted|p2a: Billy B.
|-damage|p2a: Billy B.|82/100
|
|-heal|p1a: Muscle Sprout|59/100|[from] item: Leftovers
|upkeep
|turn|27
|
|t:|1646888474
|move|p2a: Billy B.|Substitute|p2a: Billy B.
|-start|p2a: Billy B.|Substitute
|-damage|p2a: Billy B.|57/100
|move|p1a: Muscle Sprout|Power Whip|p2a: Billy B.
|-resisted|p2a: Billy B.
|-activate|p2a: Billy B.|move: Substitute|[damage]
|
|-heal|p1a: Muscle Sprout|65/100|[from] item: Leftovers
|upkeep
|turn|28
|
|t:|1646888482
|move|p2a: Billy B.|Flare Blitz|p1a: Muscle Sprout
|-supereffective|p1a: Muscle Sprout
|-damage|p1a: Muscle Sprout|0 fnt
|-damage|p2a: Billy B.|44/100|[from] ability: Iron Barbs|[of] p1a: Muscle Sprout
|faint|p1a: Muscle Sprout
|
|upkeep
|
|t:|1646888492
|switch|p1a: Crescent|Clefable, F|58/100
|turn|29
|
|t:|1646888498
|move|p1a: Crescent|Soft-Boiled|p1a: Crescent
|-heal|p1a: Crescent|100/100
|move|p2a: Billy B.|Flare Blitz|p1a: Crescent
|-damage|p1a: Crescent|14/100
|
|-heal|p1a: Crescent|20/100|[from] item: Leftovers
|upkeep
|turn|30
|
|t:|1646888509
|move|p1a: Crescent|Moonblast|p2a: Billy B.
|-resisted|p2a: Billy B.
|-end|p2a: Billy B.|Substitute
|move|p2a: Billy B.|Flare Blitz|p1a: Crescent
|-damage|p1a: Crescent|0 fnt
|faint|p1a: Crescent
|
|upkeep
|
|t:|1646888515
|switch|p1a: Chunky Golem|Golurk, shiny|10/100
|-damage|p1a: Chunky Golem|4/100|[from] Stealth Rock
|turn|31
|c|☆Emblema de Fuego|gg
|c|☆Stunfisk2140|sub alolawak won u the game
|
|t:|1646888522
|move|p1a: Chunky Golem|Earthquake|p2a: Billy B.
|-supereffective|p2a: Billy B.
|-damage|p2a: Billy B.|0 fnt
|faint|p2a: Billy B.
|
|upkeep
|c|☆Emblema de Fuego|yea
|
|t:|1646888531
|switch|p2a: Sharko|Garchomp, M|32/100
|turn|32
|
|t:|1646888535
|move|p2a: Sharko|Earthquake|p1a: Chunky Golem
|-damage|p1a: Chunky Golem|0 fnt
|faint|p1a: Chunky Golem
|
|win|Emblema de Fuego
|raw|Stunfisk2140's rating: 1633 &rarr; <strong>1619</strong><br />(-14 for losing)
|raw|Emblema de Fuego's rating: 1737 &rarr; <strong>1751</strong><br />(+14 for winning)
|l|☆Stunfisk2140
|l| yly333
