|j|☆NeoNaruto®++
|j|☆Chomp11
|t:|1662781652
|gametype|singles
|player|p1|NeoNaruto®++|burglar-gen1rb|1842
|player|p2|Chomp11|steven|1831
|teamsize|p1|6
|teamsize|p2|6
|gen|8
|tier|[Gen 8] OU
|rated|
|rule|Sleep Clause Mod: Limit one foe put to sleep
|rule|Species Clause: Limit one of each Pokémon
|rule|OHKO Clause: OHKO moves are banned
|rule|Evasion Items Clause: Evasion items are banned
|rule|Evasion Moves Clause: Evasion moves are banned
|rule|Endless Battle Clause: Forcing endless battles is banned
|rule|HP Percentage Mod: HP is shown in percentages
|rule|Dynamax Clause: You cannot dynamax
|clearpoke
|poke|p1|Landorus-Therian, M|
|poke|p1|Ferrothorn, M|
|poke|p1|Tapu Koko|
|poke|p1|Dragonite, F|
|poke|p1|Darmanitan, M|
|poke|p1|Tyranitar, F|
|poke|p2|Hippowdon, M|
|poke|p2|Dracozolt|
|poke|p2|Zapdos|
|poke|p2|Melmetal|
|poke|p2|Blissey, F|
|poke|p2|Ferrothorn, M|
|teampreview
|inactive|Battle timer is ON: inactive players will automatically lose when time's up. (requested by NeoNaruto®++)
|j| Hikawa Kyoka
|j| kyonharuhi
|
|t:|1662781679
|start
|switch|p1a: Bernie Landers|Landorus-Therian, M|100/100
|switch|p2a: Melmetal|Melmetal|100/100
|-ability|p1a: Bernie Landers|Intimidate|boost
|-unboost|p2a: Melmetal|atk|1
|turn|1
|
|t:|1662781684
|move|p1a: Bernie Landers|U-turn|p2a: Melmetal
|-resisted|p2a: Melmetal
|-damage|p2a: Melmetal|94/100
|
|t:|1662781685
|switch|p1a: RX PAPi|Ferrothorn, M|100/100|[from]move: U-turn
|move|p2a: Melmetal|Ice Punch|p1a: RX PAPi
|-damage|p1a: RX PAPi|80/100
|-damage|p2a: Melmetal|82/100|[from] ability: Iron Barbs|[of] p1a: RX PAPi
|-damage|p2a: Melmetal|65/100|[from] item: Rocky Helmet|[of] p1a: RX PAPi
|
|upkeep
|turn|2
|
|t:|1662781697
|switch|p2a: Zapdos|Zapdos|100/100
|move|p1a: RX PAPi|Spikes|p2a: Zapdos
|-sidestart|p2: Chomp11|Spikes
|
|upkeep
|turn|3
|
|t:|1662781701
|switch|p1a: DA LAST REX(3005)|Tyranitar, F|100/100
|-weather|Sandstorm|[from] ability: Sand Stream|[of] p1a: DA LAST REX(3005)
|move|p2a: Zapdos|Heat Wave|p1a: DA LAST REX(3005)|[miss]
|-miss|p2a: Zapdos|p1a: DA LAST REX(3005)
|
|-weather|Sandstorm|[upkeep]
|-damage|p2a: Zapdos|94/100|[from] Sandstorm
|upkeep
|turn|4
|
|t:|1662781704
|switch|p2a: Ferrothorn|Ferrothorn, M|100/100
|-damage|p2a: Ferrothorn|88/100|[from] Spikes
|move|p1a: DA LAST REX(3005)|Earthquake|p2a: Ferrothorn
|-damage|p2a: Ferrothorn|71/100
|
|-weather|Sandstorm|[upkeep]
|upkeep
|turn|5
|
|t:|1662781709
|switch|p1a: PURRP FOR SALE|Darmanitan, M|100/100
|move|p2a: Ferrothorn|Knock Off|p1a: PURRP FOR SALE
|-damage|p1a: PURRP FOR SALE|68/100
|-enditem|p1a: PURRP FOR SALE|Choice Band|[from] move: Knock Off|[of] p2a: Ferrothorn
|
|-weather|Sandstorm|[upkeep]
|-damage|p1a: PURRP FOR SALE|62/100|[from] Sandstorm
|upkeep
|turn|6
|
|t:|1662781715
|switch|p2a: Hippowdon|Hippowdon, M|100/100
|-damage|p2a: Hippowdon|88/100|[from] Spikes
|move|p1a: PURRP FOR SALE|Flare Blitz|p2a: Hippowdon
|-damage|p2a: Hippowdon|39/100
|-damage|p1a: PURRP FOR SALE|43/100|[from] Recoil
|
|-weather|Sandstorm|[upkeep]
|-damage|p1a: PURRP FOR SALE|37/100|[from] Sandstorm
|upkeep
|turn|7
|j| Traffalgar D Law
|
|t:|1662781726
|switch|p2a: Ferrothorn|Ferrothorn, M|71/100
|-damage|p2a: Ferrothorn|59/100|[from] Spikes
|move|p1a: PURRP FOR SALE|Flare Blitz|p2a: Ferrothorn
|-supereffective|p2a: Ferrothorn
|-damage|p2a: Ferrothorn|0 fnt
|-damage|p1a: PURRP FOR SALE|24/100|[from] ability: Iron Barbs|[of] p2a: Ferrothorn
|-damage|p1a: PURRP FOR SALE|8/100|[from] item: Rocky Helmet|[of] p2a: Ferrothorn
|faint|p2a: Ferrothorn
|-damage|p1a: PURRP FOR SALE|0 fnt|[from] Recoil
|faint|p1a: PURRP FOR SALE
|
|-weather|none
|upkeep
|
|t:|1662781744
|switch|p1a: VODECi|Tapu Koko|100/100
|switch|p2a: Melmetal|Melmetal|65/100
|-fieldstart|move: Electric Terrain|[from] ability: Electric Surge|[of] p1a: VODECi
|-damage|p2a: Melmetal|53/100|[from] Spikes
|turn|8
|
|t:|1662781750
|move|p1a: VODECi|Volt Switch|p2a: Melmetal
|-damage|p2a: Melmetal|0 fnt
|faint|p2a: Melmetal
|
|t:|1662781755
|switch|p1a: Bernie Landers|Landorus-Therian, M|100/100|[from]move: Volt Switch
|
|upkeep
|
|t:|1662781759
|switch|p2a: Zapdos|Zapdos|94/100
|turn|9
|l| Hikawa Kyoka
|
|t:|1662781762
|move|p2a: Zapdos|Defog|p1a: Bernie Landers
|-unboost|p1a: Bernie Landers|evasion|1
|-sideend|p2: Chomp11|Spikes|[from] move: Defog|[of] p2a: Zapdos
|-fieldend|move: Electric Terrain
|move|p1a: Bernie Landers|Knock Off|p2a: Zapdos
|-damage|p2a: Zapdos|68/100
|-enditem|p2a: Zapdos|Heavy-Duty Boots|[from] move: Knock Off|[of] p1a: Bernie Landers
|
|upkeep
|turn|10
|
|t:|1662781767
|move|p2a: Zapdos|Heat Wave|p1a: Bernie Landers
|-damage|p1a: Bernie Landers|70/100
|move|p1a: Bernie Landers|Stealth Rock|p2a: Zapdos
|-sidestart|p2: Chomp11|move: Stealth Rock
|
|upkeep
|turn|11
|
|t:|1662781775
|move|p2a: Zapdos|Defog|p1a: Bernie Landers
|-unboost|p1a: Bernie Landers|evasion|1
|-sideend|p2: Chomp11|Stealth Rock|[from] move: Defog|[of] p2a: Zapdos
|move|p1a: Bernie Landers|Toxic|p2a: Zapdos
|-status|p2a: Zapdos|tox
|
|-damage|p2a: Zapdos|62/100 tox|[from] psn
|upkeep
|turn|12
|
|t:|1662781779
|move|p2a: Zapdos|Heat Wave|p1a: Bernie Landers
|-damage|p1a: Bernie Landers|41/100
|move|p1a: Bernie Landers|U-turn|p2a: Zapdos
|-resisted|p2a: Zapdos
|-damage|p2a: Zapdos|52/100 tox
|
|t:|1662781781
|switch|p1a: VODECi|Tapu Koko|100/100|[from]move: U-turn
|-fieldstart|move: Electric Terrain|[from] ability: Electric Surge|[of] p1a: VODECi
|
|-damage|p2a: Zapdos|40/100 tox|[from] psn
|upkeep
|turn|13
|
|t:|1662781786
|switch|p2a: Hippowdon|Hippowdon, M|39/100
|-weather|Sandstorm|[from] ability: Sand Stream|[of] p2a: Hippowdon
|move|p1a: VODECi|Dazzling Gleam|p2a: Hippowdon
|-damage|p2a: Hippowdon|0 fnt
|faint|p2a: Hippowdon
|
|-weather|Sandstorm|[upkeep]
|-damage|p1a: VODECi|94/100|[from] Sandstorm
|upkeep
|
|t:|1662781788
|switch|p2a: Dracozolt|Dracozolt|100/100
|turn|14
|
|t:|1662781797
|move|p2a: Dracozolt|Earthquake|p1a: VODECi
|-supereffective|p1a: VODECi
|-damage|p1a: VODECi|0 fnt
|faint|p1a: VODECi
|-damage|p2a: Dracozolt|91/100|[from] item: Life Orb
|
|-weather|Sandstorm|[upkeep]
|upkeep
|
|t:|1662781800
|switch|p1a: Bernie Landers|Landorus-Therian, M|41/100
|-ability|p1a: Bernie Landers|Intimidate|boost
|-unboost|p2a: Dracozolt|atk|1
|turn|15
|
|t:|1662781806
|switch|p1a: DA LAST REX(3005)|Tyranitar, F|100/100
|move|p2a: Dracozolt|Draco Meteor|p1a: DA LAST REX(3005)
|-damage|p1a: DA LAST REX(3005)|85/100
|-unboost|p2a: Dracozolt|spa|2
|-damage|p2a: Dracozolt|81/100|[from] item: Life Orb
|
|-weather|Sandstorm|[upkeep]
|upkeep
|turn|16
|
|t:|1662781812
|switch|p2a: Blissey|Blissey, F|100/100
|switch|p1a: Bernie Landers|Landorus-Therian, M|41/100
|-ability|p1a: Bernie Landers|Intimidate|boost
|-unboost|p2a: Blissey|atk|1
|
|-weather|Sandstorm|[upkeep]
|-damage|p2a: Blissey|94/100|[from] Sandstorm
|-heal|p2a: Blissey|100/100|[from] item: Leftovers
|-fieldend|move: Electric Terrain
|upkeep
|turn|17
|
|t:|1662781816
|move|p1a: Bernie Landers|Knock Off|p2a: Blissey
|-damage|p2a: Blissey|37/100
|-enditem|p2a: Blissey|Leftovers|[from] move: Knock Off|[of] p1a: Bernie Landers
|move|p2a: Blissey|Seismic Toss|p1a: Bernie Landers
|-damage|p1a: Bernie Landers|15/100
|-damage|p2a: Blissey|20/100|[from] item: Rocky Helmet|[of] p1a: Bernie Landers
|
|-weather|Sandstorm|[upkeep]
|-damage|p2a: Blissey|14/100|[from] Sandstorm
|upkeep
|turn|18
|
|t:|1662781825
|move|p1a: Bernie Landers|Knock Off|p2a: Blissey
|-damage|p2a: Blissey|0 fnt
|faint|p2a: Blissey
|
|-weather|Sandstorm|[upkeep]
|upkeep
|
|t:|1662781827
|switch|p2a: Dracozolt|Dracozolt|81/100
|turn|19
|
|t:|1662781834
|switch|p1a: DA LAST REX(3005)|Tyranitar, F|85/100
|move|p2a: Dracozolt|Flamethrower|p1a: DA LAST REX(3005)
|-resisted|p1a: DA LAST REX(3005)
|-damage|p1a: DA LAST REX(3005)|82/100
|-damage|p2a: Dracozolt|71/100|[from] item: Life Orb
|
|-weather|Sandstorm|[upkeep]
|upkeep
|turn|20
|
|t:|1662781838
|switch|p1a: Bernie Landers|Landorus-Therian, M|15/100
|-ability|p1a: Bernie Landers|Intimidate|boost
|-unboost|p2a: Dracozolt|atk|1
|move|p2a: Dracozolt|Bolt Beak|p1a: Bernie Landers
|-immune|p1a: Bernie Landers
|
|-weather|none
|upkeep
|turn|21
|
|t:|1662781844
|switch|p2a: Zapdos|Zapdos|40/100 tox
|move|p1a: Bernie Landers|Knock Off|p2a: Zapdos
|-damage|p2a: Zapdos|24/100 tox
|-status|p1a: Bernie Landers|par|[from] ability: Static|[of] p2a: Zapdos
|
|-damage|p2a: Zapdos|18/100 tox|[from] psn
|upkeep
|turn|22
|
|t:|1662781850
|move|p2a: Zapdos|Roost|p2a: Zapdos
|-heal|p2a: Zapdos|68/100 tox
|-singleturn|p2a: Zapdos|move: Roost
|move|p1a: Bernie Landers|Stealth Rock|p2a: Zapdos
|-sidestart|p2: Chomp11|move: Stealth Rock
|
|-damage|p2a: Zapdos|55/100 tox|[from] psn
|upkeep
|turn|23
|
|t:|1662781856
|move|p2a: Zapdos|Heat Wave|p1a: Bernie Landers
|-damage|p1a: Bernie Landers|0 fnt
|faint|p1a: Bernie Landers
|
|-damage|p2a: Zapdos|37/100 tox|[from] psn
|upkeep
|
|t:|1662781864
|switch|p1a: Fat Charizard|Dragonite, F, shiny|100/100
|turn|24
|
|t:|1662781867
|move|p1a: Fat Charizard|Extreme Speed|p2a: Zapdos
|-damage|p2a: Zapdos|11/100 tox
|move|p2a: Zapdos|Discharge|p1a: Fat Charizard
|-damage|p1a: Fat Charizard|83/100
|
|-damage|p2a: Zapdos|0 fnt|[from] psn
|faint|p2a: Zapdos
|upkeep
|
|t:|1662781874
|switch|p2a: Dracozolt|Dracozolt|71/100
|-damage|p2a: Dracozolt|58/100|[from] Stealth Rock
|turn|25
|
|t:|1662781878
|move|p2a: Dracozolt|Bolt Beak|p1a: Fat Charizard
|-damage|p1a: Fat Charizard|0 fnt
|faint|p1a: Fat Charizard
|-damage|p2a: Dracozolt|48/100|[from] item: Life Orb
|
|upkeep
|
|t:|1662781885
|switch|p1a: RX PAPi|Ferrothorn, M|80/100
|turn|26
|
|t:|1662781888
|switch|p1a: DA LAST REX(3005)|Tyranitar, F|82/100
|-weather|Sandstorm|[from] ability: Sand Stream|[of] p1a: DA LAST REX(3005)
|move|p2a: Dracozolt|Flamethrower|p1a: DA LAST REX(3005)
|-resisted|p1a: DA LAST REX(3005)
|-damage|p1a: DA LAST REX(3005)|78/100
|-damage|p2a: Dracozolt|38/100|[from] item: Life Orb
|
|-weather|Sandstorm|[upkeep]
|upkeep
|turn|27
|
|t:|1662781895
|switch|p1a: RX PAPi|Ferrothorn, M|80/100
|move|p2a: Dracozolt|Earthquake|p1a: RX PAPi
|-damage|p1a: RX PAPi|56/100
|-damage|p2a: Dracozolt|28/100|[from] item: Life Orb
|
|-weather|Sandstorm|[upkeep]
|upkeep
|turn|28
|
|t:|1662781903
|switch|p1a: DA LAST REX(3005)|Tyranitar, F|78/100
|move|p2a: Dracozolt|Flamethrower|p1a: DA LAST REX(3005)
|-resisted|p1a: DA LAST REX(3005)
|-damage|p1a: DA LAST REX(3005)|75/100
|-status|p1a: DA LAST REX(3005)|brn
|-damage|p2a: Dracozolt|18/100|[from] item: Life Orb
|
|-weather|Sandstorm|[upkeep]
|-damage|p1a: DA LAST REX(3005)|69/100 brn|[from] brn
|upkeep
|turn|29
|
|t:|1662781910
|move|p2a: Dracozolt|Earthquake|p1a: DA LAST REX(3005)
|-supereffective|p1a: DA LAST REX(3005)
|-crit|p1a: DA LAST REX(3005)
|-damage|p1a: DA LAST REX(3005)|0 fnt
|faint|p1a: DA LAST REX(3005)
|-damage|p2a: Dracozolt|8/100|[from] item: Life Orb
|
|-weather|Sandstorm|[upkeep]
|upkeep
|
|t:|1662781913
|switch|p1a: RX PAPi|Ferrothorn, M|56/100
|turn|30
|
|t:|1662781917
|move|p2a: Dracozolt|Flamethrower|p1a: RX PAPi
|-supereffective|p1a: RX PAPi
|-damage|p1a: RX PAPi|0 fnt
|faint|p1a: RX PAPi
|-damage|p2a: Dracozolt|0 fnt|[from] item: Life Orb
|faint|p2a: Dracozolt
|
|win|Chomp11
|raw|NeoNaruto®++'s rating: 1842 &rarr; <strong>1821</strong><br />(-21 for losing)
|raw|Chomp11's rating: 1831 &rarr; <strong>1852</strong><br />(+21 for winning)
|c|☆Chomp11|bro how
|l|☆NeoNaruto®++
|c|☆Chomp11|how did I win this
|c| Traffalgar D Law|insane choke
|c| Traffalgar D Law|holy shit
|c|☆Chomp11|wtf
|c|☆Chomp11|what happened
|c|☆Chomp11|like what happened
|c| Traffalgar D Law|even i was watchin like ez 5-0
|c|☆Chomp11|what was his mistake
|c|☆Chomp11|I completely zoned out
|c|☆Chomp11|actually
||Ladder isn't responding, score probably updated but might not have (Request timeout).
