|raw|<div class="broadcast-blue"><strong>This battle is required to be public due to a player having a name starting with 'lt93oq'.</div>
|j|☆LT93OQ #savetf2
|j|☆Stunfisk2140
|t:|1660908435
|gametype|singles
|player|p1|LT93OQ #savetf2|maid-gen4|1757
|player|p2|Stunfisk2140|102|1658
|teamsize|p1|6
|teamsize|p2|6
|gen|8
|tier|[Gen 8] OU
|rated|
|rule|Sleep Clause Mod: Limit one foe put to sleep
|rule|Species Clause: Limit one of each Pokémon
|rule|OHKO Clause: OHKO moves are banned
|rule|Evasion Items Clause: Evasion items are banned
|rule|Evasion Moves Clause: Evasion moves are banned
|rule|Endless Battle Clause: Forcing endless battles is banned
|rule|HP Percentage Mod: HP is shown in percentages
|rule|Dynamax Clause: You cannot dynamax
|clearpoke
|poke|p1|Zapdos|
|poke|p1|Tyranitar, M|
|poke|p1|Ferrothorn, M|
|poke|p1|Excadrill, F|
|poke|p1|Tapu Lele|
|poke|p1|Urshifu-*, F|
|poke|p2|Mew|
|poke|p2|Lycanroc-Dusk, F|
|poke|p2|Garchomp, F|
|poke|p2|Blacephalon|
|poke|p2|Nihilego|
|poke|p2|Kartana|
|teampreview
|inactive|Battle timer is ON: inactive players will automatically lose when time's up. (requested by Stunfisk2140)
|inactive|LT93OQ #savetf2 has 120 seconds left.
|
|t:|1660908486
|start
|switch|p1a: Tyranitar|Tyranitar, M|100/100
|switch|p2a: Mew|Mew|100/100
|-weather|Sandstorm|[from] ability: Sand Stream|[of] p1a: Tyranitar
|turn|1
|
|t:|1660908491
|move|p2a: Mew|Close Combat|p1a: Tyranitar
|-supereffective|p1a: Tyranitar
|-damage|p1a: Tyranitar|0 fnt
|-unboost|p2a: Mew|def|1
|-unboost|p2a: Mew|spd|1
|faint|p1a: Tyranitar
|
|-weather|Sandstorm|[upkeep]
|-damage|p2a: Mew|94/100|[from] Sandstorm
|upkeep
|
|t:|1660908494
|switch|p1a: Excadrill|Excadrill, F|100/100
|turn|2
|
|t:|1660908498
|move|p1a: Excadrill|Earthquake|p2a: Mew
|-damage|p2a: Mew|0 fnt
|faint|p2a: Mew
|
|-weather|Sandstorm|[upkeep]
|upkeep
|
|t:|1660908507
|switch|p2a: Garchomp|Garchomp, F|100/100
|turn|3
|
|t:|1660908511
|move|p1a: Excadrill|Earthquake|p2a: Garchomp
|-damage|p2a: Garchomp|11/100
|move|p2a: Garchomp|Earthquake|p1a: Excadrill
|-supereffective|p1a: Excadrill
|-damage|p1a: Excadrill|0 fnt
|faint|p1a: Excadrill
|
|-weather|Sandstorm|[upkeep]
|upkeep
|
|t:|1660908514
|switch|p1a: Tapu Lele|Tapu Lele|100/100
|-fieldstart|move: Psychic Terrain|[from] ability: Psychic Surge|[of] p1a: Tapu Lele
|turn|4
|
|t:|1660908519
|move|p1a: Tapu Lele|Psyshock|p2a: Garchomp
|-damage|p2a: Garchomp|0 fnt
|faint|p2a: Garchomp
|
|-weather|Sandstorm|[upkeep]
|-damage|p1a: Tapu Lele|94/100|[from] Sandstorm
|upkeep
|
|t:|1660908524
|switch|p2a: Kartana|Kartana|100/100
|turn|5
|
|t:|1660908526
|switch|p1a: Ferrothorn|Ferrothorn, M|100/100
|move|p2a: Kartana|Swords Dance|p2a: Kartana
|-boost|p2a: Kartana|atk|2
|
|-weather|none
|upkeep
|turn|6
|
|t:|1660908529
|switch|p1a: Zapdos|Zapdos|100/100
|move|p2a: Kartana|Sacred Sword|p1a: Zapdos
|-resisted|p1a: Zapdos
|-damage|p1a: Zapdos|63/100
|-status|p2a: Kartana|par|[from] ability: Static|[of] p1a: Zapdos
|
|upkeep
|turn|7
|
|t:|1660908533
|move|p1a: Zapdos|Roost|p1a: Zapdos
|-heal|p1a: Zapdos|100/100
|-singleturn|p1a: Zapdos|move: Roost
|move|p2a: Kartana|Knock Off|p1a: Zapdos
|-damage|p1a: Zapdos|20/100
|-enditem|p1a: Zapdos|Heavy-Duty Boots|[from] move: Knock Off|[of] p2a: Kartana
|
|upkeep
|turn|8
|
|t:|1660908537
|move|p1a: Zapdos|Heat Wave|p2a: Kartana
|-supereffective|p2a: Kartana
|-enditem|p2a: Kartana|Focus Sash
|-damage|p2a: Kartana|1/100 par
|move|p2a: Kartana|Leaf Blade|p1a: Zapdos
|-resisted|p1a: Zapdos
|-damage|p1a: Zapdos|0 fnt
|faint|p1a: Zapdos
|-ability|p2a: Kartana|Beast Boost|boost
|-boost|p2a: Kartana|atk|1
|
|-fieldend|move: Psychic Terrain
|upkeep
|
|t:|1660908541
|switch|p1a: Urshifu|Urshifu-Rapid-Strike, F|100/100
|turn|9
|
|t:|1660908544
|move|p1a: Urshifu|Surging Strikes|p2a: Kartana
|-resisted|p2a: Kartana
|-crit|p2a: Kartana
|-damage|p2a: Kartana|0 fnt
|faint|p2a: Kartana
|-hitcount|p2: Kartana|1
|
|upkeep
|
|t:|1660908551
|switch|p2a: Nihilego|Nihilego|100/100
|turn|10
|
|t:|1660908557
|switch|p1a: Ferrothorn|Ferrothorn, M|100/100
|move|p2a: Nihilego|Grass Knot|p1a: Ferrothorn
|-resisted|p1a: Ferrothorn
|-damage|p1a: Ferrothorn|95/100
|-damage|p2a: Nihilego|88/100|[from] ability: Iron Barbs|[of] p1a: Ferrothorn
|
|-heal|p1a: Ferrothorn|100/100|[from] item: Leftovers
|upkeep
|turn|11
|
|t:|1660908577
|switch|p2a: Lycanroc|Lycanroc-Dusk, F|100/100
|move|p1a: Ferrothorn|Power Whip|p2a: Lycanroc
|-supereffective|p2a: Lycanroc
|-enditem|p2a: Lycanroc|Focus Sash
|-damage|p2a: Lycanroc|1/100
|
|upkeep
|turn|12
|
|t:|1660908582
|switch|p1a: Tapu Lele|Tapu Lele|94/100
|-fieldstart|move: Psychic Terrain|[from] ability: Psychic Surge|[of] p1a: Tapu Lele
|move|p2a: Lycanroc|Close Combat|p1a: Tapu Lele
|-resisted|p1a: Tapu Lele
|-damage|p1a: Tapu Lele|74/100
|-unboost|p2a: Lycanroc|def|1
|-unboost|p2a: Lycanroc|spd|1
|
|upkeep
|turn|13
|
|t:|1660908585
|move|p1a: Tapu Lele|Psyshock|p2a: Lycanroc
|-damage|p2a: Lycanroc|0 fnt
|faint|p2a: Lycanroc
|
|upkeep
|
|t:|1660908588
|switch|p2a: Blacephalon|Blacephalon|100/100
|turn|14
|
|t:|1660908590
|move|p1a: Tapu Lele|Psyshock|p2a: Blacephalon
|-enditem|p2a: Blacephalon|Focus Sash
|-damage|p2a: Blacephalon|1/100
|move|p2a: Blacephalon|Shadow Ball|p1a: Tapu Lele
|-supereffective|p1a: Tapu Lele
|-damage|p1a: Tapu Lele|0 fnt
|faint|p1a: Tapu Lele
|-ability|p2a: Blacephalon|Beast Boost|boost
|-boost|p2a: Blacephalon|spe|1
|
|upkeep
|c|☆Stunfisk2140|Gg
|c|☆LT93OQ #savetf2|no
|-message|LT93OQ #savetf2 forfeited.
|
|win|Stunfisk2140
|raw|LT93OQ #savetf2's rating: 1757 &rarr; <strong>1731</strong><br />(-26 for losing)
|raw|Stunfisk2140's rating: 1658 &rarr; <strong>1684</strong><br />(+26 for winning)
|l|☆LT93OQ #savetf2
|c|☆Stunfisk2140|Lmfaooo
|c|☆Stunfisk2140|Owned
|l|☆Stunfisk2140
|j|☆Stunfisk2140
|player|p2|Stunfisk2140|102
||Ladder isn't responding, score probably updated but might not have (Request timeout).
