|j|☆IMSOMALD
|j|☆FavMon=Garchomp
|t:|1656301623
|gametype|singles
|player|p1|IMSOMALD|n|
|player|p2|FavMon=Garchomp|hilbert|
|teamsize|p1|6
|teamsize|p2|6
|gen|8
|tier|[Gen 8] OU
|rule|Sleep Clause Mod: Limit one foe put to sleep
|rule|Species Clause: Limit one of each Pokémon
|rule|OHKO Clause: OHKO moves are banned
|rule|Evasion Moves Clause: Evasion moves are banned
|rule|Endless Battle Clause: Forcing endless battles is banned
|rule|HP Percentage Mod: HP is shown in percentages
|rule|Dynamax Clause: You cannot dynamax
|clearpoke
|poke|p1|Volcarona, M|
|poke|p1|Clefable, F|
|poke|p1|Dragonite, F|
|poke|p1|Ferrothorn, M|
|poke|p1|Landorus-Therian, M|
|poke|p1|Zeraora|
|poke|p2|Mew|
|poke|p2|Dragonite, F|
|poke|p2|Bisharp, M|
|poke|p2|Garchomp, F|
|poke|p2|Rillaboom, M|
|poke|p2|Hawlucha, M|
|teampreview
|inactive|Battle timer is ON: inactive players will automatically lose when time's up. (requested by IMSOMALD)
|c|☆IMSOMALD|hf
|
|t:|1656301642
|start
|switch|p1a: Zeraora|Zeraora|100/100
|switch|p2a: Mew|Mew|100/100
|turn|1
|
|t:|1656301649
|switch|p2a: Garchomp|Garchomp, F|100/100
|move|p1a: Zeraora|Knock Off|p2a: Garchomp
|-damage|p2a: Garchomp|77/100
|-damage|p1a: Zeraora|88/100|[from] ability: Rough Skin|[of] p2a: Garchomp
|-damage|p1a: Zeraora|72/100|[from] item: Rocky Helmet|[of] p2a: Garchomp
|-enditem|p2a: Garchomp|Rocky Helmet|[from] move: Knock Off|[of] p1a: Zeraora
|
|upkeep
|turn|2
|
|t:|1656301659
|switch|p1a: Landorus|Landorus-Therian, M|100/100
|-ability|p1a: Landorus|Intimidate|boost
|-unboost|p2a: Garchomp|atk|1
|move|p2a: Garchomp|Stealth Rock|p1a: Landorus
|-sidestart|p1: IMSOMALD|move: Stealth Rock
|
|upkeep
|turn|3
|
|t:|1656301662
|move|p2a: Garchomp|Toxic|p1a: Landorus
|-status|p1a: Landorus|tox
|move|p1a: Landorus|Stealth Rock|p2a: Garchomp
|-sidestart|p2: FavMon=Garchomp|move: Stealth Rock
|
|-damage|p1a: Landorus|94/100 tox|[from] psn
|upkeep
|turn|4
|
|t:|1656301671
|switch|p2a: Mew|Mew|100/100
|-damage|p2a: Mew|88/100|[from] Stealth Rock
|switch|p1a: Clefable|Clefable, F|100/100
|
|upkeep
|turn|5
|
|t:|1656301685
|move|p2a: Mew|Trick|p1a: Clefable
|-activate|p2a: Mew|move: Trick|[of] p1a: Clefable
|-item|p1a: Clefable|Choice Scarf|[from] move: Trick
|-item|p2a: Mew|Leftovers|[from] move: Trick
|move|p1a: Clefable|Moonblast|p2a: Mew
|-damage|p2a: Mew|57/100
|-unboost|p2a: Mew|spa|1
|
|-heal|p2a: Mew|63/100|[from] item: Leftovers
|upkeep
|turn|6
|
|t:|1656301706
|move|p2a: Mew|Ice Beam|p1a: Clefable
|-damage|p1a: Clefable|85/100
|move|p1a: Clefable|Moonblast|p2a: Mew
|-damage|p2a: Mew|32/100
|-unboost|p2a: Mew|spa|1
|
|-heal|p2a: Mew|39/100|[from] item: Leftovers
|upkeep
|turn|7
|
|t:|1656301722
|switch|p1a: Ferrothorn|Ferrothorn, M|100/100
|-damage|p1a: Ferrothorn|94/100|[from] Stealth Rock
|move|p2a: Mew|Ice Beam|p1a: Ferrothorn
|-damage|p1a: Ferrothorn|81/100
|
|-heal|p2a: Mew|45/100|[from] item: Leftovers
|-heal|p1a: Ferrothorn|88/100|[from] item: Leftovers
|upkeep
|turn|8
|
|t:|1656301729
|move|p2a: Mew|Volt Switch|p1a: Ferrothorn
|-resisted|p1a: Ferrothorn
|-damage|p1a: Ferrothorn|83/100
|
|t:|1656301735
|switch|p2a: Rillaboom|Rillaboom, M|100/100|[from]move: Volt Switch
|-damage|p2a: Rillaboom|88/100|[from] Stealth Rock
|-fieldstart|move: Grassy Terrain|[from] ability: Grassy Surge|[of] p2a: Rillaboom
|move|p1a: Ferrothorn|Spikes|p2a: Rillaboom
|-sidestart|p2: FavMon=Garchomp|Spikes
|
|-heal|p2a: Rillaboom|94/100|[from] Grassy Terrain
|-heal|p1a: Ferrothorn|89/100|[from] Grassy Terrain
|-heal|p1a: Ferrothorn|96/100|[from] item: Leftovers
|upkeep
|turn|9
|
|t:|1656301744
|switch|p1a: Landorus|Landorus-Therian, M|94/100 tox
|-damage|p1a: Landorus|82/100 tox|[from] Stealth Rock
|-ability|p1a: Landorus|Intimidate|boost
|-unboost|p2a: Rillaboom|atk|1
|move|p2a: Rillaboom|Swords Dance|p2a: Rillaboom
|-boost|p2a: Rillaboom|atk|2
|
|-heal|p2a: Rillaboom|100/100|[from] Grassy Terrain
|-heal|p1a: Landorus|88/100 tox|[from] item: Leftovers
|-damage|p1a: Landorus|82/100 tox|[from] psn
|upkeep
|turn|10
|
|t:|1656301748
|move|p2a: Rillaboom|Grassy Glide|p1a: Landorus
|-damage|p1a: Landorus|0 fnt
|faint|p1a: Landorus
|-damage|p2a: Rillaboom|91/100|[from] item: Life Orb
|
|-heal|p2a: Rillaboom|97/100|[from] Grassy Terrain
|upkeep
|
|t:|1656301755
|switch|p1a: Volcarona|Volcarona, M|100/100
|turn|11
|
|t:|1656301762
|move|p2a: Rillaboom|Knock Off|p1a: Volcarona
|-damage|p1a: Volcarona|5/100
|-enditem|p1a: Volcarona|Heavy-Duty Boots|[from] move: Knock Off|[of] p2a: Rillaboom
|-damage|p2a: Rillaboom|87/100|[from] item: Life Orb
|move|p1a: Volcarona|Quiver Dance|p1a: Volcarona
|-boost|p1a: Volcarona|spa|1
|-boost|p1a: Volcarona|spd|1
|-boost|p1a: Volcarona|spe|1
|
|-heal|p1a: Volcarona|11/100|[from] Grassy Terrain
|-heal|p2a: Rillaboom|93/100|[from] Grassy Terrain
|upkeep
|turn|12
|inactive|IMSOMALD has 270 seconds left.
|
|t:|1656301793
|switch|p1a: Clefable|Clefable, F|85/100
|move|p2a: Rillaboom|Grassy Glide|p1a: Clefable
|-damage|p1a: Clefable|1/100
|-damage|p2a: Rillaboom|83/100|[from] item: Life Orb
|
|-heal|p2a: Rillaboom|89/100|[from] Grassy Terrain
|-heal|p1a: Clefable|7/100|[from] Grassy Terrain
|-fieldend|move: Grassy Terrain
|upkeep
|turn|13
|
|t:|1656301799
|switch|p2a: Mew|Mew|45/100
|-damage|p2a: Mew|32/100|[from] Stealth Rock
|-damage|p2a: Mew|20/100|[from] Spikes
|move|p1a: Clefable|Healing Wish|p1a: Clefable
|faint|p1a: Clefable
|
|-heal|p2a: Mew|26/100|[from] item: Leftovers
|upkeep
|
|t:|1656301802
|switch|p1a: Volcarona|Volcarona, M|11/100
|-heal|p1a: Volcarona|100/100|[from] move: Healing Wish
|-damage|p1a: Volcarona|51/100|[from] Stealth Rock
|turn|14
|
|t:|1656301811
|move|p2a: Mew|Volt Switch|p1a: Volcarona
|-damage|p1a: Volcarona|28/100
|
|t:|1656301817
|switch|p2a: Dragonite|Dragonite, F|100/100|[from]move: Volt Switch
|move|p1a: Volcarona|Bug Buzz|p2a: Dragonite
|-resisted|p2a: Dragonite
|-damage|p2a: Dragonite|87/100
|
|upkeep
|turn|15
|
|t:|1656301823
|switch|p1a: Ferrothorn|Ferrothorn, M|96/100
|-damage|p1a: Ferrothorn|89/100|[from] Stealth Rock
|move|p2a: Dragonite|Dragon Dance|p2a: Dragonite
|-boost|p2a: Dragonite|atk|1
|-boost|p2a: Dragonite|spe|1
|
|-heal|p1a: Ferrothorn|96/100|[from] item: Leftovers
|upkeep
|turn|16
|
|t:|1656301829
|move|p2a: Dragonite|Dragon Dance|p2a: Dragonite
|-boost|p2a: Dragonite|atk|1
|-boost|p2a: Dragonite|spe|1
|move|p1a: Ferrothorn|Gyro Ball|p2a: Dragonite
|-damage|p2a: Dragonite|31/100
|
|-heal|p1a: Ferrothorn|100/100|[from] item: Leftovers
|upkeep
|turn|17
|
|t:|1656301835
|move|p2a: Dragonite|Fire Punch|p1a: Ferrothorn
|-supereffective|p1a: Ferrothorn
|-damage|p1a: Ferrothorn|0 fnt
|-damage|p2a: Dragonite|19/100|[from] ability: Iron Barbs|[of] p1a: Ferrothorn
|faint|p1a: Ferrothorn
|
|upkeep
|
|t:|1656301843
|switch|p1a: Dragonite|Dragonite, F|100/100
|turn|18
|
|t:|1656301852
|move|p2a: Dragonite|Ice Punch|p1a: Dragonite
|-supereffective|p1a: Dragonite
|-damage|p1a: Dragonite|0 fnt
|faint|p1a: Dragonite
|
|upkeep
|c|☆IMSOMALD|gg
|-message|IMSOMALD forfeited.
|
|win|FavMon=Garchomp
|l|☆IMSOMALD
|c|☆FavMon=Garchomp|gg
