|j|☆Only_Pseudos
|j|☆Ferrothornail草钢甲
|t:|1663387253
|gametype|singles
|player|p1|Only_Pseudos|red-gen2|1757
|player|p2|Ferrothornail草钢甲|lillie|1792
|teamsize|p1|6
|teamsize|p2|6
|gen|8
|tier|[Gen 8] OU
|rated|
|rule|Sleep Clause Mod: Limit one foe put to sleep
|rule|Species Clause: Limit one of each Pokémon
|rule|OHKO Clause: OHKO moves are banned
|rule|Evasion Items Clause: Evasion items are banned
|rule|Evasion Moves Clause: Evasion moves are banned
|rule|Endless Battle Clause: Forcing endless battles is banned
|rule|HP Percentage Mod: HP is shown in percentages
|rule|Dynamax Clause: You cannot dynamax
|clearpoke
|poke|p1|Dragonite, M|
|poke|p1|Tyranitar, M|
|poke|p1|Metagross|
|poke|p1|Garchomp, M|
|poke|p1|Hydreigon, M|
|poke|p1|Kommo-o, M|
|poke|p2|Hatterene, F|
|poke|p2|Porygon2|
|poke|p2|Cresselia, F|
|poke|p2|Marowak-Alola, M|
|poke|p2|Crawdaunt, M|
|poke|p2|Melmetal|
|teampreview
|c|☆Only_Pseudos|hf
|j| Hi I'm Lati
|
|t:|1663387271
|start
|switch|p1a: See me grossing|Metagross|100/100
|switch|p2a: Hatterene|Hatterene, F|100/100
|turn|1
|
|t:|1663387273
|move|p1a: See me grossing|Meteor Mash|p2a: Hatterene
|-supereffective|p2a: Hatterene
|-enditem|p2a: Hatterene|Focus Sash
|-damage|p2a: Hatterene|1/100
|-boost|p1a: See me grossing|atk|1
|move|p2a: Hatterene|Trick Room|p2a: Hatterene
|-fieldstart|move: Trick Room|[of] p2a: Hatterene
|
|upkeep
|turn|2
|
|t:|1663387278
|move|p1a: See me grossing|Bullet Punch|p2a: Hatterene
|-supereffective|p2a: Hatterene
|-damage|p2a: Hatterene|0 fnt
|faint|p2a: Hatterene
|
|upkeep
|
|t:|1663387280
|switch|p2a: Marowak|Marowak-Alola, M|100/100
|turn|3
|
|t:|1663387286
|switch|p1a: Getting Ahead|Hydreigon, M|100/100
|move|p2a: Marowak|Flare Blitz|p1a: Getting Ahead
|-resisted|p1a: Getting Ahead
|-damage|p1a: Getting Ahead|41/100
|
|upkeep
|turn|4
|
|t:|1663387292
|move|p2a: Marowak|Poltergeist|p1a: Getting Ahead
|-activate|p1a: Getting Ahead|move: Poltergeist|Choice Scarf
|-resisted|p1a: Getting Ahead
|-damage|p1a: Getting Ahead|0 fnt
|faint|p1a: Getting Ahead
|
|upkeep
|
|t:|1663387306
|switch|p1a: Quakes when I move|Garchomp, M|100/100
|turn|5
|
|t:|1663387318
|move|p2a: Marowak|Poltergeist|p1a: Quakes when I move
|-activate|p1a: Quakes when I move|move: Poltergeist|Life Orb
|-damage|p1a: Quakes when I move|11/100
|move|p1a: Quakes when I move|Stealth Rock|p2a: Marowak
|-sidestart|p2: Ferrothornail草钢甲|move: Stealth Rock
|
|-fieldend|move: Trick Room
|upkeep
|turn|6
|
|t:|1663387327
|switch|p1a: Blaze been crazy|Kommo-o, M|100/100
|switch|p2a: Cresselia|Cresselia, F|100/100
|-damage|p2a: Cresselia|88/100|[from] Stealth Rock
|
|upkeep
|turn|7
|
|t:|1663387331
|move|p1a: Blaze been crazy|Taunt|p2a: Cresselia
|-start|p2a: Cresselia|move: Taunt
|-enditem|p2a: Cresselia|Mental Herb
|-end|p2a: Cresselia|move: Taunt
|move|p2a: Cresselia|Trick Room|p2a: Cresselia
|-fieldstart|move: Trick Room|[of] p2a: Cresselia
|
|upkeep
|turn|8
|
|t:|1663387340
|switch|p2a: Melmetal|Melmetal|100/100
|-damage|p2a: Melmetal|94/100|[from] Stealth Rock
|move|p1a: Blaze been crazy|Clanging Scales|p2a: Melmetal
|-resisted|p2a: Melmetal
|-damage|p2a: Melmetal|69/100
|-unboost|p1a: Blaze been crazy|def|1
|-enditem|p1a: Blaze been crazy|Throat Spray
|-boost|p1a: Blaze been crazy|spa|1|[from] item: Throat Spray
|
|upkeep
|turn|9
|
|t:|1663387348
|switch|p1a: Quakes when I move|Garchomp, M|11/100
|move|p2a: Melmetal|Double Iron Bash|p1a: Quakes when I move
|-damage|p1a: Quakes when I move|0 fnt
|-damage|p2a: Melmetal|56/100|[from] ability: Rough Skin|[of] p1a: Quakes when I move
|faint|p1a: Quakes when I move
|-hitcount|p1: Quakes when I move|1
|
|upkeep
|
|t:|1663387351
|switch|p1a: See me grossing|Metagross|100/100
|turn|10
|
|t:|1663387363
|move|p2a: Melmetal|Double Iron Bash|p1a: See me grossing
|-resisted|p1a: See me grossing
|-damage|p1a: See me grossing|75/100
|-resisted|p1a: See me grossing
|-crit|p1a: See me grossing
|-damage|p1a: See me grossing|37/100
|-hitcount|p1a: See me grossing|2
|move|p1a: See me grossing|Earthquake|p2a: Melmetal
|-supereffective|p2a: Melmetal
|-damage|p2a: Melmetal|13/100
|
|upkeep
|turn|11
|
|t:|1663387366
|move|p1a: See me grossing|Bullet Punch|p2a: Melmetal
|-resisted|p2a: Melmetal
|-damage|p2a: Melmetal|7/100
|move|p2a: Melmetal|Double Iron Bash|p1a: See me grossing
|-resisted|p1a: See me grossing
|-damage|p1a: See me grossing|11/100
|-resisted|p1a: See me grossing
|-damage|p1a: See me grossing|0 fnt
|faint|p1a: See me grossing
|-hitcount|p1: See me grossing|2
|
|-fieldend|move: Trick Room
|upkeep
|
|t:|1663387373
|switch|p1a: Blaze been crazy|Kommo-o, M|100/100
|turn|12
|
|t:|1663387377
|move|p1a: Blaze been crazy|Clanging Scales|p2a: Melmetal
|-resisted|p2a: Melmetal
|-damage|p2a: Melmetal|0 fnt
|faint|p2a: Melmetal
|-unboost|p1a: Blaze been crazy|def|1
|
|upkeep
|
|t:|1663387386
|switch|p2a: Marowak|Marowak-Alola, M|100/100
|-damage|p2a: Marowak|76/100|[from] Stealth Rock
|turn|13
|
|t:|1663387397
|switch|p1a: See the 9 flash|Tyranitar, M|100/100
|-weather|Sandstorm|[from] ability: Sand Stream|[of] p1a: See the 9 flash
|move|p2a: Marowak|Flare Blitz|p1a: See the 9 flash
|-resisted|p1a: See the 9 flash
|-damage|p1a: See the 9 flash|59/100
|
|-weather|Sandstorm|[upkeep]
|-damage|p2a: Marowak|70/100|[from] Sandstorm
|upkeep
|turn|14
|
|t:|1663387410
|move|p1a: See the 9 flash|Crunch|p2a: Marowak
|-supereffective|p2a: Marowak
|-damage|p2a: Marowak|0 fnt
|faint|p2a: Marowak
|
|-weather|Sandstorm|[upkeep]
|upkeep
|
|t:|1663387416
|switch|p2a: Porygon2|Porygon2|100/100
|-damage|p2a: Porygon2|88/100|[from] Stealth Rock
|-ability|p2a: Porygon2|Download|boost
|-boost|p2a: Porygon2|spa|1
|turn|15
|
|t:|1663387418
|move|p1a: See the 9 flash|Crunch|p2a: Porygon2
|-damage|p2a: Porygon2|40/100
|move|p2a: Porygon2|Trick Room|p2a: Porygon2
|-fieldstart|move: Trick Room|[of] p2a: Porygon2
|
|-weather|Sandstorm|[upkeep]
|-damage|p2a: Porygon2|34/100|[from] Sandstorm
|upkeep
|turn|16
|
|t:|1663387421
|switch|p2a: Crawdaunt|Crawdaunt, M|100/100
|-damage|p2a: Crawdaunt|88/100|[from] Stealth Rock
|move|p1a: See the 9 flash|Crunch|p2a: Crawdaunt
|-resisted|p2a: Crawdaunt
|-damage|p2a: Crawdaunt|45/100
|
|-weather|Sandstorm|[upkeep]
|-damage|p2a: Crawdaunt|39/100|[from] Sandstorm
|upkeep
|turn|17
|
|t:|1663387430
|switch|p1a: Blaze been crazy|Kommo-o, M|100/100
|move|p2a: Crawdaunt|Crabhammer|p1a: Blaze been crazy
|-resisted|p1a: Blaze been crazy
|-damage|p1a: Blaze been crazy|52/100
|-damage|p2a: Crawdaunt|29/100|[from] item: Life Orb
|
|-weather|none
|upkeep
|turn|18
|-message|Ferrothornail草钢甲 forfeited.
|
|win|Only_Pseudos
|raw|Only_Pseudos's rating: 1757 &rarr; <strong>1779</strong><br />(+22 for winning)
|raw|Ferrothornail草钢甲's rating: 1792 &rarr; <strong>1770</strong><br />(-22 for losing)
|l|☆Ferrothornail草钢甲
