|j|☆atvin
|j|☆wish kisser
|t:|1661712306
|gametype|singles
|player|p1|atvin|266|1753
|player|p2|wish kisser|ethan|1724
|teamsize|p1|6
|teamsize|p2|6
|gen|8
|tier|[Gen 8] OU
|rated|
|rule|Sleep Clause Mod: Limit one foe put to sleep
|rule|Species Clause: Limit one of each Pokémon
|rule|OHKO Clause: OHKO moves are banned
|rule|Evasion Items Clause: Evasion items are banned
|rule|Evasion Moves Clause: Evasion moves are banned
|rule|Endless Battle Clause: Forcing endless battles is banned
|rule|HP Percentage Mod: HP is shown in percentages
|rule|Dynamax Clause: You cannot dynamax
|clearpoke
|poke|p1|Kartana|
|poke|p1|Landorus-Therian, M|
|poke|p1|Bisharp, F|
|poke|p1|Scizor, M|
|poke|p1|Blaziken, M|
|poke|p1|Dragapult, M|
|poke|p2|Dragapult, F|
|poke|p2|Zapdos|
|poke|p2|Nihilego|
|poke|p2|Ferrothorn, M|
|poke|p2|Landorus-Therian, M|
|poke|p2|Crawdaunt, M|
|teampreview
|
|t:|1661712327
|start
|switch|p1a: Landorus|Landorus-Therian, M|100/100
|switch|p2a: Dragapult|Dragapult, F|100/100
|-ability|p1a: Landorus|Intimidate|boost
|-unboost|p2a: Dragapult|atk|1
|turn|1
|j| Flying ducheman
|
|t:|1661712331
|move|p2a: Dragapult|Shadow Ball|p1a: Landorus
|-damage|p1a: Landorus|21/100
|-unboost|p1a: Landorus|spd|1
|move|p1a: Landorus|Earthquake|p2a: Dragapult
|-damage|p2a: Dragapult|17/100
|
|upkeep
|turn|2
|l| Flying ducheman
|
|t:|1661712341
|switch|p1a: Bisharp|Bisharp, F|100/100
|move|p2a: Dragapult|Shadow Ball|p1a: Bisharp
|-resisted|p1a: Bisharp
|-damage|p1a: Bisharp|56/100
|
|upkeep
|turn|3
|
|t:|1661712345
|move|p2a: Dragapult|Shadow Ball|p1a: Bisharp
|-resisted|p1a: Bisharp
|-damage|p1a: Bisharp|10/100
|move|p1a: Bisharp|Knock Off|p2a: Dragapult
|-supereffective|p2a: Dragapult
|-damage|p2a: Dragapult|0 fnt
|-enditem|p2a: Dragapult|Choice Specs|[from] move: Knock Off|[of] p1a: Bisharp
|faint|p2a: Dragapult
|
|upkeep
|
|t:|1661712350
|switch|p2a: Ferrothorn|Ferrothorn, M|100/100
|turn|4
|
|t:|1661712356
|switch|p1a: Blaziken|Blaziken, M|100/100
|move|p2a: Ferrothorn|Stealth Rock|p1a: Blaziken
|-sidestart|p1: atvin|move: Stealth Rock
|
|upkeep
|turn|5
|
|t:|1661712359
|switch|p2a: Landorus|Landorus-Therian, M|100/100
|-ability|p2a: Landorus|Intimidate|boost
|-unboost|p1a: Blaziken|atk|1
|move|p1a: Blaziken|Flare Blitz|p2a: Landorus
|-damage|p2a: Landorus|47/100
|-damage|p1a: Blaziken|78/100|[from] Recoil
|-damage|p1a: Blaziken|68/100|[from] item: Life Orb
|
|-heal|p2a: Landorus|53/100|[from] item: Leftovers
|-ability|p1a: Blaziken|Speed Boost|boost
|-boost|p1a: Blaziken|spe|1
|upkeep
|turn|6
|
|t:|1661712365
|switch|p2a: Zapdos|Zapdos|100/100
|move|p1a: Blaziken|Flare Blitz|p2a: Zapdos
|-damage|p2a: Zapdos|35/100
|-damage|p1a: Blaziken|45/100|[from] Recoil
|-damage|p1a: Blaziken|35/100|[from] item: Life Orb
|
|-ability|p1a: Blaziken|Speed Boost|boost
|-boost|p1a: Blaziken|spe|1
|upkeep
|turn|7
|
|t:|1661712370
|switch|p2a: Landorus|Landorus-Therian, M|53/100
|-ability|p2a: Landorus|Intimidate|boost
|-unboost|p1a: Blaziken|atk|1
|move|p1a: Blaziken|Flare Blitz|p2a: Landorus
|-damage|p2a: Landorus|9/100
|-status|p2a: Landorus|brn
|-damage|p1a: Blaziken|17/100|[from] Recoil
|-damage|p1a: Blaziken|7/100|[from] item: Life Orb
|
|-heal|p2a: Landorus|15/100 brn|[from] item: Leftovers
|-damage|p2a: Landorus|9/100 brn|[from] brn
|-ability|p1a: Blaziken|Speed Boost|boost
|-boost|p1a: Blaziken|spe|1
|upkeep
|turn|8
|
|t:|1661712377
|move|p1a: Blaziken|Flare Blitz|p2a: Landorus
|-damage|p2a: Landorus|0 fnt
|faint|p2a: Landorus
|-damage|p1a: Blaziken|3/100|[from] Recoil
|-damage|p1a: Blaziken|0 fnt|[from] item: Life Orb
|faint|p1a: Blaziken
|
|upkeep
|
|t:|1661712402
|switch|p1a: Bisharp|Bisharp, F|10/100
|switch|p2a: Zapdos|Zapdos|35/100
|-damage|p1a: Bisharp|3/100|[from] Stealth Rock
|turn|9
|
|t:|1661712409
|move|p2a: Zapdos|Heat Wave|p1a: Bisharp
|-supereffective|p1a: Bisharp
|-damage|p1a: Bisharp|0 fnt
|faint|p1a: Bisharp
|
|upkeep
|
|t:|1661712412
|switch|p1a: Dragapult|Dragapult, M|100/100
|-damage|p1a: Dragapult|88/100|[from] Stealth Rock
|turn|10
|
|t:|1661712414
|move|p1a: Dragapult|Shadow Ball|p2a: Zapdos
|-damage|p2a: Zapdos|0 fnt
|faint|p2a: Zapdos
|
|upkeep
|
|t:|1661712418
|switch|p2a: Nihilego|Nihilego|100/100
|turn|11
|
|t:|1661712421
|switch|p1a: Landorus|Landorus-Therian, M|21/100
|-damage|p1a: Landorus|9/100|[from] Stealth Rock
|-ability|p1a: Landorus|Intimidate|boost
|-unboost|p2a: Nihilego|atk|1
|move|p2a: Nihilego|Power Gem|p1a: Landorus
|-damage|p1a: Landorus|0 fnt
|faint|p1a: Landorus
|-ability|p2a: Nihilego|Beast Boost|boost
|-boost|p2a: Nihilego|spe|1
|
|upkeep
|
|t:|1661712433
|switch|p1a: Scizor|Scizor, M|100/100
|-damage|p1a: Scizor|88/100|[from] Stealth Rock
|turn|12
|
|t:|1661712442
|move|p1a: Scizor|Bullet Punch|p2a: Nihilego
|-supereffective|p2a: Nihilego
|-damage|p2a: Nihilego|0 fnt
|faint|p2a: Nihilego
|-damage|p1a: Scizor|78/100|[from] item: Life Orb
|
|upkeep
|
|t:|1661712445
|switch|p2a: Ferrothorn|Ferrothorn, M|100/100
|turn|13
|
|t:|1661712448
|move|p1a: Scizor|Swords Dance|p1a: Scizor
|-boost|p1a: Scizor|atk|2
|move|p2a: Ferrothorn|Body Press|p1a: Scizor
|-damage|p1a: Scizor|41/100
|
|upkeep
|turn|14
|
|t:|1661712450
|switch|p2a: Crawdaunt|Crawdaunt, M|100/100
|move|p1a: Scizor|Superpower|p2a: Crawdaunt
|-supereffective|p2a: Crawdaunt
|-damage|p2a: Crawdaunt|0 fnt
|-unboost|p1a: Scizor|atk|1
|-unboost|p1a: Scizor|def|1
|faint|p2a: Crawdaunt
|-damage|p1a: Scizor|31/100|[from] item: Life Orb
|
|upkeep
|
|t:|1661712454
|switch|p2a: Ferrothorn|Ferrothorn, M|100/100
|turn|15
|
|t:|1661712456
|move|p1a: Scizor|Superpower|p2a: Ferrothorn
|-supereffective|p2a: Ferrothorn
|-damage|p2a: Ferrothorn|4/100
|-unboost|p1a: Scizor|atk|1
|-unboost|p1a: Scizor|def|1
|-damage|p1a: Scizor|18/100|[from] ability: Iron Barbs|[of] p2a: Ferrothorn
|-damage|p1a: Scizor|8/100|[from] item: Life Orb
|move|p2a: Ferrothorn|Body Press|p1a: Scizor
|-damage|p1a: Scizor|0 fnt
|faint|p1a: Scizor
|
|-heal|p2a: Ferrothorn|11/100|[from] item: Leftovers
|upkeep
|
|t:|1661712460
|switch|p1a: Dragapult|Dragapult, M|88/100
|-damage|p1a: Dragapult|76/100|[from] Stealth Rock
|turn|16
|
|t:|1661712462
|move|p1a: Dragapult|Draco Meteor|p2a: Ferrothorn
|-resisted|p2a: Ferrothorn
|-damage|p2a: Ferrothorn|0 fnt
|-unboost|p1a: Dragapult|spa|2
|faint|p2a: Ferrothorn
|
|win|atvin
|raw|atvin's rating: 1753 &rarr; <strong>1771</strong><br />(+18 for winning)
|raw|wish kisser's rating: 1724 &rarr; <strong>1706</strong><br />(-18 for losing)
|l|☆wish kisser
