|j|☆Ill Leave
|j|☆baigu
|t:|1659761757
|gametype|singles
|player|p1|Ill Leave|169|1640
|player|p2|baigu|265|1629
|teamsize|p1|6
|teamsize|p2|6
|gen|8
|tier|[Gen 8] OU
|rated|
|rule|Sleep Clause Mod: Limit one foe put to sleep
|rule|Species Clause: Limit one of each Pokémon
|rule|OHKO Clause: OHKO moves are banned
|rule|Evasion Items Clause: Evasion items are banned
|rule|Evasion Moves Clause: Evasion moves are banned
|rule|Endless Battle Clause: Forcing endless battles is banned
|rule|HP Percentage Mod: HP is shown in percentages
|rule|Dynamax Clause: You cannot dynamax
|clearpoke
|poke|p1|Nihilego|
|poke|p1|Slowking-Galar, F|
|poke|p1|Buzzwole|
|poke|p1|Corviknight, M|
|poke|p1|Landorus-Therian, M|
|poke|p1|Zapdos-Galar|
|poke|p2|Barraskewda, M|
|poke|p2|Pelipper, M|
|poke|p2|Ferrothorn, F|
|poke|p2|Tornadus-Therian, M|
|poke|p2|Swampert, M|
|poke|p2|Volcanion|
|teampreview
|
|t:|1659761767
|start
|switch|p1a: Nihilego|Nihilego|100/100
|switch|p2a: Swampert|Swampert, M|100/100
|turn|1
|inactive|Battle timer is ON: inactive players will automatically lose when time's up. (requested by baigu)
|
|t:|1659761772
|switch|p2a: Ferrothorn|Ferrothorn, F|100/100
|move|p1a: Nihilego|Toxic Spikes|p2a: Ferrothorn
|-sidestart|p2: baigu|move: Toxic Spikes
|
|upkeep
|turn|2
|
|t:|1659761782
|switch|p1a: Zapdos|Zapdos-Galar|100/100
|move|p2a: Ferrothorn|Knock Off|p1a: Zapdos
|-resisted|p1a: Zapdos
|-damage|p1a: Zapdos|87/100
|-enditem|p1a: Zapdos|Choice Band|[from] move: Knock Off|[of] p2a: Ferrothorn
|
|upkeep
|turn|3
|
|t:|1659761789
|switch|p2a: Tornadus|Tornadus-Therian, M, shiny|100/100
|move|p1a: Zapdos|Brave Bird|p2a: Tornadus
|-damage|p2a: Tornadus|36/100
|-damage|p1a: Zapdos|63/100|[from] Recoil
|
|upkeep
|turn|4
|
|t:|1659761796
|move|p2a: Tornadus|Hurricane|p1a: Zapdos|[miss]
|-miss|p2a: Tornadus|p1a: Zapdos
|move|p1a: Zapdos|Brave Bird|p2a: Tornadus
|-damage|p2a: Tornadus|0 fnt
|faint|p2a: Tornadus
|-damage|p1a: Zapdos|50/100|[from] Recoil
|
|upkeep
|
|t:|1659761802
|switch|p2a: Barraskewda|Barraskewda, M, shiny|100/100
|-status|p2a: Barraskewda|psn
|turn|5
|
|t:|1659761806
|switch|p1a: Buzzwole|Buzzwole|100/100
|move|p2a: Barraskewda|Psychic Fangs|p1a: Buzzwole
|-supereffective|p1a: Buzzwole
|-damage|p1a: Buzzwole|55/100
|-damage|p2a: Barraskewda|84/100 psn|[from] item: Rocky Helmet|[of] p1a: Buzzwole
|
|-damage|p2a: Barraskewda|72/100 psn|[from] psn
|upkeep
|turn|6
|
|t:|1659761812
|switch|p2a: Pelipper|Pelipper, M|100/100
|-weather|RainDance|[from] ability: Drizzle|[of] p2a: Pelipper
|move|p1a: Buzzwole|Roost|p1a: Buzzwole
|-heal|p1a: Buzzwole|100/100
|-singleturn|p1a: Buzzwole|move: Roost
|
|-weather|RainDance|[upkeep]
|upkeep
|turn|7
|
|t:|1659761818
|switch|p1a: Slowking|Slowking-Galar, F|100/100
|move|p2a: Pelipper|Defog|p1a: Slowking
|-unboost|p1a: Slowking|evasion|1
|-sideend|p2: baigu|Toxic Spikes|[from] move: Defog|[of] p2a: Pelipper
|
|-weather|RainDance|[upkeep]
|upkeep
|turn|8
|
|t:|1659761821
|switch|p2a: Volcanion|Volcanion|100/100
|move|p1a: Slowking|Future Sight|p2a: Volcanion
|-start|p1a: Slowking|move: Future Sight
|
|-weather|RainDance|[upkeep]
|upkeep
|turn|9
|
|t:|1659761825
|move|p2a: Volcanion|Steam Eruption|p1a: Slowking
|-damage|p1a: Slowking|38/100
|move|p1a: Slowking|Earthquake|p2a: Volcanion
|-supereffective|p2a: Volcanion
|-damage|p2a: Volcanion|68/100
|
|-weather|RainDance|[upkeep]
|upkeep
|turn|10
|
|t:|1659761853
|switch|p1a: Landorus|Landorus-Therian, M|100/100
|-ability|p1a: Landorus|Intimidate|boost
|-unboost|p2a: Volcanion|atk|1
|move|p2a: Volcanion|Steam Eruption|p1a: Landorus
|-supereffective|p1a: Landorus
|-damage|p1a: Landorus|0 fnt
|faint|p1a: Landorus
|
|-weather|RainDance|[upkeep]
|-end|p2a: Volcanion|move: Future Sight
|-damage|p2a: Volcanion|2/100
|upkeep
|
|t:|1659761863
|switch|p1a: Zapdos|Zapdos-Galar|50/100
|turn|11
|
|t:|1659761872
|switch|p2a: Swampert|Swampert, M|100/100
|move|p1a: Zapdos|U-turn|p2a: Swampert
|-damage|p2a: Swampert|79/100
|
|t:|1659761880
|switch|p1a: Buzzwole|Buzzwole|100/100|[from]move: U-turn
|
|-weather|RainDance|[upkeep]
|-heal|p2a: Swampert|85/100|[from] item: Leftovers
|upkeep
|turn|12
|
|t:|1659761884
|move|p1a: Buzzwole|Bulk Up|p1a: Buzzwole
|-boost|p1a: Buzzwole|atk|1
|-boost|p1a: Buzzwole|def|1
|move|p2a: Swampert|Flip Turn|p1a: Buzzwole
|-damage|p1a: Buzzwole|89/100
|-damage|p2a: Swampert|69/100|[from] item: Rocky Helmet|[of] p1a: Buzzwole
|
|t:|1659761886
|switch|p2a: Volcanion|Volcanion|2/100|[from]move: Flip Turn
|
|-weather|RainDance|[upkeep]
|upkeep
|turn|13
|
|t:|1659761893
|switch|p1a: Slowking|Slowking-Galar, F|71/100
|move|p2a: Volcanion|Steam Eruption|p1a: Slowking
|-damage|p1a: Slowking|6/100
|
|-weather|none
|upkeep
|turn|14
|
|t:|1659761898
|move|p2a: Volcanion|Steam Eruption|p1a: Slowking
|-damage|p1a: Slowking|0 fnt
|faint|p1a: Slowking
|
|upkeep
|
|t:|1659761901
|switch|p1a: Zapdos|Zapdos-Galar|50/100
|turn|15
|
|t:|1659761909
|switch|p2a: Ferrothorn|Ferrothorn, F|100/100
|move|p1a: Zapdos|Brave Bird|p2a: Ferrothorn
|-damage|p2a: Ferrothorn|66/100
|-damage|p1a: Zapdos|38/100|[from] ability: Iron Barbs|[of] p2a: Ferrothorn
|-damage|p1a: Zapdos|25/100|[from] Recoil
|
|-heal|p2a: Ferrothorn|73/100|[from] item: Leftovers
|upkeep
|turn|16
|
|t:|1659761917
|switch|p2a: Pelipper|Pelipper, M|100/100
|-weather|RainDance|[from] ability: Drizzle|[of] p2a: Pelipper
|move|p1a: Zapdos|Close Combat|p2a: Pelipper
|-resisted|p2a: Pelipper
|-damage|p2a: Pelipper|77/100
|-unboost|p1a: Zapdos|def|1
|-unboost|p1a: Zapdos|spd|1
|
|-weather|RainDance|[upkeep]
|upkeep
|turn|17
|
|t:|1659761923
|move|p1a: Zapdos|Brave Bird|p2a: Pelipper
|-damage|p2a: Pelipper|28/100
|-damage|p1a: Zapdos|9/100|[from] Recoil
|move|p2a: Pelipper|U-turn|p1a: Zapdos
|-resisted|p1a: Zapdos
|-damage|p1a: Zapdos|5/100
|
|t:|1659761926
|switch|p2a: Barraskewda|Barraskewda, M, shiny|72/100 psn|[from]move: U-turn
|
|-weather|RainDance|[upkeep]
|-damage|p2a: Barraskewda|60/100 psn|[from] psn
|upkeep
|turn|18
|
|t:|1659761932
|move|p2a: Barraskewda|Flip Turn|p1a: Zapdos
|-damage|p1a: Zapdos|0 fnt
|faint|p1a: Zapdos
|
|t:|1659761940
|switch|p2a: Swampert|Swampert, M|69/100|[from]move: Flip Turn
|
|-weather|RainDance|[upkeep]
|-heal|p2a: Swampert|75/100|[from] item: Leftovers
|upkeep
|
|t:|1659761946
|switch|p1a: Buzzwole|Buzzwole|89/100
|turn|19
|
|t:|1659761952
|move|p1a: Buzzwole|Bulk Up|p1a: Buzzwole
|-boost|p1a: Buzzwole|atk|1
|-boost|p1a: Buzzwole|def|1
|move|p2a: Swampert|Toxic|p1a: Buzzwole
|-status|p1a: Buzzwole|tox
|
|-weather|RainDance|[upkeep]
|-heal|p2a: Swampert|81/100|[from] item: Leftovers
|-damage|p1a: Buzzwole|83/100 tox|[from] psn
|upkeep
|turn|20
|
|t:|1659761958
|move|p1a: Buzzwole|Drain Punch|p2a: Swampert
|-damage|p2a: Swampert|37/100
|-heal|p1a: Buzzwole|100/100 tox|[from] drain|[of] p2a: Swampert
|move|p2a: Swampert|Flip Turn|p1a: Buzzwole
|-damage|p1a: Buzzwole|89/100 tox
|-damage|p2a: Swampert|20/100|[from] item: Rocky Helmet|[of] p1a: Buzzwole
|
|t:|1659761962
|switch|p2a: Volcanion|Volcanion|2/100|[from]move: Flip Turn
|
|-weather|RainDance|[upkeep]
|-damage|p1a: Buzzwole|77/100 tox|[from] psn
|upkeep
|turn|21
|
|t:|1659761968
|move|p2a: Volcanion|Steam Eruption|p1a: Buzzwole
|-damage|p1a: Buzzwole|0 fnt
|faint|p1a: Buzzwole
|
|-weather|RainDance|[upkeep]
|upkeep
|
|t:|1659761971
|switch|p1a: Nihilego|Nihilego|100/100
|turn|22
|
|t:|1659761974
|switch|p2a: Swampert|Swampert, M|20/100
|move|p1a: Nihilego|Toxic Spikes|p2a: Swampert
|-sidestart|p2: baigu|move: Toxic Spikes
|
|-weather|RainDance|[upkeep]
|-heal|p2a: Swampert|26/100|[from] item: Leftovers
|upkeep
|turn|23
|
|t:|1659761982
|move|p1a: Nihilego|Meteor Beam||[still]
|-prepare|p1a: Nihilego|Meteor Beam
|-boost|p1a: Nihilego|spa|1
|-enditem|p1a: Nihilego|Power Herb
|-anim|p1a: Nihilego|Meteor Beam|p2a: Swampert
|-resisted|p2a: Swampert
|-damage|p2a: Swampert|0 fnt
|faint|p2a: Swampert
|-ability|p1a: Nihilego|Beast Boost|boost
|-boost|p1a: Nihilego|spe|1
|
|-weather|none
|upkeep
|
|t:|1659761985
|switch|p2a: Pelipper|Pelipper, M|28/100
|-weather|RainDance|[from] ability: Drizzle|[of] p2a: Pelipper
|turn|24
|
|t:|1659761998
|move|p1a: Nihilego|Power Gem|p2a: Pelipper
|-supereffective|p2a: Pelipper
|-damage|p2a: Pelipper|0 fnt
|faint|p2a: Pelipper
|-ability|p1a: Nihilego|Beast Boost|boost
|-boost|p1a: Nihilego|spe|1
|
|-weather|RainDance|[upkeep]
|upkeep
|
|t:|1659762003
|switch|p2a: Barraskewda|Barraskewda, M, shiny|60/100 psn
|turn|25
|inactive|baigu has 120 seconds left.
|
|t:|1659762052
|move|p2a: Barraskewda|Waterfall|p1a: Nihilego
|-supereffective|p1a: Nihilego
|-damage|p1a: Nihilego|0 fnt
|faint|p1a: Nihilego
|
|-weather|RainDance|[upkeep]
|-damage|p2a: Barraskewda|48/100 psn|[from] psn
|upkeep
|
|t:|1659762058
|switch|p1a: Corviknight|Corviknight, M|100/100
|-ability|p1a: Corviknight|Pressure
|turn|26
|
|t:|1659762061
|move|p2a: Barraskewda|Waterfall|p1a: Corviknight
|-damage|p1a: Corviknight|17/100
|move|p1a: Corviknight|Bulk Up|p1a: Corviknight
|-boost|p1a: Corviknight|atk|1
|-boost|p1a: Corviknight|def|1
|
|-weather|RainDance|[upkeep]
|-heal|p1a: Corviknight|23/100|[from] item: Leftovers
|-damage|p2a: Barraskewda|35/100 psn|[from] psn
|upkeep
|turn|27
|
|t:|1659762065
|move|p2a: Barraskewda|Waterfall|p1a: Corviknight
|-damage|p1a: Corviknight|0 fnt
|faint|p1a: Corviknight
|
|win|baigu
|raw|Ill Leave's rating: 1640 &rarr; <strong>1619</strong><br />(-21 for losing)
|raw|baigu's rating: 1629 &rarr; <strong>1650</strong><br />(+21 for winning)
