|j|☆Lemon Ginger
|j|☆cute pink team
|t:|1665505546
|gametype|singles
|player|p1|Lemon Ginger|1|1674
|player|p2|cute pink team|misty-gen1|1734
|teamsize|p1|6
|teamsize|p2|6
|gen|8
|tier|[Gen 8] OU
|rated|
|rule|Sleep Clause Mod: Limit one foe put to sleep
|rule|Species Clause: Limit one of each Pokémon
|rule|OHKO Clause: OHKO moves are banned
|rule|Evasion Items Clause: Evasion items are banned
|rule|Evasion Moves Clause: Evasion moves are banned
|rule|Endless Battle Clause: Forcing endless battles is banned
|rule|HP Percentage Mod: HP is shown in percentages
|rule|Dynamax Clause: You cannot dynamax
|clearpoke
|poke|p1|Blacephalon|
|poke|p1|Tapu Lele|
|poke|p1|Landorus-Therian, M|
|poke|p1|Slurpuff, F|
|poke|p1|Regieleki|
|poke|p1|Gengar, M|
|poke|p2|Quagsire, M|
|poke|p2|Corviknight, M|
|poke|p2|Zapdos|
|poke|p2|Volcanion|
|poke|p2|Dragapult, M|
|poke|p2|Blissey, F|
|teampreview
|j| MarburgCOVEbola
|j| sameoldtricks
|
|t:|1665505568
|start
|switch|p1a: Slurpuff|Slurpuff, F|100/100
|switch|p2a: Dragapult|Dragapult, M|100/100
|turn|1
|
|t:|1665505571
|move|p2a: Dragapult|Shadow Ball|p1a: Slurpuff
|-damage|p1a: Slurpuff|10/100
|move|p1a: Slurpuff|Sticky Web|p2a: Dragapult
|-sidestart|p2: cute pink team|move: Sticky Web
|
|upkeep
|turn|2
|
|t:|1665505578
|switch|p2a: Corviknight|Corviknight, M|100/100
|-ability|p2a: Corviknight|Pressure
|move|p1a: Slurpuff|Misty Explosion|p2a: Corviknight
|-resisted|p2a: Corviknight
|-damage|p2a: Corviknight|87/100
|faint|p1a: Slurpuff
|
|-heal|p2a: Corviknight|93/100|[from] item: Leftovers
|upkeep
|
|t:|1665505580
|switch|p1a: Tapu Lele|Tapu Lele|100/100
|-fieldstart|move: Psychic Terrain|[from] ability: Psychic Surge|[of] p1a: Tapu Lele
|turn|3
|
|t:|1665505595
|move|p1a: Tapu Lele|Taunt|p2a: Corviknight
|-start|p2a: Corviknight|move: Taunt
|cant|p2a: Corviknight|move: Taunt|Roost
|
|-heal|p2a: Corviknight|99/100|[from] item: Leftovers
|upkeep
|turn|4
|
|t:|1665505597
|move|p1a: Tapu Lele|Nature's Madness|p2a: Corviknight|[miss]
|-miss|p1a: Tapu Lele|p2a: Corviknight
|move|p2a: Corviknight|Brave Bird|p1a: Tapu Lele
|-damage|p1a: Tapu Lele|42/100
|-damage|p2a: Corviknight|86/100|[from] Recoil
|
|-heal|p2a: Corviknight|92/100|[from] item: Leftovers
|upkeep
|turn|5
|
|t:|1665505599
|move|p1a: Tapu Lele|Nature's Madness|p2a: Corviknight
|-damage|p2a: Corviknight|46/100
|move|p2a: Corviknight|Brave Bird|p1a: Tapu Lele
|-damage|p1a: Tapu Lele|0 fnt
|faint|p1a: Tapu Lele
|-damage|p2a: Corviknight|37/100|[from] Recoil
|
|-heal|p2a: Corviknight|43/100|[from] item: Leftovers
|-end|p2a: Corviknight|move: Taunt
|upkeep
|
|t:|1665505602
|switch|p1a: Blacephalon|Blacephalon|100/100
|turn|6
|
|t:|1665505610
|switch|p1a: Regieleki|Regieleki|100/100
|switch|p2a: Blissey|Blissey, F|100/100
|-activate|p2a: Blissey|move: Sticky Web
|-unboost|p2a: Blissey|spe|1
|
|upkeep
|turn|7
|
|t:|1665505614
|move|p1a: Regieleki|Wild Charge|p2a: Blissey
|-damage|p2a: Blissey|0 fnt
|faint|p2a: Blissey
|-damage|p1a: Regieleki|41/100|[from] Recoil
|-damage|p1a: Regieleki|31/100|[from] item: Life Orb
|
|upkeep
|j| Youressi
|inactive|Battle timer is ON: inactive players will automatically lose when time's up. (requested by Lemon Ginger)
|
|t:|1665505622
|switch|p2a: Quagsire|Quagsire, M|100/100
|-activate|p2a: Quagsire|move: Sticky Web
|-unboost|p2a: Quagsire|spe|1
|turn|8
|
|t:|1665505624
|move|p1a: Regieleki|Explosion|p2a: Quagsire
|-damage|p2a: Quagsire|32/100
|faint|p1a: Regieleki
|move|p2a: Quagsire|Scald|p1: Regieleki|[notarget]
|-fail|p2a: Quagsire
|
|-heal|p2a: Quagsire|39/100|[from] item: Leftovers
|upkeep
|
|t:|1665505627
|switch|p1a: Blacephalon|Blacephalon|100/100
|turn|9
|j| Blyksnis
|
|t:|1665505629
|switch|p2a: Dragapult|Dragapult, M|100/100
|-activate|p2a: Dragapult|move: Sticky Web
|-unboost|p2a: Dragapult|spe|1
|move|p1a: Blacephalon|Expanding Force|p2a: Dragapult
|-damage|p2a: Dragapult|15/100
|
|upkeep
|turn|10
|
|t:|1665505633
|switch|p2a: Corviknight|Corviknight, M|43/100
|-ability|p2a: Corviknight|Pressure
|move|p1a: Blacephalon|Shadow Ball|p2a: Corviknight
|-damage|p2a: Corviknight|10/100
|
|-heal|p2a: Corviknight|16/100|[from] item: Leftovers
|-fieldend|move: Psychic Terrain
|upkeep
|turn|11
|
|t:|1665505640
|move|p1a: Blacephalon|Shadow Ball|p2a: Corviknight
|-damage|p2a: Corviknight|0 fnt
|faint|p2a: Corviknight
|-ability|p1a: Blacephalon|Beast Boost|boost
|-boost|p1a: Blacephalon|spa|1
|
|upkeep
|
|t:|1665505642
|switch|p2a: Volcanion|Volcanion|100/100
|-activate|p2a: Volcanion|move: Sticky Web
|-unboost|p2a: Volcanion|spe|1
|turn|12
|
|t:|1665505646
|move|p1a: Blacephalon|Shadow Ball|p2a: Volcanion
|-damage|p2a: Volcanion|14/100
|-unboost|p2a: Volcanion|spd|1
|move|p2a: Volcanion|Steam Eruption|p1a: Blacephalon
|-supereffective|p1a: Blacephalon
|-crit|p1a: Blacephalon
|-enditem|p1a: Blacephalon|Focus Sash
|-damage|p1a: Blacephalon|1/100
|
|upkeep
|turn|13
|j| testingteams888
|
|t:|1665505653
|move|p1a: Blacephalon|Shadow Ball|p2a: Volcanion
|-damage|p2a: Volcanion|0 fnt
|faint|p2a: Volcanion
|-ability|p1a: Blacephalon|Beast Boost|boost
|-boost|p1a: Blacephalon|spa|1
|
|upkeep
|-message|cute pink team forfeited.
|
|win|Lemon Ginger
|raw|Lemon Ginger's rating: 1674 &rarr; <strong>1697</strong><br />(+23 for winning)
|raw|cute pink team's rating: 1734 &rarr; <strong>1711</strong><br />(-23 for losing)
|l|☆cute pink team
|l| sameoldtricks
|c|☆Lemon Ginger|gg
|l| Blyksnis
|l| testingteams888
|l| Youressi
||Ladder isn't responding, score probably updated but might not have (Request timeout).
