|j|☆Chupinca X
|j|☆SuperTheoryBros
|t:|1663276720
|gametype|singles
|player|p1|Chupinca X|swimmerf-gen4|1729
|player|p2|SuperTheoryBros|102|1686
|teamsize|p1|6
|teamsize|p2|6
|gen|8
|tier|[Gen 8] OU
|rated|
|rule|Sleep Clause Mod: Limit one foe put to sleep
|rule|Species Clause: Limit one of each Pokémon
|rule|OHKO Clause: OHKO moves are banned
|rule|Evasion Items Clause: Evasion items are banned
|rule|Evasion Moves Clause: Evasion moves are banned
|rule|Endless Battle Clause: Forcing endless battles is banned
|rule|HP Percentage Mod: HP is shown in percentages
|rule|Dynamax Clause: You cannot dynamax
|clearpoke
|poke|p1|Zapdos-Galar|
|poke|p1|Bisharp, F|
|poke|p1|Dragapult, M|
|poke|p1|Heatran, M|
|poke|p1|Ferrothorn, M|
|poke|p1|Landorus-Therian, M|
|poke|p2|Chansey, F|
|poke|p2|Toxapex, M|
|poke|p2|Dragapult, F|
|poke|p2|Landorus-Therian, M|
|poke|p2|Ferrothorn, M|
|poke|p2|Hatterene, F|
|teampreview
|inactive|Battle timer is ON: inactive players will automatically lose when time's up. (requested by Chupinca X)
|
|t:|1663276752
|start
|switch|p1a: Zapdos|Zapdos-Galar|100/100
|switch|p2a: Dragapult|Dragapult, F|100/100
|turn|1
|
|t:|1663276771
|move|p2a: Dragapult|Scald|p1a: Zapdos
|-damage|p1a: Zapdos|70/100
|move|p1a: Zapdos|Brave Bird|p2a: Dragapult
|-damage|p2a: Dragapult|9/100
|-damage|p1a: Zapdos|40/100|[from] Recoil
|
|upkeep
|turn|2
|
|t:|1663276794
|switch|p1a: Dragapult|Dragapult, M|100/100
|move|p2a: Dragapult|Scald|p1a: Dragapult
|-resisted|p1a: Dragapult
|-damage|p1a: Dragapult|84/100
|
|upkeep
|turn|3
|
|t:|1663276807
|switch|p2a: Ferrothorn|Ferrothorn, M|100/100
|move|p1a: Dragapult|U-turn|p2a: Ferrothorn
|-damage|p2a: Ferrothorn|91/100
|-damage|p1a: Dragapult|71/100|[from] ability: Iron Barbs|[of] p2a: Ferrothorn
|
|t:|1663276810
|switch|p1a: Heatran|Heatran, M|100/100|[from]move: U-turn
|
|-heal|p2a: Ferrothorn|97/100|[from] item: Leftovers
|upkeep
|turn|4
|
|t:|1663276819
|switch|p2a: Toxapex|Toxapex, M|100/100
|move|p1a: Heatran|Magma Storm|p2a: Toxapex|[miss]
|-miss|p1a: Heatran|p2a: Toxapex
|
|upkeep
|turn|5
|
|t:|1663276826
|move|p1a: Heatran|Taunt|p2a: Toxapex
|-start|p2a: Toxapex|move: Taunt
|move|p2a: Toxapex|Knock Off|p1a: Heatran
|-damage|p1a: Heatran|87/100
|-enditem|p1a: Heatran|Leftovers|[from] move: Knock Off|[of] p2a: Toxapex
|
|upkeep
|turn|6
|
|t:|1663276844
|move|p1a: Heatran|Magma Storm|p2a: Toxapex
|-resisted|p2a: Toxapex
|-damage|p2a: Toxapex|78/100
|-activate|p2a: Toxapex|move: Magma Storm|[of] p1a: Heatran
|move|p2a: Toxapex|Knock Off|p1a: Heatran
|-damage|p1a: Heatran|78/100
|
|-damage|p2a: Toxapex|66/100|[from] move: Magma Storm|[partiallytrapped]
|upkeep
|turn|7
|
|t:|1663276868
|switch|p2a: Dragapult|Dragapult, F|9/100
|move|p1a: Heatran|Stealth Rock|p2a: Dragapult
|-sidestart|p2: SuperTheoryBros|move: Stealth Rock
|
|upkeep
|turn|8
|inactive|SuperTheoryBros has 120 seconds left.
|
|t:|1663276894
|switch|p1a: Ferrothorn|Ferrothorn, M|100/100
|move|p2a: Dragapult|Shadow Ball|p1a: Ferrothorn
|-damage|p1a: Ferrothorn|65/100
|
|upkeep
|turn|9
|
|t:|1663276907
|switch|p1a: Bisharp|Bisharp, F|100/100
|move|p2a: Dragapult|Shadow Ball|p1a: Bisharp
|-resisted|p1a: Bisharp
|-damage|p1a: Bisharp|69/100
|
|upkeep
|turn|10
|
|t:|1663276921
|switch|p2a: Ferrothorn|Ferrothorn, M|97/100
|-damage|p2a: Ferrothorn|91/100|[from] Stealth Rock
|move|p1a: Bisharp|Swords Dance|p1a: Bisharp
|-boost|p1a: Bisharp|atk|2
|
|-heal|p2a: Ferrothorn|97/100|[from] item: Leftovers
|upkeep
|turn|11
|
|t:|1663276932
|switch|p1a: Heatran|Heatran, M|78/100
|move|p2a: Ferrothorn|Body Press|p1a: Heatran
|-supereffective|p1a: Heatran
|-damage|p1a: Heatran|25/100
|
|-heal|p2a: Ferrothorn|100/100|[from] item: Leftovers
|upkeep
|turn|12
|inactive|SuperTheoryBros has 120 seconds left.
|
|t:|1663276956
|switch|p2a: Toxapex|Toxapex, M|99/100
|-damage|p2a: Toxapex|87/100|[from] Stealth Rock
|move|p1a: Heatran|Magma Storm|p2a: Toxapex
|-resisted|p2a: Toxapex
|-crit|p2a: Toxapex
|-damage|p2a: Toxapex|52/100
|-activate|p2a: Toxapex|move: Magma Storm|[of] p1a: Heatran
|
|-damage|p2a: Toxapex|40/100|[from] move: Magma Storm|[partiallytrapped]
|upkeep
|turn|13
|
|t:|1663276970
|switch|p2a: Dragapult|Dragapult, F|9/100
|-damage|p2a: Dragapult|0 fnt|[from] Stealth Rock
|faint|p2a: Dragapult
|move|p1a: Heatran|Earth Power|p2: Dragapult|[notarget]
|-fail|p1a: Heatran
|
|upkeep
|
|t:|1663276974
|switch|p2a: Landorus|Landorus-Therian, M|100/100
|-damage|p2a: Landorus|88/100|[from] Stealth Rock
|-ability|p2a: Landorus|Intimidate|boost
|-unboost|p1a: Heatran|atk|1
|turn|14
|
|t:|1663276990
|switch|p1a: Landorus|Landorus-Therian, M|100/100
|-ability|p1a: Landorus|Intimidate|boost
|-unboost|p2a: Landorus|atk|1
|move|p2a: Landorus|Earthquake|p1a: Landorus
|-immune|p1a: Landorus
|
|upkeep
|turn|15
|
|t:|1663276994
|move|p2a: Landorus|Stealth Rock|p1a: Landorus
|-sidestart|p1: Chupinca X|move: Stealth Rock
|move|p1a: Landorus|Knock Off|p2a: Landorus
|-damage|p2a: Landorus|54/100
|-enditem|p2a: Landorus|Scope Lens|[from] move: Knock Off|[of] p1a: Landorus
|
|upkeep
|turn|16
|inactive|SuperTheoryBros has 120 seconds left.
|
|t:|1663277029
|switch|p2a: Ferrothorn|Ferrothorn, M|100/100
|-damage|p2a: Ferrothorn|94/100|[from] Stealth Rock
|move|p1a: Landorus|U-turn|p2a: Ferrothorn
|-damage|p2a: Ferrothorn|80/100
|-damage|p1a: Landorus|88/100|[from] ability: Iron Barbs|[of] p2a: Ferrothorn
|
|t:|1663277035
|switch|p1a: Heatran|Heatran, M|25/100|[from]move: U-turn
|-damage|p1a: Heatran|12/100|[from] Stealth Rock
|
|-heal|p2a: Ferrothorn|87/100|[from] item: Leftovers
|upkeep
|turn|17
|
|t:|1663277047
|switch|p2a: Chansey|Chansey, F|100/100
|-damage|p2a: Chansey|88/100|[from] Stealth Rock
|move|p1a: Heatran|Magma Storm|p2a: Chansey
|-damage|p2a: Chansey|72/100
|-activate|p2a: Chansey|move: Magma Storm|[of] p1a: Heatran
|
|-damage|p2a: Chansey|59/100|[from] move: Magma Storm|[partiallytrapped]
|upkeep
|turn|18
|
|t:|1663277055
|move|p1a: Heatran|Taunt|p2a: Chansey
|-start|p2a: Chansey|move: Taunt
|move|p2a: Chansey|Seismic Toss|p1a: Heatran
|-damage|p1a: Heatran|0 fnt
|faint|p1a: Heatran
|
|-end|p2a: Chansey|Magma Storm|[partiallytrapped]|[silent]
|upkeep
|inactive|Chupinca X has 120 seconds left.
|
|t:|1663277099
|switch|p1a: Zapdos|Zapdos-Galar|40/100
|-damage|p1a: Zapdos|27/100|[from] Stealth Rock
|turn|19
|
|t:|1663277107
|switch|p2a: Toxapex|Toxapex, M|73/100
|-damage|p2a: Toxapex|61/100|[from] Stealth Rock
|move|p1a: Zapdos|Brave Bird|p2a: Toxapex
|-damage|p2a: Toxapex|21/100
|-damage|p1a: Zapdos|15/100|[from] Recoil
|
|upkeep
|turn|20
|j| Jongruenwald
|inactive|SuperTheoryBros has 120 seconds left.
|inactive|SuperTheoryBros has 90 seconds left.
|
|t:|1663277151
|switch|p2a: Hatterene|Hatterene, F|100/100
|-damage|p2a: Hatterene|88/100|[from] Stealth Rock
|move|p1a: Zapdos|Brave Bird|p2a: Hatterene
|-damage|p2a: Hatterene|30/100
|-damage|p1a: Zapdos|0 fnt|[from] Recoil
|faint|p1a: Zapdos
|
|-heal|p2a: Hatterene|36/100|[from] item: Leftovers
|upkeep
|inactive|Chupinca X has 120 seconds left.
|inactive|Chupinca X has 90 seconds left.
|
|t:|1663277205
|switch|p1a: Dragapult|Dragapult, M|71/100
|-damage|p1a: Dragapult|59/100|[from] Stealth Rock
|turn|21
|inactive|SuperTheoryBros has 90 seconds left.
|
|t:|1663277232
|switch|p2a: Chansey|Chansey, F|59/100
|-damage|p2a: Chansey|47/100|[from] Stealth Rock
|move|p1a: Dragapult|U-turn|p2a: Chansey
|-damage|p2a: Chansey|35/100
|inactive|Chupinca X has 90 seconds left.
|
|t:|1663277240
|switch|p1a: Bisharp|Bisharp, F|69/100|[from]move: U-turn
|-damage|p1a: Bisharp|62/100|[from] Stealth Rock
|
|upkeep
|turn|22
|
|t:|1663277247
|switch|p2a: Ferrothorn|Ferrothorn, M|87/100
|-damage|p2a: Ferrothorn|80/100|[from] Stealth Rock
|move|p1a: Bisharp|Knock Off|p2a: Ferrothorn
|-damage|p2a: Ferrothorn|52/100
|-damage|p1a: Bisharp|50/100|[from] ability: Iron Barbs|[of] p2a: Ferrothorn
|-enditem|p2a: Ferrothorn|Leftovers|[from] move: Knock Off|[of] p1a: Bisharp
|
|upkeep
|turn|23
|inactive|SuperTheoryBros has 90 seconds left.
|
|t:|1663277264
|switch|p1a: Ferrothorn|Ferrothorn, M|65/100
|-damage|p1a: Ferrothorn|59/100|[from] Stealth Rock
|move|p2a: Ferrothorn|Spikes|p1a: Ferrothorn
|-sidestart|p1: Chupinca X|Spikes
|
|upkeep
|turn|24
|inactive|Chupinca X has 90 seconds left.
|
|t:|1663277298
|switch|p2a: Landorus|Landorus-Therian, M|54/100
|-damage|p2a: Landorus|41/100|[from] Stealth Rock
|-ability|p2a: Landorus|Intimidate|boost
|-unboost|p1a: Ferrothorn|atk|1
|switch|p1a: Landorus|Landorus-Therian, M|88/100
|-damage|p1a: Landorus|76/100|[from] Stealth Rock
|-ability|p1a: Landorus|Intimidate|boost
|-unboost|p2a: Landorus|atk|1
|
|-heal|p1a: Landorus|82/100|[from] item: Leftovers
|upkeep
|turn|25
|inactive|Chupinca X has 90 seconds left.
|inactive|SuperTheoryBros has 60 seconds left.
|
|t:|1663277338
|move|p2a: Landorus|Stone Edge|p1a: Landorus
|-damage|p1a: Landorus|57/100
|move|p1a: Landorus|Knock Off|p2a: Landorus
|-damage|p2a: Landorus|19/100
|
|-heal|p1a: Landorus|63/100|[from] item: Leftovers
|upkeep
|turn|26
|inactive|Chupinca X has 90 seconds left.
|
|t:|1663277346
|move|p2a: Landorus|Stone Edge|p1a: Landorus
|-damage|p1a: Landorus|39/100
|move|p1a: Landorus|Knock Off|p2a: Landorus
|-damage|p2a: Landorus|0 fnt
|faint|p2a: Landorus
|
|-heal|p1a: Landorus|45/100|[from] item: Leftovers
|upkeep
|
|t:|1663277355
|switch|p2a: Ferrothorn|Ferrothorn, M|52/100
|-damage|p2a: Ferrothorn|46/100|[from] Stealth Rock
|turn|27
|
|t:|1663277361
|move|p1a: Landorus|Earthquake|p2a: Ferrothorn
|-damage|p2a: Ferrothorn|17/100
|move|p2a: Ferrothorn|Leech Seed|p1a: Landorus
|-start|p1a: Landorus|move: Leech Seed
|
|-heal|p1a: Landorus|51/100|[from] item: Leftovers
|-damage|p1a: Landorus|38/100|[from] Leech Seed|[of] p2a: Ferrothorn
|-heal|p2a: Ferrothorn|30/100|[silent]
|upkeep
|turn|28
|
|t:|1663277377
|switch|p1a: Bisharp|Bisharp, F|50/100
|-damage|p1a: Bisharp|44/100|[from] Stealth Rock
|-damage|p1a: Bisharp|31/100|[from] Spikes
|move|p2a: Ferrothorn|Body Press|p1a: Bisharp
|-supereffective|p1a: Bisharp
|-damage|p1a: Bisharp|0 fnt
|faint|p1a: Bisharp
|
|upkeep
|
|t:|1663277388
|switch|p1a: Dragapult|Dragapult, M|59/100
|-damage|p1a: Dragapult|47/100|[from] Stealth Rock
|-damage|p1a: Dragapult|34/100|[from] Spikes
|turn|29
|
|t:|1663277404
|switch|p2a: Toxapex|Toxapex, M|54/100
|-damage|p2a: Toxapex|42/100|[from] Stealth Rock
|move|p1a: Dragapult|U-turn|p2a: Toxapex
|-resisted|p2a: Toxapex
|-damage|p2a: Toxapex|37/100
|
|t:|1663277410
|switch|p1a: Landorus|Landorus-Therian, M|38/100|[from]move: U-turn
|-damage|p1a: Landorus|26/100|[from] Stealth Rock
|-ability|p1a: Landorus|Intimidate|boost
|-unboost|p2a: Toxapex|atk|1
|
|-heal|p1a: Landorus|32/100|[from] item: Leftovers
|upkeep
|turn|30
|-message|SuperTheoryBros forfeited.
|
|win|Chupinca X
|raw|Chupinca X's rating: 1729 &rarr; <strong>1747</strong><br />(+18 for winning)
|raw|SuperTheoryBros's rating: 1686 &rarr; <strong>1668</strong><br />(-18 for losing)
|l|☆SuperTheoryBros
