|raw|<div class="broadcast-blue"><strong>This battle is required to be public due to a player having a name starting with 'lt81yl'.</div>
|j|☆Q114
|j|☆LT81YL CHARM
|t:|1625639375
|gametype|singles
|player|p1|Q114|lucas|1740
|player|p2|LT81YL CHARM|misty-gen2|1758
|teamsize|p1|6
|teamsize|p2|6
|gen|8
|tier|[Gen 8] OU
|rated|
|rule|Sleep Clause Mod: Limit one foe put to sleep
|rule|Species Clause: Limit one of each Pokémon
|rule|OHKO Clause: OHKO moves are banned
|rule|Evasion Moves Clause: Evasion moves are banned
|rule|Endless Battle Clause: Forcing endless battles is banned
|rule|HP Percentage Mod: HP is shown in percentages
|rule|Dynamax Clause: You cannot dynamax
|clearpoke
|poke|p1|Chansey, F|
|poke|p1|Toxapex, F|
|poke|p1|Clefable, F|
|poke|p1|Skarmory, F|
|poke|p1|Seismitoad, M|
|poke|p1|Dragonite, F|
|poke|p2|Celesteela|
|poke|p2|Lopunny, M|
|poke|p2|Victini|
|poke|p2|Crawdaunt, F|
|poke|p2|Zapdos|
|poke|p2|Chansey, F|
|teampreview
|
|t:|1625639391
|start
|switch|p1a: Toxapex|Toxapex, F, shiny|100/100
|switch|p2a: Crawdaunt|Crawdaunt, F|100/100
|turn|1
|
|t:|1625639396
|move|p2a: Crawdaunt|Swords Dance|p2a: Crawdaunt
|-boost|p2a: Crawdaunt|atk|2
|move|p1a: Toxapex|Knock Off|p2a: Crawdaunt
|-resisted|p2a: Crawdaunt
|-damage|p2a: Crawdaunt|90/100
|-enditem|p2a: Crawdaunt|Life Orb|[from] move: Knock Off|[of] p1a: Toxapex
|
|upkeep
|turn|2
|j| Aggrometaile
|
|t:|1625639401
|move|p2a: Crawdaunt|Knock Off|p1a: Toxapex
|-damage|p1a: Toxapex|11/100
|-enditem|p1a: Toxapex|Black Sludge|[from] move: Knock Off|[of] p2a: Crawdaunt
|move|p1a: Toxapex|Toxic Spikes|p2a: Crawdaunt
|-sidestart|p2: LT81YL CHARM|move: Toxic Spikes
|
|upkeep
|turn|3
|
|t:|1625639413
|switch|p1a: Seismitoad|Seismitoad, M|100/100
|move|p2a: Crawdaunt|Crabhammer|p1a: Seismitoad
|-immune|p1a: Seismitoad|[from] ability: Water Absorb
|
|upkeep
|turn|4
|
|t:|1625639424
|move|p2a: Crawdaunt|Knock Off|p1a: Seismitoad
|-damage|p1a: Seismitoad|0 fnt
|-enditem|p1a: Seismitoad|Assault Vest|[from] move: Knock Off|[of] p2a: Crawdaunt
|faint|p1a: Seismitoad
|
|upkeep
|
|t:|1625639429
|switch|p1a: Clefable|Clefable, F|100/100
|turn|5
|
|t:|1625639446
|move|p2a: Crawdaunt|Crabhammer|p1a: Clefable
|-damage|p1a: Clefable|40/100
|move|p1a: Clefable|Moonblast|p2a: Crawdaunt
|-supereffective|p2a: Crawdaunt
|-damage|p2a: Crawdaunt|0 fnt
|faint|p2a: Crawdaunt
|
|-heal|p1a: Clefable|47/100|[from] item: Leftovers
|upkeep
|
|t:|1625639452
|switch|p2a: Zapdos|Zapdos|100/100
|turn|6
|
|t:|1625639456
|move|p1a: Clefable|Protect|p1a: Clefable
|-singleturn|p1a: Clefable|Protect
|move|p2a: Zapdos|Hurricane|p1a: Clefable
|-activate|p1a: Clefable|move: Protect
|
|-heal|p1a: Clefable|53/100|[from] item: Leftovers
|upkeep
|turn|7
|
|t:|1625639461
|switch|p1a: Chansey|Chansey, F|100/100
|move|p2a: Zapdos|Hurricane|p1a: Chansey
|-damage|p1a: Chansey|83/100
|
|upkeep
|turn|8
|
|t:|1625639466
|move|p2a: Zapdos|Volt Switch|p1a: Chansey
|-damage|p1a: Chansey|73/100
|
|t:|1625639474
|switch|p2a: Chansey|Chansey, F|100/100|[from]move: Volt Switch
|-status|p2a: Chansey|psn
|move|p1a: Chansey|Stealth Rock|p2a: Chansey
|-sidestart|p2: LT81YL CHARM|move: Stealth Rock
|
|-damage|p2a: Chansey|88/100 psn|[from] psn
|upkeep
|turn|9
|
|t:|1625639479
|switch|p1a: Toxapex|Toxapex, F, shiny|44/100
|move|p2a: Chansey|Stealth Rock|p1a: Toxapex
|-sidestart|p1: Q114|move: Stealth Rock
|
|-damage|p2a: Chansey|76/100 psn|[from] psn
|upkeep
|turn|10
|
|t:|1625639486
|switch|p2a: Zapdos|Zapdos|100/100
|move|p1a: Toxapex|Knock Off|p2a: Zapdos
|-crit|p2a: Zapdos
|-damage|p2a: Zapdos|71/100
|-enditem|p2a: Zapdos|Heavy-Duty Boots|[from] move: Knock Off|[of] p1a: Toxapex
|
|upkeep
|turn|11
|
|t:|1625639494
|switch|p1a: Dragonite|Dragonite, F|100/100
|move|p2a: Zapdos|Volt Switch|p1a: Dragonite
|-damage|p1a: Dragonite|84/100
|
|t:|1625639497
|switch|p2a: Lopunny|Lopunny, M, shiny|100/100|[from]move: Volt Switch
|-status|p2a: Lopunny|psn
|-damage|p2a: Lopunny|88/100 psn|[from] Stealth Rock
|
|-damage|p2a: Lopunny|76/100 psn|[from] psn
|upkeep
|turn|12
|
|t:|1625639507
|switch|p1a: Skarmory|Skarmory, F|100/100
|-damage|p1a: Skarmory|88/100|[from] Stealth Rock
|move|p2a: Lopunny|Triple Axel|p1a: Skarmory
|-damage|p1a: Skarmory|84/100
|-damage|p2a: Lopunny|60/100 psn|[from] item: Rocky Helmet|[of] p1a: Skarmory
|-damage|p1a: Skarmory|75/100
|-damage|p2a: Lopunny|43/100 psn|[from] item: Rocky Helmet|[of] p1a: Skarmory
|-damage|p1a: Skarmory|65/100
|-damage|p2a: Lopunny|26/100 psn|[from] item: Rocky Helmet|[of] p1a: Skarmory
|-hitcount|p1a: Skarmory|3
|-damage|p2a: Lopunny|16/100 psn|[from] item: Life Orb
|
|-damage|p2a: Lopunny|4/100 psn|[from] psn
|upkeep
|turn|13
|
|t:|1625639522
|move|p2a: Lopunny|Healing Wish|p2a: Lopunny
|faint|p2a: Lopunny
|move|p1a: Skarmory|Roost|p1a: Skarmory
|-heal|p1a: Skarmory|100/100
|-singleturn|p1a: Skarmory|move: Roost
|
|upkeep
|
|t:|1625639525
|switch|p2a: Victini|Victini|100/100
|turn|14
|
|t:|1625639564
|move|p2a: Victini|Substitute|p2a: Victini
|-start|p2a: Victini|Substitute
|-damage|p2a: Victini|76/100
|move|p1a: Skarmory|Body Press|p2a: Victini
|-resisted|p2a: Victini
|-activate|p2a: Victini|move: Substitute|[damage]
|
|upkeep
|turn|15
|
|t:|1625639574
|move|p2a: Victini|Blue Flare|p1a: Skarmory
|-supereffective|p1a: Skarmory
|-ability|p1a: Skarmory|Sturdy
|-damage|p1a: Skarmory|1/100
|-status|p1a: Skarmory|brn
|move|p1a: Skarmory|Body Press|p2a: Victini
|-resisted|p2a: Victini
|-end|p2a: Victini|Substitute
|
|-damage|p1a: Skarmory|0 fnt|[from] brn
|faint|p1a: Skarmory
|upkeep
|
|t:|1625639593
|switch|p1a: Chansey|Chansey, F|73/100
|-damage|p1a: Chansey|61/100|[from] Stealth Rock
|turn|16
|
|t:|1625639607
|switch|p2a: Chansey|Chansey, F|76/100
|-heal|p2a: Chansey|100/100|[from] move: Healing Wish
|-damage|p2a: Chansey|88/100|[from] Stealth Rock
|-status|p2a: Chansey|psn
|move|p1a: Chansey|Soft-Boiled|p1a: Chansey
|-heal|p1a: Chansey|100/100
|
|-damage|p2a: Chansey|76/100 psn|[from] psn
|upkeep
|turn|17
|
|t:|1625639617
|switch|p1a: Toxapex|Toxapex, F, shiny|77/100
|-damage|p1a: Toxapex|65/100|[from] Stealth Rock
|move|p2a: Chansey|Seismic Toss|p1a: Toxapex
|-damage|p1a: Toxapex|32/100
|
|-damage|p2a: Chansey|63/100 psn|[from] psn
|upkeep
|turn|18
|
|t:|1625639628
|switch|p1a: Dragonite|Dragonite, F|84/100
|move|p2a: Chansey|Seismic Toss|p1a: Dragonite
|-damage|p1a: Dragonite|58/100
|
|-damage|p2a: Chansey|51/100 psn|[from] psn
|upkeep
|turn|19
|
|t:|1625639638
|move|p1a: Dragonite|Roost|p1a: Dragonite
|-heal|p1a: Dragonite|100/100
|-singleturn|p1a: Dragonite|move: Roost
|move|p2a: Chansey|Soft-Boiled|p2a: Chansey
|-heal|p2a: Chansey|100/100 psn
|
|-damage|p2a: Chansey|88/100 psn|[from] psn
|upkeep
|turn|20
|
|t:|1625639641
|move|p1a: Dragonite|Body Press|p2a: Chansey
|-supereffective|p2a: Chansey
|-damage|p2a: Chansey|56/100 psn
|move|p2a: Chansey|Toxic|p1a: Dragonite
|-status|p1a: Dragonite|tox
|
|-damage|p1a: Dragonite|94/100 tox|[from] psn
|-damage|p2a: Chansey|44/100 psn|[from] psn
|upkeep
|turn|21
|
|t:|1625639651
|switch|p1a: Toxapex|Toxapex, F, shiny|66/100
|-damage|p1a: Toxapex|53/100|[from] Stealth Rock
|move|p2a: Chansey|Soft-Boiled|p2a: Chansey
|-heal|p2a: Chansey|94/100 psn
|
|-damage|p2a: Chansey|82/100 psn|[from] psn
|upkeep
|turn|22
|
|t:|1625639657
|-curestatus|p2a: Chansey|psn|[from] ability: Natural Cure
|switch|p2a: Zapdos|Zapdos|71/100
|-damage|p2a: Zapdos|46/100|[from] Stealth Rock
|move|p1a: Toxapex|Recover|p1a: Toxapex
|-heal|p1a: Toxapex|100/100
|
|upkeep
|turn|23
|
|t:|1625639662
|switch|p1a: Chansey|Chansey, F|100/100
|-damage|p1a: Chansey|88/100|[from] Stealth Rock
|move|p2a: Zapdos|Roost|p2a: Zapdos
|-heal|p2a: Zapdos|96/100
|-singleturn|p2a: Zapdos|move: Roost
|
|upkeep
|turn|24
|
|t:|1625639668
|move|p2a: Zapdos|Volt Switch|p1a: Chansey
|-damage|p1a: Chansey|77/100
|
|t:|1625639671
|switch|p2a: Chansey|Chansey, F|82/100|[from]move: Volt Switch
|-status|p2a: Chansey|psn
|-damage|p2a: Chansey|69/100 psn|[from] Stealth Rock
|move|p1a: Chansey|Toxic||[still]
|-fail|p1a: Chansey
|
|-damage|p2a: Chansey|57/100 psn|[from] psn
|upkeep
|turn|25
|
|t:|1625639681
|switch|p1a: Toxapex|Toxapex, F, shiny|100/100
|-damage|p1a: Toxapex|88/100|[from] Stealth Rock
|move|p2a: Chansey|Soft-Boiled|p2a: Chansey
|-heal|p2a: Chansey|100/100 psn
|
|-damage|p2a: Chansey|88/100 psn|[from] psn
|upkeep
|turn|26
|
|t:|1625639687
|-curestatus|p2a: Chansey|psn|[from] ability: Natural Cure
|switch|p2a: Zapdos|Zapdos|96/100
|-damage|p2a: Zapdos|72/100|[from] Stealth Rock
|move|p1a: Toxapex|Toxic Spikes|p2a: Zapdos
|-sidestart|p2: LT81YL CHARM|move: Toxic Spikes
|
|upkeep
|turn|27
|
|t:|1625639693
|move|p2a: Zapdos|Volt Switch|p1a: Toxapex
|-supereffective|p1a: Toxapex
|-damage|p1a: Toxapex|30/100
|
|t:|1625639700
|switch|p2a: Victini|Victini|76/100|[from]move: Volt Switch
|move|p1a: Toxapex|Recover|p1a: Toxapex
|-heal|p1a: Toxapex|80/100
|
|upkeep
|turn|28
|
|t:|1625639704
|move|p2a: Victini|Scorching Sands|p1a: Toxapex
|-supereffective|p1a: Toxapex
|-damage|p1a: Toxapex|43/100
|move|p1a: Toxapex|Knock Off|p2a: Victini
|-supereffective|p2a: Victini
|-damage|p2a: Victini|44/100
|-enditem|p2a: Victini|Heavy-Duty Boots|[from] move: Knock Off|[of] p1a: Toxapex
|
|upkeep
|turn|29
|
|t:|1625639733
|move|p2a: Victini|Scorching Sands|p1a: Toxapex
|-supereffective|p1a: Toxapex
|-damage|p1a: Toxapex|9/100
|move|p1a: Toxapex|Recover|p1a: Toxapex
|-heal|p1a: Toxapex|59/100
|
|upkeep
|turn|30
|
|t:|1625639739
|move|p2a: Victini|Scorching Sands|p1a: Toxapex
|-supereffective|p1a: Toxapex
|-damage|p1a: Toxapex|26/100
|move|p1a: Toxapex|Recover|p1a: Toxapex
|-heal|p1a: Toxapex|76/100
|
|upkeep
|turn|31
|
|t:|1625639744
|move|p2a: Victini|Scorching Sands|p1a: Toxapex
|-supereffective|p1a: Toxapex
|-damage|p1a: Toxapex|45/100
|move|p1a: Toxapex|Recover|p1a: Toxapex
|-heal|p1a: Toxapex|95/100
|
|upkeep
|turn|32
|
|t:|1625639748
|move|p2a: Victini|Scorching Sands|p1a: Toxapex
|-supereffective|p1a: Toxapex
|-damage|p1a: Toxapex|63/100
|move|p1a: Toxapex|Scald|p2a: Victini
|-supereffective|p2a: Victini
|-damage|p2a: Victini|9/100
|
|upkeep
|turn|33
|
|t:|1625639751
|move|p2a: Victini|Scorching Sands|p1a: Toxapex
|-supereffective|p1a: Toxapex
|-damage|p1a: Toxapex|28/100
|move|p1a: Toxapex|Recover|p1a: Toxapex
|-heal|p1a: Toxapex|78/100
|
|upkeep
|turn|34
|
|t:|1625639754
|move|p2a: Victini|Scorching Sands|p1a: Toxapex
|-supereffective|p1a: Toxapex
|-damage|p1a: Toxapex|44/100
|-status|p1a: Toxapex|brn
|move|p1a: Toxapex|Recover|p1a: Toxapex
|-heal|p1a: Toxapex|94/100 brn
|
|-damage|p1a: Toxapex|88/100 brn|[from] brn
|upkeep
|turn|35
|
|t:|1625639760
|move|p2a: Victini|Scorching Sands|p1a: Toxapex
|-supereffective|p1a: Toxapex
|-damage|p1a: Toxapex|57/100 brn
|move|p1a: Toxapex|Recover|p1a: Toxapex
|-heal|p1a: Toxapex|100/100 brn
|
|-damage|p1a: Toxapex|95/100 brn|[from] brn
|upkeep
|turn|36
|
|t:|1625639766
|switch|p1a: Dragonite|Dragonite, F|94/100 tox
|move|p2a: Victini|Scorching Sands|p1a: Dragonite
|-immune|p1a: Dragonite
|
|-damage|p1a: Dragonite|88/100 tox|[from] psn
|upkeep
|turn|37
|
|t:|1625639771
|move|p2a: Victini|Glaciate|p1a: Dragonite
|-supereffective|p1a: Dragonite
|-damage|p1a: Dragonite|26/100 tox
|-unboost|p1a: Dragonite|spe|1
|move|p1a: Dragonite|Heal Bell|p1a: Dragonite
|-activate|p1a: Dragonite|move: Heal Bell
|-curestatus|p1a: Dragonite|tox|[msg]
|-curestatus|p1: Toxapex|brn|[msg]
|
|upkeep
|turn|38
|
|t:|1625639781
|switch|p1a: Chansey|Chansey, F|77/100
|-damage|p1a: Chansey|64/100|[from] Stealth Rock
|move|p2a: Victini|Glaciate|p1a: Chansey
|-damage|p1a: Chansey|58/100
|-unboost|p1a: Chansey|spe|1
|
|upkeep
|turn|39
|
|t:|1625639786
|move|p2a: Victini|Blue Flare|p1a: Chansey
|-damage|p1a: Chansey|41/100
|move|p1a: Chansey|Soft-Boiled|p1a: Chansey
|-heal|p1a: Chansey|91/100
|
|upkeep
|turn|40
|
|t:|1625639790
|move|p2a: Victini|Blue Flare|p1a: Chansey
|-damage|p1a: Chansey|73/100
|move|p1a: Chansey|Soft-Boiled|p1a: Chansey
|-heal|p1a: Chansey|100/100
|
|upkeep
|turn|41
|
|t:|1625639796
|move|p2a: Victini|Blue Flare|p1a: Chansey
|-crit|p1a: Chansey
|-damage|p1a: Chansey|72/100
|-status|p1a: Chansey|brn
|move|p1a: Chansey|Toxic|p2a: Victini
|-status|p2a: Victini|tox
|
|-damage|p2a: Victini|3/100 tox|[from] psn
|-damage|p1a: Chansey|66/100 brn|[from] brn
|upkeep
|turn|42
|
|t:|1625639804
|switch|p2a: Chansey|Chansey, F|88/100
|-status|p2a: Chansey|tox
|-damage|p2a: Chansey|76/100 tox|[from] Stealth Rock
|move|p1a: Chansey|Soft-Boiled|p1a: Chansey
|-heal|p1a: Chansey|100/100 brn
|
|-damage|p2a: Chansey|70/100 tox|[from] psn
|-damage|p1a: Chansey|94/100 brn|[from] brn
|upkeep
|turn|43
|
|t:|1625639810
|switch|p1a: Toxapex|Toxapex, F, shiny|100/100
|-damage|p1a: Toxapex|88/100|[from] Stealth Rock
|move|p2a: Chansey|Seismic Toss|p1a: Toxapex
|-damage|p1a: Toxapex|55/100
|
|-damage|p2a: Chansey|57/100 tox|[from] psn
|upkeep
|turn|44
|
|t:|1625639816
|move|p2a: Chansey|Soft-Boiled|p2a: Chansey
|-heal|p2a: Chansey|100/100 tox
|move|p1a: Toxapex|Recover|p1a: Toxapex
|-heal|p1a: Toxapex|100/100
|
|-damage|p2a: Chansey|82/100 tox|[from] psn
|upkeep
|turn|45
|
|t:|1625639821
|-curestatus|p2a: Chansey|tox|[from] ability: Natural Cure
|switch|p2a: Zapdos|Zapdos|72/100
|-damage|p2a: Zapdos|47/100|[from] Stealth Rock
|move|p1a: Toxapex|Knock Off|p2a: Zapdos
|-damage|p2a: Zapdos|34/100
|-status|p1a: Toxapex|par|[from] ability: Static|[of] p2a: Zapdos
|
|upkeep
|turn|46
|
|t:|1625639830
|switch|p1a: Chansey|Chansey, F|94/100
|-damage|p1a: Chansey|82/100|[from] Stealth Rock
|move|p2a: Zapdos|Roost|p2a: Zapdos
|-heal|p2a: Zapdos|84/100
|-singleturn|p2a: Zapdos|move: Roost
|
|upkeep
|turn|47
|
|t:|1625639837
|move|p2a: Zapdos|Volt Switch|p1a: Chansey
|-damage|p1a: Chansey|71/100
|
|t:|1625639846
|switch|p2a: Chansey|Chansey, F|82/100|[from]move: Volt Switch
|-status|p2a: Chansey|tox
|-damage|p2a: Chansey|70/100 tox|[from] Stealth Rock
|move|p1a: Chansey|Soft-Boiled|p1a: Chansey
|-heal|p1a: Chansey|100/100
|
|-damage|p2a: Chansey|64/100 tox|[from] psn
|upkeep
|turn|48
|
|t:|1625639850
|move|p1a: Chansey|Seismic Toss|p2a: Chansey
|-damage|p2a: Chansey|49/100 tox
|move|p2a: Chansey|Toxic|p1a: Chansey
|-status|p1a: Chansey|tox
|
|-damage|p1a: Chansey|94/100 tox|[from] psn
|-damage|p2a: Chansey|37/100 tox|[from] psn
|upkeep
|turn|49
|
|t:|1625639854
|move|p1a: Chansey|Seismic Toss|p2a: Chansey
|-damage|p2a: Chansey|23/100 tox
|move|p2a: Chansey|Soft-Boiled|p2a: Chansey
|-heal|p2a: Chansey|73/100 tox
|
|-damage|p1a: Chansey|82/100 tox|[from] psn
|-damage|p2a: Chansey|55/100 tox|[from] psn
|upkeep
|turn|50
|
|t:|1625639860
|-curestatus|p1a: Chansey|tox|[from] ability: Natural Cure
|switch|p1a: Toxapex|Toxapex, F, shiny|100/100 par
|-damage|p1a: Toxapex|88/100 par|[from] Stealth Rock
|move|p2a: Chansey|Soft-Boiled|p2a: Chansey
|-heal|p2a: Chansey|100/100 tox
|
|-damage|p2a: Chansey|76/100 tox|[from] psn
|upkeep
|turn|51
|j| Tachyon 0
|
|t:|1625639882
|-curestatus|p2a: Chansey|tox|[from] ability: Natural Cure
|switch|p2a: Zapdos|Zapdos|84/100
|-damage|p2a: Zapdos|59/100|[from] Stealth Rock
|switch|p1a: Chansey|Chansey, F|82/100
|-damage|p1a: Chansey|70/100|[from] Stealth Rock
|
|upkeep
|turn|52
|
|t:|1625639888
|move|p2a: Zapdos|Hurricane|p1a: Chansey
|-damage|p1a: Chansey|51/100
|move|p1a: Chansey|Soft-Boiled|p1a: Chansey
|-heal|p1a: Chansey|100/100
|
|upkeep
|turn|53
|
|t:|1625639895
|move|p2a: Zapdos|Volt Switch|p1a: Chansey
|-damage|p1a: Chansey|90/100
|
|t:|1625639898
|switch|p2a: Chansey|Chansey, F|76/100|[from]move: Volt Switch
|-status|p2a: Chansey|tox
|-damage|p2a: Chansey|64/100 tox|[from] Stealth Rock
|move|p1a: Chansey|Seismic Toss|p2a: Chansey
|-damage|p2a: Chansey|49/100 tox
|
|-damage|p2a: Chansey|43/100 tox|[from] psn
|upkeep
|turn|54
|
|t:|1625639908
|move|p1a: Chansey|Seismic Toss|p2a: Chansey
|-damage|p2a: Chansey|29/100 tox
|move|p2a: Chansey|Soft-Boiled|p2a: Chansey
|-heal|p2a: Chansey|79/100 tox
|
|-damage|p2a: Chansey|67/100 tox|[from] psn
|upkeep
|turn|55
|
|t:|1625639915
|move|p1a: Chansey|Seismic Toss|p2a: Chansey
|-damage|p2a: Chansey|53/100 tox
|move|p2a: Chansey|Toxic|p1a: Chansey
|-status|p1a: Chansey|tox
|
|-damage|p2a: Chansey|34/100 tox|[from] psn
|-damage|p1a: Chansey|84/100 tox|[from] psn
|upkeep
|turn|56
|
|t:|1625639922
|-curestatus|p1a: Chansey|tox|[from] ability: Natural Cure
|switch|p1a: Dragonite|Dragonite, F|26/100
|move|p2a: Chansey|Soft-Boiled|p2a: Chansey
|-heal|p2a: Chansey|84/100 tox
|
|-damage|p2a: Chansey|60/100 tox|[from] psn
|upkeep
|turn|57
|
|t:|1625639935
|-curestatus|p2a: Chansey|tox|[from] ability: Natural Cure
|switch|p2a: Zapdos|Zapdos|59/100
|-damage|p2a: Zapdos|34/100|[from] Stealth Rock
|move|p1a: Dragonite|Roost|p1a: Dragonite
|-heal|p1a: Dragonite|76/100
|-singleturn|p1a: Dragonite|move: Roost
|
|upkeep
|turn|58
|l| Tachyon 0
|
|t:|1625639953
|move|p2a: Zapdos|Hurricane|p1a: Dragonite
|-damage|p1a: Dragonite|30/100
|move|p1a: Dragonite|Roost|p1a: Dragonite
|-heal|p1a: Dragonite|80/100
|-singleturn|p1a: Dragonite|move: Roost
|
|upkeep
|turn|59
|
|t:|1625639962
|move|p2a: Zapdos|Hurricane|p1a: Dragonite
|-damage|p1a: Dragonite|34/100
|move|p1a: Dragonite|Roost|p1a: Dragonite
|-heal|p1a: Dragonite|84/100
|-singleturn|p1a: Dragonite|move: Roost
|
|upkeep
|turn|60
|
|t:|1625639967
|move|p2a: Zapdos|Hurricane|p1a: Dragonite|[miss]
|-miss|p2a: Zapdos|p1a: Dragonite
|move|p1a: Dragonite|Roost|p1a: Dragonite
|-heal|p1a: Dragonite|100/100
|-singleturn|p1a: Dragonite|move: Roost
|
|upkeep
|turn|61
|
|t:|1625639971
|move|p2a: Zapdos|Roost|p2a: Zapdos
|-heal|p2a: Zapdos|84/100
|-singleturn|p2a: Zapdos|move: Roost
|move|p1a: Dragonite|Roost||[still]
|-fail|p1a: Dragonite|heal
|
|upkeep
|turn|62
|
|t:|1625639977
|move|p2a: Zapdos|Hurricane|p1a: Dragonite|[miss]
|-miss|p2a: Zapdos|p1a: Dragonite
|move|p1a: Dragonite|Roost||[still]
|-fail|p1a: Dragonite|heal
|
|upkeep
|turn|63
|
|t:|1625639979
|move|p2a: Zapdos|Hurricane|p1a: Dragonite
|-damage|p1a: Dragonite|76/100
|move|p1a: Dragonite|Roost|p1a: Dragonite
|-heal|p1a: Dragonite|100/100
|-singleturn|p1a: Dragonite|move: Roost
|
|upkeep
|turn|64
|
|t:|1625639984
|move|p2a: Zapdos|Heat Wave|p1a: Dragonite
|-resisted|p1a: Dragonite
|-damage|p1a: Dragonite|93/100
|move|p1a: Dragonite|Roost|p1a: Dragonite
|-heal|p1a: Dragonite|100/100
|-singleturn|p1a: Dragonite|move: Roost
|
|upkeep
|turn|65
|
|t:|1625639989
|switch|p1a: Toxapex|Toxapex, F, shiny|100/100 par
|-damage|p1a: Toxapex|88/100 par|[from] Stealth Rock
|move|p2a: Zapdos|Heat Wave|p1a: Toxapex
|-resisted|p1a: Toxapex
|-damage|p1a: Toxapex|75/100 par
|
|upkeep
|turn|66
|l| Aggrometaile
|
|t:|1625639997
|move|p2a: Zapdos|Hurricane|p1a: Toxapex
|-damage|p1a: Toxapex|29/100 par
|-start|p1a: Toxapex|confusion
|-activate|p1a: Toxapex|confusion
|cant|p1a: Toxapex|par
|
|upkeep
|turn|67
|
|t:|1625640008
|switch|p1a: Dragonite|Dragonite, F|100/100
|move|p2a: Zapdos|Volt Switch|p1a: Dragonite
|-damage|p1a: Dragonite|85/100
|
|t:|1625640011
|switch|p2a: Celesteela|Celesteela|100/100|[from]move: Volt Switch
|-damage|p2a: Celesteela|88/100|[from] Stealth Rock
|
|upkeep
|turn|68
|
|t:|1625640018
|move|p2a: Celesteela|Meteor Beam||[still]
|-prepare|p2a: Celesteela|Meteor Beam
|-boost|p2a: Celesteela|spa|1
|-enditem|p2a: Celesteela|Power Herb
|-anim|p2a: Celesteela|Meteor Beam|p1a: Dragonite|[miss]
|-miss|p2a: Celesteela|p1a: Dragonite
|move|p1a: Dragonite|Heal Bell|p1a: Dragonite
|-activate|p1a: Dragonite|move: Heal Bell
|-curestatus|p1: Toxapex|par|[msg]
|
|upkeep
|turn|69
|
|t:|1625640028
|switch|p1a: Toxapex|Toxapex, F, shiny|62/100
|-damage|p1a: Toxapex|50/100|[from] Stealth Rock
|move|p2a: Celesteela|Meteor Beam||[still]
|-prepare|p2a: Celesteela|Meteor Beam
|-boost|p2a: Celesteela|spa|1
|
|upkeep
|turn|70
|
|t:|1625640034
|move|p2a: Celesteela|Meteor Beam|p1a: Toxapex|[from]lockedmove
|-damage|p1a: Toxapex|0 fnt
|faint|p1a: Toxapex
|-ability|p2a: Celesteela|Beast Boost|boost
|-boost|p2a: Celesteela|spa|1
|
|upkeep
|
|t:|1625640042
|switch|p1a: Chansey|Chansey, F|84/100
|-damage|p1a: Chansey|72/100|[from] Stealth Rock
|turn|71
|
|t:|1625640044
|move|p2a: Celesteela|Air Slash|p1a: Chansey
|-damage|p1a: Chansey|43/100
|cant|p1a: Chansey|flinch
|
|upkeep
|turn|72
|
|t:|1625640048
|move|p2a: Celesteela|Air Slash|p1a: Chansey
|-damage|p1a: Chansey|14/100
|move|p1a: Chansey|Soft-Boiled|p1a: Chansey
|-heal|p1a: Chansey|65/100
|
|upkeep
|turn|73
|
|t:|1625640050
|move|p2a: Celesteela|Air Slash|p1a: Chansey
|-damage|p1a: Chansey|36/100
|cant|p1a: Chansey|flinch
|
|upkeep
|turn|74
|
|t:|1625640054
|move|p2a: Celesteela|Air Slash|p1a: Chansey
|-damage|p1a: Chansey|6/100
|cant|p1a: Chansey|flinch
|
|upkeep
|turn|75
|
|t:|1625640059
|move|p2a: Celesteela|Flamethrower|p1a: Chansey
|-damage|p1a: Chansey|0 fnt
|faint|p1a: Chansey
|-ability|p2a: Celesteela|Beast Boost|boost
|-boost|p2a: Celesteela|spa|1
|
|upkeep
|c|☆LT81YL CHARM|LOL
|inactive|Battle timer is ON: inactive players will automatically lose when time's up. (requested by LT81YL CHARM)
|inactive|Q114 has 120 seconds left.
|inactive|Q114 has 90 seconds left.
|inactive|Q114 has 60 seconds left.
|inactive|Q114 has 30 seconds left.
|inactive|Q114 has 20 seconds left.
|inactive|Q114 has 15 seconds left.
|inactive|Q114 has 10 seconds left.
|inactive|Q114 has 5 seconds left.
|-message|Q114 lost due to inactivity.
|
|win|LT81YL CHARM
|raw|Q114's rating: 1740 &rarr; <strong>1721</strong><br />(-19 for losing)
|raw|LT81YL CHARM's rating: 1758 &rarr; <strong>1777</strong><br />(+19 for winning)
