|html|<div class="broadcast-blue"><strong>[Gen 8] OU is currently suspecting Melmetal! For information on how to participate check out the <a href="https://www.smogon.com/forums/threads/np-ss-ou-suspect-process-round-12-monster-mash.3709234/">suspect thread</a>.</strong></div>
|j|☆damorush
|j|☆HQSTest
|t:|1666190406
|gametype|singles
|player|p1|damorush|170|1734
|player|p2|HQSTest|veteranf|1734
|teamsize|p1|6
|teamsize|p2|6
|gen|8
|tier|[Gen 8] OU
|rated|
|rule|Sleep Clause Mod: Limit one foe put to sleep
|rule|Species Clause: Limit one of each Pokémon
|rule|OHKO Clause: OHKO moves are banned
|rule|Evasion Items Clause: Evasion items are banned
|rule|Evasion Moves Clause: Evasion moves are banned
|rule|Endless Battle Clause: Forcing endless battles is banned
|rule|HP Percentage Mod: HP is shown in percentages
|rule|Dynamax Clause: You cannot dynamax
|clearpoke
|poke|p1|Mew|
|poke|p1|Dragapult, F|
|poke|p1|Rillaboom, F|
|poke|p1|Kartana|
|poke|p1|Nidoking, M|
|poke|p1|Urshifu-*, F|
|poke|p2|Dragapult, F|
|poke|p2|Weavile, M|
|poke|p2|Rillaboom, M|
|poke|p2|Nihilego|
|poke|p2|Garchomp, M|
|poke|p2|Celesteela|
|teampreview
|
|t:|1666190418
|start
|switch|p1a: Kartana|Kartana|100/100
|switch|p2a: Weavile|Weavile, M|100/100
|-ability|p2a: Weavile|Pressure
|turn|1
|
|t:|1666190426
|switch|p2a: Garchomp|Garchomp, M|100/100
|move|p1a: Kartana|Swords Dance|p1a: Kartana
|-boost|p1a: Kartana|atk|2
|
|upkeep
|turn|2
|
|t:|1666190434
|move|p1a: Kartana|Leaf Blade|p2a: Garchomp
|-damage|p2a: Garchomp|7/100
|-activate|p2a: Garchomp|ability: Rough Skin
|-activate|p1a: Kartana|item: Protective Pads
|move|p2a: Garchomp|Stealth Rock|p1a: Kartana
|-sidestart|p1: damorush|move: Stealth Rock
|
|-heal|p2a: Garchomp|13/100|[from] item: Leftovers
|upkeep
|turn|3
|
|t:|1666190450
|move|p1a: Kartana|Knock Off|p2a: Garchomp
|-damage|p2a: Garchomp|0 fnt
|-activate|p2a: Garchomp|ability: Rough Skin
|-activate|p1a: Kartana|item: Protective Pads
|-enditem|p2a: Garchomp|Leftovers|[from] move: Knock Off|[of] p1a: Kartana
|faint|p2a: Garchomp
|-ability|p1a: Kartana|Beast Boost|boost
|-boost|p1a: Kartana|spe|1
|
|upkeep
|j| t-yeu
|
|t:|1666190458
|switch|p2a: Celesteela|Celesteela|100/100
|turn|4
|
|t:|1666190461
|move|p1a: Kartana|Knock Off|p2a: Celesteela
|-damage|p2a: Celesteela|41/100
|-enditem|p2a: Celesteela|Power Herb|[from] move: Knock Off|[of] p1a: Kartana
|move|p2a: Celesteela|Flamethrower|p1a: Kartana
|-supereffective|p1a: Kartana
|-damage|p1a: Kartana|0 fnt
|faint|p1a: Kartana
|-ability|p2a: Celesteela|Beast Boost|boost
|-boost|p2a: Celesteela|spa|1
|
|upkeep
|
|t:|1666190471
|switch|p1a: Urshifu|Urshifu-Rapid-Strike, F|100/100
|-damage|p1a: Urshifu|94/100|[from] Stealth Rock
|turn|5
|
|t:|1666190475
|move|p1a: Urshifu|Surging Strikes|p2a: Celesteela
|-crit|p2a: Celesteela
|-damage|p2a: Celesteela|21/100
|-crit|p2a: Celesteela
|-damage|p2a: Celesteela|3/100
|-crit|p2a: Celesteela
|-damage|p2a: Celesteela|0 fnt
|faint|p2a: Celesteela
|-hitcount|p2: Celesteela|3
|
|upkeep
|j| gold bottle
|j| Serek94
|
|t:|1666190483
|switch|p2a: Dragapult|Dragapult, F|100/100
|turn|6
|
|t:|1666190486
|move|p2a: Dragapult|Dragon Dance|p2a: Dragapult
|-boost|p2a: Dragapult|atk|1
|-boost|p2a: Dragapult|spe|1
|move|p1a: Urshifu|U-turn|p2a: Dragapult
|-resisted|p2a: Dragapult
|-damage|p2a: Dragapult|85/100
|
|t:|1666190493
|switch|p1a: Rillaboom|Rillaboom, F|100/100|[from]move: U-turn
|-damage|p1a: Rillaboom|88/100|[from] Stealth Rock
|-fieldstart|move: Grassy Terrain|[from] ability: Grassy Surge|[of] p1a: Rillaboom
|
|-heal|p2a: Dragapult|92/100|[from] Grassy Terrain
|-heal|p2a: Dragapult|98/100|[from] item: Leftovers
|-heal|p1a: Rillaboom|94/100|[from] Grassy Terrain
|upkeep
|turn|7
|
|t:|1666190504
|move|p2a: Dragapult|Dragon Darts|p1a: Rillaboom
|-damage|p1a: Rillaboom|49/100
|-anim|p2a: Dragapult|Dragon Darts|p1a: Rillaboom
|-damage|p1a: Rillaboom|2/100
|move|p1a: Rillaboom|Knock Off|p2a: Dragapult
|-supereffective|p2a: Dragapult
|-damage|p2a: Dragapult|0 fnt
|-enditem|p2a: Dragapult|Leftovers|[from] move: Knock Off|[of] p1a: Rillaboom
|faint|p2a: Dragapult
|-damage|p1a: Rillaboom|0 fnt|[from] item: Life Orb
|faint|p1a: Rillaboom
|
|upkeep
|inactive|Battle timer is ON: inactive players will automatically lose when time's up. (requested by HQSTest)
|j| Sorcier Anguilion
|
|t:|1666190517
|switch|p2a: Rillaboom|Rillaboom, M|100/100
|switch|p1a: Dragapult|Dragapult, F|100/100
|-damage|p1a: Dragapult|88/100|[from] Stealth Rock
|turn|8
|
|t:|1666190524
|switch|p1a: Mew|Mew|100/100
|-damage|p1a: Mew|88/100|[from] Stealth Rock
|move|p2a: Rillaboom|Knock Off|p1a: Mew
|-supereffective|p1a: Mew
|-damage|p1a: Mew|3/100
|-enditem|p1a: Mew|Focus Sash|[from] move: Knock Off|[of] p2a: Rillaboom
|-damage|p2a: Rillaboom|91/100|[from] item: Life Orb
|
|-heal|p1a: Mew|9/100|[from] Grassy Terrain
|-heal|p2a: Rillaboom|97/100|[from] Grassy Terrain
|upkeep
|turn|9
|
|t:|1666190536
|move|p2a: Rillaboom|Grassy Glide|p1a: Mew
|-damage|p1a: Mew|0 fnt
|faint|p1a: Mew
|-damage|p2a: Rillaboom|87/100|[from] item: Life Orb
|
|-heal|p2a: Rillaboom|93/100|[from] Grassy Terrain
|upkeep
|l| Sorcier Anguilion
|
|t:|1666190545
|switch|p1a: Nidoking|Nidoking, M|100/100
|-damage|p1a: Nidoking|95/100|[from] Stealth Rock
|turn|10
|
|t:|1666190558
|switch|p2a: Nihilego|Nihilego|100/100
|move|p1a: Nidoking|Sludge Wave|p2a: Nihilego
|-resisted|p2a: Nihilego
|-damage|p2a: Nihilego|89/100
|
|-heal|p2a: Nihilego|95/100|[from] Grassy Terrain
|-heal|p1a: Nidoking|100/100|[from] Grassy Terrain
|-fieldend|move: Grassy Terrain
|upkeep
|turn|11
|
|t:|1666190568
|switch|p1a: Urshifu|Urshifu-Rapid-Strike, F|94/100
|-damage|p1a: Urshifu|88/100|[from] Stealth Rock
|move|p2a: Nihilego|Meteor Beam||[still]
|-prepare|p2a: Nihilego|Meteor Beam
|-boost|p2a: Nihilego|spa|1
|-enditem|p2a: Nihilego|Power Herb
|-anim|p2a: Nihilego|Meteor Beam|p1a: Urshifu
|-resisted|p1a: Urshifu
|-damage|p1a: Urshifu|22/100
|
|upkeep
|turn|12
|j| amimec
|
|t:|1666190579
|move|p1a: Urshifu|Aqua Jet|p2a: Nihilego
|-supereffective|p2a: Nihilego
|-damage|p2a: Nihilego|33/100
|move|p2a: Nihilego|Grass Knot|p1a: Urshifu
|-supereffective|p1a: Urshifu
|-damage|p1a: Urshifu|0 fnt
|faint|p1a: Urshifu
|-ability|p2a: Nihilego|Beast Boost|boost
|-boost|p2a: Nihilego|spe|1
|
|upkeep
|j| fork gaming
|j| Sino pacific
|l| Sino pacific
|
|t:|1666190589
|switch|p1a: Dragapult|Dragapult, F|88/100
|-damage|p1a: Dragapult|76/100|[from] Stealth Rock
|turn|13
|
|t:|1666190597
|move|p2a: Nihilego|Power Gem|p1a: Dragapult
|-damage|p1a: Dragapult|0 fnt
|faint|p1a: Dragapult
|-ability|p2a: Nihilego|Beast Boost|boost
|-boost|p2a: Nihilego|spe|1
|
|upkeep
|-message|damorush forfeited.
|
|win|HQSTest
|raw|damorush's rating: 1734 &rarr; <strong>1714</strong><br />(-20 for losing)
|raw|HQSTest's rating: 1734 &rarr; <strong>1754</strong><br />(+20 for winning)
|l|☆damorush
|j| Houqingyv
|l| gold bottle
