|j|‽Shes in dark
|j|☆cold.exe
|player|p1|Shes in dark|2|1327
|player|p2|cold.exe|flannery|1335
|teamsize|p1|6
|teamsize|p2|6
|gametype|singles
|gen|8
|tier|[Gen 8] OU
|rated|
|clearpoke
|poke|p1|Mandibuzz, F|
|poke|p1|Clefable, F|
|poke|p1|Quagsire, M|
|poke|p1|Toxapex, F|
|poke|p1|Chansey, F|
|poke|p1|Volcarona, M|
|poke|p2|Diggersby, F|
|poke|p2|Azumarill, F|
|poke|p2|Mandibuzz, F|
|poke|p2|Aegislash, M|
|poke|p2|Rillaboom, M|
|poke|p2|Cinderace, F|
|rule|Sleep Clause Mod: Limit one foe put to sleep
|rule|Species Clause: Limit one of each Pokémon
|rule|OHKO Clause: OHKO moves are banned
|rule|Evasion Moves Clause: Evasion moves are banned
|rule|Endless Battle Clause: Forcing endless battles is banned
|rule|HP Percentage Mod: HP is shown in percentages
|rule|Dynamax Clause: You cannot dynamax
|teampreview
|
|start
|switch|p1a: Toxapex|Toxapex, F|100/100
|switch|p2a: Diggersby|Diggersby, F|100/100
|turn|1
|
|move|p2a: Diggersby|Body Slam|p1a: Toxapex
|-damage|p1a: Toxapex|50/100
|-status|p1a: Toxapex|par
|move|p1a: Toxapex|Toxic|p2a: Diggersby
|-status|p2a: Diggersby|tox
|
|-heal|p1a: Toxapex|56/100 par|[from] item: Black Sludge
|-damage|p2a: Diggersby|94/100 tox|[from] psn
|upkeep
|turn|2
|
|switch|p1a: Volcarona|Volcarona, M|100/100
|move|p2a: Diggersby|Body Slam|p1a: Volcarona
|-damage|p1a: Volcarona|12/100
|
|-damage|p2a: Diggersby|82/100 tox|[from] psn
|upkeep
|turn|3
|
|switch|p1a: Toxapex|Toxapex, F|90/100 par
|move|p2a: Diggersby|Body Slam|p1a: Toxapex
|-damage|p1a: Toxapex|32/100 par
|
|-heal|p1a: Toxapex|38/100 par|[from] item: Black Sludge
|-damage|p2a: Diggersby|64/100 tox|[from] psn
|upkeep
|turn|4
|
|switch|p1a: Volcarona|Volcarona, M|12/100
|move|p2a: Diggersby|Body Slam|p1a: Volcarona
|-damage|p1a: Volcarona|0 fnt
|faint|p1a: Volcarona
|
|-damage|p2a: Diggersby|40/100 tox|[from] psn
|upkeep
|
|switch|p1a: Toxapex|Toxapex, F|72/100 par
|turn|5
|
|move|p2a: Diggersby|Body Slam|p1a: Toxapex
|-damage|p1a: Toxapex|12/100 par
|move|p1a: Toxapex|Recover|p1a: Toxapex
|-heal|p1a: Toxapex|62/100 par
|
|-heal|p1a: Toxapex|69/100 par|[from] item: Black Sludge
|-damage|p2a: Diggersby|9/100 tox|[from] psn
|upkeep
|turn|6
|
|move|p2a: Diggersby|Body Slam|p1a: Toxapex
|-damage|p1a: Toxapex|15/100 par
|cant|p1a: Toxapex|par
|
|-heal|p1a: Toxapex|22/100 par|[from] item: Black Sludge
|-damage|p2a: Diggersby|0 fnt|[from] psn
|faint|p2a: Diggersby
|upkeep
|
|switch|p2a: Aegislash|Aegislash, M|100/100
|turn|7
|
|switch|p1a: Mandibuzz|Mandibuzz, F|100/100
|-formechange|p2a: Aegislash|Aegislash-Blade||[from] ability: Stance Change
|move|p2a: Aegislash|Flash Cannon|p1a: Mandibuzz
|-damage|p1a: Mandibuzz|55/100
|
|upkeep
|turn|8
|
|switch|p2a: Azumarill|Azumarill, F|100/100
|move|p1a: Mandibuzz|Roost|p1a: Mandibuzz
|-heal|p1a: Mandibuzz|100/100
|-singleturn|p1a: Mandibuzz|move: Roost
|
|upkeep
|turn|9
|
|switch|p1a: Quagsire|Quagsire, M|100/100
|move|p2a: Azumarill|Knock Off|p1a: Quagsire
|-damage|p1a: Quagsire|61/100
|-enditem|p1a: Quagsire|Leftovers|[from] move: Knock Off|[of] p2a: Azumarill
|
|upkeep
|turn|10
|
|switch|p2a: Aegislash|Aegislash, M|100/100
|move|p1a: Quagsire|Recover|p1a: Quagsire
|-heal|p1a: Quagsire|100/100
|
|upkeep
|turn|11
|
|switch|p1a: Mandibuzz|Mandibuzz, F|100/100
|-formechange|p2a: Aegislash|Aegislash-Blade||[from] ability: Stance Change
|move|p2a: Aegislash|Shadow Ball|p1a: Mandibuzz
|-resisted|p1a: Mandibuzz
|-damage|p1a: Mandibuzz|78/100
|-unboost|p1a: Mandibuzz|spd|1
|
|upkeep
|turn|12
|
|switch|p2a: Bruh|Cinderace, F|100/100
|move|p1a: Mandibuzz|Roost|p1a: Mandibuzz
|-heal|p1a: Mandibuzz|100/100
|-singleturn|p1a: Mandibuzz|move: Roost
|
|upkeep
|turn|13
|
|switch|p1a: Toxapex|Toxapex, F|55/100 par
|move|p2a: Bruh|Electro Ball|p1a: Toxapex
|-start|p2a: Bruh|typechange|Electric|[from] ability: Libero
|-supereffective|p1a: Toxapex
|-damage|p1a: Toxapex|0 fnt
|faint|p1a: Toxapex
|
|upkeep
|
|switch|p1a: Quagsire|Quagsire, M|100/100
|turn|14
|
|switch|p2a: Aegislash|Aegislash, M|100/100
|move|p1a: Quagsire|Toxic|p2a: Aegislash
|-immune|p2a: Aegislash
|
|upkeep
|turn|15
|
|switch|p1a: Chansey|Chansey, F|100/100
|-formechange|p2a: Aegislash|Aegislash-Blade||[from] ability: Stance Change
|move|p2a: Aegislash|Flash Cannon|p1a: Chansey
|-damage|p1a: Chansey|77/100
|
|upkeep
|turn|16
|
|move|p2a: Aegislash|Flash Cannon|p1a: Chansey
|-damage|p1a: Chansey|53/100
|move|p1a: Chansey|Thunder Wave|p2a: Aegislash
|-status|p2a: Aegislash|par
|
|upkeep
|turn|17
|
|move|p1a: Chansey|Soft-Boiled|p1a: Chansey
|-heal|p1a: Chansey|100/100
|move|p2a: Aegislash|Flash Cannon|p1a: Chansey
|-damage|p1a: Chansey|78/100
|
|upkeep
|turn|18
|
|switch|p1a: Quagsire|Quagsire, M|100/100
|move|p2a: Aegislash|Flash Cannon|p1a: Quagsire
|-resisted|p1a: Quagsire
|-damage|p1a: Quagsire|57/100
|
|upkeep
|turn|19
|
|move|p2a: Aegislash|Flash Cannon|p1a: Quagsire
|-resisted|p1a: Quagsire
|-damage|p1a: Quagsire|10/100
|move|p1a: Quagsire|Recover|p1a: Quagsire
|-heal|p1a: Quagsire|60/100
|
|upkeep
|turn|20
|
|move|p2a: Aegislash|Flash Cannon|p1a: Quagsire
|-resisted|p1a: Quagsire
|-damage|p1a: Quagsire|15/100
|-unboost|p1a: Quagsire|spd|1
|move|p1a: Quagsire|Recover|p1a: Quagsire
|-heal|p1a: Quagsire|65/100
|
|upkeep
|turn|21
|
|switch|p2a: Azumarill|Azumarill, F|100/100
|switch|p1a: Chansey|Chansey, F|78/100
|
|upkeep
|turn|22
|
|move|p2a: Azumarill|Play Rough|p1a: Chansey
|-damage|p1a: Chansey|20/100
|move|p1a: Chansey|Soft-Boiled|p1a: Chansey
|-heal|p1a: Chansey|70/100
|
|upkeep
|turn|23
|
|move|p2a: Azumarill|Play Rough|p1a: Chansey
|-damage|p1a: Chansey|11/100
|move|p1a: Chansey|Thunder Wave|p2a: Azumarill
|-status|p2a: Azumarill|par
|
|upkeep
|turn|24
|
|move|p1a: Chansey|Soft-Boiled|p1a: Chansey
|-heal|p1a: Chansey|62/100
|move|p2a: Azumarill|Play Rough|p1a: Chansey
|-damage|p1a: Chansey|6/100
|
|upkeep
|turn|25
|
|move|p1a: Chansey|Soft-Boiled|p1a: Chansey
|-heal|p1a: Chansey|56/100
|cant|p2a: Azumarill|par
|
|upkeep
|turn|26
|
|move|p1a: Chansey|Soft-Boiled|p1a: Chansey
|-heal|p1a: Chansey|100/100
|move|p2a: Azumarill|Play Rough|p1a: Chansey
|-damage|p1a: Chansey|42/100
|
|upkeep
|turn|27
|
|move|p1a: Chansey|Soft-Boiled|p1a: Chansey
|-heal|p1a: Chansey|92/100
|move|p2a: Azumarill|Play Rough|p1a: Chansey
|-damage|p1a: Chansey|35/100
|
|upkeep
|turn|28
|
|move|p1a: Chansey|Soft-Boiled|p1a: Chansey
|-heal|p1a: Chansey|86/100
|move|p2a: Azumarill|Play Rough|p1a: Chansey
|-crit|p1a: Chansey
|-damage|p1a: Chansey|0 fnt
|faint|p1a: Chansey
|
|upkeep
|
|switch|p1a: Clefable|Clefable, F|100/100
|turn|29
|c|☆cold.exe|Bro do u actually enjoy playing with teams like these?
|
|move|p1a: Clefable|Calm Mind|p1a: Clefable
|-boost|p1a: Clefable|spa|1
|-boost|p1a: Clefable|spd|1
|move|p2a: Azumarill|Play Rough|p1a: Clefable
|-damage|p1a: Clefable|29/100
|
|upkeep
|turn|30
|
|move|p1a: Clefable|Soft-Boiled|p1a: Clefable
|-heal|p1a: Clefable|79/100
|move|p2a: Azumarill|Play Rough|p1a: Clefable
|-damage|p1a: Clefable|11/100
|
|upkeep
|turn|31
|
|move|p1a: Clefable|Soft-Boiled|p1a: Clefable
|-heal|p1a: Clefable|61/100
|move|p2a: Azumarill|Play Rough|p1a: Clefable
|-damage|p1a: Clefable|0 fnt
|faint|p1a: Clefable
|
|upkeep
|
|switch|p1a: Quagsire|Quagsire, M|65/100
|turn|32
|
|move|p1a: Quagsire|Recover|p1a: Quagsire
|-heal|p1a: Quagsire|100/100
|move|p2a: Azumarill|Play Rough|p1a: Quagsire
|-damage|p1a: Quagsire|36/100
|-unboost|p1a: Quagsire|atk|1
|
|upkeep
|turn|33
|
|move|p1a: Quagsire|Recover|p1a: Quagsire
|-heal|p1a: Quagsire|86/100
|cant|p2a: Azumarill|par
|
|upkeep
|turn|34
|
|move|p1a: Quagsire|Earthquake|p2a: Azumarill
|-damage|p2a: Azumarill|79/100 par
|move|p2a: Azumarill|Play Rough|p1a: Quagsire|[miss]
|-miss|p2a: Azumarill|p1a: Quagsire
|
|upkeep
|turn|35
|
|switch|p2a: Rillaboom|Rillaboom, M|100/100
|-fieldstart|move: Grassy Terrain|[from] ability: Grassy Surge|[of] p2a: Rillaboom
|move|p1a: Quagsire|Toxic|p2a: Rillaboom
|-status|p2a: Rillaboom|tox
|
|-heal|p1a: Quagsire|92/100|[from] Grassy Terrain
|-damage|p2a: Rillaboom|94/100 tox|[from] psn
|upkeep
|turn|36
|
|switch|p1a: Mandibuzz|Mandibuzz, F|100/100
|move|p2a: Rillaboom|U-turn|p1a: Mandibuzz
|-damage|p1a: Mandibuzz|74/100
|-damage|p2a: Rillaboom|84/100 tox|[from] item: Life Orb
|inactive|Battle timer is ON: inactive players will automatically lose when time's up. (requested by Shes in dark)
|
|switch|p2a: Azumarill|Azumarill, F|79/100 par|[from]move: U-turn
|
|-heal|p2a: Azumarill|85/100 par|[from] Grassy Terrain
|upkeep
|turn|37
|
|switch|p1a: Quagsire|Quagsire, M|92/100
|move|p2a: Azumarill|Play Rough|p1a: Quagsire
|-damage|p1a: Quagsire|35/100
|
|-heal|p1a: Quagsire|41/100|[from] Grassy Terrain
|-heal|p2a: Azumarill|91/100 par|[from] Grassy Terrain
|upkeep
|turn|38
|
|move|p1a: Quagsire|Recover|p1a: Quagsire
|-heal|p1a: Quagsire|91/100
|move|p2a: Azumarill|Play Rough|p1a: Quagsire
|-damage|p1a: Quagsire|32/100
|
|-heal|p1a: Quagsire|38/100|[from] Grassy Terrain
|-heal|p2a: Azumarill|97/100 par|[from] Grassy Terrain
|upkeep
|turn|39
|
|move|p1a: Quagsire|Recover|p1a: Quagsire
|-heal|p1a: Quagsire|88/100
|move|p2a: Azumarill|Play Rough|p1a: Quagsire
|-damage|p1a: Quagsire|30/100
|
|-heal|p1a: Quagsire|36/100|[from] Grassy Terrain
|-heal|p2a: Azumarill|100/100 par|[from] Grassy Terrain
|-fieldend|move: Grassy Terrain
|upkeep
|turn|40
|
|move|p1a: Quagsire|Recover|p1a: Quagsire
|-heal|p1a: Quagsire|86/100
|cant|p2a: Azumarill|par
|
|upkeep
|turn|41
|l|‽Shes in dark
|inactive|Shes in dark disconnected and has a minute to reconnect!
|player|p1|
|c|☆cold.exe|All u did in this game is clicking recover
|j|‽Shes in dark
|inactive|Shes in dark reconnected and has 115 seconds left.
|player|p1|Shes in dark|2
|n|‽Shes in dark|shesindark
|
|switch|p2a: Rillaboom|Rillaboom, M|84/100 tox
|-fieldstart|move: Grassy Terrain|[from] ability: Grassy Surge|[of] p2a: Rillaboom
|move|p1a: Quagsire|Recover|p1a: Quagsire
|-heal|p1a: Quagsire|100/100
|
|-heal|p2a: Rillaboom|91/100 tox|[from] Grassy Terrain
|-damage|p2a: Rillaboom|84/100 tox|[from] psn
|upkeep
|turn|42
|
|switch|p1a: Mandibuzz|Mandibuzz, F|74/100
|move|p2a: Rillaboom|Knock Off|p1a: Mandibuzz
|-resisted|p1a: Mandibuzz
|-damage|p1a: Mandibuzz|55/100
|-enditem|p1a: Mandibuzz|Heavy-Duty Boots|[from] move: Knock Off|[of] p2a: Rillaboom
|-damage|p2a: Rillaboom|74/100 tox|[from] item: Life Orb
|
|-heal|p2a: Rillaboom|81/100 tox|[from] Grassy Terrain
|-damage|p2a: Rillaboom|68/100 tox|[from] psn
|upkeep
|turn|43
|
|switch|p2a: Azumarill|Azumarill, F|100/100 par
|move|p1a: Mandibuzz|Roost|p1a: Mandibuzz
|-heal|p1a: Mandibuzz|100/100
|-singleturn|p1a: Mandibuzz|move: Roost
|
|upkeep
|turn|44
|
|switch|p1a: Quagsire|Quagsire, M|100/100
|cant|p2a: Azumarill|par
|
|upkeep
|turn|45
|
|move|p1a: Quagsire|Toxic|p2a: Azumarill|[miss]
|-miss|p1a: Quagsire|p2a: Azumarill
|move|p2a: Azumarill|Liquidation|p1a: Quagsire
|-damage|p1a: Quagsire|42/100
|
|-heal|p1a: Quagsire|48/100|[from] Grassy Terrain
|-fieldend|move: Grassy Terrain
|upkeep
|turn|46
|
|switch|p2a: Rillaboom|Rillaboom, M|68/100 tox
|-fieldstart|move: Grassy Terrain|[from] ability: Grassy Surge|[of] p2a: Rillaboom
|move|p1a: Quagsire|Recover|p1a: Quagsire
|-heal|p1a: Quagsire|98/100
|
|-heal|p2a: Rillaboom|74/100 tox|[from] Grassy Terrain
|-heal|p1a: Quagsire|100/100|[from] Grassy Terrain
|-damage|p2a: Rillaboom|68/100 tox|[from] psn
|upkeep
|turn|47
|
|switch|p1a: Mandibuzz|Mandibuzz, F|100/100
|move|p2a: Rillaboom|U-turn|p1a: Mandibuzz
|-damage|p1a: Mandibuzz|74/100
|-damage|p2a: Rillaboom|58/100 tox|[from] item: Life Orb
|
|switch|p2a: Azumarill|Azumarill, F|100/100 par|[from]move: U-turn
|
|upkeep
|turn|48
|
|move|p1a: Mandibuzz|Knock Off|p2a: Azumarill
|-resisted|p2a: Azumarill
|-damage|p2a: Azumarill|87/100 par
|-enditem|p2a: Azumarill|Choice Band|[from] move: Knock Off|[of] p1a: Mandibuzz
|move|p2a: Azumarill|Liquidation|p1a: Mandibuzz
|-damage|p1a: Mandibuzz|33/100
|
|-heal|p2a: Azumarill|93/100 par|[from] Grassy Terrain
|upkeep
|turn|49
|
|move|p1a: Mandibuzz|Roost|p1a: Mandibuzz
|-heal|p1a: Mandibuzz|83/100
|-singleturn|p1a: Mandibuzz|move: Roost
|move|p2a: Azumarill|Liquidation|p1a: Mandibuzz
|-damage|p1a: Mandibuzz|40/100
|-unboost|p1a: Mandibuzz|def|1
|
|-heal|p1a: Mandibuzz|46/100|[from] Grassy Terrain
|-heal|p2a: Azumarill|99/100 par|[from] Grassy Terrain
|upkeep
|turn|50
|
|move|p1a: Mandibuzz|Roost|p1a: Mandibuzz
|-heal|p1a: Mandibuzz|96/100
|-singleturn|p1a: Mandibuzz|move: Roost
|move|p2a: Azumarill|Liquidation|p1a: Mandibuzz
|-damage|p1a: Mandibuzz|38/100
|
|-heal|p1a: Mandibuzz|44/100|[from] Grassy Terrain
|-heal|p2a: Azumarill|100/100 par|[from] Grassy Terrain
|-fieldend|move: Grassy Terrain
|upkeep
|turn|51
|
|move|p1a: Mandibuzz|Roost|p1a: Mandibuzz
|-heal|p1a: Mandibuzz|94/100
|-singleturn|p1a: Mandibuzz|move: Roost
|move|p2a: Azumarill|Liquidation|p1a: Mandibuzz
|-damage|p1a: Mandibuzz|31/100
|
|upkeep
|turn|52
|
|move|p1a: Mandibuzz|Roost|p1a: Mandibuzz
|-heal|p1a: Mandibuzz|81/100
|-singleturn|p1a: Mandibuzz|move: Roost
|cant|p2a: Azumarill|par
|
|upkeep
|turn|53
|
|switch|p1a: Quagsire|Quagsire, M|100/100
|move|p2a: Azumarill|Liquidation|p1a: Quagsire
|-damage|p1a: Quagsire|63/100
|
|upkeep
|turn|54
|
|move|p1a: Quagsire|Recover|p1a: Quagsire
|-heal|p1a: Quagsire|100/100
|move|p2a: Azumarill|Liquidation|p1a: Quagsire
|-damage|p1a: Quagsire|62/100
|
|upkeep
|turn|55
|
|move|p1a: Quagsire|Earthquake|p2a: Azumarill
|-damage|p2a: Azumarill|66/100 par
|cant|p2a: Azumarill|par
|
|upkeep
|turn|56
|
|switch|p2a: Rillaboom|Rillaboom, M|58/100 tox
|-fieldstart|move: Grassy Terrain|[from] ability: Grassy Surge|[of] p2a: Rillaboom
|move|p1a: Quagsire|Recover|p1a: Quagsire
|-heal|p1a: Quagsire|100/100
|
|-heal|p2a: Rillaboom|65/100 tox|[from] Grassy Terrain
|-damage|p2a: Rillaboom|58/100 tox|[from] psn
|upkeep
|turn|57
|
|switch|p1a: Mandibuzz|Mandibuzz, F|81/100
|move|p2a: Rillaboom|U-turn|p1a: Mandibuzz
|-damage|p1a: Mandibuzz|56/100
|-damage|p2a: Rillaboom|48/100 tox|[from] item: Life Orb
|
|switch|p2a: Azumarill|Azumarill, F|66/100 par|[from]move: U-turn
|
|-heal|p2a: Azumarill|72/100 par|[from] Grassy Terrain
|upkeep
|turn|58
|
|switch|p1a: Quagsire|Quagsire, M|100/100
|move|p2a: Azumarill|Play Rough|p1a: Quagsire
|-damage|p1a: Quagsire|60/100
|
|-heal|p1a: Quagsire|66/100|[from] Grassy Terrain
|-heal|p2a: Azumarill|79/100 par|[from] Grassy Terrain
|upkeep
|turn|59
|
|move|p1a: Quagsire|Earthquake|p2a: Azumarill
|-damage|p2a: Azumarill|63/100 par
|move|p2a: Azumarill|Liquidation|p1a: Quagsire
|-damage|p1a: Quagsire|28/100
|
|-heal|p1a: Quagsire|34/100|[from] Grassy Terrain
|-heal|p2a: Azumarill|69/100 par|[from] Grassy Terrain
|upkeep
|turn|60
|
|move|p1a: Quagsire|Recover|p1a: Quagsire
|-heal|p1a: Quagsire|84/100
|move|p2a: Azumarill|Liquidation|p1a: Quagsire
|-damage|p1a: Quagsire|46/100
|
|-heal|p1a: Quagsire|52/100|[from] Grassy Terrain
|-heal|p2a: Azumarill|75/100 par|[from] Grassy Terrain
|-fieldend|move: Grassy Terrain
|upkeep
|turn|61
|
|move|p1a: Quagsire|Recover|p1a: Quagsire
|-heal|p1a: Quagsire|100/100
|cant|p2a: Azumarill|par
|
|upkeep
|turn|62
|
|move|p1a: Quagsire|Earthquake|p2a: Azumarill
|-damage|p2a: Azumarill|44/100 par
|move|p2a: Azumarill|Liquidation|p1a: Quagsire
|-damage|p1a: Quagsire|61/100
|
|upkeep
|turn|63
|
|switch|p2a: Rillaboom|Rillaboom, M|48/100 tox
|-fieldstart|move: Grassy Terrain|[from] ability: Grassy Surge|[of] p2a: Rillaboom
|move|p1a: Quagsire|Earthquake|p2a: Rillaboom
|-resisted|p2a: Rillaboom
|-damage|p2a: Rillaboom|41/100 tox
|
|-heal|p2a: Rillaboom|48/100 tox|[from] Grassy Terrain
|-heal|p1a: Quagsire|67/100|[from] Grassy Terrain
|-damage|p2a: Rillaboom|41/100 tox|[from] psn
|upkeep
|turn|64
|
|switch|p1a: Mandibuzz|Mandibuzz, F|56/100
|move|p2a: Rillaboom|Grassy Glide|p1a: Mandibuzz
|-resisted|p1a: Mandibuzz
|-damage|p1a: Mandibuzz|33/100
|-damage|p2a: Rillaboom|31/100 tox|[from] item: Life Orb
|
|-heal|p2a: Rillaboom|38/100 tox|[from] Grassy Terrain
|-damage|p2a: Rillaboom|25/100 tox|[from] psn
|upkeep
|turn|65
|
|switch|p2a: Azumarill|Azumarill, F|44/100 par
|move|p1a: Mandibuzz|Roost|p1a: Mandibuzz
|-heal|p1a: Mandibuzz|83/100
|-singleturn|p1a: Mandibuzz|move: Roost
|
|-heal|p1a: Mandibuzz|89/100|[from] Grassy Terrain
|-heal|p2a: Azumarill|50/100 par|[from] Grassy Terrain
|upkeep
|turn|66
|
|switch|p1a: Quagsire|Quagsire, M|67/100
|move|p2a: Azumarill|Liquidation|p1a: Quagsire
|-damage|p1a: Quagsire|32/100
|
|-heal|p1a: Quagsire|38/100|[from] Grassy Terrain
|-heal|p2a: Azumarill|57/100 par|[from] Grassy Terrain
|upkeep
|turn|67
|
|cant|p2a: Azumarill|par
|move|p1a: Quagsire|Recover|p1a: Quagsire
|-heal|p1a: Quagsire|88/100
|
|-heal|p1a: Quagsire|94/100|[from] Grassy Terrain
|-heal|p2a: Azumarill|63/100 par|[from] Grassy Terrain
|-fieldend|move: Grassy Terrain
|upkeep
|turn|68
|
|move|p1a: Quagsire|Earthquake|p2a: Azumarill
|-damage|p2a: Azumarill|32/100 par
|move|p2a: Azumarill|Liquidation|p1a: Quagsire
|-damage|p1a: Quagsire|54/100
|
|upkeep
|turn|69
|
|switch|p2a: Rillaboom|Rillaboom, M|25/100 tox
|-fieldstart|move: Grassy Terrain|[from] ability: Grassy Surge|[of] p2a: Rillaboom
|move|p1a: Quagsire|Earthquake|p2a: Rillaboom
|-resisted|p2a: Rillaboom
|-damage|p2a: Rillaboom|18/100 tox
|
|-heal|p2a: Rillaboom|24/100 tox|[from] Grassy Terrain
|-heal|p1a: Quagsire|60/100|[from] Grassy Terrain
|-damage|p2a: Rillaboom|18/100 tox|[from] psn
|upkeep
|turn|70
|
|switch|p1a: Mandibuzz|Mandibuzz, F|89/100
|move|p2a: Rillaboom|U-turn|p1a: Mandibuzz
|-damage|p1a: Mandibuzz|64/100
|-damage|p2a: Rillaboom|8/100 tox|[from] item: Life Orb
|
|switch|p2a: Azumarill|Azumarill, F|32/100 par|[from]move: U-turn
|
|-heal|p2a: Azumarill|38/100 par|[from] Grassy Terrain
|upkeep
|turn|71
|
|move|p1a: Mandibuzz|Foul Play|p2a: Azumarill
|-resisted|p2a: Azumarill
|-damage|p2a: Azumarill|22/100 par
|move|p2a: Azumarill|Play Rough|p1a: Mandibuzz
|-supereffective|p1a: Mandibuzz
|-damage|p1a: Mandibuzz|0 fnt
|faint|p1a: Mandibuzz
|
|-heal|p2a: Azumarill|28/100 par|[from] Grassy Terrain
|upkeep
|
|switch|p1a: Quagsire|Quagsire, M|60/100
|turn|72
|l|‽Shes in dark
|inactive|Shes in dark disconnected and has a minute to reconnect!
|player|p1|
|inactive|Shes in dark has 30 seconds to reconnect!
|inactive|Shes in dark has 20 seconds to reconnect!
|inactive|Shes in dark has 15 seconds to reconnect!
|inactive|Shes in dark has 10 seconds to reconnect!
|inactive|Shes in dark has 5 seconds to reconnect!
|-message|Shes in dark lost due to inactivity.
|
|win|cold.exe
||Ladder (probably) updated, but score could not be retrieved (Request timeout).
