|j|☆Talon 5
|j|☆jawabarat
|t:|1650291206
|gametype|singles
|player|p1|Talon 5|blue|1843
|player|p2|jawabarat|artist-gen4|1880
|teamsize|p1|6
|teamsize|p2|6
|gen|8
|tier|[Gen 8] OU
|rated|
|rule|Sleep Clause Mod: Limit one foe put to sleep
|rule|Species Clause: Limit one of each Pokémon
|rule|OHKO Clause: OHKO moves are banned
|rule|Evasion Moves Clause: Evasion moves are banned
|rule|Endless Battle Clause: Forcing endless battles is banned
|rule|HP Percentage Mod: HP is shown in percentages
|rule|Dynamax Clause: You cannot dynamax
|clearpoke
|poke|p1|Marowak-Alola, M|
|poke|p1|Slowbro, M|
|poke|p1|Hatterene, F|
|poke|p1|Garchomp, M|
|poke|p1|Ferrothorn, M|
|poke|p1|Drampa, M|
|poke|p2|Kartana|
|poke|p2|Weavile, F|
|poke|p2|Dragapult, F|
|poke|p2|Volcanion|
|poke|p2|Landorus-Therian, M|
|poke|p2|Melmetal|
|teampreview
|inactive|Battle timer is ON: inactive players will automatically lose when time's up. (requested by Talon 5)
|
|t:|1650291219
|start
|switch|p1a: Sonso|Slowbro, M|100/100
|switch|p2a: PUGI|Weavile, F|100/100
|-ability|p2a: PUGI|Pressure
|turn|1
|
|t:|1650291225
|move|p2a: PUGI|Beat Up|p1a: Sonso
|-supereffective|p1a: Sonso
|-enditem|p1a: Sonso|Colbur Berry|[eat]
|-enditem|p1a: Sonso|Colbur Berry|[weaken]
|-damage|p1a: Sonso|93/100
|-supereffective|p1a: Sonso
|-damage|p1a: Sonso|70/100
|-supereffective|p1a: Sonso
|-damage|p1a: Sonso|56/100
|-supereffective|p1a: Sonso
|-damage|p1a: Sonso|42/100
|-supereffective|p1a: Sonso
|-damage|p1a: Sonso|23/100
|-supereffective|p1a: Sonso
|-damage|p1a: Sonso|6/100
|-hitcount|p1a: Sonso|6
|move|p1a: Sonso|Body Press|p2a: PUGI
|-supereffective|p2a: PUGI
|-damage|p2a: PUGI|0 fnt
|faint|p2a: PUGI
|
|upkeep
|
|t:|1650291246
|switch|p2a: FOG OF WAR|Dragapult, F|100/100
|turn|2
|
|t:|1650291249
|switch|p1a: Thorns|Ferrothorn, M|100/100
|move|p2a: FOG OF WAR|U-turn|p1a: Thorns
|-damage|p1a: Thorns|76/100
|-damage|p2a: FOG OF WAR|88/100|[from] ability: Iron Barbs|[of] p1a: Thorns
|
|t:|1650291260
|switch|p2a: EYVEL|Volcanion|100/100|[from]move: U-turn
|
|-heal|p1a: Thorns|82/100|[from] item: Leftovers
|upkeep
|turn|3
|
|t:|1650291266
|switch|p1a: Falkor|Drampa, M|100/100
|move|p2a: EYVEL|Steam Eruption|p1a: Falkor|[miss]
|-miss|p2a: EYVEL|p1a: Falkor
|
|upkeep
|turn|4
|
|t:|1650291284
|switch|p2a: LEADERSHIP STARS|Landorus-Therian, M|100/100
|-ability|p2a: LEADERSHIP STARS|Intimidate|boost
|-unboost|p1a: Falkor|atk|1
|move|p1a: Falkor|Focus Blast|p2a: LEADERSHIP STARS
|-resisted|p2a: LEADERSHIP STARS
|-damage|p2a: LEADERSHIP STARS|82/100
|
|-heal|p2a: LEADERSHIP STARS|88/100|[from] item: Leftovers
|upkeep
|turn|5
|
|t:|1650291295
|move|p2a: LEADERSHIP STARS|Earthquake|p1a: Falkor
|-damage|p1a: Falkor|53/100
|move|p1a: Falkor|Ice Beam|p2a: LEADERSHIP STARS
|-supereffective|p2a: LEADERSHIP STARS
|-damage|p2a: LEADERSHIP STARS|0 fnt
|faint|p2a: LEADERSHIP STARS
|
|upkeep
|
|t:|1650291308
|switch|p2a: DAGDA|Melmetal|100/100
|turn|6
|j| huizoudexie
|
|t:|1650291313
|switch|p1a: Thorns|Ferrothorn, M|82/100
|move|p2a: DAGDA|Double Iron Bash|p1a: Thorns
|-resisted|p1a: Thorns
|-damage|p1a: Thorns|65/100
|-activate|p1a: Thorns|ability: Iron Barbs
|-activate|p2a: DAGDA|item: Protective Pads
|-resisted|p1a: Thorns
|-damage|p1a: Thorns|50/100
|-activate|p1a: Thorns|ability: Iron Barbs
|-activate|p2a: DAGDA|item: Protective Pads
|-hitcount|p1a: Thorns|2
|
|-heal|p1a: Thorns|56/100|[from] item: Leftovers
|upkeep
|turn|7
|
|t:|1650291325
|switch|p1a: Sonso|Slowbro, M|39/100
|move|p2a: DAGDA|Double Iron Bash|p1a: Sonso
|-resisted|p1a: Sonso
|-damage|p1a: Sonso|27/100
|-resisted|p1a: Sonso
|-damage|p1a: Sonso|13/100
|-hitcount|p1a: Sonso|2
|
|upkeep
|turn|8
|
|t:|1650291333
|switch|p1a: Thorns|Ferrothorn, M|56/100
|move|p2a: DAGDA|Double Iron Bash|p1a: Thorns
|-resisted|p1a: Thorns
|-damage|p1a: Thorns|39/100
|-activate|p1a: Thorns|ability: Iron Barbs
|-activate|p2a: DAGDA|item: Protective Pads
|-resisted|p1a: Thorns
|-damage|p1a: Thorns|22/100
|-activate|p1a: Thorns|ability: Iron Barbs
|-activate|p2a: DAGDA|item: Protective Pads
|-hitcount|p1a: Thorns|2
|
|-heal|p1a: Thorns|29/100|[from] item: Leftovers
|upkeep
|turn|9
|
|t:|1650291348
|switch|p1a: Sonso|Slowbro, M|46/100
|move|p2a: DAGDA|Double Iron Bash|p1a: Sonso
|-resisted|p1a: Sonso
|-damage|p1a: Sonso|33/100
|-resisted|p1a: Sonso
|-damage|p1a: Sonso|20/100
|-hitcount|p1a: Sonso|2
|
|upkeep
|turn|10
|
|t:|1650291355
|switch|p1a: Thorns|Ferrothorn, M|29/100
|move|p2a: DAGDA|Double Iron Bash|p1a: Thorns
|-resisted|p1a: Thorns
|-damage|p1a: Thorns|12/100
|-activate|p1a: Thorns|ability: Iron Barbs
|-activate|p2a: DAGDA|item: Protective Pads
|-resisted|p1a: Thorns
|-damage|p1a: Thorns|0 fnt
|-activate|p1a: Thorns|ability: Iron Barbs
|-activate|p2a: DAGDA|item: Protective Pads
|faint|p1a: Thorns
|-hitcount|p1: Thorns|2
|
|upkeep
|
|t:|1650291367
|switch|p1a: Sonso|Slowbro, M|53/100
|turn|11
|
|t:|1650291383
|move|p2a: DAGDA|Thunder Punch|p1a: Sonso
|-supereffective|p1a: Sonso
|-damage|p1a: Sonso|8/100
|move|p1a: Sonso|Trick Room|p1a: Sonso
|-fieldstart|move: Trick Room|[of] p1a: Sonso
|
|upkeep
|turn|12
|
|t:|1650291393
|move|p1a: Sonso|Slack Off|p1a: Sonso
|-heal|p1a: Sonso|58/100
|move|p2a: DAGDA|Thunder Punch|p1a: Sonso
|-supereffective|p1a: Sonso
|-damage|p1a: Sonso|14/100
|
|upkeep
|turn|13
|
|t:|1650291399
|switch|p1a: Falkor|Drampa, M|53/100
|move|p2a: DAGDA|Thunder Punch|p1a: Falkor
|-resisted|p1a: Falkor
|-damage|p1a: Falkor|33/100
|-ability|p1a: Falkor|Berserk|boost
|-boost|p1a: Falkor|spa|1
|
|upkeep
|turn|14
|
|t:|1650291418
|switch|p2a: EYVEL|Volcanion|100/100
|move|p1a: Falkor|Focus Blast|p2a: EYVEL
|-damage|p2a: EYVEL|7/100
|
|upkeep
|turn|15
|j| guho
|
|t:|1650291441
|move|p1a: Falkor|Roost|p1a: Falkor
|-heal|p1a: Falkor|83/100
|-singleturn|p1a: Falkor|move: Roost
|move|p2a: EYVEL|Earth Power|p1a: Falkor
|-damage|p1a: Falkor|48/100
|-ability|p1a: Falkor|Berserk|boost
|-boost|p1a: Falkor|spa|1
|
|-fieldend|move: Trick Room
|upkeep
|turn|16
|
|t:|1650291464
|move|p2a: EYVEL|Earth Power|p1a: Falkor
|-damage|p1a: Falkor|15/100
|move|p1a: Falkor|Roost|p1a: Falkor
|-heal|p1a: Falkor|65/100
|-singleturn|p1a: Falkor|move: Roost
|
|upkeep
|turn|17
|
|t:|1650291475
|switch|p1a: Gorra|Hatterene, F, shiny|100/100
|move|p2a: EYVEL|Earth Power|p1a: Gorra
|-damage|p1a: Gorra|73/100
|
|upkeep
|turn|18
|
|t:|1650291481
|move|p2a: EYVEL|Steam Eruption|p1a: Gorra
|-damage|p1a: Gorra|26/100
|move|p1a: Gorra|Trick Room|p1a: Gorra
|-fieldstart|move: Trick Room|[of] p1a: Gorra
|
|upkeep
|turn|19
|
|t:|1650291489
|switch|p2a: DAGDA|Melmetal|100/100
|move|p1a: Gorra|Healing Wish|p1a: Gorra
|faint|p1a: Gorra
|
|upkeep
|j| JoeyIreland
|
|t:|1650291493
|switch|p1a: Billy B.|Marowak-Alola, M, shiny|100/100
|turn|20
|
|t:|1650291499
|switch|p2a: EYVEL|Volcanion|7/100
|move|p1a: Billy B.|Flare Blitz|p2a: EYVEL
|-resisted|p2a: EYVEL
|-damage|p2a: EYVEL|0 fnt
|faint|p2a: EYVEL
|
|upkeep
|
|t:|1650291508
|switch|p2a: FOG OF WAR|Dragapult, F|88/100
|turn|21
|
|t:|1650291513
|switch|p2a: MARTY PARTY|Kartana|100/100
|move|p1a: Billy B.|Poltergeist|p2a: MARTY PARTY
|-activate|p2a: MARTY PARTY|move: Poltergeist|Choice Scarf
|-damage|p2a: MARTY PARTY|3/100
|
|upkeep
|turn|22
|
|t:|1650291525
|move|p1a: Billy B.|Flare Blitz|p2a: MARTY PARTY
|-supereffective|p2a: MARTY PARTY
|-crit|p2a: MARTY PARTY
|-damage|p2a: MARTY PARTY|0 fnt
|faint|p2a: MARTY PARTY
|
|-fieldend|move: Trick Room
|upkeep
|
|t:|1650291530
|switch|p2a: DAGDA|Melmetal|100/100
|turn|23
|
|t:|1650291534
|move|p2a: DAGDA|Double Iron Bash|p1a: Billy B.
|-resisted|p1a: Billy B.
|-crit|p1a: Billy B.
|-damage|p1a: Billy B.|68/100
|-resisted|p1a: Billy B.
|-damage|p1a: Billy B.|48/100
|-hitcount|p1a: Billy B.|2
|move|p1a: Billy B.|Flare Blitz|p2a: DAGDA
|-supereffective|p2a: DAGDA
|-damage|p2a: DAGDA|0 fnt
|faint|p2a: DAGDA
|
|upkeep
|
|t:|1650291538
|switch|p2a: FOG OF WAR|Dragapult, F|88/100
|turn|24
|
|t:|1650291547
|switch|p1a: Sonso|Slowbro, M|48/100
|-heal|p1a: Sonso|100/100|[from] move: Healing Wish
|move|p2a: FOG OF WAR|Dragon Darts|p1a: Sonso
|-damage|p1a: Sonso|78/100
|-anim|p2a: FOG OF WAR|Dragon Darts|p1a: Sonso
|-damage|p1a: Sonso|58/100
|
|upkeep
|turn|25
|
|t:|1650291555
|move|p2a: FOG OF WAR|Dragon Darts|p1a: Sonso
|-damage|p1a: Sonso|35/100
|-anim|p2a: FOG OF WAR|Dragon Darts|p1a: Sonso
|-damage|p1a: Sonso|13/100
|move|p1a: Sonso|Slack Off|p1a: Sonso
|-heal|p1a: Sonso|63/100
|
|upkeep
|turn|26
|
|t:|1650291563
|move|p2a: FOG OF WAR|Dragon Darts|p1a: Sonso
|-damage|p1a: Sonso|40/100
|-anim|p2a: FOG OF WAR|Dragon Darts|p1a: Sonso
|-damage|p1a: Sonso|19/100
|move|p1a: Sonso|Slack Off|p1a: Sonso
|-heal|p1a: Sonso|69/100
|
|upkeep
|turn|27
|
|t:|1650291581
|move|p2a: FOG OF WAR|Dragon Darts|p1a: Sonso
|-damage|p1a: Sonso|45/100
|-anim|p2a: FOG OF WAR|Dragon Darts|p1a: Sonso
|-damage|p1a: Sonso|25/100
|move|p1a: Sonso|Trick Room|p1a: Sonso
|-fieldstart|move: Trick Room|[of] p1a: Sonso
|
|upkeep
|turn|28
|
|t:|1650291589
|move|p1a: Sonso|Scald|p2a: FOG OF WAR
|-resisted|p2a: FOG OF WAR
|-damage|p2a: FOG OF WAR|68/100
|move|p2a: FOG OF WAR|Dragon Darts|p1a: Sonso
|-crit|p1a: Sonso
|-damage|p1a: Sonso|0 fnt
|faint|p1a: Sonso
|
|upkeep
|
|t:|1650291596
|switch|p1a: Billy B.|Marowak-Alola, M, shiny|48/100
|turn|29
|
|t:|1650291599
|move|p1a: Billy B.|Flare Blitz|p2a: FOG OF WAR
|-resisted|p2a: FOG OF WAR
|-damage|p2a: FOG OF WAR|0 fnt
|faint|p2a: FOG OF WAR
|
|win|Talon 5
|raw|Talon 5's rating: 1843 &rarr; <strong>1865</strong><br />(+22 for winning)
|raw|jawabarat's rating: 1880 &rarr; <strong>1858</strong><br />(-22 for losing)
|c|☆jawabarat|g
|c|☆jawabarat|gg
|l|☆jawabarat
|c|☆Talon 5|gg
||Ladder isn't responding, score probably updated but might not have (Request timeout).
