|raw|<div class="broadcast-blue"><strong>This battle is required to be public due to a player having a name starting with 'lt84jm'.</div>
|j|‽LT84JM bbats
|j|☆Banned by week 2
|t:|1627468805
|gametype|singles
|player|p1|LT84JM bbats|hilbert|1717
|player|p2|Banned by week 2|unknown|1878
|teamsize|p1|6
|teamsize|p2|6
|gen|8
|tier|[Gen 8] OU
|rated|
|rule|Sleep Clause Mod: Limit one foe put to sleep
|rule|Species Clause: Limit one of each Pokémon
|rule|OHKO Clause: OHKO moves are banned
|rule|Evasion Moves Clause: Evasion moves are banned
|rule|Endless Battle Clause: Forcing endless battles is banned
|rule|HP Percentage Mod: HP is shown in percentages
|rule|Dynamax Clause: You cannot dynamax
|clearpoke
|poke|p1|Landorus-Therian, M|
|poke|p1|Slowking-Galar, M|
|poke|p1|Toxapex, M|
|poke|p1|Corviknight, F|
|poke|p1|Urshifu-*, F|
|poke|p1|Tapu Koko|
|poke|p2|Blissey, F|
|poke|p2|Tornadus-Therian, M|
|poke|p2|Hippowdon, M|
|poke|p2|Toxapex, F|
|poke|p2|Clefable, F|
|poke|p2|Corviknight, M|
|teampreview
|inactive|Battle timer is ON: inactive players will automatically lose when time's up. (requested by Banned by week 2)
|
|t:|1627468815
|start
|switch|p1a: Urshifu|Urshifu-Rapid-Strike, F|100/100
|switch|p2a: Toxapex|Toxapex, F|100/100
|turn|1
|
|t:|1627468821
|switch|p1a: Toxapex|Toxapex, M|100/100
|move|p2a: Toxapex|Knock Off|p1a: Toxapex
|-damage|p1a: Toxapex|92/100
|-damage|p2a: Toxapex|84/100|[from] item: Rocky Helmet|[of] p1a: Toxapex
|-enditem|p1a: Toxapex|Rocky Helmet|[from] move: Knock Off|[of] p2a: Toxapex
|
|upkeep
|turn|2
|
|t:|1627468835
|move|p1a: Toxapex|Knock Off|p2a: Toxapex
|-damage|p2a: Toxapex|74/100
|-enditem|p2a: Toxapex|Shed Shell|[from] move: Knock Off|[of] p1a: Toxapex
|move|p2a: Toxapex|Scald|p1a: Toxapex
|-resisted|p1a: Toxapex
|-damage|p1a: Toxapex|85/100
|
|upkeep
|turn|3
|
|t:|1627468840
|move|p2a: Toxapex|Scald|p1a: Toxapex
|-resisted|p1a: Toxapex
|-damage|p1a: Toxapex|78/100
|-status|p1a: Toxapex|brn
|move|p1a: Toxapex|Scald|p2a: Toxapex
|-resisted|p2a: Toxapex
|-damage|p2a: Toxapex|68/100
|
|-damage|p1a: Toxapex|72/100 brn|[from] brn
|upkeep
|turn|4
|
|t:|1627468846
|move|p1a: Toxapex|Knock Off|p2a: Toxapex
|-damage|p2a: Toxapex|65/100
|move|p2a: Toxapex|Recover|p2a: Toxapex
|-heal|p2a: Toxapex|100/100
|
|-damage|p1a: Toxapex|67/100 brn|[from] brn
|upkeep
|turn|5
|
|t:|1627468852
|move|p2a: Toxapex|Knock Off|p1a: Toxapex
|-damage|p1a: Toxapex|59/100 brn
|move|p1a: Toxapex|Scald|p2a: Toxapex
|-resisted|p2a: Toxapex
|-damage|p2a: Toxapex|94/100
|
|-damage|p1a: Toxapex|53/100 brn|[from] brn
|upkeep
|turn|6
|
|t:|1627468859
|switch|p2a: Tornadus|Tornadus-Therian, M, shiny|100/100
|move|p1a: Toxapex|Scald|p2a: Tornadus
|-damage|p2a: Tornadus|84/100
|
|-damage|p1a: Toxapex|47/100 brn|[from] brn
|upkeep
|turn|7
|
|t:|1627468865
|switch|p1a: Slowking|Slowking-Galar, M|100/100
|move|p2a: Tornadus|Nasty Plot|p2a: Tornadus
|-boost|p2a: Tornadus|spa|2
|
|upkeep
|turn|8
|
|t:|1627468875
|move|p2a: Tornadus|Hurricane|p1a: Slowking
|-damage|p1a: Slowking|64/100
|move|p1a: Slowking|Sludge Bomb|p2a: Tornadus
|-damage|p2a: Tornadus|43/100
|
|upkeep
|turn|9
|
|t:|1627468883
|switch|p2a: Hippowdon|Hippowdon, M|100/100
|-weather|Sandstorm|[from] ability: Sand Stream|[of] p2a: Hippowdon
|move|p1a: Slowking|Sludge Bomb|p2a: Hippowdon
|-resisted|p2a: Hippowdon
|-damage|p2a: Hippowdon|86/100
|-status|p2a: Hippowdon|psn
|
|-weather|Sandstorm|[upkeep]
|-damage|p1a: Slowking|58/100|[from] Sandstorm
|-heal|p2a: Hippowdon|93/100 psn|[from] item: Leftovers
|-damage|p2a: Hippowdon|80/100 psn|[from] psn
|upkeep
|turn|10
|
|t:|1627468887
|switch|p2a: Blissey|Blissey, F|100/100
|switch|p1a: Corviknight|Corviknight, F|100/100
|-ability|p1a: Corviknight|Pressure
|
|-weather|Sandstorm|[upkeep]
|-damage|p2a: Blissey|94/100|[from] Sandstorm
|upkeep
|turn|11
|
|t:|1627468891
|move|p1a: Corviknight|Body Press|p2a: Blissey
|-supereffective|p2a: Blissey
|-crit|p2a: Blissey
|-damage|p2a: Blissey|22/100
|move|p2a: Blissey|Heal Bell|p2a: Blissey
|-activate|p2a: Blissey|move: Heal Bell
|-curestatus|p2: Hippowdon|psn|[msg]
|
|-weather|Sandstorm|[upkeep]
|-damage|p2a: Blissey|16/100|[from] Sandstorm
|upkeep
|turn|12
|
|t:|1627468903
|switch|p2a: Tornadus|Tornadus-Therian, M, shiny|76/100
|move|p1a: Corviknight|U-turn|p2a: Tornadus
|-resisted|p2a: Tornadus
|-damage|p2a: Tornadus|69/100
|
|t:|1627468909
|switch|p1a: Tapu Koko|Tapu Koko|100/100|[from]move: U-turn
|-fieldstart|move: Electric Terrain|[from] ability: Electric Surge|[of] p1a: Tapu Koko
|
|-weather|Sandstorm|[upkeep]
|-damage|p1a: Tapu Koko|94/100|[from] Sandstorm
|-damage|p2a: Tornadus|63/100|[from] Sandstorm
|upkeep
|turn|13
|
|t:|1627468913
|switch|p2a: Toxapex|Toxapex, F|100/100
|move|p1a: Tapu Koko|U-turn|p2a: Toxapex
|-resisted|p2a: Toxapex
|-damage|p2a: Toxapex|95/100
|
|t:|1627468923
|switch|p1a: Landorus|Landorus-Therian, M|100/100|[from]move: U-turn
|-ability|p1a: Landorus|Intimidate|boost
|-unboost|p2a: Toxapex|atk|1
|
|-weather|none
|upkeep
|turn|14
|
|t:|1627468928
|move|p1a: Landorus|U-turn|p2a: Toxapex
|-resisted|p2a: Toxapex
|-damage|p2a: Toxapex|89/100
|
|t:|1627468932
|switch|p1a: Toxapex|Toxapex, M|81/100 brn|[from]move: U-turn
|move|p2a: Toxapex|Knock Off|p1a: Toxapex
|-damage|p1a: Toxapex|76/100 brn
|
|-damage|p1a: Toxapex|70/100 brn|[from] brn
|upkeep
|turn|15
|
|t:|1627468940
|move|p2a: Toxapex|Knock Off|p1a: Toxapex
|-damage|p1a: Toxapex|66/100 brn
|move|p1a: Toxapex|Knock Off|p2a: Toxapex
|-damage|p2a: Toxapex|86/100
|
|-damage|p1a: Toxapex|60/100 brn|[from] brn
|upkeep
|turn|16
|
|t:|1627468944
|move|p2a: Toxapex|Knock Off|p1a: Toxapex
|-damage|p1a: Toxapex|55/100 brn
|move|p1a: Toxapex|Knock Off|p2a: Toxapex
|-damage|p2a: Toxapex|83/100
|
|-damage|p1a: Toxapex|49/100 brn|[from] brn
|-fieldend|move: Electric Terrain
|upkeep
|turn|17
|
|t:|1627468951
|switch|p1a: Corviknight|Corviknight, F|100/100
|-ability|p1a: Corviknight|Pressure
|move|p2a: Toxapex|Knock Off|p1a: Corviknight
|-damage|p1a: Corviknight|94/100
|-enditem|p1a: Corviknight|Leftovers|[from] move: Knock Off|[of] p2a: Toxapex
|
|upkeep
|turn|18
|
|t:|1627468955
|move|p1a: Corviknight|U-turn|p2a: Toxapex
|-resisted|p2a: Toxapex
|-damage|p2a: Toxapex|79/100
|
|t:|1627468957
|switch|p1a: Toxapex|Toxapex, M|83/100 brn|[from]move: U-turn
|move|p2a: Toxapex|Scald|p1a: Toxapex
|-resisted|p1a: Toxapex
|-damage|p1a: Toxapex|76/100 brn
|
|-damage|p1a: Toxapex|70/100 brn|[from] brn
|upkeep
|turn|19
|
|t:|1627468965
|move|p1a: Toxapex|Scald|p2a: Toxapex
|-resisted|p2a: Toxapex
|-damage|p2a: Toxapex|71/100
|-status|p2a: Toxapex|brn
|move|p2a: Toxapex|Knock Off|p1a: Toxapex
|-damage|p1a: Toxapex|68/100 brn
|
|-damage|p1a: Toxapex|62/100 brn|[from] brn
|-damage|p2a: Toxapex|66/100 brn|[from] brn
|upkeep
|turn|20
|
|t:|1627468974
|switch|p1a: Corviknight|Corviknight, F|94/100
|-ability|p1a: Corviknight|Pressure
|move|p2a: Toxapex|Recover|p2a: Toxapex
|-heal|p2a: Toxapex|100/100 brn
|
|-damage|p2a: Toxapex|95/100 brn|[from] brn
|upkeep
|turn|21
|
|t:|1627468979
|switch|p1a: Toxapex|Toxapex, M|95/100 brn
|switch|p2a: Tornadus|Tornadus-Therian, M, shiny|96/100
|
|-damage|p1a: Toxapex|89/100 brn|[from] brn
|upkeep
|turn|22
|
|t:|1627468984
|switch|p1a: Tapu Koko|Tapu Koko|94/100
|-fieldstart|move: Electric Terrain|[from] ability: Electric Surge|[of] p1a: Tapu Koko
|move|p2a: Tornadus|Nasty Plot|p2a: Tornadus
|-boost|p2a: Tornadus|spa|2
|
|upkeep
|turn|23
|
|t:|1627468990
|switch|p2a: Hippowdon|Hippowdon, M|80/100
|-weather|Sandstorm|[from] ability: Sand Stream|[of] p2a: Hippowdon
|move|p1a: Tapu Koko|U-turn|p2a: Hippowdon
|-damage|p2a: Hippowdon|69/100
|
|t:|1627468998
|switch|p1a: Urshifu|Urshifu-Rapid-Strike, F|100/100|[from]move: U-turn
|
|-weather|Sandstorm|[upkeep]
|-damage|p1a: Urshifu|94/100|[from] Sandstorm
|-heal|p2a: Hippowdon|75/100|[from] item: Leftovers
|upkeep
|turn|24
|
|t:|1627469003
|switch|p2a: Toxapex|Toxapex, F|100/100 brn
|move|p1a: Urshifu|U-turn|p2a: Toxapex
|-resisted|p2a: Toxapex
|-damage|p2a: Toxapex|89/100 brn
|j| LT84JMM
|
|t:|1627469008
|switch|p1a: Toxapex|Toxapex, M|100/100 brn|[from]move: U-turn
|
|-weather|Sandstorm|[upkeep]
|-damage|p2a: Toxapex|83/100 brn|[from] Sandstorm
|-damage|p1a: Toxapex|95/100 brn|[from] Sandstorm
|-damage|p2a: Toxapex|77/100 brn|[from] brn
|-damage|p1a: Toxapex|89/100 brn|[from] brn
|upkeep
|turn|25
|j| PerplexingRapidash
|
|t:|1627469014
|move|p1a: Toxapex|Knock Off|p2a: Toxapex
|-damage|p2a: Toxapex|74/100 brn
|move|p2a: Toxapex|Knock Off|p1a: Toxapex
|-damage|p1a: Toxapex|85/100 brn
|
|-weather|Sandstorm|[upkeep]
|-damage|p2a: Toxapex|68/100 brn|[from] Sandstorm
|-damage|p1a: Toxapex|79/100 brn|[from] Sandstorm
|-damage|p1a: Toxapex|73/100 brn|[from] brn
|-damage|p2a: Toxapex|62/100 brn|[from] brn
|upkeep
|turn|26
|
|t:|1627469018
|move|p2a: Toxapex|Knock Off|p1a: Toxapex
|-damage|p1a: Toxapex|70/100 brn
|move|p1a: Toxapex|Scald|p2a: Toxapex
|-resisted|p2a: Toxapex
|-crit|p2a: Toxapex
|-damage|p2a: Toxapex|52/100 brn
|
|-weather|Sandstorm|[upkeep]
|-damage|p2a: Toxapex|46/100 brn|[from] Sandstorm
|-damage|p1a: Toxapex|65/100 brn|[from] Sandstorm
|-damage|p2a: Toxapex|40/100 brn|[from] brn
|-damage|p1a: Toxapex|59/100 brn|[from] brn
|-fieldend|move: Electric Terrain
|upkeep
|turn|27
|
|t:|1627469028
|switch|p2a: Blissey|Blissey, F|16/100
|move|p1a: Toxapex|Knock Off|p2a: Blissey
|-damage|p2a: Blissey|10/100
|-enditem|p2a: Blissey|Heavy-Duty Boots|[from] move: Knock Off|[of] p1a: Toxapex
|
|-weather|none
|-damage|p1a: Toxapex|53/100 brn|[from] brn
|upkeep
|turn|28
|
|t:|1627469033
|switch|p1a: Urshifu|Urshifu-Rapid-Strike, F|94/100
|move|p2a: Blissey|Soft-Boiled|p2a: Blissey
|-heal|p2a: Blissey|60/100
|
|upkeep
|turn|29
|
|t:|1627469039
|switch|p2a: Toxapex|Toxapex, F|73/100 brn
|move|p1a: Urshifu|Surging Strikes|p2a: Toxapex
|-resisted|p2a: Toxapex
|-crit|p2a: Toxapex
|-damage|p2a: Toxapex|64/100 brn
|-resisted|p2a: Toxapex
|-crit|p2a: Toxapex
|-damage|p2a: Toxapex|55/100 brn
|-resisted|p2a: Toxapex
|-crit|p2a: Toxapex
|-damage|p2a: Toxapex|47/100 brn
|-hitcount|p2a: Toxapex|3
|
|-damage|p2a: Toxapex|41/100 brn|[from] brn
|upkeep
|turn|30
|
|t:|1627469048
|move|p1a: Urshifu|Surging Strikes|p2a: Toxapex
|-resisted|p2a: Toxapex
|-crit|p2a: Toxapex
|-damage|p2a: Toxapex|31/100 brn
|-resisted|p2a: Toxapex
|-crit|p2a: Toxapex
|-damage|p2a: Toxapex|23/100 brn
|-resisted|p2a: Toxapex
|-crit|p2a: Toxapex
|-damage|p2a: Toxapex|14/100 brn
|-hitcount|p2a: Toxapex|3
|move|p2a: Toxapex|Recover|p2a: Toxapex
|-heal|p2a: Toxapex|65/100 brn
|
|-damage|p2a: Toxapex|59/100 brn|[from] brn
|upkeep
|turn|31
|
|t:|1627469054
|switch|p1a: Tapu Koko|Tapu Koko|94/100
|-fieldstart|move: Electric Terrain|[from] ability: Electric Surge|[of] p1a: Tapu Koko
|move|p2a: Toxapex|Knock Off|p1a: Tapu Koko
|-resisted|p1a: Tapu Koko
|-damage|p1a: Tapu Koko|89/100
|-enditem|p1a: Tapu Koko|Heavy-Duty Boots|[from] move: Knock Off|[of] p2a: Toxapex
|
|-damage|p2a: Toxapex|53/100 brn|[from] brn
|upkeep
|turn|32
|
|t:|1627469059
|switch|p2a: Hippowdon|Hippowdon, M|75/100
|-weather|Sandstorm|[from] ability: Sand Stream|[of] p2a: Hippowdon
|move|p1a: Tapu Koko|U-turn|p2a: Hippowdon
|-damage|p2a: Hippowdon|63/100
|
|t:|1627469062
|switch|p1a: Toxapex|Toxapex, M|86/100 brn|[from]move: U-turn
|
|-weather|Sandstorm|[upkeep]
|-damage|p1a: Toxapex|80/100 brn|[from] Sandstorm
|-heal|p2a: Hippowdon|70/100|[from] item: Leftovers
|-damage|p1a: Toxapex|74/100 brn|[from] brn
|upkeep
|turn|33
|
|t:|1627469071
|switch|p2a: Blissey|Blissey, F|60/100
|switch|p1a: Corviknight|Corviknight, F|94/100
|-ability|p1a: Corviknight|Pressure
|
|-weather|Sandstorm|[upkeep]
|-damage|p2a: Blissey|54/100|[from] Sandstorm
|upkeep
|turn|34
|
|t:|1627469077
|switch|p2a: Toxapex|Toxapex, F|86/100 brn
|move|p1a: Corviknight|U-turn|p2a: Toxapex
|-resisted|p2a: Toxapex
|-damage|p2a: Toxapex|81/100 brn
|
|t:|1627469088
|switch|p1a: Toxapex|Toxapex, M|100/100 brn|[from]move: U-turn
|
|-weather|Sandstorm|[upkeep]
|-damage|p1a: Toxapex|95/100 brn|[from] Sandstorm
|-damage|p2a: Toxapex|75/100 brn|[from] Sandstorm
|-damage|p2a: Toxapex|69/100 brn|[from] brn
|-damage|p1a: Toxapex|89/100 brn|[from] brn
|upkeep
|turn|35
|
|t:|1627469095
|move|p1a: Toxapex|Knock Off|p2a: Toxapex
|-damage|p2a: Toxapex|66/100 brn
|move|p2a: Toxapex|Scald|p1a: Toxapex
|-resisted|p1a: Toxapex
|-damage|p1a: Toxapex|82/100 brn
|
|-weather|Sandstorm|[upkeep]
|-damage|p1a: Toxapex|76/100 brn|[from] Sandstorm
|-damage|p2a: Toxapex|60/100 brn|[from] Sandstorm
|-damage|p2a: Toxapex|54/100 brn|[from] brn
|-damage|p1a: Toxapex|70/100 brn|[from] brn
|-fieldend|move: Electric Terrain
|upkeep
|turn|36
|
|t:|1627469099
|switch|p2a: Blissey|Blissey, F|54/100
|move|p1a: Toxapex|Knock Off|p2a: Blissey
|-damage|p2a: Blissey|49/100
|
|-weather|none
|-damage|p1a: Toxapex|64/100 brn|[from] brn
|upkeep
|turn|37
|j| baby wagon
|
|t:|1627469103
|switch|p1a: Landorus|Landorus-Therian, M|100/100
|-ability|p1a: Landorus|Intimidate|boost
|-unboost|p2a: Blissey|atk|1
|move|p2a: Blissey|Soft-Boiled|p2a: Blissey
|-heal|p2a: Blissey|99/100
|
|upkeep
|turn|38
|
|t:|1627469109
|switch|p1a: Toxapex|Toxapex, M|97/100 brn
|switch|p2a: Corviknight|Corviknight, M|100/100
|-ability|p2a: Corviknight|Pressure
|
|-damage|p1a: Toxapex|91/100 brn|[from] brn
|upkeep
|turn|39
|
|t:|1627469115
|switch|p2a: Toxapex|Toxapex, F|88/100 brn
|switch|p1a: Corviknight|Corviknight, F|94/100
|-ability|p1a: Corviknight|Pressure
|
|-damage|p2a: Toxapex|82/100 brn|[from] brn
|upkeep
|turn|40
|
|t:|1627469118
|switch|p1a: Toxapex|Toxapex, M|100/100 brn
|switch|p2a: Corviknight|Corviknight, M|100/100
|-ability|p2a: Corviknight|Pressure
|
|-damage|p1a: Toxapex|95/100 brn|[from] brn
|upkeep
|turn|41
|l| LT84JMM
|j| OU make me yawn
|
|t:|1627469126
|switch|p2a: Toxapex|Toxapex, F|100/100 brn
|switch|p1a: Corviknight|Corviknight, F|94/100
|-ability|p1a: Corviknight|Pressure
|
|-damage|p2a: Toxapex|95/100 brn|[from] brn
|upkeep
|turn|42
|
|t:|1627469132
|switch|p1a: Toxapex|Toxapex, M|100/100 brn
|switch|p2a: Hippowdon|Hippowdon, M|70/100
|-weather|Sandstorm|[from] ability: Sand Stream|[of] p2a: Hippowdon
|
|-weather|Sandstorm|[upkeep]
|-damage|p1a: Toxapex|95/100 brn|[from] Sandstorm
|-heal|p2a: Hippowdon|76/100|[from] item: Leftovers
|-damage|p1a: Toxapex|89/100 brn|[from] brn
|upkeep
|turn|43
|
|t:|1627469135
|switch|p2a: Toxapex|Toxapex, F|100/100 brn
|switch|p1a: Corviknight|Corviknight, F|94/100
|-ability|p1a: Corviknight|Pressure
|
|-weather|Sandstorm|[upkeep]
|-damage|p2a: Toxapex|95/100 brn|[from] Sandstorm
|-damage|p2a: Toxapex|89/100 brn|[from] brn
|upkeep
|turn|44
|
|t:|1627469142
|switch|p1a: Toxapex|Toxapex, M|100/100 brn
|switch|p2a: Hippowdon|Hippowdon, M|76/100
|
|-weather|Sandstorm|[upkeep]
|-damage|p1a: Toxapex|95/100 brn|[from] Sandstorm
|-heal|p2a: Hippowdon|82/100|[from] item: Leftovers
|-damage|p1a: Toxapex|89/100 brn|[from] brn
|upkeep
|turn|45
|
|t:|1627469157
|switch|p2a: Toxapex|Toxapex, F|100/100 brn
|switch|p1a: Corviknight|Corviknight, F|94/100
|-ability|p1a: Corviknight|Pressure
|
|-weather|Sandstorm|[upkeep]
|-damage|p2a: Toxapex|95/100 brn|[from] Sandstorm
|-damage|p2a: Toxapex|89/100 brn|[from] brn
|upkeep
|turn|46
|
|t:|1627469161
|switch|p1a: Toxapex|Toxapex, M|100/100 brn
|switch|p2a: Hippowdon|Hippowdon, M|82/100
|
|-weather|none
|-heal|p2a: Hippowdon|88/100|[from] item: Leftovers
|-damage|p1a: Toxapex|95/100 brn|[from] brn
|upkeep
|turn|47
|
|t:|1627469165
|switch|p2a: Toxapex|Toxapex, F|100/100 brn
|switch|p1a: Corviknight|Corviknight, F|94/100
|-ability|p1a: Corviknight|Pressure
|
|-damage|p2a: Toxapex|95/100 brn|[from] brn
|upkeep
|turn|48
|
|t:|1627469168
|switch|p1a: Toxapex|Toxapex, M|100/100 brn
|switch|p2a: Hippowdon|Hippowdon, M|88/100
|-weather|Sandstorm|[from] ability: Sand Stream|[of] p2a: Hippowdon
|
|-weather|Sandstorm|[upkeep]
|-damage|p1a: Toxapex|95/100 brn|[from] Sandstorm
|-heal|p2a: Hippowdon|94/100|[from] item: Leftovers
|-damage|p1a: Toxapex|89/100 brn|[from] brn
|upkeep
|turn|49
|
|t:|1627469171
|switch|p2a: Toxapex|Toxapex, F|100/100 brn
|switch|p1a: Corviknight|Corviknight, F|94/100
|-ability|p1a: Corviknight|Pressure
|
|-weather|Sandstorm|[upkeep]
|-damage|p2a: Toxapex|95/100 brn|[from] Sandstorm
|-damage|p2a: Toxapex|89/100 brn|[from] brn
|upkeep
|turn|50
|
|t:|1627469173
|switch|p1a: Toxapex|Toxapex, M|100/100 brn
|switch|p2a: Hippowdon|Hippowdon, M|94/100
|
|-weather|Sandstorm|[upkeep]
|-damage|p1a: Toxapex|95/100 brn|[from] Sandstorm
|-heal|p2a: Hippowdon|100/100|[from] item: Leftovers
|-damage|p1a: Toxapex|89/100 brn|[from] brn
|upkeep
|turn|51
|
|t:|1627469180
|switch|p1a: Corviknight|Corviknight, F|94/100
|-ability|p1a: Corviknight|Pressure
|move|p2a: Hippowdon|Stealth Rock|p1a: Corviknight
|-sidestart|p1: LT84JM bbats|move: Stealth Rock
|
|-weather|Sandstorm|[upkeep]
|upkeep
|turn|52
|
|t:|1627469182
|switch|p2a: Corviknight|Corviknight, M|100/100
|-ability|p2a: Corviknight|Pressure
|move|p1a: Corviknight|Defog|p2a: Corviknight
|-unboost|p2a: Corviknight|evasion|1
|-sideend|p1: LT84JM bbats|Stealth Rock|[from] move: Defog|[of] p1a: Corviknight
|
|-weather|none
|upkeep
|turn|53
|
|t:|1627469190
|switch|p2a: Hippowdon|Hippowdon, M|100/100
|-weather|Sandstorm|[from] ability: Sand Stream|[of] p2a: Hippowdon
|switch|p1a: Toxapex|Toxapex, M|100/100 brn
|
|-weather|Sandstorm|[upkeep]
|-damage|p1a: Toxapex|95/100 brn|[from] Sandstorm
|-damage|p1a: Toxapex|89/100 brn|[from] brn
|upkeep
|turn|54
|
|t:|1627469205
|switch|p2a: Toxapex|Toxapex, F|100/100 brn
|switch|p1a: Corviknight|Corviknight, F|94/100
|-ability|p1a: Corviknight|Pressure
|
|-weather|Sandstorm|[upkeep]
|-damage|p2a: Toxapex|95/100 brn|[from] Sandstorm
|-damage|p2a: Toxapex|89/100 brn|[from] brn
|upkeep
|turn|55
|
|t:|1627469213
|switch|p1a: Toxapex|Toxapex, M|100/100 brn
|switch|p2a: Tornadus|Tornadus-Therian, M, shiny|100/100
|
|-weather|Sandstorm|[upkeep]
|-damage|p2a: Tornadus|94/100|[from] Sandstorm
|-damage|p1a: Toxapex|95/100 brn|[from] Sandstorm
|-damage|p1a: Toxapex|89/100 brn|[from] brn
|upkeep
|turn|56
|
|t:|1627469219
|switch|p1a: Tapu Koko|Tapu Koko|89/100
|-fieldstart|move: Electric Terrain|[from] ability: Electric Surge|[of] p1a: Tapu Koko
|move|p2a: Tornadus|Nasty Plot|p2a: Tornadus
|-boost|p2a: Tornadus|spa|2
|
|-weather|Sandstorm|[upkeep]
|-damage|p1a: Tapu Koko|83/100|[from] Sandstorm
|-damage|p2a: Tornadus|88/100|[from] Sandstorm
|upkeep
|turn|57
|
|t:|1627469223
|switch|p2a: Hippowdon|Hippowdon, M|100/100
|move|p1a: Tapu Koko|Thunderbolt|p2a: Hippowdon
|-immune|p2a: Hippowdon
|
|-weather|none
|upkeep
|turn|58
|
|t:|1627469228
|move|p1a: Tapu Koko|U-turn|p2a: Hippowdon
|-damage|p2a: Hippowdon|88/100
|
|t:|1627469231
|switch|p1a: Corviknight|Corviknight, F|94/100|[from]move: U-turn
|-ability|p1a: Corviknight|Pressure
|move|p2a: Hippowdon|Stealth Rock|p1a: Corviknight
|-sidestart|p1: LT84JM bbats|move: Stealth Rock
|
|-heal|p2a: Hippowdon|94/100|[from] item: Leftovers
|upkeep
|turn|59
|
|t:|1627469242
|switch|p2a: Corviknight|Corviknight, M|100/100
|-ability|p2a: Corviknight|Pressure
|move|p1a: Corviknight|Defog|p2a: Corviknight
|-unboost|p2a: Corviknight|evasion|1
|-sideend|p1: LT84JM bbats|Stealth Rock|[from] move: Defog|[of] p1a: Corviknight
|-fieldend|move: Electric Terrain
|
|upkeep
|turn|60
|
|t:|1627469248
|switch|p2a: Tornadus|Tornadus-Therian, M, shiny|100/100
|move|p1a: Corviknight|U-turn|p2a: Tornadus
|-resisted|p2a: Tornadus
|-damage|p2a: Tornadus|94/100
|
|t:|1627469253
|switch|p1a: Tapu Koko|Tapu Koko|83/100|[from]move: U-turn
|-fieldstart|move: Electric Terrain|[from] ability: Electric Surge|[of] p1a: Tapu Koko
|
|upkeep
|turn|61
|
|t:|1627469257
|switch|p2a: Hippowdon|Hippowdon, M|94/100
|-weather|Sandstorm|[from] ability: Sand Stream|[of] p2a: Hippowdon
|move|p1a: Tapu Koko|U-turn|p2a: Hippowdon
|-damage|p2a: Hippowdon|82/100
|
|t:|1627469264
|switch|p1a: Landorus|Landorus-Therian, M|100/100|[from]move: U-turn
|-ability|p1a: Landorus|Intimidate|boost
|-unboost|p2a: Hippowdon|atk|1
|
|-weather|Sandstorm|[upkeep]
|-heal|p2a: Hippowdon|88/100|[from] item: Leftovers
|upkeep
|turn|62
|
|t:|1627469275
|switch|p1a: Corviknight|Corviknight, F|94/100
|-ability|p1a: Corviknight|Pressure
|switch|p2a: Corviknight|Corviknight, M|100/100
|-ability|p2a: Corviknight|Pressure
|
|-weather|Sandstorm|[upkeep]
|upkeep
|turn|63
|
|t:|1627469279
|switch|p2a: Hippowdon|Hippowdon, M|88/100
|switch|p1a: Toxapex|Toxapex, M|100/100 brn
|
|-weather|Sandstorm|[upkeep]
|-damage|p1a: Toxapex|95/100 brn|[from] Sandstorm
|-heal|p2a: Hippowdon|95/100|[from] item: Leftovers
|-damage|p1a: Toxapex|89/100 brn|[from] brn
|upkeep
|turn|64
|
|t:|1627469285
|switch|p2a: Toxapex|Toxapex, F|100/100 brn
|move|p1a: Toxapex|Knock Off|p2a: Toxapex
|-damage|p2a: Toxapex|98/100 brn
|
|-weather|Sandstorm|[upkeep]
|-damage|p1a: Toxapex|83/100 brn|[from] Sandstorm
|-damage|p2a: Toxapex|92/100 brn|[from] Sandstorm
|-damage|p2a: Toxapex|86/100 brn|[from] brn
|-damage|p1a: Toxapex|77/100 brn|[from] brn
|-fieldend|move: Electric Terrain
|upkeep
|turn|65
|
|t:|1627469293
|switch|p2a: Blissey|Blissey, F|99/100
|move|p1a: Toxapex|Knock Off|p2a: Blissey
|-damage|p2a: Blissey|94/100
|
|-weather|none
|-damage|p1a: Toxapex|71/100 brn|[from] brn
|upkeep
|turn|66
|
|t:|1627469298
|switch|p1a: Corviknight|Corviknight, F|94/100
|-ability|p1a: Corviknight|Pressure
|move|p2a: Blissey|Seismic Toss|p1a: Corviknight
|-damage|p1a: Corviknight|69/100
|
|upkeep
|turn|67
|
|t:|1627469314
|switch|p1a: Toxapex|Toxapex, M|100/100 brn
|switch|p2a: Tornadus|Tornadus-Therian, M, shiny|100/100
|
|-damage|p1a: Toxapex|95/100 brn|[from] brn
|upkeep
|turn|68
|
|t:|1627469330
|switch|p1a: Slowking|Slowking-Galar, M|91/100
|move|p2a: Tornadus|Nasty Plot|p2a: Tornadus
|-boost|p2a: Tornadus|spa|2
|
|upkeep
|turn|69
|
|t:|1627469341
|switch|p2a: Hippowdon|Hippowdon, M|95/100
|-weather|Sandstorm|[from] ability: Sand Stream|[of] p2a: Hippowdon
|move|p1a: Slowking|Sludge Bomb|p2a: Hippowdon
|-resisted|p2a: Hippowdon
|-damage|p2a: Hippowdon|82/100
|-status|p2a: Hippowdon|psn
|
|-weather|Sandstorm|[upkeep]
|-damage|p1a: Slowking|85/100|[from] Sandstorm
|-heal|p2a: Hippowdon|88/100 psn|[from] item: Leftovers
|-damage|p2a: Hippowdon|75/100 psn|[from] psn
|upkeep
|turn|70
|
|t:|1627469346
|switch|p2a: Blissey|Blissey, F|94/100
|switch|p1a: Corviknight|Corviknight, F|69/100
|-ability|p1a: Corviknight|Pressure
|
|-weather|Sandstorm|[upkeep]
|-damage|p2a: Blissey|88/100|[from] Sandstorm
|upkeep
|turn|71
|
|t:|1627469353
|switch|p2a: Corviknight|Corviknight, M|100/100
|-ability|p2a: Corviknight|Pressure
|move|p1a: Corviknight|Body Press|p2a: Corviknight
|-damage|p2a: Corviknight|84/100
|
|-weather|Sandstorm|[upkeep]
|-heal|p2a: Corviknight|90/100|[from] item: Leftovers
|upkeep
|turn|72
|
|t:|1627469359
|switch|p2a: Blissey|Blissey, F|88/100
|move|p1a: Corviknight|Roost|p1a: Corviknight
|-heal|p1a: Corviknight|100/100
|-singleturn|p1a: Corviknight|move: Roost
|
|-weather|Sandstorm|[upkeep]
|-damage|p2a: Blissey|82/100|[from] Sandstorm
|upkeep
|turn|73
|
|t:|1627469364
|switch|p1a: Toxapex|Toxapex, M|100/100 brn
|switch|p2a: Corviknight|Corviknight, M|90/100
|-ability|p2a: Corviknight|Pressure
|
|-weather|none
|-heal|p2a: Corviknight|96/100|[from] item: Leftovers
|-damage|p1a: Toxapex|95/100 brn|[from] brn
|upkeep
|turn|74
|
|t:|1627469385
|switch|p2a: Blissey|Blissey, F|82/100
|switch|p1a: Corviknight|Corviknight, F|100/100
|-ability|p1a: Corviknight|Pressure
|
|upkeep
|turn|75
|
|t:|1627469403
|switch|p2a: Corviknight|Corviknight, M|96/100
|-ability|p2a: Corviknight|Pressure
|move|p1a: Corviknight|U-turn|p2a: Corviknight
|-resisted|p2a: Corviknight
|-damage|p2a: Corviknight|94/100
|
|t:|1627469410
|switch|p1a: Slowking|Slowking-Galar, M|100/100|[from]move: U-turn
|
|-heal|p2a: Corviknight|99/100|[from] item: Leftovers
|upkeep
|turn|76
|
|t:|1627469422
|switch|p2a: Blissey|Blissey, F|82/100
|move|p1a: Slowking|Future Sight|p2a: Blissey
|-start|p1a: Slowking|move: Future Sight
|
|upkeep
|turn|77
|
|t:|1627469426
|switch|p1a: Urshifu|Urshifu-Rapid-Strike, F|94/100
|move|p2a: Blissey|Toxic|p1a: Urshifu|[miss]
|-miss|p2a: Blissey|p1a: Urshifu
|
|upkeep
|turn|78
|
|t:|1627469437
|switch|p2a: Corviknight|Corviknight, M|99/100
|-ability|p2a: Corviknight|Pressure
|move|p1a: Urshifu|U-turn|p2a: Corviknight
|-resisted|p2a: Corviknight
|-damage|p2a: Corviknight|95/100
|
|t:|1627469443
|switch|p1a: Tapu Koko|Tapu Koko|83/100|[from]move: U-turn
|-fieldstart|move: Electric Terrain|[from] ability: Electric Surge|[of] p1a: Tapu Koko
|
|-end|p2a: Corviknight|move: Future Sight
|-resisted|p2a: Corviknight
|-damage|p2a: Corviknight|72/100
|-heal|p2a: Corviknight|78/100|[from] item: Leftovers
|upkeep
|turn|79
|
|t:|1627469451
|switch|p2a: Blissey|Blissey, F|82/100
|move|p1a: Tapu Koko|U-turn|p2a: Blissey
|-damage|p2a: Blissey|69/100
|
|t:|1627469458
|switch|p1a: Landorus|Landorus-Therian, M|100/100|[from]move: U-turn
|-ability|p1a: Landorus|Intimidate|boost
|-unboost|p2a: Blissey|atk|1
|
|upkeep
|turn|80
|
|t:|1627469463
|switch|p2a: Corviknight|Corviknight, M|78/100
|-ability|p2a: Corviknight|Pressure
|move|p1a: Landorus|Stealth Rock|p2a: Corviknight
|-sidestart|p2: Banned by week 2|move: Stealth Rock
|
|-heal|p2a: Corviknight|84/100|[from] item: Leftovers
|upkeep
|turn|81
|
|t:|1627469468
|switch|p1a: Corviknight|Corviknight, F|100/100
|-ability|p1a: Corviknight|Pressure
|move|p2a: Corviknight|Defog|p1a: Corviknight
|-unboost|p1a: Corviknight|evasion|1
|-sideend|p2: Banned by week 2|Stealth Rock|[from] move: Defog|[of] p2a: Corviknight
|-fieldend|move: Electric Terrain
|
|-heal|p2a: Corviknight|90/100|[from] item: Leftovers
|upkeep
|turn|82
|l| PerplexingRapidash
|
|t:|1627469493
|switch|p2a: Toxapex|Toxapex, F|100/100 brn
|switch|p1a: Slowking|Slowking-Galar, M|100/100
|
|-damage|p2a: Toxapex|95/100 brn|[from] brn
|upkeep
|turn|83
|
|t:|1627469498
|switch|p1a: Toxapex|Toxapex, M|100/100 brn
|move|p2a: Toxapex|Knock Off|p1a: Toxapex
|-damage|p1a: Toxapex|97/100 brn
|
|-damage|p1a: Toxapex|91/100 brn|[from] brn
|-damage|p2a: Toxapex|89/100 brn|[from] brn
|upkeep
|turn|84
|
|t:|1627469507
|switch|p2a: Blissey|Blissey, F|69/100
|move|p1a: Toxapex|Haze|p1a: Toxapex
|-clearallboost
|
|-damage|p1a: Toxapex|85/100 brn|[from] brn
|upkeep
|turn|85
|
|t:|1627469515
|switch|p1a: Corviknight|Corviknight, F|100/100
|-ability|p1a: Corviknight|Pressure
|move|p2a: Blissey|Heal Bell|p2a: Blissey
|-activate|p2a: Blissey|move: Heal Bell
|-curestatus|p2: Hippowdon|psn|[msg]
|-curestatus|p2: Toxapex|brn|[msg]
|
|upkeep
|turn|86
|
|t:|1627469519
|switch|p1a: Toxapex|Toxapex, M|100/100 brn
|move|p2a: Blissey|Soft-Boiled|p2a: Blissey
|-heal|p2a: Blissey|100/100
|
|-damage|p1a: Toxapex|95/100 brn|[from] brn
|upkeep
|turn|87
|
|t:|1627469532
|switch|p1a: Slowking|Slowking-Galar, M|100/100
|move|p2a: Blissey|Seismic Toss|p1a: Slowking
|-damage|p1a: Slowking|75/100
|
|upkeep
|turn|88
|l| baby wagon
|
|t:|1627469559
|move|p2a: Blissey|Seismic Toss|p1a: Slowking
|-damage|p1a: Slowking|50/100
|move|p1a: Slowking|Future Sight|p2a: Blissey
|-start|p1a: Slowking|move: Future Sight
|
|upkeep
|turn|89
|
|t:|1627469570
|switch|p1a: Corviknight|Corviknight, F|100/100
|-ability|p1a: Corviknight|Pressure
|move|p2a: Blissey|Toxic|p1a: Corviknight
|-immune|p1a: Corviknight
|
|upkeep
|turn|90
|inactive|Banned by week 2 has 120 seconds left.
|inactive|Banned by week 2 has 90 seconds left.
|inactive|Banned by week 2 has 60 seconds left.
|inactive|Banned by week 2 has 30 seconds left.
|inactive|Banned by week 2 has 20 seconds left.
|inactive|Banned by week 2 has 15 seconds left.
|inactive|Banned by week 2 has 10 seconds left.
|inactive|Banned by week 2 has 5 seconds left.
|-message|Banned by week 2 lost due to inactivity.
|
|win|LT84JM bbats
|raw|LT84JM bbats's rating: 1717 &rarr; <strong>1746</strong><br />(+29 for winning)
|raw|Banned by week 2's rating: 1878 &rarr; <strong>1849</strong><br />(-29 for losing)
