|j|☆Pidgey Gordito
|j|☆Daunzu
|t:|1603661031
|player|p1|Pidgey Gordito|drayden|1468
|player|p2|Daunzu|ingo|1427
|teamsize|p1|6
|teamsize|p2|6
|gametype|singles
|gen|8
|tier|[Gen 8] OU
|rated|
|clearpoke
|poke|p1|Regieleki|
|poke|p1|Blaziken, F|
|poke|p1|Azumarill, F|
|poke|p1|Landorus, M|
|poke|p1|Genesect|
|poke|p1|Dragapult, M|
|poke|p2|Zapdos-Galar|
|poke|p2|Landorus-Therian, M|
|poke|p2|Excadrill, M|
|poke|p2|Nihilego|
|poke|p2|Corviknight, M|
|poke|p2|Tapu Fini|
|rule|Sleep Clause Mod: Limit one foe put to sleep
|rule|Species Clause: Limit one of each Pokémon
|rule|OHKO Clause: OHKO moves are banned
|rule|Evasion Moves Clause: Evasion moves are banned
|rule|Endless Battle Clause: Forcing endless battles is banned
|rule|HP Percentage Mod: HP is shown in percentages
|rule|Dynamax Clause: You cannot dynamax
|teampreview
|
|t:|1603661043
|start
|switch|p1a: Regieleki|Regieleki, shiny|100/100
|switch|p2a: Zapdos|Zapdos-Galar|100/100
|turn|1
|
|t:|1603661069
|switch|p2a: Landorus|Landorus-Therian, M|100/100
|-ability|p2a: Landorus|Intimidate|boost
|-unboost|p1a: Regieleki|atk|1
|move|p1a: Regieleki|Reflect|p1a: Regieleki
|-sidestart|p1: Pidgey Gordito|Reflect
|
|upkeep
|turn|2
|
|t:|1603661083
|move|p1a: Regieleki|Light Screen|p1a: Regieleki
|-sidestart|p1: Pidgey Gordito|move: Light Screen
|move|p2a: Landorus|Stealth Rock|p1a: Regieleki
|-sidestart|p1: Pidgey Gordito|move: Stealth Rock
|
|upkeep
|turn|3
|
|t:|1603661087
|move|p1a: Regieleki|Rapid Spin|p2a: Landorus
|-damage|p2a: Landorus|94/100
|-boost|p1a: Regieleki|spe|1
|-sideend|p1: Pidgey Gordito|Stealth Rock|[from] move: Rapid Spin|[of] p1a: Regieleki
|move|p2a: Landorus|Knock Off|p1a: Regieleki
|-damage|p1a: Regieleki|75/100
|-enditem|p1a: Regieleki|Light Clay|[from] move: Knock Off|[of] p2a: Landorus
|
|-heal|p2a: Landorus|100/100|[from] item: Leftovers
|upkeep
|turn|4
|
|t:|1603661094
|move|p1a: Regieleki|Explosion|p2a: Landorus
|-damage|p2a: Landorus|71/100
|faint|p1a: Regieleki
|move|p2a: Landorus|Stealth Rock|p1: Regieleki
|-sidestart|p1: Pidgey Gordito|move: Stealth Rock
|
|-heal|p2a: Landorus|77/100|[from] item: Leftovers
|upkeep
|
|t:|1603661103
|switch|p1a: Genesect|Genesect, shiny|100/100
|-damage|p1a: Genesect|88/100|[from] Stealth Rock
|-ability|p1a: Genesect|Download|boost
|-boost|p1a: Genesect|spa|1
|turn|5
|
|t:|1603661109
|move|p1a: Genesect|Ice Beam|p2a: Landorus
|-supereffective|p2a: Landorus
|-damage|p2a: Landorus|0 fnt
|faint|p2a: Landorus
|
|-heal|p1a: Genesect|94/100|[from] item: Leftovers
|upkeep
|
|t:|1603661124
|switch|p2a: Tapu Fini|Tapu Fini|100/100
|-fieldstart|move: Misty Terrain|[from] ability: Misty Surge|[of] p2a: Tapu Fini
|turn|6
|
|t:|1603661129
|move|p1a: Genesect|Shift Gear|p1a: Genesect
|-boost|p1a: Genesect|spe|2
|-boost|p1a: Genesect|atk|1
|move|p2a: Tapu Fini|Surf|p1a: Genesect
|-damage|p1a: Genesect|72/100
|
|-heal|p1a: Genesect|78/100|[from] item: Leftovers
|upkeep
|turn|7
|
|t:|1603661134
|move|p1a: Genesect|Iron Head|p2a: Tapu Fini
|-damage|p2a: Tapu Fini|39/100
|move|p2a: Tapu Fini|Taunt|p1a: Genesect
|-start|p1a: Genesect|move: Taunt
|
|-heal|p1a: Genesect|84/100|[from] item: Leftovers
|-heal|p2a: Tapu Fini|46/100|[from] item: Leftovers
|upkeep
|turn|8
|
|t:|1603661139
|switch|p2a: Corviknight|Corviknight, M|100/100
|move|p1a: Genesect|Ice Beam|p2a: Corviknight
|-damage|p2a: Corviknight|66/100
|
|-heal|p1a: Genesect|90/100|[from] item: Leftovers
|-heal|p2a: Corviknight|72/100|[from] item: Leftovers
|-sideend|p1: Pidgey Gordito|Reflect
|upkeep
|turn|9
|
|t:|1603661145
|move|p1a: Genesect|Ice Beam|p2a: Corviknight
|-damage|p2a: Corviknight|35/100
|move|p2a: Corviknight|U-turn|p1a: Genesect
|-resisted|p1a: Genesect
|-damage|p1a: Genesect|80/100
|
|t:|1603661156
|switch|p2a: Nihilego|Nihilego|100/100|[from]move: U-turn
|
|-heal|p1a: Genesect|86/100|[from] item: Leftovers
|-sideend|p1: Pidgey Gordito|move: Light Screen
|upkeep
|turn|10
|
|t:|1603661159
|move|p1a: Genesect|Iron Head|p2a: Nihilego
|-supereffective|p2a: Nihilego
|-enditem|p2a: Nihilego|Focus Sash
|-damage|p2a: Nihilego|1/100
|cant|p2a: Nihilego|flinch
|
|-heal|p1a: Genesect|92/100|[from] item: Leftovers
|-end|p1a: Genesect|move: Taunt
|-fieldend|Misty Terrain
|upkeep
|turn|11
|
|t:|1603661165
|move|p1a: Genesect|Ice Beam|p2a: Nihilego
|-damage|p2a: Nihilego|0 fnt
|faint|p2a: Nihilego
|
|-heal|p1a: Genesect|98/100|[from] item: Leftovers
|upkeep
|
|t:|1603661169
|switch|p2a: Zapdos|Zapdos-Galar|100/100
|turn|12
|
|t:|1603661173
|move|p1a: Genesect|Ice Beam|p2a: Zapdos
|-supereffective|p2a: Zapdos
|-damage|p2a: Zapdos|13/100
|move|p2a: Zapdos|Brave Bird|p1a: Genesect
|-damage|p1a: Genesect|0 fnt
|-damage|p2a: Zapdos|0 fnt|[from] Recoil
|faint|p1a: Genesect
|faint|p2a: Zapdos
|
|upkeep
|
|t:|1603661190
|switch|p2a: Corviknight|Corviknight, M|35/100
|switch|p1a: Landorus|Landorus, M|100/100
|-damage|p1a: Landorus|88/100|[from] Stealth Rock
|turn|13
|
|t:|1603661194
|move|p1a: Landorus|Rock Slide|p2a: Corviknight
|-damage|p2a: Corviknight|13/100
|move|p2a: Corviknight|Roost|p2a: Corviknight
|-heal|p2a: Corviknight|63/100
|-singleturn|p2a: Corviknight|move: Roost
|
|-heal|p2a: Corviknight|69/100|[from] item: Leftovers
|upkeep
|turn|14
|
|t:|1603661199
|move|p1a: Landorus|Stealth Rock|p2a: Corviknight
|-sidestart|p2: Daunzu|move: Stealth Rock
|move|p2a: Corviknight|Roost|p2a: Corviknight
|-heal|p2a: Corviknight|100/100
|-singleturn|p2a: Corviknight|move: Roost
|
|upkeep
|turn|15
|
|t:|1603661204
|switch|p1a: Dragapult|Dragapult, M|100/100
|-damage|p1a: Dragapult|88/100|[from] Stealth Rock
|move|p2a: Corviknight|Brave Bird|p1a: Dragapult
|-damage|p1a: Dragapult|42/100
|-damage|p2a: Corviknight|88/100|[from] Recoil
|
|-heal|p2a: Corviknight|94/100|[from] item: Leftovers
|upkeep
|turn|16
|
|t:|1603661210
|move|p1a: Dragapult|Flamethrower|p2a: Corviknight
|-supereffective|p2a: Corviknight
|-damage|p2a: Corviknight|54/100
|-status|p2a: Corviknight|brn
|move|p2a: Corviknight|Brave Bird|p1a: Dragapult
|-damage|p1a: Dragapult|16/100
|-damage|p2a: Corviknight|48/100 brn|[from] Recoil
|
|-heal|p2a: Corviknight|54/100 brn|[from] item: Leftovers
|-damage|p2a: Corviknight|48/100 brn|[from] brn
|upkeep
|turn|17
|
|t:|1603661218
|move|p1a: Dragapult|Flamethrower|p2a: Corviknight
|-supereffective|p2a: Corviknight
|-damage|p2a: Corviknight|4/100 brn
|move|p2a: Corviknight|Brave Bird|p1a: Dragapult
|-damage|p1a: Dragapult|0 fnt
|-damage|p2a: Corviknight|0 fnt|[from] Recoil
|faint|p1a: Dragapult
|faint|p2a: Corviknight
|
|upkeep
|
|t:|1603661224
|switch|p1a: Azumarill|Azumarill, F, shiny|100/100
|switch|p2a: Tapu Fini|Tapu Fini|46/100
|-damage|p2a: Tapu Fini|33/100|[from] Stealth Rock
|-fieldstart|move: Misty Terrain|[from] ability: Misty Surge|[of] p2a: Tapu Fini
|-damage|p1a: Azumarill|88/100|[from] Stealth Rock
|turn|18
|
|t:|1603661229
|move|p2a: Tapu Fini|Taunt|p1a: Azumarill
|-start|p1a: Azumarill|move: Taunt
|move|p1a: Azumarill|Play Rough|p2a: Tapu Fini
|-damage|p2a: Tapu Fini|0 fnt
|faint|p2a: Tapu Fini
|
|upkeep
|
|t:|1603661231
|switch|p2a: Excadrill|Excadrill, M|100/100
|-damage|p2a: Excadrill|97/100|[from] Stealth Rock
|-ability|p2a: Excadrill|Mold Breaker
|turn|19
|
|t:|1603661234
|move|p1a: Azumarill|Aqua Jet|p2a: Excadrill
|-supereffective|p2a: Excadrill
|-damage|p2a: Excadrill|19/100
|move|p2a: Excadrill|Earthquake|p1a: Azumarill
|-damage|p1a: Azumarill|20/100
|-enditem|p1a: Azumarill|Sitrus Berry|[eat]
|-heal|p1a: Azumarill|45/100|[from] item: Sitrus Berry
|
|upkeep
|turn|20
|-message|Daunzu forfeited.
|
|win|Pidgey Gordito
|l|☆Daunzu
