|j|☆NA Weezing
|j|☆N30N3
|player|p1|NA Weezing|unknown|1834
|player|p2|N30N3|170|1883
|teamsize|p1|6
|teamsize|p2|6
|gametype|singles
|gen|8
|tier|[Gen 8] OU
|rated|
|clearpoke
|poke|p1|Kyurem|
|poke|p1|Clefable, M|
|poke|p1|Corviknight, M|
|poke|p1|Toxapex, M|
|poke|p1|Tyranitar, F|
|poke|p1|Zeraora|
|poke|p2|Kyurem|
|poke|p2|Hippowdon, M|
|poke|p2|Excadrill, M|
|poke|p2|Tyranitar, F|
|poke|p2|Conkeldurr, F|
|poke|p2|Ferrothorn, M|
|rule|Sleep Clause Mod: Limit one foe put to sleep
|rule|Species Clause: Limit one of each Pokémon
|rule|OHKO Clause: OHKO moves are banned
|rule|Evasion Moves Clause: Evasion moves are banned
|rule|Endless Battle Clause: Forcing endless battles is banned
|rule|HP Percentage Mod: HP is shown in percentages
|rule|Dynamax Clause: You cannot dynamax
|teampreview
|inactive|Battle timer is ON: inactive players will automatically lose when time's up. (requested by N30N3)
|j| galactest bro !
|
|start
|switch|p1a: The Wall|Toxapex, M|100/100
|switch|p2a: Tyranitar|Tyranitar, F|100/100
|-weather|Sandstorm|[from] ability: Sand Stream|[of] p2a: Tyranitar
|turn|1
|
|move|p2a: Tyranitar|Stealth Rock|p1a: The Wall
|-sidestart|p1: NA Weezing|move: Stealth Rock
|move|p1a: The Wall|Toxic|p2a: Tyranitar
|-status|p2a: Tyranitar|tox
|
|-weather|Sandstorm|[upkeep]
|-damage|p1a: The Wall|94/100|[from] Sandstorm
|-heal|p1a: The Wall|100/100|[from] item: Black Sludge
|-damage|p2a: Tyranitar|94/100 tox|[from] psn
|upkeep
|turn|2
|
|switch|p2a: Kyurem|Kyurem|100/100
|-ability|p2a: Kyurem|Pressure
|move|p1a: The Wall|Knock Off|p2a: Kyurem
|-damage|p2a: Kyurem|85/100
|-enditem|p2a: Kyurem|Choice Specs|[from] move: Knock Off|[of] p1a: The Wall
|
|-weather|Sandstorm|[upkeep]
|-damage|p2a: Kyurem|79/100|[from] Sandstorm
|-damage|p1a: The Wall|94/100|[from] Sandstorm
|-heal|p1a: The Wall|100/100|[from] item: Black Sludge
|upkeep
|turn|3
|j| outy 3iz
|
|move|p2a: Kyurem|Freeze-Dry|p1a: The Wall
|-supereffective|p1a: The Wall
|-damage|p1a: The Wall|37/100
|-status|p1a: The Wall|frz
|cant|p1a: The Wall|frz
|
|-weather|Sandstorm|[upkeep]
|-damage|p2a: Kyurem|73/100|[from] Sandstorm
|-damage|p1a: The Wall|30/100 frz|[from] Sandstorm
|-heal|p1a: The Wall|37/100 frz|[from] item: Black Sludge
|upkeep
|turn|4
|c|☆NA Weezing|Wow
|c|☆NA Weezing|insane skills
|
|switch|p1a: Better Call Saul|Clefable, M|100/100
|move|p2a: Kyurem|Freeze-Dry|p1a: Better Call Saul
|-damage|p1a: Better Call Saul|70/100
|-status|p1a: Better Call Saul|frz
|
|-weather|Sandstorm|[upkeep]
|-damage|p2a: Kyurem|67/100|[from] Sandstorm
|-heal|p1a: Better Call Saul|76/100 frz|[from] item: Leftovers
|upkeep
|turn|5
|c|☆NA Weezing|Wow
|
|switch|p1a: Breaking Bad|Tyranitar, F|100/100
|-damage|p1a: Breaking Bad|88/100|[from] Stealth Rock
|move|p2a: Kyurem|Ice Beam|p1a: Breaking Bad
|-damage|p1a: Breaking Bad|67/100
|
|-weather|none
|upkeep
|turn|6
|j| HeavenStar
|j| frozen sledge
|
|move|p2a: Kyurem|Earth Power|p1a: Breaking Bad
|-supereffective|p1a: Breaking Bad
|-damage|p1a: Breaking Bad|19/100
|move|p1a: Breaking Bad|Thunder Wave|p2a: Kyurem
|-status|p2a: Kyurem|par
|
|upkeep
|turn|7
|
|move|p1a: Breaking Bad|Stealth Rock|p2a: Kyurem
|-sidestart|p2: N30N3|move: Stealth Rock
|move|p2a: Kyurem|Ice Beam|p1a: Breaking Bad
|-damage|p1a: Breaking Bad|0 fnt
|faint|p1a: Breaking Bad
|
|upkeep
|
|switch|p1a: Money Heist|Kyurem|100/100
|-damage|p1a: Money Heist|76/100|[from] Stealth Rock
|-ability|p1a: Money Heist|Pressure
|turn|8
|
|move|p1a: Money Heist|Protect|p1a: Money Heist
|-singleturn|p1a: Money Heist|Protect
|cant|p2a: Kyurem|par
|
|-heal|p1a: Money Heist|82/100|[from] item: Leftovers
|upkeep
|turn|9
|
|move|p1a: Money Heist|Substitute|p1a: Money Heist
|-start|p1a: Money Heist|Substitute
|-damage|p1a: Money Heist|57/100
|cant|p2a: Kyurem|par
|
|-heal|p1a: Money Heist|63/100|[from] item: Leftovers
|upkeep
|turn|10
|
|move|p1a: Money Heist|Protect|p1a: Money Heist
|-singleturn|p1a: Money Heist|Protect
|move|p2a: Kyurem|Ice Beam|p1a: Money Heist
|-activate|p1a: Money Heist|move: Protect
|
|-heal|p1a: Money Heist|69/100|[from] item: Leftovers
|upkeep
|turn|11
|
|move|p1a: Money Heist|Dragon Dance|p1a: Money Heist
|-boost|p1a: Money Heist|atk|1
|-boost|p1a: Money Heist|spe|1
|move|p2a: Kyurem|Ice Beam|p1a: Money Heist
|-end|p1a: Money Heist|Substitute
|
|-heal|p1a: Money Heist|75/100|[from] item: Leftovers
|upkeep
|turn|12
|j| Berumenc
|
|switch|p2a: Tyranitar|Tyranitar, F|94/100 tox
|-damage|p2a: Tyranitar|82/100 tox|[from] Stealth Rock
|-weather|Sandstorm|[from] ability: Sand Stream|[of] p2a: Tyranitar
|move|p1a: Money Heist|Protect||[still]
|-fail|p1a: Money Heist
|
|-weather|Sandstorm|[upkeep]
|-damage|p1a: Money Heist|69/100|[from] Sandstorm
|-heal|p1a: Money Heist|75/100|[from] item: Leftovers
|-damage|p2a: Tyranitar|76/100 tox|[from] psn
|upkeep
|turn|13
|
|move|p1a: Money Heist|Protect|p1a: Money Heist
|-singleturn|p1a: Money Heist|Protect
|move|p2a: Tyranitar|Crunch|p1a: Money Heist
|-activate|p1a: Money Heist|move: Protect
|
|-weather|Sandstorm|[upkeep]
|-damage|p1a: Money Heist|69/100|[from] Sandstorm
|-heal|p1a: Money Heist|75/100|[from] item: Leftovers
|-damage|p2a: Tyranitar|64/100 tox|[from] psn
|upkeep
|turn|14
|
|move|p1a: Money Heist|Substitute|p1a: Money Heist
|-start|p1a: Money Heist|Substitute
|-damage|p1a: Money Heist|50/100
|move|p2a: Tyranitar|Crunch|p1a: Money Heist
|-end|p1a: Money Heist|Substitute
|
|-weather|Sandstorm|[upkeep]
|-damage|p1a: Money Heist|44/100|[from] Sandstorm
|-heal|p1a: Money Heist|50/100|[from] item: Leftovers
|-damage|p2a: Tyranitar|45/100 tox|[from] psn
|upkeep
|turn|15
|
|move|p1a: Money Heist|Protect|p1a: Money Heist
|-singleturn|p1a: Money Heist|Protect
|move|p2a: Tyranitar|Crunch|p1a: Money Heist
|-activate|p1a: Money Heist|move: Protect
|
|-weather|Sandstorm|[upkeep]
|-damage|p1a: Money Heist|44/100|[from] Sandstorm
|-heal|p1a: Money Heist|50/100|[from] item: Leftovers
|-damage|p2a: Tyranitar|21/100 tox|[from] psn
|upkeep
|turn|16
|
|move|p1a: Money Heist|Icicle Spear|p2a: Tyranitar
|-damage|p2a: Tyranitar|4/100 tox
|-damage|p2a: Tyranitar|0 fnt
|-hitcount|p2a: Tyranitar|2
|faint|p2a: Tyranitar
|
|-weather|none
|-heal|p1a: Money Heist|57/100|[from] item: Leftovers
|upkeep
|
|switch|p2a: Conkeldurr|Conkeldurr, F|100/100
|-damage|p2a: Conkeldurr|94/100|[from] Stealth Rock
|turn|17
|
|switch|p1a: Game Of Thrones|Corviknight, M|100/100
|-damage|p1a: Game Of Thrones|88/100|[from] Stealth Rock
|-ability|p1a: Game Of Thrones|Pressure
|move|p2a: Conkeldurr|Mach Punch|p1a: Game Of Thrones
|-damage|p1a: Game Of Thrones|73/100
|
|-heal|p1a: Game Of Thrones|79/100|[from] item: Leftovers
|-status|p2a: Conkeldurr|brn|[from] item: Flame Orb
|upkeep
|turn|18
|
|move|p1a: Game Of Thrones|Iron Defense|p1a: Game Of Thrones
|-boost|p1a: Game Of Thrones|def|2
|move|p2a: Conkeldurr|Knock Off|p1a: Game Of Thrones
|-damage|p1a: Game Of Thrones|61/100
|-enditem|p1a: Game Of Thrones|Leftovers|[from] move: Knock Off|[of] p2a: Conkeldurr
|
|-damage|p2a: Conkeldurr|88/100 brn|[from] brn
|upkeep
|turn|19
|
|switch|p2a: Hippowdon|Hippowdon, M|100/100
|-damage|p2a: Hippowdon|94/100|[from] Stealth Rock
|-weather|Sandstorm|[from] ability: Sand Stream|[of] p2a: Hippowdon
|move|p1a: Game Of Thrones|Iron Defense|p1a: Game Of Thrones
|-boost|p1a: Game Of Thrones|def|2
|
|-weather|Sandstorm|[upkeep]
|upkeep
|turn|20
|
|move|p1a: Game Of Thrones|Roost|p1a: Game Of Thrones
|-heal|p1a: Game Of Thrones|100/100
|-singleturn|p1a: Game Of Thrones|move: Roost
|move|p2a: Hippowdon|Whirlwind|p1a: Game Of Thrones
|drag|p1a: The Wall|Toxapex, M|70/100 frz
|-damage|p1a: The Wall|57/100 frz|[from] Stealth Rock
|
|-weather|Sandstorm|[upkeep]
|-damage|p1a: The Wall|51/100 frz|[from] Sandstorm
|-heal|p1a: The Wall|57/100 frz|[from] item: Black Sludge
|upkeep
|turn|21
|
|move|p2a: Hippowdon|Earthquake|p1a: The Wall
|-supereffective|p1a: The Wall
|-damage|p1a: The Wall|12/100 frz
|-curestatus|p1a: The Wall|frz|[msg]
|move|p1a: The Wall|Knock Off|p2a: Hippowdon
|-damage|p2a: Hippowdon|86/100
|-enditem|p2a: Hippowdon|Smooth Rock|[from] move: Knock Off|[of] p1a: The Wall
|
|-weather|Sandstorm|[upkeep]
|-damage|p1a: The Wall|6/100|[from] Sandstorm
|-heal|p1a: The Wall|12/100|[from] item: Black Sludge
|upkeep
|turn|22
|
|switch|p1a: Game Of Thrones|Corviknight, M|100/100
|-damage|p1a: Game Of Thrones|88/100|[from] Stealth Rock
|-ability|p1a: Game Of Thrones|Pressure
|move|p2a: Hippowdon|Whirlwind|p1a: Game Of Thrones
|drag|p1a: Walking Dead|Zeraora|100/100
|-damage|p1a: Walking Dead|88/100|[from] Stealth Rock
|
|-weather|Sandstorm|[upkeep]
|-damage|p1a: Walking Dead|82/100|[from] Sandstorm
|upkeep
|turn|23
|j| ndonlnko
|
|switch|p1a: Game Of Thrones|Corviknight, M|88/100
|-damage|p1a: Game Of Thrones|75/100|[from] Stealth Rock
|-ability|p1a: Game Of Thrones|Pressure
|move|p2a: Hippowdon|Earthquake|p1a: Game Of Thrones
|-immune|p1a: Game Of Thrones
|
|-weather|Sandstorm|[upkeep]
|upkeep
|turn|24
|
|move|p1a: Game Of Thrones|Defog|p2a: Hippowdon
|-unboost|p2a: Hippowdon|evasion|1
|-sideend|p2: N30N3|Stealth Rock|[from] move: Defog|[of] p1a: Game Of Thrones
|-sideend|p1: NA Weezing|Stealth Rock|[from] move: Defog|[of] p1a: Game Of Thrones
|move|p2a: Hippowdon|Whirlwind|p1a: Game Of Thrones
|drag|p1a: The Wall|Toxapex, M|45/100
|
|-weather|Sandstorm|[upkeep]
|-damage|p1a: The Wall|39/100|[from] Sandstorm
|-heal|p1a: The Wall|45/100|[from] item: Black Sludge
|upkeep
|turn|25
|
|move|p2a: Hippowdon|Stealth Rock|p1a: The Wall
|-sidestart|p1: NA Weezing|move: Stealth Rock
|move|p1a: The Wall|Toxic|p2a: Hippowdon
|-status|p2a: Hippowdon|tox
|
|-weather|Sandstorm|[upkeep]
|-damage|p1a: The Wall|39/100|[from] Sandstorm
|-heal|p1a: The Wall|45/100|[from] item: Black Sludge
|-damage|p2a: Hippowdon|80/100 tox|[from] psn
|upkeep
|turn|26
|
|switch|p1a: Game Of Thrones|Corviknight, M|75/100
|-damage|p1a: Game Of Thrones|63/100|[from] Stealth Rock
|-ability|p1a: Game Of Thrones|Pressure
|move|p2a: Hippowdon|Earthquake|p1a: Game Of Thrones
|-immune|p1a: Game Of Thrones
|
|-weather|none
|-damage|p2a: Hippowdon|68/100 tox|[from] psn
|upkeep
|turn|27
|
|move|p1a: Game Of Thrones|Roost|p1a: Game Of Thrones
|-heal|p1a: Game Of Thrones|100/100
|-singleturn|p1a: Game Of Thrones|move: Roost
|move|p2a: Hippowdon|Earthquake|p1a: Game Of Thrones
|-supereffective|p1a: Game Of Thrones
|-damage|p1a: Game Of Thrones|50/100
|
|-damage|p2a: Hippowdon|49/100 tox|[from] psn
|upkeep
|turn|28
|
|move|p1a: Game Of Thrones|Defog|p2a: Hippowdon
|-unboost|p2a: Hippowdon|evasion|1
|-sideend|p1: NA Weezing|Stealth Rock|[from] move: Defog|[of] p1a: Game Of Thrones
|move|p2a: Hippowdon|Earthquake|p1a: Game Of Thrones
|-immune|p1a: Game Of Thrones
|
|-damage|p2a: Hippowdon|24/100 tox|[from] psn
|upkeep
|turn|29
|
|move|p1a: Game Of Thrones|Roost|p1a: Game Of Thrones
|-heal|p1a: Game Of Thrones|100/100
|-singleturn|p1a: Game Of Thrones|move: Roost
|move|p2a: Hippowdon|Earthquake|p1a: Game Of Thrones
|-supereffective|p1a: Game Of Thrones
|-damage|p1a: Game Of Thrones|52/100
|
|-damage|p2a: Hippowdon|0 fnt|[from] psn
|faint|p2a: Hippowdon
|upkeep
|
|switch|p2a: Conkeldurr|Conkeldurr, F|88/100 brn
|turn|30
|
|switch|p1a: The Wall|Toxapex, M|78/100
|move|p2a: Conkeldurr|Drain Punch|p1a: The Wall
|-resisted|p1a: The Wall
|-damage|p1a: The Wall|59/100
|-heal|p2a: Conkeldurr|97/100 brn|[from] drain|[of] p1a: The Wall
|
|-heal|p1a: The Wall|65/100|[from] item: Black Sludge
|-damage|p2a: Conkeldurr|90/100 brn|[from] brn
|upkeep
|turn|31
|
|move|p1a: The Wall|Baneful Bunker|p1a: The Wall
|-singleturn|p1a: The Wall|move: Protect
|move|p2a: Conkeldurr|Facade|p1a: The Wall
|-activate|p1a: The Wall|move: Protect
|
|-heal|p1a: The Wall|72/100|[from] item: Black Sludge
|-damage|p2a: Conkeldurr|84/100 brn|[from] brn
|upkeep
|turn|32
|
|move|p2a: Conkeldurr|Facade|p1a: The Wall
|-damage|p1a: The Wall|22/100
|move|p1a: The Wall|Recover|p1a: The Wall
|-heal|p1a: The Wall|72/100
|
|-heal|p1a: The Wall|78/100|[from] item: Black Sludge
|-damage|p2a: Conkeldurr|78/100 brn|[from] brn
|upkeep
|turn|33
|
|move|p1a: The Wall|Baneful Bunker|p1a: The Wall
|-singleturn|p1a: The Wall|move: Protect
|move|p2a: Conkeldurr|Knock Off|p1a: The Wall
|-activate|p1a: The Wall|move: Protect
|
|-heal|p1a: The Wall|84/100|[from] item: Black Sludge
|-damage|p2a: Conkeldurr|72/100 brn|[from] brn
|upkeep
|turn|34
|
|move|p2a: Conkeldurr|Knock Off|p1a: The Wall
|-damage|p1a: The Wall|47/100
|-enditem|p1a: The Wall|Black Sludge|[from] move: Knock Off|[of] p2a: Conkeldurr
|move|p1a: The Wall|Knock Off|p2a: Conkeldurr
|-resisted|p2a: Conkeldurr
|-damage|p2a: Conkeldurr|64/100 brn
|-enditem|p2a: Conkeldurr|Flame Orb|[from] move: Knock Off|[of] p1a: The Wall
|
|-damage|p2a: Conkeldurr|58/100 brn|[from] brn
|upkeep
|turn|35
|
|move|p1a: The Wall|Baneful Bunker|p1a: The Wall
|-singleturn|p1a: The Wall|move: Protect
|move|p2a: Conkeldurr|Facade|p1a: The Wall
|-activate|p1a: The Wall|move: Protect
|
|-damage|p2a: Conkeldurr|52/100 brn|[from] brn
|upkeep
|turn|36
|l| outy 3iz
|
|move|p2a: Conkeldurr|Drain Punch|p1a: The Wall
|-resisted|p1a: The Wall
|-damage|p1a: The Wall|28/100
|-heal|p2a: Conkeldurr|60/100 brn|[from] drain|[of] p1a: The Wall
|move|p1a: The Wall|Recover|p1a: The Wall
|-heal|p1a: The Wall|78/100
|
|-damage|p2a: Conkeldurr|54/100 brn|[from] brn
|upkeep
|turn|37
|
|switch|p2a: Kyurem|Kyurem|67/100 par
|-ability|p2a: Kyurem|Pressure
|move|p1a: The Wall|Baneful Bunker||[still]
|-fail|p1a: The Wall
|
|upkeep
|turn|38
|
|switch|p1a: Better Call Saul|Clefable, M|76/100 frz
|move|p2a: Kyurem|Freeze-Dry|p1a: Better Call Saul
|-damage|p1a: Better Call Saul|45/100 frz
|
|-heal|p1a: Better Call Saul|52/100 frz|[from] item: Leftovers
|upkeep
|turn|39
|
|switch|p2a: Excadrill|Excadrill, M|100/100
|cant|p1a: Better Call Saul|frz
|
|-heal|p1a: Better Call Saul|58/100 frz|[from] item: Leftovers
|upkeep
|turn|40
|
|switch|p1a: Game Of Thrones|Corviknight, M|52/100
|-ability|p1a: Game Of Thrones|Pressure
|move|p2a: Excadrill|Rock Slide|p1a: Game Of Thrones
|-damage|p1a: Game Of Thrones|29/100
|-damage|p2a: Excadrill|91/100|[from] item: Life Orb
|
|upkeep
|turn|41
|
|move|p2a: Excadrill|Rock Slide|p1a: Game Of Thrones|[miss]
|-miss|p2a: Excadrill|p1a: Game Of Thrones
|move|p1a: Game Of Thrones|Roost|p1a: Game Of Thrones
|-heal|p1a: Game Of Thrones|78/100
|-singleturn|p1a: Game Of Thrones|move: Roost
|
|upkeep
|turn|42
|
|switch|p2a: Ferrothorn|Ferrothorn, M|100/100
|move|p1a: Game Of Thrones|Iron Defense|p1a: Game Of Thrones
|-boost|p1a: Game Of Thrones|def|2
|
|upkeep
|turn|43
|
|move|p1a: Game Of Thrones|Iron Defense|p1a: Game Of Thrones
|-boost|p1a: Game Of Thrones|def|2
|move|p2a: Ferrothorn|Leech Seed|p1a: Game Of Thrones
|-start|p1a: Game Of Thrones|move: Leech Seed
|
|-damage|p1a: Game Of Thrones|66/100|[from] Leech Seed|[of] p2a: Ferrothorn
|upkeep
|turn|44
|-message|N30N3 forfeited.
|
|win|NA Weezing
|l|☆N30N3
|l|☆NA Weezing
|l| frozen sledge
|l| Berumenc
|raw|NA Weezing's rating: 1853 &rarr; <strong>1874</strong><br />(+21 for winning)
|raw|N30N3's rating: 1883 &rarr; <strong>1862</strong><br />(-21 for losing)
|l| ndonlnko
