|j|☆JoJo Reference #10
|j|☆Iznamakin
|t:|1664172769
|gametype|singles
|player|p1|JoJo Reference #10|265|1663
|player|p2|Iznamakin|chase|1694
|teamsize|p1|6
|teamsize|p2|6
|gen|8
|tier|[Gen 8] OU
|rated|
|rule|Sleep Clause Mod: Limit one foe put to sleep
|rule|Species Clause: Limit one of each Pokémon
|rule|OHKO Clause: OHKO moves are banned
|rule|Evasion Items Clause: Evasion items are banned
|rule|Evasion Moves Clause: Evasion moves are banned
|rule|Endless Battle Clause: Forcing endless battles is banned
|rule|HP Percentage Mod: HP is shown in percentages
|rule|Dynamax Clause: You cannot dynamax
|clearpoke
|poke|p1|Scolipede, F|
|poke|p1|Terrakion|
|poke|p1|Kartana|
|poke|p1|Tapu Fini|
|poke|p1|Nidoking, M|
|poke|p1|Dragapult, M|
|poke|p2|Rillaboom, M|
|poke|p2|Blaziken, M|
|poke|p2|Mew|
|poke|p2|Bisharp, M|
|poke|p2|Zapdos-Galar|
|poke|p2|Regieleki|
|teampreview
|inactive|Battle timer is ON: inactive players will automatically lose when time's up. (requested by Iznamakin)
|
|t:|1664172773
|start
|switch|p1a: Scolipede|Scolipede, F|100/100
|switch|p2a: Mew|Mew|100/100
|turn|1
|
|t:|1664172776
|move|p2a: Mew|Stealth Rock|p1a: Scolipede
|-sidestart|p1: JoJo Reference #10|move: Stealth Rock
|move|p1a: Scolipede|Spikes|p2a: Mew
|-sidestart|p2: Iznamakin|Spikes
|
|-ability|p1a: Scolipede|Speed Boost|boost
|-boost|p1a: Scolipede|spe|1
|upkeep
|turn|2
|
|t:|1664172778
|move|p1a: Scolipede|Spikes|p2a: Mew
|-sidestart|p2: Iznamakin|Spikes
|move|p2a: Mew|Spikes|p1a: Scolipede
|-sidestart|p1: JoJo Reference #10|Spikes
|
|-ability|p1a: Scolipede|Speed Boost|boost
|-boost|p1a: Scolipede|spe|1
|upkeep
|turn|3
|
|t:|1664172779
|move|p1a: Scolipede|Spikes|p2a: Mew
|-sidestart|p2: Iznamakin|Spikes
|move|p2a: Mew|Spikes|p1a: Scolipede
|-sidestart|p1: JoJo Reference #10|Spikes
|
|-ability|p1a: Scolipede|Speed Boost|boost
|-boost|p1a: Scolipede|spe|1
|upkeep
|turn|4
|
|t:|1664172780
|move|p1a: Scolipede|Megahorn|p2a: Mew
|-supereffective|p2a: Mew
|-damage|p2a: Mew|0 fnt
|faint|p2a: Mew
|
|-ability|p1a: Scolipede|Speed Boost|boost
|-boost|p1a: Scolipede|spe|1
|upkeep
|
|t:|1664172787
|switch|p2a: Zapdos|Zapdos-Galar|100/100
|turn|5
|
|t:|1664172789
|move|p1a: Scolipede|Megahorn|p2a: Zapdos
|-resisted|p2a: Zapdos
|-damage|p2a: Zapdos|84/100
|move|p2a: Zapdos|Drill Peck|p1a: Scolipede
|-supereffective|p1a: Scolipede
|-enditem|p1a: Scolipede|Focus Sash
|-damage|p1a: Scolipede|1/100
|
|-ability|p1a: Scolipede|Speed Boost|boost
|-boost|p1a: Scolipede|spe|1
|upkeep
|turn|6
|
|t:|1664172792
|move|p1a: Scolipede|Endeavor|p2a: Zapdos
|-damage|p2a: Zapdos|1/100
|move|p2a: Zapdos|Drill Peck|p1a: Scolipede
|-supereffective|p1a: Scolipede
|-damage|p1a: Scolipede|0 fnt
|faint|p1a: Scolipede
|
|upkeep
|
|t:|1664172798
|switch|p1a: Kartana|Kartana|100/100
|-damage|p1a: Kartana|94/100|[from] Stealth Rock
|-damage|p1a: Kartana|78/100|[from] Spikes
|turn|7
|
|t:|1664172802
|move|p1a: Kartana|Sacred Sword|p2a: Zapdos
|-resisted|p2a: Zapdos
|-damage|p2a: Zapdos|0 fnt
|faint|p2a: Zapdos
|-ability|p1a: Kartana|Beast Boost|boost
|-boost|p1a: Kartana|atk|1
|
|upkeep
|
|t:|1664172805
|switch|p2a: Regieleki|Regieleki|100/100
|-damage|p2a: Regieleki|76/100|[from] Spikes
|turn|8
|
|t:|1664172808
|switch|p1a: Dragapult|Dragapult, M|100/100
|-damage|p1a: Dragapult|88/100|[from] Stealth Rock
|-damage|p1a: Dragapult|72/100|[from] Spikes
|move|p2a: Regieleki|Volt Switch|p1a: Dragapult
|-resisted|p1a: Dragapult
|-damage|p1a: Dragapult|23/100
|
|t:|1664172812
|switch|p2a: Rillaboom|Rillaboom, M, shiny|100/100|[from]move: Volt Switch
|-damage|p2a: Rillaboom|76/100|[from] Spikes
|-fieldstart|move: Grassy Terrain|[from] ability: Grassy Surge|[of] p2a: Rillaboom
|
|-heal|p1a: Dragapult|29/100|[from] Grassy Terrain
|-heal|p2a: Rillaboom|82/100|[from] Grassy Terrain
|upkeep
|turn|9
|
|t:|1664172815
|move|p2a: Rillaboom|Grassy Glide|p1a: Dragapult
|-resisted|p1a: Dragapult
|-damage|p1a: Dragapult|0 fnt
|faint|p1a: Dragapult
|-damage|p2a: Rillaboom|72/100|[from] item: Life Orb
|
|-heal|p2a: Rillaboom|78/100|[from] Grassy Terrain
|upkeep
|
|t:|1664172817
|switch|p1a: Kartana|Kartana|78/100
|-damage|p1a: Kartana|72/100|[from] Stealth Rock
|-damage|p1a: Kartana|55/100|[from] Spikes
|turn|10
|
|t:|1664172818
|move|p1a: Kartana|Sacred Sword|p2a: Rillaboom
|-damage|p2a: Rillaboom|33/100
|move|p2a: Rillaboom|Superpower|p1a: Kartana
|-supereffective|p1a: Kartana
|-damage|p1a: Kartana|0 fnt
|-unboost|p2a: Rillaboom|atk|1
|-unboost|p2a: Rillaboom|def|1
|faint|p1a: Kartana
|-damage|p2a: Rillaboom|23/100|[from] item: Life Orb
|
|-heal|p2a: Rillaboom|29/100|[from] Grassy Terrain
|upkeep
|
|t:|1664172821
|switch|p1a: Tapu Fini|Tapu Fini|100/100
|-damage|p1a: Tapu Fini|88/100|[from] Stealth Rock
|-damage|p1a: Tapu Fini|71/100|[from] Spikes
|-fieldstart|move: Misty Terrain|[from] ability: Misty Surge|[of] p1a: Tapu Fini
|turn|11
|
|t:|1664172827
|switch|p1a: Nidoking|Nidoking, M|100/100
|-damage|p1a: Nidoking|95/100|[from] Stealth Rock
|-damage|p1a: Nidoking|78/100|[from] Spikes
|move|p2a: Rillaboom|Grassy Glide|p1a: Nidoking
|-damage|p1a: Nidoking|34/100
|-damage|p2a: Rillaboom|19/100|[from] item: Life Orb
|
|upkeep
|turn|12
|j| Minihercules
|
|t:|1664172834
|switch|p2a: Bisharp|Bisharp, M|100/100
|-damage|p2a: Bisharp|76/100|[from] Spikes
|move|p1a: Nidoking|Earth Power|p2a: Bisharp
|-supereffective|p2a: Bisharp
|-damage|p2a: Bisharp|0 fnt
|faint|p2a: Bisharp
|
|upkeep
|
|t:|1664172838
|switch|p2a: Blaziken|Blaziken, M|100/100
|-damage|p2a: Blaziken|76/100|[from] Spikes
|turn|13
|
|t:|1664172845
|move|p1a: Nidoking|Earth Power|p2a: Blaziken
|-supereffective|p2a: Blaziken
|-damage|p2a: Blaziken|0 fnt
|faint|p2a: Blaziken
|
|upkeep
|-message|Iznamakin forfeited.
|
|win|JoJo Reference #10
|raw|JoJo Reference #10's rating: 1663 &rarr; <strong>1685</strong><br />(+22 for winning)
|raw|Iznamakin's rating: 1694 &rarr; <strong>1672</strong><br />(-22 for losing)
|l|☆Iznamakin
