|raw|<div class="broadcast-blue"><strong>This battle is required to be public due to a player having a name starting with 'lt84jm'.</div>
|j|☆Arnaud senju vgc
|j|☆Lt84 jm lio
|t:|1627400002
|gametype|singles
|player|p1|Arnaud senju vgc|266|1709
|player|p2|Lt84 jm lio|lady-gen4|1704
|teamsize|p1|6
|teamsize|p2|6
|gen|8
|tier|[Gen 8] OU
|rated|
|rule|Sleep Clause Mod: Limit one foe put to sleep
|rule|Species Clause: Limit one of each Pokémon
|rule|OHKO Clause: OHKO moves are banned
|rule|Evasion Moves Clause: Evasion moves are banned
|rule|Endless Battle Clause: Forcing endless battles is banned
|rule|HP Percentage Mod: HP is shown in percentages
|rule|Dynamax Clause: You cannot dynamax
|clearpoke
|poke|p1|Azumarill, F|
|poke|p1|Rillaboom, M|
|poke|p1|Hydreigon, M|
|poke|p1|Volcarona, F|
|poke|p1|Togekiss, M|
|poke|p1|Mew|
|poke|p2|Reuniclus, F|
|poke|p2|Weavile, F|
|poke|p2|Clefable, F|
|poke|p2|Corviknight, F|
|poke|p2|Toxapex, M|
|poke|p2|Hippowdon, F|
|teampreview
|
|t:|1627400011
|start
|switch|p1a: Azumarill|Azumarill, F, shiny|100/100
|switch|p2a: Weavile|Weavile, F|100/100
|-ability|p2a: Weavile|Pressure
|turn|1
|
|t:|1627400018
|switch|p2a: Toxapex|Toxapex, M|100/100
|move|p1a: Azumarill|Play Rough|p2a: Toxapex
|-resisted|p2a: Toxapex
|-damage|p2a: Toxapex|80/100
|
|upkeep
|turn|2
|
|t:|1627400028
|move|p1a: Azumarill|Knock Off|p2a: Toxapex
|-damage|p2a: Toxapex|49/100
|-enditem|p2a: Toxapex|Shed Shell|[from] move: Knock Off|[of] p1a: Azumarill
|move|p2a: Toxapex|Poison Jab|p1a: Azumarill
|-supereffective|p1a: Azumarill
|-damage|p1a: Azumarill|63/100
|
|upkeep
|turn|3
|inactive|Battle timer is ON: inactive players will automatically lose when time's up. (requested by Arnaud senju vgc)
|
|t:|1627400046
|switch|p1a: Mew|Mew|100/100
|move|p2a: Toxapex|Recover|p2a: Toxapex
|-heal|p2a: Toxapex|99/100
|
|upkeep
|turn|4
|
|t:|1627400053
|move|p1a: Mew|Substitute|p1a: Mew
|-start|p1a: Mew|Substitute
|-damage|p1a: Mew|75/100
|move|p2a: Toxapex|Knock Off|p1a: Mew
|-supereffective|p1a: Mew
|-end|p1a: Mew|Substitute
|
|-heal|p1a: Mew|82/100|[from] item: Leftovers
|upkeep
|turn|5
|
|t:|1627400061
|move|p1a: Mew|Block|p2a: Toxapex
|-activate|p2a: Toxapex|trapped
|move|p2a: Toxapex|Knock Off|p1a: Mew
|-supereffective|p1a: Mew
|-damage|p1a: Mew|56/100
|-enditem|p1a: Mew|Leftovers|[from] move: Knock Off|[of] p2a: Toxapex
|
|upkeep
|turn|6
|
|t:|1627400069
|move|p1a: Mew|Imprison|p1a: Mew
|-start|p1a: Mew|move: Imprison
|move|p2a: Toxapex|Knock Off|p1a: Mew
|-supereffective|p1a: Mew
|-damage|p1a: Mew|40/100
|
|upkeep
|turn|7
|
|t:|1627400076
|move|p1a: Mew|Transform|p2a: Toxapex
|-transform|p1a: Mew|p2a: Toxapex
|cant|p2a: Toxapex|move: Imprison|Poison Jab
|
|upkeep
|turn|8
|
|t:|1627400082
|-activate|p2a: Toxapex|move: Struggle
|move|p2a: Toxapex|Struggle|p1a: Mew
|-damage|p1a: Mew|35/100
|-damage|p2a: Toxapex|74/100|[from] recoil
|move|p1a: Mew|Recover|p1a: Mew
|-heal|p1a: Mew|85/100
|
|upkeep
|turn|9
|
|t:|1627400091
|move|p1a: Mew|Knock Off|p2a: Toxapex
|-damage|p2a: Toxapex|67/100
|-activate|p2a: Toxapex|move: Struggle
|move|p2a: Toxapex|Struggle|p1a: Mew
|-damage|p1a: Mew|80/100
|-damage|p2a: Toxapex|41/100|[from] recoil
|
|upkeep
|turn|10
|
|t:|1627400099
|-activate|p2a: Toxapex|move: Struggle
|move|p2a: Toxapex|Struggle|p1a: Mew
|-damage|p1a: Mew|76/100
|-damage|p2a: Toxapex|16/100|[from] recoil
|move|p1a: Mew|Recover|p1a: Mew
|-heal|p1a: Mew|100/100
|
|upkeep
|turn|11
|
|t:|1627400113
|move|p1a: Mew|Knock Off|p2a: Toxapex
|-damage|p2a: Toxapex|8/100
|-activate|p2a: Toxapex|move: Struggle
|move|p2a: Toxapex|Struggle|p1a: Mew
|-damage|p1a: Mew|95/100
|-damage|p2a: Toxapex|0 fnt|[from] recoil
|faint|p2a: Toxapex
|
|upkeep
|
|t:|1627400120
|switch|p2a: Hippowdon|Hippowdon, F|100/100
|-weather|Sandstorm|[from] ability: Sand Stream|[of] p2a: Hippowdon
|turn|12
|j| LT71LX KAI
|
|t:|1627400125
|move|p2a: Hippowdon|Stealth Rock|p1a: Mew
|-sidestart|p1: Arnaud senju vgc|move: Stealth Rock
|move|p1a: Mew|Knock Off|p2a: Hippowdon
|-damage|p2a: Hippowdon|90/100
|-enditem|p2a: Hippowdon|Leftovers|[from] move: Knock Off|[of] p1a: Mew
|
|-weather|Sandstorm|[upkeep]
|-damage|p1a: Mew|89/100|[from] Sandstorm
|upkeep
|turn|13
|
|t:|1627400133
|switch|p1a: Hydreigon|Hydreigon, M, shiny|100/100
|-damage|p1a: Hydreigon|88/100|[from] Stealth Rock
|move|p2a: Hippowdon|Earthquake|p1a: Hydreigon
|-immune|p1a: Hydreigon|[from] ability: Levitate
|
|-weather|Sandstorm|[upkeep]
|-damage|p1a: Hydreigon|82/100|[from] Sandstorm
|-heal|p1a: Hydreigon|88/100|[from] item: Leftovers
|upkeep
|turn|14
|
|t:|1627400144
|move|p1a: Hydreigon|Defog|p2a: Hippowdon
|-unboost|p2a: Hippowdon|evasion|1
|-sideend|p1: Arnaud senju vgc|Stealth Rock|[from] move: Defog|[of] p1a: Hydreigon
|move|p2a: Hippowdon|Toxic|p1a: Hydreigon
|-status|p1a: Hydreigon|tox
|
|-weather|Sandstorm|[upkeep]
|-damage|p1a: Hydreigon|82/100 tox|[from] Sandstorm
|-heal|p1a: Hydreigon|88/100 tox|[from] item: Leftovers
|-damage|p1a: Hydreigon|82/100 tox|[from] psn
|upkeep
|turn|15
|j| Tabata Toxel
|
|t:|1627400154
|move|p1a: Hydreigon|Nasty Plot|p1a: Hydreigon
|-boost|p1a: Hydreigon|spa|2
|move|p2a: Hippowdon|Stealth Rock|p1a: Hydreigon
|-sidestart|p1: Arnaud senju vgc|move: Stealth Rock
|
|-weather|Sandstorm|[upkeep]
|-damage|p1a: Hydreigon|76/100 tox|[from] Sandstorm
|-heal|p1a: Hydreigon|82/100 tox|[from] item: Leftovers
|-damage|p1a: Hydreigon|70/100 tox|[from] psn
|upkeep
|turn|16
|
|t:|1627400163
|switch|p2a: Clefable|Clefable, F|100/100
|move|p1a: Hydreigon|Dark Pulse|p2a: Clefable
|-resisted|p2a: Clefable
|-damage|p2a: Clefable|88/100
|
|-weather|none
|-heal|p1a: Hydreigon|76/100 tox|[from] item: Leftovers
|-heal|p2a: Clefable|94/100|[from] item: Leftovers
|-damage|p1a: Hydreigon|57/100 tox|[from] psn
|upkeep
|turn|17
|
|t:|1627400175
|switch|p1a: Mew|Mew|100/100
|-damage|p1a: Mew|88/100|[from] Stealth Rock
|move|p2a: Clefable|Moonblast|p1a: Mew
|-damage|p1a: Mew|59/100
|-unboost|p1a: Mew|spa|1
|
|-heal|p2a: Clefable|99/100|[from] item: Leftovers
|upkeep
|turn|18
|
|t:|1627400185
|switch|p2a: Weavile|Weavile, F|100/100
|-ability|p2a: Weavile|Pressure
|move|p1a: Mew|Imprison|p1a: Mew
|-start|p1a: Mew|move: Imprison
|
|upkeep
|turn|19
|
|t:|1627400195
|switch|p1a: Azumarill|Azumarill, F, shiny|63/100
|-damage|p1a: Azumarill|50/100|[from] Stealth Rock
|-enditem|p1a: Azumarill|Sitrus Berry|[eat]
|-heal|p1a: Azumarill|75/100|[from] item: Sitrus Berry
|move|p2a: Weavile|Knock Off|p1a: Azumarill
|-resisted|p1a: Azumarill
|-damage|p1a: Azumarill|59/100
|
|upkeep
|turn|20
|
|t:|1627400208
|switch|p2a: Corviknight|Corviknight, F|100/100
|-ability|p2a: Corviknight|Pressure
|move|p1a: Azumarill|Knock Off|p2a: Corviknight
|-damage|p2a: Corviknight|76/100
|-enditem|p2a: Corviknight|Shed Shell|[from] move: Knock Off|[of] p1a: Azumarill
|
|upkeep
|turn|21
|
|t:|1627400217
|switch|p1a: Volcarona|Volcarona, F|100/100
|move|p2a: Corviknight|Roost|p2a: Corviknight
|-heal|p2a: Corviknight|100/100
|-singleturn|p2a: Corviknight|move: Roost
|
|upkeep
|turn|22
|
|t:|1627400224
|switch|p2a: Hippowdon|Hippowdon, F|90/100
|-weather|Sandstorm|[from] ability: Sand Stream|[of] p2a: Hippowdon
|move|p1a: Volcarona|Fiery Dance|p2a: Hippowdon
|-damage|p2a: Hippowdon|65/100
|
|-weather|Sandstorm|[upkeep]
|-damage|p1a: Volcarona|94/100|[from] Sandstorm
|upkeep
|turn|23
|
|t:|1627400234
|switch|p1a: Togekiss|Togekiss, M|100/100
|-damage|p1a: Togekiss|75/100|[from] Stealth Rock
|move|p2a: Hippowdon|Slack Off|p2a: Hippowdon
|-heal|p2a: Hippowdon|100/100
|
|-weather|Sandstorm|[upkeep]
|-damage|p1a: Togekiss|69/100|[from] Sandstorm
|-heal|p1a: Togekiss|75/100|[from] item: Leftovers
|upkeep
|turn|24
|
|t:|1627400243
|switch|p2a: Reuniclus|Reuniclus, F|100/100
|move|p1a: Togekiss|Nasty Plot|p1a: Togekiss
|-boost|p1a: Togekiss|spa|2
|
|-weather|Sandstorm|[upkeep]
|-damage|p1a: Togekiss|69/100|[from] Sandstorm
|-heal|p1a: Togekiss|75/100|[from] item: Leftovers
|upkeep
|turn|25
|
|t:|1627400253
|move|p1a: Togekiss|Heal Bell|p1a: Togekiss
|-activate|p1a: Togekiss|move: Heal Bell
|-curestatus|p1: Hydreigon|tox|[msg]
|move|p2a: Reuniclus|Calm Mind|p2a: Reuniclus
|-boost|p2a: Reuniclus|spa|1
|-boost|p2a: Reuniclus|spd|1
|
|-weather|Sandstorm|[upkeep]
|-damage|p1a: Togekiss|69/100|[from] Sandstorm
|-heal|p1a: Togekiss|75/100|[from] item: Leftovers
|upkeep
|turn|26
|l|☆Arnaud senju vgc
|inactive|Arnaud senju vgc disconnected and has a minute to reconnect!
|player|p1|
|j|☆Arnaud senju vgc
|inactive|Arnaud senju vgc reconnected and has 125 seconds left.
|player|p1|Arnaud senju vgc|266
|inactive|Arnaud senju vgc has 120 seconds left.
|
|t:|1627400290
|move|p1a: Togekiss|Air Slash|p2a: Reuniclus
|-damage|p2a: Reuniclus|56/100
|move|p2a: Reuniclus|Calm Mind|p2a: Reuniclus
|-boost|p2a: Reuniclus|spa|1
|-boost|p2a: Reuniclus|spd|1
|
|-weather|none
|-heal|p1a: Togekiss|82/100|[from] item: Leftovers
|-heal|p2a: Reuniclus|62/100|[from] item: Leftovers
|upkeep
|turn|27
|inactive|Arnaud senju vgc has 120 seconds left.
|
|t:|1627400300
|move|p1a: Togekiss|Air Slash|p2a: Reuniclus|[miss]
|-miss|p1a: Togekiss|p2a: Reuniclus
|move|p2a: Reuniclus|Stored Power|p1a: Togekiss
|-damage|p1a: Togekiss|0 fnt
|faint|p1a: Togekiss
|
|-heal|p2a: Reuniclus|68/100|[from] item: Leftovers
|upkeep
|inactive|Arnaud senju vgc has 120 seconds left.
|
|t:|1627400310
|switch|p1a: Hydreigon|Hydreigon, M, shiny|57/100
|-damage|p1a: Hydreigon|45/100|[from] Stealth Rock
|turn|28
|
|t:|1627400315
|switch|p2a: Hippowdon|Hippowdon, F|100/100
|-weather|Sandstorm|[from] ability: Sand Stream|[of] p2a: Hippowdon
|move|p1a: Hydreigon|Defog|p2a: Hippowdon
|-unboost|p2a: Hippowdon|evasion|1
|-sideend|p1: Arnaud senju vgc|Stealth Rock|[from] move: Defog|[of] p1a: Hydreigon
|
|-weather|Sandstorm|[upkeep]
|-damage|p1a: Hydreigon|39/100|[from] Sandstorm
|-heal|p1a: Hydreigon|45/100|[from] item: Leftovers
|upkeep
|turn|29
|j| sand209
|
|t:|1627400326
|switch|p1a: Mew|Mew|59/100
|move|p2a: Hippowdon|Toxic|p1a: Mew
|-status|p1a: Mew|tox
|-activate|p1a: Mew|ability: Synchronize
|-status|p2a: Hippowdon|tox
|
|-weather|Sandstorm|[upkeep]
|-damage|p1a: Mew|53/100 tox|[from] Sandstorm
|-damage|p1a: Mew|47/100 tox|[from] psn
|-damage|p2a: Hippowdon|94/100 tox|[from] psn
|upkeep
|turn|30
|
|t:|1627400339
|switch|p2a: Clefable|Clefable, F|99/100
|move|p1a: Mew|Block|p2a: Clefable
|-activate|p2a: Clefable|trapped
|
|-weather|Sandstorm|[upkeep]
|-damage|p1a: Mew|41/100 tox|[from] Sandstorm
|-damage|p2a: Clefable|94/100|[from] Sandstorm
|-heal|p2a: Clefable|99/100|[from] item: Leftovers
|-damage|p1a: Mew|28/100 tox|[from] psn
|upkeep
|turn|31
|
|t:|1627400349
|move|p1a: Mew|Transform|p2a: Clefable
|-transform|p1a: Mew|p2a: Clefable
|move|p2a: Clefable|Moonblast|p1a: Mew
|-damage|p1a: Mew|2/100 tox
|
|-weather|Sandstorm|[upkeep]
|-damage|p2a: Clefable|94/100|[from] Sandstorm
|-damage|p1a: Mew|0 fnt|[from] Sandstorm
|faint|p1a: Mew
|-heal|p2a: Clefable|99/100|[from] item: Leftovers
|upkeep
|-message|Arnaud senju vgc forfeited.
|
|win|Lt84 jm lio
|l|☆Arnaud senju vgc
|raw|Arnaud senju vgc's rating: 1708 &rarr; <strong>1688</strong><br />(-20 for losing)
|raw|Lt84 jm lio's rating: 1705 &rarr; <strong>1725</strong><br />(+20 for winning)
||Ladder isn't responding, score probably updated but might not have (Request timeout).
