|raw|<div class="broadcast-blue"><strong>This battle is required to be public due to a player having a name starting with 'lt92pf'.</div>
|j|☆LT92PF fardin
|j|☆Sww-Suwa
|t:|1660167909
|gametype|singles
|player|p1|LT92PF fardin|101|1819
|player|p2|Sww-Suwa|lisia|1937
|teamsize|p1|6
|teamsize|p2|6
|gen|8
|tier|[Gen 8] OU
|rated|
|rule|Sleep Clause Mod: Limit one foe put to sleep
|rule|Species Clause: Limit one of each Pokémon
|rule|OHKO Clause: OHKO moves are banned
|rule|Evasion Items Clause: Evasion items are banned
|rule|Evasion Moves Clause: Evasion moves are banned
|rule|Endless Battle Clause: Forcing endless battles is banned
|rule|HP Percentage Mod: HP is shown in percentages
|rule|Dynamax Clause: You cannot dynamax
|clearpoke
|poke|p1|Sigilyph, M|
|poke|p1|Buzzwole|
|poke|p1|Clefable, M|
|poke|p1|Quagsire, M|
|poke|p1|Cresselia, F|
|poke|p1|Toxapex, M|
|poke|p2|Mew|
|poke|p2|Blaziken, M|
|poke|p2|Crawdaunt, M|
|poke|p2|Garchomp, M|
|poke|p2|Ninetales-Alola, F|
|poke|p2|Dragapult, M|
|teampreview
|inactive|Battle timer is ON: inactive players will automatically lose when time's up. (requested by LT92PF fardin)
|c|☆Sww-Suwa|hf
|j|+steel Skitty
|c|☆LT92PF fardin|no
|
|t:|1660167916
|start
|switch|p1a: Clefable|Clefable, M|100/100
|switch|p2a: Mew|Mew|100/100
|turn|1
|
|t:|1660167919
|move|p2a: Mew|Thunder Wave|p1a: Clefable
|-status|p1a: Clefable|par
|move|p1a: Clefable|Moonblast|p2a: Mew
|-damage|p2a: Mew|72/100
|
|upkeep
|turn|2
|
|t:|1660167924
|move|p2a: Mew|Stealth Rock|p1a: Clefable
|-sidestart|p1: LT92PF fardin|move: Stealth Rock
|move|p1a: Clefable|Stealth Rock|p2a: Mew
|-sidestart|p2: Sww-Suwa|move: Stealth Rock
|
|upkeep
|turn|3
|
|t:|1660167926
|move|p2a: Mew|Spikes|p1a: Clefable
|-sidestart|p1: LT92PF fardin|Spikes
|cant|p1a: Clefable|par
|
|upkeep
|turn|4
|j| LT92PF Raizen
|
|t:|1660167929
|move|p2a: Mew|Spikes|p1a: Clefable
|-sidestart|p1: LT92PF fardin|Spikes
|move|p1a: Clefable|Moonblast|p2a: Mew
|-damage|p2a: Mew|45/100
|
|upkeep
|turn|5
|
|t:|1660167932
|move|p2a: Mew|Spikes|p1a: Clefable
|-sidestart|p1: LT92PF fardin|Spikes
|cant|p1a: Clefable|par
|
|upkeep
|turn|6
|
|t:|1660167934
|move|p2a: Mew|Explosion|p1a: Clefable
|-damage|p1a: Clefable|52/100 par
|faint|p2a: Mew
|move|p1a: Clefable|Moonblast|p2: Mew|[notarget]
|-fail|p1a: Clefable
|
|-heal|p1a: Clefable|58/100 par|[from] item: Leftovers
|upkeep
|j| lnternal
|
|t:|1660167938
|switch|p2a: Crawdaunt|Crawdaunt, M|100/100
|-damage|p2a: Crawdaunt|88/100|[from] Stealth Rock
|turn|7
|j| Boulicrok
|
|t:|1660167942
|move|p2a: Crawdaunt|Crabhammer|p1a: Clefable
|-damage|p1a: Clefable|0 fnt
|faint|p1a: Clefable
|-damage|p2a: Crawdaunt|78/100|[from] item: Life Orb
|
|upkeep
|
|t:|1660167944
|switch|p1a: Buzzwole|Buzzwole|100/100
|turn|8
|
|t:|1660167958
|switch|p1a: Toxapex|Toxapex, M|100/100
|switch|p2a: Blaziken|Blaziken, M|100/100
|-damage|p2a: Blaziken|88/100|[from] Stealth Rock
|-item|p2a: Blaziken|Air Balloon
|
|upkeep
|turn|9
|
|t:|1660167961
|move|p2a: Blaziken|Swords Dance|p2a: Blaziken
|-boost|p2a: Blaziken|atk|2
|move|p1a: Toxapex|Toxic Spikes|p2a: Blaziken
|-sidestart|p2: Sww-Suwa|move: Toxic Spikes
|
|-ability|p2a: Blaziken|Speed Boost|boost
|-boost|p2a: Blaziken|spe|1
|upkeep
|turn|10
|
|t:|1660167969
|move|p2a: Blaziken|Close Combat|p1a: Toxapex
|-resisted|p1a: Toxapex
|-damage|p1a: Toxapex|50/100
|-unboost|p2a: Blaziken|def|1
|-unboost|p2a: Blaziken|spd|1
|move|p1a: Toxapex|Toxic|p2a: Blaziken
|-status|p2a: Blaziken|tox
|
|-damage|p2a: Blaziken|82/100 tox|[from] psn
|-ability|p2a: Blaziken|Speed Boost|boost
|-boost|p2a: Blaziken|spe|1
|upkeep
|turn|11
|j|@ironwater
|
|t:|1660167976
|switch|p1a: Sigilyph|Sigilyph, M|100/100
|move|p2a: Blaziken|Thunder Punch|p1a: Sigilyph
|-supereffective|p1a: Sigilyph
|-damage|p1a: Sigilyph|0 fnt
|faint|p1a: Sigilyph
|
|-damage|p2a: Blaziken|70/100 tox|[from] psn
|-ability|p2a: Blaziken|Speed Boost|boost
|-boost|p2a: Blaziken|spe|1
|upkeep
|
|t:|1660167978
|switch|p1a: Quagsire|Quagsire, M|100/100
|-damage|p1a: Quagsire|94/100|[from] Stealth Rock
|-damage|p1a: Quagsire|70/100|[from] Spikes
|turn|12
|
|t:|1660167983
|move|p2a: Blaziken|Close Combat|p1a: Quagsire
|-damage|p1a: Quagsire|21/100
|-unboost|p2a: Blaziken|def|1
|-unboost|p2a: Blaziken|spd|1
|move|p1a: Quagsire|Recover|p1a: Quagsire
|-heal|p1a: Quagsire|71/100
|
|-heal|p1a: Quagsire|77/100|[from] item: Leftovers
|-damage|p2a: Blaziken|52/100 tox|[from] psn
|-ability|p2a: Blaziken|Speed Boost|boost
|-boost|p2a: Blaziken|spe|1
|upkeep
|turn|13
|
|t:|1660167987
|move|p2a: Blaziken|Close Combat|p1a: Quagsire
|-damage|p1a: Quagsire|28/100
|-unboost|p2a: Blaziken|def|1
|-unboost|p2a: Blaziken|spd|1
|move|p1a: Quagsire|Recover|p1a: Quagsire
|-heal|p1a: Quagsire|78/100
|
|-heal|p1a: Quagsire|84/100|[from] item: Leftovers
|-damage|p2a: Blaziken|28/100 tox|[from] psn
|-ability|p2a: Blaziken|Speed Boost|boost
|-boost|p2a: Blaziken|spe|1
|upkeep
|turn|14
|
|t:|1660167990
|move|p2a: Blaziken|Close Combat|p1a: Quagsire
|-damage|p1a: Quagsire|32/100
|-unboost|p2a: Blaziken|def|1
|-unboost|p2a: Blaziken|spd|1
|move|p1a: Quagsire|Recover|p1a: Quagsire
|-heal|p1a: Quagsire|82/100
|
|-heal|p1a: Quagsire|88/100|[from] item: Leftovers
|-damage|p2a: Blaziken|0 fnt|[from] psn
|faint|p2a: Blaziken
|upkeep
|
|t:|1660167998
|switch|p2a: Crawdaunt|Crawdaunt, M|78/100
|-damage|p2a: Crawdaunt|66/100|[from] Stealth Rock
|-status|p2a: Crawdaunt|psn
|turn|15
|
|t:|1660168002
|switch|p1a: Buzzwole|Buzzwole|100/100
|move|p2a: Crawdaunt|Knock Off|p1a: Buzzwole
|-resisted|p1a: Buzzwole
|-damage|p1a: Buzzwole|77/100
|-enditem|p1a: Buzzwole|Heavy-Duty Boots|[from] move: Knock Off|[of] p2a: Crawdaunt
|-damage|p2a: Crawdaunt|56/100 psn|[from] item: Life Orb
|
|-damage|p2a: Crawdaunt|44/100 psn|[from] psn
|upkeep
|turn|16
|
|t:|1660168008
|move|p1a: Buzzwole|Roost|p1a: Buzzwole
|-heal|p1a: Buzzwole|100/100
|-singleturn|p1a: Buzzwole|move: Roost
|move|p2a: Crawdaunt|Crabhammer|p1a: Buzzwole
|-damage|p1a: Buzzwole|48/100
|-damage|p2a: Crawdaunt|34/100 psn|[from] item: Life Orb
|
|-damage|p2a: Crawdaunt|22/100 psn|[from] psn
|upkeep
|turn|17
|
|t:|1660168017
|move|p1a: Buzzwole|Roost|p1a: Buzzwole
|-heal|p1a: Buzzwole|98/100
|-singleturn|p1a: Buzzwole|move: Roost
|move|p2a: Crawdaunt|Crabhammer|p1a: Buzzwole
|-damage|p1a: Buzzwole|53/100
|-damage|p2a: Crawdaunt|12/100 psn|[from] item: Life Orb
|
|-damage|p2a: Crawdaunt|0 fnt|[from] psn
|faint|p2a: Crawdaunt
|upkeep
|j| Kate
|
|t:|1660168033
|switch|p2a: Dragapult|Dragapult, M|100/100
|turn|18
|
|t:|1660168039
|move|p2a: Dragapult|Flamethrower|p1a: Buzzwole
|-supereffective|p1a: Buzzwole
|-damage|p1a: Buzzwole|0 fnt
|faint|p1a: Buzzwole
|
|upkeep
|
|t:|1660168044
|switch|p1a: Toxapex|Toxapex, M|83/100
|turn|19
|
|t:|1660168051
|switch|p2a: Garchomp|Garchomp, M|100/100
|-damage|p2a: Garchomp|94/100|[from] Stealth Rock
|-status|p2a: Garchomp|psn
|move|p1a: Toxapex|Toxic||[still]
|-fail|p1a: Toxapex
|
|-damage|p2a: Garchomp|82/100 psn|[from] psn
|upkeep
|turn|20
|
|t:|1660168054
|switch|p1a: Cresselia|Cresselia, F|100/100
|-damage|p1a: Cresselia|88/100|[from] Stealth Rock
|move|p2a: Garchomp|Swords Dance|p2a: Garchomp
|-boost|p2a: Garchomp|atk|2
|
|-heal|p1a: Cresselia|94/100|[from] item: Leftovers
|-damage|p2a: Garchomp|70/100 psn|[from] psn
|upkeep
|turn|21
|
|t:|1660168058
|move|p1a: Cresselia|Protect|p1a: Cresselia
|-singleturn|p1a: Cresselia|Protect
|move|p2a: Garchomp|Scale Shot|p1a: Cresselia
|-activate|p1a: Cresselia|move: Protect
|
|-heal|p1a: Cresselia|100/100|[from] item: Leftovers
|-damage|p2a: Garchomp|57/100 psn|[from] psn
|upkeep
|turn|22
|
|t:|1660168061
|move|p2a: Garchomp|Scale Shot|p1a: Cresselia
|-damage|p1a: Cresselia|84/100
|-damage|p1a: Cresselia|69/100
|-hitcount|p1a: Cresselia|2
|-unboost|p2a: Garchomp|def|1
|-boost|p2a: Garchomp|spe|1
|move|p1a: Cresselia|Moonlight|p1a: Cresselia
|-heal|p1a: Cresselia|100/100
|
|-damage|p2a: Garchomp|45/100 psn|[from] psn
|upkeep
|turn|23
|j| Pokemh
|
|t:|1660168065
|move|p1a: Cresselia|Protect|p1a: Cresselia
|-singleturn|p1a: Cresselia|Protect
|move|p2a: Garchomp|Scale Shot|p1a: Cresselia
|-activate|p1a: Cresselia|move: Protect
|
|-damage|p2a: Garchomp|33/100 psn|[from] psn
|upkeep
|turn|24
|j| sufys12
|
|t:|1660168070
|move|p2a: Garchomp|Scale Shot|p1a: Cresselia
|-damage|p1a: Cresselia|85/100
|-damage|p1a: Cresselia|69/100
|-damage|p1a: Cresselia|52/100
|-damage|p1a: Cresselia|35/100
|-hitcount|p1a: Cresselia|4
|-unboost|p2a: Garchomp|def|1
|-boost|p2a: Garchomp|spe|1
|move|p1a: Cresselia|Moonlight|p1a: Cresselia
|-heal|p1a: Cresselia|85/100
|
|-heal|p1a: Cresselia|91/100|[from] item: Leftovers
|-damage|p2a: Garchomp|20/100 psn|[from] psn
|upkeep
|turn|25
|
|t:|1660168074
|move|p2a: Garchomp|Scale Shot|p1a: Cresselia
|-damage|p1a: Cresselia|76/100
|-damage|p1a: Cresselia|58/100
|-hitcount|p1a: Cresselia|2
|-unboost|p2a: Garchomp|def|1
|-boost|p2a: Garchomp|spe|1
|move|p1a: Cresselia|Moonlight|p1a: Cresselia
|-heal|p1a: Cresselia|100/100
|
|-damage|p2a: Garchomp|8/100 psn|[from] psn
|upkeep
|turn|26
|
|t:|1660168077
|move|p1a: Cresselia|Protect|p1a: Cresselia
|-singleturn|p1a: Cresselia|Protect
|move|p2a: Garchomp|Scale Shot|p1a: Cresselia
|-activate|p1a: Cresselia|move: Protect
|
|-damage|p2a: Garchomp|0 fnt|[from] psn
|faint|p2a: Garchomp
|upkeep
|
|t:|1660168085
|switch|p2a: Dragapult|Dragapult, M|100/100
|turn|27
|
|t:|1660168087
|move|p2a: Dragapult|Dragon Dance|p2a: Dragapult
|-boost|p2a: Dragapult|atk|1
|-boost|p2a: Dragapult|spe|1
|move|p1a: Cresselia|Toxic|p2a: Dragapult
|-status|p2a: Dragapult|tox
|
|-damage|p2a: Dragapult|94/100 tox|[from] psn
|upkeep
|turn|28
|
|t:|1660168091
|move|p2a: Dragapult|Phantom Force||[still]
|-prepare|p2a: Dragapult|Phantom Force
|move|p1a: Cresselia|Moonblast|p2a: Dragapult|[miss]
|-miss|p1a: Cresselia|p2a: Dragapult
|
|-damage|p2a: Dragapult|82/100 tox|[from] psn
|upkeep
|turn|29
|
|t:|1660168094
|switch|p1a: Toxapex|Toxapex, M|100/100
|move|p2a: Dragapult|Phantom Force|p1a: Toxapex|[from]lockedmove
|-damage|p1a: Toxapex|47/100
|
|-damage|p2a: Dragapult|64/100 tox|[from] psn
|upkeep
|turn|30
|
|t:|1660168097
|switch|p1a: Quagsire|Quagsire, M|88/100
|-damage|p1a: Quagsire|82/100|[from] Stealth Rock
|-damage|p1a: Quagsire|57/100|[from] Spikes
|move|p2a: Dragapult|Dragon Darts|p1a: Quagsire
|-damage|p1a: Quagsire|37/100
|-anim|p2a: Dragapult|Dragon Darts|p1a: Quagsire
|-damage|p1a: Quagsire|14/100
|
|-heal|p1a: Quagsire|20/100|[from] item: Leftovers
|-damage|p2a: Dragapult|40/100 tox|[from] psn
|upkeep
|turn|31
|
|t:|1660168101
|move|p2a: Dragapult|Dragon Darts|p1a: Quagsire
|-damage|p1a: Quagsire|0 fnt
|faint|p1a: Quagsire
|
|-damage|p2a: Dragapult|10/100 tox|[from] psn
|upkeep
|
|t:|1660168103
|switch|p1a: Toxapex|Toxapex, M|80/100
|turn|32
|j| Highlord
|
|t:|1660168111
|move|p2a: Dragapult|Dragon Darts|p1a: Toxapex
|-damage|p1a: Toxapex|49/100
|-anim|p2a: Dragapult|Dragon Darts|p1a: Toxapex
|-damage|p1a: Toxapex|19/100
|move|p1a: Toxapex|Recover|p1a: Toxapex
|-heal|p1a: Toxapex|69/100
|
|-damage|p2a: Dragapult|0 fnt|[from] psn
|faint|p2a: Dragapult
|upkeep
|
|t:|1660168115
|switch|p2a: Ninetales|Ninetales-Alola, F, shiny|100/100
|-damage|p2a: Ninetales|76/100|[from] Stealth Rock
|-status|p2a: Ninetales|psn
|-weather|Hail|[from] ability: Snow Warning|[of] p2a: Ninetales
|turn|33
|
|t:|1660168121
|move|p2a: Ninetales|Freeze-Dry|p1a: Toxapex
|-supereffective|p1a: Toxapex
|-damage|p1a: Toxapex|36/100
|move|p1a: Toxapex|Knock Off|p2a: Ninetales
|-resisted|p2a: Ninetales
|-damage|p2a: Ninetales|64/100 psn
|-enditem|p2a: Ninetales|Choice Scarf|[from] move: Knock Off|[of] p1a: Toxapex
|
|-weather|Hail|[upkeep]
|-damage|p1a: Toxapex|30/100|[from] Hail
|-damage|p2a: Ninetales|52/100 psn|[from] psn
|upkeep
|turn|34
|
|t:|1660168128
|switch|p1a: Cresselia|Cresselia, F|100/100
|-damage|p1a: Cresselia|88/100|[from] Stealth Rock
|move|p2a: Ninetales|Freeze-Dry|p1a: Cresselia
|-crit|p1a: Cresselia
|-damage|p1a: Cresselia|69/100
|
|-weather|Hail|[upkeep]
|-damage|p1a: Cresselia|63/100|[from] Hail
|-heal|p1a: Cresselia|69/100|[from] item: Leftovers
|-damage|p2a: Ninetales|40/100 psn|[from] psn
|upkeep
|turn|35
|
|t:|1660168131
|move|p1a: Cresselia|Protect|p1a: Cresselia
|-singleturn|p1a: Cresselia|Protect
|move|p2a: Ninetales|Blizzard|p1a: Cresselia
|-activate|p1a: Cresselia|move: Protect
|
|-weather|Hail|[upkeep]
|-damage|p1a: Cresselia|63/100|[from] Hail
|-heal|p1a: Cresselia|69/100|[from] item: Leftovers
|-damage|p2a: Ninetales|27/100 psn|[from] psn
|upkeep
|turn|36
|c|☆Sww-Suwa|gg
|c|☆LT92PF fardin|gg
|l| Kate
|
|t:|1660168135
|switch|p1a: Toxapex|Toxapex, M|63/100
|move|p2a: Ninetales|Blizzard|p1a: Toxapex
|-resisted|p1a: Toxapex
|-crit|p1a: Toxapex
|-damage|p1a: Toxapex|45/100
|
|-weather|Hail|[upkeep]
|-damage|p1a: Toxapex|38/100|[from] Hail
|-damage|p2a: Ninetales|15/100 psn|[from] psn
|upkeep
|turn|37
|
|t:|1660168138
|move|p2a: Ninetales|Freeze-Dry|p1a: Toxapex
|-supereffective|p1a: Toxapex
|-damage|p1a: Toxapex|5/100
|-status|p1a: Toxapex|frz
|cant|p1a: Toxapex|frz
|
|-weather|none
|-damage|p2a: Ninetales|3/100 psn|[from] psn
|upkeep
|turn|38
|l| Highlord
|
|t:|1660168143
|move|p2a: Ninetales|Foul Play|p1a: Toxapex
|-damage|p1a: Toxapex|0 fnt
|faint|p1a: Toxapex
|
|-damage|p2a: Ninetales|0 fnt|[from] psn
|faint|p2a: Ninetales
|
|win|LT92PF fardin
|upkeep
|raw|LT92PF fardin's rating: 1819 &rarr; <strong>1846</strong><br />(+27 for winning)
|raw|Sww-Suwa's rating: 1937 &rarr; <strong>1910</strong><br />(-27 for losing)
|l|+steel Skitty
|l|☆Sww-Suwa
