|j|☆minimax_ai
|j|☆AlphaTherai
|t:|1667479272
|gametype|singles
|player|p1|minimax_ai|lusamine-nihilego|1594
|player|p2|AlphaTherai|lucas|1651
|teamsize|p1|6
|teamsize|p2|6
|gen|8
|tier|[Gen 8] OU
|rated|
|rule|Sleep Clause Mod: Limit one foe put to sleep
|rule|Species Clause: Limit one of each Pokémon
|rule|OHKO Clause: OHKO moves are banned
|rule|Evasion Items Clause: Evasion items are banned
|rule|Evasion Moves Clause: Evasion moves are banned
|rule|Endless Battle Clause: Forcing endless battles is banned
|rule|HP Percentage Mod: HP is shown in percentages
|rule|Dynamax Clause: You cannot dynamax
|clearpoke
|poke|p1|Rotom-Wash|
|poke|p1|Weavile, M|
|poke|p1|Landorus-Therian, M|
|poke|p1|Heatran, M|
|poke|p1|Tangrowth, F|
|poke|p1|Melmetal|
|poke|p2|Kartana|
|poke|p2|Ferrothorn, M|
|poke|p2|Toxapex, F|
|poke|p2|Mandibuzz, F|
|poke|p2|Garchomp, M|
|poke|p2|Dragapult, F|
|teampreview
|c|☆minimax_ai|hf
|inactive|Battle timer is ON: inactive players will automatically lose when time's up. (requested by minimax_ai)
|
|t:|1667479281
|start
|switch|p1a: landorustherian|Landorus-Therian, M|100/100
|switch|p2a: Kartana|Kartana|100/100
|-ability|p1a: landorustherian|Intimidate|boost
|-unboost|p2a: Kartana|atk|1
|turn|1
|
|t:|1667479283
|move|p2a: Kartana|Knock Off|p1a: landorustherian
|-damage|p1a: landorustherian|61/100
|-enditem|p1a: landorustherian|Leftovers|[from] move: Knock Off|[of] p2a: Kartana
|move|p1a: landorustherian|Earthquake|p2a: Kartana
|-damage|p2a: Kartana|55/100
|
|upkeep
|turn|2
|
|t:|1667479287
|switch|p2a: Ferrothorn|Ferrothorn, M|100/100
|move|p1a: landorustherian|Earthquake|p2a: Ferrothorn
|-damage|p2a: Ferrothorn|71/100
|
|-heal|p2a: Ferrothorn|77/100|[from] item: Leftovers
|upkeep
|turn|3
|
|t:|1667479289
|move|p1a: landorustherian|U-turn|p2a: Ferrothorn
|-damage|p2a: Ferrothorn|61/100
|-damage|p1a: landorustherian|48/100|[from] ability: Iron Barbs|[of] p2a: Ferrothorn
|
|t:|1667479290
|switch|p1a: Heatran|Heatran, M|100/100|[from]move: U-turn
|-item|p1a: Heatran|Air Balloon
|move|p2a: Ferrothorn|Leech Seed|p1a: Heatran
|-start|p1a: Heatran|move: Leech Seed
|
|-heal|p2a: Ferrothorn|67/100|[from] item: Leftovers
|-damage|p1a: Heatran|88/100|[from] Leech Seed|[of] p2a: Ferrothorn
|-heal|p2a: Ferrothorn|78/100|[silent]
|upkeep
|turn|4
|
|t:|1667479293
|switch|p2a: Garchomp|Garchomp, M|100/100
|move|p1a: Heatran|Magma Storm|p2a: Garchomp|[miss]
|-miss|p1a: Heatran|p2a: Garchomp
|
|-damage|p1a: Heatran|76/100|[from] Leech Seed|[of] p2a: Garchomp
|upkeep
|turn|5
|
|t:|1667479296
|move|p1a: Heatran|Stealth Rock|p2a: Garchomp
|-sidestart|p2: AlphaTherai|move: Stealth Rock
|move|p2a: Garchomp|Stealth Rock|p1a: Heatran
|-sidestart|p1: minimax_ai|move: Stealth Rock
|
|-damage|p1a: Heatran|63/100|[from] Leech Seed|[of] p2a: Garchomp
|upkeep
|turn|6
|
|t:|1667479299
|move|p1a: Heatran|Magma Storm|p2a: Garchomp
|-resisted|p2a: Garchomp
|-damage|p2a: Garchomp|81/100
|-activate|p2a: Garchomp|move: Magma Storm|[of] p1a: Heatran
|move|p2a: Garchomp|Dragon Tail|p1a: Heatran
|-resisted|p1a: Heatran
|-damage|p1a: Heatran|51/100
|-enditem|p1a: Heatran|Air Balloon
|drag|p1a: Melmetal|Melmetal|100/100
|-damage|p1a: Melmetal|94/100|[from] Stealth Rock
|
|-heal|p2a: Garchomp|87/100|[from] item: Leftovers
|-end|p2a: Garchomp|Magma Storm|[partiallytrapped]|[silent]
|upkeep
|turn|7
|
|t:|1667479302
|switch|p2a: Ferrothorn|Ferrothorn, M|78/100
|-damage|p2a: Ferrothorn|72/100|[from] Stealth Rock
|move|p1a: Melmetal|Ice Punch|p2a: Ferrothorn
|-damage|p2a: Ferrothorn|48/100
|-damage|p1a: Melmetal|82/100|[from] ability: Iron Barbs|[of] p2a: Ferrothorn
|
|-heal|p2a: Ferrothorn|54/100|[from] item: Leftovers
|upkeep
|turn|8
|
|t:|1667479307
|move|p1a: Melmetal|Ice Punch|p2a: Ferrothorn
|-damage|p2a: Ferrothorn|30/100
|-damage|p1a: Melmetal|69/100|[from] ability: Iron Barbs|[of] p2a: Ferrothorn
|move|p2a: Ferrothorn|Knock Off|p1a: Melmetal
|-damage|p1a: Melmetal|57/100
|-enditem|p1a: Melmetal|Assault Vest|[from] move: Knock Off|[of] p2a: Ferrothorn
|
|-heal|p2a: Ferrothorn|37/100|[from] item: Leftovers
|upkeep
|turn|9
|
|t:|1667479313
|move|p1a: Melmetal|Double Iron Bash|p2a: Ferrothorn
|-resisted|p2a: Ferrothorn
|-damage|p2a: Ferrothorn|23/100
|-damage|p1a: Melmetal|44/100|[from] ability: Iron Barbs|[of] p2a: Ferrothorn
|-resisted|p2a: Ferrothorn
|-damage|p2a: Ferrothorn|9/100
|-damage|p1a: Melmetal|32/100|[from] ability: Iron Barbs|[of] p2a: Ferrothorn
|-hitcount|p2a: Ferrothorn|2
|cant|p2a: Ferrothorn|flinch
|
|-heal|p2a: Ferrothorn|15/100|[from] item: Leftovers
|upkeep
|turn|10
|
|t:|1667479319
|switch|p2a: Toxapex|Toxapex, F|100/100
|-damage|p2a: Toxapex|88/100|[from] Stealth Rock
|move|p1a: Melmetal|Ice Punch|p2a: Toxapex
|-resisted|p2a: Toxapex
|-damage|p2a: Toxapex|75/100
|-enditem|p2a: Toxapex|Eject Button
|
|t:|1667479330
|switch|p2a: Garchomp|Garchomp, M|87/100
|-damage|p2a: Garchomp|81/100|[from] Stealth Rock
|
|-heal|p2a: Garchomp|87/100|[from] item: Leftovers
|upkeep
|turn|11
|
|t:|1667479331
|switch|p1a: rotomwash|Rotom-Wash|100/100
|-damage|p1a: rotomwash|88/100|[from] Stealth Rock
|move|p2a: Garchomp|Earthquake|p1a: rotomwash
|-immune|p1a: rotomwash|[from] ability: Levitate
|
|-heal|p1a: rotomwash|94/100|[from] item: Leftovers
|-heal|p2a: Garchomp|94/100|[from] item: Leftovers
|upkeep
|turn|12
|
|t:|1667479333
|move|p1a: rotomwash|Hydro Pump|p2a: Garchomp|[miss]
|-miss|p1a: rotomwash|p2a: Garchomp
|move|p2a: Garchomp|Toxic|p1a: rotomwash|[miss]
|-miss|p2a: Garchomp|p1a: rotomwash
|
|-heal|p1a: rotomwash|100/100|[from] item: Leftovers
|-heal|p2a: Garchomp|99/100|[from] item: Leftovers
|upkeep
|turn|13
|
|t:|1667479336
|move|p1a: rotomwash|Hydro Pump|p2a: Garchomp|[miss]
|-miss|p1a: rotomwash|p2a: Garchomp
|move|p2a: Garchomp|Toxic|p1a: rotomwash
|-status|p1a: rotomwash|tox
|
|-heal|p2a: Garchomp|100/100|[from] item: Leftovers
|-damage|p1a: rotomwash|94/100 tox|[from] psn
|upkeep
|turn|14
|
|t:|1667479339
|move|p1a: rotomwash|Thunderbolt|p2a: Garchomp
|-immune|p2a: Garchomp
|move|p2a: Garchomp|Dragon Tail|p1a: rotomwash
|-damage|p1a: rotomwash|67/100 tox
|drag|p1a: Weavile|Weavile, M|100/100
|-damage|p1a: Weavile|76/100|[from] Stealth Rock
|-ability|p1a: Weavile|Pressure
|
|upkeep
|turn|15
|
|t:|1667479342
|switch|p2a: Ferrothorn|Ferrothorn, M|15/100
|-damage|p2a: Ferrothorn|9/100|[from] Stealth Rock
|move|p1a: Weavile|Triple Axel|p2a: Ferrothorn|[miss]
|-miss|p1a: Weavile|p2a: Ferrothorn
|
|-heal|p2a: Ferrothorn|15/100|[from] item: Leftovers
|upkeep
|turn|16
|
|t:|1667479344
|move|p1a: Weavile|Triple Axel|p2a: Ferrothorn
|-damage|p2a: Ferrothorn|4/100
|-damage|p1a: Weavile|63/100|[from] ability: Iron Barbs|[of] p2a: Ferrothorn
|-hitcount|p2a: Ferrothorn|1
|move|p2a: Ferrothorn|Gyro Ball|p1a: Weavile
|-supereffective|p1a: Weavile
|-damage|p1a: Weavile|0 fnt
|faint|p1a: Weavile
|
|-heal|p2a: Ferrothorn|10/100|[from] item: Leftovers
|upkeep
|
|t:|1667479344
|switch|p1a: Melmetal|Melmetal|32/100
|-damage|p1a: Melmetal|26/100|[from] Stealth Rock
|turn|17
|
|t:|1667479355
|move|p1a: Melmetal|Ice Punch|p2a: Ferrothorn
|-damage|p2a: Ferrothorn|0 fnt
|-damage|p1a: Melmetal|13/100|[from] ability: Iron Barbs|[of] p2a: Ferrothorn
|faint|p2a: Ferrothorn
|
|upkeep
|
|t:|1667479358
|switch|p2a: Garchomp|Garchomp, M|100/100
|-damage|p2a: Garchomp|94/100|[from] Stealth Rock
|turn|18
|
|t:|1667479359
|switch|p1a: landorustherian|Landorus-Therian, M|48/100
|-damage|p1a: landorustherian|36/100|[from] Stealth Rock
|-ability|p1a: landorustherian|Intimidate|boost
|-unboost|p2a: Garchomp|atk|1
|move|p2a: Garchomp|Earthquake|p1a: landorustherian
|-immune|p1a: landorustherian
|
|-heal|p2a: Garchomp|100/100|[from] item: Leftovers
|upkeep
|turn|19
|
|t:|1667479363
|move|p2a: Garchomp|Toxic|p1a: landorustherian
|-status|p1a: landorustherian|tox
|move|p1a: landorustherian|Earthquake|p2a: Garchomp
|-damage|p2a: Garchomp|67/100
|
|-heal|p2a: Garchomp|73/100|[from] item: Leftovers
|-damage|p1a: landorustherian|30/100 tox|[from] psn
|upkeep
|turn|20
|
|t:|1667479367
|switch|p2a: Mandibuzz|Mandibuzz, F|100/100
|move|p1a: landorustherian|Earthquake|p2a: Mandibuzz
|-immune|p2a: Mandibuzz
|
|-damage|p1a: landorustherian|18/100 tox|[from] psn
|upkeep
|turn|21
|
|t:|1667479369
|move|p1a: landorustherian|U-turn|p2a: Mandibuzz
|-damage|p2a: Mandibuzz|87/100
|
|t:|1667479370
|switch|p1a: Tangrowth|Tangrowth, F|100/100|[from]move: U-turn
|-damage|p1a: Tangrowth|88/100|[from] Stealth Rock
|move|p2a: Mandibuzz|U-turn|p1a: Tangrowth
|-supereffective|p1a: Tangrowth
|-damage|p1a: Tangrowth|75/100
|-damage|p2a: Mandibuzz|70/100|[from] item: Rocky Helmet|[of] p1a: Tangrowth
|
|t:|1667479373
|switch|p2a: Garchomp|Garchomp, M|73/100|[from]move: U-turn
|-damage|p2a: Garchomp|67/100|[from] Stealth Rock
|
|-heal|p2a: Garchomp|73/100|[from] item: Leftovers
|upkeep
|turn|22
|
|t:|1667479374
|move|p2a: Garchomp|Toxic|p1a: Tangrowth
|-status|p1a: Tangrowth|tox
|move|p1a: Tangrowth|Giga Drain|p2a: Garchomp
|-damage|p2a: Garchomp|53/100
|-heal|p1a: Tangrowth|85/100 tox|[from] drain|[of] p2a: Garchomp
|
|-heal|p2a: Garchomp|60/100|[from] item: Leftovers
|-damage|p1a: Tangrowth|79/100 tox|[from] psn
|upkeep
|turn|23
|
|t:|1667479377
|switch|p2a: Toxapex|Toxapex, F|100/100
|-damage|p2a: Toxapex|88/100|[from] Stealth Rock
|move|p1a: Tangrowth|Sleep Powder|p2a: Toxapex
|-status|p2a: Toxapex|slp|[from] move: Sleep Powder
|
|-damage|p1a: Tangrowth|66/100 tox|[from] psn
|upkeep
|turn|24
|
|t:|1667479380
|move|p1a: Tangrowth|Giga Drain|p2a: Toxapex
|-damage|p2a: Toxapex|70/100 slp
|-heal|p1a: Tangrowth|73/100 tox|[from] drain|[of] p2a: Toxapex
|cant|p2a: Toxapex|slp
|
|-damage|p1a: Tangrowth|55/100 tox|[from] psn
|upkeep
|turn|25
|
|t:|1667479382
|switch|p1a: landorustherian|Landorus-Therian, M|18/100 tox
|-damage|p1a: landorustherian|5/100 tox|[from] Stealth Rock
|-ability|p1a: landorustherian|Intimidate|boost
|-unboost|p2a: Toxapex|atk|1
|cant|p2a: Toxapex|slp
|
|-damage|p1a: landorustherian|0 fnt|[from] psn
|faint|p1a: landorustherian
|upkeep
|
|t:|1667479383
|switch|p1a: Melmetal|Melmetal|13/100
|-damage|p1a: Melmetal|7/100|[from] Stealth Rock
|turn|26
|
|t:|1667479387
|switch|p2a: Mandibuzz|Mandibuzz, F|70/100
|move|p1a: Melmetal|Ice Punch|p2a: Mandibuzz
|-supereffective|p2a: Mandibuzz
|-damage|p2a: Mandibuzz|31/100
|
|upkeep
|turn|27
|
|t:|1667479389
|switch|p1a: Tangrowth|Tangrowth, F|88/100 tox
|-damage|p1a: Tangrowth|75/100 tox|[from] Stealth Rock
|move|p2a: Mandibuzz|Foul Play|p1a: Tangrowth
|-crit|p1a: Tangrowth
|-damage|p1a: Tangrowth|47/100 tox
|-damage|p2a: Mandibuzz|14/100|[from] item: Rocky Helmet|[of] p1a: Tangrowth
|
|-damage|p1a: Tangrowth|41/100 tox|[from] psn
|upkeep
|turn|28
|
|t:|1667479391
|switch|p1a: Heatran|Heatran, M|51/100
|-damage|p1a: Heatran|39/100|[from] Stealth Rock
|move|p2a: Mandibuzz|Roost|p2a: Mandibuzz
|-heal|p2a: Mandibuzz|65/100
|-singleturn|p2a: Mandibuzz|move: Roost
|
|upkeep
|turn|29
|
|t:|1667479393
|switch|p2a: Garchomp|Garchomp, M|60/100
|-damage|p2a: Garchomp|53/100|[from] Stealth Rock
|move|p1a: Heatran|Magma Storm|p2a: Garchomp
|-resisted|p2a: Garchomp
|-damage|p2a: Garchomp|36/100
|-activate|p2a: Garchomp|move: Magma Storm|[of] p1a: Heatran
|
|-heal|p2a: Garchomp|42/100|[from] item: Leftovers
|-damage|p2a: Garchomp|30/100|[from] move: Magma Storm|[partiallytrapped]
|upkeep
|turn|30
|
|t:|1667479395
|switch|p1a: Tangrowth|Tangrowth, F|74/100 tox
|-damage|p1a: Tangrowth|62/100 tox|[from] Stealth Rock
|move|p2a: Garchomp|Earthquake|p1a: Tangrowth
|-resisted|p1a: Tangrowth
|-damage|p1a: Tangrowth|50/100 tox
|
|-heal|p2a: Garchomp|36/100|[from] item: Leftovers
|-damage|p1a: Tangrowth|44/100 tox|[from] psn
|-end|p2a: Garchomp|Magma Storm|[partiallytrapped]|[silent]
|upkeep
|turn|31
|
|t:|1667479398
|switch|p2a: Toxapex|Toxapex, F|100/100 slp
|-damage|p2a: Toxapex|88/100 slp|[from] Stealth Rock
|move|p1a: Tangrowth|Giga Drain|p2a: Toxapex
|-damage|p2a: Toxapex|70/100 slp
|-heal|p1a: Tangrowth|51/100 tox|[from] drain|[of] p2a: Toxapex
|
|-damage|p1a: Tangrowth|39/100 tox|[from] psn
|upkeep
|turn|32
|
|t:|1667479400
|move|p1a: Tangrowth|Giga Drain|p2a: Toxapex
|-damage|p2a: Toxapex|50/100 slp
|-heal|p1a: Tangrowth|46/100 tox|[from] drain|[of] p2a: Toxapex
|cant|p2a: Toxapex|slp
|
|-damage|p1a: Tangrowth|27/100 tox|[from] psn
|upkeep
|turn|33
|
|t:|1667479405
|switch|p1a: Melmetal|Melmetal|7/100
|-damage|p1a: Melmetal|1/100|[from] Stealth Rock
|-curestatus|p2a: Toxapex|slp|[msg]
|move|p2a: Toxapex|Recover|p2a: Toxapex
|-heal|p2a: Toxapex|100/100
|
|upkeep
|turn|34
|
|t:|1667479409
|move|p1a: Melmetal|Double Iron Bash|p2a: Toxapex
|-resisted|p2a: Toxapex
|-damage|p2a: Toxapex|84/100
|-resisted|p2a: Toxapex
|-crit|p2a: Toxapex
|-damage|p2a: Toxapex|62/100
|-hitcount|p2a: Toxapex|2
|move|p2a: Toxapex|Scald|p1a: Melmetal
|-crit|p1a: Melmetal
|-damage|p1a: Melmetal|0 fnt
|faint|p1a: Melmetal
|
|upkeep
|
|t:|1667479409
|switch|p1a: rotomwash|Rotom-Wash|67/100 tox
|-damage|p1a: rotomwash|54/100 tox|[from] Stealth Rock
|turn|35
|
|t:|1667479417
|switch|p2a: Garchomp|Garchomp, M|36/100
|-damage|p2a: Garchomp|30/100|[from] Stealth Rock
|move|p1a: rotomwash|Pain Split|p2a: Garchomp
|-sethp|p2a: Garchomp|34/100|[from] move: Pain Split|[silent]
|-sethp|p1a: rotomwash|47/100 tox|[from] move: Pain Split
|
|-heal|p1a: rotomwash|53/100 tox|[from] item: Leftovers
|-heal|p2a: Garchomp|40/100|[from] item: Leftovers
|-damage|p1a: rotomwash|47/100 tox|[from] psn
|upkeep
|turn|36
|
|t:|1667479419
|move|p1a: rotomwash|Thunderbolt|p2a: Garchomp
|-immune|p2a: Garchomp
|move|p2a: Garchomp|Dragon Tail|p1a: rotomwash
|-damage|p1a: rotomwash|22/100 tox
|drag|p1a: Tangrowth|Tangrowth, F|61/100 tox
|-damage|p1a: Tangrowth|48/100 tox|[from] Stealth Rock
|
|-heal|p2a: Garchomp|47/100|[from] item: Leftovers
|-damage|p1a: Tangrowth|42/100 tox|[from] psn
|upkeep
|turn|37
|
|t:|1667479423
|move|p1a: Tangrowth|Giga Drain|p2a: Garchomp
|-damage|p2a: Garchomp|25/100
|-heal|p1a: Tangrowth|53/100 tox|[from] drain|[of] p2a: Garchomp
|move|p2a: Garchomp|Dragon Tail|p1a: Tangrowth
|-damage|p1a: Tangrowth|40/100 tox
|-damage|p2a: Garchomp|8/100|[from] item: Rocky Helmet|[of] p1a: Tangrowth
|drag|p1a: rotomwash|Rotom-Wash|22/100 tox
|-damage|p1a: rotomwash|10/100 tox|[from] Stealth Rock
|
|-heal|p1a: rotomwash|16/100 tox|[from] item: Leftovers
|-heal|p2a: Garchomp|15/100|[from] item: Leftovers
|-damage|p1a: rotomwash|10/100 tox|[from] psn
|upkeep
|turn|38
|
|t:|1667479425
|move|p1a: rotomwash|Hydro Pump|p2a: Garchomp
|-damage|p2a: Garchomp|0 fnt
|faint|p2a: Garchomp
|
|-heal|p1a: rotomwash|16/100 tox|[from] item: Leftovers
|-damage|p1a: rotomwash|3/100 tox|[from] psn
|upkeep
|
|t:|1667479427
|switch|p2a: Kartana|Kartana|55/100
|-damage|p2a: Kartana|49/100|[from] Stealth Rock
|turn|39
|
|t:|1667479429
|switch|p1a: Tangrowth|Tangrowth, F|73/100 tox
|-damage|p1a: Tangrowth|61/100 tox|[from] Stealth Rock
|move|p2a: Kartana|Aerial Ace|p1a: Tangrowth
|-supereffective|p1a: Tangrowth
|-damage|p1a: Tangrowth|20/100 tox
|-damage|p2a: Kartana|32/100|[from] item: Rocky Helmet|[of] p1a: Tangrowth
|
|-damage|p1a: Tangrowth|14/100 tox|[from] psn
|upkeep
|turn|40
|
|t:|1667479430
|switch|p1a: rotomwash|Rotom-Wash|3/100 tox
|-damage|p1a: rotomwash|0 fnt|[from] Stealth Rock
|faint|p1a: rotomwash
|move|p2a: Kartana|Aerial Ace|p1: rotomwash|[notarget]
|-fail|p2a: Kartana
|
|upkeep
|
|t:|1667479430
|switch|p1a: Heatran|Heatran, M|39/100
|-damage|p1a: Heatran|27/100|[from] Stealth Rock
|turn|41
|
|t:|1667479432
|move|p2a: Kartana|Aerial Ace|p1a: Heatran
|-resisted|p1a: Heatran
|-crit|p1a: Heatran
|-damage|p1a: Heatran|0 fnt
|faint|p1a: Heatran
|-ability|p2a: Kartana|Beast Boost|boost
|-boost|p2a: Kartana|atk|1
|
|upkeep
|
|t:|1667479432
|switch|p1a: Tangrowth|Tangrowth, F|47/100 tox
|-damage|p1a: Tangrowth|34/100 tox|[from] Stealth Rock
|turn|42
|
|t:|1667479434
|move|p2a: Kartana|Aerial Ace|p1a: Tangrowth
|-supereffective|p1a: Tangrowth
|-damage|p1a: Tangrowth|0 fnt
|-damage|p2a: Kartana|16/100|[from] item: Rocky Helmet|[of] p1a: Tangrowth
|faint|p1a: Tangrowth
|
|win|AlphaTherai
|raw|minimax_ai's rating: 1594 &rarr; <strong>1577</strong><br />(-17 for losing)
|raw|AlphaTherai's rating: 1651 &rarr; <strong>1668</strong><br />(+17 for winning)
|c|☆minimax_ai|gg
|l|☆minimax_ai
