|j|☆quixana
|j|☆mangostein
|t:|1665182621
|gametype|singles
|player|p1|quixana|ethan-pokeathlon|1759
|player|p2|mangostein|flannery|1855
|teamsize|p1|6
|teamsize|p2|6
|gen|8
|tier|[Gen 8] OU
|rated|
|rule|Sleep Clause Mod: Limit one foe put to sleep
|rule|Species Clause: Limit one of each Pokémon
|rule|OHKO Clause: OHKO moves are banned
|rule|Evasion Items Clause: Evasion items are banned
|rule|Evasion Moves Clause: Evasion moves are banned
|rule|Endless Battle Clause: Forcing endless battles is banned
|rule|HP Percentage Mod: HP is shown in percentages
|rule|Dynamax Clause: You cannot dynamax
|clearpoke
|poke|p1|Snorlax, F|
|poke|p1|Weavile, F|
|poke|p1|Buzzwole|
|poke|p1|Tapu Lele|
|poke|p1|Seismitoad, F|
|poke|p1|Corviknight, F|
|poke|p2|Reuniclus, M|
|poke|p2|Hippowdon, M|
|poke|p2|Corviknight, F|
|poke|p2|Toxapex, F|
|poke|p2|Dragapult, F|
|poke|p2|Blissey, F|
|teampreview
|
|t:|1665182644
|start
|switch|p1a: Sanji|Corviknight, F|100/100
|switch|p2a: Toxapex|Toxapex, F|100/100
|-ability|p1a: Sanji|Pressure
|turn|1
|j| Matheus RW
|inactive|Battle timer is ON: inactive players will automatically lose when time's up. (requested by mangostein)
|
|t:|1665182689
|move|p1a: Sanji|U-turn|p2a: Toxapex
|-resisted|p2a: Toxapex
|-damage|p2a: Toxapex|96/100
|-damage|p1a: Sanji|84/100|[from] item: Rocky Helmet|[of] p2a: Toxapex
|
|t:|1665182692
|switch|p1a: Franky|Seismitoad, F|100/100|[from]move: U-turn
|move|p2a: Toxapex|Knock Off|p1a: Franky
|-damage|p1a: Franky|87/100
|-enditem|p1a: Franky|Leftovers|[from] move: Knock Off|[of] p2a: Toxapex
|
|upkeep
|turn|2
|inactive|mangostein has 120 seconds left.
|
|t:|1665182728
|move|p1a: Franky|Stealth Rock|p2a: Toxapex
|-sidestart|p2: mangostein|move: Stealth Rock
|move|p2a: Toxapex|Toxic Spikes|p1a: Franky
|-sidestart|p1: quixana|move: Toxic Spikes
|
|upkeep
|turn|3
|inactive|mangostein has 120 seconds left.
|
|t:|1665182734
|move|p1a: Franky|Earthquake|p2a: Toxapex
|-supereffective|p2a: Toxapex
|-damage|p2a: Toxapex|55/100
|move|p2a: Toxapex|Toxic Spikes|p1a: Franky
|-sidestart|p1: quixana|move: Toxic Spikes
|
|upkeep
|turn|4
|
|t:|1665182743
|switch|p2a: Reuniclus|Reuniclus, M|100/100
|move|p1a: Franky|Scald|p2a: Reuniclus
|-damage|p2a: Reuniclus|74/100
|-status|p2a: Reuniclus|brn
|
|upkeep
|turn|5
|
|t:|1665182753
|switch|p1a: Zoro|Weavile, F|100/100
|-ability|p1a: Zoro|Pressure
|move|p2a: Reuniclus|Psyshock|p1a: Zoro
|-immune|p1a: Zoro
|
|upkeep
|turn|6
|
|t:|1665182762
|switch|p2a: Toxapex|Toxapex, F|88/100
|-damage|p2a: Toxapex|75/100|[from] Stealth Rock
|move|p1a: Zoro|Knock Off|p2a: Toxapex
|-damage|p2a: Toxapex|47/100
|-damage|p1a: Zoro|84/100|[from] item: Rocky Helmet|[of] p2a: Toxapex
|-enditem|p2a: Toxapex|Rocky Helmet|[from] move: Knock Off|[of] p1a: Zoro
|
|upkeep
|turn|7
|
|t:|1665182791
|switch|p1a: Sanji|Corviknight, F|84/100
|-ability|p1a: Sanji|Pressure
|move|p2a: Toxapex|Recover|p2a: Toxapex
|-heal|p2a: Toxapex|97/100
|
|upkeep
|turn|8
|
|t:|1665182795
|switch|p2a: Reuniclus|Reuniclus, M|74/100 brn
|move|p1a: Sanji|Defog|p2a: Reuniclus
|-unboost|p2a: Reuniclus|evasion|1
|-sideend|p2: mangostein|Stealth Rock|[from] move: Defog|[of] p1a: Sanji
|-sideend|p1: quixana|Toxic Spikes|[from] move: Defog|[of] p1a: Sanji
|
|upkeep
|turn|9
|
|t:|1665182803
|move|p2a: Reuniclus|Recover|p2a: Reuniclus
|-heal|p2a: Reuniclus|100/100 brn
|move|p1a: Sanji|U-turn|p2a: Reuniclus
|-supereffective|p2a: Reuniclus
|-damage|p2a: Reuniclus|65/100 brn
|
|t:|1665182812
|switch|p1a: Robin|Tapu Lele|100/100|[from]move: U-turn
|-fieldstart|move: Psychic Terrain|[from] ability: Psychic Surge|[of] p1a: Robin
|
|upkeep
|turn|10
|
|t:|1665182816
|switch|p2a: Corviknight|Corviknight, F|100/100
|-ability|p2a: Corviknight|Pressure
|move|p1a: Robin|Future Sight|p2a: Corviknight
|-start|p1a: Robin|move: Future Sight
|
|upkeep
|turn|11
|
|t:|1665182836
|switch|p1a: Usopp|Buzzwole|100/100
|move|p2a: Corviknight|U-turn|p1a: Usopp
|-resisted|p1a: Usopp
|-damage|p1a: Usopp|95/100
|
|t:|1665182854
|switch|p2a: Dragapult|Dragapult, F|100/100|[from]move: U-turn
|
|upkeep
|turn|12
|
|t:|1665182864
|switch|p2a: Corviknight|Corviknight, F|100/100
|-ability|p2a: Corviknight|Pressure
|switch|p1a: Sanji|Corviknight, F|84/100
|-ability|p1a: Sanji|Pressure
|
|-end|p2a: Corviknight|move: Future Sight
|-resisted|p2a: Corviknight
|-damage|p2a: Corviknight|65/100
|-heal|p2a: Corviknight|71/100|[from] item: Leftovers
|upkeep
|turn|13
|
|t:|1665182874
|move|p2a: Corviknight|Body Press|p1a: Sanji
|-damage|p1a: Sanji|69/100
|-damage|p2a: Corviknight|55/100|[from] item: Rocky Helmet|[of] p1a: Sanji
|move|p1a: Sanji|U-turn|p2a: Corviknight
|-resisted|p2a: Corviknight
|-damage|p2a: Corviknight|53/100
|j| bot_easy69
|inactive|quixana has 120 seconds left.
|
|t:|1665182905
|switch|p1a: Snorlax|Snorlax, F, shiny|100/100|[from]move: U-turn
|
|-heal|p2a: Corviknight|59/100|[from] item: Leftovers
|-fieldend|move: Psychic Terrain
|upkeep
|turn|14
|inactive|quixana has 120 seconds left.
|
|t:|1665182919
|move|p2a: Corviknight|Roost|p2a: Corviknight
|-heal|p2a: Corviknight|100/100
|-singleturn|p2a: Corviknight|move: Roost
|move|p1a: Snorlax|Belly Drum|p1a: Snorlax
|-damage|p1a: Snorlax|50/100
|-setboost|p1a: Snorlax|atk|6|[from] move: Belly Drum
|
|upkeep
|turn|15
|inactive|quixana has 120 seconds left.
|-enditem|p1a: Snorlax|Custap Berry|[eat]
|-activate|p1a: Snorlax|item: Custap Berry|[consumed]
|
|t:|1665182933
|move|p1a: Snorlax|Heat Crash|p2a: Corviknight
|-supereffective|p2a: Corviknight
|-damage|p2a: Corviknight|0 fnt
|faint|p2a: Corviknight
|
|upkeep
|c|☆mangostein|ayy yooo
|
|t:|1665182948
|switch|p2a: Dragapult|Dragapult, F|100/100
|turn|16
|
|t:|1665182951
|move|p2a: Dragapult|Draco Meteor|p1a: Snorlax
|-damage|p1a: Snorlax|8/100
|-unboost|p2a: Dragapult|spa|2
|move|p1a: Snorlax|Earthquake|p2a: Dragapult
|-damage|p2a: Dragapult|0 fnt
|faint|p2a: Dragapult
|
|upkeep
|
|t:|1665182959
|switch|p2a: Reuniclus|Reuniclus, M|65/100 brn
|turn|17
|
|t:|1665182963
|move|p2a: Reuniclus|Psyshock|p1a: Snorlax
|-damage|p1a: Snorlax|0 fnt
|faint|p1a: Snorlax
|
|upkeep
|
|t:|1665182990
|switch|p1a: Usopp|Buzzwole|95/100
|turn|18
|
|t:|1665182997
|move|p1a: Usopp|Earthquake|p2a: Reuniclus
|-damage|p2a: Reuniclus|2/100 brn
|move|p2a: Reuniclus|Psyshock|p1a: Usopp
|-supereffective|p1a: Usopp
|-damage|p1a: Usopp|4/100
|
|upkeep
|turn|19
|j| emo705
|inactive|quixana has 120 seconds left.
|inactive|quixana has 90 seconds left.
|
|t:|1665183049
|switch|p1a: Zoro|Weavile, F|84/100
|-ability|p1a: Zoro|Pressure
|switch|p2a: Hippowdon|Hippowdon, M|100/100
|-weather|Sandstorm|[from] ability: Sand Stream|[of] p2a: Hippowdon
|
|-weather|Sandstorm|[upkeep]
|-damage|p1a: Zoro|78/100|[from] Sandstorm
|upkeep
|turn|20
|inactive|quixana has 90 seconds left.
|
|t:|1665183061
|switch|p1a: Sanji|Corviknight, F|69/100
|-ability|p1a: Sanji|Pressure
|move|p2a: Hippowdon|Stealth Rock|p1a: Sanji
|-sidestart|p1: quixana|move: Stealth Rock
|
|-weather|Sandstorm|[upkeep]
|upkeep
|turn|21
|
|t:|1665183067
|switch|p2a: Toxapex|Toxapex, F|100/100
|move|p1a: Sanji|Defog|p2a: Toxapex
|-unboost|p2a: Toxapex|evasion|1
|-sideend|p1: quixana|Stealth Rock|[from] move: Defog|[of] p1a: Sanji
|
|-weather|Sandstorm|[upkeep]
|-damage|p2a: Toxapex|94/100|[from] Sandstorm
|upkeep
|turn|22
|
|t:|1665183073
|move|p1a: Sanji|U-turn|p2a: Toxapex
|-resisted|p2a: Toxapex
|-damage|p2a: Toxapex|90/100
|
|t:|1665183076
|switch|p1a: Robin|Tapu Lele|100/100|[from]move: U-turn
|-fieldstart|move: Psychic Terrain|[from] ability: Psychic Surge|[of] p1a: Robin
|move|p2a: Toxapex|Toxic Spikes|p1a: Robin
|-sidestart|p1: quixana|move: Toxic Spikes
|
|-weather|Sandstorm|[upkeep]
|-damage|p1a: Robin|94/100|[from] Sandstorm
|-damage|p2a: Toxapex|84/100|[from] Sandstorm
|upkeep
|turn|23
|
|t:|1665183085
|switch|p2a: Hippowdon|Hippowdon, M|100/100
|move|p1a: Robin|Psyshock|p2a: Hippowdon
|-damage|p2a: Hippowdon|62/100
|
|-weather|none
|-heal|p2a: Hippowdon|68/100|[from] item: Leftovers
|upkeep
|turn|24
|l| Matheus RW
|
|t:|1665183092
|switch|p1a: Sanji|Corviknight, F|69/100
|-ability|p1a: Sanji|Pressure
|move|p2a: Hippowdon|Slack Off|p2a: Hippowdon
|-heal|p2a: Hippowdon|100/100
|
|upkeep
|turn|25
|
|t:|1665183098
|move|p2a: Hippowdon|Stealth Rock|p1a: Sanji
|-sidestart|p1: quixana|move: Stealth Rock
|move|p1a: Sanji|Defog|p2a: Hippowdon
|-unboost|p2a: Hippowdon|evasion|1
|-sideend|p1: quixana|Toxic Spikes|[from] move: Defog|[of] p1a: Sanji
|-sideend|p1: quixana|Stealth Rock|[from] move: Defog|[of] p1a: Sanji
|-fieldend|move: Psychic Terrain
|
|upkeep
|turn|26
|
|t:|1665183113
|move|p2a: Hippowdon|Stealth Rock|p1a: Sanji
|-sidestart|p1: quixana|move: Stealth Rock
|move|p1a: Sanji|Roost|p1a: Sanji
|-heal|p1a: Sanji|100/100
|-singleturn|p1a: Sanji|move: Roost
|
|upkeep
|turn|27
|
|t:|1665183117
|switch|p2a: Reuniclus|Reuniclus, M|2/100 brn
|move|p1a: Sanji|Defog|p2a: Reuniclus
|-unboost|p2a: Reuniclus|evasion|1
|-sideend|p1: quixana|Stealth Rock|[from] move: Defog|[of] p1a: Sanji
|
|upkeep
|turn|28
|
|t:|1665183121
|move|p2a: Reuniclus|Recover|p2a: Reuniclus
|-heal|p2a: Reuniclus|52/100 brn
|move|p1a: Sanji|U-turn|p2a: Reuniclus
|-supereffective|p2a: Reuniclus
|-damage|p2a: Reuniclus|17/100 brn
|
|t:|1665183126
|switch|p1a: Usopp|Buzzwole|4/100|[from]move: U-turn
|
|upkeep
|turn|29
|
|t:|1665183132
|switch|p2a: Toxapex|Toxapex, F|100/100
|move|p1a: Usopp|Leech Life|p2a: Toxapex
|-resisted|p2a: Toxapex
|-damage|p2a: Toxapex|82/100
|-heal|p1a: Usopp|13/100|[from] drain|[of] p2a: Toxapex
|
|upkeep
|turn|30
|
|t:|1665183137
|switch|p1a: Sanji|Corviknight, F|100/100
|-ability|p1a: Sanji|Pressure
|switch|p2a: Reuniclus|Reuniclus, M|17/100 brn
|
|upkeep
|turn|31
|
|t:|1665183141
|move|p2a: Reuniclus|Recover|p2a: Reuniclus
|-heal|p2a: Reuniclus|67/100 brn
|move|p1a: Sanji|U-turn|p2a: Reuniclus
|-supereffective|p2a: Reuniclus
|-damage|p2a: Reuniclus|32/100 brn
|
|t:|1665183147
|switch|p1a: Usopp|Buzzwole|13/100|[from]move: U-turn
|
|upkeep
|turn|32
|
|t:|1665183165
|switch|p2a: Toxapex|Toxapex, F|100/100
|move|p1a: Usopp|Leech Life|p2a: Toxapex
|-resisted|p2a: Toxapex
|-damage|p2a: Toxapex|82/100
|-heal|p1a: Usopp|20/100|[from] drain|[of] p2a: Toxapex
|
|upkeep
|turn|33
|
|t:|1665183170
|switch|p1a: Sanji|Corviknight, F|100/100
|-ability|p1a: Sanji|Pressure
|move|p2a: Toxapex|Toxic Spikes|p1a: Sanji
|-sidestart|p1: quixana|move: Toxic Spikes
|
|upkeep
|turn|34
|
|t:|1665183174
|move|p1a: Sanji|Defog|p2a: Toxapex
|-unboost|p2a: Toxapex|evasion|1
|-sideend|p1: quixana|Toxic Spikes|[from] move: Defog|[of] p1a: Sanji
|move|p2a: Toxapex|Knock Off|p1a: Sanji
|-damage|p1a: Sanji|92/100
|-damage|p2a: Toxapex|66/100|[from] item: Rocky Helmet|[of] p1a: Sanji
|-enditem|p1a: Sanji|Rocky Helmet|[from] move: Knock Off|[of] p2a: Toxapex
|
|upkeep
|turn|35
|
|t:|1665183184
|move|p1a: Sanji|Brave Bird|p2a: Toxapex
|-damage|p2a: Toxapex|43/100
|-damage|p1a: Sanji|86/100|[from] Recoil
|move|p2a: Toxapex|Toxic Spikes|p1a: Sanji
|-sidestart|p1: quixana|move: Toxic Spikes
|
|upkeep
|turn|36
|
|t:|1665183188
|switch|p2a: Reuniclus|Reuniclus, M|32/100 brn
|move|p1a: Sanji|Defog|p2a: Reuniclus
|-unboost|p2a: Reuniclus|evasion|1
|-sideend|p1: quixana|Toxic Spikes|[from] move: Defog|[of] p1a: Sanji
|
|upkeep
|turn|37
|
|t:|1665183202
|move|p2a: Reuniclus|Recover|p2a: Reuniclus
|-heal|p2a: Reuniclus|82/100 brn
|move|p1a: Sanji|U-turn|p2a: Reuniclus
|-supereffective|p2a: Reuniclus
|-damage|p2a: Reuniclus|48/100 brn
|
|t:|1665183207
|switch|p1a: Usopp|Buzzwole|20/100|[from]move: U-turn
|
|upkeep
|turn|38
|
|t:|1665183220
|switch|p2a: Hippowdon|Hippowdon, M|100/100
|-weather|Sandstorm|[from] ability: Sand Stream|[of] p2a: Hippowdon
|move|p1a: Usopp|Earthquake|p2a: Hippowdon
|-damage|p2a: Hippowdon|62/100
|
|-weather|Sandstorm|[upkeep]
|-damage|p1a: Usopp|14/100|[from] Sandstorm
|-heal|p2a: Hippowdon|68/100|[from] item: Leftovers
|upkeep
|turn|39
|
|t:|1665183231
|switch|p1a: Sanji|Corviknight, F|86/100
|-ability|p1a: Sanji|Pressure
|move|p2a: Hippowdon|Slack Off|p2a: Hippowdon
|-heal|p2a: Hippowdon|100/100
|
|-weather|Sandstorm|[upkeep]
|upkeep
|turn|40
|
|t:|1665183237
|move|p2a: Hippowdon|Stealth Rock|p1a: Sanji
|-sidestart|p1: quixana|move: Stealth Rock
|move|p1a: Sanji|Brave Bird|p2a: Hippowdon
|-damage|p2a: Hippowdon|74/100
|-damage|p1a: Sanji|77/100|[from] Recoil
|
|-weather|Sandstorm|[upkeep]
|-heal|p2a: Hippowdon|80/100|[from] item: Leftovers
|upkeep
|turn|41
|
|t:|1665183242
|move|p2a: Hippowdon|Slack Off|p2a: Hippowdon
|-heal|p2a: Hippowdon|100/100
|move|p1a: Sanji|Defog|p2a: Hippowdon
|-unboost|p2a: Hippowdon|evasion|1
|-sideend|p1: quixana|Stealth Rock|[from] move: Defog|[of] p1a: Sanji
|
|-weather|Sandstorm|[upkeep]
|upkeep
|turn|42
|
|t:|1665183257
|switch|p1a: Franky|Seismitoad, F|87/100
|move|p2a: Hippowdon|Stealth Rock|p1a: Franky
|-sidestart|p1: quixana|move: Stealth Rock
|
|-weather|none
|upkeep
|turn|43
|
|t:|1665183266
|switch|p2a: Blissey|Blissey, F|100/100
|move|p1a: Franky|Earthquake|p2a: Blissey
|-damage|p2a: Blissey|74/100
|
|upkeep
|turn|44
|
|t:|1665183270
|move|p1a: Franky|Stealth Rock|p2a: Blissey
|-sidestart|p2: mangostein|move: Stealth Rock
|move|p2a: Blissey|Seismic Toss|p1a: Franky
|-damage|p1a: Franky|63/100
|
|upkeep
|turn|45
|
|t:|1665183282
|switch|p1a: Sanji|Corviknight, F|77/100
|-damage|p1a: Sanji|65/100|[from] Stealth Rock
|-ability|p1a: Sanji|Pressure
|move|p2a: Blissey|Teleport|p2a: Blissey
|
|t:|1665183283
|switch|p2a: Reuniclus|Reuniclus, M|48/100 brn|[from]move: Teleport
|
|upkeep
|turn|46
|
|t:|1665183288
|move|p2a: Reuniclus|Thunder|p1a: Sanji
|-supereffective|p1a: Sanji
|-damage|p1a: Sanji|0 fnt
|faint|p1a: Sanji
|
|upkeep
|j| Matheus RW
|
|t:|1665183314
|switch|p1a: Usopp|Buzzwole|14/100
|-damage|p1a: Usopp|2/100|[from] Stealth Rock
|turn|47
|
|t:|1665183333
|switch|p2a: Blissey|Blissey, F|74/100
|move|p1a: Usopp|Close Combat|p2a: Blissey
|-supereffective|p2a: Blissey
|-damage|p2a: Blissey|0 fnt
|-unboost|p1a: Usopp|def|1
|-unboost|p1a: Usopp|spd|1
|faint|p2a: Blissey
|-ability|p1a: Usopp|Beast Boost|boost
|-boost|p1a: Usopp|atk|1
|
|upkeep
|j| zigzaglightning
|
|t:|1665183340
|switch|p2a: Toxapex|Toxapex, F|76/100
|-damage|p2a: Toxapex|63/100|[from] Stealth Rock
|turn|48
|
|t:|1665183346
|move|p1a: Usopp|Close Combat|p2a: Toxapex
|-resisted|p2a: Toxapex
|-damage|p2a: Toxapex|22/100
|-unboost|p1a: Usopp|def|1
|-unboost|p1a: Usopp|spd|1
|move|p2a: Toxapex|Recover|p2a: Toxapex
|-heal|p2a: Toxapex|72/100
|
|upkeep
|turn|49
|
|t:|1665183357
|move|p1a: Usopp|Close Combat|p2a: Toxapex
|-resisted|p2a: Toxapex
|-damage|p2a: Toxapex|30/100
|-unboost|p1a: Usopp|def|1
|-unboost|p1a: Usopp|spd|1
|move|p2a: Toxapex|Recover|p2a: Toxapex
|-heal|p2a: Toxapex|80/100
|
|upkeep
|turn|50
|
|t:|1665183362
|move|p1a: Usopp|Close Combat|p2a: Toxapex
|-resisted|p2a: Toxapex
|-damage|p2a: Toxapex|34/100
|-unboost|p1a: Usopp|def|1
|-unboost|p1a: Usopp|spd|1
|move|p2a: Toxapex|Recover|p2a: Toxapex
|-heal|p2a: Toxapex|84/100
|
|upkeep
|turn|51
|
|t:|1665183366
|move|p1a: Usopp|Close Combat|p2a: Toxapex
|-resisted|p2a: Toxapex
|-damage|p2a: Toxapex|36/100
|-unboost|p1a: Usopp|def|1
|-unboost|p1a: Usopp|spd|1
|move|p2a: Toxapex|Haze|p2a: Toxapex
|-clearallboost
|
|upkeep
|turn|52
|
|t:|1665183380
|switch|p1a: Robin|Tapu Lele|94/100
|-damage|p1a: Robin|82/100|[from] Stealth Rock
|-fieldstart|move: Psychic Terrain|[from] ability: Psychic Surge|[of] p1a: Robin
|move|p2a: Toxapex|Toxic Spikes|p1a: Robin
|-sidestart|p1: quixana|move: Toxic Spikes
|
|upkeep
|turn|53
|
|t:|1665183386
|switch|p2a: Hippowdon|Hippowdon, M|100/100
|-damage|p2a: Hippowdon|94/100|[from] Stealth Rock
|-weather|Sandstorm|[from] ability: Sand Stream|[of] p2a: Hippowdon
|move|p1a: Robin|Future Sight|p2a: Hippowdon
|-start|p1a: Robin|move: Future Sight
|
|-weather|Sandstorm|[upkeep]
|-damage|p1a: Robin|76/100|[from] Sandstorm
|-heal|p2a: Hippowdon|100/100|[from] item: Leftovers
|upkeep
|turn|54
|
|t:|1665183395
|switch|p1a: Usopp|Buzzwole|2/100
|-damage|p1a: Usopp|0 fnt|[from] Stealth Rock
|faint|p1a: Usopp
|switch|p2a: Toxapex|Toxapex, F|70/100
|-damage|p2a: Toxapex|57/100|[from] Stealth Rock
|
|-weather|Sandstorm|[upkeep]
|-damage|p2a: Toxapex|51/100|[from] Sandstorm
|upkeep
|
|t:|1665183410
|switch|p1a: Zoro|Weavile, F|78/100
|-ability|p1a: Zoro|Pressure
|turn|55
|
|t:|1665183428
|switch|p2a: Reuniclus|Reuniclus, M|48/100 brn
|move|p1a: Zoro|Triple Axel|p2a: Reuniclus
|-damage|p2a: Reuniclus|36/100 brn
|-damage|p2a: Reuniclus|12/100 brn
|-damage|p2a: Reuniclus|0 fnt
|faint|p2a: Reuniclus
|-hitcount|p2: Reuniclus|3
|
|-weather|Sandstorm|[upkeep]
|-damage|p1a: Zoro|72/100|[from] Sandstorm
|-hint|Future Sight did not hit because the target is fainted.
|upkeep
|
|t:|1665183435
|switch|p2a: Toxapex|Toxapex, F|84/100
|-damage|p2a: Toxapex|72/100|[from] Stealth Rock
|turn|56
|inactive|quixana has 120 seconds left.
|
|t:|1665183467
|switch|p1a: Robin|Tapu Lele|76/100
|-damage|p1a: Robin|63/100|[from] Stealth Rock
|-status|p1a: Robin|psn
|move|p2a: Toxapex|Recover|p2a: Toxapex
|-heal|p2a: Toxapex|100/100
|
|-weather|Sandstorm|[upkeep]
|-damage|p1a: Robin|57/100 psn|[from] Sandstorm
|-damage|p2a: Toxapex|94/100|[from] Sandstorm
|-damage|p1a: Robin|45/100 psn|[from] psn
|-fieldend|move: Psychic Terrain
|upkeep
|turn|57
|
|t:|1665183479
|move|p1a: Robin|Future Sight|p2a: Toxapex
|-start|p1a: Robin|move: Future Sight
|move|p2a: Toxapex|Knock Off|p1a: Robin
|-damage|p1a: Robin|23/100 psn
|-enditem|p1a: Robin|Choice Scarf|[from] move: Knock Off|[of] p2a: Toxapex
|
|-weather|none
|-damage|p1a: Robin|10/100 psn|[from] psn
|upkeep
|turn|58
|
|t:|1665183487
|switch|p2a: Hippowdon|Hippowdon, M|100/100
|-damage|p2a: Hippowdon|94/100|[from] Stealth Rock
|-weather|Sandstorm|[from] ability: Sand Stream|[of] p2a: Hippowdon
|move|p1a: Robin|Psyshock|p2a: Hippowdon
|-damage|p2a: Hippowdon|66/100
|
|-weather|Sandstorm|[upkeep]
|-damage|p1a: Robin|4/100 psn|[from] Sandstorm
|-heal|p2a: Hippowdon|72/100|[from] item: Leftovers
|-damage|p1a: Robin|0 fnt|[from] psn
|faint|p1a: Robin
|upkeep
|
|t:|1665183497
|switch|p1a: Zoro|Weavile, F|72/100
|-ability|p1a: Zoro|Pressure
|turn|59
|
|t:|1665183505
|move|p1a: Zoro|Triple Axel|p2a: Hippowdon|[miss]
|-miss|p1a: Zoro|p2a: Hippowdon
|move|p2a: Hippowdon|Toxic|p1a: Zoro
|-status|p1a: Zoro|tox
|
|-weather|Sandstorm|[upkeep]
|-damage|p1a: Zoro|66/100 tox|[from] Sandstorm
|-end|p2a: Hippowdon|move: Future Sight
|-damage|p2a: Hippowdon|23/100
|-heal|p2a: Hippowdon|30/100|[from] item: Leftovers
|-damage|p1a: Zoro|60/100 tox|[from] psn
|upkeep
|turn|60
|c|☆quixana|gg
|-message|quixana forfeited.
|
|win|mangostein
|raw|quixana's rating: 1759 &rarr; <strong>1744</strong><br />(-15 for losing)
|raw|mangostein's rating: 1855 &rarr; <strong>1870</strong><br />(+15 for winning)
|c|☆mangostein|gg
