|j|☆Psyc0x
|j|☆Bloody Busybody
|t:|1659436730
|gametype|singles
|player|p1|Psyc0x|lance|1669
|player|p2|Bloody Busybody|bugcatcher|1680
|teamsize|p1|6
|teamsize|p2|6
|gen|8
|tier|[Gen 8] OU
|rated|
|rule|Sleep Clause Mod: Limit one foe put to sleep
|rule|Species Clause: Limit one of each Pokémon
|rule|OHKO Clause: OHKO moves are banned
|rule|Evasion Moves Clause: Evasion moves are banned
|rule|Endless Battle Clause: Forcing endless battles is banned
|rule|HP Percentage Mod: HP is shown in percentages
|rule|Dynamax Clause: You cannot dynamax
|clearpoke
|poke|p1|Gastrodon-East, M|
|poke|p1|Ferrothorn, F|
|poke|p1|Clefable, M|
|poke|p1|Zapdos|
|poke|p1|Dragapult, M|
|poke|p1|Weavile, F|
|poke|p2|Volcanion|
|poke|p2|Corviknight, F|
|poke|p2|Mamoswine, M|
|poke|p2|Blissey, F|
|poke|p2|Rillaboom, F|
|poke|p2|Hydreigon, M|
|teampreview
|inactive|Battle timer is ON: inactive players will automatically lose when time's up. (requested by Bloody Busybody)
|j| forfeitero
|
|t:|1659436738
|start
|switch|p1a: Ferrothorn|Ferrothorn, F|100/100
|switch|p2a: Rillaboom|Rillaboom, F|100/100
|-fieldstart|move: Grassy Terrain|[from] ability: Grassy Surge|[of] p2a: Rillaboom
|turn|1
|l| forfeitero
|
|t:|1659436744
|move|p2a: Rillaboom|Knock Off|p1a: Ferrothorn
|-crit|p1a: Ferrothorn
|-damage|p1a: Ferrothorn|53/100
|-damage|p2a: Rillaboom|88/100|[from] ability: Iron Barbs|[of] p1a: Ferrothorn
|-damage|p2a: Rillaboom|72/100|[from] item: Rocky Helmet|[of] p1a: Ferrothorn
|-enditem|p1a: Ferrothorn|Rocky Helmet|[from] move: Knock Off|[of] p2a: Rillaboom
|move|p1a: Ferrothorn|Stealth Rock|p2a: Rillaboom
|-sidestart|p2: Bloody Busybody|move: Stealth Rock
|
|-heal|p2a: Rillaboom|78/100|[from] Grassy Terrain
|-heal|p1a: Ferrothorn|59/100|[from] Grassy Terrain
|upkeep
|turn|2
|
|t:|1659436758
|switch|p2a: Corviknight|Corviknight, F|100/100
|-damage|p2a: Corviknight|88/100|[from] Stealth Rock
|-ability|p2a: Corviknight|Pressure
|move|p1a: Ferrothorn|Leech Seed|p2a: Corviknight
|-start|p2a: Corviknight|move: Leech Seed
|
|-heal|p1a: Ferrothorn|66/100|[from] Grassy Terrain
|-damage|p2a: Corviknight|76/100|[from] Leech Seed|[of] p1a: Ferrothorn
|-heal|p1a: Ferrothorn|79/100|[silent]
|upkeep
|turn|3
|
|t:|1659436767
|move|p1a: Ferrothorn|Protect|p1a: Ferrothorn
|-singleturn|p1a: Ferrothorn|Protect
|move|p2a: Corviknight|Defog|p1a: Ferrothorn
|-activate|p1a: Ferrothorn|move: Protect
|
|-heal|p1a: Ferrothorn|86/100|[from] Grassy Terrain
|-damage|p2a: Corviknight|64/100|[from] Leech Seed|[of] p1a: Ferrothorn
|-heal|p1a: Ferrothorn|99/100|[silent]
|upkeep
|turn|4
|
|t:|1659436780
|switch|p1a: Clefable|Clefable, M|100/100
|move|p2a: Corviknight|Defog|p1a: Clefable
|-unboost|p1a: Clefable|evasion|1
|-sideend|p2: Bloody Busybody|Stealth Rock|[from] move: Defog|[of] p2a: Corviknight
|-fieldend|move: Grassy Terrain
|
|-damage|p2a: Corviknight|51/100|[from] Leech Seed|[of] p1a: Clefable
|upkeep
|turn|5
|
|t:|1659436787
|move|p2a: Corviknight|Roost|p2a: Corviknight
|-heal|p2a: Corviknight|100/100
|-singleturn|p2a: Corviknight|move: Roost
|move|p1a: Clefable|Trick|p2a: Corviknight
|-activate|p1a: Clefable|move: Trick|[of] p2a: Corviknight
|-item|p2a: Corviknight|Sticky Barb|[from] move: Trick
|-item|p1a: Clefable|Rocky Helmet|[from] move: Trick
|
|-damage|p2a: Corviknight|88/100|[from] Leech Seed|[of] p1a: Clefable
|-damage|p2a: Corviknight|76/100|[from] item: Sticky Barb
|upkeep
|turn|6
|
|t:|1659436800
|switch|p2a: Volcanion|Volcanion|100/100
|switch|p1a: Ferrothorn|Ferrothorn, F|99/100
|
|upkeep
|turn|7
|
|t:|1659436816
|move|p1a: Ferrothorn|Protect|p1a: Ferrothorn
|-singleturn|p1a: Ferrothorn|Protect
|move|p2a: Volcanion|Fire Blast|p1a: Ferrothorn
|-activate|p1a: Ferrothorn|move: Protect
|
|upkeep
|turn|8
|
|t:|1659436822
|switch|p2a: Blissey|Blissey, F|100/100
|switch|p1a: Gastrodon|Gastrodon-East, M|100/100
|
|upkeep
|turn|9
|
|t:|1659436829
|switch|p1a: Ferrothorn|Ferrothorn, F|99/100
|move|p2a: Blissey|Toxic|p1a: Ferrothorn
|-immune|p1a: Ferrothorn
|
|upkeep
|turn|10
|
|t:|1659436835
|switch|p2a: Rillaboom|Rillaboom, F|78/100
|-fieldstart|move: Grassy Terrain|[from] ability: Grassy Surge|[of] p2a: Rillaboom
|move|p1a: Ferrothorn|Stealth Rock|p2a: Rillaboom
|-sidestart|p2: Bloody Busybody|move: Stealth Rock
|
|-heal|p2a: Rillaboom|84/100|[from] Grassy Terrain
|-heal|p1a: Ferrothorn|100/100|[from] Grassy Terrain
|upkeep
|turn|11
|
|t:|1659436846
|switch|p1a: Zapdos|Zapdos|100/100
|move|p2a: Rillaboom|U-turn|p1a: Zapdos
|-resisted|p1a: Zapdos
|-damage|p1a: Zapdos|84/100
|
|t:|1659436849
|switch|p2a: Hydreigon|Hydreigon, M|100/100|[from]move: U-turn
|-damage|p2a: Hydreigon|88/100|[from] Stealth Rock
|
|upkeep
|turn|12
|
|t:|1659436854
|switch|p1a: Gastrodon|Gastrodon-East, M|100/100
|move|p2a: Hydreigon|Dark Pulse|p1a: Gastrodon
|-damage|p1a: Gastrodon|66/100
|-damage|p2a: Hydreigon|78/100|[from] item: Life Orb
|
|-heal|p1a: Gastrodon|72/100|[from] Grassy Terrain
|-heal|p1a: Gastrodon|78/100|[from] item: Leftovers
|upkeep
|turn|13
|
|t:|1659436863
|move|p2a: Hydreigon|Nasty Plot|p2a: Hydreigon
|-boost|p2a: Hydreigon|spa|2
|move|p1a: Gastrodon|Toxic|p2a: Hydreigon
|-status|p2a: Hydreigon|tox
|
|-heal|p1a: Gastrodon|85/100|[from] Grassy Terrain
|-heal|p1a: Gastrodon|91/100|[from] item: Leftovers
|-damage|p2a: Hydreigon|72/100 tox|[from] psn
|upkeep
|turn|14
|
|t:|1659436874
|move|p2a: Hydreigon|Dark Pulse|p1a: Gastrodon
|-damage|p1a: Gastrodon|19/100
|-damage|p2a: Hydreigon|62/100 tox|[from] item: Life Orb
|cant|p1a: Gastrodon|flinch
|
|-heal|p1a: Gastrodon|25/100|[from] Grassy Terrain
|-heal|p1a: Gastrodon|31/100|[from] item: Leftovers
|-damage|p2a: Hydreigon|50/100 tox|[from] psn
|-fieldend|move: Grassy Terrain
|upkeep
|turn|15
|
|t:|1659436889
|switch|p1a: Clefable|Clefable, M|100/100
|move|p2a: Hydreigon|Dark Pulse|p1a: Clefable
|-resisted|p1a: Clefable
|-damage|p1a: Clefable|48/100
|-damage|p2a: Hydreigon|40/100 tox|[from] item: Life Orb
|
|-damage|p2a: Hydreigon|22/100 tox|[from] psn
|upkeep
|turn|16
|
|t:|1659436899
|move|p2a: Hydreigon|Dark Pulse|p1a: Clefable
|-resisted|p1a: Clefable
|-damage|p1a: Clefable|0 fnt
|faint|p1a: Clefable
|-damage|p2a: Hydreigon|12/100 tox|[from] item: Life Orb
|
|-damage|p2a: Hydreigon|0 fnt|[from] psn
|faint|p2a: Hydreigon
|upkeep
|
|t:|1659436914
|switch|p2a: Rillaboom|Rillaboom, F|84/100
|switch|p1a: Dragapult|Dragapult, M|100/100
|-damage|p2a: Rillaboom|72/100|[from] Stealth Rock
|-fieldstart|move: Grassy Terrain|[from] ability: Grassy Surge|[of] p2a: Rillaboom
|turn|17
|
|t:|1659436921
|switch|p2a: Corviknight|Corviknight, F|76/100
|-damage|p2a: Corviknight|64/100|[from] Stealth Rock
|-ability|p2a: Corviknight|Pressure
|move|p1a: Dragapult|U-turn|p2a: Corviknight
|-resisted|p2a: Corviknight
|-damage|p2a: Corviknight|61/100
|
|t:|1659436931
|switch|p1a: Zapdos|Zapdos|84/100|[from]move: U-turn
|
|-damage|p2a: Corviknight|49/100|[from] item: Sticky Barb
|upkeep
|turn|18
|
|t:|1659436939
|switch|p2a: Blissey|Blissey, F|100/100
|move|p1a: Zapdos|Volt Switch|p2a: Blissey
|-damage|p2a: Blissey|89/100
|
|t:|1659436949
|switch|p1a: Weavile|Weavile, F|100/100|[from]move: Volt Switch
|-ability|p1a: Weavile|Pressure
|
|-heal|p2a: Blissey|95/100|[from] Grassy Terrain
|upkeep
|turn|19
|
|t:|1659436960
|switch|p2a: Volcanion|Volcanion|100/100
|-damage|p2a: Volcanion|76/100|[from] Stealth Rock
|move|p1a: Weavile|Knock Off|p2a: Volcanion
|-damage|p2a: Volcanion|23/100
|-enditem|p2a: Volcanion|Choice Specs|[from] move: Knock Off|[of] p1a: Weavile
|
|-heal|p2a: Volcanion|29/100|[from] Grassy Terrain
|upkeep
|turn|20
|
|t:|1659436969
|move|p1a: Weavile|Knock Off|p2a: Volcanion
|-damage|p2a: Volcanion|0 fnt
|faint|p2a: Volcanion
|
|upkeep
|-message|Bloody Busybody forfeited.
|
|win|Psyc0x
|raw|Psyc0x's rating: 1669 &rarr; <strong>1690</strong><br />(+21 for winning)
|raw|Bloody Busybody's rating: 1680 &rarr; <strong>1659</strong><br />(-21 for losing)
|l|☆Bloody Busybody
