|j|☆galarian dragapult
|j|☆Makatuk
|t:|1637042317
|gametype|singles
|player|p1|galarian dragapult|265|1845
|player|p2|Makatuk|266|1773
|teamsize|p1|6
|teamsize|p2|6
|gen|8
|tier|[Gen 8] OU
|rated|
|rule|Sleep Clause Mod: Limit one foe put to sleep
|rule|Species Clause: Limit one of each Pokémon
|rule|OHKO Clause: OHKO moves are banned
|rule|Evasion Moves Clause: Evasion moves are banned
|rule|Endless Battle Clause: Forcing endless battles is banned
|rule|HP Percentage Mod: HP is shown in percentages
|rule|Dynamax Clause: You cannot dynamax
|clearpoke
|poke|p1|Corviknight, F|
|poke|p1|Dragapult, M|
|poke|p1|Blissey, F|
|poke|p1|Victini|
|poke|p1|Tapu Fini|
|poke|p1|Nidoking, M|
|poke|p2|Dragonite, F|
|poke|p2|Heatran, M|
|poke|p2|Rillaboom, M|
|poke|p2|Espeon, F|
|poke|p2|Urshifu-*, F|
|poke|p2|Regieleki|
|teampreview
|inactive|Battle timer is ON: inactive players will automatically lose when time's up. (requested by Makatuk)
|
|t:|1637042326
|start
|switch|p1a: Tapu Fini|Tapu Fini|100/100
|switch|p2a: DROGON|Dragonite, F|100/100
|-fieldstart|move: Misty Terrain|[from] ability: Misty Surge|[of] p1a: Tapu Fini
|turn|1
|
|t:|1637042328
|move|p1a: Tapu Fini|Trick|p2a: DROGON
|-activate|p1a: Tapu Fini|move: Trick|[of] p2a: DROGON
|-item|p2a: DROGON|Choice Scarf|[from] move: Trick
|-item|p1a: Tapu Fini|Expert Belt|[from] move: Trick
|move|p2a: DROGON|Thunderbolt|p1a: Tapu Fini
|-supereffective|p1a: Tapu Fini
|-damage|p1a: Tapu Fini|58/100
|
|upkeep
|turn|2
|j| Danibo123
|
|t:|1637042338
|switch|p2a: SNOOP|Urshifu-Rapid-Strike, F|100/100
|switch|p1a: Nidoking|Nidoking, M|100/100
|
|upkeep
|turn|3
|j| jeanmilapipe
|
|t:|1637042343
|switch|p1a: Tapu Fini|Tapu Fini|58/100
|move|p2a: SNOOP|Surging Strikes|p1a: Tapu Fini
|-resisted|p1a: Tapu Fini
|-crit|p1a: Tapu Fini
|-damage|p1a: Tapu Fini|51/100
|-resisted|p1a: Tapu Fini
|-crit|p1a: Tapu Fini
|-damage|p1a: Tapu Fini|45/100
|-resisted|p1a: Tapu Fini
|-crit|p1a: Tapu Fini
|-damage|p1a: Tapu Fini|37/100
|-hitcount|p1a: Tapu Fini|3
|
|upkeep
|turn|4
|
|t:|1637042359
|switch|p2a: DROGON|Dragonite, F|100/100
|move|p1a: Tapu Fini|Ice Beam|p2a: DROGON
|-supereffective|p2a: DROGON
|-damage|p2a: DROGON|60/100
|
|upkeep
|turn|5
|
|t:|1637042366
|switch|p1a: Blissey|Blissey, F|100/100
|move|p2a: DROGON|Ice Beam|p1a: Blissey
|-damage|p1a: Blissey|91/100
|
|-fieldend|Misty Terrain
|upkeep
|turn|6
|
|t:|1637042370
|switch|p2a: THANOS|Espeon, F|100/100
|move|p1a: Blissey|Teleport|p1a: Blissey
|
|t:|1637042373
|switch|p1a: Dragapult|Dragapult, M|100/100|[from]move: Teleport
|
|upkeep
|turn|7
|
|t:|1637042377
|switch|p2a: DROGON|Dragonite, F|60/100
|move|p1a: Dragapult|U-turn|p2a: DROGON
|-resisted|p2a: DROGON
|-damage|p2a: DROGON|41/100
|
|t:|1637042382
|switch|p1a: Blissey|Blissey, F|91/100|[from]move: U-turn
|
|upkeep
|turn|8
|
|t:|1637042386
|switch|p2a: HULK|Rillaboom, M|100/100
|-fieldstart|move: Grassy Terrain|[from] ability: Grassy Surge|[of] p2a: HULK
|move|p1a: Blissey|Seismic Toss|p2a: HULK
|-damage|p2a: HULK|72/100
|
|-heal|p2a: HULK|79/100|[from] Grassy Terrain
|-heal|p1a: Blissey|97/100|[from] Grassy Terrain
|upkeep
|turn|9
|
|t:|1637042394
|switch|p1a: Corviknight|Corviknight, F|100/100
|-ability|p1a: Corviknight|Pressure
|move|p2a: HULK|U-turn|p1a: Corviknight
|-resisted|p1a: Corviknight
|-damage|p1a: Corviknight|95/100
|-damage|p2a: HULK|62/100|[from] item: Rocky Helmet|[of] p1a: Corviknight
|-damage|p2a: HULK|52/100|[from] item: Life Orb
|
|t:|1637042397
|switch|p2a: THANOS|Espeon, F|100/100|[from]move: U-turn
|-enditem|p2a: THANOS|Grassy Seed
|-boost|p2a: THANOS|def|1|[from] item: Grassy Seed
|
|upkeep
|turn|10
|
|t:|1637042399
|move|p2a: THANOS|Calm Mind|p2a: THANOS
|-boost|p2a: THANOS|spa|1
|-boost|p2a: THANOS|spd|1
|move|p1a: Corviknight|U-turn|p2a: THANOS
|-supereffective|p2a: THANOS
|-damage|p2a: THANOS|83/100
|
|t:|1637042406
|switch|p1a: Dragapult|Dragapult, M|100/100|[from]move: U-turn
|
|-heal|p2a: THANOS|89/100|[from] Grassy Terrain
|upkeep
|turn|11
|
|t:|1637042410
|move|p1a: Dragapult|Phantom Force||[still]
|-prepare|p1a: Dragapult|Phantom Force
|move|p2a: THANOS|Dazzling Gleam|p1a: Dragapult|[miss]
|-miss|p2a: THANOS|p1a: Dragapult
|
|-heal|p2a: THANOS|95/100|[from] Grassy Terrain
|upkeep
|turn|12
|
|t:|1637042414
|move|p1a: Dragapult|Phantom Force|p2a: THANOS|[from]lockedmove
|-supereffective|p2a: THANOS
|-damage|p2a: THANOS|0 fnt
|faint|p2a: THANOS
|
|-fieldend|move: Grassy Terrain
|upkeep
|
|t:|1637042432
|switch|p2a: SNOOP|Urshifu-Rapid-Strike, F|100/100
|turn|13
|c|☆Makatuk|Bandapult?
|c|☆Makatuk|Nice
|j| netbattlernoob
|inactive|galarian dragapult has 120 seconds left.
|
|t:|1637042473
|switch|p1a: Tapu Fini|Tapu Fini|37/100
|-fieldstart|move: Misty Terrain|[from] ability: Misty Surge|[of] p1a: Tapu Fini
|move|p2a: SNOOP|Ice Punch|p1a: Tapu Fini
|-resisted|p1a: Tapu Fini
|-damage|p1a: Tapu Fini|28/100
|
|upkeep
|turn|14
|j| nklhiugyvtc
|
|t:|1637042481
|move|p2a: SNOOP|Surging Strikes|p1a: Tapu Fini
|-resisted|p1a: Tapu Fini
|-crit|p1a: Tapu Fini
|-damage|p1a: Tapu Fini|21/100
|-resisted|p1a: Tapu Fini
|-crit|p1a: Tapu Fini
|-damage|p1a: Tapu Fini|14/100
|-resisted|p1a: Tapu Fini
|-crit|p1a: Tapu Fini
|-damage|p1a: Tapu Fini|7/100
|-hitcount|p1a: Tapu Fini|3
|move|p1a: Tapu Fini|Ice Beam|p2a: SNOOP
|-resisted|p2a: SNOOP
|-damage|p2a: SNOOP|87/100
|
|upkeep
|turn|15
|
|t:|1637042487
|move|p2a: SNOOP|Surging Strikes|p1a: Tapu Fini
|-resisted|p1a: Tapu Fini
|-crit|p1a: Tapu Fini
|-damage|p1a: Tapu Fini|0 fnt
|faint|p1a: Tapu Fini
|-hitcount|p1: Tapu Fini|1
|
|upkeep
|
|t:|1637042493
|switch|p1a: Victini|Victini|100/100
|turn|16
|
|t:|1637042497
|move|p2a: SNOOP|Aqua Jet|p1a: Victini
|-supereffective|p1a: Victini
|-damage|p1a: Victini|58/100
|move|p1a: Victini|Thunder|p2a: SNOOP
|-supereffective|p2a: SNOOP
|-damage|p2a: SNOOP|0 fnt
|faint|p2a: SNOOP
|
|upkeep
|
|t:|1637042508
|switch|p2a: HULK|Rillaboom, M|52/100
|-fieldstart|move: Grassy Terrain|[from] ability: Grassy Surge|[of] p2a: HULK
|turn|17
|j| Sprite21
|j| xiaolongL
|
|t:|1637042520
|switch|p1a: Corviknight|Corviknight, F|95/100
|-ability|p1a: Corviknight|Pressure
|switch|p2a: SAN TRANSISCO|Heatran, M|100/100
|
|upkeep
|turn|18
|
|t:|1637042534
|switch|p2a: DR. STRANGE|Regieleki|100/100
|switch|p1a: Blissey|Blissey, F|97/100
|
|-heal|p1a: Blissey|100/100|[from] Grassy Terrain
|upkeep
|turn|19
|inactive|galarian dragapult has 120 seconds left.
|
|t:|1637042577
|move|p2a: DR. STRANGE|Electro Ball|p1a: Blissey
|-damage|p1a: Blissey|54/100
|move|p1a: Blissey|Soft-Boiled|p1a: Blissey
|-heal|p1a: Blissey|100/100
|
|upkeep
|turn|20
|j| gyptv
|c|☆Makatuk|Yep. Not getting past thag
|c|☆Makatuk|gg
|c|☆galarian dragapult|maybe crit
|inactive|Makatuk has 120 seconds left.
|inactive|Makatuk has 90 seconds left.
|c|☆Makatuk|Im here for the fun :/ spamming against blissey hoping for a crit doesnt sound fun
|c|☆Makatuk|gg m8, wp
|inactive|Makatuk has 60 seconds left.
|c|☆galarian dragapult|ty
|c|☆Makatuk|Anything but gg huh? Aiight bro
|c|☆Makatuk|Cya
|-message|Makatuk forfeited.
|
|win|galarian dragapult
|raw|galarian dragapult's rating: 1845 &rarr; <strong>1861</strong><br />(+16 for winning)
|raw|Makatuk's rating: 1773 &rarr; <strong>1757</strong><br />(-16 for losing)
|l|☆Makatuk
|c|☆galarian dragapult|gg :)
|l|☆galarian dragapult
|l| Danibo123
|l| Sprite21
|l| jeanmilapipe
|j| jeanmilapipe
|l| gyptv
|l| xiaolongL
|j| xiaolongL
|l| xiaolongL
