|j|☆greatalex
|j|☆d18l
|t:|1667969194
|gametype|singles
|player|p1|greatalex|1|1708
|player|p2|d18l|backpacker|1756
|teamsize|p1|6
|teamsize|p2|6
|gen|8
|tier|[Gen 8] OU
|rated|
|rule|Sleep Clause Mod: Limit one foe put to sleep
|rule|Species Clause: Limit one of each Pokémon
|rule|OHKO Clause: OHKO moves are banned
|rule|Evasion Items Clause: Evasion items are banned
|rule|Evasion Moves Clause: Evasion moves are banned
|rule|Endless Battle Clause: Forcing endless battles is banned
|rule|HP Percentage Mod: HP is shown in percentages
|rule|Dynamax Clause: You cannot dynamax
|clearpoke
|poke|p1|Mew|
|poke|p1|Landorus-Therian, M|
|poke|p1|Grimmsnarl, M|
|poke|p1|Volcarona, F|
|poke|p1|Urshifu-*, M|
|poke|p1|Rillaboom, F|
|poke|p2|Kartana|
|poke|p2|Heatran, F|
|poke|p2|Landorus-Therian, M|
|poke|p2|Slowbro, F|
|poke|p2|Umbreon, M|
|poke|p2|Tapu Koko|
|teampreview
|
|t:|1667969202
|start
|switch|p1a: Urshifu|Urshifu-Rapid-Strike, M|100/100
|switch|p2a: Kartana|Kartana|100/100
|turn|1
|j| btlj3
|
|t:|1667969220
|switch|p2a: Slowbro|Slowbro, F|100/100
|switch|p1a: Volcarona|Volcarona, F|100/100
|
|upkeep
|turn|2
|
|t:|1667969229
|switch|p1a: Grimmsnarl|Grimmsnarl, M|100/100
|move|p2a: Slowbro|Teleport|p2a: Slowbro
|j| lingjiu
|
|t:|1667969247
|switch|p2a: Tapu Koko|Tapu Koko|100/100|[from]move: Teleport
|-fieldstart|move: Electric Terrain|[from] ability: Electric Surge|[of] p2a: Tapu Koko
|
|upkeep
|turn|3
|
|t:|1667969254
|move|p1a: Grimmsnarl|Light Screen|p1a: Grimmsnarl
|-sidestart|p1: greatalex|move: Light Screen
|move|p2a: Tapu Koko|Dazzling Gleam|p1a: Grimmsnarl
|-supereffective|p1a: Grimmsnarl
|-damage|p1a: Grimmsnarl|75/100
|
|upkeep
|turn|4
|j| sammag
|
|t:|1667969268
|move|p2a: Tapu Koko|Dazzling Gleam|p1a: Grimmsnarl
|-supereffective|p1a: Grimmsnarl
|-damage|p1a: Grimmsnarl|50/100
|move|p1a: Grimmsnarl|Spirit Break|p2a: Tapu Koko
|-damage|p2a: Tapu Koko|59/100
|-unboost|p2a: Tapu Koko|spa|1
|
|upkeep
|turn|5
|
|t:|1667969278
|move|p1a: Grimmsnarl|Taunt|p2a: Tapu Koko
|-start|p2a: Tapu Koko|move: Taunt
|cant|p2a: Tapu Koko|move: Taunt|Roost
|
|upkeep
|turn|6
|
|t:|1667969292
|switch|p2a: Kartana|Kartana|100/100
|switch|p1a: Landorus|Landorus-Therian, M|100/100
|-ability|p1a: Landorus|Intimidate|boost
|-unboost|p2a: Kartana|atk|1
|
|-fieldend|move: Electric Terrain
|upkeep
|turn|7
|j| flusterstorm
|j| Her Loss SZN
|
|t:|1667969318
|switch|p2a: Umbreon|Umbreon, M|100/100
|move|p1a: Landorus|Stealth Rock|p2a: Umbreon
|-sidestart|p2: d18l|move: Stealth Rock
|
|upkeep
|turn|8
|
|t:|1667969327
|move|p1a: Landorus|Earthquake|p2a: Umbreon
|-damage|p2a: Umbreon|63/100
|move|p2a: Umbreon|Wish|p2a: Umbreon
|
|-heal|p2a: Umbreon|69/100|[from] item: Leftovers
|upkeep
|turn|9
|
|t:|1667969334
|move|p1a: Landorus|Swords Dance|p1a: Landorus
|-boost|p1a: Landorus|atk|2
|move|p2a: Umbreon|Foul Play|p1a: Landorus
|-enditem|p1a: Landorus|Focus Sash
|-damage|p1a: Landorus|1/100
|
|-heal|p2a: Umbreon|100/100|[from] move: Wish|[wisher] Umbreon
|upkeep
|turn|10
|
|t:|1667969344
|move|p1a: Landorus|Explosion|p2a: Umbreon
|-damage|p2a: Umbreon|0 fnt
|faint|p1a: Landorus
|faint|p2a: Umbreon
|
|-sideend|p1: greatalex|move: Light Screen
|upkeep
|j| ad dukhan
|
|t:|1667969367
|switch|p1a: Rillaboom|Rillaboom, F|100/100
|switch|p2a: Kartana|Kartana|100/100
|-damage|p2a: Kartana|94/100|[from] Stealth Rock
|-fieldstart|move: Grassy Terrain|[from] ability: Grassy Surge|[of] p1a: Rillaboom
|turn|11
|
|t:|1667969390
|move|p2a: Kartana|Knock Off|p1a: Rillaboom
|-damage|p1a: Rillaboom|33/100
|-enditem|p1a: Rillaboom|Life Orb|[from] move: Knock Off|[of] p2a: Kartana
|move|p1a: Rillaboom|Drain Punch|p2a: Kartana
|-supereffective|p2a: Kartana
|-damage|p2a: Kartana|39/100
|-heal|p1a: Rillaboom|54/100|[from] drain|[of] p2a: Kartana
|
|-heal|p2a: Kartana|45/100|[from] Grassy Terrain
|-heal|p1a: Rillaboom|60/100|[from] Grassy Terrain
|upkeep
|turn|12
|
|t:|1667969404
|switch|p2a: Heatran|Heatran, F|100/100
|-damage|p2a: Heatran|88/100|[from] Stealth Rock
|move|p1a: Rillaboom|Knock Off|p2a: Heatran
|-damage|p2a: Heatran|67/100
|-status|p1a: Rillaboom|brn|[from] ability: Flame Body|[of] p2a: Heatran
|-enditem|p2a: Heatran|Leftovers|[from] move: Knock Off|[of] p1a: Rillaboom
|
|-heal|p1a: Rillaboom|66/100 brn|[from] Grassy Terrain
|-heal|p2a: Heatran|73/100|[from] Grassy Terrain
|-damage|p1a: Rillaboom|60/100 brn|[from] brn
|upkeep
|turn|13
|
|t:|1667969420
|move|p1a: Rillaboom|Drain Punch|p2a: Heatran
|-supereffective|p2a: Heatran
|-damage|p2a: Heatran|58/100
|-heal|p1a: Rillaboom|69/100 brn|[from] drain|[of] p2a: Heatran
|move|p2a: Heatran|Stealth Rock|p1a: Rillaboom
|-sidestart|p1: greatalex|move: Stealth Rock
|
|-heal|p1a: Rillaboom|75/100 brn|[from] Grassy Terrain
|-heal|p2a: Heatran|64/100|[from] Grassy Terrain
|-damage|p1a: Rillaboom|69/100 brn|[from] brn
|upkeep
|turn|14
|
|t:|1667969433
|switch|p1a: Urshifu|Urshifu-Rapid-Strike, M|100/100
|-damage|p1a: Urshifu|94/100|[from] Stealth Rock
|move|p2a: Heatran|Lava Plume|p1a: Urshifu
|-resisted|p1a: Urshifu
|-damage|p1a: Urshifu|67/100
|-status|p1a: Urshifu|brn
|
|-heal|p1a: Urshifu|73/100 brn|[from] Grassy Terrain
|-heal|p2a: Heatran|71/100|[from] Grassy Terrain
|-damage|p1a: Urshifu|67/100 brn|[from] brn
|upkeep
|turn|15
|
|t:|1667969446
|switch|p2a: Slowbro|Slowbro, F|100/100
|move|p1a: Urshifu|Surging Strikes|p2a: Slowbro
|-resisted|p2a: Slowbro
|-crit|p2a: Slowbro
|-damage|p2a: Slowbro|96/100
|-resisted|p2a: Slowbro
|-crit|p2a: Slowbro
|-damage|p2a: Slowbro|92/100
|-resisted|p2a: Slowbro
|-crit|p2a: Slowbro
|-damage|p2a: Slowbro|89/100
|-hitcount|p2a: Slowbro|3
|
|-heal|p1a: Urshifu|73/100 brn|[from] Grassy Terrain
|-heal|p2a: Slowbro|95/100|[from] Grassy Terrain
|-damage|p1a: Urshifu|67/100 brn|[from] brn
|-fieldend|move: Grassy Terrain
|upkeep
|turn|16
|
|t:|1667969461
|move|p1a: Urshifu|U-turn|p2a: Slowbro
|-supereffective|p2a: Slowbro
|-damage|p2a: Slowbro|74/100
|
|t:|1667969465
|switch|p1a: Rillaboom|Rillaboom, F|69/100 brn|[from]move: U-turn
|-damage|p1a: Rillaboom|57/100 brn|[from] Stealth Rock
|-fieldstart|move: Grassy Terrain|[from] ability: Grassy Surge|[of] p1a: Rillaboom
|move|p2a: Slowbro|Teleport|p2a: Slowbro
|
|t:|1667969492
|switch|p2a: Kartana|Kartana|45/100|[from]move: Teleport
|-damage|p2a: Kartana|39/100|[from] Stealth Rock
|
|-heal|p2a: Kartana|45/100|[from] Grassy Terrain
|-heal|p1a: Rillaboom|63/100 brn|[from] Grassy Terrain
|-damage|p1a: Rillaboom|57/100 brn|[from] brn
|upkeep
|turn|17
|j| BabyPigsAreLaughin
|l| ad dukhan
|
|t:|1667969502
|move|p2a: Kartana|Smart Strike|p1a: Rillaboom
|-crit|p1a: Rillaboom
|-damage|p1a: Rillaboom|0 fnt
|faint|p1a: Rillaboom
|-ability|p2a: Kartana|Beast Boost|boost
|-boost|p2a: Kartana|atk|1
|
|-heal|p2a: Kartana|51/100|[from] Grassy Terrain
|upkeep
|j| ad dukhan
|l| flusterstorm
|
|t:|1667969512
|switch|p1a: Volcarona|Volcarona, F|100/100
|turn|18
|
|t:|1667969518
|switch|p2a: Heatran|Heatran, F|71/100
|-damage|p2a: Heatran|58/100|[from] Stealth Rock
|move|p1a: Volcarona|Fiery Dance|p2a: Heatran
|-damage|p2a: Heatran|29/100
|
|-heal|p2a: Heatran|36/100|[from] Grassy Terrain
|upkeep
|turn|19
|l| ad dukhan
|
|t:|1667969529
|move|p1a: Volcarona|Quiver Dance|p1a: Volcarona
|-boost|p1a: Volcarona|spa|1
|-boost|p1a: Volcarona|spd|1
|-boost|p1a: Volcarona|spe|1
|move|p2a: Heatran|Toxic|p1a: Volcarona
|-status|p1a: Volcarona|tox
|
|-heal|p2a: Heatran|42/100|[from] Grassy Terrain
|-damage|p1a: Volcarona|94/100 tox|[from] psn
|upkeep
|turn|20
|
|t:|1667969539
|move|p2a: Heatran|Protect|p2a: Heatran
|-singleturn|p2a: Heatran|Protect
|move|p1a: Volcarona|Fiery Dance|p2a: Heatran
|-activate|p2a: Heatran|move: Protect
|
|-heal|p1a: Volcarona|100/100 tox|[from] Grassy Terrain
|-heal|p2a: Heatran|48/100|[from] Grassy Terrain
|-damage|p1a: Volcarona|88/100 tox|[from] psn
|-fieldend|move: Grassy Terrain
|upkeep
|turn|21
|
|t:|1667969550
|move|p1a: Volcarona|Fiery Dance|p2a: Heatran
|-damage|p2a: Heatran|3/100
|move|p2a: Heatran|Lava Plume|p1a: Volcarona
|-damage|p1a: Volcarona|67/100 tox
|
|-damage|p1a: Volcarona|49/100 tox|[from] psn
|upkeep
|turn|22
|j| westcottike
|
|t:|1667969558
|move|p2a: Heatran|Protect|p2a: Heatran
|-singleturn|p2a: Heatran|Protect
|move|p1a: Volcarona|Roost|p1a: Volcarona
|-heal|p1a: Volcarona|99/100 tox
|-singleturn|p1a: Volcarona|move: Roost
|
|-damage|p1a: Volcarona|74/100 tox|[from] psn
|upkeep
|turn|23
|
|t:|1667969567
|move|p2a: Heatran|Protect|p2a: Heatran
|-singleturn|p2a: Heatran|Protect
|move|p1a: Volcarona|Fiery Dance|p2a: Heatran
|-activate|p2a: Heatran|move: Protect
|
|-damage|p1a: Volcarona|43/100 tox|[from] psn
|upkeep
|turn|24
|
|t:|1667969575
|move|p1a: Volcarona|Fiery Dance|p2a: Heatran
|-damage|p2a: Heatran|0 fnt
|faint|p2a: Heatran
|
|-damage|p1a: Volcarona|6/100 tox|[from] psn
|upkeep
|
|t:|1667969582
|switch|p2a: Landorus|Landorus-Therian, M|100/100
|-damage|p2a: Landorus|88/100|[from] Stealth Rock
|-ability|p2a: Landorus|Intimidate|boost
|-unboost|p1a: Volcarona|atk|1
|turn|25
|
|t:|1667969587
|move|p1a: Volcarona|Fiery Dance|p2a: Landorus
|-damage|p2a: Landorus|51/100
|-boost|p1a: Volcarona|spa|1
|move|p2a: Landorus|Earthquake|p1a: Volcarona
|-damage|p1a: Volcarona|0 fnt
|faint|p1a: Volcarona
|
|-heal|p2a: Landorus|57/100|[from] item: Leftovers
|upkeep
|
|t:|1667969601
|switch|p1a: Grimmsnarl|Grimmsnarl, M|50/100
|-damage|p1a: Grimmsnarl|37/100|[from] Stealth Rock
|turn|26
|
|t:|1667969607
|move|p1a: Grimmsnarl|Reflect|p1a: Grimmsnarl
|-sidestart|p1: greatalex|Reflect
|move|p2a: Landorus|Earthquake|p1a: Grimmsnarl
|-damage|p1a: Grimmsnarl|7/100
|
|-heal|p2a: Landorus|63/100|[from] item: Leftovers
|upkeep
|turn|27
|
|t:|1667969632
|move|p1a: Grimmsnarl|Light Screen|p1a: Grimmsnarl
|-sidestart|p1: greatalex|move: Light Screen
|move|p2a: Landorus|Earthquake|p1a: Grimmsnarl
|-damage|p1a: Grimmsnarl|0 fnt
|faint|p1a: Grimmsnarl
|
|-heal|p2a: Landorus|69/100|[from] item: Leftovers
|upkeep
|
|t:|1667969640
|switch|p1a: Mew|Mew|100/100
|-damage|p1a: Mew|88/100|[from] Stealth Rock
|turn|28
|
|t:|1667969644
|move|p1a: Mew|Cosmic Power|p1a: Mew
|-boost|p1a: Mew|def|1
|-boost|p1a: Mew|spd|1
|move|p2a: Landorus|Toxic|p1a: Mew
|-status|p1a: Mew|tox
|-activate|p1a: Mew|ability: Synchronize
|-status|p2a: Landorus|tox
|
|-heal|p2a: Landorus|75/100 tox|[from] item: Leftovers
|-damage|p1a: Mew|82/100 tox|[from] psn
|-damage|p2a: Landorus|69/100 tox|[from] psn
|upkeep
|turn|29
|
|t:|1667969661
|switch|p2a: Kartana|Kartana|51/100
|-damage|p2a: Kartana|45/100|[from] Stealth Rock
|move|p1a: Mew|Cosmic Power|p1a: Mew
|-boost|p1a: Mew|def|1
|-boost|p1a: Mew|spd|1
|
|-damage|p1a: Mew|70/100 tox|[from] psn
|upkeep
|turn|30
|
|t:|1667969670
|move|p2a: Kartana|Smart Strike|p1a: Mew
|-damage|p1a: Mew|58/100 tox
|move|p1a: Mew|Body Press|p2a: Kartana
|-supereffective|p2a: Kartana
|-damage|p2a: Kartana|0 fnt
|faint|p2a: Kartana
|
|-damage|p1a: Mew|40/100 tox|[from] psn
|upkeep
|
|t:|1667969680
|switch|p2a: Tapu Koko|Tapu Koko|59/100
|-fieldstart|move: Electric Terrain|[from] ability: Electric Surge|[of] p2a: Tapu Koko
|turn|31
|
|t:|1667969686
|move|p2a: Tapu Koko|Calm Mind|p2a: Tapu Koko
|-boost|p2a: Tapu Koko|spa|1
|-boost|p2a: Tapu Koko|spd|1
|move|p1a: Mew|Rest||[still]
|-activate|p1a: Mew|move: Electric Terrain
|-fail|p1a: Mew
|
|-damage|p1a: Mew|15/100 tox|[from] psn
|upkeep
|turn|32
|
|t:|1667969695
|move|p2a: Tapu Koko|Thunderbolt|p1a: Mew
|-damage|p1a: Mew|0 fnt
|faint|p1a: Mew
|
|upkeep
|-message|greatalex forfeited.
|
|win|d18l
|raw|greatalex's rating: 1708 &rarr; <strong>1691</strong><br />(-17 for losing)
|raw|d18l's rating: 1756 &rarr; <strong>1773</strong><br />(+17 for winning)
|l|☆greatalex
