|j|☆TheZilla07
|j|☆yung_iznamakin
|t:|1646621965
|gametype|singles
|player|p1|TheZilla07|brawly|1532
|player|p2|yung_iznamakin|ninjaboy|1581
|teamsize|p1|6
|teamsize|p2|6
|gen|8
|tier|[Gen 8] OU
|rated|
|rule|Sleep Clause Mod: Limit one foe put to sleep
|rule|Species Clause: Limit one of each Pokémon
|rule|OHKO Clause: OHKO moves are banned
|rule|Evasion Moves Clause: Evasion moves are banned
|rule|Endless Battle Clause: Forcing endless battles is banned
|rule|HP Percentage Mod: HP is shown in percentages
|rule|Dynamax Clause: You cannot dynamax
|clearpoke
|poke|p1|Latias, F|
|poke|p1|Vaporeon, M|
|poke|p1|Rillaboom, F|
|poke|p1|Heatran, M|
|poke|p1|Landorus-Therian, M|
|poke|p1|Tapu Koko|
|poke|p2|Tornadus-Therian, M|
|poke|p2|Zapdos|
|poke|p2|Melmetal|
|poke|p2|Toxapex, M|
|poke|p2|Blaziken, M|
|poke|p2|Landorus-Therian, M|
|teampreview
|c|☆TheZilla07|glhf
|c|☆yung_iznamakin|u2
|
|t:|1646621982
|start
|switch|p1a: Ash Lover|Latias, F|100/100
|switch|p2a: Landorus|Landorus-Therian, M|100/100
|-ability|p2a: Landorus|Intimidate|boost
|-unboost|p1a: Ash Lover|atk|1
|turn|1
|inactive|Battle timer is ON: inactive players will automatically lose when time's up. (requested by yung_iznamakin)
|
|t:|1646621988
|move|p1a: Ash Lover|Ice Beam|p2a: Landorus
|-supereffective|p2a: Landorus
|-damage|p2a: Landorus|28/100
|move|p2a: Landorus|U-turn|p1a: Ash Lover
|-supereffective|p1a: Ash Lover
|-crit|p1a: Ash Lover
|-damage|p1a: Ash Lover|24/100
|-damage|p2a: Landorus|12/100|[from] item: Rocky Helmet|[of] p1a: Ash Lover
|
|t:|1646621995
|switch|p2a: Tornadus|Tornadus-Therian, M|100/100|[from]move: U-turn
|
|upkeep
|turn|2
|
|t:|1646622003
|move|p2a: Tornadus|U-turn|p1a: Ash Lover
|-supereffective|p1a: Ash Lover
|-damage|p1a: Ash Lover|0 fnt
|-damage|p2a: Tornadus|84/100|[from] item: Rocky Helmet|[of] p1a: Ash Lover
|faint|p1a: Ash Lover
|
|t:|1646622008
|switch|p2a: Landorus|Landorus-Therian, M|12/100|[from]move: U-turn
|
|-heal|p2a: Landorus|18/100|[from] item: Leftovers
|upkeep
|
|t:|1646622015
|switch|p1a: Monke|Rillaboom, F|100/100
|-fieldstart|move: Grassy Terrain|[from] ability: Grassy Surge|[of] p1a: Monke
|turn|3
|
|t:|1646622021
|switch|p2a: Zapdos|Zapdos|100/100
|move|p1a: Monke|Grassy Glide|p2a: Zapdos
|-resisted|p2a: Zapdos
|-damage|p2a: Zapdos|72/100
|
|upkeep
|turn|4
|
|t:|1646622027
|switch|p1a: Lando Mando|Landorus-Therian, M|100/100
|-ability|p1a: Lando Mando|Intimidate|boost
|-unboost|p2a: Zapdos|atk|1
|move|p2a: Zapdos|Hurricane|p1a: Lando Mando|[miss]
|-miss|p2a: Zapdos|p1a: Lando Mando
|
|upkeep
|turn|5
|
|t:|1646622033
|move|p2a: Zapdos|Hurricane|p1a: Lando Mando
|-damage|p1a: Lando Mando|57/100
|move|p1a: Lando Mando|Toxic|p2a: Zapdos
|-status|p2a: Zapdos|tox
|
|-heal|p1a: Lando Mando|63/100|[from] item: Leftovers
|-damage|p2a: Zapdos|66/100 tox|[from] psn
|upkeep
|turn|6
|
|t:|1646622041
|switch|p2a: Melmetal|Melmetal|100/100
|switch|p1a: Ahh! A Spider!|Heatran, M|100/100
|
|upkeep
|turn|7
|
|t:|1646622047
|switch|p2a: Landorus|Landorus-Therian, M|18/100
|-ability|p2a: Landorus|Intimidate|boost
|-unboost|p1a: Ahh! A Spider!|atk|1
|move|p1a: Ahh! A Spider!|Magma Storm|p2a: Landorus
|-damage|p2a: Landorus|0 fnt
|faint|p2a: Landorus
|
|-fieldend|move: Grassy Terrain
|upkeep
|
|t:|1646622054
|switch|p2a: Blaziken|Blaziken, M|100/100
|turn|8
|
|t:|1646622057
|switch|p1a: Lando Mando|Landorus-Therian, M|63/100
|-ability|p1a: Lando Mando|Intimidate|boost
|-unboost|p2a: Blaziken|atk|1
|move|p2a: Blaziken|Swords Dance|p2a: Blaziken
|-boost|p2a: Blaziken|atk|2
|
|-heal|p1a: Lando Mando|69/100|[from] item: Leftovers
|-ability|p2a: Blaziken|Speed Boost|boost
|-boost|p2a: Blaziken|spe|1
|upkeep
|turn|9
|
|t:|1646622066
|move|p2a: Blaziken|Blaze Kick|p1a: Lando Mando
|-damage|p1a: Lando Mando|15/100
|move|p1a: Lando Mando|Earthquake|p2a: Blaziken
|-supereffective|p2a: Blaziken
|-damage|p2a: Blaziken|0 fnt
|faint|p2a: Blaziken
|
|-heal|p1a: Lando Mando|21/100|[from] item: Leftovers
|upkeep
|
|t:|1646622074
|switch|p2a: Zapdos|Zapdos|66/100 tox
|turn|10
|
|t:|1646622078
|switch|p1a: Ahh! A Spider!|Heatran, M|100/100
|move|p2a: Zapdos|Hurricane|p1a: Ahh! A Spider!
|-resisted|p1a: Ahh! A Spider!
|-damage|p1a: Ahh! A Spider!|81/100
|-start|p1a: Ahh! A Spider!|confusion
|
|-heal|p1a: Ahh! A Spider!|87/100|[from] item: Leftovers
|-damage|p2a: Zapdos|60/100 tox|[from] psn
|upkeep
|turn|11
|
|t:|1646622088
|move|p2a: Zapdos|Volt Switch|p1a: Ahh! A Spider!
|-damage|p1a: Ahh! A Spider!|62/100
|
|t:|1646622093
|switch|p2a: Toxapex|Toxapex, M|100/100|[from]move: Volt Switch
|-activate|p1a: Ahh! A Spider!|confusion
|move|p1a: Ahh! A Spider!|Magma Storm|p2a: Toxapex
|-resisted|p2a: Toxapex
|-damage|p2a: Toxapex|76/100
|-activate|p2a: Toxapex|move: Magma Storm|[of] p1a: Ahh! A Spider!
|
|-heal|p1a: Ahh! A Spider!|68/100|[from] item: Leftovers
|-damage|p2a: Toxapex|64/100|[from] move: Magma Storm|[partiallytrapped]
|upkeep
|turn|12
|
|t:|1646622101
|-end|p1a: Ahh! A Spider!|confusion
|move|p1a: Ahh! A Spider!|Taunt|p2a: Toxapex
|-start|p2a: Toxapex|move: Taunt
|move|p2a: Toxapex|Knock Off|p1a: Ahh! A Spider!
|-damage|p1a: Ahh! A Spider!|55/100
|-enditem|p1a: Ahh! A Spider!|Leftovers|[from] move: Knock Off|[of] p2a: Toxapex
|
|-damage|p2a: Toxapex|51/100|[from] move: Magma Storm|[partiallytrapped]
|upkeep
|turn|13
|
|t:|1646622110
|switch|p2a: Tornadus|Tornadus-Therian, M|100/100
|move|p1a: Ahh! A Spider!|Earth Power|p2a: Tornadus
|-immune|p2a: Tornadus
|
|upkeep
|turn|14
|
|t:|1646622118
|move|p2a: Tornadus|Focus Blast|p1a: Ahh! A Spider!
|-supereffective|p1a: Ahh! A Spider!
|-damage|p1a: Ahh! A Spider!|0 fnt
|faint|p1a: Ahh! A Spider!
|
|upkeep
|
|t:|1646622124
|switch|p1a: Chicken Little|Tapu Koko|100/100
|-fieldstart|move: Electric Terrain|[from] ability: Electric Surge|[of] p1a: Chicken Little
|turn|15
|
|t:|1646622132
|switch|p2a: Zapdos|Zapdos|60/100 tox
|move|p1a: Chicken Little|Volt Switch|p2a: Zapdos
|-damage|p2a: Zapdos|29/100 tox
|
|t:|1646622139
|switch|p1a: Monke|Rillaboom, F|100/100|[from]move: Volt Switch
|-fieldstart|move: Grassy Terrain|[from] ability: Grassy Surge|[of] p1a: Monke
|
|-damage|p2a: Zapdos|23/100 tox|[from] psn
|upkeep
|turn|16
|
|t:|1646622147
|move|p1a: Monke|Grassy Glide|p2a: Zapdos
|-resisted|p2a: Zapdos
|-damage|p2a: Zapdos|0 fnt
|faint|p2a: Zapdos
|
|upkeep
|
|t:|1646622152
|switch|p2a: Melmetal|Melmetal|100/100
|turn|17
|
|t:|1646622162
|switch|p1a: A Cool Pokemon|Vaporeon, M|100/100
|move|p2a: Melmetal|Ice Punch|p1a: A Cool Pokemon
|-resisted|p1a: A Cool Pokemon
|-damage|p1a: A Cool Pokemon|77/100
|
|-heal|p1a: A Cool Pokemon|83/100|[from] Grassy Terrain
|-heal|p1a: A Cool Pokemon|90/100|[from] item: Leftovers
|upkeep
|turn|18
|
|t:|1646622171
|switch|p2a: Tornadus|Tornadus-Therian, M|100/100
|move|p1a: A Cool Pokemon|Scald|p2a: Tornadus
|-damage|p2a: Tornadus|61/100
|
|-heal|p1a: A Cool Pokemon|96/100|[from] Grassy Terrain
|-heal|p1a: A Cool Pokemon|100/100|[from] item: Leftovers
|upkeep
|turn|19
|
|t:|1646622179
|move|p2a: Tornadus|Nasty Plot|p2a: Tornadus
|-boost|p2a: Tornadus|spa|2
|move|p1a: A Cool Pokemon|Toxic|p2a: Tornadus
|-status|p2a: Tornadus|tox
|
|-damage|p2a: Tornadus|55/100 tox|[from] psn
|-fieldend|move: Grassy Terrain
|upkeep
|turn|20
|
|t:|1646622186
|move|p2a: Tornadus|Hurricane|p1a: A Cool Pokemon
|-damage|p1a: A Cool Pokemon|31/100
|move|p1a: A Cool Pokemon|Wish|p1a: A Cool Pokemon
|
|-heal|p1a: A Cool Pokemon|38/100|[from] item: Leftovers
|-damage|p2a: Tornadus|43/100 tox|[from] psn
|upkeep
|turn|21
|
|t:|1646622193
|switch|p2a: Melmetal|Melmetal|100/100
|move|p1a: A Cool Pokemon|Protect||[still]
|-fail|p1a: A Cool Pokemon
|
|-heal|p1a: A Cool Pokemon|88/100|[from] move: Wish|[wisher] A Cool Pokemon
|-heal|p1a: A Cool Pokemon|94/100|[from] item: Leftovers
|upkeep
|turn|22
|
|t:|1646622200
|move|p1a: A Cool Pokemon|Scald|p2a: Melmetal
|-damage|p2a: Melmetal|77/100
|move|p2a: Melmetal|Thunder Punch|p1a: A Cool Pokemon
|-supereffective|p1a: A Cool Pokemon
|-damage|p1a: A Cool Pokemon|0 fnt
|faint|p1a: A Cool Pokemon
|
|upkeep
|
|t:|1646622210
|switch|p1a: Lando Mando|Landorus-Therian, M|21/100
|-ability|p1a: Lando Mando|Intimidate|boost
|-unboost|p2a: Melmetal|atk|1
|turn|23
|
|t:|1646622215
|switch|p2a: Toxapex|Toxapex, M|84/100
|move|p1a: Lando Mando|U-turn|p2a: Toxapex
|-resisted|p2a: Toxapex
|-damage|p2a: Toxapex|77/100
|
|t:|1646622218
|switch|p1a: Chicken Little|Tapu Koko|100/100|[from]move: U-turn
|-fieldstart|move: Electric Terrain|[from] ability: Electric Surge|[of] p1a: Chicken Little
|
|upkeep
|turn|24
|
|t:|1646622223
|move|p1a: Chicken Little|Volt Switch|p2a: Toxapex
|-supereffective|p2a: Toxapex
|-damage|p2a: Toxapex|14/100
|
|t:|1646622228
|switch|p1a: Monke|Rillaboom, F|100/100|[from]move: Volt Switch
|-fieldstart|move: Grassy Terrain|[from] ability: Grassy Surge|[of] p1a: Monke
|move|p2a: Toxapex|Knock Off|p1a: Monke
|-damage|p1a: Monke|84/100
|-enditem|p1a: Monke|Choice Band|[from] move: Knock Off|[of] p2a: Toxapex
|
|-heal|p1a: Monke|90/100|[from] Grassy Terrain
|-heal|p2a: Toxapex|20/100|[from] Grassy Terrain
|upkeep
|turn|25
|
|t:|1646622239
|move|p1a: Monke|Grassy Glide|p2a: Toxapex
|-damage|p2a: Toxapex|0 fnt
|faint|p2a: Toxapex
|
|-heal|p1a: Monke|96/100|[from] Grassy Terrain
|upkeep
|
|t:|1646622245
|switch|p2a: Melmetal|Melmetal|77/100
|turn|26
|
|t:|1646622251
|move|p1a: Monke|Knock Off|p2a: Melmetal
|-damage|p2a: Melmetal|56/100
|-enditem|p2a: Melmetal|Choice Band|[from] move: Knock Off|[of] p1a: Monke
|move|p2a: Melmetal|Double Iron Bash|p1a: Monke
|-damage|p1a: Monke|50/100
|-damage|p1a: Monke|0 fnt
|faint|p1a: Monke
|-hitcount|p1: Monke|2
|
|-heal|p2a: Melmetal|62/100|[from] Grassy Terrain
|upkeep
|
|t:|1646622260
|switch|p1a: Lando Mando|Landorus-Therian, M|21/100
|-ability|p1a: Lando Mando|Intimidate|boost
|-unboost|p2a: Melmetal|atk|1
|turn|27
|
|t:|1646622271
|switch|p2a: Tornadus|Tornadus-Therian, M|76/100 tox
|move|p1a: Lando Mando|U-turn|p2a: Tornadus
|-resisted|p2a: Tornadus
|-damage|p2a: Tornadus|59/100 tox
|
|t:|1646622273
|switch|p1a: Chicken Little|Tapu Koko|100/100|[from]move: U-turn
|-fieldstart|move: Electric Terrain|[from] ability: Electric Surge|[of] p1a: Chicken Little
|
|-damage|p2a: Tornadus|53/100 tox|[from] psn
|upkeep
|turn|28
|
|t:|1646622281
|move|p1a: Chicken Little|Thunderbolt|p2a: Tornadus
|-supereffective|p2a: Tornadus
|-damage|p2a: Tornadus|0 fnt
|faint|p2a: Tornadus
|
|upkeep
|
|t:|1646622285
|switch|p2a: Melmetal|Melmetal|62/100
|turn|29
|
|t:|1646622290
|move|p1a: Chicken Little|Thunderbolt|p2a: Melmetal
|-damage|p2a: Melmetal|21/100
|move|p2a: Melmetal|Double Iron Bash|p1a: Chicken Little
|-damage|p1a: Chicken Little|48/100
|-damage|p1a: Chicken Little|0 fnt
|faint|p1a: Chicken Little
|-hitcount|p1: Chicken Little|2
|
|upkeep
|
|t:|1646622293
|switch|p1a: Lando Mando|Landorus-Therian, M|21/100
|-ability|p1a: Lando Mando|Intimidate|boost
|-unboost|p2a: Melmetal|atk|1
|turn|30
|
|t:|1646622299
|move|p1a: Lando Mando|Earthquake|p2a: Melmetal
|-supereffective|p2a: Melmetal
|-damage|p2a: Melmetal|0 fnt
|faint|p2a: Melmetal
|
|win|TheZilla07
|raw|TheZilla07's rating: 1532 &rarr; <strong>1555</strong><br />(+23 for winning)
|raw|yung_iznamakin's rating: 1581 &rarr; <strong>1558</strong><br />(-23 for losing)
|c|☆TheZilla07|gg
|c|☆yung_iznamakin|ggwp
|l|☆yung_iznamakin
||Ladder isn't responding, score probably updated but might not have (Request timeout).
