|raw|<div class="broadcast-blue"><strong>This battle is required to be public due to a player having a name starting with 'lt92pf'.</div>
|j|☆LT92PF El Mainer
|j|☆Coach Jones 6fifth
|t:|1660150025
|gametype|singles
|player|p1|LT92PF El Mainer|102|1928
|player|p2|Coach Jones 6fifth|lusamine-nihilego|1870
|teamsize|p1|6
|teamsize|p2|6
|gen|8
|tier|[Gen 8] OU
|rated|
|rule|Sleep Clause Mod: Limit one foe put to sleep
|rule|Species Clause: Limit one of each Pokémon
|rule|OHKO Clause: OHKO moves are banned
|rule|Evasion Items Clause: Evasion items are banned
|rule|Evasion Moves Clause: Evasion moves are banned
|rule|Endless Battle Clause: Forcing endless battles is banned
|rule|HP Percentage Mod: HP is shown in percentages
|rule|Dynamax Clause: You cannot dynamax
|clearpoke
|poke|p1|Slowking-Galar, M|
|poke|p1|Buzzwole|
|poke|p1|Tyranitar, M|
|poke|p1|Excadrill, F|
|poke|p1|Tornadus-Therian, M|
|poke|p1|Volcanion|
|poke|p2|Ferrothorn, M|
|poke|p2|Zapdos|
|poke|p2|Tyranitar, F|
|poke|p2|Melmetal|
|poke|p2|Urshifu-*, M|
|poke|p2|Landorus-Therian, M|
|teampreview
|j| LT92PF Aniruddh
|
|t:|1660150055
|start
|switch|p1a: Volcanion|Volcanion|100/100
|switch|p2a: Zapdos|Zapdos|100/100
|turn|1
|j| ourghostingduties
|j| LT92PF agmmys
|j| ehrenwerter Enkel
|j| LT92PF pop smoke
|
|t:|1660150079
|switch|p1a: Slowking|Slowking-Galar, M|100/100
|move|p2a: Zapdos|Volt Switch|p1a: Slowking
|-damage|p1a: Slowking|79/100
|j| Westside Lechonk
|j| LT92PF gxkh
|l| Westside Lechonk
|j| LT92PF fardin
|
|t:|1660150085
|switch|p2a: Tyranitar|Tyranitar, F|100/100|[from]move: Volt Switch
|-weather|Sandstorm|[from] ability: Sand Stream|[of] p2a: Tyranitar
|
|-weather|Sandstorm|[upkeep]
|-damage|p1a: Slowking|73/100|[from] Sandstorm
|-heal|p1a: Slowking|79/100|[from] item: Black Sludge
|upkeep
|turn|2
|
|t:|1660150089
|switch|p1a: Buzzwole|Buzzwole|100/100
|move|p2a: Tyranitar|Crunch|p1a: Buzzwole
|-resisted|p1a: Buzzwole
|-damage|p1a: Buzzwole|83/100
|-unboost|p1a: Buzzwole|def|1
|-damage|p2a: Tyranitar|84/100|[from] item: Rocky Helmet|[of] p1a: Buzzwole
|
|-weather|Sandstorm|[upkeep]
|-damage|p1a: Buzzwole|77/100|[from] Sandstorm
|upkeep
|turn|3
|j| LT92PF Chicos
|
|t:|1660150093
|switch|p2a: Zapdos|Zapdos|100/100
|move|p1a: Buzzwole|Ice Punch|p2a: Zapdos
|-supereffective|p2a: Zapdos
|-damage|p2a: Zapdos|63/100
|
|-weather|Sandstorm|[upkeep]
|-damage|p2a: Zapdos|57/100|[from] Sandstorm
|-damage|p1a: Buzzwole|71/100|[from] Sandstorm
|upkeep
|turn|4
|j| Abcdefp
|
|t:|1660150099
|switch|p1a: Excadrill|Excadrill, F|100/100
|move|p2a: Zapdos|Volt Switch|p1a: Excadrill
|-immune|p1a: Excadrill
|
|-weather|Sandstorm|[upkeep]
|-damage|p2a: Zapdos|51/100|[from] Sandstorm
|upkeep
|turn|5
|l| LT92PF Chicos
|
|t:|1660150102
|move|p1a: Excadrill|Stealth Rock|p2a: Zapdos
|-sidestart|p2: Coach Jones 6fifth|move: Stealth Rock
|move|p2a: Zapdos|Roost|p2a: Zapdos
|-heal|p2a: Zapdos|100/100
|-singleturn|p2a: Zapdos|move: Roost
|
|-weather|none
|upkeep
|turn|6
|j| slainey?
|
|t:|1660150105
|switch|p2a: Landorus|Landorus-Therian, M|100/100
|-damage|p2a: Landorus|88/100|[from] Stealth Rock
|-ability|p2a: Landorus|Intimidate|boost
|-unboost|p1a: Excadrill|atk|1
|move|p1a: Excadrill|Swords Dance|p1a: Excadrill
|-boost|p1a: Excadrill|atk|2
|
|-heal|p2a: Landorus|94/100|[from] item: Leftovers
|upkeep
|turn|7
|j| lt92pf star
|
|t:|1660150108
|switch|p1a: Tornadus|Tornadus-Therian, M|100/100
|move|p2a: Landorus|Earthquake|p1a: Tornadus
|-immune|p1a: Tornadus
|
|-heal|p2a: Landorus|99/100|[from] item: Leftovers
|upkeep
|turn|8
|j| Erigos
|j| Tace
|
|t:|1660150111
|move|p1a: Tornadus|Knock Off|p2a: Landorus
|-damage|p2a: Landorus|81/100
|-enditem|p2a: Landorus|Leftovers|[from] move: Knock Off|[of] p1a: Tornadus
|move|p2a: Landorus|Toxic|p1a: Tornadus
|-status|p1a: Tornadus|tox
|
|-damage|p1a: Tornadus|94/100 tox|[from] psn
|upkeep
|turn|9
|
|t:|1660150114
|move|p1a: Tornadus|Hurricane|p2a: Landorus|[miss]
|-miss|p1a: Tornadus|p2a: Landorus
|move|p2a: Landorus|Defog|p1a: Tornadus
|-unboost|p1a: Tornadus|evasion|1
|-sideend|p2: Coach Jones 6fifth|Stealth Rock|[from] move: Defog|[of] p2a: Landorus
|
|-damage|p1a: Tornadus|82/100 tox|[from] psn
|upkeep
|turn|10
|j| Don Colombus
|
|t:|1660150117
|switch|p2a: Zapdos|Zapdos|100/100
|move|p1a: Tornadus|Hurricane|p2a: Zapdos
|-resisted|p2a: Zapdos
|-damage|p2a: Zapdos|81/100
|
|-damage|p1a: Tornadus|64/100 tox|[from] psn
|upkeep
|turn|11
|l| Don Colombus
|l| slainey?
|
|t:|1660150122
|move|p1a: Tornadus|U-turn|p2a: Zapdos
|-resisted|p2a: Zapdos
|-damage|p2a: Zapdos|76/100
|
|t:|1660150123
|switch|p1a: Excadrill|Excadrill, F|100/100|[from]move: U-turn
|move|p2a: Zapdos|Volt Switch|p1a: Excadrill
|-immune|p1a: Excadrill
|
|upkeep
|turn|12
|
|t:|1660150129
|switch|p2a: Landorus|Landorus-Therian, M|81/100
|-ability|p2a: Landorus|Intimidate|boost
|-unboost|p1a: Excadrill|atk|1
|move|p1a: Excadrill|Stealth Rock|p2a: Landorus
|-sidestart|p2: Coach Jones 6fifth|move: Stealth Rock
|
|upkeep
|turn|13
|
|t:|1660150134
|switch|p1a: Tornadus|Tornadus-Therian, M|97/100 tox
|move|p2a: Landorus|U-turn|p1a: Tornadus
|-resisted|p1a: Tornadus
|-damage|p1a: Tornadus|85/100 tox
|
|t:|1660150137
|switch|p2a: Melmetal|Melmetal|100/100|[from]move: U-turn
|-damage|p2a: Melmetal|94/100|[from] Stealth Rock
|
|-heal|p2a: Melmetal|100/100|[from] item: Leftovers
|-damage|p1a: Tornadus|79/100 tox|[from] psn
|upkeep
|turn|14
|
|t:|1660150141
|move|p1a: Tornadus|U-turn|p2a: Melmetal
|-resisted|p2a: Melmetal
|-damage|p2a: Melmetal|96/100
|
|t:|1660150143
|switch|p1a: Volcanion|Volcanion|100/100|[from]move: U-turn
|move|p2a: Melmetal|Toxic|p1a: Volcanion
|-status|p1a: Volcanion|tox
|
|-heal|p2a: Melmetal|100/100|[from] item: Leftovers
|-damage|p1a: Volcanion|95/100 tox|[from] psn
|upkeep
|turn|15
|
|t:|1660150148
|move|p2a: Melmetal|Protect|p2a: Melmetal
|-singleturn|p2a: Melmetal|Protect
|move|p1a: Volcanion|Flamethrower|p2a: Melmetal
|-activate|p2a: Melmetal|move: Protect
|
|-damage|p1a: Volcanion|83/100 tox|[from] psn
|upkeep
|turn|16
|
|t:|1660150153
|switch|p2a: Tyranitar|Tyranitar, F|84/100
|-damage|p2a: Tyranitar|72/100|[from] Stealth Rock
|-weather|Sandstorm|[from] ability: Sand Stream|[of] p2a: Tyranitar
|move|p1a: Volcanion|Steam Eruption|p2a: Tyranitar
|-supereffective|p2a: Tyranitar
|-damage|p2a: Tyranitar|0 fnt
|faint|p2a: Tyranitar
|
|-weather|Sandstorm|[upkeep]
|-damage|p1a: Volcanion|77/100 tox|[from] Sandstorm
|-damage|p1a: Volcanion|59/100 tox|[from] psn
|upkeep
|
|t:|1660150160
|switch|p2a: Zapdos|Zapdos|76/100
|turn|17
|
|t:|1660150163
|switch|p1a: Excadrill|Excadrill, F|100/100
|move|p2a: Zapdos|Hurricane|p1a: Excadrill|[miss]
|-miss|p2a: Zapdos|p1a: Excadrill
|
|-weather|Sandstorm|[upkeep]
|-damage|p2a: Zapdos|70/100|[from] Sandstorm
|upkeep
|turn|18
|
|t:|1660150166
|switch|p2a: Landorus|Landorus-Therian, M|81/100
|-damage|p2a: Landorus|68/100|[from] Stealth Rock
|-ability|p2a: Landorus|Intimidate|boost
|-unboost|p1a: Excadrill|atk|1
|move|p1a: Excadrill|Swords Dance|p1a: Excadrill
|-boost|p1a: Excadrill|atk|2
|
|-weather|Sandstorm|[upkeep]
|upkeep
|turn|19
|
|t:|1660150169
|switch|p1a: Tornadus|Tornadus-Therian, M|100/100 tox
|move|p2a: Landorus|U-turn|p1a: Tornadus
|-resisted|p1a: Tornadus
|-damage|p1a: Tornadus|89/100 tox
|
|t:|1660150171
|switch|p2a: Melmetal|Melmetal|100/100|[from]move: U-turn
|-damage|p2a: Melmetal|94/100|[from] Stealth Rock
|
|-weather|Sandstorm|[upkeep]
|-damage|p1a: Tornadus|83/100 tox|[from] Sandstorm
|-heal|p2a: Melmetal|100/100|[from] item: Leftovers
|-damage|p1a: Tornadus|76/100 tox|[from] psn
|upkeep
|turn|20
|
|t:|1660150175
|move|p1a: Tornadus|Knock Off|p2a: Melmetal
|-damage|p2a: Melmetal|88/100
|-enditem|p2a: Melmetal|Leftovers|[from] move: Knock Off|[of] p1a: Tornadus
|move|p2a: Melmetal|Toxic|p1a: Tornadus
|-fail|p1a: Tornadus|tox
|
|-weather|none
|-damage|p1a: Tornadus|64/100 tox|[from] psn
|upkeep
|turn|21
|
|t:|1660150179
|move|p1a: Tornadus|U-turn|p2a: Melmetal
|-resisted|p2a: Melmetal
|-damage|p2a: Melmetal|84/100
|
|t:|1660150182
|switch|p1a: Buzzwole|Buzzwole|71/100|[from]move: U-turn
|move|p2a: Melmetal|Earthquake|p1a: Buzzwole
|-resisted|p1a: Buzzwole
|-damage|p1a: Buzzwole|61/100
|
|upkeep
|turn|22
|
|t:|1660150185
|move|p1a: Buzzwole|Close Combat|p2a: Melmetal
|-supereffective|p2a: Melmetal
|-damage|p2a: Melmetal|13/100
|-unboost|p1a: Buzzwole|def|1
|-unboost|p1a: Buzzwole|spd|1
|move|p2a: Melmetal|Toxic|p1a: Buzzwole
|-status|p1a: Buzzwole|tox
|
|-damage|p1a: Buzzwole|55/100 tox|[from] psn
|upkeep
|turn|23
|
|t:|1660150192
|switch|p2a: Ferrothorn|Ferrothorn, M|100/100
|-damage|p2a: Ferrothorn|94/100|[from] Stealth Rock
|move|p1a: Buzzwole|Roost|p1a: Buzzwole
|-heal|p1a: Buzzwole|100/100 tox
|-singleturn|p1a: Buzzwole|move: Roost
|
|-heal|p2a: Ferrothorn|100/100|[from] item: Leftovers
|-damage|p1a: Buzzwole|88/100 tox|[from] psn
|upkeep
|turn|24
|
|t:|1660150195
|switch|p1a: Volcanion|Volcanion|59/100 tox
|move|p2a: Ferrothorn|Stealth Rock|p1a: Volcanion
|-sidestart|p1: LT92PF El Mainer|move: Stealth Rock
|
|-damage|p1a: Volcanion|53/100 tox|[from] psn
|upkeep
|turn|25
|
|t:|1660150202
|switch|p2a: Zapdos|Zapdos|70/100
|move|p1a: Volcanion|Flamethrower|p2a: Zapdos
|-damage|p2a: Zapdos|21/100
|
|-damage|p1a: Volcanion|41/100 tox|[from] psn
|upkeep
|turn|26
|
|t:|1660150208
|switch|p1a: Excadrill|Excadrill, F|100/100
|-damage|p1a: Excadrill|97/100|[from] Stealth Rock
|move|p2a: Zapdos|Roost|p2a: Zapdos
|-heal|p2a: Zapdos|71/100
|-singleturn|p2a: Zapdos|move: Roost
|
|-heal|p1a: Excadrill|100/100|[from] item: Leftovers
|upkeep
|turn|27
|
|t:|1660150210
|switch|p2a: Urshifu|Urshifu-Rapid-Strike, M|100/100
|-damage|p2a: Urshifu|94/100|[from] Stealth Rock
|move|p1a: Excadrill|Earthquake|p2a: Urshifu
|-damage|p2a: Urshifu|38/100
|
|upkeep
|turn|28
|
|t:|1660150217
|switch|p2a: Ferrothorn|Ferrothorn, M|100/100
|-damage|p2a: Ferrothorn|94/100|[from] Stealth Rock
|switch|p1a: Buzzwole|Buzzwole|88/100 tox
|-damage|p1a: Buzzwole|76/100 tox|[from] Stealth Rock
|
|-heal|p2a: Ferrothorn|100/100|[from] item: Leftovers
|-damage|p1a: Buzzwole|69/100 tox|[from] psn
|upkeep
|turn|29
|l| LT92PF agmmys
|
|t:|1660150221
|switch|p1a: Slowking|Slowking-Galar, M|100/100
|-damage|p1a: Slowking|88/100|[from] Stealth Rock
|move|p2a: Ferrothorn|Knock Off|p1a: Slowking
|-supereffective|p1a: Slowking
|-damage|p1a: Slowking|54/100
|-enditem|p1a: Slowking|Black Sludge|[from] move: Knock Off|[of] p2a: Ferrothorn
|
|upkeep
|turn|30
|j| xray
|
|t:|1660150229
|switch|p2a: Landorus|Landorus-Therian, M|68/100
|-damage|p2a: Landorus|56/100|[from] Stealth Rock
|-ability|p2a: Landorus|Intimidate|boost
|-unboost|p1a: Slowking|atk|1
|move|p1a: Slowking|Trick||[still]
|-fail|p1a: Slowking
|
|upkeep
|turn|31
|j| DJ CRIB DEF
|
|t:|1660150233
|switch|p1a: Tornadus|Tornadus-Therian, M|97/100 tox
|move|p2a: Landorus|U-turn|p1a: Tornadus
|-resisted|p1a: Tornadus
|-damage|p1a: Tornadus|84/100 tox
|
|t:|1660150235
|switch|p2a: Ferrothorn|Ferrothorn, M|100/100|[from]move: U-turn
|-damage|p2a: Ferrothorn|94/100|[from] Stealth Rock
|
|-heal|p2a: Ferrothorn|100/100|[from] item: Leftovers
|-damage|p1a: Tornadus|78/100 tox|[from] psn
|upkeep
|turn|32
|
|t:|1660150244
|switch|p1a: Slowking|Slowking-Galar, M|87/100
|-damage|p1a: Slowking|74/100|[from] Stealth Rock
|move|p2a: Ferrothorn|Leech Seed|p1a: Slowking
|-start|p1a: Slowking|move: Leech Seed
|
|-damage|p1a: Slowking|62/100|[from] Leech Seed|[of] p2a: Ferrothorn
|upkeep
|turn|33
|
|t:|1660150247
|switch|p1a: Tornadus|Tornadus-Therian, M|100/100 tox
|move|p2a: Ferrothorn|Knock Off|p1a: Tornadus
|-damage|p1a: Tornadus|77/100 tox
|-enditem|p1a: Tornadus|Heavy-Duty Boots|[from] move: Knock Off|[of] p2a: Ferrothorn
|
|-damage|p1a: Tornadus|71/100 tox|[from] psn
|upkeep
|turn|34
|
|t:|1660150250
|move|p1a: Tornadus|Knock Off|p2a: Ferrothorn
|-damage|p2a: Ferrothorn|89/100
|-damage|p1a: Tornadus|59/100 tox|[from] ability: Iron Barbs|[of] p2a: Ferrothorn
|-enditem|p2a: Ferrothorn|Leftovers|[from] move: Knock Off|[of] p1a: Tornadus
|move|p2a: Ferrothorn|Leech Seed|p1a: Tornadus
|-start|p1a: Tornadus|move: Leech Seed
|
|-damage|p1a: Tornadus|46/100 tox|[from] Leech Seed|[of] p2a: Ferrothorn
|-heal|p2a: Ferrothorn|100/100|[silent]
|-damage|p1a: Tornadus|34/100 tox|[from] psn
|upkeep
|turn|35
|l| LT92PF Aniruddh
|
|t:|1660150260
|switch|p1a: Slowking|Slowking-Galar, M|95/100
|-damage|p1a: Slowking|83/100|[from] Stealth Rock
|move|p2a: Ferrothorn|Leech Seed|p1a: Slowking
|-start|p1a: Slowking|move: Leech Seed
|
|-damage|p1a: Slowking|70/100|[from] Leech Seed|[of] p2a: Ferrothorn
|upkeep
|turn|36
|
|t:|1660150264
|switch|p1a: Tyranitar|Tyranitar, M|100/100
|-damage|p1a: Tyranitar|88/100|[from] Stealth Rock
|-weather|Sandstorm|[from] ability: Sand Stream|[of] p1a: Tyranitar
|move|p2a: Ferrothorn|Knock Off|p1a: Tyranitar
|-resisted|p1a: Tyranitar
|-damage|p1a: Tyranitar|79/100
|-enditem|p1a: Tyranitar|Choice Band|[from] move: Knock Off|[of] p2a: Ferrothorn
|
|-weather|Sandstorm|[upkeep]
|upkeep
|turn|37
|
|t:|1660150267
|move|p1a: Tyranitar|Fire Punch|p2a: Ferrothorn
|-supereffective|p2a: Ferrothorn
|-damage|p2a: Ferrothorn|31/100
|-damage|p1a: Tyranitar|66/100|[from] ability: Iron Barbs|[of] p2a: Ferrothorn
|move|p2a: Ferrothorn|Gyro Ball|p1a: Tyranitar
|-supereffective|p1a: Tyranitar
|-damage|p1a: Tyranitar|0 fnt
|faint|p1a: Tyranitar
|
|-weather|Sandstorm|[upkeep]
|upkeep
|l| DJ CRIB DEF
|
|t:|1660150271
|switch|p1a: Excadrill|Excadrill, F|100/100
|-damage|p1a: Excadrill|97/100|[from] Stealth Rock
|turn|38
|j| Keblar
|
|t:|1660150275
|switch|p2a: Landorus|Landorus-Therian, M|56/100
|-damage|p2a: Landorus|44/100|[from] Stealth Rock
|-ability|p2a: Landorus|Intimidate|boost
|-unboost|p1a: Excadrill|atk|1
|move|p1a: Excadrill|Swords Dance|p1a: Excadrill
|-boost|p1a: Excadrill|atk|2
|
|-weather|Sandstorm|[upkeep]
|-heal|p1a: Excadrill|100/100|[from] item: Leftovers
|upkeep
|turn|39
|
|t:|1660150280
|switch|p2a: Zapdos|Zapdos|71/100
|move|p1a: Excadrill|Rock Slide|p2a: Zapdos|[miss]
|-miss|p1a: Excadrill|p2a: Zapdos
|
|-weather|Sandstorm|[upkeep]
|-damage|p2a: Zapdos|65/100|[from] Sandstorm
|upkeep
|turn|40
|
|t:|1660150284
|switch|p2a: Ferrothorn|Ferrothorn, M|31/100
|-damage|p2a: Ferrothorn|25/100|[from] Stealth Rock
|move|p1a: Excadrill|Rock Slide|p2a: Ferrothorn
|-resisted|p2a: Ferrothorn
|-damage|p2a: Ferrothorn|12/100
|
|-weather|none
|upkeep
|turn|41
|
|t:|1660150286
|move|p1a: Excadrill|Earthquake|p2a: Ferrothorn
|-damage|p2a: Ferrothorn|0 fnt
|faint|p2a: Ferrothorn
|
|upkeep
|
|t:|1660150288
|switch|p2a: Urshifu|Urshifu-Rapid-Strike, M|38/100
|-damage|p2a: Urshifu|32/100|[from] Stealth Rock
|turn|42
|
|t:|1660150291
|switch|p2a: Zapdos|Zapdos|65/100
|switch|p1a: Buzzwole|Buzzwole|69/100 tox
|-damage|p1a: Buzzwole|57/100 tox|[from] Stealth Rock
|
|-damage|p1a: Buzzwole|51/100 tox|[from] psn
|upkeep
|turn|43
|
|t:|1660150294
|switch|p1a: Excadrill|Excadrill, F|100/100
|-damage|p1a: Excadrill|97/100|[from] Stealth Rock
|move|p2a: Zapdos|Hurricane|p1a: Excadrill
|-resisted|p1a: Excadrill
|-damage|p1a: Excadrill|68/100
|
|-heal|p1a: Excadrill|74/100|[from] item: Leftovers
|upkeep
|turn|44
|
|t:|1660150299
|switch|p2a: Urshifu|Urshifu-Rapid-Strike, M|32/100
|-damage|p2a: Urshifu|26/100|[from] Stealth Rock
|move|p1a: Excadrill|Rock Slide|p2a: Urshifu
|-resisted|p2a: Urshifu
|-damage|p2a: Urshifu|10/100
|
|-heal|p1a: Excadrill|80/100|[from] item: Leftovers
|upkeep
|turn|45
|l| Tace
|
|t:|1660150303
|switch|p2a: Landorus|Landorus-Therian, M|44/100
|-damage|p2a: Landorus|31/100|[from] Stealth Rock
|-ability|p2a: Landorus|Intimidate|boost
|-unboost|p1a: Excadrill|atk|1
|switch|p1a: Volcanion|Volcanion|41/100 tox
|
|-damage|p1a: Volcanion|35/100 tox|[from] psn
|upkeep
|turn|46
|
|t:|1660150306
|switch|p2a: Melmetal|Melmetal|13/100
|-damage|p2a: Melmetal|7/100|[from] Stealth Rock
|move|p1a: Volcanion|Flamethrower|p2a: Melmetal
|-supereffective|p2a: Melmetal
|-damage|p2a: Melmetal|0 fnt
|faint|p2a: Melmetal
|
|-damage|p1a: Volcanion|23/100 tox|[from] psn
|upkeep
|
|t:|1660150307
|switch|p2a: Zapdos|Zapdos|65/100
|turn|47
|
|t:|1660150310
|switch|p1a: Slowking|Slowking-Galar, M|100/100
|-damage|p1a: Slowking|88/100|[from] Stealth Rock
|move|p2a: Zapdos|Hurricane|p1a: Slowking
|-damage|p1a: Slowking|54/100
|
|upkeep
|turn|48
|
|t:|1660150314
|move|p2a: Zapdos|Hurricane|p1a: Slowking|[miss]
|-miss|p2a: Zapdos|p1a: Slowking
|move|p1a: Slowking|Sludge Bomb|p2a: Zapdos
|-damage|p2a: Zapdos|32/100
|
|upkeep
|turn|49
|
|t:|1660150317
|move|p2a: Zapdos|Roost|p2a: Zapdos
|-heal|p2a: Zapdos|82/100
|-singleturn|p2a: Zapdos|move: Roost
|move|p1a: Slowking|Sludge Bomb|p2a: Zapdos
|-damage|p2a: Zapdos|49/100
|
|upkeep
|turn|50
|
|t:|1660150321
|move|p2a: Zapdos|Roost|p2a: Zapdos
|-heal|p2a: Zapdos|99/100
|-singleturn|p2a: Zapdos|move: Roost
|move|p1a: Slowking|Sludge Bomb|p2a: Zapdos
|-damage|p2a: Zapdos|66/100
|
|upkeep
|turn|51
|
|t:|1660150323
|move|p2a: Zapdos|Hurricane|p1a: Slowking
|-damage|p1a: Slowking|21/100
|move|p1a: Slowking|Sludge Bomb|p2a: Zapdos
|-damage|p2a: Zapdos|32/100
|
|upkeep
|turn|52
|
|t:|1660150325
|switch|p1a: Excadrill|Excadrill, F|80/100
|-damage|p1a: Excadrill|77/100|[from] Stealth Rock
|move|p2a: Zapdos|Hurricane|p1a: Excadrill|[miss]
|-miss|p2a: Zapdos|p1a: Excadrill
|
|-heal|p1a: Excadrill|83/100|[from] item: Leftovers
|upkeep
|turn|53
|
|t:|1660150329
|switch|p2a: Landorus|Landorus-Therian, M|31/100
|-damage|p2a: Landorus|19/100|[from] Stealth Rock
|-ability|p2a: Landorus|Intimidate|boost
|-unboost|p1a: Excadrill|atk|1
|move|p1a: Excadrill|Rock Slide|p2a: Landorus
|-damage|p2a: Landorus|0 fnt
|faint|p2a: Landorus
|
|-heal|p1a: Excadrill|89/100|[from] item: Leftovers
|upkeep
|
|t:|1660150341
|switch|p2a: Urshifu|Urshifu-Rapid-Strike, M|10/100
|-damage|p2a: Urshifu|4/100|[from] Stealth Rock
|turn|54
|
|t:|1660150344
|switch|p1a: Buzzwole|Buzzwole|51/100 tox
|-damage|p1a: Buzzwole|38/100 tox|[from] Stealth Rock
|move|p2a: Urshifu|Close Combat|p1a: Buzzwole
|-resisted|p1a: Buzzwole
|-damage|p1a: Buzzwole|23/100 tox
|-unboost|p2a: Urshifu|def|1
|-unboost|p2a: Urshifu|spd|1
|-damage|p2a: Urshifu|0 fnt|[from] item: Rocky Helmet|[of] p1a: Buzzwole
|faint|p2a: Urshifu
|
|-damage|p1a: Buzzwole|17/100 tox|[from] psn
|upkeep
|-message|Coach Jones 6fifth forfeited.
|
|win|LT92PF El Mainer
|raw|LT92PF El Mainer's rating: 1928 &rarr; <strong>1945</strong><br />(+17 for winning)
|raw|Coach Jones 6fifth's rating: 1870 &rarr; <strong>1853</strong><br />(-17 for losing)
|c|☆Coach Jones 6fifth|gg
|l|☆Coach Jones 6fifth
|c|☆LT92PF El Mainer|Gg
|l|☆LT92PF El Mainer
|l| Keblar
