|j|☆yung_iznamakin
|j|☆Aquila028
|t:|1648622141
|gametype|singles
|player|p1|yung_iznamakin|brendan-gen3|1436
|player|p2|Aquila028|aaron|1417
|teamsize|p1|6
|teamsize|p2|6
|gen|8
|tier|[Gen 8] OU
|rated|
|rule|Sleep Clause Mod: Limit one foe put to sleep
|rule|Species Clause: Limit one of each Pokémon
|rule|OHKO Clause: OHKO moves are banned
|rule|Evasion Moves Clause: Evasion moves are banned
|rule|Endless Battle Clause: Forcing endless battles is banned
|rule|HP Percentage Mod: HP is shown in percentages
|rule|Dynamax Clause: You cannot dynamax
|clearpoke
|poke|p1|Kartana|
|poke|p1|Tapu Lele|
|poke|p1|Toxapex, M|
|poke|p1|Mandibuzz, F|
|poke|p1|Magnezone|
|poke|p1|Landorus-Therian, M|
|poke|p2|Aurorus, M|
|poke|p2|Arctozolt|
|poke|p2|Ninetales-Alola, F|
|poke|p2|Zapdos-Galar|
|poke|p2|Zeraora|
|poke|p2|Gengar, F|
|teampreview
|inactive|Battle timer is ON: inactive players will automatically lose when time's up. (requested by yung_iznamakin)
|
|t:|1648622154
|start
|switch|p1a: Kartana|Kartana|100/100
|switch|p2a: Aurorus|Aurorus, M|100/100
|-weather|Hail|[from] ability: Snow Warning|[of] p2a: Aurorus
|turn|1
|
|t:|1648622159
|move|p1a: Kartana|Smart Strike|p2a: Aurorus
|-supereffective|p2a: Aurorus
|-enditem|p2a: Aurorus|Focus Sash
|-damage|p2a: Aurorus|1/100
|move|p2a: Aurorus|Blizzard|p1a: Kartana
|-damage|p1a: Kartana|0 fnt
|faint|p1a: Kartana
|
|-weather|Hail|[upkeep]
|upkeep
|
|t:|1648622168
|switch|p1a: Tapu Lele|Tapu Lele, shiny|100/100
|-fieldstart|move: Psychic Terrain|[from] ability: Psychic Surge|[of] p1a: Tapu Lele
|turn|2
|
|t:|1648622178
|move|p1a: Tapu Lele|Psychic|p2a: Aurorus
|-damage|p2a: Aurorus|0 fnt
|faint|p2a: Aurorus
|
|-weather|Hail|[upkeep]
|-damage|p1a: Tapu Lele|94/100|[from] Hail
|upkeep
|
|t:|1648622191
|switch|p2a: Arctozolt|Arctozolt|100/100
|turn|3
|
|t:|1648622209
|switch|p1a: Magnezone|Magnezone|100/100
|move|p2a: Arctozolt|Bolt Beak|p1a: Magnezone
|-resisted|p1a: Magnezone
|-damage|p1a: Magnezone|63/100
|
|-weather|Hail|[upkeep]
|-damage|p1a: Magnezone|57/100|[from] Hail
|-heal|p1a: Magnezone|63/100|[from] item: Leftovers
|upkeep
|turn|4
|
|t:|1648622217
|switch|p2a: Zeraora|Zeraora|100/100
|move|p1a: Magnezone|Body Press|p2a: Zeraora
|-damage|p2a: Zeraora|66/100
|
|-weather|Hail|[upkeep]
|-damage|p2a: Zeraora|60/100|[from] Hail
|-damage|p1a: Magnezone|57/100|[from] Hail
|-heal|p2a: Zeraora|66/100|[from] item: Leftovers
|-heal|p1a: Magnezone|63/100|[from] item: Leftovers
|upkeep
|turn|5
|
|t:|1648622230
|switch|p1a: Landorus|Landorus-Therian, M|100/100
|-ability|p1a: Landorus|Intimidate|boost
|-unboost|p2a: Zeraora|atk|1
|move|p2a: Zeraora|Knock Off|p1a: Landorus
|-damage|p1a: Landorus|82/100
|-enditem|p1a: Landorus|Leftovers|[from] move: Knock Off|[of] p2a: Zeraora
|
|-weather|none
|-heal|p2a: Zeraora|72/100|[from] item: Leftovers
|upkeep
|turn|6
|
|t:|1648622239
|switch|p2a: Zapdos|Zapdos-Galar|100/100
|move|p1a: Landorus|Stealth Rock|p2a: Zapdos
|-sidestart|p2: Aquila028|move: Stealth Rock
|
|-fieldend|move: Psychic Terrain
|upkeep
|turn|7
|
|t:|1648622244
|switch|p1a: Toxapex|Toxapex, M|100/100
|move|p2a: Zapdos|Substitute|p2a: Zapdos
|-start|p2a: Zapdos|Substitute
|-damage|p2a: Zapdos|76/100
|
|-heal|p2a: Zapdos|82/100|[from] item: Leftovers
|upkeep
|turn|8
|
|t:|1648622251
|move|p2a: Zapdos|Bulk Up|p2a: Zapdos
|-boost|p2a: Zapdos|atk|1
|-boost|p2a: Zapdos|def|1
|move|p1a: Toxapex|Toxic Spikes|p2a: Zapdos
|-sidestart|p2: Aquila028|move: Toxic Spikes
|
|-heal|p2a: Zapdos|88/100|[from] item: Leftovers
|upkeep
|turn|9
|
|t:|1648622258
|move|p2a: Zapdos|Drill Peck|p1a: Toxapex
|-damage|p1a: Toxapex|66/100
|-enditem|p1a: Toxapex|Eject Button
|
|t:|1648622264
|switch|p1a: Magnezone|Magnezone|63/100
|
|-heal|p2a: Zapdos|94/100|[from] item: Leftovers
|-heal|p1a: Magnezone|69/100|[from] item: Leftovers
|upkeep
|turn|10
|
|t:|1648622272
|switch|p1a: Tapu Lele|Tapu Lele, shiny|94/100
|-fieldstart|move: Psychic Terrain|[from] ability: Psychic Surge|[of] p1a: Tapu Lele
|move|p2a: Zapdos|Bulk Up|p2a: Zapdos
|-boost|p2a: Zapdos|atk|1
|-boost|p2a: Zapdos|def|1
|
|-heal|p2a: Zapdos|100/100|[from] item: Leftovers
|upkeep
|turn|11
|
|t:|1648622281
|switch|p1a: Magnezone|Magnezone|69/100
|move|p2a: Zapdos|Drill Peck|p1a: Magnezone
|-resisted|p1a: Magnezone
|-damage|p1a: Magnezone|52/100
|
|-heal|p1a: Magnezone|58/100|[from] item: Leftovers
|upkeep
|turn|12
|
|t:|1648622288
|move|p2a: Zapdos|Bulk Up|p2a: Zapdos
|-boost|p2a: Zapdos|atk|1
|-boost|p2a: Zapdos|def|1
|move|p1a: Magnezone|Thunderbolt|p2a: Zapdos
|-supereffective|p2a: Zapdos
|-end|p2a: Zapdos|Substitute
|
|-heal|p1a: Magnezone|64/100|[from] item: Leftovers
|upkeep
|turn|13
|
|t:|1648622296
|move|p2a: Zapdos|Close Combat|p1a: Magnezone
|-supereffective|p1a: Magnezone
|-damage|p1a: Magnezone|0 fnt
|-unboost|p2a: Zapdos|def|1
|-unboost|p2a: Zapdos|spd|1
|faint|p1a: Magnezone
|
|upkeep
|
|t:|1648622302
|switch|p1a: Tapu Lele|Tapu Lele, shiny|94/100
|turn|14
|
|t:|1648622305
|move|p1a: Tapu Lele|Psychic|p2a: Zapdos
|-supereffective|p2a: Zapdos
|-damage|p2a: Zapdos|0 fnt
|faint|p2a: Zapdos
|
|-fieldend|move: Psychic Terrain
|upkeep
|
|t:|1648622309
|switch|p2a: Gengar|Gengar, F|100/100
|-sideend|p2: Aquila028|move: Toxic Spikes|[of] p2a: Gengar
|-damage|p2a: Gengar|88/100|[from] Stealth Rock
|turn|15
|
|t:|1648622316
|switch|p1a: Toxapex|Toxapex, M|99/100
|move|p2a: Gengar|Shadow Ball|p1a: Toxapex
|-damage|p1a: Toxapex|64/100
|-unboost|p1a: Toxapex|spd|1
|
|upkeep
|turn|16
|
|t:|1648622322
|switch|p2a: Ninetales|Ninetales-Alola, F|100/100
|-damage|p2a: Ninetales|76/100|[from] Stealth Rock
|-weather|Hail|[from] ability: Snow Warning|[of] p2a: Ninetales
|move|p1a: Toxapex|Knock Off|p2a: Ninetales
|-resisted|p2a: Ninetales
|-damage|p2a: Ninetales|67/100
|-enditem|p2a: Ninetales|Icy Rock|[from] move: Knock Off|[of] p1a: Toxapex
|
|-weather|Hail|[upkeep]
|-damage|p1a: Toxapex|57/100|[from] Hail
|upkeep
|turn|17
|
|t:|1648622333
|switch|p2a: Arctozolt|Arctozolt|100/100
|switch|p1a: Tapu Lele|Tapu Lele, shiny|94/100
|-fieldstart|move: Psychic Terrain|[from] ability: Psychic Surge|[of] p1a: Tapu Lele
|
|-weather|Hail|[upkeep]
|-damage|p1a: Tapu Lele|88/100|[from] Hail
|upkeep
|turn|18
|
|t:|1648622349
|switch|p1a: Landorus|Landorus-Therian, M|82/100
|-ability|p1a: Landorus|Intimidate|boost
|-unboost|p2a: Arctozolt|atk|1
|move|p2a: Arctozolt|Bolt Beak|p1a: Landorus
|-immune|p1a: Landorus
|
|-weather|Hail|[upkeep]
|-damage|p1a: Landorus|76/100|[from] Hail
|upkeep
|turn|19
|
|t:|1648622359
|switch|p1a: Toxapex|Toxapex, M|91/100
|move|p2a: Arctozolt|Freeze-Dry|p1a: Toxapex
|-supereffective|p1a: Toxapex
|-damage|p1a: Toxapex|55/100
|
|-weather|Hail|[upkeep]
|-damage|p1a: Toxapex|49/100|[from] Hail
|upkeep
|turn|20
|
|t:|1648622367
|switch|p1a: Landorus|Landorus-Therian, M|76/100
|-ability|p1a: Landorus|Intimidate|boost
|-unboost|p2a: Arctozolt|atk|1
|move|p2a: Arctozolt|Bolt Beak|p1a: Landorus
|-immune|p1a: Landorus
|
|-weather|Hail|[upkeep]
|-damage|p1a: Landorus|70/100|[from] Hail
|upkeep
|turn|21
|
|t:|1648622394
|switch|p1a: Toxapex|Toxapex, M|82/100
|move|p2a: Arctozolt|Freeze-Dry|p1a: Toxapex
|-supereffective|p1a: Toxapex
|-damage|p1a: Toxapex|46/100
|
|-weather|Hail|[upkeep]
|-damage|p1a: Toxapex|40/100|[from] Hail
|-fieldend|move: Psychic Terrain
|upkeep
|turn|22
|
|t:|1648622403
|switch|p1a: Landorus|Landorus-Therian, M|70/100
|-ability|p1a: Landorus|Intimidate|boost
|-unboost|p2a: Arctozolt|atk|1
|move|p2a: Arctozolt|Freeze-Dry|p1a: Landorus
|-supereffective|p1a: Landorus
|-damage|p1a: Landorus|3/100
|
|-weather|Hail|[upkeep]
|-damage|p1a: Landorus|0 fnt|[from] Hail
|faint|p1a: Landorus
|upkeep
|
|t:|1648622412
|switch|p1a: Tapu Lele|Tapu Lele, shiny|88/100
|-fieldstart|move: Psychic Terrain|[from] ability: Psychic Surge|[of] p1a: Tapu Lele
|turn|23
|
|t:|1648622419
|switch|p2a: Zeraora|Zeraora|72/100
|-damage|p2a: Zeraora|60/100|[from] Stealth Rock
|move|p1a: Tapu Lele|Psychic|p2a: Zeraora
|-damage|p2a: Zeraora|0 fnt
|faint|p2a: Zeraora
|
|-weather|none
|upkeep
|
|t:|1648622420
|switch|p2a: Ninetales|Ninetales-Alola, F|67/100
|-damage|p2a: Ninetales|42/100|[from] Stealth Rock
|-weather|Hail|[from] ability: Snow Warning|[of] p2a: Ninetales
|turn|24
|
|t:|1648622431
|switch|p1a: Toxapex|Toxapex, M|73/100
|switch|p2a: Gengar|Gengar, F|88/100
|-damage|p2a: Gengar|76/100|[from] Stealth Rock
|
|-weather|Hail|[upkeep]
|-damage|p2a: Gengar|70/100|[from] Hail
|-damage|p1a: Toxapex|67/100|[from] Hail
|upkeep
|turn|25
|
|t:|1648622439
|move|p2a: Gengar|Trick|p1a: Toxapex
|-activate|p2a: Gengar|move: Trick|[of] p1a: Toxapex
|-item|p1a: Toxapex|Choice Scarf|[from] move: Trick
|-enditem|p2a: Gengar|Choice Scarf|[silent]|[from] move: Trick
|move|p1a: Toxapex|Recover|p1a: Toxapex
|-heal|p1a: Toxapex|100/100
|
|-weather|Hail|[upkeep]
|-damage|p2a: Gengar|64/100|[from] Hail
|-damage|p1a: Toxapex|94/100|[from] Hail
|upkeep
|turn|26
|
|t:|1648622446
|switch|p2a: Arctozolt|Arctozolt|100/100
|move|p1a: Toxapex|Recover|p1a: Toxapex
|-heal|p1a: Toxapex|100/100
|
|-weather|Hail|[upkeep]
|-damage|p1a: Toxapex|94/100|[from] Hail
|upkeep
|turn|27
|
|t:|1648622453
|move|p2a: Arctozolt|Bolt Beak|p1a: Toxapex
|-supereffective|p1a: Toxapex
|-damage|p1a: Toxapex|0 fnt
|faint|p1a: Toxapex
|
|-weather|Hail|[upkeep]
|-fieldend|move: Psychic Terrain
|upkeep
|-message|yung_iznamakin forfeited.
|
|win|Aquila028
|raw|yung_iznamakin's rating: 1436 &rarr; <strong>1415</strong><br />(-21 for losing)
|raw|Aquila028's rating: 1417 &rarr; <strong>1438</strong><br />(+21 for winning)
|l|☆yung_iznamakin
