|j|☆Seigneur-Fou
|j|☆DaBusta
|t:|1661198521
|gametype|singles
|player|p1|Seigneur-Fou|266|1460
|player|p2|DaBusta|fisherman|1408
|teamsize|p1|6
|teamsize|p2|6
|gen|8
|tier|[Gen 8] OU
|rated|
|rule|Sleep Clause Mod: Limit one foe put to sleep
|rule|Species Clause: Limit one of each Pokémon
|rule|OHKO Clause: OHKO moves are banned
|rule|Evasion Items Clause: Evasion items are banned
|rule|Evasion Moves Clause: Evasion moves are banned
|rule|Endless Battle Clause: Forcing endless battles is banned
|rule|HP Percentage Mod: HP is shown in percentages
|rule|Dynamax Clause: You cannot dynamax
|clearpoke
|poke|p1|Zapdos|
|poke|p1|Landorus-Therian, M|
|poke|p1|Hydreigon, F|
|poke|p1|Melmetal|
|poke|p1|Clefable, F|
|poke|p1|Heatran, M|
|poke|p2|Zapdos|
|poke|p2|Slowbro, M|
|poke|p2|Scizor, F|
|poke|p2|Tapu Lele|
|poke|p2|Garchomp, M|
|poke|p2|Heatran, M|
|teampreview
|inactive|Battle timer is ON: inactive players will automatically lose when time's up. (requested by Seigneur-Fou)
|
|t:|1661198538
|start
|switch|p1a: Landorus|Landorus-Therian, M|100/100
|switch|p2a: Slowbro|Slowbro, M|100/100
|-ability|p1a: Landorus|Intimidate|boost
|-unboost|p2a: Slowbro|atk|1
|turn|1
|
|t:|1661198555
|move|p1a: Landorus|Stealth Rock|p2a: Slowbro
|-sidestart|p2: DaBusta|move: Stealth Rock
|move|p2a: Slowbro|Scald|p1a: Landorus
|-supereffective|p1a: Landorus
|-damage|p1a: Landorus|42/100
|-status|p1a: Landorus|brn
|
|-heal|p1a: Landorus|48/100 brn|[from] item: Leftovers
|-damage|p1a: Landorus|42/100 brn|[from] brn
|upkeep
|turn|2
|
|t:|1661198564
|move|p1a: Landorus|Knock Off|p2a: Slowbro
|-supereffective|p2a: Slowbro
|-damage|p2a: Slowbro|83/100
|-damage|p1a: Landorus|26/100 brn|[from] item: Rocky Helmet|[of] p2a: Slowbro
|-enditem|p2a: Slowbro|Rocky Helmet|[from] move: Knock Off|[of] p1a: Landorus
|move|p2a: Slowbro|Teleport|p2a: Slowbro
|
|t:|1661198568
|switch|p2a: Zapdos|Zapdos|100/100|[from]move: Teleport
|
|-heal|p1a: Landorus|32/100 brn|[from] item: Leftovers
|-damage|p1a: Landorus|26/100 brn|[from] brn
|upkeep
|turn|3
|
|t:|1661198576
|move|p2a: Zapdos|Defog|p1a: Landorus
|-unboost|p1a: Landorus|evasion|1
|-sideend|p2: DaBusta|Stealth Rock|[from] move: Defog|[of] p2a: Zapdos
|move|p1a: Landorus|Toxic|p2a: Zapdos
|-status|p2a: Zapdos|tox
|
|-heal|p1a: Landorus|32/100 brn|[from] item: Leftovers
|-damage|p2a: Zapdos|94/100 tox|[from] psn
|-damage|p1a: Landorus|26/100 brn|[from] brn
|upkeep
|turn|4
|
|t:|1661198602
|switch|p1a: Hydreigon|Hydreigon, F|100/100
|move|p2a: Zapdos|U-turn|p1a: Hydreigon
|-supereffective|p1a: Hydreigon
|-damage|p1a: Hydreigon|72/100
|
|t:|1661198612
|switch|p2a: Garchomp|Garchomp, M|100/100|[from]move: U-turn
|
|-heal|p1a: Hydreigon|78/100|[from] item: Leftovers
|upkeep
|turn|5
|
|t:|1661198621
|switch|p1a: Landorus|Landorus-Therian, M|26/100 brn
|-ability|p1a: Landorus|Intimidate|boost
|-unboost|p2a: Garchomp|atk|1
|move|p2a: Garchomp|Scale Shot|p1a: Landorus
|-damage|p1a: Landorus|18/100 brn
|-damage|p1a: Landorus|10/100 brn
|-hitcount|p1a: Landorus|2
|-unboost|p2a: Garchomp|def|1
|-boost|p2a: Garchomp|spe|1
|-damage|p2a: Garchomp|91/100|[from] item: Life Orb
|
|-heal|p1a: Landorus|16/100 brn|[from] item: Leftovers
|-damage|p1a: Landorus|10/100 brn|[from] brn
|upkeep
|turn|6
|
|t:|1661198635
|switch|p1a: Clefable|Clefable, F|100/100
|move|p2a: Garchomp|Scale Shot|p1a: Clefable
|-immune|p1a: Clefable
|
|upkeep
|turn|7
|
|t:|1661198645
|switch|p2a: Scizor|Scizor, F|100/100
|move|p1a: Clefable|Wish|p1a: Clefable
|
|upkeep
|turn|8
|
|t:|1661198654
|switch|p1a: Heatran|Heatran, M|100/100
|move|p2a: Scizor|U-turn|p1a: Heatran
|-resisted|p1a: Heatran
|-damage|p1a: Heatran|89/100
|-status|p2a: Scizor|brn|[from] ability: Flame Body|[of] p1a: Heatran
|
|t:|1661198659
|switch|p2a: Garchomp|Garchomp, M|91/100|[from]move: U-turn
|
|-heal|p1a: Heatran|100/100|[from] move: Wish|[wisher] Clefable
|upkeep
|turn|9
|
|t:|1661198677
|move|p2a: Garchomp|Earthquake|p1a: Heatran
|-supereffective|p1a: Heatran
|-damage|p1a: Heatran|0 fnt
|faint|p1a: Heatran
|-damage|p2a: Garchomp|81/100|[from] item: Life Orb
|
|upkeep
|
|t:|1661198683
|switch|p1a: Landorus|Landorus-Therian, M|10/100 brn
|-ability|p1a: Landorus|Intimidate|boost
|-unboost|p2a: Garchomp|atk|1
|turn|10
|
|t:|1661198691
|switch|p1a: Clefable|Clefable, F|100/100
|move|p2a: Garchomp|Scale Shot|p1a: Clefable
|-immune|p1a: Clefable
|
|upkeep
|turn|11
|
|t:|1661198700
|switch|p2a: Scizor|Scizor, F|100/100 brn
|switch|p1a: Landorus|Landorus-Therian, M|10/100 brn
|-ability|p1a: Landorus|Intimidate|boost
|-unboost|p2a: Scizor|atk|1
|
|-heal|p1a: Landorus|16/100 brn|[from] item: Leftovers
|-damage|p1a: Landorus|10/100 brn|[from] brn
|-damage|p2a: Scizor|94/100 brn|[from] brn
|upkeep
|turn|12
|
|t:|1661198710
|move|p1a: Landorus|Stealth Rock|p2a: Scizor
|-sidestart|p2: DaBusta|move: Stealth Rock
|move|p2a: Scizor|U-turn|p1a: Landorus
|-resisted|p1a: Landorus
|-damage|p1a: Landorus|4/100 brn
|
|t:|1661198713
|switch|p2a: Zapdos|Zapdos|94/100 tox|[from]move: U-turn
|
|-heal|p1a: Landorus|10/100 brn|[from] item: Leftovers
|-damage|p2a: Zapdos|88/100 tox|[from] psn
|-damage|p1a: Landorus|4/100 brn|[from] brn
|upkeep
|turn|13
|
|t:|1661198720
|move|p2a: Zapdos|Defog|p1a: Landorus
|-unboost|p1a: Landorus|evasion|1
|-sideend|p2: DaBusta|Stealth Rock|[from] move: Defog|[of] p2a: Zapdos
|move|p1a: Landorus|Stealth Rock|p2a: Zapdos
|-sidestart|p2: DaBusta|move: Stealth Rock
|
|-heal|p1a: Landorus|10/100 brn|[from] item: Leftovers
|-damage|p2a: Zapdos|76/100 tox|[from] psn
|-damage|p1a: Landorus|4/100 brn|[from] brn
|upkeep
|turn|14
|
|t:|1661198728
|move|p2a: Zapdos|U-turn|p1a: Landorus
|-resisted|p1a: Landorus
|-damage|p1a: Landorus|0 fnt
|faint|p1a: Landorus
|
|t:|1661198740
|switch|p2a: Scizor|Scizor, F|94/100 brn|[from]move: U-turn
|-damage|p2a: Scizor|82/100 brn|[from] Stealth Rock
|
|-damage|p2a: Scizor|76/100 brn|[from] brn
|upkeep
|
|t:|1661198753
|switch|p1a: Clefable|Clefable, F|100/100
|turn|15
|
|t:|1661198770
|move|p2a: Scizor|Bullet Punch|p1a: Clefable
|-supereffective|p1a: Clefable
|-damage|p1a: Clefable|60/100
|move|p1a: Clefable|Mystical Fire|p2a: Scizor
|-supereffective|p2a: Scizor
|-damage|p2a: Scizor|0 fnt
|faint|p2a: Scizor
|
|-heal|p1a: Clefable|66/100|[from] item: Leftovers
|upkeep
|inactive|DaBusta has 120 seconds left.
|
|t:|1661198795
|switch|p2a: Tapu Lele|Tapu Lele|100/100
|-damage|p2a: Tapu Lele|88/100|[from] Stealth Rock
|-fieldstart|move: Psychic Terrain|[from] ability: Psychic Surge|[of] p2a: Tapu Lele
|turn|16
|inactive|DaBusta has 120 seconds left.
|
|t:|1661198803
|move|p1a: Clefable|Protect|p1a: Clefable
|-singleturn|p1a: Clefable|Protect
|move|p2a: Tapu Lele|Moonblast|p1a: Clefable
|-activate|p1a: Clefable|move: Protect
|
|-heal|p1a: Clefable|72/100|[from] item: Leftovers
|upkeep
|turn|17
|
|t:|1661198812
|switch|p2a: Garchomp|Garchomp, M|81/100
|-damage|p2a: Garchomp|75/100|[from] Stealth Rock
|move|p1a: Clefable|Wish|p1a: Clefable
|
|-heal|p1a: Clefable|78/100|[from] item: Leftovers
|upkeep
|turn|18
|
|t:|1661198822
|move|p2a: Garchomp|Swords Dance|p2a: Garchomp
|-boost|p2a: Garchomp|atk|2
|move|p1a: Clefable|Teleport|p1a: Clefable
|
|t:|1661198829
|switch|p1a: Zapdos|Zapdos|100/100|[from]move: Teleport
|
|upkeep
|turn|19
|
|t:|1661198833
|move|p2a: Garchomp|Scale Shot|p1a: Zapdos
|-damage|p1a: Zapdos|63/100
|-damage|p1a: Zapdos|28/100
|-damage|p1a: Zapdos|0 fnt
|faint|p1a: Zapdos
|-hitcount|p1: Zapdos|3
|-unboost|p2a: Garchomp|def|1
|-boost|p2a: Garchomp|spe|1
|-damage|p2a: Garchomp|65/100|[from] item: Life Orb
|
|upkeep
|-message|Seigneur-Fou forfeited.
|
|win|DaBusta
|raw|Seigneur-Fou's rating: 1460 &rarr; <strong>1437</strong><br />(-23 for losing)
|raw|DaBusta's rating: 1408 &rarr; <strong>1431</strong><br />(+23 for winning)
|l|☆Seigneur-Fou
