|j|☆Mel2345
|j|☆lil tofa
|inactive|Battle timer is ON: inactive players will automatically lose when time's up.
|t:|1641048274
|gametype|singles
|player|p1|Mel2345|cheren-gen5bw2|
|player|p2|lil tofa|ethan-gen2c|
|teamsize|p1|6
|teamsize|p2|6
|gen|8
|tier|[Gen 8] OU
|rated|Tournament battle
|rule|Sleep Clause Mod: Limit one foe put to sleep
|rule|Species Clause: Limit one of each Pokémon
|rule|OHKO Clause: OHKO moves are banned
|rule|Evasion Moves Clause: Evasion moves are banned
|rule|Endless Battle Clause: Forcing endless battles is banned
|rule|HP Percentage Mod: HP is shown in percentages
|rule|Dynamax Clause: You cannot dynamax
|clearpoke
|poke|p1|Mew|
|poke|p1|Rillaboom, F|
|poke|p1|Bisharp, M|
|poke|p1|Dragapult, F|
|poke|p1|Garchomp, M|
|poke|p1|Zapdos-Galar|
|poke|p2|Urshifu-*, M|
|poke|p2|Slowking-Galar, F|
|poke|p2|Crawdaunt, F|
|poke|p2|Garchomp, M|
|poke|p2|Clefable, M|
|poke|p2|Cryogonal|
|teampreview
|inactive|lil tofa also wants the timer to be on.
|inactive|Mel2345 also wants the timer to be on.
|j|@azure nights
|inactive|lil tofa has 120 seconds left.
|
|t:|1641048305
|start
|switch|p1a: BOUMosaurus|Mew|100/100
|switch|p2a: Garchomp|Garchomp, M|100/100
|turn|1
|c|☆Mel2345|hf
|c|☆lil tofa|u2
|
|t:|1641048316
|move|p1a: BOUMosaurus|Taunt|p2a: Garchomp
|-start|p2a: Garchomp|move: Taunt
|cant|p2a: Garchomp|move: Taunt|Stealth Rock
|
|upkeep
|turn|2
|
|t:|1641048320
|move|p1a: BOUMosaurus|Stealth Rock|p2a: Garchomp
|-sidestart|p2: lil tofa|move: Stealth Rock
|move|p2a: Garchomp|Earthquake|p1a: BOUMosaurus
|-damage|p1a: BOUMosaurus|66/100
|-enditem|p1a: BOUMosaurus|Red Card|[of] p2a: Garchomp
|drag|p2a: Cryogonal|Cryogonal|100/100
|
|upkeep
|turn|3
|
|t:|1641048328
|move|p2a: Cryogonal|Rapid Spin|p1a: BOUMosaurus
|-damage|p1a: BOUMosaurus|60/100
|-boost|p2a: Cryogonal|spe|1
|-sideend|p2: lil tofa|Stealth Rock|[from] move: Rapid Spin|[of] p2a: Cryogonal
|move|p1a: BOUMosaurus|Spikes|p2a: Cryogonal
|-sidestart|p2: lil tofa|Spikes
|
|upkeep
|turn|4
|
|t:|1641048339
|move|p2a: Cryogonal|Rapid Spin|p1a: BOUMosaurus
|-damage|p1a: BOUMosaurus|55/100
|-boost|p2a: Cryogonal|spe|1
|-sideend|p2: lil tofa|Spikes|[from] move: Rapid Spin|[of] p2a: Cryogonal
|move|p1a: BOUMosaurus|Flare Blitz|p2a: Cryogonal
|-supereffective|p2a: Cryogonal
|-damage|p2a: Cryogonal|6/100
|-damage|p1a: BOUMosaurus|27/100|[from] Recoil
|
|upkeep
|turn|5
|
|t:|1641048356
|switch|p2a: Garchomp|Garchomp, M|100/100
|move|p1a: BOUMosaurus|Flare Blitz|p2a: Garchomp
|-resisted|p2a: Garchomp
|-damage|p2a: Garchomp|92/100
|-status|p2a: Garchomp|brn
|-damage|p1a: BOUMosaurus|15/100|[from] ability: Rough Skin|[of] p2a: Garchomp
|-damage|p1a: BOUMosaurus|0 fnt|[from] item: Rocky Helmet|[of] p2a: Garchomp
|faint|p1a: BOUMosaurus
|
|-damage|p2a: Garchomp|86/100 brn|[from] brn
|upkeep
|
|t:|1641048363
|switch|p1a: Vroumosaurus|Dragapult, F|100/100
|turn|6
|j| Firelight Gang
|
|t:|1641048373
|move|p1a: Vroumosaurus|Substitute|p1a: Vroumosaurus
|-start|p1a: Vroumosaurus|Substitute
|-damage|p1a: Vroumosaurus|76/100
|move|p2a: Garchomp|Roar|p1a: Vroumosaurus
|drag|p1a: Têteplâtosaurus|Garchomp, M|100/100
|
|-damage|p2a: Garchomp|80/100 brn|[from] brn
|upkeep
|turn|7
|
|t:|1641048382
|move|p1a: Têteplâtosaurus|Scale Shot|p2a: Garchomp
|-supereffective|p2a: Garchomp
|-damage|p2a: Garchomp|65/100 brn
|-supereffective|p2a: Garchomp
|-damage|p2a: Garchomp|49/100 brn
|-supereffective|p2a: Garchomp
|-damage|p2a: Garchomp|32/100 brn
|-supereffective|p2a: Garchomp
|-damage|p2a: Garchomp|15/100 brn
|-supereffective|p2a: Garchomp
|-damage|p2a: Garchomp|0 fnt
|faint|p2a: Garchomp
|-hitcount|p2: Garchomp|5
|-unboost|p1a: Têteplâtosaurus|def|1
|-boost|p1a: Têteplâtosaurus|spe|1
|
|upkeep
|
|t:|1641048390
|switch|p2a: Clefable|Clefable, M|100/100
|turn|8
|
|t:|1641048395
|switch|p1a: Aimelabrumausorus|Bisharp, M|100/100
|move|p2a: Clefable|Moonblast|p1a: Aimelabrumausorus
|-damage|p1a: Aimelabrumausorus|46/100
|
|upkeep
|turn|9
|
|t:|1641048409
|move|p1a: Aimelabrumausorus|Iron Head|p2a: Clefable
|-supereffective|p2a: Clefable
|-damage|p2a: Clefable|16/100
|cant|p2a: Clefable|flinch
|
|-heal|p2a: Clefable|22/100|[from] item: Leftovers
|upkeep
|turn|10
|j|%ironwater@!
|c|☆Mel2345|my bad
|
|t:|1641048422
|switch|p2a: Urshifu|Urshifu-Rapid-Strike, M|100/100
|move|p1a: Aimelabrumausorus|Knock Off|p2a: Urshifu
|-resisted|p2a: Urshifu
|-damage|p2a: Urshifu|69/100
|-enditem|p2a: Urshifu|Protective Pads|[from] move: Knock Off|[of] p1a: Aimelabrumausorus
|
|upkeep
|turn|11
|
|t:|1641048430
|switch|p1a: Vroumosaurus|Dragapult, F|76/100
|move|p2a: Urshifu|Bulk Up|p2a: Urshifu
|-boost|p2a: Urshifu|atk|1
|-boost|p2a: Urshifu|def|1
|
|-heal|p1a: Vroumosaurus|82/100|[from] item: Leftovers
|upkeep
|turn|12
|
|t:|1641048440
|move|p1a: Vroumosaurus|Dragon Darts|p2a: Urshifu
|-crit|p2a: Urshifu
|-damage|p2a: Urshifu|31/100
|-anim|p1a: Vroumosaurus|Dragon Darts|p2a: Urshifu
|-damage|p2a: Urshifu|12/100
|move|p2a: Urshifu|Ice Punch|p1a: Vroumosaurus
|-supereffective|p1a: Vroumosaurus
|-damage|p1a: Vroumosaurus|0 fnt
|faint|p1a: Vroumosaurus
|
|upkeep
|
|t:|1641048446
|switch|p1a: Herbosaurus|Rillaboom, F|100/100
|-fieldstart|move: Grassy Terrain|[from] ability: Grassy Surge|[of] p1a: Herbosaurus
|turn|13
|
|t:|1641048474
|switch|p2a: Clefable|Clefable, M|22/100
|move|p1a: Herbosaurus|Grassy Glide|p2a: Clefable
|-damage|p2a: Clefable|0 fnt
|faint|p2a: Clefable
|-damage|p1a: Herbosaurus|91/100|[from] item: Life Orb
|
|-heal|p1a: Herbosaurus|97/100|[from] Grassy Terrain
|upkeep
|inactive|lil tofa has 120 seconds left.
|
|t:|1641048486
|switch|p2a: Slowking|Slowking-Galar, F|100/100
|turn|14
|
|t:|1641048491
|move|p1a: Herbosaurus|Knock Off|p2a: Slowking
|-supereffective|p2a: Slowking
|-damage|p2a: Slowking|0 fnt
|-enditem|p2a: Slowking|Assault Vest|[from] move: Knock Off|[of] p1a: Herbosaurus
|faint|p2a: Slowking
|-damage|p1a: Herbosaurus|87/100|[from] item: Life Orb
|
|-heal|p1a: Herbosaurus|93/100|[from] Grassy Terrain
|upkeep
|
|t:|1641048497
|switch|p2a: Cryogonal|Cryogonal|6/100
|turn|15
|
|t:|1641048499
|move|p1a: Herbosaurus|Grassy Glide|p2a: Cryogonal
|-damage|p2a: Cryogonal|0 fnt
|faint|p2a: Cryogonal
|-damage|p1a: Herbosaurus|83/100|[from] item: Life Orb
|
|-heal|p1a: Herbosaurus|89/100|[from] Grassy Terrain
|upkeep
|j| TylerTheMilotic
|c|☆Mel2345|gg
|
|t:|1641048503
|switch|p2a: Urshifu|Urshifu-Rapid-Strike, M|12/100
|turn|16
|l| TylerTheMilotic
|
|t:|1641048506
|move|p1a: Herbosaurus|Grassy Glide|p2a: Urshifu
|-supereffective|p2a: Urshifu
|-damage|p2a: Urshifu|0 fnt
|faint|p2a: Urshifu
|-damage|p1a: Herbosaurus|79/100|[from] item: Life Orb
|
|-heal|p1a: Herbosaurus|85/100|[from] Grassy Terrain
|upkeep
|
|t:|1641048508
|switch|p2a: Crawdaunt|Crawdaunt, F|100/100
|turn|17
|
|t:|1641048512
|move|p1a: Herbosaurus|Grassy Glide|p2a: Crawdaunt
|-supereffective|p2a: Crawdaunt
|-damage|p2a: Crawdaunt|0 fnt
|faint|p2a: Crawdaunt
|-damage|p1a: Herbosaurus|75/100|[from] item: Life Orb
|
|win|Mel2345
|n|☆Mel2345|mel2345
|n|☆lil tofa|liltofa
|n|+azure nights|azurenights
|n| Firelight Gang|firelightgang
|n|+ironwater@!|ironwater
|c|☆lil tofa|gg
