|j|☆maxinyuuu
|j|☆chubai
|t:|1664629972
|gametype|singles
|player|p1|maxinyuuu|lusamine-nihilego|
|player|p2|chubai|dawn|
|teamsize|p1|6
|teamsize|p2|6
|gen|8
|tier|[Gen 8] OU
|rule|Sleep Clause Mod: Limit one foe put to sleep
|rule|Species Clause: Limit one of each Pokémon
|rule|OHKO Clause: OHKO moves are banned
|rule|Evasion Items Clause: Evasion items are banned
|rule|Evasion Moves Clause: Evasion moves are banned
|rule|Endless Battle Clause: Forcing endless battles is banned
|rule|HP Percentage Mod: HP is shown in percentages
|rule|Dynamax Clause: You cannot dynamax
|clearpoke
|poke|p1|Melmetal|
|poke|p1|Porygon2|
|poke|p1|Cresselia, F|
|poke|p1|Marowak-Alola, M|
|poke|p1|Hatterene, F|
|poke|p1|Crawdaunt, F|
|poke|p2|Melmetal|
|poke|p2|Pelipper, M|
|poke|p2|Blastoise, M|
|poke|p2|Thundurus-Therian, M|
|poke|p2|Barraskewda, M|
|poke|p2|Ferrothorn, M|
|teampreview
|
|t:|1664629993
|start
|switch|p1a: Marowak|Marowak-Alola, M|100/100
|switch|p2a: Melmetal|Melmetal|100/100
|turn|1
|j| yinshang
|
|t:|1664629999
|move|p2a: Melmetal|Earthquake|p1a: Marowak
|-supereffective|p1a: Marowak
|-damage|p1a: Marowak|0 fnt
|faint|p1a: Marowak
|
|upkeep
|
|t:|1664630005
|switch|p1a: Melmetal|Melmetal|100/100
|turn|2
|c| yinshang|..
|
|t:|1664630008
|move|p2a: Melmetal|Earthquake|p1a: Melmetal
|-supereffective|p1a: Melmetal
|-damage|p1a: Melmetal|33/100
|move|p1a: Melmetal|Superpower|p2a: Melmetal
|-supereffective|p2a: Melmetal
|-crit|p2a: Melmetal
|-damage|p2a: Melmetal|0 fnt
|-unboost|p1a: Melmetal|atk|1
|-unboost|p1a: Melmetal|def|1
|faint|p2a: Melmetal
|
|upkeep
|
|t:|1664630019
|switch|p2a: Pelipper|Pelipper, M|100/100
|-weather|RainDance|[from] ability: Drizzle|[of] p2a: Pelipper
|turn|3
|
|t:|1664630026
|switch|p1a: Porygon2|Porygon2|100/100
|-ability|p1a: Porygon2|Drizzle|[from] ability: Trace|[of] p2a: Pelipper
|move|p2a: Pelipper|Scald|p1a: Porygon2
|-damage|p1a: Porygon2|83/100
|-status|p1a: Porygon2|brn
|
|-weather|RainDance|[upkeep]
|-damage|p1a: Porygon2|77/100 brn|[from] brn
|upkeep
|turn|4
|
|t:|1664630036
|move|p2a: Pelipper|U-turn|p1a: Porygon2
|-damage|p1a: Porygon2|71/100 brn
|
|t:|1664630039
|switch|p2a: 特耐坚果哑铃|Ferrothorn, M|100/100|[from]move: U-turn
|move|p1a: Porygon2|Trick Room|p1a: Porygon2
|-fieldstart|move: Trick Room|[of] p1a: Porygon2
|
|-weather|RainDance|[upkeep]
|-damage|p1a: Porygon2|65/100 brn|[from] brn
|upkeep
|turn|5
|j| ACATM
|j| Swimming fish
|
|t:|1664630049
|move|p2a: 特耐坚果哑铃|Stealth Rock|p1a: Porygon2
|-sidestart|p1: maxinyuuu|move: Stealth Rock
|move|p1a: Porygon2|Teleport|p1a: Porygon2
|j| mosty_kant
|j| zerodragon123
|
|t:|1664630068
|switch|p1a: Crawdaunt|Crawdaunt, F|100/100|[from]move: Teleport
|-damage|p1a: Crawdaunt|88/100|[from] Stealth Rock
|
|-weather|RainDance|[upkeep]
|upkeep
|turn|6
|
|t:|1664630073
|move|p2a: 特耐坚果哑铃|Power Whip|p1a: Crawdaunt
|-supereffective|p1a: Crawdaunt
|-damage|p1a: Crawdaunt|2/100
|move|p1a: Crawdaunt|Knock Off|p2a: 特耐坚果哑铃
|-damage|p2a: 特耐坚果哑铃|49/100
|-damage|p1a: Crawdaunt|0 fnt|[from] ability: Iron Barbs|[of] p2a: 特耐坚果哑铃
|faint|p1a: Crawdaunt
|
|-weather|RainDance|[upkeep]
|upkeep
|
|t:|1664630077
|switch|p1a: Hatterene|Hatterene, F|100/100
|-damage|p1a: Hatterene|88/100|[from] Stealth Rock
|turn|7
|
|t:|1664630090
|move|p2a: 特耐坚果哑铃|Gyro Ball|p1a: Hatterene
|-supereffective|p1a: Hatterene
|-damage|p1a: Hatterene|47/100
|move|p1a: Hatterene|Mystical Fire|p2a: 特耐坚果哑铃
|-supereffective|p2a: 特耐坚果哑铃
|-damage|p2a: 特耐坚果哑铃|0 fnt
|faint|p2a: 特耐坚果哑铃
|
|-weather|RainDance|[upkeep]
|upkeep
|
|t:|1664630101
|switch|p2a: 破壳龟|Blastoise, M|100/100
|turn|8
|
|t:|1664630106
|move|p1a: Hatterene|Misty Explosion|p2a: 破壳龟
|-damage|p2a: 破壳龟|70/100
|faint|p1a: Hatterene
|move|p2a: 破壳龟|Flip Turn|p1: Hatterene|[notarget]
|-fail|p2a: 破壳龟
|
|-weather|RainDance|[upkeep]
|-heal|p2a: 破壳龟|76/100|[from] ability: Rain Dish
|-fieldend|move: Trick Room
|upkeep
|
|t:|1664630110
|switch|p1a: Porygon2|Porygon2|65/100 brn
|-damage|p1a: Porygon2|52/100 brn|[from] Stealth Rock
|-ability|p1a: Porygon2|Rain Dish|[from] ability: Trace|[of] p2a: 破壳龟
|turn|9
|
|t:|1664630132
|move|p2a: 破壳龟|Earthquake|p1a: Porygon2
|-damage|p1a: Porygon2|39/100 brn
|move|p1a: Porygon2|Trick Room|p1a: Porygon2
|-fieldstart|move: Trick Room|[of] p1a: Porygon2
|
|-weather|RainDance|[upkeep]
|-heal|p1a: Porygon2|45/100 brn|[from] ability: Rain Dish
|-heal|p2a: 破壳龟|82/100|[from] ability: Rain Dish
|-damage|p1a: Porygon2|39/100 brn|[from] brn
|upkeep
|turn|10
|
|t:|1664630141
|move|p1a: Porygon2|Recover|p1a: Porygon2
|-heal|p1a: Porygon2|89/100 brn
|move|p2a: 破壳龟|Flip Turn|p1a: Porygon2
|-damage|p1a: Porygon2|71/100 brn
|
|t:|1664630155
|switch|p2a: Pelipper|Pelipper, M|100/100|[from]move: Flip Turn
|
|-weather|none
|-damage|p1a: Porygon2|65/100 brn|[from] brn
|upkeep
|turn|11
|
|t:|1664630163
|switch|p2a: 破壳龟|Blastoise, M|82/100
|move|p1a: Porygon2|Teleport|p1a: Porygon2
|
|t:|1664630167
|switch|p1a: Cresselia|Cresselia, F|100/100|[from]move: Teleport
|-damage|p1a: Cresselia|88/100|[from] Stealth Rock
|
|upkeep
|turn|12
|
|t:|1664630173
|move|p2a: 破壳龟|Flip Turn|p1a: Cresselia
|-damage|p1a: Cresselia|80/100
|-damage|p2a: 破壳龟|66/100|[from] item: Rocky Helmet|[of] p1a: Cresselia
|
|t:|1664630177
|switch|p2a: Pelipper|Pelipper, M|100/100|[from]move: Flip Turn
|-weather|RainDance|[from] ability: Drizzle|[of] p2a: Pelipper
|move|p1a: Cresselia|Toxic|p2a: Pelipper
|-status|p2a: Pelipper|tox
|
|-weather|RainDance|[upkeep]
|-damage|p2a: Pelipper|94/100 tox|[from] psn
|upkeep
|turn|13
|
|t:|1664630187
|move|p2a: Pelipper|Hurricane|p1a: Cresselia
|-damage|p1a: Cresselia|59/100
|move|p1a: Cresselia|Moonblast|p2a: Pelipper
|-damage|p2a: Pelipper|70/100 tox
|-unboost|p2a: Pelipper|spa|1
|
|-weather|RainDance|[upkeep]
|-damage|p2a: Pelipper|57/100 tox|[from] psn
|-fieldend|move: Trick Room
|upkeep
|turn|14
|
|t:|1664630202
|move|p2a: Pelipper|U-turn|p1a: Cresselia
|-supereffective|p1a: Cresselia
|-damage|p1a: Cresselia|49/100
|-damage|p2a: Pelipper|41/100 tox|[from] item: Rocky Helmet|[of] p1a: Cresselia
|
|t:|1664630207
|switch|p2a: 围巾雷电云|Thundurus-Therian, M|100/100|[from]move: U-turn
|move|p1a: Cresselia|Trick Room|p1a: Cresselia
|-fieldstart|move: Trick Room|[of] p1a: Cresselia
|
|-weather|RainDance|[upkeep]
|upkeep
|turn|15
|
|t:|1664630236
|switch|p1a: Porygon2|Porygon2|65/100 brn
|-damage|p1a: Porygon2|53/100 brn|[from] Stealth Rock
|-ability|p1a: Porygon2|Volt Absorb|[from] ability: Trace|[of] p2a: 围巾雷电云
|move|p2a: 围巾雷电云|Weather Ball|p1a: Porygon2
|-damage|p1a: Porygon2|25/100 brn
|
|-weather|RainDance|[upkeep]
|-damage|p1a: Porygon2|18/100 brn|[from] brn
|upkeep
|turn|16
|
|t:|1664630254
|switch|p2a: 破壳龟|Blastoise, M|66/100
|move|p1a: Porygon2|Ice Beam|p2a: 破壳龟
|-resisted|p2a: 破壳龟
|-damage|p2a: 破壳龟|60/100
|
|-weather|RainDance|[upkeep]
|-heal|p2a: 破壳龟|66/100|[from] ability: Rain Dish
|-damage|p1a: Porygon2|12/100 brn|[from] brn
|upkeep
|turn|17
|
|t:|1664630268
|move|p1a: Porygon2|Recover|p1a: Porygon2
|-heal|p1a: Porygon2|62/100 brn
|move|p2a: 破壳龟|Flip Turn|p1a: Porygon2
|-damage|p1a: Porygon2|44/100 brn
|
|t:|1664630273
|switch|p2a: 大盖欧卡|Barraskewda, M, shiny|100/100|[from]move: Flip Turn
|
|-weather|RainDance|[upkeep]
|-damage|p1a: Porygon2|38/100 brn|[from] brn
|upkeep
|turn|18
|
|t:|1664630281
|move|p1a: Porygon2|Ice Beam|p2a: 大盖欧卡
|-resisted|p2a: 大盖欧卡
|-damage|p2a: 大盖欧卡|76/100
|-status|p2a: 大盖欧卡|frz
|cant|p2a: 大盖欧卡|frz
|
|-weather|RainDance|[upkeep]
|-damage|p1a: Porygon2|32/100 brn|[from] brn
|-fieldend|move: Trick Room
|upkeep
|turn|19
|c| yinshang|6
|j| g4zldz
|
|t:|1664630290
|cant|p2a: 大盖欧卡|frz
|move|p1a: Porygon2|Trick Room|p1a: Porygon2
|-fieldstart|move: Trick Room|[of] p1a: Porygon2
|
|-weather|none
|-damage|p1a: Porygon2|26/100 brn|[from] brn
|upkeep
|turn|20
|c| yinshang|失误全让冰冻补回来了
|
|t:|1664630296
|switch|p1a: Melmetal|Melmetal|33/100
|-damage|p1a: Melmetal|27/100|[from] Stealth Rock
|cant|p2a: 大盖欧卡|frz
|
|upkeep
|turn|21
|
|t:|1664630311
|cant|p2a: 大盖欧卡|frz
|move|p1a: Melmetal|Double Iron Bash|p2a: 大盖欧卡
|-resisted|p2a: 大盖欧卡
|-damage|p2a: 大盖欧卡|7/100 frz
|-resisted|p2a: 大盖欧卡
|-damage|p2a: 大盖欧卡|0 fnt
|faint|p2a: 大盖欧卡
|-hitcount|p2: 大盖欧卡|2
|
|upkeep
|
|t:|1664630321
|switch|p2a: 破壳龟|Blastoise, M|66/100
|turn|22
|
|t:|1664630330
|switch|p1a: Porygon2|Porygon2|26/100 brn
|-damage|p1a: Porygon2|14/100 brn|[from] Stealth Rock
|-ability|p1a: Porygon2|Rain Dish|[from] ability: Trace|[of] p2a: 破壳龟
|move|p2a: 破壳龟|Flip Turn|p1a: Porygon2
|-damage|p1a: Porygon2|2/100 brn
|
|t:|1664630342
|switch|p2a: 围巾雷电云|Thundurus-Therian, M|100/100|[from]move: Flip Turn
|
|-damage|p1a: Porygon2|0 fnt|[from] brn
|faint|p1a: Porygon2
|upkeep
|
|t:|1664630347
|switch|p1a: Cresselia|Cresselia, F|49/100
|-damage|p1a: Cresselia|37/100|[from] Stealth Rock
|turn|23
|
|t:|1664630357
|move|p1a: Cresselia|Lunar Dance|p1a: Cresselia
|faint|p1a: Cresselia
|move|p2a: 围巾雷电云|Sludge Wave|p1: Cresselia|[notarget]
|-fail|p2a: 围巾雷电云
|
|-fieldend|move: Trick Room
|upkeep
|
|t:|1664630358
|switch|p1a: Melmetal|Melmetal|27/100
|-heal|p1a: Melmetal|100/100|[from] move: Lunar Dance
|-damage|p1a: Melmetal|94/100|[from] Stealth Rock
|turn|24
|
|t:|1664630379
|switch|p2a: Pelipper|Pelipper, M|41/100 tox
|-weather|RainDance|[from] ability: Drizzle|[of] p2a: Pelipper
|move|p1a: Melmetal|Double Iron Bash|p2a: Pelipper
|-resisted|p2a: Pelipper
|-damage|p2a: Pelipper|16/100 tox
|-resisted|p2a: Pelipper
|-damage|p2a: Pelipper|0 fnt
|faint|p2a: Pelipper
|-hitcount|p2: Pelipper|2
|
|-weather|RainDance|[upkeep]
|upkeep
|
|t:|1664630388
|switch|p2a: 破壳龟|Blastoise, M|66/100
|turn|25
|
|t:|1664630391
|move|p2a: 破壳龟|Earthquake|p1a: Melmetal
|-supereffective|p1a: Melmetal
|-damage|p1a: Melmetal|74/100
|move|p1a: Melmetal|Double Iron Bash|p2a: 破壳龟
|-resisted|p2a: 破壳龟
|-damage|p2a: 破壳龟|44/100
|-resisted|p2a: 破壳龟
|-damage|p2a: 破壳龟|21/100
|-hitcount|p2a: 破壳龟|2
|
|-weather|RainDance|[upkeep]
|-heal|p2a: 破壳龟|27/100|[from] ability: Rain Dish
|upkeep
|turn|26
|
|t:|1664630401
|move|p2a: 破壳龟|Earthquake|p1a: Melmetal
|-supereffective|p1a: Melmetal
|-damage|p1a: Melmetal|51/100
|move|p1a: Melmetal|Double Iron Bash|p2a: 破壳龟
|-resisted|p2a: 破壳龟
|-damage|p2a: 破壳龟|3/100
|-resisted|p2a: 破壳龟
|-damage|p2a: 破壳龟|0 fnt
|faint|p2a: 破壳龟
|-hitcount|p2: 破壳龟|2
|
|-weather|RainDance|[upkeep]
|upkeep
|
|t:|1664630410
|switch|p2a: 围巾雷电云|Thundurus-Therian, M|100/100
|turn|27
|
|t:|1664630413
|move|p2a: 围巾雷电云|Thunder|p1a: Melmetal
|-damage|p1a: Melmetal|0 fnt
|faint|p1a: Melmetal
|
|win|chubai
|l| zerodragon123
|l|☆maxinyuuu
|c|☆chubai|好诶
|l| ACATM
