|j|‽minimax_ai
|j|☆zKally
|t:|1667591950
|gametype|singles
|player|p1|minimax_ai|169|1417
|player|p2|zKally|steven|1451
|teamsize|p1|6
|teamsize|p2|6
|gen|8
|tier|[Gen 8] OU
|rated|
|rule|Sleep Clause Mod: Limit one foe put to sleep
|rule|Species Clause: Limit one of each Pokémon
|rule|OHKO Clause: OHKO moves are banned
|rule|Evasion Items Clause: Evasion items are banned
|rule|Evasion Moves Clause: Evasion moves are banned
|rule|Endless Battle Clause: Forcing endless battles is banned
|rule|HP Percentage Mod: HP is shown in percentages
|rule|Dynamax Clause: You cannot dynamax
|clearpoke
|poke|p1|Rotom-Wash|
|poke|p1|Weavile, F|
|poke|p1|Landorus-Therian, M|
|poke|p1|Heatran, M|
|poke|p1|Tangrowth, M|
|poke|p1|Melmetal|
|poke|p2|Mew|
|poke|p2|Weavile, F|
|poke|p2|Crawdaunt, M|
|poke|p2|Celesteela|
|poke|p2|Garchomp, M|
|poke|p2|Blacephalon|
|teampreview
|
|t:|1667591952
|start
|switch|p1a: Melmetal|Melmetal|100/100
|switch|p2a: Mew|Mew|100/100
|turn|1
|inactive|Battle timer is ON: inactive players will automatically lose when time's up. (requested by minimax_ai)
|inactive|zKally also wants the timer to be on.
|
|t:|1667591957
|move|p2a: Mew|Stealth Rock|p1a: Melmetal
|-sidestart|p1: minimax_ai|move: Stealth Rock
|move|p1a: Melmetal|Double Iron Bash|p2a: Mew
|-damage|p2a: Mew|68/100
|-damage|p2a: Mew|33/100
|-hitcount|p2a: Mew|2
|
|upkeep
|turn|2
|
|t:|1667591961
|move|p2a: Mew|Spikes|p1a: Melmetal
|-sidestart|p1: minimax_ai|Spikes
|move|p1a: Melmetal|Double Iron Bash|p2a: Mew
|-damage|p2a: Mew|0 fnt
|faint|p2a: Mew
|-hitcount|p2: Mew|1
|
|upkeep
|
|t:|1667591973
|switch|p2a: Big G|Garchomp, M|100/100
|turn|3
|
|t:|1667591974
|move|p2a: Big G|Swords Dance|p2a: Big G
|-boost|p2a: Big G|atk|2
|move|p1a: Melmetal|Ice Punch|p2a: Big G
|-supereffective|p2a: Big G
|-damage|p2a: Big G|0 fnt
|-damage|p1a: Melmetal|88/100|[from] ability: Rough Skin|[of] p2a: Big G
|faint|p2a: Big G
|
|upkeep
|
|t:|1667591983
|switch|p2a: Mr. Craw|Crawdaunt, M|100/100
|turn|4
|
|t:|1667591984
|move|p2a: Mr. Craw|Knock Off|p1a: Melmetal
|-damage|p1a: Melmetal|40/100
|-enditem|p1a: Melmetal|Assault Vest|[from] move: Knock Off|[of] p2a: Mr. Craw
|-damage|p2a: Mr. Craw|91/100|[from] item: Life Orb
|move|p1a: Melmetal|Thunder Punch|p2a: Mr. Craw
|-supereffective|p2a: Mr. Craw
|-damage|p2a: Mr. Craw|0 fnt
|faint|p2a: Mr. Craw
|
|upkeep
|
|t:|1667591991
|switch|p2a: On that zaza|Blacephalon|100/100
|turn|5
|
|t:|1667591993
|move|p2a: On that zaza|Shadow Ball|p1a: Melmetal
|-damage|p1a: Melmetal|0 fnt
|faint|p1a: Melmetal
|-ability|p2a: On that zaza|Beast Boost|boost
|-boost|p2a: On that zaza|spa|1
|
|upkeep
|
|t:|1667591993
|switch|p1a: Weavile|Weavile, F|100/100
|-damage|p1a: Weavile|76/100|[from] Stealth Rock
|-damage|p1a: Weavile|63/100|[from] Spikes
|-ability|p1a: Weavile|Pressure
|turn|6
|
|t:|1667592005
|switch|p2a: Goofy ahh|Celesteela|100/100
|move|p1a: Weavile|Knock Off|p2a: Goofy ahh
|-damage|p2a: Goofy ahh|23/100
|-enditem|p2a: Goofy ahh|Power Herb|[from] move: Knock Off|[of] p1a: Weavile
|
|upkeep
|turn|7
|
|t:|1667592010
|move|p1a: Weavile|Knock Off|p2a: Goofy ahh
|-damage|p2a: Goofy ahh|0 fnt
|faint|p2a: Goofy ahh
|
|upkeep
|
|t:|1667592012
|switch|p2a: On that zaza|Blacephalon|100/100
|turn|8
|
|t:|1667592014
|move|p2a: On that zaza|Shadow Ball|p1a: Weavile
|-resisted|p1a: Weavile
|-damage|p1a: Weavile|25/100
|move|p1a: Weavile|Knock Off|p2a: On that zaza
|-supereffective|p2a: On that zaza
|-damage|p2a: On that zaza|0 fnt
|-enditem|p2a: On that zaza|Choice Scarf|[from] move: Knock Off|[of] p1a: Weavile
|faint|p2a: On that zaza
|
|upkeep
|-message|zKally forfeited.
|
|win|minimax_ai
|raw|minimax_ai's rating: 1417 &rarr; <strong>1439</strong><br />(+22 for winning)
|raw|zKally's rating: 1451 &rarr; <strong>1429</strong><br />(-22 for losing)
|l|☆zKally
