|j|☆IIIodyne
|j|☆oof_oofington
|t:|1664612915
|gametype|singles
|player|p1|IIIodyne|102|1709
|player|p2|oof_oofington|dancer|1806
|teamsize|p1|6
|teamsize|p2|6
|gen|8
|tier|[Gen 8] OU
|rated|
|rule|Sleep Clause Mod: Limit one foe put to sleep
|rule|Species Clause: Limit one of each Pokémon
|rule|OHKO Clause: OHKO moves are banned
|rule|Evasion Items Clause: Evasion items are banned
|rule|Evasion Moves Clause: Evasion moves are banned
|rule|Endless Battle Clause: Forcing endless battles is banned
|rule|HP Percentage Mod: HP is shown in percentages
|rule|Dynamax Clause: You cannot dynamax
|clearpoke
|poke|p1|Snorlax, F|
|poke|p1|Suicune|
|poke|p1|Melmetal|
|poke|p1|Victini|
|poke|p1|Landorus-Therian, M|
|poke|p1|Zapdos|
|poke|p2|Moltres-Galar|
|poke|p2|Aegislash, F|
|poke|p2|Buzzwole|
|poke|p2|Latios, M|
|poke|p2|Landorus-Therian, M|
|poke|p2|Bisharp, M|
|teampreview
|inactive|Battle timer is ON: inactive players will automatically lose when time's up. (requested by IIIodyne)
|j| MengYing
|inactive|oof_oofington has 120 seconds left.
|
|t:|1664612963
|start
|switch|p1a: Zapdos|Zapdos|100/100
|switch|p2a: Bisharp|Bisharp, M|100/100
|turn|1
|
|t:|1664612966
|move|p1a: Zapdos|Heat Wave|p2a: Bisharp
|-supereffective|p2a: Bisharp
|-damage|p2a: Bisharp|37/100
|move|p2a: Bisharp|Knock Off|p1a: Zapdos
|-damage|p1a: Zapdos|47/100
|-enditem|p1a: Zapdos|Heavy-Duty Boots|[from] move: Knock Off|[of] p2a: Bisharp
|
|upkeep
|turn|2
|
|t:|1664612972
|switch|p2a: Latios|Latios, M|100/100
|move|p1a: Zapdos|Heat Wave|p2a: Latios
|-resisted|p2a: Latios
|-damage|p2a: Latios|82/100
|
|upkeep
|turn|3
|
|t:|1664612979
|switch|p1a: Snorlax|Snorlax, F|100/100
|move|p2a: Latios|Future Sight|p1a: Snorlax
|-start|p2a: Latios|move: Future Sight
|
|upkeep
|turn|4
|l| MengYing
|
|t:|1664612990
|switch|p2a: Buzzwole|Buzzwole|100/100
|move|p1a: Snorlax|Body Slam|p2a: Buzzwole
|-damage|p2a: Buzzwole|78/100
|
|upkeep
|turn|5
|
|t:|1664612994
|switch|p1a: Suicune|Suicune|100/100
|-ability|p1a: Suicune|Pressure
|move|p2a: Buzzwole|Leech Life|p1a: Suicune
|-damage|p1a: Suicune|65/100
|-heal|p2a: Buzzwole|98/100|[from] drain|[of] p1a: Suicune
|
|-end|p1a: Suicune|move: Future Sight
|-damage|p1a: Suicune|16/100
|-heal|p1a: Suicune|22/100|[from] item: Leftovers
|upkeep
|turn|6
|j| promasterXX
|
|t:|1664613016
|switch|p2a: Latios|Latios, M|82/100
|move|p1a: Suicune|Scald|p2a: Latios
|-resisted|p2a: Latios
|-damage|p2a: Latios|69/100
|-status|p2a: Latios|brn
|
|-heal|p1a: Suicune|28/100|[from] item: Leftovers
|-damage|p2a: Latios|63/100 brn|[from] brn
|upkeep
|turn|7
|
|t:|1664613023
|switch|p1a: Melmetal|Melmetal|100/100
|move|p2a: Latios|Future Sight|p1a: Melmetal
|-start|p2a: Latios|move: Future Sight
|
|-damage|p2a: Latios|57/100 brn|[from] brn
|upkeep
|turn|8
|
|t:|1664613036
|switch|p2a: Landorus|Landorus-Therian, M|100/100
|-ability|p2a: Landorus|Intimidate|boost
|-unboost|p1a: Melmetal|atk|1
|move|p1a: Melmetal|Double Iron Bash|p2a: Landorus
|-damage|p2a: Landorus|67/100
|-damage|p2a: Landorus|33/100
|-hitcount|p2a: Landorus|2
|
|upkeep
|turn|9
|
|t:|1664613045
|move|p2a: Landorus|Earthquake|p1a: Melmetal
|-supereffective|p1a: Melmetal
|-damage|p1a: Melmetal|29/100
|move|p1a: Melmetal|Double Iron Bash|p2a: Landorus
|-damage|p2a: Landorus|0 fnt
|faint|p2a: Landorus
|-hitcount|p2: Landorus|1
|
|-end|p1a: Melmetal|move: Future Sight
|-resisted|p1a: Melmetal
|-damage|p1a: Melmetal|10/100
|upkeep
|j| wuminKenken
|
|t:|1664613050
|switch|p2a: Bisharp|Bisharp, M|37/100
|turn|10
|
|t:|1664613056
|move|p2a: Bisharp|Knock Off|p1a: Melmetal
|-damage|p1a: Melmetal|0 fnt
|-enditem|p1a: Melmetal|Assault Vest|[from] move: Knock Off|[of] p2a: Bisharp
|faint|p1a: Melmetal
|
|upkeep
|
|t:|1664613060
|switch|p1a: Zapdos|Zapdos|47/100
|turn|11
|
|t:|1664613067
|switch|p2a: Aegislash|Aegislash, F|100/100
|move|p1a: Zapdos|Volt Switch|p2a: Aegislash
|-damage|p2a: Aegislash|68/100
|
|t:|1664613070
|switch|p1a: Victini|Victini|100/100|[from]move: Volt Switch
|
|upkeep
|turn|12
|
|t:|1664613072
|move|p2a: Aegislash|King's Shield|p2a: Aegislash
|-singleturn|p2a: Aegislash|Protect
|move|p1a: Victini|V-create|p2a: Aegislash
|-activate|p2a: Aegislash|move: Protect
|-unboost|p1a: Victini|atk|1
|
|upkeep
|turn|13
|
|t:|1664613079
|move|p2a: Aegislash|King's Shield|p2a: Aegislash
|-singleturn|p2a: Aegislash|Protect
|move|p1a: Victini|V-create|p2a: Aegislash
|-activate|p2a: Aegislash|move: Protect
|-unboost|p1a: Victini|atk|1
|
|upkeep
|turn|14
|
|t:|1664613081
|switch|p1a: Zapdos|Zapdos|47/100
|-formechange|p2a: Aegislash|Aegislash-Blade||[from] ability: Stance Change
|move|p2a: Aegislash|Shadow Ball|p1a: Zapdos
|-damage|p1a: Zapdos|0 fnt
|faint|p1a: Zapdos
|
|upkeep
|
|t:|1664613087
|switch|p1a: Landorus|Landorus-Therian, M|100/100
|-ability|p1a: Landorus|Intimidate|boost
|-unboost|p2a: Aegislash|atk|1
|turn|15
|
|t:|1664613100
|move|p1a: Landorus|U-turn|p2a: Aegislash
|-resisted|p2a: Aegislash
|-damage|p2a: Aegislash|56/100
|
|t:|1664613104
|switch|p1a: Snorlax|Snorlax, F|100/100|[from]move: U-turn
|move|p2a: Aegislash|Shadow Ball|p1a: Snorlax
|-immune|p1a: Snorlax
|
|upkeep
|turn|16
|
|t:|1664613117
|switch|p2a: Buzzwole|Buzzwole|98/100
|switch|p1a: Victini|Victini|100/100
|
|upkeep
|turn|17
|j| NDHB
|
|t:|1664613135
|switch|p2a: Aegislash|Aegislash, F|56/100
|move|p1a: Victini|V-create|p2a: Aegislash
|-supereffective|p2a: Aegislash
|-damage|p2a: Aegislash|0 fnt
|-unboost|p1a: Victini|spe|1
|-unboost|p1a: Victini|def|1
|-unboost|p1a: Victini|spd|1
|faint|p2a: Aegislash
|
|upkeep
|
|t:|1664613136
|switch|p2a: Moltres|Moltres-Galar|100/100
|turn|18
|
|t:|1664613143
|switch|p1a: Landorus|Landorus-Therian, M|100/100
|-ability|p1a: Landorus|Intimidate|boost
|-unboost|p2a: Moltres|atk|1
|move|p2a: Moltres|Fiery Wrath|p1a: Landorus
|-damage|p1a: Landorus|44/100
|
|upkeep
|turn|19
|
|t:|1664613162
|switch|p2a: Buzzwole|Buzzwole|98/100
|move|p1a: Landorus|Stone Edge|p2a: Buzzwole
|-crit|p2a: Buzzwole
|-damage|p2a: Buzzwole|59/100
|
|upkeep
|turn|20
|
|t:|1664613187
|switch|p1a: Suicune|Suicune|28/100
|-ability|p1a: Suicune|Pressure
|move|p2a: Buzzwole|Stone Edge|p1a: Suicune
|-damage|p1a: Suicune|0 fnt
|faint|p1a: Suicune
|-ability|p2a: Buzzwole|Beast Boost|boost
|-boost|p2a: Buzzwole|atk|1
|
|upkeep
|
|t:|1664613194
|switch|p1a: Victini|Victini|100/100
|turn|21
|
|t:|1664613203
|switch|p2a: Moltres|Moltres-Galar|100/100
|move|p1a: Victini|V-create|p2a: Moltres
|-damage|p2a: Moltres|0 fnt
|-unboost|p1a: Victini|spe|1
|-unboost|p1a: Victini|def|1
|-unboost|p1a: Victini|spd|1
|faint|p2a: Moltres
|
|upkeep
|
|t:|1664613209
|switch|p2a: Bisharp|Bisharp, M|37/100
|turn|22
|
|t:|1664613216
|switch|p1a: Snorlax|Snorlax, F|100/100
|move|p2a: Bisharp|Knock Off|p1a: Snorlax
|-damage|p1a: Snorlax|50/100
|-enditem|p1a: Snorlax|Leftovers|[from] move: Knock Off|[of] p2a: Bisharp
|
|upkeep
|turn|23
|
|t:|1664613220
|move|p2a: Bisharp|Low Kick|p1a: Snorlax
|-supereffective|p1a: Snorlax
|-damage|p1a: Snorlax|0 fnt
|faint|p1a: Snorlax
|
|upkeep
|
|t:|1664613225
|switch|p1a: Victini|Victini|100/100
|turn|24
|
|t:|1664613228
|move|p2a: Bisharp|Sucker Punch||[still]
|-fail|p2a: Bisharp
|move|p1a: Victini|Trick|p2a: Bisharp
|-activate|p1a: Victini|move: Trick|[of] p2a: Bisharp
|-item|p2a: Bisharp|Choice Band|[from] move: Trick
|-item|p1a: Victini|Assault Vest|[from] move: Trick
|
|upkeep
|turn|25
|
|t:|1664613235
|switch|p1a: Landorus|Landorus-Therian, M|44/100
|-ability|p1a: Landorus|Intimidate|boost
|-unboost|p2a: Bisharp|atk|1
|-ability|p2a: Bisharp|Defiant
|-boost|p2a: Bisharp|atk|2
|move|p2a: Bisharp|Sucker Punch||[still]
|-fail|p2a: Bisharp
|
|upkeep
|turn|26
|
|t:|1664613245
|switch|p1a: Victini|Victini|100/100
|move|p2a: Bisharp|Sucker Punch||[still]
|-fail|p2a: Bisharp
|
|upkeep
|turn|27
|
|t:|1664613258
|switch|p1a: Landorus|Landorus-Therian, M|44/100
|-ability|p1a: Landorus|Intimidate|boost
|-unboost|p2a: Bisharp|atk|1
|-ability|p2a: Bisharp|Defiant
|-boost|p2a: Bisharp|atk|2
|move|p2a: Bisharp|Sucker Punch||[still]
|-fail|p2a: Bisharp
|
|upkeep
|turn|28
|j| Wehrak_03
|
|t:|1664613267
|switch|p1a: Victini|Victini|100/100
|switch|p2a: Latios|Latios, M|57/100 brn
|
|-damage|p2a: Latios|51/100 brn|[from] brn
|upkeep
|turn|29
|inactive|oof_oofington has 120 seconds left.
|
|t:|1664613305
|switch|p2a: Buzzwole|Buzzwole|59/100
|move|p1a: Victini|U-turn|p2a: Buzzwole
|-resisted|p2a: Buzzwole
|-crit|p2a: Buzzwole
|-damage|p2a: Buzzwole|48/100
|
|t:|1664613320
|switch|p1a: Landorus|Landorus-Therian, M|44/100|[from]move: U-turn
|-ability|p1a: Landorus|Intimidate|boost
|-unboost|p2a: Buzzwole|atk|1
|
|upkeep
|turn|30
|
|t:|1664613326
|move|p1a: Landorus|Stone Edge|p2a: Buzzwole
|-damage|p2a: Buzzwole|21/100
|move|p2a: Buzzwole|Stone Edge|p1a: Landorus
|-damage|p1a: Landorus|4/100
|
|upkeep
|turn|31
|inactive|oof_oofington has 120 seconds left.
|j| nightsuwu
|j| MengYing
|inactive|oof_oofington has 90 seconds left.
|
|t:|1664613388
|switch|p1a: Victini|Victini|100/100
|switch|p2a: Latios|Latios, M|51/100 brn
|
|-damage|p2a: Latios|45/100 brn|[from] brn
|upkeep
|turn|32
|inactive|oof_oofington has 60 seconds left.
|
|t:|1664613420
|move|p2a: Latios|Future Sight|p1a: Victini
|-start|p2a: Latios|move: Future Sight
|move|p1a: Victini|U-turn|p2a: Latios
|-supereffective|p2a: Latios
|-damage|p2a: Latios|0 fnt
|faint|p2a: Latios
|
|t:|1664613424
|switch|p1a: Landorus|Landorus-Therian, M|4/100|[from]move: U-turn
|
|upkeep
|
|t:|1664613425
|switch|p2a: Bisharp|Bisharp, M|37/100
|turn|33
|
|t:|1664613432
|move|p1a: Landorus|Earthquake|p2a: Bisharp
|-supereffective|p2a: Bisharp
|-damage|p2a: Bisharp|0 fnt
|faint|p2a: Bisharp
|
|upkeep
|-message|oof_oofington forfeited.
|
|win|IIIodyne
|raw|IIIodyne's rating: 1709 &rarr; <strong>1734</strong><br />(+25 for winning)
|raw|oof_oofington's rating: 1806 &rarr; <strong>1781</strong><br />(-25 for losing)
|l|☆oof_oofington
|c|☆IIIodyne|lol
|c|☆IIIodyne|bro got outpredicted
|c|☆IIIodyne|hard
|l| NDHB
