|j|☆LCarlos03
|j|☆ty-tyui↻
|t:|1665617586
|gametype|singles
|player|p1|LCarlos03|170|1569
|player|p2|ty-tyui↻|kamado|1638
|teamsize|p1|6
|teamsize|p2|6
|gen|8
|tier|[Gen 8] OU
|rated|
|rule|Sleep Clause Mod: Limit one foe put to sleep
|rule|Species Clause: Limit one of each Pokémon
|rule|OHKO Clause: OHKO moves are banned
|rule|Evasion Items Clause: Evasion items are banned
|rule|Evasion Moves Clause: Evasion moves are banned
|rule|Endless Battle Clause: Forcing endless battles is banned
|rule|HP Percentage Mod: HP is shown in percentages
|rule|Dynamax Clause: You cannot dynamax
|clearpoke
|poke|p1|Moltres-Galar|
|poke|p1|Kartana|
|poke|p1|Hawlucha, F|
|poke|p1|Tapu Fini|
|poke|p1|Landorus-Therian, M|
|poke|p1|Ferrothorn, F|
|poke|p2|Mienshao, F|
|poke|p2|Ninetales-Alola, M|
|poke|p2|Blacephalon|
|poke|p2|Landorus-Therian, M|
|poke|p2|Corviknight, F|
|poke|p2|Rotom-Wash|
|teampreview
|inactive|Battle timer is ON: inactive players will automatically lose when time's up. (requested by LCarlos03)
|inactive|ty-tyui↻ has 120 seconds left.
|
|t:|1665617626
|start
|switch|p1a: Ferrothorn|Ferrothorn, F, shiny|100/100
|switch|p2a: Ninetales|Ninetales-Alola, M|100/100
|-weather|Hail|[from] ability: Snow Warning|[of] p2a: Ninetales
|turn|1
|
|t:|1665617631
|switch|p2a: Corviknight|Corviknight, F|100/100
|-ability|p2a: Corviknight|Pressure
|move|p1a: Ferrothorn|Knock Off|p2a: Corviknight
|-damage|p2a: Corviknight|86/100
|-damage|p1a: Ferrothorn|84/100|[from] item: Rocky Helmet|[of] p2a: Corviknight
|-enditem|p2a: Corviknight|Rocky Helmet|[from] move: Knock Off|[of] p1a: Ferrothorn
|
|-weather|Hail|[upkeep]
|-damage|p2a: Corviknight|80/100|[from] Hail
|-damage|p1a: Ferrothorn|78/100|[from] Hail
|-heal|p1a: Ferrothorn|84/100|[from] item: Leftovers
|upkeep
|turn|2
|
|t:|1665617635
|move|p2a: Corviknight|U-turn|p1a: Ferrothorn
|-damage|p1a: Ferrothorn|76/100
|-damage|p2a: Corviknight|67/100|[from] ability: Iron Barbs|[of] p1a: Ferrothorn
|
|t:|1665617638
|switch|p2a: Mienshao|Mienshao, F, shiny|100/100|[from]move: U-turn
|move|p1a: Ferrothorn|Leech Seed|p2a: Mienshao
|-start|p2a: Mienshao|move: Leech Seed
|
|-weather|Hail|[upkeep]
|-damage|p2a: Mienshao|94/100|[from] Hail
|-damage|p1a: Ferrothorn|70/100|[from] Hail
|-heal|p1a: Ferrothorn|76/100|[from] item: Leftovers
|-damage|p2a: Mienshao|82/100|[from] Leech Seed|[of] p1a: Ferrothorn
|-heal|p1a: Ferrothorn|86/100|[silent]
|upkeep
|turn|3
|
|t:|1665617643
|switch|p1a: Landorus|Landorus-Therian, M, shiny|100/100
|-ability|p1a: Landorus|Intimidate|boost
|-unboost|p2a: Mienshao|atk|1
|move|p2a: Mienshao|Close Combat|p1a: Landorus
|-resisted|p1a: Landorus
|-damage|p1a: Landorus|79/100
|-unboost|p2a: Mienshao|def|1
|-unboost|p2a: Mienshao|spd|1
|-damage|p2a: Mienshao|72/100|[from] item: Life Orb
|
|-weather|Hail|[upkeep]
|-damage|p2a: Mienshao|66/100|[from] Hail
|-damage|p1a: Landorus|73/100|[from] Hail
|-heal|p1a: Landorus|79/100|[from] item: Leftovers
|-damage|p2a: Mienshao|53/100|[from] Leech Seed|[of] p1a: Landorus
|-heal|p1a: Landorus|88/100|[silent]
|upkeep
|turn|4
|
|t:|1665617647
|move|p2a: Mienshao|Knock Off|p1a: Landorus
|-crit|p1a: Landorus
|-damage|p1a: Landorus|44/100
|-enditem|p1a: Landorus|Leftovers|[from] move: Knock Off|[of] p2a: Mienshao
|-damage|p2a: Mienshao|43/100|[from] item: Life Orb
|move|p1a: Landorus|Knock Off|p2a: Mienshao
|-resisted|p2a: Mienshao
|-damage|p2a: Mienshao|0 fnt
|-enditem|p2a: Mienshao|Life Orb|[from] move: Knock Off|[of] p1a: Landorus
|faint|p2a: Mienshao
|
|-weather|Hail|[upkeep]
|-damage|p1a: Landorus|38/100|[from] Hail
|upkeep
|
|t:|1665617653
|switch|p2a: Blacephalon|Blacephalon, shiny|100/100
|turn|5
|
|t:|1665617656
|switch|p1a: Tapu Fini|Tapu Fini, shiny|100/100
|-fieldstart|move: Misty Terrain|[from] ability: Misty Surge|[of] p1a: Tapu Fini
|move|p2a: Blacephalon|Shadow Ball|p1a: Tapu Fini
|-damage|p1a: Tapu Fini|65/100
|
|-weather|none
|-heal|p1a: Tapu Fini|71/100|[from] item: Leftovers
|upkeep
|turn|6
|
|t:|1665617660
|switch|p2a: Rotom|Rotom-Wash|100/100
|move|p1a: Tapu Fini|Calm Mind|p1a: Tapu Fini
|-boost|p1a: Tapu Fini|spa|1
|-boost|p1a: Tapu Fini|spd|1
|
|-heal|p1a: Tapu Fini|77/100|[from] item: Leftovers
|upkeep
|turn|7
|
|t:|1665617664
|move|p1a: Tapu Fini|Calm Mind|p1a: Tapu Fini
|-boost|p1a: Tapu Fini|spa|1
|-boost|p1a: Tapu Fini|spd|1
|move|p2a: Rotom|Volt Switch|p1a: Tapu Fini
|-supereffective|p1a: Tapu Fini
|-damage|p1a: Tapu Fini|58/100
|
|t:|1665617670
|switch|p2a: Ninetales|Ninetales-Alola, M|100/100|[from]move: Volt Switch
|-weather|Hail|[from] ability: Snow Warning|[of] p2a: Ninetales
|
|-weather|Hail|[upkeep]
|-damage|p1a: Tapu Fini|52/100|[from] Hail
|-heal|p1a: Tapu Fini|58/100|[from] item: Leftovers
|upkeep
|turn|8
|
|t:|1665617672
|move|p2a: Ninetales|Freeze-Dry|p1a: Tapu Fini
|-supereffective|p1a: Tapu Fini
|-damage|p1a: Tapu Fini|28/100
|move|p1a: Tapu Fini|Draining Kiss|p2a: Ninetales
|-damage|p2a: Ninetales|61/100
|-heal|p1a: Tapu Fini|53/100|[from] drain|[of] p2a: Ninetales
|
|-weather|Hail|[upkeep]
|-damage|p1a: Tapu Fini|46/100|[from] Hail
|-heal|p1a: Tapu Fini|53/100|[from] item: Leftovers
|upkeep
|turn|9
|
|t:|1665617676
|move|p2a: Ninetales|Freeze-Dry|p1a: Tapu Fini
|-supereffective|p1a: Tapu Fini
|-crit|p1a: Tapu Fini
|-damage|p1a: Tapu Fini|0 fnt
|faint|p1a: Tapu Fini
|
|-weather|Hail|[upkeep]
|-fieldend|Misty Terrain
|upkeep
|
|t:|1665617682
|switch|p1a: Hawlucha|Hawlucha, F, shiny|100/100
|turn|10
|
|t:|1665617693
|switch|p2a: Blacephalon|Blacephalon, shiny|100/100
|move|p1a: Hawlucha|Close Combat|p2a: Blacephalon
|-immune|p2a: Blacephalon
|
|-weather|Hail|[upkeep]
|-damage|p2a: Blacephalon|94/100|[from] Hail
|-damage|p1a: Hawlucha|94/100|[from] Hail
|upkeep
|turn|11
|
|t:|1665617711
|switch|p1a: Moltres|Moltres-Galar, shiny|100/100
|move|p2a: Blacephalon|Overheat|p1a: Moltres
|-damage|p1a: Moltres|29/100
|-unboost|p2a: Blacephalon|spa|2
|-ability|p1a: Moltres|Berserk|boost
|-boost|p1a: Moltres|spa|1
|
|-weather|none
|upkeep
|turn|12
|
|t:|1665617721
|move|p2a: Blacephalon|Overheat|p1a: Moltres
|-damage|p1a: Moltres|0 fnt
|-unboost|p2a: Blacephalon|spa|2
|faint|p1a: Moltres
|-ability|p2a: Blacephalon|Beast Boost|boost
|-boost|p2a: Blacephalon|spa|1
|
|upkeep
|
|t:|1665617728
|switch|p1a: Hawlucha|Hawlucha, F, shiny|94/100
|turn|13
|
|t:|1665617733
|switch|p2a: Landorus|Landorus-Therian, M|100/100
|-ability|p2a: Landorus|Intimidate|boost
|-unboost|p1a: Hawlucha|atk|1
|switch|p1a: Kartana|Kartana, shiny|100/100
|
|upkeep
|turn|14
|
|t:|1665617740
|move|p1a: Kartana|Swords Dance|p1a: Kartana
|-boost|p1a: Kartana|atk|2
|move|p2a: Landorus|U-turn|p1a: Kartana
|-damage|p1a: Kartana|82/100
|
|t:|1665617745
|switch|p2a: Blacephalon|Blacephalon, shiny|94/100|[from]move: U-turn
|
|upkeep
|turn|15
|-message|LCarlos03 forfeited.
|
|win|ty-tyui↻
|raw|LCarlos03's rating: 1569 &rarr; <strong>1553</strong><br />(-16 for losing)
|raw|ty-tyui↻'s rating: 1638 &rarr; <strong>1654</strong><br />(+16 for winning)
|l|☆LCarlos03
