|raw|<div class="broadcast-blue"><strong>This battle is required to be public due to a player having a name starting with 'lt93oq'.</div>
|j|☆LT93OQ Ahsan
|j|☆paradise cove
|t:|1660581912
|gametype|singles
|player|p1|LT93OQ Ahsan|furisodegirl-blue|1838
|player|p2|paradise cove|swimmerf-gen4dp|1882
|teamsize|p1|6
|teamsize|p2|6
|gen|8
|tier|[Gen 8] OU
|rated|
|rule|Sleep Clause Mod: Limit one foe put to sleep
|rule|Species Clause: Limit one of each Pokémon
|rule|OHKO Clause: OHKO moves are banned
|rule|Evasion Items Clause: Evasion items are banned
|rule|Evasion Moves Clause: Evasion moves are banned
|rule|Endless Battle Clause: Forcing endless battles is banned
|rule|HP Percentage Mod: HP is shown in percentages
|rule|Dynamax Clause: You cannot dynamax
|clearpoke
|poke|p1|Toxtricity, M|
|poke|p1|Crawdaunt, F|
|poke|p1|Dragapult, M|
|poke|p1|Heatran, M|
|poke|p1|Landorus-Therian, M|
|poke|p1|Tangrowth, M|
|poke|p2|Tapu Koko|
|poke|p2|Clefable, M|
|poke|p2|Ferrothorn, M|
|poke|p2|Dragonite, F|
|poke|p2|Volcarona, F|
|poke|p2|Landorus-Therian, M|
|teampreview
|inactive|Battle timer is ON: inactive players will automatically lose when time's up. (requested by paradise cove)
|
|t:|1660581922
|start
|switch|p1a: Landorus|Landorus-Therian, M|100/100
|switch|p2a: Landorus|Landorus-Therian, M|100/100
|-ability|p2a: Landorus|Intimidate|boost
|-unboost|p1a: Landorus|atk|1
|-ability|p1a: Landorus|Intimidate|boost
|-unboost|p2a: Landorus|atk|1
|turn|1
|j| Cashbandicook
|
|t:|1660581930
|move|p2a: Landorus|Knock Off|p1a: Landorus
|-damage|p1a: Landorus|76/100
|-enditem|p1a: Landorus|Leftovers|[from] move: Knock Off|[of] p2a: Landorus
|move|p1a: Landorus|Toxic|p2a: Landorus
|-status|p2a: Landorus|tox
|
|-damage|p2a: Landorus|94/100 tox|[from] psn
|upkeep
|turn|2
|
|t:|1660581932
|move|p2a: Landorus|Stealth Rock|p1a: Landorus
|-sidestart|p1: LT93OQ Ahsan|move: Stealth Rock
|move|p1a: Landorus|U-turn|p2a: Landorus
|-resisted|p2a: Landorus
|-damage|p2a: Landorus|87/100 tox
|
|t:|1660581944
|switch|p1a: Tangrowth|Tangrowth, M|100/100|[from]move: U-turn
|-damage|p1a: Tangrowth|88/100|[from] Stealth Rock
|
|-damage|p2a: Landorus|74/100 tox|[from] psn
|upkeep
|turn|3
|
|t:|1660581952
|move|p2a: Landorus|Knock Off|p1a: Tangrowth
|-damage|p1a: Tangrowth|73/100
|-enditem|p1a: Tangrowth|Assault Vest|[from] move: Knock Off|[of] p2a: Landorus
|move|p1a: Tangrowth|Knock Off|p2a: Landorus
|-damage|p2a: Landorus|48/100 tox
|-enditem|p2a: Landorus|Normal Gem|[from] move: Knock Off|[of] p1a: Tangrowth
|
|-damage|p2a: Landorus|30/100 tox|[from] psn
|upkeep
|turn|4
|
|t:|1660581957
|switch|p2a: Clefable|Clefable, M|100/100
|switch|p1a: Dragapult|Dragapult, M|100/100
|-damage|p1a: Dragapult|88/100|[from] Stealth Rock
|
|upkeep
|turn|5
|j| misterioussaint
|
|t:|1660581967
|move|p1a: Dragapult|U-turn|p2a: Clefable
|-resisted|p2a: Clefable
|-damage|p2a: Clefable|93/100
|
|t:|1660581969
|switch|p1a: Heatran|Heatran, M|100/100|[from]move: U-turn
|-damage|p1a: Heatran|88/100|[from] Stealth Rock
|move|p2a: Clefable|Moonblast|p1a: Heatran
|-resisted|p1a: Heatran
|-damage|p1a: Heatran|82/100
|
|-heal|p1a: Heatran|88/100|[from] item: Leftovers
|upkeep
|turn|6
|
|t:|1660581971
|move|p1a: Heatran|Stealth Rock|p2a: Clefable
|-sidestart|p2: paradise cove|move: Stealth Rock
|move|p2a: Clefable|Thunder Wave|p1a: Heatran
|-status|p1a: Heatran|par
|
|-heal|p1a: Heatran|94/100 par|[from] item: Leftovers
|upkeep
|turn|7
|
|t:|1660581975
|move|p2a: Clefable|Moonblast|p1a: Heatran
|-resisted|p1a: Heatran
|-damage|p1a: Heatran|88/100 par
|-unboost|p1a: Heatran|spa|1
|move|p1a: Heatran|Magma Storm|p2a: Clefable
|-damage|p2a: Clefable|70/100
|-activate|p2a: Clefable|move: Magma Storm|[of] p1a: Heatran
|
|-heal|p1a: Heatran|94/100 par|[from] item: Leftovers
|upkeep
|turn|8
|inactive|paradise cove has 120 seconds left.
|
|t:|1660582016
|move|p2a: Clefable|Soft-Boiled|p2a: Clefable
|-heal|p2a: Clefable|100/100
|move|p1a: Heatran|Taunt|p2a: Clefable
|-start|p2a: Clefable|move: Taunt
|
|-heal|p1a: Heatran|99/100 par|[from] item: Leftovers
|upkeep
|turn|9
|inactive|paradise cove has 120 seconds left.
|
|t:|1660582050
|move|p2a: Clefable|Moonblast|p1a: Heatran
|-resisted|p1a: Heatran
|-damage|p1a: Heatran|93/100 par
|move|p1a: Heatran|Earth Power|p2a: Clefable
|-damage|p2a: Clefable|87/100
|
|-heal|p1a: Heatran|99/100 par|[from] item: Leftovers
|upkeep
|turn|10
|
|t:|1660582057
|move|p2a: Clefable|Moonblast|p1a: Heatran
|-resisted|p1a: Heatran
|-damage|p1a: Heatran|92/100 par
|-unboost|p1a: Heatran|spa|1
|move|p1a: Heatran|Magma Storm|p2a: Clefable|[miss]
|-miss|p1a: Heatran|p2a: Clefable
|
|-heal|p1a: Heatran|99/100 par|[from] item: Leftovers
|upkeep
|turn|11
|j| LT93OQ Golgo
|l| LT93OQ Golgo
|inactive|paradise cove has 90 seconds left.
|
|t:|1660582083
|move|p2a: Clefable|Moonblast|p1a: Heatran
|-resisted|p1a: Heatran
|-damage|p1a: Heatran|93/100 par
|cant|p1a: Heatran|par
|
|-heal|p1a: Heatran|99/100 par|[from] item: Leftovers
|-end|p2a: Clefable|Magma Storm|[partiallytrapped]
|-end|p2a: Clefable|move: Taunt
|upkeep
|turn|12
|
|t:|1660582087
|switch|p2a: Dragonite|Dragonite, F|100/100
|switch|p1a: Tangrowth|Tangrowth, M|100/100
|-damage|p1a: Tangrowth|88/100|[from] Stealth Rock
|
|upkeep
|turn|13
|
|t:|1660582089
|switch|p2a: Clefable|Clefable, M|87/100
|move|p1a: Tangrowth|Knock Off|p2a: Clefable
|-resisted|p2a: Clefable
|-damage|p2a: Clefable|76/100
|
|-damage|p1a: Tangrowth|76/100|[from] item: Sticky Barb
|upkeep
|turn|14
|j| LT93OQAntonioRecio
|
|t:|1660582096
|move|p2a: Clefable|Moonblast|p1a: Tangrowth
|-damage|p1a: Tangrowth|45/100
|move|p1a: Tangrowth|Giga Drain|p2a: Clefable
|-damage|p2a: Clefable|53/100
|-heal|p1a: Tangrowth|57/100|[from] drain|[of] p2a: Clefable
|
|-damage|p1a: Tangrowth|44/100|[from] item: Sticky Barb
|upkeep
|turn|15
|j| Bushido Black
|j| arnavgupta
|j| LT93OQ Golgo
|
|t:|1660582103
|switch|p2a: Landorus|Landorus-Therian, M|30/100 tox
|-damage|p2a: Landorus|17/100 tox|[from] Stealth Rock
|-ability|p2a: Landorus|Intimidate|boost
|-unboost|p1a: Tangrowth|atk|1
|switch|p1a: Toxtricity|Toxtricity, M|100/100
|-damage|p1a: Toxtricity|88/100|[from] Stealth Rock
|
|-damage|p2a: Landorus|11/100 tox|[from] psn
|upkeep
|turn|16
|l| arnavgupta
|
|t:|1660582106
|move|p1a: Toxtricity|Boomburst|p2a: Landorus
|-damage|p2a: Landorus|0 fnt
|faint|p2a: Landorus
|
|upkeep
|
|t:|1660582115
|switch|p2a: Ferrothorn|Ferrothorn, M|100/100
|-damage|p2a: Ferrothorn|95/100|[from] Stealth Rock
|turn|17
|
|t:|1660582137
|switch|p1a: Heatran|Heatran, M|99/100 par
|-damage|p1a: Heatran|87/100 par|[from] Stealth Rock
|move|p2a: Ferrothorn|Spikes|p1a: Heatran
|-sidestart|p1: LT93OQ Ahsan|Spikes
|
|-heal|p1a: Heatran|93/100 par|[from] item: Leftovers
|upkeep
|turn|18
|
|t:|1660582140
|switch|p2a: Dragonite|Dragonite, F|100/100
|move|p1a: Heatran|Magma Storm|p2a: Dragonite
|-resisted|p2a: Dragonite
|-damage|p2a: Dragonite|90/100
|-activate|p2a: Dragonite|move: Magma Storm|[of] p1a: Heatran
|
|-heal|p1a: Heatran|99/100 par|[from] item: Leftovers
|-damage|p2a: Dragonite|78/100|[from] move: Magma Storm|[partiallytrapped]
|upkeep
|turn|19
|
|t:|1660582146
|switch|p1a: Landorus|Landorus-Therian, M|76/100
|-damage|p1a: Landorus|64/100|[from] Stealth Rock
|-ability|p1a: Landorus|Intimidate|boost
|-unboost|p2a: Dragonite|atk|1
|move|p2a: Dragonite|Roost|p2a: Dragonite
|-heal|p2a: Dragonite|100/100
|-singleturn|p2a: Dragonite|move: Roost
|
|-end|p2a: Dragonite|Magma Storm|[partiallytrapped]|[silent]
|upkeep
|turn|20
|
|t:|1660582149
|switch|p2a: Ferrothorn|Ferrothorn, M|95/100
|-damage|p2a: Ferrothorn|89/100|[from] Stealth Rock
|switch|p1a: Heatran|Heatran, M|99/100 par
|-damage|p1a: Heatran|87/100 par|[from] Stealth Rock
|-damage|p1a: Heatran|74/100 par|[from] Spikes
|
|-heal|p1a: Heatran|80/100 par|[from] item: Leftovers
|upkeep
|turn|21
|j| hjksgdf
|
|t:|1660582152
|switch|p2a: Dragonite|Dragonite, F|100/100
|move|p1a: Heatran|Magma Storm|p2a: Dragonite|[miss]
|-miss|p1a: Heatran|p2a: Dragonite
|
|-heal|p1a: Heatran|87/100 par|[from] item: Leftovers
|upkeep
|turn|22
|
|t:|1660582155
|switch|p1a: Landorus|Landorus-Therian, M|64/100
|-damage|p1a: Landorus|51/100|[from] Stealth Rock
|-ability|p1a: Landorus|Intimidate|boost
|-unboost|p2a: Dragonite|atk|1
|move|p2a: Dragonite|Dual Wingbeat|p1a: Landorus|[miss]
|-miss|p2a: Dragonite|p1a: Landorus
|
|upkeep
|turn|23
|
|t:|1660582158
|switch|p2a: Ferrothorn|Ferrothorn, M|89/100
|-damage|p2a: Ferrothorn|83/100|[from] Stealth Rock
|move|p1a: Landorus|Defog|p2a: Ferrothorn
|-unboost|p2a: Ferrothorn|evasion|1
|-sideend|p2: paradise cove|Stealth Rock|[from] move: Defog|[of] p1a: Landorus
|-sideend|p1: LT93OQ Ahsan|Spikes|[from] move: Defog|[of] p1a: Landorus
|-sideend|p1: LT93OQ Ahsan|Stealth Rock|[from] move: Defog|[of] p1a: Landorus
|
|upkeep
|turn|24
|
|t:|1660582160
|move|p1a: Landorus|Earthquake|p2a: Ferrothorn
|-damage|p2a: Ferrothorn|57/100
|move|p2a: Ferrothorn|Spikes|p1a: Landorus
|-sidestart|p1: LT93OQ Ahsan|Spikes
|
|upkeep
|turn|25
|
|t:|1660582163
|move|p1a: Landorus|Earthquake|p2a: Ferrothorn
|-damage|p2a: Ferrothorn|29/100
|move|p2a: Ferrothorn|Leech Seed|p1a: Landorus
|-start|p1a: Landorus|move: Leech Seed
|
|-damage|p1a: Landorus|39/100|[from] Leech Seed|[of] p2a: Ferrothorn
|-heal|p2a: Ferrothorn|42/100|[silent]
|upkeep
|turn|26
|
|t:|1660582167
|move|p1a: Landorus|U-turn|p2a: Ferrothorn
|-damage|p2a: Ferrothorn|30/100
|-damage|p1a: Landorus|27/100|[from] ability: Iron Barbs|[of] p2a: Ferrothorn
|-damage|p1a: Landorus|10/100|[from] item: Rocky Helmet|[of] p2a: Ferrothorn
|
|t:|1660582171
|switch|p1a: Dragapult|Dragapult, M|88/100|[from]move: U-turn
|-damage|p1a: Dragapult|76/100|[from] Spikes
|move|p2a: Ferrothorn|Spikes|p1a: Dragapult
|-sidestart|p1: LT93OQ Ahsan|Spikes
|
|upkeep
|turn|27
|
|t:|1660582174
|move|p1a: Dragapult|Shadow Ball|p2a: Ferrothorn
|-damage|p2a: Ferrothorn|0 fnt
|faint|p2a: Ferrothorn
|
|upkeep
|
|t:|1660582175
|switch|p2a: Tapu Koko|Tapu Koko|100/100
|-fieldstart|move: Electric Terrain|[from] ability: Electric Surge|[of] p2a: Tapu Koko
|turn|28
|
|t:|1660582180
|switch|p1a: Tangrowth|Tangrowth, M|77/100
|-damage|p1a: Tangrowth|61/100|[from] Spikes
|move|p2a: Tapu Koko|Dazzling Gleam|p1a: Tangrowth
|-damage|p1a: Tangrowth|30/100
|
|-damage|p1a: Tangrowth|18/100|[from] item: Sticky Barb
|upkeep
|turn|29
|
|t:|1660582191
|move|p2a: Tapu Koko|Dazzling Gleam|p1a: Tangrowth
|-damage|p1a: Tangrowth|0 fnt
|faint|p1a: Tangrowth
|
|upkeep
|
|t:|1660582194
|switch|p1a: Toxtricity|Toxtricity, M|88/100
|-damage|p1a: Toxtricity|72/100|[from] Spikes
|turn|30
|
|t:|1660582198
|move|p1a: Toxtricity|Sludge Wave|p2a: Tapu Koko
|-supereffective|p2a: Tapu Koko
|-damage|p2a: Tapu Koko|0 fnt
|faint|p2a: Tapu Koko
|
|upkeep
|
|t:|1660582200
|switch|p2a: Dragonite|Dragonite, F|100/100
|turn|31
|
|t:|1660582218
|switch|p1a: Landorus|Landorus-Therian, M|10/100
|-ability|p1a: Landorus|Intimidate|boost
|-unboost|p2a: Dragonite|atk|1
|move|p2a: Dragonite|Dragon Dance|p2a: Dragonite
|-boost|p2a: Dragonite|atk|1
|-boost|p2a: Dragonite|spe|1
|
|upkeep
|turn|32
|
|t:|1660582221
|move|p2a: Dragonite|Dual Wingbeat|p1a: Landorus
|-damage|p1a: Landorus|0 fnt
|faint|p1a: Landorus
|-hitcount|p1: Landorus|1
|
|-fieldend|move: Electric Terrain
|upkeep
|
|t:|1660582227
|switch|p1a: Crawdaunt|Crawdaunt, F|100/100
|-damage|p1a: Crawdaunt|84/100|[from] Spikes
|turn|33
|
|t:|1660582231
|move|p2a: Dragonite|Dual Wingbeat|p1a: Crawdaunt
|-damage|p1a: Crawdaunt|57/100
|-damage|p1a: Crawdaunt|29/100
|-hitcount|p1a: Crawdaunt|2
|move|p1a: Crawdaunt|Knock Off|p2a: Dragonite
|-damage|p2a: Dragonite|57/100
|-enditem|p2a: Dragonite|Heavy-Duty Boots|[from] move: Knock Off|[of] p1a: Crawdaunt
|
|upkeep
|turn|34
|
|t:|1660582239
|switch|p1a: Heatran|Heatran, M|87/100 par
|-damage|p1a: Heatran|70/100 par|[from] Spikes
|move|p2a: Dragonite|Roost|p2a: Dragonite
|-heal|p2a: Dragonite|100/100
|-singleturn|p2a: Dragonite|move: Roost
|
|-heal|p1a: Heatran|76/100 par|[from] item: Leftovers
|upkeep
|turn|35
|
|t:|1660582244
|move|p2a: Dragonite|Dragon Dance|p2a: Dragonite
|-boost|p2a: Dragonite|atk|1
|-boost|p2a: Dragonite|spe|1
|move|p1a: Heatran|Magma Storm|p2a: Dragonite
|-resisted|p2a: Dragonite
|-damage|p2a: Dragonite|91/100
|-activate|p2a: Dragonite|move: Magma Storm|[of] p1a: Heatran
|
|-heal|p1a: Heatran|82/100 par|[from] item: Leftovers
|-damage|p2a: Dragonite|78/100|[from] move: Magma Storm|[partiallytrapped]
|upkeep
|turn|36
|
|t:|1660582247
|move|p2a: Dragonite|Roost|p2a: Dragonite
|-heal|p2a: Dragonite|100/100
|-singleturn|p2a: Dragonite|move: Roost
|move|p1a: Heatran|Taunt|p2a: Dragonite
|-start|p2a: Dragonite|move: Taunt
|
|-heal|p1a: Heatran|89/100 par|[from] item: Leftovers
|-damage|p2a: Dragonite|88/100|[from] move: Magma Storm|[partiallytrapped]
|upkeep
|turn|37
|
|t:|1660582253
|move|p2a: Dragonite|Earthquake|p1a: Heatran
|-supereffective|p1a: Heatran
|-damage|p1a: Heatran|0 fnt
|faint|p1a: Heatran
|
|-end|p2a: Dragonite|Magma Storm|[partiallytrapped]|[silent]
|upkeep
|
|t:|1660582255
|switch|p1a: Dragapult|Dragapult, M|76/100
|-damage|p1a: Dragapult|59/100|[from] Spikes
|turn|38
|
|t:|1660582274
|move|p2a: Dragonite|Dual Wingbeat|p1a: Dragapult
|-damage|p1a: Dragapult|19/100
|-damage|p1a: Dragapult|0 fnt
|faint|p1a: Dragapult
|-hitcount|p1: Dragapult|2
|
|upkeep
|-message|LT93OQ Ahsan forfeited.
|
|win|paradise cove
|raw|LT93OQ Ahsan's rating: 1838 &rarr; <strong>1820</strong><br />(-18 for losing)
|raw|paradise cove's rating: 1867 &rarr; <strong>1885</strong><br />(+18 for winning)
|l|☆LT93OQ Ahsan
|l| Cashbandicook
|l| misterioussaint
||Ladder isn't responding, score probably updated but might not have (Request timeout).
|l| LT93OQ Golgo
|l| Bushido Black
|l|☆paradise cove
|l| LT93OQAntonioRecio
|l| hjksgdf
|j|☆paradise cove
|player|p2|paradise cove|swimmerf-gen4dp
