|raw|<div class="broadcast-blue"><strong>This battle is required to be public due to a player having a name starting with 'lt93oq'.</div>
|j|☆LT93OQ im garbage
|j|☆xSkelly34
|t:|1660369065
|gametype|singles
|player|p1|LT93OQ im garbage|1|1796
|player|p2|xSkelly34|bugsy|1811
|teamsize|p1|6
|teamsize|p2|6
|gen|8
|tier|[Gen 8] OU
|rated|
|rule|Sleep Clause Mod: Limit one foe put to sleep
|rule|Species Clause: Limit one of each Pokémon
|rule|OHKO Clause: OHKO moves are banned
|rule|Evasion Items Clause: Evasion items are banned
|rule|Evasion Moves Clause: Evasion moves are banned
|rule|Endless Battle Clause: Forcing endless battles is banned
|rule|HP Percentage Mod: HP is shown in percentages
|rule|Dynamax Clause: You cannot dynamax
|clearpoke
|poke|p1|Tyranitar, F|
|poke|p1|Buzzwole|
|poke|p1|Quagsire, F|
|poke|p1|Corviknight, F|
|poke|p1|Clefable, M|
|poke|p1|Toxapex, M|
|poke|p2|Gastrodon, F|
|poke|p2|Blissey, F|
|poke|p2|Slowking-Galar, F|
|poke|p2|Toxapex, M|
|poke|p2|Clefable, M|
|poke|p2|Corviknight, F|
|teampreview
|inactive|Battle timer is ON: inactive players will automatically lose when time's up. (requested by LT93OQ im garbage)
|j| FedStar
|
|t:|1660369075
|start
|switch|p1a: Toxapex|Toxapex, M|100/100
|switch|p2a: Toxapex|Toxapex, M|100/100
|turn|1
|
|t:|1660369078
|move|p1a: Toxapex|Knock Off|p2a: Toxapex
|-damage|p2a: Toxapex|90/100
|-enditem|p2a: Toxapex|Payapa Berry|[from] move: Knock Off|[of] p1a: Toxapex
|move|p2a: Toxapex|Knock Off|p1a: Toxapex
|-damage|p1a: Toxapex|90/100
|-enditem|p1a: Toxapex|Heavy-Duty Boots|[from] move: Knock Off|[of] p2a: Toxapex
|
|upkeep
|turn|2
|j| I M prad yt
|
|t:|1660369081
|switch|p1a: Clefable|Clefable, M|100/100
|move|p2a: Toxapex|Toxic Spikes|p1a: Clefable
|-sidestart|p1: LT93OQ im garbage|move: Toxic Spikes
|
|upkeep
|turn|3
|
|t:|1660369084
|switch|p1a: Toxapex|Toxapex, M|100/100
|-sideend|p1: LT93OQ im garbage|move: Toxic Spikes|[of] p1a: Toxapex
|move|p2a: Toxapex|Toxic|p1a: Toxapex
|-immune|p1a: Toxapex
|
|upkeep
|turn|4
|
|t:|1660369086
|switch|p1a: Clefable|Clefable, M|100/100
|move|p2a: Toxapex|Toxic Spikes|p1a: Clefable
|-sidestart|p1: LT93OQ im garbage|move: Toxic Spikes
|
|upkeep
|turn|5
|
|t:|1660369089
|switch|p1a: Toxapex|Toxapex, M|100/100
|-sideend|p1: LT93OQ im garbage|move: Toxic Spikes|[of] p1a: Toxapex
|move|p2a: Toxapex|Toxic|p1a: Toxapex
|-immune|p1a: Toxapex
|
|upkeep
|turn|6
|
|t:|1660369090
|switch|p1a: Clefable|Clefable, M|100/100
|move|p2a: Toxapex|Toxic Spikes|p1a: Clefable
|-sidestart|p1: LT93OQ im garbage|move: Toxic Spikes
|
|upkeep
|turn|7
|
|t:|1660369093
|move|p1a: Clefable|Knock Off|p2a: Toxapex
|-damage|p2a: Toxapex|83/100
|move|p2a: Toxapex|Toxic|p1a: Clefable
|-status|p1a: Clefable|tox
|
|upkeep
|turn|8
|
|t:|1660369098
|switch|p1a: Toxapex|Toxapex, M|100/100
|-sideend|p1: LT93OQ im garbage|move: Toxic Spikes|[of] p1a: Toxapex
|move|p2a: Toxapex|Knock Off|p1a: Toxapex
|-damage|p1a: Toxapex|94/100
|
|upkeep
|turn|9
|
|t:|1660369100
|switch|p1a: Clefable|Clefable, M|100/100 tox
|move|p2a: Toxapex|Knock Off|p1a: Clefable
|-resisted|p1a: Clefable
|-damage|p1a: Clefable|96/100 tox
|
|-damage|p2a: Toxapex|71/100|[from] item: Sticky Barb
|upkeep
|turn|10
|
|t:|1660369111
|switch|p1a: Toxapex|Toxapex, M|100/100
|switch|p2a: Slowking|Slowking-Galar, F|100/100
|
|upkeep
|turn|11
|j| YN978
|
|t:|1660369114
|switch|p1a: Tyranitar|Tyranitar, F|100/100
|-weather|Sandstorm|[from] ability: Sand Stream|[of] p1a: Tyranitar
|move|p2a: Slowking|Future Sight|p1a: Tyranitar
|-start|p2a: Slowking|move: Future Sight
|
|-weather|Sandstorm|[upkeep]
|-damage|p2a: Slowking|94/100|[from] Sandstorm
|upkeep
|turn|12
|j| ghostfreakkkk
|
|t:|1660369120
|switch|p2a: Gastrodon|Gastrodon, F|100/100
|move|p1a: Tyranitar|Stealth Rock|p2a: Gastrodon
|-sidestart|p2: xSkelly34|move: Stealth Rock
|
|-weather|Sandstorm|[upkeep]
|upkeep
|turn|13
|
|t:|1660369126
|switch|p1a: Corviknight|Corviknight, F|100/100
|-ability|p1a: Corviknight|Pressure
|move|p2a: Gastrodon|Scald|p1a: Corviknight
|-damage|p1a: Corviknight|85/100
|-status|p1a: Corviknight|brn
|
|-weather|Sandstorm|[upkeep]
|-end|p1a: Corviknight|move: Future Sight
|-resisted|p1a: Corviknight
|-damage|p1a: Corviknight|64/100 brn
|-damage|p1a: Corviknight|58/100 brn|[from] brn
|upkeep
|turn|14
|j| LT92PF nagoL
|
|t:|1660369129
|move|p1a: Corviknight|Roost|p1a: Corviknight
|-heal|p1a: Corviknight|100/100 brn
|-singleturn|p1a: Corviknight|move: Roost
|move|p2a: Gastrodon|Earthquake|p1a: Corviknight
|-supereffective|p1a: Corviknight
|-damage|p1a: Corviknight|53/100 brn
|
|-weather|Sandstorm|[upkeep]
|-damage|p1a: Corviknight|47/100 brn|[from] brn
|upkeep
|turn|15
|
|t:|1660369132
|move|p1a: Corviknight|Roost|p1a: Corviknight
|-heal|p1a: Corviknight|97/100 brn
|-singleturn|p1a: Corviknight|move: Roost
|move|p2a: Gastrodon|Scald|p1a: Corviknight
|-damage|p1a: Corviknight|81/100 brn
|
|-weather|none
|-damage|p1a: Corviknight|75/100 brn|[from] brn
|upkeep
|turn|16
|
|t:|1660369135
|switch|p1a: Toxapex|Toxapex, M|100/100
|move|p2a: Gastrodon|Scald|p1a: Toxapex
|-resisted|p1a: Toxapex
|-damage|p1a: Toxapex|94/100
|
|upkeep
|turn|17
|
|t:|1660369138
|switch|p1a: Clefable|Clefable, M|96/100 tox
|move|p2a: Gastrodon|Scald|p1a: Clefable
|-damage|p1a: Clefable|76/100 tox
|
|upkeep
|turn|18
|
|t:|1660369142
|switch|p1a: Toxapex|Toxapex, M|100/100
|switch|p2a: Slowking|Slowking-Galar, F|100/100
|-damage|p2a: Slowking|88/100|[from] Stealth Rock
|
|upkeep
|turn|19
|
|t:|1660369148
|switch|p1a: Tyranitar|Tyranitar, F|100/100
|-weather|Sandstorm|[from] ability: Sand Stream|[of] p1a: Tyranitar
|switch|p2a: Toxapex|Toxapex, M|100/100
|-damage|p2a: Toxapex|88/100|[from] Stealth Rock
|
|-weather|Sandstorm|[upkeep]
|-damage|p2a: Toxapex|82/100|[from] Sandstorm
|-damage|p2a: Toxapex|70/100|[from] item: Sticky Barb
|upkeep
|turn|20
|j| CanUrepeat
|j| Wish i was gud
|
|t:|1660369154
|switch|p1a: Clefable|Clefable, M|76/100 tox
|switch|p2a: Blissey|Blissey, F|100/100
|
|-weather|Sandstorm|[upkeep]
|-damage|p2a: Blissey|94/100|[from] Sandstorm
|upkeep
|turn|21
|l| ghostfreakkkk
|j| band lele
|
|t:|1660369160
|switch|p1a: Toxapex|Toxapex, M|100/100
|move|p2a: Blissey|Stealth Rock|p1a: Toxapex
|-sidestart|p1: LT93OQ im garbage|move: Stealth Rock
|
|-weather|Sandstorm|[upkeep]
|-damage|p2a: Blissey|88/100|[from] Sandstorm
|-damage|p1a: Toxapex|94/100|[from] Sandstorm
|upkeep
|turn|22
|
|t:|1660369166
|switch|p2a: Slowking|Slowking-Galar, F|100/100
|-damage|p2a: Slowking|88/100|[from] Stealth Rock
|switch|p1a: Clefable|Clefable, M|76/100 tox
|
|-weather|Sandstorm|[upkeep]
|-damage|p2a: Slowking|82/100|[from] Sandstorm
|upkeep
|turn|23
|
|t:|1660369170
|switch|p1a: Toxapex|Toxapex, M|100/100
|-damage|p1a: Toxapex|88/100|[from] Stealth Rock
|move|p2a: Slowking|Future Sight|p1a: Toxapex
|-start|p2a: Slowking|move: Future Sight
|
|-weather|none
|upkeep
|turn|24
|j| ghostfreakkkk
|j| Mimikyu Stardust
|j| 50 at max
|
|t:|1660369174
|switch|p1a: Tyranitar|Tyranitar, F|100/100
|-weather|Sandstorm|[from] ability: Sand Stream|[of] p1a: Tyranitar
|move|p2a: Slowking|Scald|p1a: Tyranitar
|-supereffective|p1a: Tyranitar
|-damage|p1a: Tyranitar|78/100
|
|-weather|Sandstorm|[upkeep]
|-damage|p2a: Slowking|76/100|[from] Sandstorm
|upkeep
|turn|25
|j| impromptubossbatle
|
|t:|1660369181
|move|p1a: Tyranitar|Earthquake|p2a: Slowking
|-supereffective|p2a: Slowking
|-damage|p2a: Slowking|11/100
|move|p2a: Slowking|Scald|p1a: Tyranitar
|-supereffective|p1a: Tyranitar
|-damage|p1a: Tyranitar|57/100
|
|-weather|Sandstorm|[upkeep]
|-damage|p2a: Slowking|5/100|[from] Sandstorm
|-end|p1a: Tyranitar|move: Future Sight
|-immune|p1a: Tyranitar
|upkeep
|turn|26
|j| avg ♫
|
|t:|1660369193
|switch|p1a: Clefable|Clefable, M|76/100 tox
|switch|p2a: Corviknight|Corviknight, F|100/100
|-damage|p2a: Corviknight|88/100|[from] Stealth Rock
|-ability|p2a: Corviknight|Pressure
|
|-weather|Sandstorm|[upkeep]
|upkeep
|turn|27
|
|t:|1660369197
|switch|p2a: Slowking|Slowking-Galar, F|39/100
|-damage|p2a: Slowking|26/100|[from] Stealth Rock
|move|p1a: Clefable|Heal Bell|p1a: Clefable
|-activate|p1a: Clefable|move: Heal Bell
|-curestatus|p1a: Clefable|tox|[msg]
|-curestatus|p1: Corviknight|brn|[msg]
|
|-weather|Sandstorm|[upkeep]
|-damage|p2a: Slowking|20/100|[from] Sandstorm
|upkeep
|turn|28
|
|t:|1660369201
|switch|p1a: Toxapex|Toxapex, M|100/100
|-damage|p1a: Toxapex|88/100|[from] Stealth Rock
|switch|p2a: Toxapex|Toxapex, M|100/100
|-damage|p2a: Toxapex|88/100|[from] Stealth Rock
|
|-weather|none
|-damage|p2a: Toxapex|76/100|[from] item: Sticky Barb
|upkeep
|turn|29
|
|t:|1660369205
|switch|p1a: Clefable|Clefable, M|76/100
|switch|p2a: Slowking|Slowking-Galar, F|53/100
|-damage|p2a: Slowking|41/100|[from] Stealth Rock
|
|upkeep
|turn|30
|
|t:|1660369209
|switch|p1a: Toxapex|Toxapex, M|100/100
|-damage|p1a: Toxapex|88/100|[from] Stealth Rock
|switch|p2a: Toxapex|Toxapex, M|100/100
|-damage|p2a: Toxapex|88/100|[from] Stealth Rock
|
|-damage|p2a: Toxapex|76/100|[from] item: Sticky Barb
|upkeep
|turn|31
|
|t:|1660369211
|switch|p2a: Slowking|Slowking-Galar, F|74/100
|-damage|p2a: Slowking|62/100|[from] Stealth Rock
|move|p1a: Toxapex|Knock Off|p2a: Slowking
|-supereffective|p2a: Slowking
|-damage|p2a: Slowking|32/100
|-enditem|p2a: Slowking|Assault Vest|[from] move: Knock Off|[of] p1a: Toxapex
|
|upkeep
|turn|32
|
|t:|1660369214
|switch|p1a: Tyranitar|Tyranitar, F|57/100
|-weather|Sandstorm|[from] ability: Sand Stream|[of] p1a: Tyranitar
|move|p2a: Slowking|Future Sight|p1a: Tyranitar
|-start|p2a: Slowking|move: Future Sight
|
|-weather|Sandstorm|[upkeep]
|-damage|p2a: Slowking|26/100|[from] Sandstorm
|upkeep
|turn|33
|
|t:|1660369219
|switch|p1a: Corviknight|Corviknight, F|75/100
|-damage|p1a: Corviknight|63/100|[from] Stealth Rock
|-ability|p1a: Corviknight|Pressure
|switch|p2a: Clefable|Clefable, M|100/100
|-damage|p2a: Clefable|88/100|[from] Stealth Rock
|
|-weather|Sandstorm|[upkeep]
|-damage|p2a: Clefable|82/100|[from] Sandstorm
|-heal|p2a: Clefable|88/100|[from] item: Leftovers
|upkeep
|turn|34
|j| AlIoutdragadarts
|j| Mollymiltoast
|
|t:|1660369222
|switch|p2a: Corviknight|Corviknight, F|88/100
|-damage|p2a: Corviknight|75/100|[from] Stealth Rock
|-ability|p2a: Corviknight|Pressure
|move|p1a: Corviknight|Roost|p1a: Corviknight
|-heal|p1a: Corviknight|100/100
|-singleturn|p1a: Corviknight|move: Roost
|
|-weather|Sandstorm|[upkeep]
|-end|p1a: Corviknight|move: Future Sight
|-resisted|p1a: Corviknight
|-crit|p1a: Corviknight
|-damage|p1a: Corviknight|72/100
|upkeep
|turn|35
|j| Ez4mini
|
|t:|1660369226
|switch|p1a: Clefable|Clefable, M|76/100
|move|p2a: Corviknight|Iron Defense|p2a: Corviknight
|-boost|p2a: Corviknight|def|2
|
|-weather|Sandstorm|[upkeep]
|upkeep
|turn|36
|
|t:|1660369232
|switch|p2a: Slowking|Slowking-Galar, F|59/100
|-damage|p2a: Slowking|46/100|[from] Stealth Rock
|switch|p1a: Toxapex|Toxapex, M|100/100
|-damage|p1a: Toxapex|88/100|[from] Stealth Rock
|
|-weather|none
|upkeep
|turn|37
|
|t:|1660369237
|switch|p1a: Tyranitar|Tyranitar, F|57/100
|-weather|Sandstorm|[from] ability: Sand Stream|[of] p1a: Tyranitar
|move|p2a: Slowking|Future Sight|p1a: Tyranitar
|-start|p2a: Slowking|move: Future Sight
|
|-weather|Sandstorm|[upkeep]
|-damage|p2a: Slowking|40/100|[from] Sandstorm
|upkeep
|turn|38
|l| Ez4mini
|
|t:|1660369241
|switch|p1a: Corviknight|Corviknight, F|72/100
|-damage|p1a: Corviknight|59/100|[from] Stealth Rock
|-ability|p1a: Corviknight|Pressure
|switch|p2a: Corviknight|Corviknight, F|75/100
|-damage|p2a: Corviknight|63/100|[from] Stealth Rock
|-ability|p2a: Corviknight|Pressure
|
|-weather|Sandstorm|[upkeep]
|upkeep
|turn|39
|
|t:|1660369245
|move|p1a: Corviknight|Protect|p1a: Corviknight
|-singleturn|p1a: Corviknight|Protect
|move|p2a: Corviknight|Body Press|p1a: Corviknight
|-activate|p1a: Corviknight|move: Protect
|
|-weather|Sandstorm|[upkeep]
|-end|p1a: Corviknight|move: Future Sight
|-resisted|p1a: Corviknight
|-damage|p1a: Corviknight|39/100
|upkeep
|turn|40
|
|t:|1660369251
|switch|p2a: Slowking|Slowking-Galar, F|74/100
|-damage|p2a: Slowking|61/100|[from] Stealth Rock
|move|p1a: Corviknight|Roost|p1a: Corviknight
|-heal|p1a: Corviknight|89/100
|-singleturn|p1a: Corviknight|move: Roost
|
|-weather|Sandstorm|[upkeep]
|-damage|p2a: Slowking|55/100|[from] Sandstorm
|upkeep
|turn|41
|
|t:|1660369254
|move|p1a: Corviknight|Brave Bird|p2a: Slowking
|-damage|p2a: Slowking|19/100
|-damage|p1a: Corviknight|77/100|[from] Recoil
|move|p2a: Slowking|Future Sight|p1a: Corviknight
|-start|p2a: Slowking|move: Future Sight
|
|-weather|none
|upkeep
|turn|42
|
|t:|1660369263
|switch|p1a: Quagsire|Quagsire, F|100/100
|-damage|p1a: Quagsire|94/100|[from] Stealth Rock
|switch|p2a: Gastrodon|Gastrodon, F|100/100
|-damage|p2a: Gastrodon|94/100|[from] Stealth Rock
|
|-heal|p2a: Gastrodon|100/100|[from] item: Leftovers
|-heal|p1a: Quagsire|100/100|[from] item: Leftovers
|upkeep
|turn|43
|
|t:|1660369268
|move|p2a: Gastrodon|Scald|p1a: Quagsire
|-damage|p1a: Quagsire|76/100
|move|p1a: Quagsire|Toxic|p2a: Gastrodon
|-status|p2a: Gastrodon|tox
|
|-end|p1a: Quagsire|move: Future Sight
|-crit|p1a: Quagsire
|-damage|p1a: Quagsire|0 fnt
|faint|p1a: Quagsire
|-damage|p2a: Gastrodon|94/100 tox|[from] psn
|upkeep
|
|t:|1660369281
|switch|p1a: Tyranitar|Tyranitar, F|57/100
|-weather|Sandstorm|[from] ability: Sand Stream|[of] p1a: Tyranitar
|turn|44
|j| Arcanesp
|
|t:|1660369286
|switch|p1a: Toxapex|Toxapex, M|100/100
|-damage|p1a: Toxapex|88/100|[from] Stealth Rock
|move|p2a: Gastrodon|Scald|p1a: Toxapex
|-resisted|p1a: Toxapex
|-damage|p1a: Toxapex|81/100
|
|-weather|Sandstorm|[upkeep]
|-damage|p1a: Toxapex|75/100|[from] Sandstorm
|-heal|p2a: Gastrodon|100/100 tox|[from] item: Leftovers
|-damage|p2a: Gastrodon|88/100 tox|[from] psn
|upkeep
|turn|45
|
|t:|1660369291
|switch|p1a: Clefable|Clefable, M|76/100
|move|p2a: Gastrodon|Scald|p1a: Clefable
|-damage|p1a: Clefable|53/100
|
|-weather|Sandstorm|[upkeep]
|-heal|p2a: Gastrodon|94/100 tox|[from] item: Leftovers
|-damage|p2a: Gastrodon|76/100 tox|[from] psn
|upkeep
|turn|46
|
|t:|1660369294
|switch|p2a: Clefable|Clefable, M|88/100
|-damage|p2a: Clefable|76/100|[from] Stealth Rock
|move|p1a: Clefable|Knock Off|p2a: Clefable
|-resisted|p2a: Clefable
|-damage|p2a: Clefable|70/100
|-enditem|p2a: Clefable|Leftovers|[from] move: Knock Off|[of] p1a: Clefable
|
|-weather|Sandstorm|[upkeep]
|-damage|p2a: Clefable|64/100|[from] Sandstorm
|upkeep
|turn|47
|
|t:|1660369297
|move|p1a: Clefable|Soft-Boiled|p1a: Clefable
|-heal|p1a: Clefable|100/100
|move|p2a: Clefable|Heal Bell|p2a: Clefable
|-activate|p2a: Clefable|move: Heal Bell
|-curestatus|p2: Gastrodon|tox|[msg]
|
|-weather|Sandstorm|[upkeep]
|-damage|p2a: Clefable|58/100|[from] Sandstorm
|upkeep
|turn|48
|
|t:|1660369299
|move|p1a: Clefable|Moonblast|p2a: Clefable
|-damage|p2a: Clefable|27/100
|move|p2a: Clefable|Soft-Boiled|p2a: Clefable
|-heal|p2a: Clefable|77/100
|
|-weather|none
|upkeep
|turn|49
|j| destinyxi
|
|t:|1660369311
|switch|p1a: Toxapex|Toxapex, M|100/100
|-damage|p1a: Toxapex|88/100|[from] Stealth Rock
|switch|p2a: Corviknight|Corviknight, F|63/100
|-damage|p2a: Corviknight|50/100|[from] Stealth Rock
|-ability|p2a: Corviknight|Pressure
|
|upkeep
|turn|50
|
|t:|1660369317
|switch|p1a: Buzzwole|Buzzwole|100/100
|move|p2a: Corviknight|Roost|p2a: Corviknight
|-heal|p2a: Corviknight|100/100
|-singleturn|p2a: Corviknight|move: Roost
|
|upkeep
|turn|51
|j| frecsa
|
|t:|1660369322
|move|p1a: Buzzwole|Ice Punch|p2a: Corviknight
|-damage|p2a: Corviknight|85/100
|move|p2a: Corviknight|Iron Defense|p2a: Corviknight
|-boost|p2a: Corviknight|def|2
|
|upkeep
|turn|52
|
|t:|1660369328
|switch|p1a: Clefable|Clefable, M|100/100
|switch|p2a: Slowking|Slowking-Galar, F|53/100
|-damage|p2a: Slowking|40/100|[from] Stealth Rock
|
|upkeep
|turn|53
|l| 50 at max
|
|t:|1660369335
|switch|p1a: Corviknight|Corviknight, F|77/100
|-damage|p1a: Corviknight|65/100|[from] Stealth Rock
|-ability|p1a: Corviknight|Pressure
|move|p2a: Slowking|Scald|p1a: Corviknight
|-damage|p1a: Corviknight|46/100
|
|upkeep
|turn|54
|
|t:|1660369338
|move|p1a: Corviknight|Roost|p1a: Corviknight
|-heal|p1a: Corviknight|96/100
|-singleturn|p1a: Corviknight|move: Roost
|move|p2a: Slowking|Flamethrower|p1a: Corviknight
|-supereffective|p1a: Corviknight
|-damage|p1a: Corviknight|58/100
|
|upkeep
|turn|55
|
|t:|1660369342
|move|p1a: Corviknight|Protect|p1a: Corviknight
|-singleturn|p1a: Corviknight|Protect
|move|p2a: Slowking|Future Sight|p1a: Corviknight
|-start|p2a: Slowking|move: Future Sight
|
|upkeep
|turn|56
|
|t:|1660369344
|move|p1a: Corviknight|Roost|p1a: Corviknight
|-heal|p1a: Corviknight|100/100
|-singleturn|p1a: Corviknight|move: Roost
|move|p2a: Slowking|Scald|p1a: Corviknight
|-damage|p1a: Corviknight|82/100
|
|upkeep
|turn|57
|
|t:|1660369347
|move|p1a: Corviknight|Protect|p1a: Corviknight
|-singleturn|p1a: Corviknight|Protect
|move|p2a: Slowking|Scald|p1a: Corviknight
|-activate|p1a: Corviknight|move: Protect
|
|-end|p1a: Corviknight|move: Future Sight
|-resisted|p1a: Corviknight
|-damage|p1a: Corviknight|61/100
|upkeep
|turn|58
|
|t:|1660369351
|move|p1a: Corviknight|Roost|p1a: Corviknight
|-heal|p1a: Corviknight|100/100
|-singleturn|p1a: Corviknight|move: Roost
|move|p2a: Slowking|Scald|p1a: Corviknight
|-damage|p1a: Corviknight|83/100
|
|upkeep
|turn|59
|
|t:|1660369353
|move|p1a: Corviknight|Brave Bird|p2a: Slowking
|-damage|p2a: Slowking|2/100
|-damage|p1a: Corviknight|71/100|[from] Recoil
|move|p2a: Slowking|Scald|p1a: Corviknight
|-damage|p1a: Corviknight|53/100
|
|upkeep
|turn|60
|
|t:|1660369359
|switch|p2a: Toxapex|Toxapex, M|100/100
|-damage|p2a: Toxapex|88/100|[from] Stealth Rock
|move|p1a: Corviknight|Roost|p1a: Corviknight
|-heal|p1a: Corviknight|100/100
|-singleturn|p1a: Corviknight|move: Roost
|
|-damage|p2a: Toxapex|76/100|[from] item: Sticky Barb
|upkeep
|turn|61
|
|t:|1660369369
|switch|p2a: Slowking|Slowking-Galar, F|35/100
|-damage|p2a: Slowking|23/100|[from] Stealth Rock
|move|p1a: Corviknight|Brave Bird|p2a: Slowking
|-damage|p2a: Slowking|0 fnt
|faint|p2a: Slowking
|-damage|p1a: Corviknight|93/100|[from] Recoil
|
|upkeep
|
|t:|1660369377
|switch|p2a: Gastrodon|Gastrodon, F|76/100
|-damage|p2a: Gastrodon|70/100|[from] Stealth Rock
|turn|62
|j| joeding
|
|t:|1660369383
|switch|p1a: Toxapex|Toxapex, M|100/100
|-damage|p1a: Toxapex|88/100|[from] Stealth Rock
|move|p2a: Gastrodon|Scald|p1a: Toxapex
|-resisted|p1a: Toxapex
|-damage|p1a: Toxapex|81/100
|
|-heal|p2a: Gastrodon|76/100|[from] item: Leftovers
|upkeep
|turn|63
|
|t:|1660369385
|switch|p1a: Clefable|Clefable, M|100/100
|move|p2a: Gastrodon|Scald|p1a: Clefable
|-crit|p1a: Clefable
|-damage|p1a: Clefable|65/100
|
|-heal|p2a: Gastrodon|82/100|[from] item: Leftovers
|upkeep
|turn|64
|
|t:|1660369391
|switch|p2a: Corviknight|Corviknight, F|85/100
|-damage|p2a: Corviknight|73/100|[from] Stealth Rock
|-ability|p2a: Corviknight|Pressure
|move|p1a: Clefable|Knock Off|p2a: Corviknight
|-damage|p2a: Corviknight|63/100
|-enditem|p2a: Corviknight|Shed Shell|[from] move: Knock Off|[of] p1a: Clefable
|
|upkeep
|turn|65
|
|t:|1660369394
|move|p2a: Corviknight|Roost|p2a: Corviknight
|-heal|p2a: Corviknight|100/100
|-singleturn|p2a: Corviknight|move: Roost
|move|p1a: Clefable|Soft-Boiled|p1a: Clefable
|-heal|p1a: Clefable|100/100
|
|upkeep
|turn|66
|j| Gen8IsMid
|
|t:|1660369397
|switch|p2a: Toxapex|Toxapex, M|100/100
|-damage|p2a: Toxapex|88/100|[from] Stealth Rock
|switch|p1a: Toxapex|Toxapex, M|100/100
|-damage|p1a: Toxapex|88/100|[from] Stealth Rock
|
|-damage|p2a: Toxapex|76/100|[from] item: Sticky Barb
|upkeep
|turn|67
|
|t:|1660369402
|switch|p1a: Clefable|Clefable, M|100/100
|switch|p2a: Gastrodon|Gastrodon, F|82/100
|-damage|p2a: Gastrodon|76/100|[from] Stealth Rock
|
|-heal|p2a: Gastrodon|82/100|[from] item: Leftovers
|upkeep
|turn|68
|
|t:|1660369404
|switch|p1a: Toxapex|Toxapex, M|100/100
|-damage|p1a: Toxapex|88/100|[from] Stealth Rock
|switch|p2a: Toxapex|Toxapex, M|100/100
|-damage|p2a: Toxapex|88/100|[from] Stealth Rock
|
|-damage|p2a: Toxapex|76/100|[from] item: Sticky Barb
|upkeep
|turn|69
|
|t:|1660369406
|switch|p1a: Clefable|Clefable, M|100/100
|switch|p2a: Gastrodon|Gastrodon, F|82/100
|-damage|p2a: Gastrodon|76/100|[from] Stealth Rock
|
|-heal|p2a: Gastrodon|82/100|[from] item: Leftovers
|upkeep
|turn|70
|
|t:|1660369408
|switch|p1a: Toxapex|Toxapex, M|100/100
|-damage|p1a: Toxapex|88/100|[from] Stealth Rock
|switch|p2a: Toxapex|Toxapex, M|100/100
|-damage|p2a: Toxapex|88/100|[from] Stealth Rock
|
|-damage|p2a: Toxapex|76/100|[from] item: Sticky Barb
|upkeep
|turn|71
|
|t:|1660369409
|switch|p2a: Gastrodon|Gastrodon, F|82/100
|-damage|p2a: Gastrodon|76/100|[from] Stealth Rock
|move|p1a: Toxapex|Knock Off|p2a: Gastrodon
|-damage|p2a: Gastrodon|60/100
|-enditem|p2a: Gastrodon|Leftovers|[from] move: Knock Off|[of] p1a: Toxapex
|
|upkeep
|turn|72
|
|t:|1660369412
|switch|p2a: Toxapex|Toxapex, M|100/100
|-damage|p2a: Toxapex|88/100|[from] Stealth Rock
|switch|p1a: Clefable|Clefable, M|100/100
|
|-damage|p2a: Toxapex|76/100|[from] item: Sticky Barb
|upkeep
|turn|73
|l| frecsa
|
|t:|1660369414
|switch|p1a: Toxapex|Toxapex, M|100/100
|-damage|p1a: Toxapex|88/100|[from] Stealth Rock
|switch|p2a: Gastrodon|Gastrodon, F|60/100
|-damage|p2a: Gastrodon|54/100|[from] Stealth Rock
|
|upkeep
|turn|74
|
|t:|1660369416
|switch|p2a: Toxapex|Toxapex, M|100/100
|-damage|p2a: Toxapex|88/100|[from] Stealth Rock
|switch|p1a: Clefable|Clefable, M|100/100
|
|-damage|p2a: Toxapex|76/100|[from] item: Sticky Barb
|upkeep
|turn|75
|
|t:|1660369419
|switch|p2a: Gastrodon|Gastrodon, F|54/100
|-damage|p2a: Gastrodon|47/100|[from] Stealth Rock
|move|p1a: Clefable|Moonblast|p2a: Gastrodon
|-damage|p2a: Gastrodon|26/100
|-unboost|p2a: Gastrodon|spa|1
|
|upkeep
|turn|76
|l| Mollymiltoast
|
|t:|1660369423
|move|p1a: Clefable|Moonblast|p2a: Gastrodon
|-damage|p2a: Gastrodon|5/100
|move|p2a: Gastrodon|Recover|p2a: Gastrodon
|-heal|p2a: Gastrodon|55/100
|
|upkeep
|turn|77
|
|t:|1660369425
|switch|p1a: Toxapex|Toxapex, M|100/100
|-damage|p1a: Toxapex|88/100|[from] Stealth Rock
|move|p2a: Gastrodon|Recover|p2a: Gastrodon
|-heal|p2a: Gastrodon|100/100
|
|upkeep
|turn|78
|l| YN978
|
|t:|1660369428
|switch|p2a: Corviknight|Corviknight, F|100/100
|-damage|p2a: Corviknight|88/100|[from] Stealth Rock
|-ability|p2a: Corviknight|Pressure
|switch|p1a: Clefable|Clefable, M|100/100
|
|upkeep
|turn|79
|l| Gen8IsMid
|
|t:|1660369432
|switch|p1a: Toxapex|Toxapex, M|100/100
|-damage|p1a: Toxapex|88/100|[from] Stealth Rock
|move|p2a: Corviknight|Defog|p1a: Toxapex
|-unboost|p1a: Toxapex|evasion|1
|-sideend|p1: LT93OQ im garbage|Stealth Rock|[from] move: Defog|[of] p2a: Corviknight
|-sideend|p2: xSkelly34|Stealth Rock|[from] move: Defog|[of] p2a: Corviknight
|
|upkeep
|turn|80
|
|t:|1660369436
|switch|p2a: Gastrodon|Gastrodon, F|100/100
|switch|p1a: Clefable|Clefable, M|100/100
|
|upkeep
|turn|81
|
|t:|1660369440
|switch|p1a: Tyranitar|Tyranitar, F|57/100
|-weather|Sandstorm|[from] ability: Sand Stream|[of] p1a: Tyranitar
|switch|p2a: Toxapex|Toxapex, M|100/100
|
|-weather|Sandstorm|[upkeep]
|-damage|p2a: Toxapex|95/100|[from] Sandstorm
|-damage|p2a: Toxapex|82/100|[from] item: Sticky Barb
|upkeep
|turn|82
|
|t:|1660369442
|switch|p2a: Corviknight|Corviknight, F|88/100
|-ability|p2a: Corviknight|Pressure
|move|p1a: Tyranitar|Stealth Rock|p2a: Corviknight
|-sidestart|p2: xSkelly34|move: Stealth Rock
|
|-weather|Sandstorm|[upkeep]
|upkeep
|turn|83
|
|t:|1660369444
|switch|p1a: Corviknight|Corviknight, F|93/100
|-ability|p1a: Corviknight|Pressure
|move|p2a: Corviknight|Defog|p1a: Corviknight
|-unboost|p1a: Corviknight|evasion|1
|-sideend|p2: xSkelly34|Stealth Rock|[from] move: Defog|[of] p2a: Corviknight
|
|-weather|Sandstorm|[upkeep]
|upkeep
|turn|84
|
|t:|1660369450
|switch|p1a: Clefable|Clefable, M|100/100
|move|p2a: Corviknight|Iron Defense|p2a: Corviknight
|-boost|p2a: Corviknight|def|2
|
|-weather|Sandstorm|[upkeep]
|upkeep
|turn|85
|
|t:|1660369453
|switch|p1a: Toxapex|Toxapex, M|100/100
|move|p2a: Corviknight|Iron Defense|p2a: Corviknight
|-boost|p2a: Corviknight|def|2
|
|-weather|none
|upkeep
|turn|86
|j| Momentary Life
|
|t:|1660369455
|switch|p1a: Corviknight|Corviknight, F|93/100
|-ability|p1a: Corviknight|Pressure
|move|p2a: Corviknight|Iron Defense|p2a: Corviknight
|-boost|p2a: Corviknight|def|2
|
|upkeep
|turn|87
|
|t:|1660369457
|switch|p1a: Toxapex|Toxapex, M|100/100
|move|p2a: Corviknight|Body Press|p1a: Toxapex
|-resisted|p1a: Toxapex
|-damage|p1a: Toxapex|63/100
|
|upkeep
|turn|88
|
|t:|1660369460
|switch|p1a: Buzzwole|Buzzwole|100/100
|move|p2a: Corviknight|Body Press|p1a: Buzzwole
|-resisted|p1a: Buzzwole
|-damage|p1a: Buzzwole|75/100
|
|upkeep
|turn|89
|
|t:|1660369462
|switch|p1a: Toxapex|Toxapex, M|96/100
|move|p2a: Corviknight|Body Press|p1a: Toxapex
|-resisted|p1a: Toxapex
|-damage|p1a: Toxapex|57/100
|
|upkeep
|turn|90
|
|t:|1660369463
|switch|p1a: Buzzwole|Buzzwole|75/100
|move|p2a: Corviknight|Body Press|p1a: Buzzwole
|-resisted|p1a: Buzzwole
|-damage|p1a: Buzzwole|48/100
|
|upkeep
|turn|91
|
|t:|1660369465
|move|p1a: Buzzwole|Roost|p1a: Buzzwole
|-heal|p1a: Buzzwole|98/100
|-singleturn|p1a: Buzzwole|move: Roost
|move|p2a: Corviknight|Body Press|p1a: Buzzwole
|-resisted|p1a: Buzzwole
|-damage|p1a: Buzzwole|74/100
|
|upkeep
|turn|92
|
|t:|1660369467
|switch|p1a: Toxapex|Toxapex, M|91/100
|move|p2a: Corviknight|Body Press|p1a: Toxapex
|-resisted|p1a: Toxapex
|-damage|p1a: Toxapex|52/100
|
|upkeep
|turn|93
|
|t:|1660369470
|switch|p1a: Buzzwole|Buzzwole|74/100
|move|p2a: Corviknight|Body Press|p1a: Buzzwole
|-resisted|p1a: Buzzwole
|-damage|p1a: Buzzwole|47/100
|
|upkeep
|turn|94
|
|t:|1660369474
|switch|p2a: Toxapex|Toxapex, M|100/100
|move|p1a: Buzzwole|Roost|p1a: Buzzwole
|-heal|p1a: Buzzwole|97/100
|-singleturn|p1a: Buzzwole|move: Roost
|
|-damage|p2a: Toxapex|88/100|[from] item: Sticky Barb
|upkeep
|turn|95
|l| ghostfreakkkk
|
|t:|1660369481
|switch|p1a: Tyranitar|Tyranitar, F|57/100
|-weather|Sandstorm|[from] ability: Sand Stream|[of] p1a: Tyranitar
|switch|p2a: Clefable|Clefable, M|77/100
|
|-weather|Sandstorm|[upkeep]
|-damage|p2a: Clefable|71/100|[from] Sandstorm
|upkeep
|turn|96
|
|t:|1660369485
|move|p1a: Tyranitar|Stealth Rock|p2a: Clefable
|-sidestart|p2: xSkelly34|move: Stealth Rock
|move|p2a: Clefable|Moonblast|p1a: Tyranitar
|-supereffective|p1a: Tyranitar
|-damage|p1a: Tyranitar|30/100
|-unboost|p1a: Tyranitar|spa|1
|
|-weather|Sandstorm|[upkeep]
|-damage|p2a: Clefable|65/100|[from] Sandstorm
|upkeep
|turn|97
|
|t:|1660369489
|switch|p1a: Toxapex|Toxapex, M|86/100
|move|p2a: Clefable|Calm Mind|p2a: Clefable
|-boost|p2a: Clefable|spa|1
|-boost|p2a: Clefable|spd|1
|
|-weather|Sandstorm|[upkeep]
|-damage|p2a: Clefable|59/100|[from] Sandstorm
|-damage|p1a: Toxapex|79/100|[from] Sandstorm
|upkeep
|turn|98
|l| destinyxi
|
|t:|1660369494
|switch|p1a: Corviknight|Corviknight, F|93/100
|-ability|p1a: Corviknight|Pressure
|move|p2a: Clefable|Soft-Boiled|p2a: Clefable
|-heal|p2a: Clefable|100/100
|
|-weather|Sandstorm|[upkeep]
|-damage|p2a: Clefable|94/100|[from] Sandstorm
|upkeep
|turn|99
|
|t:|1660369496
|switch|p1a: Toxapex|Toxapex, M|100/100
|move|p2a: Clefable|Calm Mind|p2a: Clefable
|-boost|p2a: Clefable|spa|1
|-boost|p2a: Clefable|spd|1
|
|-weather|none
|upkeep
|turn|100
|
|t:|1660369498
|move|p2a: Clefable|Calm Mind|p2a: Clefable
|-boost|p2a: Clefable|spa|1
|-boost|p2a: Clefable|spd|1
|move|p1a: Toxapex|Poison Jab|p2a: Clefable
|-supereffective|p2a: Clefable
|-damage|p2a: Clefable|65/100
|
|upkeep
|turn|101
|
|t:|1660369499
|move|p2a: Clefable|Calm Mind|p2a: Clefable
|-boost|p2a: Clefable|spa|1
|-boost|p2a: Clefable|spd|1
|move|p1a: Toxapex|Haze|p1a: Toxapex
|-clearallboost
|
|upkeep
|turn|102
|-message|xSkelly34 forfeited.
|
|win|LT93OQ im garbage
|raw|LT93OQ im garbage's rating: 1796 &rarr; <strong>1817</strong><br />(+21 for winning)
|raw|xSkelly34's rating: 1811 &rarr; <strong>1790</strong><br />(-21 for losing)
|l|☆xSkelly34
|l| I M prad yt
|l| Wish i was gud
|l| avg ♫
|l|☆LT93OQ im garbage
|l| Mimikyu Stardust
|l| LT92PF nagoL
|j| poopy d poopy
|l| FedStar
|l| joeding
|j| joeding
|l| joeding
|l| poopy d poopy
|l| band lele
|l| Momentary Life
|l| Arcanesp
|l| impromptubossbatle
|j| just nimmemja
