|j|☆Iceman8911
|j|☆PQPP214
|t:|1646222854
|gametype|singles
|player|p1|Iceman8911|170|1437
|player|p2|PQPP214|101|1436
|teamsize|p1|6
|teamsize|p2|6
|gen|8
|tier|[Gen 8] OU
|rated|
|rule|Sleep Clause Mod: Limit one foe put to sleep
|rule|Species Clause: Limit one of each Pokémon
|rule|OHKO Clause: OHKO moves are banned
|rule|Evasion Moves Clause: Evasion moves are banned
|rule|Endless Battle Clause: Forcing endless battles is banned
|rule|HP Percentage Mod: HP is shown in percentages
|rule|Dynamax Clause: You cannot dynamax
|clearpoke
|poke|p1|Rillaboom, M|
|poke|p1|Magnezone|
|poke|p1|Landorus-Therian, M|
|poke|p1|Toxapex, M|
|poke|p1|Corviknight, F|
|poke|p1|Hydreigon, M|
|poke|p2|Landorus-Therian, M|
|poke|p2|Tornadus-Therian, M|
|poke|p2|Zeraora|
|poke|p2|Zapdos-Galar|
|poke|p2|Jirachi|
|poke|p2|Toxapex, M|
|teampreview
|inactive|Battle timer is ON: inactive players will automatically lose when time's up. (requested by PQPP214)
|
|t:|1646222862
|start
|switch|p1a: Mc. Donaldds|Landorus-Therian, M|100/100
|switch|p2a: Zapdos|Zapdos-Galar|100/100
|-ability|p1a: Mc. Donaldds|Intimidate|boost
|-unboost|p2a: Zapdos|atk|1
|-ability|p2a: Zapdos|Defiant
|-boost|p2a: Zapdos|atk|2
|turn|1
|
|t:|1646222869
|switch|p1a: MeliodasSama|Corviknight, F|100/100
|-ability|p1a: MeliodasSama|Pressure
|move|p2a: Zapdos|Brave Bird|p1a: MeliodasSama
|-resisted|p1a: MeliodasSama
|-damage|p1a: MeliodasSama|56/100
|-damage|p2a: Zapdos|84/100|[from] item: Rocky Helmet|[of] p1a: MeliodasSama
|-damage|p2a: Zapdos|66/100|[from] Recoil
|
|upkeep
|turn|2
|
|t:|1646222876
|switch|p2a: Zeraora|Zeraora, shiny|100/100
|move|p1a: MeliodasSama|Roost|p1a: MeliodasSama
|-heal|p1a: MeliodasSama|100/100
|-singleturn|p1a: MeliodasSama|move: Roost
|
|upkeep
|turn|3
|
|t:|1646222881
|switch|p1a: Mc. Donaldds|Landorus-Therian, M|100/100
|-ability|p1a: Mc. Donaldds|Intimidate|boost
|-unboost|p2a: Zeraora|atk|1
|move|p2a: Zeraora|Knock Off|p1a: Mc. Donaldds
|-damage|p1a: Mc. Donaldds|80/100
|-enditem|p1a: Mc. Donaldds|Leftovers|[from] move: Knock Off|[of] p2a: Zeraora
|
|upkeep
|turn|4
|
|t:|1646222887
|switch|p2a: Landorus|Landorus-Therian, M, shiny|100/100
|-ability|p2a: Landorus|Intimidate|boost
|-unboost|p1a: Mc. Donaldds|atk|1
|move|p1a: Mc. Donaldds|Stealth Rock|p2a: Landorus
|-sidestart|p2: PQPP214|move: Stealth Rock
|
|upkeep
|turn|5
|
|t:|1646222895
|move|p2a: Landorus|Toxic|p1a: Mc. Donaldds
|-status|p1a: Mc. Donaldds|tox
|move|p1a: Mc. Donaldds|Toxic|p2a: Landorus
|-status|p2a: Landorus|tox
|
|-damage|p2a: Landorus|94/100 tox|[from] psn
|-damage|p1a: Mc. Donaldds|74/100 tox|[from] psn
|upkeep
|turn|6
|
|t:|1646222902
|move|p2a: Landorus|Defog|p1a: Mc. Donaldds
|-unboost|p1a: Mc. Donaldds|evasion|1
|-sideend|p2: PQPP214|Stealth Rock|[from] move: Defog|[of] p2a: Landorus
|move|p1a: Mc. Donaldds|U-turn|p2a: Landorus
|-resisted|p2a: Landorus
|-damage|p2a: Landorus|87/100 tox
|
|t:|1646222911
|switch|p1a: MeliodasSama|Corviknight, F|100/100|[from]move: U-turn
|-ability|p1a: MeliodasSama|Pressure
|
|-heal|p2a: Landorus|93/100 tox|[from] item: Leftovers
|-damage|p2a: Landorus|81/100 tox|[from] psn
|upkeep
|turn|7
|
|t:|1646222917
|switch|p2a: Tornadus|Tornadus-Therian, M, shiny|100/100
|move|p1a: MeliodasSama|U-turn|p2a: Tornadus
|-resisted|p2a: Tornadus
|-damage|p2a: Tornadus|93/100
|
|t:|1646222925
|switch|p1a: In the Zone|Magnezone|100/100|[from]move: U-turn
|
|upkeep
|turn|8
|
|t:|1646222937
|switch|p2a: Zeraora|Zeraora, shiny|100/100
|move|p1a: In the Zone|Flash Cannon|p2a: Zeraora
|-resisted|p2a: Zeraora
|-damage|p2a: Zeraora|56/100
|
|upkeep
|turn|9
|
|t:|1646222954
|switch|p2a: Zapdos|Zapdos-Galar|66/100
|switch|p1a: GroooKey|Rillaboom, M|100/100
|-fieldstart|move: Grassy Terrain|[from] ability: Grassy Surge|[of] p1a: GroooKey
|
|upkeep
|turn|10
|
|t:|1646222965
|switch|p2a: Tornadus|Tornadus-Therian, M, shiny|100/100
|switch|p1a: MeliodasSama|Corviknight, F|100/100
|-ability|p1a: MeliodasSama|Pressure
|
|upkeep
|turn|11
|
|t:|1646222971
|move|p2a: Tornadus|Heat Wave|p1a: MeliodasSama
|-supereffective|p1a: MeliodasSama
|-damage|p1a: MeliodasSama|56/100
|move|p1a: MeliodasSama|U-turn|p2a: Tornadus
|-resisted|p2a: Tornadus
|-damage|p2a: Tornadus|93/100
|
|t:|1646222978
|switch|p1a: In the Zone|Magnezone|100/100|[from]move: U-turn
|
|upkeep
|turn|12
|
|t:|1646222986
|switch|p2a: Toxapex|Toxapex, M, shiny|100/100
|move|p1a: In the Zone|Flash Cannon|p2a: Toxapex
|-resisted|p2a: Toxapex
|-damage|p2a: Toxapex|71/100
|-enditem|p2a: Toxapex|Eject Button
|
|t:|1646222996
|switch|p2a: Zapdos|Zapdos-Galar|66/100
|
|upkeep
|turn|13
|
|t:|1646223002
|switch|p1a: Toxic Dude|Toxapex, M|100/100
|move|p2a: Zapdos|Close Combat|p1a: Toxic Dude
|-resisted|p1a: Toxic Dude
|-damage|p1a: Toxic Dude|67/100
|-unboost|p2a: Zapdos|def|1
|-unboost|p2a: Zapdos|spd|1
|
|-heal|p1a: Toxic Dude|73/100|[from] Grassy Terrain
|-fieldend|move: Grassy Terrain
|upkeep
|turn|14
|
|t:|1646223015
|switch|p2a: Jirachi|Jirachi, shiny|100/100
|move|p1a: Toxic Dude|Knock Off|p2a: Jirachi
|-supereffective|p2a: Jirachi
|-damage|p2a: Jirachi|75/100
|-enditem|p2a: Jirachi|Leftovers|[from] move: Knock Off|[of] p1a: Toxic Dude
|
|upkeep
|turn|15
|
|t:|1646223027
|switch|p1a: MeliodasSama|Corviknight, F|56/100
|-ability|p1a: MeliodasSama|Pressure
|move|p2a: Jirachi|U-turn|p1a: MeliodasSama
|-resisted|p1a: MeliodasSama
|-damage|p1a: MeliodasSama|53/100
|-damage|p2a: Jirachi|59/100|[from] item: Rocky Helmet|[of] p1a: MeliodasSama
|
|t:|1646223031
|switch|p2a: Tornadus|Tornadus-Therian, M, shiny|100/100|[from]move: U-turn
|
|upkeep
|turn|16
|
|t:|1646223037
|switch|p1a: Toxic Dude|Toxapex, M|100/100
|move|p2a: Tornadus|Heat Wave|p1a: Toxic Dude
|-resisted|p1a: Toxic Dude
|-damage|p1a: Toxic Dude|93/100
|
|upkeep
|turn|17
|
|t:|1646223049
|move|p2a: Tornadus|U-turn|p1a: Toxic Dude
|-resisted|p1a: Toxic Dude
|-damage|p1a: Toxic Dude|87/100
|
|t:|1646223054
|switch|p2a: Toxapex|Toxapex, M, shiny|100/100|[from]move: U-turn
|move|p1a: Toxic Dude|Knock Off|p2a: Toxapex
|-damage|p2a: Toxapex|94/100
|
|upkeep
|turn|18
|
|t:|1646223063
|switch|p1a: MeliodasSama|Corviknight, F|53/100
|-ability|p1a: MeliodasSama|Pressure
|move|p2a: Toxapex|Knock Off|p1a: MeliodasSama
|-damage|p1a: MeliodasSama|43/100
|-damage|p2a: Toxapex|77/100|[from] item: Rocky Helmet|[of] p1a: MeliodasSama
|-enditem|p1a: MeliodasSama|Rocky Helmet|[from] move: Knock Off|[of] p2a: Toxapex
|
|upkeep
|turn|19
|
|t:|1646223074
|switch|p2a: Tornadus|Tornadus-Therian, M, shiny|100/100
|move|p1a: MeliodasSama|Roost|p1a: MeliodasSama
|-heal|p1a: MeliodasSama|93/100
|-singleturn|p1a: MeliodasSama|move: Roost
|
|upkeep
|turn|20
|
|t:|1646223080
|switch|p1a: Toxic Dude|Toxapex, M|100/100
|move|p2a: Tornadus|Heat Wave|p1a: Toxic Dude
|-resisted|p1a: Toxic Dude
|-damage|p1a: Toxic Dude|93/100
|
|upkeep
|turn|21
|
|t:|1646223088
|move|p2a: Tornadus|U-turn|p1a: Toxic Dude
|-resisted|p1a: Toxic Dude
|-damage|p1a: Toxic Dude|88/100
|
|t:|1646223091
|switch|p2a: Toxapex|Toxapex, M, shiny|100/100|[from]move: U-turn
|move|p1a: Toxic Dude|Knock Off|p2a: Toxapex
|-damage|p2a: Toxapex|95/100
|
|upkeep
|turn|22
|
|t:|1646223104
|switch|p1a: MeliodasSama|Corviknight, F|93/100
|-ability|p1a: MeliodasSama|Pressure
|switch|p2a: Zeraora|Zeraora, shiny|56/100
|
|upkeep
|turn|23
|
|t:|1646223119
|move|p2a: Zeraora|Plasma Fists|p1a: MeliodasSama
|-supereffective|p1a: MeliodasSama
|-damage|p1a: MeliodasSama|33/100
|-fieldactivate|move: Ion Deluge
|-hint|Normal-type moves become Electric-type after using Plasma Fists.
|move|p1a: MeliodasSama|U-turn|p2a: Zeraora
|-damage|p2a: Zeraora|35/100
|
|t:|1646223126
|switch|p1a: Mc. Donaldds|Landorus-Therian, M|74/100 tox|[from]move: U-turn
|-ability|p1a: Mc. Donaldds|Intimidate|boost
|-unboost|p2a: Zeraora|atk|1
|
|-damage|p1a: Mc. Donaldds|68/100 tox|[from] psn
|upkeep
|turn|24
|
|t:|1646223133
|switch|p2a: Landorus|Landorus-Therian, M, shiny|81/100 tox
|-ability|p2a: Landorus|Intimidate|boost
|-unboost|p1a: Mc. Donaldds|atk|1
|move|p1a: Mc. Donaldds|U-turn|p2a: Landorus
|-resisted|p2a: Landorus
|-damage|p2a: Landorus|74/100 tox
|
|t:|1646223141
|switch|p1a: MeliodasSama|Corviknight, F|33/100|[from]move: U-turn
|-ability|p1a: MeliodasSama|Pressure
|
|-heal|p2a: Landorus|80/100 tox|[from] item: Leftovers
|-damage|p2a: Landorus|74/100 tox|[from] psn
|upkeep
|turn|25
|
|t:|1646223147
|move|p2a: Landorus|U-turn|p1a: MeliodasSama
|-resisted|p1a: MeliodasSama
|-damage|p1a: MeliodasSama|29/100
|
|t:|1646223154
|switch|p2a: Zeraora|Zeraora, shiny|35/100|[from]move: U-turn
|move|p1a: MeliodasSama|Roost|p1a: MeliodasSama
|-heal|p1a: MeliodasSama|79/100
|-singleturn|p1a: MeliodasSama|move: Roost
|
|upkeep
|turn|26
|
|t:|1646223162
|switch|p1a: Mc. Donaldds|Landorus-Therian, M|68/100 tox
|-ability|p1a: Mc. Donaldds|Intimidate|boost
|-unboost|p2a: Zeraora|atk|1
|move|p2a: Zeraora|Plasma Fists|p1a: Mc. Donaldds
|-immune|p1a: Mc. Donaldds
|
|-damage|p1a: Mc. Donaldds|62/100 tox|[from] psn
|upkeep
|turn|27
|
|t:|1646223167
|switch|p2a: Tornadus|Tornadus-Therian, M, shiny|100/100
|move|p1a: Mc. Donaldds|U-turn|p2a: Tornadus
|-resisted|p2a: Tornadus
|-damage|p2a: Tornadus|89/100
|
|t:|1646223171
|switch|p1a: In the Zone|Magnezone|100/100|[from]move: U-turn
|
|upkeep
|turn|28
|
|t:|1646223176
|move|p2a: Tornadus|U-turn|p1a: In the Zone
|-resisted|p1a: In the Zone
|-damage|p1a: In the Zone|93/100
|
|t:|1646223184
|switch|p2a: Jirachi|Jirachi, shiny|59/100|[from]move: U-turn
|move|p1a: In the Zone|Flash Cannon|p2a: Jirachi
|-resisted|p2a: Jirachi
|-damage|p2a: Jirachi|36/100
|
|upkeep
|turn|29
|
|t:|1646223196
|switch|p1a: Toxic Dude|Toxapex, M|100/100
|move|p2a: Jirachi|U-turn|p1a: Toxic Dude
|-resisted|p1a: Toxic Dude
|-damage|p1a: Toxic Dude|95/100
|
|t:|1646223205
|switch|p2a: Zeraora|Zeraora, shiny|35/100|[from]move: U-turn
|
|upkeep
|turn|30
|
|t:|1646223210
|move|p2a: Zeraora|Plasma Fists|p1a: Toxic Dude
|-supereffective|p1a: Toxic Dude
|-damage|p1a: Toxic Dude|24/100
|-fieldactivate|move: Ion Deluge
|-hint|Normal-type moves become Electric-type after using Plasma Fists.
|move|p1a: Toxic Dude|Toxic|p2a: Zeraora
|-status|p2a: Zeraora|tox
|
|-damage|p2a: Zeraora|29/100 tox|[from] psn
|upkeep
|turn|31
|
|t:|1646223220
|switch|p1a: Mc. Donaldds|Landorus-Therian, M|62/100 tox
|-ability|p1a: Mc. Donaldds|Intimidate|boost
|-unboost|p2a: Zeraora|atk|1
|move|p2a: Zeraora|Knock Off|p1a: Mc. Donaldds
|-damage|p1a: Mc. Donaldds|48/100 tox
|
|-damage|p2a: Zeraora|17/100 tox|[from] psn
|-damage|p1a: Mc. Donaldds|42/100 tox|[from] psn
|upkeep
|turn|32
|
|t:|1646223230
|switch|p2a: Tornadus|Tornadus-Therian, M, shiny|100/100
|move|p1a: Mc. Donaldds|U-turn|p2a: Tornadus
|-resisted|p2a: Tornadus
|-damage|p2a: Tornadus|89/100
|
|t:|1646223233
|switch|p1a: Toxic Dude|Toxapex, M|57/100|[from]move: U-turn
|
|upkeep
|turn|33
|
|t:|1646223242
|move|p2a: Tornadus|U-turn|p1a: Toxic Dude
|-resisted|p1a: Toxic Dude
|-damage|p1a: Toxic Dude|51/100
|
|t:|1646223250
|switch|p2a: Jirachi|Jirachi, shiny|36/100|[from]move: U-turn
|move|p1a: Toxic Dude|Knock Off|p2a: Jirachi
|-supereffective|p2a: Jirachi
|-damage|p2a: Jirachi|20/100
|
|upkeep
|turn|34
|
|t:|1646223262
|move|p2a: Jirachi|Stealth Rock|p1a: Toxic Dude
|-sidestart|p1: Iceman8911|move: Stealth Rock
|move|p1a: Toxic Dude|Recover|p1a: Toxic Dude
|-heal|p1a: Toxic Dude|100/100
|
|upkeep
|turn|35
|
|t:|1646223277
|move|p2a: Jirachi|Healing Wish|p2a: Jirachi
|faint|p2a: Jirachi
|move|p1a: Toxic Dude|Knock Off|p2: Jirachi|[notarget]
|-fail|p1a: Toxic Dude
|
|upkeep
|
|t:|1646223281
|switch|p2a: Zeraora|Zeraora, shiny|17/100 tox
|-heal|p2a: Zeraora|100/100|[from] move: Healing Wish
|turn|36
|
|t:|1646223287
|switch|p2a: Toxapex|Toxapex, M, shiny|100/100
|move|p1a: Toxic Dude|Toxic|p2a: Toxapex
|-immune|p2a: Toxapex
|
|upkeep
|turn|37
|
|t:|1646223294
|move|p1a: Toxic Dude|Knock Off|p2a: Toxapex
|-damage|p2a: Toxapex|95/100
|move|p2a: Toxapex|Knock Off|p1a: Toxic Dude
|-damage|p1a: Toxic Dude|88/100
|-enditem|p1a: Toxic Dude|Shed Shell|[from] move: Knock Off|[of] p2a: Toxapex
|
|upkeep
|turn|38
|
|t:|1646223301
|move|p1a: Toxic Dude|Knock Off|p2a: Toxapex
|-damage|p2a: Toxapex|89/100
|move|p2a: Toxapex|Knock Off|p1a: Toxic Dude
|-damage|p1a: Toxic Dude|80/100
|
|upkeep
|turn|39
|
|t:|1646223308
|move|p1a: Toxic Dude|Knock Off|p2a: Toxapex
|-damage|p2a: Toxapex|83/100
|move|p2a: Toxapex|Knock Off|p1a: Toxic Dude
|-damage|p1a: Toxic Dude|72/100
|
|upkeep
|turn|40
|
|t:|1646223314
|move|p1a: Toxic Dude|Knock Off|p2a: Toxapex
|-damage|p2a: Toxapex|76/100
|move|p2a: Toxapex|Knock Off|p1a: Toxic Dude
|-damage|p1a: Toxic Dude|64/100
|
|upkeep
|turn|41
|
|t:|1646223325
|move|p1a: Toxic Dude|Knock Off|p2a: Toxapex
|-damage|p2a: Toxapex|70/100
|move|p2a: Toxapex|Knock Off|p1a: Toxic Dude
|-damage|p1a: Toxic Dude|57/100
|
|upkeep
|turn|42
|
|t:|1646223329
|move|p1a: Toxic Dude|Recover|p1a: Toxic Dude
|-heal|p1a: Toxic Dude|100/100
|move|p2a: Toxapex|Scald|p1a: Toxic Dude
|-resisted|p1a: Toxic Dude
|-damage|p1a: Toxic Dude|96/100
|-status|p1a: Toxic Dude|brn
|
|-damage|p1a: Toxic Dude|89/100 brn|[from] brn
|upkeep
|turn|43
|
|t:|1646223334
|switch|p1a: MeliodasSama|Corviknight, F|79/100
|-damage|p1a: MeliodasSama|67/100|[from] Stealth Rock
|-ability|p1a: MeliodasSama|Pressure
|move|p2a: Toxapex|Knock Off|p1a: MeliodasSama
|-damage|p1a: MeliodasSama|60/100
|
|upkeep
|turn|44
|
|t:|1646223342
|move|p1a: MeliodasSama|Roost|p1a: MeliodasSama
|-heal|p1a: MeliodasSama|100/100
|-singleturn|p1a: MeliodasSama|move: Roost
|move|p2a: Toxapex|Scald|p1a: MeliodasSama
|-damage|p1a: MeliodasSama|87/100
|-status|p1a: MeliodasSama|brn
|
|-damage|p1a: MeliodasSama|81/100 brn|[from] brn
|upkeep
|turn|45
|
|t:|1646223348
|switch|p2a: Zapdos|Zapdos-Galar|66/100
|move|p1a: MeliodasSama|Defog|p2a: Zapdos
|-unboost|p2a: Zapdos|evasion|1
|-ability|p2a: Zapdos|Defiant
|-boost|p2a: Zapdos|atk|2
|-sideend|p1: Iceman8911|Stealth Rock|[from] move: Defog|[of] p1a: MeliodasSama
|
|-damage|p1a: MeliodasSama|74/100 brn|[from] brn
|upkeep
|turn|46
|
|t:|1646223356
|switch|p1a: Toxic Dude|Toxapex, M|100/100 brn
|move|p2a: Zapdos|Close Combat|p1a: Toxic Dude
|-resisted|p1a: Toxic Dude
|-damage|p1a: Toxic Dude|28/100 brn
|-unboost|p2a: Zapdos|def|1
|-unboost|p2a: Zapdos|spd|1
|
|-damage|p1a: Toxic Dude|22/100 brn|[from] brn
|upkeep
|turn|47
|
|t:|1646223366
|switch|p1a: Mc. Donaldds|Landorus-Therian, M|42/100 tox
|-ability|p1a: Mc. Donaldds|Intimidate|boost
|-unboost|p2a: Zapdos|atk|1
|-ability|p2a: Zapdos|Defiant
|-boost|p2a: Zapdos|atk|2
|move|p2a: Zapdos|Close Combat|p1a: Mc. Donaldds
|-resisted|p1a: Mc. Donaldds
|-damage|p1a: Mc. Donaldds|0 fnt
|-unboost|p2a: Zapdos|def|1
|-unboost|p2a: Zapdos|spd|1
|faint|p1a: Mc. Donaldds
|
|upkeep
|
|t:|1646223369
|switch|p1a: GroooKey|Rillaboom, M|100/100
|-fieldstart|move: Grassy Terrain|[from] ability: Grassy Surge|[of] p1a: GroooKey
|turn|48
|
|t:|1646223376
|move|p1a: GroooKey|Grassy Glide|p2a: Zapdos
|-resisted|p2a: Zapdos
|-damage|p2a: Zapdos|0 fnt
|faint|p2a: Zapdos
|-damage|p1a: GroooKey|91/100|[from] item: Life Orb
|
|-heal|p1a: GroooKey|97/100|[from] Grassy Terrain
|upkeep
|
|t:|1646223380
|switch|p2a: Tornadus|Tornadus-Therian, M, shiny|100/100
|turn|49
|
|t:|1646223387
|switch|p1a: Toxic Dude|Toxapex, M|55/100 brn
|move|p2a: Tornadus|U-turn|p1a: Toxic Dude
|-resisted|p1a: Toxic Dude
|-damage|p1a: Toxic Dude|50/100 brn
|
|t:|1646223391
|switch|p2a: Zeraora|Zeraora, shiny|100/100|[from]move: U-turn
|
|-heal|p1a: Toxic Dude|56/100 brn|[from] Grassy Terrain
|-damage|p1a: Toxic Dude|50/100 brn|[from] brn
|upkeep
|turn|50
|
|t:|1646223399
|switch|p1a: GroooKey|Rillaboom, M|97/100
|move|p2a: Zeraora|Plasma Fists|p1a: GroooKey
|-resisted|p1a: GroooKey
|-damage|p1a: GroooKey|73/100
|-fieldactivate|move: Ion Deluge
|-hint|Normal-type moves become Electric-type after using Plasma Fists.
|
|-heal|p1a: GroooKey|79/100|[from] Grassy Terrain
|upkeep
|turn|51
|
|t:|1646223407
|switch|p2a: Tornadus|Tornadus-Therian, M, shiny|100/100
|move|p1a: GroooKey|Knock Off|p2a: Tornadus
|-damage|p2a: Tornadus|50/100
|-enditem|p2a: Tornadus|Heavy-Duty Boots|[from] move: Knock Off|[of] p1a: GroooKey
|-damage|p1a: GroooKey|69/100|[from] item: Life Orb
|
|-heal|p1a: GroooKey|75/100|[from] Grassy Terrain
|upkeep
|turn|52
|
|t:|1646223419
|switch|p1a: MeliodasSama|Corviknight, F|74/100 brn
|-ability|p1a: MeliodasSama|Pressure
|move|p2a: Tornadus|U-turn|p1a: MeliodasSama
|-resisted|p1a: MeliodasSama
|-damage|p1a: MeliodasSama|72/100 brn
|
|t:|1646223428
|switch|p2a: Zeraora|Zeraora, shiny|100/100|[from]move: U-turn
|
|-damage|p1a: MeliodasSama|66/100 brn|[from] brn
|-fieldend|move: Grassy Terrain
|upkeep
|turn|53
|
|t:|1646223436
|switch|p1a: Toxic Dude|Toxapex, M|83/100 brn
|move|p2a: Zeraora|Knock Off|p1a: Toxic Dude
|-damage|p1a: Toxic Dude|67/100 brn
|
|-damage|p1a: Toxic Dude|61/100 brn|[from] brn
|upkeep
|turn|54
|
|t:|1646223444
|switch|p1a: GroooKey|Rillaboom, M|75/100
|-fieldstart|move: Grassy Terrain|[from] ability: Grassy Surge|[of] p1a: GroooKey
|move|p2a: Zeraora|Plasma Fists|p1a: GroooKey
|-resisted|p1a: GroooKey
|-damage|p1a: GroooKey|49/100
|-fieldactivate|move: Ion Deluge
|-hint|Normal-type moves become Electric-type after using Plasma Fists.
|
|-heal|p1a: GroooKey|55/100|[from] Grassy Terrain
|upkeep
|turn|55
|
|t:|1646223452
|switch|p2a: Tornadus|Tornadus-Therian, M, shiny|83/100
|switch|p1a: In the Zone|Magnezone|93/100
|
|-heal|p1a: In the Zone|99/100|[from] Grassy Terrain
|upkeep
|turn|56
|
|t:|1646223457
|move|p2a: Tornadus|U-turn|p1a: In the Zone
|-resisted|p1a: In the Zone
|-damage|p1a: In the Zone|92/100
|
|t:|1646223464
|switch|p2a: Landorus|Landorus-Therian, M, shiny|74/100 tox|[from]move: U-turn
|-ability|p2a: Landorus|Intimidate|boost
|-unboost|p1a: In the Zone|atk|1
|move|p1a: In the Zone|Volt Switch|p2a: Landorus
|-immune|p2a: Landorus
|
|-heal|p1a: In the Zone|98/100|[from] Grassy Terrain
|-heal|p2a: Landorus|80/100 tox|[from] item: Leftovers
|-damage|p2a: Landorus|74/100 tox|[from] psn
|upkeep
|turn|57
|
|t:|1646223474
|switch|p1a: MeliodasSama|Corviknight, F|66/100 brn
|-ability|p1a: MeliodasSama|Pressure
|move|p2a: Landorus|U-turn|p1a: MeliodasSama
|-resisted|p1a: MeliodasSama
|-damage|p1a: MeliodasSama|62/100 brn
|
|t:|1646223483
|switch|p2a: Zeraora|Zeraora, shiny|100/100|[from]move: U-turn
|
|-damage|p1a: MeliodasSama|56/100 brn|[from] brn
|upkeep
|turn|58
|
|t:|1646223489
|switch|p1a: Snappy Hands|Hydreigon, M|100/100
|move|p2a: Zeraora|Plasma Fists|p1a: Snappy Hands
|-resisted|p1a: Snappy Hands
|-crit|p1a: Snappy Hands
|-damage|p1a: Snappy Hands|58/100
|-fieldactivate|move: Ion Deluge
|-hint|Normal-type moves become Electric-type after using Plasma Fists.
|
|-fieldend|move: Grassy Terrain
|upkeep
|turn|59
|
|t:|1646223497
|move|p1a: Snappy Hands|U-turn|p2a: Zeraora
|-damage|p2a: Zeraora|78/100
|
|t:|1646223502
|switch|p1a: Toxic Dude|Toxapex, M|94/100 brn|[from]move: U-turn
|move|p2a: Zeraora|Close Combat|p1a: Toxic Dude
|-resisted|p1a: Toxic Dude
|-damage|p1a: Toxic Dude|80/100 brn
|-unboost|p2a: Zeraora|def|1
|-unboost|p2a: Zeraora|spd|1
|
|-damage|p1a: Toxic Dude|74/100 brn|[from] brn
|upkeep
|turn|60
|
|t:|1646223512
|switch|p2a: Toxapex|Toxapex, M, shiny|100/100
|switch|p1a: GroooKey|Rillaboom, M|55/100
|-fieldstart|move: Grassy Terrain|[from] ability: Grassy Surge|[of] p1a: GroooKey
|
|-heal|p1a: GroooKey|61/100|[from] Grassy Terrain
|upkeep
|turn|61
|
|t:|1646223529
|switch|p1a: In the Zone|Magnezone|98/100
|move|p2a: Toxapex|Knock Off|p1a: In the Zone
|-crit|p1a: In the Zone
|-damage|p1a: In the Zone|73/100
|-enditem|p1a: In the Zone|Choice Specs|[from] move: Knock Off|[of] p2a: Toxapex
|
|-heal|p1a: In the Zone|80/100|[from] Grassy Terrain
|upkeep
|turn|62
|
|t:|1646223542
|move|p1a: In the Zone|Flash Cannon|p2a: Toxapex
|-resisted|p2a: Toxapex
|-damage|p2a: Toxapex|80/100
|move|p2a: Toxapex|Recover|p2a: Toxapex
|-heal|p2a: Toxapex|100/100
|
|-heal|p1a: In the Zone|86/100|[from] Grassy Terrain
|upkeep
|turn|63
|
|t:|1646223547
|move|p1a: In the Zone|Flash Cannon|p2a: Toxapex
|-resisted|p2a: Toxapex
|-damage|p2a: Toxapex|81/100
|move|p2a: Toxapex|Recover|p2a: Toxapex
|-heal|p2a: Toxapex|100/100
|
|-heal|p1a: In the Zone|92/100|[from] Grassy Terrain
|upkeep
|turn|64
|
|t:|1646223554
|move|p1a: In the Zone|Thunderbolt|p2a: Toxapex
|-supereffective|p2a: Toxapex
|-damage|p2a: Toxapex|17/100
|move|p2a: Toxapex|Scald|p1a: In the Zone
|-damage|p1a: In the Zone|68/100
|
|-heal|p1a: In the Zone|74/100|[from] Grassy Terrain
|-heal|p2a: Toxapex|23/100|[from] Grassy Terrain
|-fieldend|move: Grassy Terrain
|upkeep
|turn|65
|
|t:|1646223564
|switch|p2a: Zeraora|Zeraora, shiny|78/100
|move|p1a: In the Zone|Volt Switch|p2a: Zeraora
|-heal|p2a: Zeraora|100/100|[from] ability: Volt Absorb|[of] p1a: In the Zone
|
|upkeep
|turn|66
|
|t:|1646223573
|move|p2a: Zeraora|Plasma Fists|p1a: In the Zone
|-resisted|p1a: In the Zone
|-damage|p1a: In the Zone|50/100
|-fieldactivate|move: Ion Deluge
|-hint|Normal-type moves become Electric-type after using Plasma Fists.
|move|p1a: In the Zone|Toxic|p2a: Zeraora
|-status|p2a: Zeraora|tox
|
|-damage|p2a: Zeraora|95/100 tox|[from] psn
|upkeep
|turn|67
|
|t:|1646223581
|switch|p1a: GroooKey|Rillaboom, M|61/100
|-fieldstart|move: Grassy Terrain|[from] ability: Grassy Surge|[of] p1a: GroooKey
|move|p2a: Zeraora|Plasma Fists|p1a: GroooKey
|-resisted|p1a: GroooKey
|-damage|p1a: GroooKey|37/100
|-fieldactivate|move: Ion Deluge
|-hint|Normal-type moves become Electric-type after using Plasma Fists.
|
|-heal|p2a: Zeraora|100/100 tox|[from] Grassy Terrain
|-heal|p1a: GroooKey|43/100|[from] Grassy Terrain
|-damage|p2a: Zeraora|89/100 tox|[from] psn
|upkeep
|turn|68
|
|t:|1646223592
|switch|p2a: Tornadus|Tornadus-Therian, M, shiny|100/100
|move|p1a: GroooKey|Grassy Glide|p2a: Tornadus
|-resisted|p2a: Tornadus
|-damage|p2a: Tornadus|68/100
|-damage|p1a: GroooKey|33/100|[from] item: Life Orb
|
|-heal|p1a: GroooKey|40/100|[from] Grassy Terrain
|upkeep
|turn|69
|
|t:|1646223599
|switch|p1a: Toxic Dude|Toxapex, M|100/100 brn
|move|p2a: Tornadus|Heat Wave|p1a: Toxic Dude|[miss]
|-miss|p2a: Tornadus|p1a: Toxic Dude
|
|-damage|p1a: Toxic Dude|94/100 brn|[from] brn
|upkeep
|turn|70
|
|t:|1646223606
|move|p2a: Tornadus|U-turn|p1a: Toxic Dude
|-resisted|p1a: Toxic Dude
|-damage|p1a: Toxic Dude|89/100 brn
|
|t:|1646223611
|switch|p2a: Toxapex|Toxapex, M, shiny|56/100|[from]move: U-turn
|move|p1a: Toxic Dude|Knock Off|p2a: Toxapex
|-damage|p2a: Toxapex|53/100
|
|-heal|p1a: Toxic Dude|95/100 brn|[from] Grassy Terrain
|-heal|p2a: Toxapex|59/100|[from] Grassy Terrain
|-damage|p1a: Toxic Dude|89/100 brn|[from] brn
|upkeep
|turn|71
|
|t:|1646223618
|switch|p1a: In the Zone|Magnezone|50/100
|move|p2a: Toxapex|Scald|p1a: In the Zone
|-damage|p1a: In the Zone|26/100
|
|-heal|p1a: In the Zone|33/100|[from] Grassy Terrain
|-heal|p2a: Toxapex|65/100|[from] Grassy Terrain
|-fieldend|move: Grassy Terrain
|upkeep
|turn|72
|
|t:|1646223628
|switch|p2a: Landorus|Landorus-Therian, M, shiny|74/100 tox
|-ability|p2a: Landorus|Intimidate|boost
|-unboost|p1a: In the Zone|atk|1
|move|p1a: In the Zone|Thunderbolt|p2a: Landorus
|-immune|p2a: Landorus
|
|-heal|p2a: Landorus|80/100 tox|[from] item: Leftovers
|-damage|p2a: Landorus|74/100 tox|[from] psn
|upkeep
|turn|73
|
|t:|1646223635
|switch|p1a: MeliodasSama|Corviknight, F|56/100 brn
|-ability|p1a: MeliodasSama|Pressure
|move|p2a: Landorus|U-turn|p1a: MeliodasSama
|-resisted|p1a: MeliodasSama
|-damage|p1a: MeliodasSama|52/100 brn
|
|t:|1646223645
|switch|p2a: Zeraora|Zeraora, shiny|89/100 tox|[from]move: U-turn
|
|-damage|p2a: Zeraora|83/100 tox|[from] psn
|-damage|p1a: MeliodasSama|46/100 brn|[from] brn
|upkeep
|turn|74
|
|t:|1646223651
|switch|p1a: Snappy Hands|Hydreigon, M|58/100
|move|p2a: Zeraora|Plasma Fists|p1a: Snappy Hands
|-resisted|p1a: Snappy Hands
|-damage|p1a: Snappy Hands|30/100
|-fieldactivate|move: Ion Deluge
|-hint|Normal-type moves become Electric-type after using Plasma Fists.
|
|-damage|p2a: Zeraora|71/100 tox|[from] psn
|upkeep
|turn|75
|
|t:|1646223661
|switch|p2a: Toxapex|Toxapex, M, shiny|98/100
|move|p1a: Snappy Hands|Draco Meteor|p2a: Toxapex
|-damage|p2a: Toxapex|41/100
|-unboost|p1a: Snappy Hands|spa|2
|
|upkeep
|turn|76
|
|t:|1646223672
|switch|p1a: In the Zone|Magnezone|33/100
|move|p2a: Toxapex|Scald|p1a: In the Zone
|-damage|p1a: In the Zone|11/100
|-status|p1a: In the Zone|brn
|
|-damage|p1a: In the Zone|5/100 brn|[from] brn
|upkeep
|turn|77
|
|t:|1646223680
|switch|p2a: Landorus|Landorus-Therian, M, shiny|74/100 tox
|-ability|p2a: Landorus|Intimidate|boost
|-unboost|p1a: In the Zone|atk|1
|move|p1a: In the Zone|Flash Cannon|p2a: Landorus
|-damage|p2a: Landorus|41/100 tox
|
|-heal|p2a: Landorus|47/100 tox|[from] item: Leftovers
|-damage|p2a: Landorus|41/100 tox|[from] psn
|-damage|p1a: In the Zone|0 fnt|[from] brn
|faint|p1a: In the Zone
|upkeep
|-message|Iceman8911 forfeited.
|
|win|PQPP214
|raw|Iceman8911's rating: 1437 &rarr; <strong>1417</strong><br />(-20 for losing)
|raw|PQPP214's rating: 1436 &rarr; <strong>1456</strong><br />(+20 for winning)
|l|☆Iceman8911
