|j|☆minimax_ai
|j|☆samohi0
|t:|1663141301
|gametype|singles
|player|p1|minimax_ai|lusamine-nihilego|1502
|player|p2|samohi0|1|1551
|teamsize|p1|6
|teamsize|p2|6
|gen|8
|tier|[Gen 8] OU
|rated|
|rule|Sleep Clause Mod: Limit one foe put to sleep
|rule|Species Clause: Limit one of each Pokémon
|rule|OHKO Clause: OHKO moves are banned
|rule|Evasion Items Clause: Evasion items are banned
|rule|Evasion Moves Clause: Evasion moves are banned
|rule|Endless Battle Clause: Forcing endless battles is banned
|rule|HP Percentage Mod: HP is shown in percentages
|rule|Dynamax Clause: You cannot dynamax
|clearpoke
|poke|p1|Rotom-Wash|
|poke|p1|Weavile, M|
|poke|p1|Landorus-Therian, M|
|poke|p1|Heatran, M|
|poke|p1|Tangrowth, F|
|poke|p1|Melmetal|
|poke|p2|Hippowdon, M|
|poke|p2|Tyranitar, M|
|poke|p2|Excadrill, M|
|poke|p2|Dracozolt|
|poke|p2|Buzzwole|
|poke|p2|Zapdos|
|teampreview
|c|☆minimax_ai|hf
|inactive|Battle timer is ON: inactive players will automatically lose when time's up. (requested by minimax_ai)
|
|t:|1663141310
|start
|switch|p1a: Tangrowth|Tangrowth, F|100/100
|switch|p2a: black thought|Tyranitar, M|100/100
|-weather|Sandstorm|[from] ability: Sand Stream|[of] p2a: black thought
|turn|1
|
|t:|1663141314
|move|p2a: black thought|Fire Blast|p1a: Tangrowth
|-supereffective|p1a: Tangrowth
|-damage|p1a: Tangrowth|16/100
|move|p1a: Tangrowth|Focus Blast|p2a: black thought
|-supereffective|p2a: black thought
|-damage|p2a: black thought|55/100
|
|-weather|Sandstorm|[upkeep]
|-damage|p1a: Tangrowth|10/100|[from] Sandstorm
|upkeep
|turn|2
|
|t:|1663141319
|switch|p1a: Melmetal|Melmetal|100/100
|move|p2a: black thought|Ice Beam|p1a: Melmetal
|-resisted|p1a: Melmetal
|-damage|p1a: Melmetal|94/100
|
|-weather|Sandstorm|[upkeep]
|upkeep
|turn|3
|
|t:|1663141321
|switch|p2a: 50 cent|Buzzwole|100/100
|move|p1a: Melmetal|Ice Punch|p2a: 50 cent
|-damage|p2a: 50 cent|80/100
|-damage|p1a: Melmetal|77/100|[from] item: Rocky Helmet|[of] p2a: 50 cent
|
|-weather|Sandstorm|[upkeep]
|-damage|p2a: 50 cent|74/100|[from] Sandstorm
|upkeep
|turn|4
|
|t:|1663141328
|move|p2a: 50 cent|Drain Punch|p1a: Melmetal
|-supereffective|p1a: Melmetal
|-damage|p1a: Melmetal|31/100
|-heal|p2a: 50 cent|99/100|[from] drain|[of] p1a: Melmetal
|move|p1a: Melmetal|Double Iron Bash|p2a: 50 cent
|-damage|p2a: 50 cent|77/100
|-damage|p1a: Melmetal|15/100|[from] item: Rocky Helmet|[of] p2a: 50 cent
|-damage|p2a: 50 cent|53/100
|-damage|p1a: Melmetal|0 fnt|[from] item: Rocky Helmet|[of] p2a: 50 cent
|faint|p1a: Melmetal
|-hitcount|p2a: 50 cent|2
|
|-weather|Sandstorm|[upkeep]
|-damage|p2a: 50 cent|47/100|[from] Sandstorm
|upkeep
|
|t:|1663141328
|switch|p1a: rotomwash|Rotom-Wash|100/100
|turn|5
|
|t:|1663141334
|move|p1a: rotomwash|Hydro Pump|p2a: 50 cent
|-damage|p2a: 50 cent|0 fnt
|faint|p2a: 50 cent
|
|-weather|none
|upkeep
|
|t:|1663141337
|switch|p2a: black thought|Tyranitar, M|55/100
|-weather|Sandstorm|[from] ability: Sand Stream|[of] p2a: black thought
|turn|6
|
|t:|1663141337
|move|p1a: rotomwash|Nasty Plot|p1a: rotomwash
|-boost|p1a: rotomwash|spa|2
|move|p2a: black thought|Rock Blast|p1a: rotomwash
|-damage|p1a: rotomwash|87/100
|-damage|p1a: rotomwash|75/100
|-hitcount|p1a: rotomwash|2
|
|-weather|Sandstorm|[upkeep]
|-damage|p1a: rotomwash|68/100|[from] Sandstorm
|-heal|p1a: rotomwash|75/100|[from] item: Leftovers
|upkeep
|turn|7
|
|t:|1663141340
|move|p1a: rotomwash|Hydro Pump|p2a: black thought
|-supereffective|p2a: black thought
|-damage|p2a: black thought|0 fnt
|faint|p2a: black thought
|
|-weather|Sandstorm|[upkeep]
|-damage|p1a: rotomwash|68/100|[from] Sandstorm
|-heal|p1a: rotomwash|75/100|[from] item: Leftovers
|upkeep
|
|t:|1663141342
|switch|p2a: po and dangerous|Dracozolt|100/100
|turn|8
|
|t:|1663141344
|switch|p1a: landorustherian|Landorus-Therian, M|100/100
|-ability|p1a: landorustherian|Intimidate|boost
|-unboost|p2a: po and dangerous|atk|1
|move|p2a: po and dangerous|Draco Meteor|p1a: landorustherian
|-damage|p1a: landorustherian|52/100
|-unboost|p2a: po and dangerous|spa|2
|-damage|p2a: po and dangerous|91/100|[from] item: Life Orb
|
|-weather|Sandstorm|[upkeep]
|-heal|p1a: landorustherian|58/100|[from] item: Leftovers
|upkeep
|turn|9
|
|t:|1663141348
|switch|p2a: nate dogg|Zapdos|100/100
|move|p1a: landorustherian|Earthquake|p2a: nate dogg
|-immune|p2a: nate dogg
|
|-weather|Sandstorm|[upkeep]
|-damage|p2a: nate dogg|94/100|[from] Sandstorm
|-heal|p1a: landorustherian|64/100|[from] item: Leftovers
|upkeep
|turn|10
|
|t:|1663141361
|move|p2a: nate dogg|Hurricane|p1a: landorustherian|[miss]
|-miss|p2a: nate dogg|p1a: landorustherian
|move|p1a: landorustherian|Toxic|p2a: nate dogg
|-status|p2a: nate dogg|tox
|
|-weather|none
|-heal|p1a: landorustherian|70/100|[from] item: Leftovers
|-damage|p2a: nate dogg|88/100 tox|[from] psn
|upkeep
|turn|11
|
|t:|1663141363
|switch|p1a: Weavile|Weavile, M|100/100
|-ability|p1a: Weavile|Pressure
|move|p2a: nate dogg|Hurricane|p1a: Weavile|[miss]
|-miss|p2a: nate dogg|p1a: Weavile
|
|-damage|p2a: nate dogg|76/100 tox|[from] psn
|upkeep
|turn|12
|
|t:|1663141365
|switch|p2a: big pun|Hippowdon, M|100/100
|-weather|Sandstorm|[from] ability: Sand Stream|[of] p2a: big pun
|move|p1a: Weavile|Triple Axel|p2a: big pun
|-supereffective|p2a: big pun
|-damage|p2a: big pun|86/100
|-supereffective|p2a: big pun
|-damage|p2a: big pun|51/100
|-supereffective|p2a: big pun
|-damage|p2a: big pun|8/100
|-hitcount|p2a: big pun|3
|
|-weather|Sandstorm|[upkeep]
|-damage|p1a: Weavile|94/100|[from] Sandstorm
|upkeep
|turn|13
|
|t:|1663141368
|switch|p2a: nate dogg|Zapdos|76/100 tox
|move|p1a: Weavile|Triple Axel|p2a: nate dogg
|-supereffective|p2a: nate dogg
|-damage|p2a: nate dogg|46/100 tox
|-status|p1a: Weavile|par|[from] ability: Static|[of] p2a: nate dogg
|-supereffective|p2a: nate dogg
|-damage|p2a: nate dogg|0 fnt
|faint|p2a: nate dogg
|-hitcount|p2: nate dogg|2
|
|-weather|Sandstorm|[upkeep]
|-damage|p1a: Weavile|88/100 par|[from] Sandstorm
|upkeep
|
|t:|1663141369
|switch|p2a: mos def|Excadrill, M|100/100
|turn|14
|
|t:|1663141372
|switch|p1a: Heatran|Heatran, M|100/100
|-item|p1a: Heatran|Air Balloon
|move|p2a: mos def|Swords Dance|p2a: mos def
|-boost|p2a: mos def|atk|2
|
|-weather|Sandstorm|[upkeep]
|upkeep
|turn|15
|
|t:|1663141374
|move|p2a: mos def|Iron Head|p1a: Heatran
|-resisted|p1a: Heatran
|-damage|p1a: Heatran|75/100
|-enditem|p1a: Heatran|Air Balloon
|-damage|p2a: mos def|91/100|[from] item: Life Orb
|move|p1a: Heatran|Magma Storm|p2a: mos def
|-supereffective|p2a: mos def
|-damage|p2a: mos def|0 fnt
|faint|p2a: mos def
|
|-weather|Sandstorm|[upkeep]
|upkeep
|
|t:|1663141379
|switch|p2a: po and dangerous|Dracozolt|91/100
|turn|16
|
|t:|1663141380
|switch|p1a: landorustherian|Landorus-Therian, M|70/100
|-ability|p1a: landorustherian|Intimidate|boost
|-unboost|p2a: po and dangerous|atk|1
|move|p2a: po and dangerous|Earthquake|p1a: landorustherian
|-immune|p1a: landorustherian
|
|-weather|Sandstorm|[upkeep]
|-heal|p1a: landorustherian|76/100|[from] item: Leftovers
|upkeep
|turn|17
|
|t:|1663141382
|move|p2a: po and dangerous|Draco Meteor|p1a: landorustherian
|-damage|p1a: landorustherian|28/100
|-unboost|p2a: po and dangerous|spa|2
|-damage|p2a: po and dangerous|81/100|[from] item: Life Orb
|move|p1a: landorustherian|Earthquake|p2a: po and dangerous
|-supereffective|p2a: po and dangerous
|-damage|p2a: po and dangerous|0 fnt
|faint|p2a: po and dangerous
|
|-weather|Sandstorm|[upkeep]
|-heal|p1a: landorustherian|34/100|[from] item: Leftovers
|upkeep
|-message|samohi0 forfeited.
|
|win|minimax_ai
|raw|minimax_ai's rating: 1502 &rarr; <strong>1525</strong><br />(+23 for winning)
|raw|samohi0's rating: 1551 &rarr; <strong>1528</strong><br />(-23 for losing)
|c|☆minimax_ai|gg
|l|☆samohi0
