|j|☆Pok et glace
|j|☆jeanmilapipe
|t:|1662025774
|gametype|singles
|player|p1|Pok et glace|cynthia-masters|1910
|player|p2|jeanmilapipe|n|1829
|teamsize|p1|6
|teamsize|p2|6
|gen|8
|tier|[Gen 8] OU
|rated|
|rule|Sleep Clause Mod: Limit one foe put to sleep
|rule|Species Clause: Limit one of each Pokémon
|rule|OHKO Clause: OHKO moves are banned
|rule|Evasion Items Clause: Evasion items are banned
|rule|Evasion Moves Clause: Evasion moves are banned
|rule|Endless Battle Clause: Forcing endless battles is banned
|rule|HP Percentage Mod: HP is shown in percentages
|rule|Dynamax Clause: You cannot dynamax
|clearpoke
|poke|p1|Mew|
|poke|p1|Crawdaunt, F|
|poke|p1|Celesteela|
|poke|p1|Garchomp, F|
|poke|p1|Weavile, F|
|poke|p1|Blacephalon|
|poke|p2|Toxapex, M|
|poke|p2|Blaziken, F|
|poke|p2|Haxorus, M|
|poke|p2|Tornadus-Therian, M|
|poke|p2|Aegislash, F|
|poke|p2|Landorus-Therian, M|
|teampreview
|c|☆Pok et glace|hf
|
|t:|1662025789
|start
|switch|p1a: Sperm thing|Mew|100/100
|switch|p2a: Aegislash|Aegislash, F|100/100
|turn|1
|
|t:|1662025794
|move|p1a: Sperm thing|Stealth Rock|p2a: Aegislash
|-sidestart|p2: jeanmilapipe|move: Stealth Rock
|-formechange|p2a: Aegislash|Aegislash-Blade||[from] ability: Stance Change
|move|p2a: Aegislash|Shadow Claw|p1a: Sperm thing
|-supereffective|p1a: Sperm thing
|-damage|p1a: Sperm thing|33/100
|
|upkeep
|turn|2
|
|t:|1662025814
|switch|p2a: Tornadus|Tornadus-Therian, M|100/100
|move|p1a: Sperm thing|Spikes|p2a: Tornadus
|-sidestart|p2: jeanmilapipe|Spikes
|
|upkeep
|turn|3
|
|t:|1662025819
|move|p2a: Tornadus|Hurricane|p1a: Sperm thing|[miss]
|-miss|p2a: Tornadus|p1a: Sperm thing
|move|p1a: Sperm thing|Thunder Wave|p2a: Tornadus
|-status|p2a: Tornadus|par
|
|upkeep
|turn|4
|
|t:|1662025828
|move|p1a: Sperm thing|Taunt|p2a: Tornadus
|-start|p2a: Tornadus|move: Taunt
|cant|p2a: Tornadus|par
|
|upkeep
|turn|5
|
|t:|1662025833
|move|p1a: Sperm thing|Spikes|p2a: Tornadus
|-sidestart|p2: jeanmilapipe|Spikes
|cant|p2a: Tornadus|par
|
|upkeep
|turn|6
|
|t:|1662025838
|move|p1a: Sperm thing|Spikes|p2a: Tornadus
|-sidestart|p2: jeanmilapipe|Spikes
|cant|p2a: Tornadus|par
|
|-end|p2a: Tornadus|move: Taunt
|upkeep
|turn|7
|
|t:|1662025845
|move|p1a: Sperm thing|Taunt|p2a: Tornadus
|-start|p2a: Tornadus|move: Taunt
|cant|p2a: Tornadus|par
|
|upkeep
|turn|8
|c|☆Pok et glace|bro play
|
|t:|1662025855
|move|p1a: Sperm thing|Spikes||[still]
|-fail|p1a: Sperm thing
|cant|p2a: Tornadus|par
|
|upkeep
|turn|9
|
|t:|1662025861
|move|p1a: Sperm thing|Spikes||[still]
|-fail|p1a: Sperm thing
|move|p2a: Tornadus|Hurricane|p1a: Sperm thing
|-damage|p1a: Sperm thing|0 fnt
|faint|p1a: Sperm thing
|
|-end|p2a: Tornadus|move: Taunt
|upkeep
|
|t:|1662025867
|switch|p1a: Hair|Weavile, F|100/100
|turn|10
|
|t:|1662025872
|move|p1a: Hair|Triple Axel|p2a: Tornadus|[miss]
|-miss|p1a: Hair|p2a: Tornadus
|move|p2a: Tornadus|Hurricane|p1a: Hair
|-damage|p1a: Hair|30/100
|
|upkeep
|turn|11
|j| shinhow
|
|t:|1662025879
|switch|p2a: Toxapex|Toxapex, M|100/100
|-damage|p2a: Toxapex|88/100|[from] Stealth Rock
|-damage|p2a: Toxapex|63/100|[from] Spikes
|move|p1a: Hair|Triple Axel|p2a: Toxapex
|-resisted|p2a: Toxapex
|-damage|p2a: Toxapex|59/100
|-damage|p1a: Hair|13/100|[from] item: Rocky Helmet|[of] p2a: Toxapex
|-resisted|p2a: Toxapex
|-damage|p2a: Toxapex|50/100
|-damage|p1a: Hair|0 fnt|[from] item: Rocky Helmet|[of] p2a: Toxapex
|faint|p1a: Hair
|-hitcount|p2a: Toxapex|2
|
|upkeep
|
|t:|1662025884
|switch|p1a: Garchomp|Garchomp, F|100/100
|turn|12
|
|t:|1662025896
|move|p1a: Garchomp|Swords Dance|p1a: Garchomp
|-boost|p1a: Garchomp|atk|2
|move|p2a: Toxapex|Toxic|p1a: Garchomp
|-status|p1a: Garchomp|tox
|-enditem|p1a: Garchomp|Lum Berry|[eat]
|-curestatus|p1a: Garchomp|tox|[msg]
|
|upkeep
|turn|13
|
|t:|1662025912
|switch|p2a: Landorus|Landorus-Therian, M|100/100
|-damage|p2a: Landorus|88/100|[from] Stealth Rock
|-ability|p2a: Landorus|Intimidate|boost
|-unboost|p1a: Garchomp|atk|1
|move|p1a: Garchomp|Scale Shot|p2a: Landorus|[miss]
|-miss|p1a: Garchomp|p2a: Landorus
|
|-heal|p2a: Landorus|94/100|[from] item: Leftovers
|upkeep
|turn|14
|
|t:|1662025922
|move|p1a: Garchomp|Aqua Tail|p2a: Landorus
|-supereffective|p2a: Landorus
|-damage|p2a: Landorus|2/100
|move|p2a: Landorus|Toxic|p1a: Garchomp
|-status|p1a: Garchomp|tox
|
|-heal|p2a: Landorus|8/100|[from] item: Leftovers
|-damage|p1a: Garchomp|94/100 tox|[from] psn
|upkeep
|turn|15
|
|t:|1662025939
|switch|p2a: Tornadus|Tornadus-Therian, M|100/100 par
|move|p1a: Garchomp|Scale Shot|p2a: Tornadus
|-crit|p2a: Tornadus
|-damage|p2a: Tornadus|63/100 par
|-damage|p2a: Tornadus|35/100 par
|-hitcount|p2a: Tornadus|2
|-unboost|p1a: Garchomp|def|1
|-boost|p1a: Garchomp|spe|1
|
|-damage|p1a: Garchomp|82/100 tox|[from] psn
|upkeep
|turn|16
|j| Lizzvy777
|
|t:|1662025953
|switch|p2a: Toxapex|Toxapex, M|83/100
|-damage|p2a: Toxapex|70/100|[from] Stealth Rock
|-damage|p2a: Toxapex|45/100|[from] Spikes
|move|p1a: Garchomp|Scale Shot|p2a: Toxapex
|-damage|p2a: Toxapex|32/100
|-crit|p2a: Toxapex
|-damage|p2a: Toxapex|15/100
|-hitcount|p2a: Toxapex|2
|-unboost|p1a: Garchomp|def|1
|-boost|p1a: Garchomp|spe|1
|
|-damage|p1a: Garchomp|64/100 tox|[from] psn
|upkeep
|turn|17
|c|☆Pok et glace|what is this game?
|
|t:|1662025980
|switch|p2a: Tornadus|Tornadus-Therian, M|68/100 par
|move|p1a: Garchomp|Scale Shot|p2a: Tornadus
|-damage|p2a: Tornadus|42/100 par
|-damage|p2a: Tornadus|17/100 par
|-damage|p2a: Tornadus|0 fnt
|faint|p2a: Tornadus
|-hitcount|p2: Tornadus|3
|-unboost|p1a: Garchomp|def|1
|-boost|p1a: Garchomp|spe|1
|
|-damage|p1a: Garchomp|39/100 tox|[from] psn
|upkeep
|
|t:|1662025995
|switch|p2a: Aegislash|Aegislash, F|100/100
|-damage|p2a: Aegislash|94/100|[from] Stealth Rock
|-damage|p2a: Aegislash|69/100|[from] Spikes
|turn|18
|
|t:|1662026000
|switch|p1a: Bod|Celesteela|100/100
|-formechange|p2a: Aegislash|Aegislash-Blade||[from] ability: Stance Change
|move|p2a: Aegislash|Shadow Sneak|p1a: Bod
|-damage|p1a: Bod|76/100
|
|-heal|p2a: Aegislash|75/100|[from] item: Leftovers
|upkeep
|turn|19
|
|t:|1662026010
|-formechange|p2a: Aegislash|Aegislash||[from] ability: Stance Change
|move|p2a: Aegislash|King's Shield|p2a: Aegislash
|-singleturn|p2a: Aegislash|Protect
|move|p1a: Bod|Autotomize|p1a: Bod
|-boost|p1a: Bod|spe|2
|-start|p1a: Bod|Autotomize
|
|-heal|p2a: Aegislash|82/100|[from] item: Leftovers
|upkeep
|turn|20
|
|t:|1662026022
|move|p1a: Bod|Fire Blast|p2a: Aegislash
|-supereffective|p2a: Aegislash
|-damage|p2a: Aegislash|25/100
|-formechange|p2a: Aegislash|Aegislash-Blade||[from] ability: Stance Change
|move|p2a: Aegislash|Shadow Claw|p1a: Bod
|-damage|p1a: Bod|32/100
|
|-heal|p2a: Aegislash|31/100|[from] item: Leftovers
|upkeep
|turn|21
|
|t:|1662026035
|move|p2a: Aegislash|Shadow Sneak|p1a: Bod
|-damage|p1a: Bod|8/100
|move|p1a: Bod|Fire Blast|p2a: Aegislash
|-supereffective|p2a: Aegislash
|-damage|p2a: Aegislash|0 fnt
|faint|p2a: Aegislash
|-ability|p1a: Bod|Beast Boost|boost
|-boost|p1a: Bod|spa|1
|
|upkeep
|
|t:|1662026056
|switch|p2a: Blaziken|Blaziken, F|100/100
|-damage|p2a: Blaziken|88/100|[from] Stealth Rock
|-damage|p2a: Blaziken|63/100|[from] Spikes
|turn|22
|j| sveddy
|
|t:|1662026061
|move|p1a: Bod|Air Slash|p2a: Blaziken
|-supereffective|p2a: Blaziken
|-damage|p2a: Blaziken|0 fnt
|faint|p2a: Blaziken
|-ability|p1a: Bod|Beast Boost|boost
|-boost|p1a: Bod|spa|1
|
|upkeep
|-message|jeanmilapipe forfeited.
|
|win|Pok et glace
|raw|Pok et glace's rating: 1910 &rarr; <strong>1925</strong><br />(+15 for winning)
|raw|jeanmilapipe's rating: 1829 &rarr; <strong>1814</strong><br />(-15 for losing)
|l|☆jeanmilapipe
|c|☆Pok et glace|gg
|l| Lizzvy777
|c|☆Pok et glace|this was interesting
