|raw|<div class="broadcast-blue"><strong>This battle is required to be public due to a player having a name starting with 'lt94je'.</div>
|j|☆LT94JE Herv
|j|☆barracades
|t:|1661592373
|gametype|singles
|player|p1|LT94JE Herv|morty-gen2|1726
|player|p2|barracades|bruno-gen2|1753
|teamsize|p1|6
|teamsize|p2|6
|gen|8
|tier|[Gen 8] OU
|rated|
|rule|Sleep Clause Mod: Limit one foe put to sleep
|rule|Species Clause: Limit one of each Pokémon
|rule|OHKO Clause: OHKO moves are banned
|rule|Evasion Items Clause: Evasion items are banned
|rule|Evasion Moves Clause: Evasion moves are banned
|rule|Endless Battle Clause: Forcing endless battles is banned
|rule|HP Percentage Mod: HP is shown in percentages
|rule|Dynamax Clause: You cannot dynamax
|clearpoke
|poke|p1|Tapu Lele|
|poke|p1|Heatran, M|
|poke|p1|Urshifu-*, M|
|poke|p1|Landorus-Therian, M|
|poke|p1|Kartana|
|poke|p1|Rotom-Wash|
|poke|p2|Tapu Lele|
|poke|p2|Obstagoon, M|
|poke|p2|Melmetal|
|poke|p2|Tapu Fini|
|poke|p2|Mamoswine, M|
|poke|p2|Buzzwole|
|teampreview
|j| return nirvana
|j| hippo kek
|c|☆barracades|hf
|j| ripreckful
|inactive|Battle timer is ON: inactive players will automatically lose when time's up. (requested by LT94JE Herv)
|
|t:|1661592428
|start
|switch|p1a: Urshifu|Urshifu-Rapid-Strike, M|100/100
|switch|p2a: Unicron|Tapu Lele, shiny|100/100
|-fieldstart|move: Psychic Terrain|[from] ability: Psychic Surge|[of] p2a: Unicron
|turn|1
|j| Quag Lover
|l|quaglover
|inactive|LT94JE Herv has 120 seconds left.
|
|t:|1661592486
|switch|p1a: Rotom|Rotom-Wash|100/100
|move|p2a: Unicron|Psyshock|p1a: Rotom
|-damage|p1a: Rotom|37/100
|
|-heal|p1a: Rotom|43/100|[from] item: Leftovers
|upkeep
|turn|2
|
|t:|1661592494
|switch|p1a: Kartana|Kartana|100/100
|move|p2a: Unicron|Psyshock|p1a: Kartana
|-resisted|p1a: Kartana
|-damage|p1a: Kartana|70/100
|
|upkeep
|turn|3
|
|t:|1661592502
|move|p2a: Unicron|Psyshock|p1a: Kartana
|-resisted|p1a: Kartana
|-damage|p1a: Kartana|40/100
|move|p1a: Kartana|Swords Dance|p1a: Kartana
|-boost|p1a: Kartana|atk|2
|
|upkeep
|turn|4
|
|t:|1661592506
|switch|p2a: Vilgax|Buzzwole, shiny|100/100
|move|p1a: Kartana|Knock Off|p2a: Vilgax
|-resisted|p2a: Vilgax
|-damage|p2a: Vilgax|74/100
|-damage|p1a: Kartana|23/100|[from] item: Rocky Helmet|[of] p2a: Vilgax
|-enditem|p2a: Vilgax|Rocky Helmet|[from] move: Knock Off|[of] p1a: Kartana
|
|upkeep
|turn|5
|
|t:|1661592511
|move|p1a: Kartana|Aerial Ace|p2a: Vilgax
|-supereffective|p2a: Vilgax
|-damage|p2a: Vilgax|0 fnt
|faint|p2a: Vilgax
|-ability|p1a: Kartana|Beast Boost|boost
|-boost|p1a: Kartana|atk|1
|
|-fieldend|move: Psychic Terrain
|upkeep
|
|t:|1661592514
|switch|p2a: Unicron|Tapu Lele, shiny|100/100
|-fieldstart|move: Psychic Terrain|[from] ability: Psychic Surge|[of] p2a: Unicron
|turn|6
|
|t:|1661592519
|switch|p1a: Heatran|Heatran, M|100/100
|-item|p1a: Heatran|Air Balloon
|move|p2a: Unicron|Psyshock|p1a: Heatran
|-resisted|p1a: Heatran
|-damage|p1a: Heatran|69/100
|-enditem|p1a: Heatran|Air Balloon
|
|upkeep
|turn|7
|
|t:|1661592527
|switch|p2a: Behemoth|Mamoswine, M, shiny|100/100
|move|p1a: Heatran|Stealth Rock|p2a: Behemoth
|-sidestart|p2: barracades|move: Stealth Rock
|
|upkeep
|turn|8
|
|t:|1661592533
|switch|p1a: Rotom|Rotom-Wash|43/100
|move|p2a: Behemoth|Stealth Rock|p1a: Rotom
|-sidestart|p1: LT94JE Herv|move: Stealth Rock
|
|-heal|p1a: Rotom|50/100|[from] item: Leftovers
|upkeep
|turn|9
|
|t:|1661592537
|switch|p2a: Missingno|Obstagoon, M, shiny|100/100
|-damage|p2a: Missingno|88/100|[from] Stealth Rock
|move|p1a: Rotom|Pain Split|p2a: Missingno
|-sethp|p2a: Missingno|67/100|[from] move: Pain Split|[silent]
|-sethp|p1a: Rotom|72/100|[from] move: Pain Split
|
|-heal|p1a: Rotom|78/100|[from] item: Leftovers
|-status|p2a: Missingno|brn|[from] item: Flame Orb
|upkeep
|turn|10
|
|t:|1661592544
|switch|p1a: Landorus|Landorus-Therian, M|100/100
|-damage|p1a: Landorus|88/100|[from] Stealth Rock
|-ability|p1a: Landorus|Intimidate|boost
|-unboost|p2a: Missingno|atk|1
|move|p2a: Missingno|Facade|p1a: Landorus
|-damage|p1a: Landorus|36/100
|
|-heal|p1a: Landorus|42/100|[from] item: Leftovers
|-damage|p2a: Missingno|61/100 brn|[from] brn
|-fieldend|move: Psychic Terrain
|upkeep
|turn|11
|
|t:|1661592548
|move|p2a: Missingno|Facade|p1a: Landorus
|-damage|p1a: Landorus|0 fnt
|faint|p1a: Landorus
|
|-damage|p2a: Missingno|55/100 brn|[from] brn
|upkeep
|
|t:|1661592552
|switch|p1a: Urshifu|Urshifu-Rapid-Strike, M|100/100
|-damage|p1a: Urshifu|94/100|[from] Stealth Rock
|turn|12
|
|t:|1661592555
|switch|p2a: Raven|Tapu Fini, shiny|100/100
|-damage|p2a: Raven|88/100|[from] Stealth Rock
|-fieldstart|move: Misty Terrain|[from] ability: Misty Surge|[of] p2a: Raven
|move|p1a: Urshifu|Surging Strikes|p2a: Raven
|-resisted|p2a: Raven
|-crit|p2a: Raven
|-damage|p2a: Raven|78/100
|-resisted|p2a: Raven
|-crit|p2a: Raven
|-damage|p2a: Raven|67/100
|-resisted|p2a: Raven
|-crit|p2a: Raven
|-damage|p2a: Raven|56/100
|-hitcount|p2a: Raven|3
|
|-heal|p2a: Raven|62/100|[from] item: Leftovers
|upkeep
|turn|13
|
|t:|1661592562
|switch|p1a: Rotom|Rotom-Wash|78/100
|-damage|p1a: Rotom|66/100|[from] Stealth Rock
|switch|p2a: Missingno|Obstagoon, M, shiny|55/100 brn
|-damage|p2a: Missingno|43/100 brn|[from] Stealth Rock
|
|-heal|p1a: Rotom|72/100|[from] item: Leftovers
|-damage|p2a: Missingno|37/100 brn|[from] brn
|upkeep
|turn|14
|
|t:|1661592570
|move|p2a: Missingno|Facade|p1a: Rotom
|-damage|p1a: Rotom|0 fnt
|faint|p1a: Rotom
|
|-damage|p2a: Missingno|30/100 brn|[from] brn
|upkeep
|
|t:|1661592572
|switch|p1a: Urshifu|Urshifu-Rapid-Strike, M|94/100
|-damage|p1a: Urshifu|88/100|[from] Stealth Rock
|turn|15
|
|t:|1661592576
|move|p1a: Urshifu|Surging Strikes|p2a: Missingno
|-crit|p2a: Missingno
|-damage|p2a: Missingno|0 fnt
|faint|p2a: Missingno
|-hitcount|p2: Missingno|1
|
|upkeep
|
|t:|1661592579
|switch|p2a: Unicron|Tapu Lele, shiny|100/100
|-damage|p2a: Unicron|88/100|[from] Stealth Rock
|-fieldstart|move: Psychic Terrain|[from] ability: Psychic Surge|[of] p2a: Unicron
|turn|16
|
|t:|1661592584
|switch|p1a: Tapu Lele|Tapu Lele|100/100
|-damage|p1a: Tapu Lele|88/100|[from] Stealth Rock
|move|p2a: Unicron|Psyshock|p1a: Tapu Lele
|-resisted|p1a: Tapu Lele
|-damage|p1a: Tapu Lele|38/100
|
|upkeep
|turn|17
|
|t:|1661592587
|move|p2a: Unicron|Psyshock|p1a: Tapu Lele
|-resisted|p1a: Tapu Lele
|-damage|p1a: Tapu Lele|0 fnt
|faint|p1a: Tapu Lele
|
|upkeep
|
|t:|1661592591
|switch|p1a: Heatran|Heatran, M|69/100
|-damage|p1a: Heatran|56/100|[from] Stealth Rock
|turn|18
|
|t:|1661592595
|switch|p2a: Raven|Tapu Fini, shiny|62/100
|-damage|p2a: Raven|49/100|[from] Stealth Rock
|-fieldstart|move: Misty Terrain|[from] ability: Misty Surge|[of] p2a: Raven
|switch|p1a: Urshifu|Urshifu-Rapid-Strike, M|88/100
|-damage|p1a: Urshifu|82/100|[from] Stealth Rock
|
|-heal|p2a: Raven|56/100|[from] item: Leftovers
|upkeep
|turn|19
|
|t:|1661592599
|move|p1a: Urshifu|Surging Strikes|p2a: Raven
|-resisted|p2a: Raven
|-crit|p2a: Raven
|-damage|p2a: Raven|45/100
|-resisted|p2a: Raven
|-crit|p2a: Raven
|-damage|p2a: Raven|35/100
|-resisted|p2a: Raven
|-crit|p2a: Raven
|-damage|p2a: Raven|24/100
|-hitcount|p2a: Raven|3
|move|p2a: Raven|Draining Kiss|p1a: Urshifu
|-supereffective|p1a: Urshifu
|-damage|p1a: Urshifu|36/100
|-heal|p2a: Raven|63/100|[from] drain|[of] p1a: Urshifu
|
|-heal|p2a: Raven|69/100|[from] item: Leftovers
|upkeep
|turn|20
|-message|LT94JE Herv forfeited.
|
|win|barracades
|raw|LT94JE Herv's rating: 1726 &rarr; <strong>1708</strong><br />(-18 for losing)
|raw|barracades's rating: 1753 &rarr; <strong>1771</strong><br />(+18 for winning)
|l|☆LT94JE Herv
