|j|☆Ackesh
|j|☆SuperTheoryBros
|t:|1642260125
|gametype|singles
|player|p1|Ackesh|266|1686
|player|p2|SuperTheoryBros|102|1714
|teamsize|p1|6
|teamsize|p2|6
|gen|8
|tier|[Gen 8] OU
|rated|
|rule|Sleep Clause Mod: Limit one foe put to sleep
|rule|Species Clause: Limit one of each Pokémon
|rule|OHKO Clause: OHKO moves are banned
|rule|Evasion Moves Clause: Evasion moves are banned
|rule|Endless Battle Clause: Forcing endless battles is banned
|rule|HP Percentage Mod: HP is shown in percentages
|rule|Dynamax Clause: You cannot dynamax
|clearpoke
|poke|p1|Victini|
|poke|p1|Landorus-Therian, M|
|poke|p1|Venusaur, M|
|poke|p1|Heatran, M|
|poke|p1|Torkoal, M|
|poke|p1|Umbreon, F|
|poke|p2|Chansey, F|
|poke|p2|Toxapex, F|
|poke|p2|Dragapult, M|
|poke|p2|Landorus-Therian, M|
|poke|p2|Ferrothorn, M|
|poke|p2|Hatterene, F|
|teampreview
|inactive|Battle timer is ON: inactive players will automatically lose when time's up. (requested by SuperTheoryBros)
|
|t:|1642260148
|start
|switch|p1a: Torkoal|Torkoal, M|100/100
|switch|p2a: Dragapult|Dragapult, M|100/100
|-weather|SunnyDay|[from] ability: Drought|[of] p1a: Torkoal
|turn|1
|
|t:|1642260157
|switch|p1a: Landorus|Landorus-Therian, M|100/100
|-ability|p1a: Landorus|Intimidate|boost
|-unboost|p2a: Dragapult|atk|1
|move|p2a: Dragapult|Draco Meteor|p1a: Landorus
|-damage|p1a: Landorus|55/100
|-unboost|p2a: Dragapult|spa|2
|
|-weather|SunnyDay|[upkeep]
|upkeep
|turn|2
|inactive|SuperTheoryBros has 120 seconds left.
|
|t:|1642260199
|switch|p2a: Landorus|Landorus-Therian, M|100/100
|-ability|p2a: Landorus|Intimidate|boost
|-unboost|p1a: Landorus|atk|1
|move|p1a: Landorus|U-turn|p2a: Landorus
|-resisted|p2a: Landorus
|-damage|p2a: Landorus|92/100
|j| Ghowex
|
|t:|1642260212
|switch|p1a: Heatran|Heatran, M|100/100|[from]move: U-turn
|
|-weather|SunnyDay|[upkeep]
|upkeep
|turn|3
|inactive|SuperTheoryBros has 120 seconds left.
|
|t:|1642260232
|switch|p2a: Chansey|Chansey, F|100/100
|switch|p1a: Landorus|Landorus-Therian, M|55/100
|-ability|p1a: Landorus|Intimidate|boost
|-unboost|p2a: Chansey|atk|1
|
|-weather|SunnyDay|[upkeep]
|upkeep
|turn|4
|
|t:|1642260244
|move|p1a: Landorus|Earthquake|p2a: Chansey
|-damage|p2a: Chansey|65/100
|move|p2a: Chansey|Counter|p1a: Landorus
|-damage|p1a: Landorus|0 fnt
|-damage|p2a: Chansey|48/100|[from] item: Rocky Helmet|[of] p1a: Landorus
|faint|p1a: Landorus
|
|-weather|SunnyDay|[upkeep]
|upkeep
|
|t:|1642260248
|switch|p1a: Heatran|Heatran, M|100/100
|turn|5
|
|t:|1642260274
|switch|p2a: Toxapex|Toxapex, F|100/100
|move|p1a: Heatran|Eruption|p2a: Toxapex
|-resisted|p2a: Toxapex
|-damage|p2a: Toxapex|33/100
|
|-weather|SunnyDay|[upkeep]
|upkeep
|turn|6
|j| SetsuStsna
|inactive|SuperTheoryBros has 90 seconds left.
|
|t:|1642260298
|switch|p2a: Hatterene|Hatterene, F|100/100
|move|p1a: Heatran|Eruption|p2a: Hatterene
|-damage|p2a: Hatterene|0 fnt
|faint|p2a: Hatterene
|
|-weather|SunnyDay|[upkeep]
|upkeep
|
|t:|1642260317
|switch|p2a: Dragapult|Dragapult, M|100/100
|turn|7
|
|t:|1642260329
|switch|p1a: Umbreon|Umbreon, F|100/100
|move|p2a: Dragapult|Shadow Ball|p1a: Umbreon
|-resisted|p1a: Umbreon
|-damage|p1a: Umbreon|87/100
|
|-weather|SunnyDay|[upkeep]
|-heal|p1a: Umbreon|93/100|[from] item: Leftovers
|upkeep
|turn|8
|
|t:|1642260338
|move|p2a: Dragapult|Shadow Ball|p1a: Umbreon
|-resisted|p1a: Umbreon
|-crit|p1a: Umbreon
|-damage|p1a: Umbreon|72/100
|move|p1a: Umbreon|Wish|p1a: Umbreon
|
|-weather|none
|-heal|p1a: Umbreon|78/100|[from] item: Leftovers
|upkeep
|turn|9
|
|t:|1642260348
|switch|p2a: Chansey|Chansey, F|48/100
|switch|p1a: Torkoal|Torkoal, M|100/100
|-weather|SunnyDay|[from] ability: Drought|[of] p1a: Torkoal
|
|-weather|SunnyDay|[upkeep]
|upkeep
|turn|10
|
|t:|1642260354
|move|p2a: Chansey|Soft-Boiled|p2a: Chansey
|-heal|p2a: Chansey|98/100
|move|p1a: Torkoal|Stealth Rock|p2a: Chansey
|-sidestart|p2: SuperTheoryBros|move: Stealth Rock
|
|-weather|SunnyDay|[upkeep]
|upkeep
|turn|11
|
|t:|1642260368
|switch|p1a: Venusaur|Venusaur, M|100/100
|move|p2a: Chansey|Wish|p2a: Chansey
|
|-weather|SunnyDay|[upkeep]
|upkeep
|turn|12
|inactive|SuperTheoryBros has 90 seconds left.
|
|t:|1642260386
|move|p1a: Venusaur|Growth|p1a: Venusaur
|-boost|p1a: Venusaur|atk|2
|-boost|p1a: Venusaur|spa|2
|move|p2a: Chansey|Seismic Toss|p1a: Venusaur
|-damage|p1a: Venusaur|67/100
|
|-weather|SunnyDay|[upkeep]
|-heal|p2a: Chansey|100/100|[from] move: Wish|[wisher] Chansey
|upkeep
|turn|13
|
|t:|1642260391
|switch|p2a: Dragapult|Dragapult, M|100/100
|-damage|p2a: Dragapult|88/100|[from] Stealth Rock
|move|p1a: Venusaur|Growth|p1a: Venusaur
|-boost|p1a: Venusaur|atk|2
|-boost|p1a: Venusaur|spa|2
|
|-weather|SunnyDay|[upkeep]
|upkeep
|turn|14
|inactive|Ackesh has 120 seconds left.
|
|t:|1642260425
|move|p2a: Dragapult|Draco Meteor|p1a: Venusaur
|-damage|p1a: Venusaur|0 fnt
|-unboost|p2a: Dragapult|spa|2
|faint|p1a: Venusaur
|
|-weather|SunnyDay|[upkeep]
|upkeep
|c|☆Ackesh|Wtf
|inactive|Ackesh has 120 seconds left.
|c|☆Ackesh|Who runs scarf
|
|t:|1642260434
|switch|p1a: Heatran|Heatran, M|100/100
|turn|15
|
|t:|1642260443
|move|p2a: Dragapult|Draco Meteor|p1a: Heatran
|-resisted|p1a: Heatran
|-damage|p1a: Heatran|84/100
|-unboost|p2a: Dragapult|spa|2
|move|p1a: Heatran|Eruption|p2a: Dragapult
|-resisted|p2a: Dragapult
|-damage|p2a: Dragapult|0 fnt
|faint|p2a: Dragapult
|
|-weather|SunnyDay|[upkeep]
|upkeep
|inactive|SuperTheoryBros has 90 seconds left.
|
|t:|1642260465
|switch|p2a: Toxapex|Toxapex, F|67/100
|-damage|p2a: Toxapex|54/100|[from] Stealth Rock
|turn|16
|l| SetsuStsna
|inactive|SuperTheoryBros has 90 seconds left.
|
|t:|1642260482
|move|p1a: Heatran|Eruption|p2a: Toxapex
|-resisted|p2a: Toxapex
|-damage|p2a: Toxapex|0 fnt
|faint|p2a: Toxapex
|
|-weather|none
|upkeep
|j| Arnaud senju vgc
|
|t:|1642260497
|switch|p2a: Landorus|Landorus-Therian, M|92/100
|-damage|p2a: Landorus|80/100|[from] Stealth Rock
|-ability|p2a: Landorus|Intimidate|boost
|-unboost|p1a: Heatran|atk|1
|turn|17
|
|t:|1642260503
|switch|p1a: Torkoal|Torkoal, M|100/100
|-weather|SunnyDay|[from] ability: Drought|[of] p1a: Torkoal
|move|p2a: Landorus|Earthquake|p1a: Torkoal
|-supereffective|p1a: Torkoal
|-damage|p1a: Torkoal|32/100
|
|-weather|SunnyDay|[upkeep]
|upkeep
|turn|18
|l| Arnaud senju vgc
|inactive|SuperTheoryBros has 90 seconds left.
|
|t:|1642260516
|move|p2a: Landorus|Stealth Rock|p1a: Torkoal
|-sidestart|p1: Ackesh|move: Stealth Rock
|move|p1a: Torkoal|Will-O-Wisp|p2a: Landorus|[miss]
|-miss|p1a: Torkoal|p2a: Landorus
|
|-weather|SunnyDay|[upkeep]
|upkeep
|turn|19
|j| odeiomeusvizinhos
|
|t:|1642260521
|move|p2a: Landorus|Earthquake|p1a: Torkoal
|-supereffective|p1a: Torkoal
|-damage|p1a: Torkoal|0 fnt
|faint|p1a: Torkoal
|
|-weather|SunnyDay|[upkeep]
|upkeep
|
|t:|1642260526
|switch|p1a: Victini|Victini|100/100
|-damage|p1a: Victini|76/100|[from] Stealth Rock
|turn|20
|
|t:|1642260536
|switch|p2a: Ferrothorn|Ferrothorn, M|100/100
|-damage|p2a: Ferrothorn|94/100|[from] Stealth Rock
|move|p1a: Victini|V-create|p2a: Ferrothorn
|-supereffective|p2a: Ferrothorn
|-damage|p2a: Ferrothorn|0 fnt
|-unboost|p1a: Victini|spe|1
|-unboost|p1a: Victini|def|1
|-unboost|p1a: Victini|spd|1
|-damage|p1a: Victini|63/100|[from] ability: Iron Barbs|[of] p2a: Ferrothorn
|faint|p2a: Ferrothorn
|
|-weather|SunnyDay|[upkeep]
|upkeep
|
|t:|1642260548
|switch|p2a: Landorus|Landorus-Therian, M|80/100
|-damage|p2a: Landorus|68/100|[from] Stealth Rock
|-ability|p2a: Landorus|Intimidate|boost
|-unboost|p1a: Victini|atk|1
|turn|21
|
|t:|1642260560
|switch|p1a: Umbreon|Umbreon, F|78/100
|-damage|p1a: Umbreon|66/100|[from] Stealth Rock
|move|p2a: Landorus|Stone Edge|p1a: Umbreon
|-damage|p1a: Umbreon|41/100
|
|-weather|SunnyDay|[upkeep]
|-heal|p1a: Umbreon|47/100|[from] item: Leftovers
|upkeep
|turn|22
|inactive|SuperTheoryBros has 90 seconds left.
|
|t:|1642260589
|move|p2a: Landorus|Earthquake|p1a: Umbreon
|-damage|p1a: Umbreon|9/100
|move|p1a: Umbreon|Wish|p1a: Umbreon
|
|-weather|SunnyDay|[upkeep]
|-heal|p1a: Umbreon|15/100|[from] item: Leftovers
|upkeep
|turn|23
|
|t:|1642260612
|switch|p2a: Chansey|Chansey, F|100/100
|-damage|p2a: Chansey|88/100|[from] Stealth Rock
|move|p1a: Umbreon|Protect||[still]
|-fail|p1a: Umbreon
|
|-weather|SunnyDay|[upkeep]
|-heal|p1a: Umbreon|65/100|[from] move: Wish|[wisher] Umbreon
|-heal|p1a: Umbreon|71/100|[from] item: Leftovers
|upkeep
|turn|24
|
|t:|1642260631
|move|p1a: Umbreon|Toxic|p2a: Chansey
|-status|p2a: Chansey|tox
|move|p2a: Chansey|Seismic Toss|p1a: Umbreon
|-damage|p1a: Umbreon|45/100
|
|-weather|none
|-heal|p1a: Umbreon|52/100|[from] item: Leftovers
|-damage|p2a: Chansey|82/100 tox|[from] psn
|upkeep
|turn|25
|
|t:|1642260645
|move|p1a: Umbreon|Foul Play|p2a: Chansey
|-damage|p2a: Chansey|80/100 tox
|move|p2a: Chansey|Wish|p2a: Chansey
|
|-heal|p1a: Umbreon|58/100|[from] item: Leftovers
|-damage|p2a: Chansey|68/100 tox|[from] psn
|upkeep
|turn|26
|
|t:|1642260656
|-curestatus|p2a: Chansey|tox|[from] ability: Natural Cure
|switch|p2a: Landorus|Landorus-Therian, M|68/100
|-damage|p2a: Landorus|55/100|[from] Stealth Rock
|-ability|p2a: Landorus|Intimidate|boost
|-unboost|p1a: Umbreon|atk|1
|move|p1a: Umbreon|Toxic|p2a: Landorus
|-status|p2a: Landorus|tox
|
|-heal|p2a: Landorus|100/100 tox|[from] move: Wish|[wisher] Chansey
|-heal|p1a: Umbreon|64/100|[from] item: Leftovers
|-damage|p2a: Landorus|94/100 tox|[from] psn
|upkeep
|turn|27
|
|t:|1642260671
|move|p1a: Umbreon|Protect|p1a: Umbreon
|-singleturn|p1a: Umbreon|Protect
|move|p2a: Landorus|Earthquake|p1a: Umbreon
|-activate|p1a: Umbreon|move: Protect
|
|-heal|p1a: Umbreon|70/100|[from] item: Leftovers
|-damage|p2a: Landorus|82/100 tox|[from] psn
|upkeep
|turn|28
|
|t:|1642260682
|move|p2a: Landorus|Earthquake|p1a: Umbreon
|-damage|p1a: Umbreon|36/100
|move|p1a: Umbreon|Wish|p1a: Umbreon
|
|-heal|p1a: Umbreon|42/100|[from] item: Leftovers
|-damage|p2a: Landorus|64/100 tox|[from] psn
|upkeep
|turn|29
|
|t:|1642260689
|move|p2a: Landorus|Swords Dance|p2a: Landorus
|-boost|p2a: Landorus|atk|2
|move|p1a: Umbreon|Toxic|p2a: Landorus|[miss]
|-miss|p1a: Umbreon|p2a: Landorus
|
|-heal|p1a: Umbreon|92/100|[from] move: Wish|[wisher] Umbreon
|-heal|p1a: Umbreon|98/100|[from] item: Leftovers
|-damage|p2a: Landorus|40/100 tox|[from] psn
|upkeep
|turn|30
|
|t:|1642260694
|move|p1a: Umbreon|Protect|p1a: Umbreon
|-singleturn|p1a: Umbreon|Protect
|move|p2a: Landorus|Earthquake|p1a: Umbreon
|-activate|p1a: Umbreon|move: Protect
|
|-heal|p1a: Umbreon|100/100|[from] item: Leftovers
|-damage|p2a: Landorus|10/100 tox|[from] psn
|upkeep
|turn|31
|
|t:|1642260698
|move|p2a: Landorus|Earthquake|p1a: Umbreon
|-crit|p1a: Umbreon
|-damage|p1a: Umbreon|1/100
|move|p1a: Umbreon|Wish|p1a: Umbreon
|
|-heal|p1a: Umbreon|7/100|[from] item: Leftovers
|-damage|p2a: Landorus|0 fnt|[from] psn
|faint|p2a: Landorus
|upkeep
|-message|SuperTheoryBros forfeited.
|
|win|Ackesh
|raw|Ackesh's rating: 1686 &rarr; <strong>1708</strong><br />(+22 for winning)
|raw|SuperTheoryBros's rating: 1714 &rarr; <strong>1692</strong><br />(-22 for losing)
|l|☆SuperTheoryBros
|l| odeiomeusvizinhos
