|html|<div class="broadcast-blue"><strong>[Gen 8] OU is currently suspecting Melmetal! For information on how to participate check out the <a href="https://www.smogon.com/forums/threads/np-ss-ou-suspect-process-round-12-monster-mash.3709234/">suspect thread</a>.</strong></div>
|j|☆Kwaga
|j|☆mimilimi ☯
|t:|1666715443
|gametype|singles
|player|p1|Kwaga|brock-gen1rb|1687
|player|p2|mimilimi ☯|juggler|1707
|teamsize|p1|6
|teamsize|p2|6
|gen|8
|tier|[Gen 8] OU
|rated|
|rule|Sleep Clause Mod: Limit one foe put to sleep
|rule|Species Clause: Limit one of each Pokémon
|rule|OHKO Clause: OHKO moves are banned
|rule|Evasion Items Clause: Evasion items are banned
|rule|Evasion Moves Clause: Evasion moves are banned
|rule|Endless Battle Clause: Forcing endless battles is banned
|rule|HP Percentage Mod: HP is shown in percentages
|rule|Dynamax Clause: You cannot dynamax
|clearpoke
|poke|p1|Weavile, M|
|poke|p1|Dragapult, M|
|poke|p1|Volcarona, F|
|poke|p1|Volcanion|
|poke|p1|Corviknight, M|
|poke|p1|Landorus-Therian, M|
|poke|p2|Bisharp, M|
|poke|p2|Slowking, F|
|poke|p2|Zapdos|
|poke|p2|Ferrothorn, M|
|poke|p2|Garchomp, M|
|poke|p2|Dragapult, F|
|teampreview
|j| MrWenchenclo
|l| MrWenchenclo
|
|t:|1666715501
|start
|switch|p1a: Volcanion|Volcanion|100/100
|switch|p2a: Dragapult|Dragapult, F|100/100
|turn|1
|
|t:|1666715505
|switch|p1a: Landorus|Landorus-Therian, M, shiny|100/100
|-ability|p1a: Landorus|Intimidate|boost
|-unboost|p2a: Dragapult|atk|1
|move|p2a: Dragapult|Draco Meteor|p1a: Landorus
|-damage|p1a: Landorus|38/100
|-unboost|p2a: Dragapult|spa|2
|
|-heal|p1a: Landorus|44/100|[from] item: Leftovers
|upkeep
|turn|2
|
|t:|1666715510
|switch|p2a: Zapdos|Zapdos|100/100
|move|p1a: Landorus|U-turn|p2a: Zapdos
|-resisted|p2a: Zapdos
|-damage|p2a: Zapdos|93/100
|
|t:|1666715513
|switch|p1a: Weavile|Weavile, M|100/100|[from]move: U-turn
|-ability|p1a: Weavile|Pressure
|
|upkeep
|turn|3
|
|t:|1666715519
|switch|p2a: Ferrothorn|Ferrothorn, M|100/100
|move|p1a: Weavile|Beat Up|p2a: Ferrothorn
|-damage|p2a: Ferrothorn|90/100
|-damage|p2a: Ferrothorn|80/100
|-damage|p2a: Ferrothorn|73/100
|-damage|p2a: Ferrothorn|61/100
|-damage|p2a: Ferrothorn|53/100
|-damage|p2a: Ferrothorn|43/100
|-hitcount|p2a: Ferrothorn|6
|
|-heal|p2a: Ferrothorn|49/100|[from] item: Leftovers
|upkeep
|turn|4
|
|t:|1666715524
|switch|p2a: Bisharp|Bisharp, M|100/100
|move|p1a: Weavile|Beat Up|p2a: Bisharp
|-resisted|p2a: Bisharp
|-damage|p2a: Bisharp|92/100
|-resisted|p2a: Bisharp
|-damage|p2a: Bisharp|84/100
|-resisted|p2a: Bisharp
|-damage|p2a: Bisharp|78/100
|-resisted|p2a: Bisharp
|-damage|p2a: Bisharp|68/100
|-resisted|p2a: Bisharp
|-crit|p2a: Bisharp
|-damage|p2a: Bisharp|58/100
|-resisted|p2a: Bisharp
|-damage|p2a: Bisharp|50/100
|-hitcount|p2a: Bisharp|6
|
|upkeep
|turn|5
|
|t:|1666715535
|move|p1a: Weavile|Beat Up|p2a: Bisharp
|-resisted|p2a: Bisharp
|-damage|p2a: Bisharp|41/100
|-resisted|p2a: Bisharp
|-damage|p2a: Bisharp|33/100
|-resisted|p2a: Bisharp
|-damage|p2a: Bisharp|27/100
|-resisted|p2a: Bisharp
|-damage|p2a: Bisharp|17/100
|-resisted|p2a: Bisharp
|-damage|p2a: Bisharp|11/100
|-resisted|p2a: Bisharp
|-damage|p2a: Bisharp|3/100
|-hitcount|p2a: Bisharp|6
|move|p2a: Bisharp|Knock Off|p1a: Weavile
|-resisted|p1a: Weavile
|-damage|p1a: Weavile|25/100
|-enditem|p1a: Weavile|Choice Band|[from] move: Knock Off|[of] p2a: Bisharp
|
|upkeep
|turn|6
|
|t:|1666715550
|move|p1a: Weavile|Ice Shard|p2a: Bisharp
|-resisted|p2a: Bisharp
|-damage|p2a: Bisharp|0 fnt
|faint|p2a: Bisharp
|
|upkeep
|
|t:|1666715554
|switch|p2a: Dragapult|Dragapult, F|100/100
|turn|7
|
|t:|1666715562
|switch|p1a: Corviknight|Corviknight, M|100/100
|-ability|p1a: Corviknight|Pressure
|move|p2a: Dragapult|Shadow Ball|p1a: Corviknight
|-damage|p1a: Corviknight|66/100
|
|-heal|p1a: Corviknight|72/100|[from] item: Leftovers
|upkeep
|turn|8
|j| broked on bricks
|
|t:|1666715602
|move|p2a: Dragapult|Shadow Ball|p1a: Corviknight
|-damage|p1a: Corviknight|38/100
|move|p1a: Corviknight|Substitute|p1a: Corviknight
|-start|p1a: Corviknight|Substitute
|-damage|p1a: Corviknight|13/100
|
|-heal|p1a: Corviknight|19/100|[from] item: Leftovers
|upkeep
|turn|9
|
|t:|1666715612
|switch|p1a: Landorus|Landorus-Therian, M, shiny|44/100
|-ability|p1a: Landorus|Intimidate|boost
|-unboost|p2a: Dragapult|atk|1
|move|p2a: Dragapult|Shadow Ball|p1a: Landorus
|-damage|p1a: Landorus|3/100
|
|-heal|p1a: Landorus|9/100|[from] item: Leftovers
|upkeep
|turn|10
|
|t:|1666715639
|move|p2a: Dragapult|Shadow Ball|p1a: Landorus
|-damage|p1a: Landorus|0 fnt
|faint|p1a: Landorus
|
|upkeep
|
|t:|1666715645
|switch|p1a: Weavile|Weavile, M|25/100
|-ability|p1a: Weavile|Pressure
|turn|11
|j| OxidationReduction
|
|t:|1666715679
|move|p1a: Weavile|Ice Shard|p2a: Dragapult
|-supereffective|p2a: Dragapult
|-damage|p2a: Dragapult|40/100
|move|p2a: Dragapult|Shadow Ball|p1a: Weavile
|-resisted|p1a: Weavile
|-damage|p1a: Weavile|0 fnt
|faint|p1a: Weavile
|
|upkeep
|j| Ran Kob
|
|t:|1666715690
|switch|p1a: Volcarona|Volcarona, F|100/100
|turn|12
|l| Ran Kob
|l|☆mimilimi ☯
|player|p2|
|j|☆mimilimi
|player|p2|mimilimi|juggler
|j| 0zorcNecropHADES
|
|t:|1666715780
|switch|p2a: Garchomp|Garchomp, M|100/100
|switch|p1a: Dragapult|Dragapult, M|100/100
|
|upkeep
|turn|13
|
|t:|1666715789
|switch|p2a: Slowking|Slowking, F|100/100
|move|p1a: Dragapult|Draco Meteor|p2a: Slowking
|-damage|p2a: Slowking|42/100
|-unboost|p1a: Dragapult|spa|2
|
|upkeep
|turn|14
|
|t:|1666715795
|switch|p1a: Volcanion|Volcanion|100/100
|move|p2a: Slowking|Teleport|p2a: Slowking
|
|t:|1666715802
|switch|p2a: Garchomp|Garchomp, M|100/100|[from]move: Teleport
|
|upkeep
|turn|15
|
|t:|1666715810
|move|p2a: Garchomp|Swords Dance|p2a: Garchomp
|-boost|p2a: Garchomp|atk|2
|move|p1a: Volcanion|Steam Eruption|p2a: Garchomp
|-damage|p2a: Garchomp|30/100
|
|-heal|p2a: Garchomp|36/100|[from] item: Leftovers
|upkeep
|turn|16
|
|t:|1666715815
|move|p2a: Garchomp|Scale Shot|p1a: Volcanion
|-damage|p1a: Volcanion|73/100
|-damage|p1a: Volcanion|48/100
|-hitcount|p1a: Volcanion|2
|-unboost|p2a: Garchomp|def|1
|-boost|p2a: Garchomp|spe|1
|move|p1a: Volcanion|Steam Eruption|p2a: Garchomp
|-crit|p2a: Garchomp
|-damage|p2a: Garchomp|0 fnt
|faint|p2a: Garchomp
|
|upkeep
|
|t:|1666715821
|switch|p2a: Zapdos|Zapdos|93/100
|turn|17
|
|t:|1666715826
|move|p2a: Zapdos|Volt Switch|p1a: Volcanion
|-supereffective|p1a: Volcanion
|-damage|p1a: Volcanion|0 fnt
|faint|p1a: Volcanion
|
|t:|1666715839
|switch|p2a: Dragapult|Dragapult, F|40/100|[from]move: Volt Switch
|
|upkeep
|
|t:|1666715852
|switch|p1a: Corviknight|Corviknight, M|19/100
|-ability|p1a: Corviknight|Pressure
|turn|18
|
|t:|1666715856
|move|p2a: Dragapult|Shadow Ball|p1a: Corviknight
|-damage|p1a: Corviknight|0 fnt
|faint|p1a: Corviknight
|
|upkeep
|
|t:|1666715857
|switch|p1a: Volcarona|Volcarona, F|100/100
|turn|19
|
|t:|1666715860
|move|p2a: Dragapult|Shadow Ball|p1a: Volcarona
|-damage|p1a: Volcarona|56/100
|move|p1a: Volcarona|Quiver Dance|p1a: Volcarona
|-boost|p1a: Volcarona|spa|1
|-boost|p1a: Volcarona|spd|1
|-boost|p1a: Volcarona|spe|1
|
|upkeep
|turn|20
|
|t:|1666715869
|switch|p2a: Slowking|Slowking, F|76/100
|move|p1a: Volcarona|Roost|p1a: Volcarona
|-heal|p1a: Volcarona|100/100
|-singleturn|p1a: Volcarona|move: Roost
|
|upkeep
|turn|21
|
|t:|1666715871
|move|p1a: Volcarona|Quiver Dance|p1a: Volcarona
|-boost|p1a: Volcarona|spa|1
|-boost|p1a: Volcarona|spd|1
|-boost|p1a: Volcarona|spe|1
|move|p2a: Slowking|Scald|p1a: Volcarona
|-supereffective|p1a: Volcarona
|-damage|p1a: Volcarona|76/100
|
|upkeep
|turn|22
|c|☆mimilimi|gg
|c|☆Kwaga|gg
|
|t:|1666715877
|move|p1a: Volcarona|Quiver Dance|p1a: Volcarona
|-boost|p1a: Volcarona|spa|1
|-boost|p1a: Volcarona|spd|1
|-boost|p1a: Volcarona|spe|1
|move|p2a: Slowking|Scald|p1a: Volcarona
|-supereffective|p1a: Volcarona
|-damage|p1a: Volcarona|57/100
|
|upkeep
|turn|23
|
|t:|1666715880
|move|p1a: Volcarona|Roost|p1a: Volcarona
|-heal|p1a: Volcarona|100/100
|-singleturn|p1a: Volcarona|move: Roost
|move|p2a: Slowking|Scald|p1a: Volcarona
|-supereffective|p1a: Volcarona
|-damage|p1a: Volcarona|81/100
|
|upkeep
|turn|24
|
|t:|1666715882
|move|p1a: Volcarona|Quiver Dance|p1a: Volcarona
|-boost|p1a: Volcarona|spa|1
|-boost|p1a: Volcarona|spd|1
|-boost|p1a: Volcarona|spe|1
|move|p2a: Slowking|Scald|p1a: Volcarona
|-supereffective|p1a: Volcarona
|-damage|p1a: Volcarona|66/100
|
|upkeep
|turn|25
|
|t:|1666715885
|move|p1a: Volcarona|Roost|p1a: Volcarona
|-heal|p1a: Volcarona|100/100
|-singleturn|p1a: Volcarona|move: Roost
|move|p2a: Slowking|Scald|p1a: Volcarona
|-supereffective|p1a: Volcarona
|-damage|p1a: Volcarona|84/100
|
|upkeep
|turn|26
|
|t:|1666715887
|move|p1a: Volcarona|Quiver Dance|p1a: Volcarona
|-boost|p1a: Volcarona|spa|1
|-boost|p1a: Volcarona|spd|1
|-boost|p1a: Volcarona|spe|1
|move|p2a: Slowking|Scald|p1a: Volcarona
|-supereffective|p1a: Volcarona
|-damage|p1a: Volcarona|70/100
|
|upkeep
|turn|27
|
|t:|1666715889
|move|p1a: Volcarona|Roost|p1a: Volcarona
|-heal|p1a: Volcarona|100/100
|-singleturn|p1a: Volcarona|move: Roost
|move|p2a: Slowking|Scald|p1a: Volcarona
|-supereffective|p1a: Volcarona
|-damage|p1a: Volcarona|86/100
|
|upkeep
|turn|28
|
|t:|1666715891
|move|p1a: Volcarona|Quiver Dance|p1a: Volcarona
|-boost|p1a: Volcarona|spa|1
|-boost|p1a: Volcarona|spd|1
|-boost|p1a: Volcarona|spe|1
|move|p2a: Slowking|Scald|p1a: Volcarona
|-supereffective|p1a: Volcarona
|-damage|p1a: Volcarona|74/100
|
|upkeep
|turn|29
|
|t:|1666715894
|move|p1a: Volcarona|Roost|p1a: Volcarona
|-heal|p1a: Volcarona|100/100
|-singleturn|p1a: Volcarona|move: Roost
|move|p2a: Slowking|Scald|p1a: Volcarona
|-supereffective|p1a: Volcarona
|-damage|p1a: Volcarona|89/100
|
|upkeep
|turn|30
|
|t:|1666715896
|move|p1a: Volcarona|Flamethrower|p2a: Slowking
|-resisted|p2a: Slowking
|-damage|p2a: Slowking|28/100
|move|p2a: Slowking|Scald|p1a: Volcarona
|-supereffective|p1a: Volcarona
|-damage|p1a: Volcarona|76/100
|
|upkeep
|turn|31
|l| OxidationReduction
|-message|mimilimi ☯ forfeited.
|
|win|Kwaga
|raw|Kwaga's rating: 1687 &rarr; <strong>1707</strong><br />(+20 for winning)
|raw|mimilimi ☯'s rating: 1688 &rarr; <strong>1668</strong><br />(-20 for losing)
|l|☆mimilimi
