|j|☆Kazt_5
|j|☆OPGolduck
|inactive|Battle timer is ON: inactive players will automatically lose when time's up.
|t:|1613160940
|player|p1|Kazt_5|dawn|
|player|p2|OPGolduck|lyra|
|teamsize|p1|6
|teamsize|p2|6
|gametype|singles
|gen|8
|tier|[Gen 8] OU
|rated|Tournament battle
|clearpoke
|poke|p1|Weavile, F|
|poke|p1|Slowbro, M|
|poke|p1|Nidoking, M|
|poke|p1|Heatran, F|
|poke|p1|Zapdos|
|poke|p1|Rillaboom, M|
|poke|p2|Landorus-Therian, M|
|poke|p2|Slowbro, F|
|poke|p2|Mandibuzz, F|
|poke|p2|Clefable, M|
|poke|p2|Blissey, F|
|poke|p2|Cinderace, M|
|rule|Sleep Clause Mod: Limit one foe put to sleep
|rule|Species Clause: Limit one of each Pokémon
|rule|OHKO Clause: OHKO moves are banned
|rule|Evasion Moves Clause: Evasion moves are banned
|rule|Endless Battle Clause: Forcing endless battles is banned
|rule|HP Percentage Mod: HP is shown in percentages
|rule|Dynamax Clause: You cannot dynamax
|teampreview
|inactive|Kazt_5 has 120 seconds left.
|inactive|OPGolduck has 120 seconds left.
|inactive|Kazt_5 has 90 seconds left.
|
|t:|1613161013
|start
|switch|p1a: Weavile|Weavile, F|100/100
|switch|p2a: Landorus|Landorus-Therian, M|100/100
|-ability|p1a: Weavile|Pressure
|-ability|p2a: Landorus|Intimidate|boost
|-unboost|p1a: Weavile|atk|1
|turn|1
|
|t:|1613161019
|switch|p2a: Clefable|Clefable, M|100/100
|move|p1a: Weavile|Ice Shard|p2a: Clefable
|-damage|p2a: Clefable|77/100
|
|upkeep
|turn|2
|
|t:|1613161027
|switch|p1a: Heatran|Heatran, F|100/100
|move|p2a: Clefable|Wish|p2a: Clefable
|
|upkeep
|turn|3
|inactive|Kazt_5 has 120 seconds left.
|
|t:|1613161058
|switch|p2a: Landorus|Landorus-Therian, M|100/100
|-ability|p2a: Landorus|Intimidate|boost
|-unboost|p1a: Heatran|atk|1
|move|p1a: Heatran|Stealth Rock|p2a: Landorus
|-sidestart|p2: OPGolduck|move: Stealth Rock
|
|upkeep
|turn|4
|inactive|Kazt_5 has 120 seconds left.
|
|t:|1613161071
|switch|p1a: Slowbro|Slowbro, M|100/100
|move|p2a: Landorus|Stealth Rock|p1a: Slowbro
|-sidestart|p1: Kazt_5|move: Stealth Rock
|
|upkeep
|turn|5
|
|t:|1613161074
|move|p2a: Landorus|Toxic|p1a: Slowbro
|-status|p1a: Slowbro|tox
|move|p1a: Slowbro|Future Sight|p2a: Landorus
|-start|p1a: Slowbro|move: Future Sight
|
|-damage|p1a: Slowbro|94/100 tox|[from] psn
|upkeep
|turn|6
|
|t:|1613161076
|move|p2a: Landorus|U-turn|p1a: Slowbro
|-supereffective|p1a: Slowbro
|-damage|p1a: Slowbro|62/100 tox
|
|t:|1613161098
|switch|p2a: Clefable|Clefable, M|77/100|[from]move: U-turn
|move|p1a: Slowbro|Teleport|p1a: Slowbro
|
|t:|1613161106
|switch|p1a: Nidoking|Nidoking, M|100/100|[from]move: Teleport
|-damage|p1a: Nidoking|95/100|[from] Stealth Rock
|
|upkeep
|turn|7
|
|t:|1613161112
|switch|p2a: Blissey|Blissey, F|100/100
|move|p1a: Nidoking|Ice Beam|p2a: Blissey
|-damage|p2a: Blissey|85/100
|
|-end|p2a: Blissey|move: Future Sight
|-damage|p2a: Blissey|70/100
|upkeep
|turn|8
|c|☆Kazt_5|i didnt even saw blissey there
|
|t:|1613161129
|switch|p1a: Zapdos|Zapdos|100/100
|move|p2a: Blissey|Teleport|p2a: Blissey
|
|t:|1613161137
|switch|p2a: Landorus|Landorus-Therian, M|100/100|[from]move: Teleport
|-ability|p2a: Landorus|Intimidate|boost
|-unboost|p1a: Zapdos|atk|1
|
|upkeep
|turn|9
|
|t:|1613161144
|switch|p1a: Weavile|Weavile, F|100/100
|-damage|p1a: Weavile|76/100|[from] Stealth Rock
|-ability|p1a: Weavile|Pressure
|move|p2a: Landorus|Toxic|p1a: Weavile
|-status|p1a: Weavile|tox
|
|-damage|p1a: Weavile|70/100 tox|[from] psn
|upkeep
|turn|10
|c|☆Kazt_5|miss clicked so hard fuck
|
|t:|1613161155
|switch|p2a: Clefable|Clefable, M|77/100
|move|p1a: Weavile|Triple Axel|p2a: Clefable
|-damage|p2a: Clefable|66/100
|-damage|p2a: Clefable|44/100
|-damage|p2a: Clefable|10/100
|-hitcount|p2a: Clefable|3
|
|-damage|p1a: Weavile|57/100 tox|[from] psn
|upkeep
|turn|11
|
|t:|1613161163
|switch|p1a: Nidoking|Nidoking, M|95/100
|-damage|p1a: Nidoking|89/100|[from] Stealth Rock
|move|p2a: Clefable|Protect||[still]
|-fail|p2a: Clefable
|
|upkeep
|turn|12
|
|t:|1613161169
|switch|p1a: Weavile|Weavile, F|57/100 tox
|-damage|p1a: Weavile|33/100 tox|[from] Stealth Rock
|-ability|p1a: Weavile|Pressure
|move|p2a: Clefable|Protect||[still]
|-fail|p2a: Clefable
|
|-damage|p1a: Weavile|26/100 tox|[from] psn
|upkeep
|turn|13
|
|t:|1613161172
|move|p2a: Clefable|Protect|p2a: Clefable
|-singleturn|p2a: Clefable|Protect
|move|p1a: Weavile|Triple Axel|p2a: Clefable
|-activate|p2a: Clefable|move: Protect
|
|-damage|p1a: Weavile|14/100 tox|[from] psn
|upkeep
|turn|14
|
|t:|1613161181
|switch|p2a: Slowbro|Slowbro, F|100/100
|move|p1a: Weavile|Triple Axel|p2a: Slowbro
|-resisted|p2a: Slowbro
|-damage|p2a: Slowbro|96/100
|-hitcount|p2a: Slowbro|1
|
|-damage|p1a: Weavile|0 fnt|[from] psn
|faint|p1a: Weavile
|upkeep
|
|t:|1613161187
|switch|p1a: Rillaboom|Rillaboom, M|100/100
|-damage|p1a: Rillaboom|88/100|[from] Stealth Rock
|-fieldstart|move: Grassy Terrain|[from] ability: Grassy Surge|[of] p1a: Rillaboom
|turn|15
|-message|Kazt_5 forfeited.
|
|win|OPGolduck
|n|☆Kazt_5|kazt5
|n|☆OPGolduck|opgolduck
|l|☆Kazt_5
