|j|☆testotesto321
|j|☆PokeaimMBA
|player|p1|testotesto321|bellelba|1703
|player|p2|PokeaimMBA|102|1732
|teamsize|p1|6
|teamsize|p2|6
|gametype|singles
|gen|8
|tier|[Gen 8] OU
|rated|
|clearpoke
|poke|p1|Gengar, F|
|poke|p1|Zeraora|
|poke|p1|Hippowdon, M|
|poke|p1|Clefable, F|
|poke|p1|Corviknight, F|
|poke|p1|Toxapex, F|
|poke|p2|Vikavolt, F|
|poke|p2|Togekiss, M|
|poke|p2|Bisharp, M|
|poke|p2|Excadrill, M|
|poke|p2|Dracovish|
|poke|p2|Conkeldurr, M|
|rule|Sleep Clause Mod: Limit one foe put to sleep
|rule|Species Clause: Limit one of each Pokémon
|rule|OHKO Clause: OHKO moves are banned
|rule|Evasion Moves Clause: Evasion moves are banned
|rule|Endless Battle Clause: Forcing endless battles is banned
|rule|HP Percentage Mod: HP is shown in percentages
|rule|Dynamax Clause: You cannot dynamax
|teampreview
|inactive|Battle timer is ON: inactive players will automatically lose when time's up. (requested by PokeaimMBA)
|
|start
|switch|p1a: Hippowdon|Hippowdon, M|100/100
|switch|p2a: Vikavolt|Vikavolt, F|100/100
|-weather|Sandstorm|[from] ability: Sand Stream|[of] p1a: Hippowdon
|turn|1
|
|move|p1a: Hippowdon|Toxic|p2a: Vikavolt
|-status|p2a: Vikavolt|tox
|move|p2a: Vikavolt|Sticky Web|p1a: Hippowdon
|-sidestart|p1: testotesto321|move: Sticky Web
|
|-weather|Sandstorm|[upkeep]
|-damage|p2a: Vikavolt|94/100 tox|[from] Sandstorm
|-damage|p2a: Vikavolt|88/100 tox|[from] psn
|upkeep
|turn|2
|
|move|p1a: Hippowdon|Stealth Rock|p2a: Vikavolt
|-sidestart|p2: PokeaimMBA|move: Stealth Rock
|move|p2a: Vikavolt|Bug Buzz|p1a: Hippowdon
|-damage|p1a: Hippowdon|42/100
|
|-weather|Sandstorm|[upkeep]
|-damage|p2a: Vikavolt|82/100 tox|[from] Sandstorm
|-heal|p1a: Hippowdon|48/100|[from] item: Leftovers
|-damage|p2a: Vikavolt|70/100 tox|[from] psn
|upkeep
|turn|3
|
|switch|p1a: Clefable|Clefable, F, shiny|100/100
|-activate|p1a: Clefable|move: Sticky Web
|-unboost|p1a: Clefable|spe|1
|move|p2a: Vikavolt|Volt Switch|p1a: Clefable
|-damage|p1a: Clefable|71/100
|
|switch|p2a: Dracovish|Dracovish, shiny|100/100|[from]move: Volt Switch
|-damage|p2a: Dracovish|88/100|[from] Stealth Rock
|
|-weather|Sandstorm|[upkeep]
|-damage|p2a: Dracovish|82/100|[from] Sandstorm
|-heal|p1a: Clefable|77/100|[from] item: Leftovers
|upkeep
|turn|4
|j| asdasd34r4r4r
|
|switch|p1a: Toxapex|Toxapex, F, shiny|100/100
|-activate|p1a: Toxapex|move: Sticky Web
|-unboost|p1a: Toxapex|spe|1
|move|p2a: Dracovish|Fishious Rend|p1a: Toxapex
|-resisted|p1a: Toxapex
|-damage|p1a: Toxapex|51/100
|
|-weather|Sandstorm|[upkeep]
|-damage|p2a: Dracovish|76/100|[from] Sandstorm
|-damage|p1a: Toxapex|45/100|[from] Sandstorm
|-heal|p1a: Toxapex|51/100|[from] item: Black Sludge
|upkeep
|turn|5
|
|switch|p2a: Excadrill|Excadrill, M|100/100
|-damage|p2a: Excadrill|97/100|[from] Stealth Rock
|-ability|p2a: Excadrill|Mold Breaker
|move|p1a: Toxapex|Recover|p1a: Toxapex
|-heal|p1a: Toxapex|100/100
|
|-weather|none
|upkeep
|turn|6
|
|move|p2a: Excadrill|Rapid Spin|p1a: Toxapex
|-damage|p1a: Toxapex|89/100
|-boost|p2a: Excadrill|spe|1
|-sideend|p2: PokeaimMBA|Stealth Rock|[from] move: Rapid Spin|[of] p2a: Excadrill
|move|p1a: Toxapex|Scald|p2a: Excadrill
|-supereffective|p2a: Excadrill
|-damage|p2a: Excadrill|53/100
|-status|p2a: Excadrill|brn
|
|-heal|p1a: Toxapex|95/100|[from] item: Black Sludge
|-damage|p2a: Excadrill|46/100 brn|[from] brn
|upkeep
|turn|7
|
|switch|p2a: Vikavolt|Vikavolt, F|70/100 tox
|switch|p1a: Corviknight|Corviknight, F, shiny|100/100
|-ability|p1a: Corviknight|Pressure
|
|-damage|p2a: Vikavolt|64/100 tox|[from] psn
|upkeep
|turn|8
|
|move|p1a: Corviknight|U-turn|p2a: Vikavolt
|-damage|p2a: Vikavolt|49/100 tox
|
|switch|p1a: Clefable|Clefable, F, shiny|77/100|[from]move: U-turn
|-activate|p1a: Clefable|move: Sticky Web
|-unboost|p1a: Clefable|spe|1
|move|p2a: Vikavolt|Volt Switch|p1a: Clefable
|-damage|p1a: Clefable|47/100
|
|switch|p2a: Bisharp|Bisharp, M|100/100|[from]move: Volt Switch
|
|-heal|p1a: Clefable|53/100|[from] item: Leftovers
|upkeep
|turn|9
|
|switch|p1a: Hippowdon|Hippowdon, M|48/100
|-activate|p1a: Hippowdon|move: Sticky Web
|-unboost|p1a: Hippowdon|spe|1
|-weather|Sandstorm|[from] ability: Sand Stream|[of] p1a: Hippowdon
|move|p2a: Bisharp|Knock Off|p1a: Hippowdon
|-damage|p1a: Hippowdon|12/100
|-enditem|p1a: Hippowdon|Leftovers|[from] move: Knock Off|[of] p2a: Bisharp
|
|-weather|Sandstorm|[upkeep]
|upkeep
|turn|10
|
|move|p2a: Bisharp|Iron Head|p1a: Hippowdon
|-damage|p1a: Hippowdon|0 fnt
|faint|p1a: Hippowdon
|
|-weather|Sandstorm|[upkeep]
|upkeep
|
|switch|p1a: Zeraora|Zeraora|100/100
|-activate|p1a: Zeraora|move: Sticky Web
|-unboost|p1a: Zeraora|spe|1
|turn|11
|l| asdasd34r4r4r
|
|switch|p2a: Vikavolt|Vikavolt, F|49/100 tox
|move|p1a: Zeraora|Close Combat|p2a: Vikavolt
|-resisted|p2a: Vikavolt
|-damage|p2a: Vikavolt|28/100 tox
|-unboost|p1a: Zeraora|def|1
|-unboost|p1a: Zeraora|spd|1
|
|-weather|Sandstorm|[upkeep]
|-damage|p1a: Zeraora|95/100|[from] Sandstorm
|-damage|p2a: Vikavolt|22/100 tox|[from] Sandstorm
|-damage|p2a: Vikavolt|16/100 tox|[from] psn
|upkeep
|turn|12
|
|move|p1a: Zeraora|Plasma Fists|p2a: Vikavolt
|-resisted|p2a: Vikavolt
|-damage|p2a: Vikavolt|0 fnt
|-fieldactivate|move: Ion Deluge
|faint|p2a: Vikavolt
|
|-weather|Sandstorm|[upkeep]
|-damage|p1a: Zeraora|89/100|[from] Sandstorm
|upkeep
|
|switch|p2a: Conkeldurr|Conkeldurr, M, shiny|100/100
|turn|13
|
|switch|p1a: Corviknight|Corviknight, F, shiny|100/100
|-ability|p1a: Corviknight|Pressure
|move|p2a: Conkeldurr|Knock Off|p1a: Corviknight
|-damage|p1a: Corviknight|68/100
|-enditem|p1a: Corviknight|Leftovers|[from] move: Knock Off|[of] p2a: Conkeldurr
|
|-weather|none
|-status|p2a: Conkeldurr|brn|[from] item: Flame Orb
|upkeep
|turn|14
|
|move|p2a: Conkeldurr|Drain Punch|p1a: Corviknight
|-damage|p1a: Corviknight|12/100
|move|p1a: Corviknight|Defog|p2a: Conkeldurr
|-unboost|p2a: Conkeldurr|evasion|1
|-sideend|p1: testotesto321|Sticky Web|[from] move: Defog|[of] p1a: Corviknight
|
|-damage|p2a: Conkeldurr|95/100 brn|[from] brn
|upkeep
|turn|15
|
|switch|p1a: Toxapex|Toxapex, F, shiny|100/100
|move|p2a: Conkeldurr|Knock Off|p1a: Toxapex
|-damage|p1a: Toxapex|66/100
|-enditem|p1a: Toxapex|Black Sludge|[from] move: Knock Off|[of] p2a: Conkeldurr
|
|-damage|p2a: Conkeldurr|89/100 brn|[from] brn
|upkeep
|turn|16
|
|move|p2a: Conkeldurr|Facade|p1a: Toxapex
|-damage|p1a: Toxapex|20/100
|move|p1a: Toxapex|Recover|p1a: Toxapex
|-heal|p1a: Toxapex|70/100
|
|-damage|p2a: Conkeldurr|83/100 brn|[from] brn
|upkeep
|turn|17
|
|switch|p2a: Togekiss|Togekiss, M, shiny|100/100
|move|p1a: Toxapex|Recover|p1a: Toxapex
|-heal|p1a: Toxapex|100/100
|
|upkeep
|turn|18
|
|move|p2a: Togekiss|Substitute|p2a: Togekiss
|-start|p2a: Togekiss|Substitute
|-damage|p2a: Togekiss|76/100
|move|p1a: Toxapex|Toxic||[still]
|-fail|p1a: Toxapex
|
|-heal|p2a: Togekiss|82/100|[from] item: Leftovers
|upkeep
|turn|19
|
|switch|p1a: Zeraora|Zeraora|89/100
|move|p2a: Togekiss|Nasty Plot|p2a: Togekiss
|-boost|p2a: Togekiss|spa|2
|
|-heal|p2a: Togekiss|88/100|[from] item: Leftovers
|upkeep
|turn|20
|
|move|p1a: Zeraora|Plasma Fists|p2a: Togekiss
|-supereffective|p2a: Togekiss
|-end|p2a: Togekiss|Substitute
|move|p2a: Togekiss|Flamethrower|p1a: Zeraora
|-damage|p1a: Zeraora|6/100
|
|-heal|p2a: Togekiss|94/100|[from] item: Leftovers
|upkeep
|turn|21
|
|switch|p2a: Excadrill|Excadrill, M|46/100 brn
|-ability|p2a: Excadrill|Mold Breaker
|move|p1a: Zeraora|Plasma Fists|p2a: Excadrill
|-immune|p2a: Excadrill
|
|-damage|p2a: Excadrill|40/100 brn|[from] brn
|upkeep
|turn|22
|
|move|p1a: Zeraora|Close Combat|p2a: Excadrill
|-supereffective|p2a: Excadrill
|-damage|p2a: Excadrill|0 fnt
|-unboost|p1a: Zeraora|def|1
|-unboost|p1a: Zeraora|spd|1
|faint|p2a: Excadrill
|
|upkeep
|
|switch|p2a: Conkeldurr|Conkeldurr, M, shiny|83/100 brn
|turn|23
|
|switch|p1a: Toxapex|Toxapex, F, shiny|100/100
|move|p2a: Conkeldurr|Knock Off|p1a: Toxapex
|-damage|p1a: Toxapex|79/100
|
|-damage|p2a: Conkeldurr|77/100 brn|[from] brn
|upkeep
|turn|24
|
|move|p2a: Conkeldurr|Drain Punch|p1a: Toxapex
|-resisted|p1a: Toxapex
|-damage|p1a: Toxapex|59/100
|-heal|p2a: Conkeldurr|85/100 brn|[from] drain|[of] p1a: Toxapex
|move|p1a: Toxapex|Toxic||[still]
|-fail|p1a: Toxapex
|
|-damage|p2a: Conkeldurr|79/100 brn|[from] brn
|upkeep
|turn|25
|
|move|p2a: Conkeldurr|Facade|p1a: Toxapex
|-damage|p1a: Toxapex|10/100
|move|p1a: Toxapex|Recover|p1a: Toxapex
|-heal|p1a: Toxapex|60/100
|
|-damage|p2a: Conkeldurr|73/100 brn|[from] brn
|upkeep
|turn|26
|
|move|p2a: Conkeldurr|Facade|p1a: Toxapex
|-damage|p1a: Toxapex|8/100
|move|p1a: Toxapex|Recover|p1a: Toxapex
|-heal|p1a: Toxapex|58/100
|
|-damage|p2a: Conkeldurr|67/100 brn|[from] brn
|upkeep
|turn|27
|
|switch|p1a: Corviknight|Corviknight, F, shiny|12/100
|-ability|p1a: Corviknight|Pressure
|move|p2a: Conkeldurr|Facade|p1a: Corviknight
|-resisted|p1a: Corviknight
|-damage|p1a: Corviknight|0 fnt
|faint|p1a: Corviknight
|
|-damage|p2a: Conkeldurr|61/100 brn|[from] brn
|upkeep
|
|switch|p1a: Gengar|Gengar, F|100/100
|turn|28
|
|switch|p2a: Dracovish|Dracovish, shiny|76/100
|move|p1a: Gengar|Focus Blast|p2a: Dracovish
|-damage|p2a: Dracovish|1/100
|
|upkeep
|turn|29
|
|switch|p1a: Toxapex|Toxapex, F, shiny|91/100
|move|p2a: Dracovish|Earthquake|p1a: Toxapex
|-supereffective|p1a: Toxapex
|-damage|p1a: Toxapex|34/100
|
|upkeep
|turn|30
|
|switch|p1a: Zeraora|Zeraora|6/100
|move|p2a: Dracovish|Earthquake|p1a: Zeraora
|-supereffective|p1a: Zeraora
|-damage|p1a: Zeraora|0 fnt
|faint|p1a: Zeraora
|
|upkeep
|
|switch|p1a: Gengar|Gengar, F|100/100
|turn|31
|
|move|p1a: Gengar|Focus Blast|p2a: Dracovish
|-damage|p2a: Dracovish|0 fnt
|faint|p2a: Dracovish
|
|upkeep
|inactive|PokeaimMBA has 120 seconds left.
|
|switch|p2a: Togekiss|Togekiss, M, shiny|94/100
|turn|32
|
|switch|p1a: Clefable|Clefable, F, shiny|53/100
|move|p2a: Togekiss|Substitute|p2a: Togekiss
|-start|p2a: Togekiss|Substitute
|-damage|p2a: Togekiss|69/100
|
|-heal|p2a: Togekiss|75/100|[from] item: Leftovers
|-heal|p1a: Clefable|59/100|[from] item: Leftovers
|upkeep
|turn|33
|
|move|p2a: Togekiss|Air Slash|p1a: Clefable
|-damage|p1a: Clefable|34/100
|move|p1a: Clefable|Moonblast|p2a: Togekiss
|-end|p2a: Togekiss|Substitute
|
|-heal|p2a: Togekiss|82/100|[from] item: Leftovers
|-heal|p1a: Clefable|40/100|[from] item: Leftovers
|upkeep
|turn|34
|
|move|p2a: Togekiss|Air Slash|p1a: Clefable
|-crit|p1a: Clefable
|-damage|p1a: Clefable|4/100
|cant|p1a: Clefable|flinch
|
|-heal|p2a: Togekiss|88/100|[from] item: Leftovers
|-heal|p1a: Clefable|10/100|[from] item: Leftovers
|upkeep
|turn|35
|
|move|p2a: Togekiss|Air Slash|p1a: Clefable
|-damage|p1a: Clefable|0 fnt
|faint|p1a: Clefable
|
|-heal|p2a: Togekiss|94/100|[from] item: Leftovers
|upkeep
|
|switch|p1a: Gengar|Gengar, F|100/100
|turn|36
|
|switch|p2a: Conkeldurr|Conkeldurr, M, shiny|61/100 brn
|move|p1a: Gengar|Focus Blast|p2a: Conkeldurr|[miss]
|-miss|p1a: Gengar|p2a: Conkeldurr
|
|-damage|p2a: Conkeldurr|55/100 brn|[from] brn
|upkeep
|turn|37
|
|switch|p1a: Toxapex|Toxapex, F, shiny|67/100
|move|p2a: Conkeldurr|Facade|p1a: Toxapex
|-damage|p1a: Toxapex|20/100
|
|-damage|p2a: Conkeldurr|50/100 brn|[from] brn
|upkeep
|turn|38
|
|switch|p1a: Gengar|Gengar, F|100/100
|move|p2a: Conkeldurr|Knock Off|p1a: Gengar
|-supereffective|p1a: Gengar
|-damage|p1a: Gengar|0 fnt
|-enditem|p1a: Gengar|Choice Specs|[from] move: Knock Off|[of] p2a: Conkeldurr
|faint|p1a: Gengar
|
|-damage|p2a: Conkeldurr|44/100 brn|[from] brn
|upkeep
|-message|testotesto321 forfeited.
|
|win|PokeaimMBA
|l|☆testotesto321
||Ladder (probably) updated, but score could not be retrieved (Response not received).
