|raw|<div class="broadcast-blue"><strong>This battle is required to be public due to a player having a name starting with 'lt91bb'.</div>
|j|☆N30N3
|j|☆LT91BB MDB2
|t:|1659463619
|gametype|singles
|player|p1|N30N3|101|1986
|player|p2|LT91BB MDB2|102|1940
|teamsize|p1|6
|teamsize|p2|6
|gen|8
|tier|[Gen 8] OU
|rated|
|rule|Sleep Clause Mod: Limit one foe put to sleep
|rule|Species Clause: Limit one of each Pokémon
|rule|OHKO Clause: OHKO moves are banned
|rule|Evasion Moves Clause: Evasion moves are banned
|rule|Endless Battle Clause: Forcing endless battles is banned
|rule|HP Percentage Mod: HP is shown in percentages
|rule|Dynamax Clause: You cannot dynamax
|clearpoke
|poke|p1|Garchomp, F|
|poke|p1|Moltres-Galar|
|poke|p1|Melmetal|
|poke|p1|Urshifu-*, F|
|poke|p1|Rillaboom, F|
|poke|p1|Latias, F|
|poke|p2|Reuniclus, F|
|poke|p2|Heatran, F|
|poke|p2|Gastrodon, M|
|poke|p2|Tornadus-Therian, M|
|poke|p2|Rillaboom, F|
|poke|p2|Clefable, M|
|teampreview
|inactive|Battle timer is ON: inactive players will automatically lose when time's up. (requested by N30N3)
|j| LT91BB pop smoke
|j| wish killer
|j| LT91BB Tace
|j| Tctcycyc
|j| Trannos
|j| CM Reuniclus@!
|j| Santu
|j| SunTeamPupil
|j| vaguelone
|l| wish killer
|j| fiuu fiuu
|
|t:|1659463638
|start
|switch|p1a: Moltres|Moltres-Galar|100/100
|switch|p2a: Clefable|Clefable, M|100/100
|turn|1
|
|t:|1659463641
|switch|p1a: Melmetal|Melmetal|100/100
|move|p2a: Clefable|Thunder Wave|p1a: Melmetal
|-status|p1a: Melmetal|par
|
|upkeep
|turn|2
|l| LT91BB pop smoke
|
|t:|1659463651
|switch|p2a: Heatran|Heatran, F|100/100
|cant|p1a: Melmetal|par
|
|upkeep
|turn|3
|
|t:|1659463654
|switch|p1a: Garchomp|Garchomp, F|100/100
|move|p2a: Heatran|Stealth Rock|p1a: Garchomp
|-sidestart|p1: N30N3|move: Stealth Rock
|
|upkeep
|turn|4
|j| H.M.N.I.P
|
|t:|1659463661
|switch|p2a: Rillaboom|Rillaboom, F|100/100
|-fieldstart|move: Grassy Terrain|[from] ability: Grassy Surge|[of] p2a: Rillaboom
|move|p1a: Garchomp|Stealth Rock|p2a: Rillaboom
|-sidestart|p2: LT91BB MDB2|move: Stealth Rock
|
|upkeep
|turn|5
|
|t:|1659463664
|switch|p2a: Clefable|Clefable, M|100/100
|move|p1a: Garchomp|Dragon Tail|p2a: Clefable
|-immune|p2a: Clefable
|
|upkeep
|turn|6
|
|t:|1659463670
|switch|p1a: Melmetal|Melmetal|100/100 par
|-damage|p1a: Melmetal|94/100 par|[from] Stealth Rock
|switch|p2a: Rillaboom|Rillaboom, F|100/100
|-damage|p2a: Rillaboom|88/100|[from] Stealth Rock
|
|-heal|p2a: Rillaboom|94/100|[from] Grassy Terrain
|-heal|p2a: Rillaboom|100/100|[from] item: Leftovers
|-heal|p1a: Melmetal|100/100 par|[from] Grassy Terrain
|upkeep
|turn|7
|
|t:|1659463673
|move|p2a: Rillaboom|Knock Off|p1a: Melmetal
|-damage|p1a: Melmetal|82/100 par
|-enditem|p1a: Melmetal|Leftovers|[from] move: Knock Off|[of] p2a: Rillaboom
|cant|p1a: Melmetal|par
|
|-heal|p1a: Melmetal|88/100 par|[from] Grassy Terrain
|upkeep
|turn|8
|j| bros hope
|j| Cosette Schneider
|j| Venositile
|
|t:|1659463678
|switch|p2a: Heatran|Heatran, F|100/100
|-damage|p2a: Heatran|88/100|[from] Stealth Rock
|cant|p1a: Melmetal|par
|
|-heal|p2a: Heatran|94/100|[from] Grassy Terrain
|-heal|p2a: Heatran|100/100|[from] item: Leftovers
|-heal|p1a: Melmetal|94/100 par|[from] Grassy Terrain
|-fieldend|move: Grassy Terrain
|upkeep
|turn|9
|
|t:|1659463681
|switch|p1a: Garchomp|Garchomp, F|100/100
|-damage|p1a: Garchomp|94/100|[from] Stealth Rock
|move|p2a: Heatran|Lava Plume|p1a: Garchomp
|-resisted|p1a: Garchomp
|-damage|p1a: Garchomp|79/100
|
|upkeep
|turn|10
|
|t:|1659463686
|switch|p2a: Tornadus|Tornadus-Therian, M|100/100
|move|p1a: Garchomp|Earthquake|p2a: Tornadus
|-immune|p2a: Tornadus
|
|upkeep
|turn|11
|
|t:|1659463690
|move|p2a: Tornadus|Hurricane|p1a: Garchomp
|-damage|p1a: Garchomp|37/100
|move|p1a: Garchomp|Toxic|p2a: Tornadus
|-status|p2a: Tornadus|tox
|
|-damage|p2a: Tornadus|94/100 tox|[from] psn
|upkeep
|turn|12
|j| Fire and wrath
|
|t:|1659463695
|switch|p1a: Melmetal|Melmetal|94/100 par
|-damage|p1a: Melmetal|88/100 par|[from] Stealth Rock
|move|p2a: Tornadus|Hurricane|p1a: Melmetal
|-resisted|p1a: Melmetal
|-damage|p1a: Melmetal|75/100 par
|
|-damage|p2a: Tornadus|82/100 tox|[from] psn
|upkeep
|turn|13
|j| Lifeismyth
|
|t:|1659463702
|move|p2a: Tornadus|U-turn|p1a: Melmetal
|-resisted|p1a: Melmetal
|-damage|p1a: Melmetal|71/100 par
|j| ad Locke ツ
|
|t:|1659463704
|switch|p2a: Heatran|Heatran, F|100/100|[from]move: U-turn
|-damage|p2a: Heatran|88/100|[from] Stealth Rock
|move|p1a: Melmetal|Body Press|p2a: Heatran
|-supereffective|p2a: Heatran
|-damage|p2a: Heatran|56/100
|
|-heal|p2a: Heatran|63/100|[from] item: Leftovers
|upkeep
|turn|14
|
|t:|1659463708
|switch|p1a: Urshifu|Urshifu-Rapid-Strike, F|100/100
|-damage|p1a: Urshifu|94/100|[from] Stealth Rock
|move|p2a: Heatran|Lava Plume|p1a: Urshifu
|-resisted|p1a: Urshifu
|-damage|p1a: Urshifu|69/100
|
|-heal|p2a: Heatran|69/100|[from] item: Leftovers
|upkeep
|turn|15
|j| outz u
|
|t:|1659463714
|switch|p2a: Tornadus|Tornadus-Therian, M|100/100 tox
|move|p1a: Urshifu|U-turn|p2a: Tornadus
|-resisted|p2a: Tornadus
|-damage|p2a: Tornadus|87/100 tox
|
|t:|1659463718
|switch|p1a: Moltres|Moltres-Galar|100/100|[from]move: U-turn
|-damage|p1a: Moltres|76/100|[from] Stealth Rock
|
|-damage|p2a: Tornadus|81/100 tox|[from] psn
|upkeep
|turn|16
|j| irgendwasmitmeeem
|
|t:|1659463727
|move|p2a: Tornadus|U-turn|p1a: Moltres
|-damage|p1a: Moltres|60/100
|
|t:|1659463729
|switch|p2a: Clefable|Clefable, M|100/100|[from]move: U-turn
|move|p1a: Moltres|Nasty Plot|p1a: Moltres
|-boost|p1a: Moltres|spa|2
|
|upkeep
|turn|17
|
|t:|1659463730
|move|p1a: Moltres|Hurricane|p2a: Clefable
|-damage|p2a: Clefable|0 fnt
|faint|p2a: Clefable
|
|upkeep
|j| LT91BB rrm
|
|t:|1659463739
|switch|p2a: Tornadus|Tornadus-Therian, M|100/100 tox
|turn|18
|
|t:|1659463741
|move|p2a: Tornadus|Hurricane|p1a: Moltres
|-damage|p1a: Moltres|26/100
|-ability|p1a: Moltres|Berserk|boost
|-boost|p1a: Moltres|spa|1
|move|p1a: Moltres|Rest|p1a: Moltres
|-status|p1a: Moltres|slp|[from] move: Rest
|-heal|p1a: Moltres|100/100 slp|[silent]
|-enditem|p1a: Moltres|Chesto Berry|[eat]
|-curestatus|p1a: Moltres|slp|[msg]
|
|-damage|p2a: Tornadus|94/100 tox|[from] psn
|upkeep
|turn|19
|
|t:|1659463747
|move|p2a: Tornadus|Hurricane|p1a: Moltres
|-damage|p1a: Moltres|65/100
|move|p1a: Moltres|Fiery Wrath|p2a: Tornadus
|-damage|p2a: Tornadus|0 fnt
|faint|p2a: Tornadus
|
|upkeep
|
|t:|1659463751
|switch|p2a: Gastrodon|Gastrodon, M|100/100
|-damage|p2a: Gastrodon|94/100|[from] Stealth Rock
|turn|20
|
|t:|1659463753
|move|p1a: Moltres|Fiery Wrath|p2a: Gastrodon
|-damage|p2a: Gastrodon|24/100
|cant|p2a: Gastrodon|flinch
|
|-heal|p2a: Gastrodon|30/100|[from] item: Leftovers
|upkeep
|turn|21
|-message|LT91BB MDB2 forfeited.
|
|win|N30N3
|raw|N30N3's rating: 1986 &rarr; <strong>2003</strong><br />(+17 for winning)
|raw|LT91BB MDB2's rating: 1940 &rarr; <strong>1923</strong><br />(-17 for losing)
|l|☆LT91BB MDB2
|l| LT91BB Tace
|c|☆N30N3|Gg
|l| LT91BB rrm
|l| Tctcycyc
|l|☆N30N3
|l| irgendwasmitmeeem
|l| fiuu fiuu
|j| LT91BB ES
||Ladder isn't responding, score probably updated but might not have (Request timeout).
|j| fiuu fiuu
|n| LT91BB Empo|lt91bbempo
|l| ad Locke ツ
|l| CM Reuniclus
|l| vaguelone
|l| LT91BB Empo
|j| LT91BB Empo
|l| Santu
|l| Lifeismyth
|l| fiuu fiuu
|j| SACREDSERINITY
|l| H.M.N.I.P
|l| SACREDSERINITY
|j| CCLM
|l| Trannos
|j| LT91BB xray
|l| LT91BB Empo
|j| Rhymeee
|l| Rhymeee
|j| Master 8 Leon
|j| lt91bb mind
|l| lt91bb mind
|j| Plasmeek
|l| Venositile
|j| Isza
|l| Isza
|l| CCLM
|l| LT91BB xray
|l| Plasmeek
|j| LT91BB xray
|l| LT91BB xray
|l| Master 8 Leon
|j| Venositile
|l| Venositile
|j| SABELLA
|l| SABELLA
|j| agentflane
|l| Cosette Schneider
|j| LT91BB N
|l| LT91BB N
|j| LT91BB N
|l| LT91BB N
|n| LT91BB Int|broshope
|l| LT91BB ES
|l| LT91BB Int
|j| wish killer
|l| Fire and wrath
|j|+ATTRIBUTE
|l|+ATTRIBUTE
