|j|☆ElTester2000
|j|☆yeahnahyeahnahyeah
|player|p1|ElTester2000|126|1494
|player|p2|yeahnahyeahnahyeah|supernerd-gen1rb|1478
|teamsize|p1|6
|teamsize|p2|6
|gametype|singles
|gen|8
|tier|[Gen 8] OU
|rated|
|clearpoke
|poke|p1|Poliwrath, M|
|poke|p1|Pelipper, M|
|poke|p1|Kingdra, M|
|poke|p1|Ferrothorn, M|
|poke|p1|Barraskewda, M|
|poke|p1|Scizor, M|
|poke|p2|Marowak-Alola, F|
|poke|p2|Hydreigon, M|
|poke|p2|Urshifu-*, M|
|poke|p2|Hippowdon, M|
|poke|p2|Togekiss, M|
|poke|p2|Zeraora|
|rule|Sleep Clause Mod: Limit one foe put to sleep
|rule|Species Clause: Limit one of each Pokémon
|rule|OHKO Clause: OHKO moves are banned
|rule|Evasion Moves Clause: Evasion moves are banned
|rule|Endless Battle Clause: Forcing endless battles is banned
|rule|HP Percentage Mod: HP is shown in percentages
|rule|Dynamax Clause: You cannot dynamax
|teampreview
|inactive|Battle timer is ON: inactive players will automatically lose when time's up. (requested by ElTester2000)
|
|start
|switch|p1a: Sniper|Barraskewda, M|100/100
|switch|p2a: Hippowdon|Hippowdon, M|100/100
|-weather|Sandstorm|[from] ability: Sand Stream|[of] p2a: Hippowdon
|turn|1
|
|switch|p2a: Hydreigon|Hydreigon, M|100/100
|move|p1a: Sniper|Flip Turn|p2a: Hydreigon
|-resisted|p2a: Hydreigon
|-damage|p2a: Hydreigon|74/100
|
|switch|p1a: Pelikan|Pelipper, M|100/100|[from]move: Flip Turn
|-weather|RainDance|[from] ability: Drizzle|[of] p1a: Pelikan
|
|-weather|RainDance|[upkeep]
|upkeep
|turn|2
|
|switch|p1a: Cacharcas|Ferrothorn, M|100/100
|move|p2a: Hydreigon|U-turn|p1a: Cacharcas
|-damage|p1a: Cacharcas|92/100
|-damage|p2a: Hydreigon|61/100|[from] ability: Iron Barbs|[of] p1a: Cacharcas
|
|switch|p2a: Hippowdon|Hippowdon, M|100/100|[from]move: U-turn
|-weather|Sandstorm|[from] ability: Sand Stream|[of] p2a: Hippowdon
|
|-weather|Sandstorm|[upkeep]
|-heal|p1a: Cacharcas|99/100|[from] item: Leftovers
|upkeep
|turn|3
|
|switch|p1a: Pelikan|Pelipper, M|100/100
|-weather|RainDance|[from] ability: Drizzle|[of] p1a: Pelikan
|move|p2a: Hippowdon|Stealth Rock|p1a: Pelikan
|-sidestart|p1: ElTester2000|move: Stealth Rock
|
|-weather|RainDance|[upkeep]
|upkeep
|turn|4
|
|switch|p2a: Togekiss|Togekiss, M|100/100
|move|p1a: Pelikan|Defog|p2a: Togekiss
|-unboost|p2a: Togekiss|evasion|1
|-sideend|p1: ElTester2000|Stealth Rock|[from] move: Defog|[of] p1a: Pelikan
|
|-weather|RainDance|[upkeep]
|upkeep
|turn|5
|
|switch|p1a: X|Scizor, M|100/100
|move|p2a: Togekiss|Air Slash|p1a: X
|-damage|p1a: X|59/100
|
|-weather|RainDance|[upkeep]
|upkeep
|turn|6
|
|switch|p2a: Hippowdon|Hippowdon, M|100/100
|-weather|Sandstorm|[from] ability: Sand Stream|[of] p2a: Hippowdon
|move|p1a: X|Bullet Punch|p2a: Hippowdon
|-damage|p2a: Hippowdon|73/100
|-damage|p1a: X|42/100|[from] item: Rocky Helmet|[of] p2a: Hippowdon
|
|-weather|Sandstorm|[upkeep]
|upkeep
|turn|7
|
|switch|p1a: Pelikan|Pelipper, M|100/100
|-weather|RainDance|[from] ability: Drizzle|[of] p1a: Pelikan
|move|p2a: Hippowdon|Stealth Rock|p1a: Pelikan
|-sidestart|p1: ElTester2000|move: Stealth Rock
|
|-weather|RainDance|[upkeep]
|upkeep
|turn|8
|
|switch|p2a: Togekiss|Togekiss, M|100/100
|move|p1a: Pelikan|Defog|p2a: Togekiss
|-unboost|p2a: Togekiss|evasion|1
|-sideend|p1: ElTester2000|Stealth Rock|[from] move: Defog|[of] p1a: Pelikan
|
|-weather|RainDance|[upkeep]
|upkeep
|turn|9
|
|move|p2a: Togekiss|Air Slash|p1a: Pelikan
|-damage|p1a: Pelikan|49/100
|move|p1a: Pelikan|Scald|p2a: Togekiss
|-damage|p2a: Togekiss|68/100
|
|-weather|RainDance|[upkeep]
|upkeep
|turn|10
|
|switch|p1a: Cacharcas|Ferrothorn, M|99/100
|move|p2a: Togekiss|Air Slash|p1a: Cacharcas
|-damage|p1a: Cacharcas|68/100
|
|-weather|RainDance|[upkeep]
|-heal|p1a: Cacharcas|74/100|[from] item: Leftovers
|upkeep
|turn|11
|
|move|p2a: Togekiss|Air Slash|p1a: Cacharcas
|-damage|p1a: Cacharcas|40/100
|cant|p1a: Cacharcas|flinch
|
|-weather|RainDance|[upkeep]
|-heal|p1a: Cacharcas|46/100|[from] item: Leftovers
|upkeep
|turn|12
|
|move|p2a: Togekiss|Air Slash|p1a: Cacharcas
|-crit|p1a: Cacharcas
|-damage|p1a: Cacharcas|1/100
|cant|p1a: Cacharcas|flinch
|
|-weather|RainDance|[upkeep]
|-heal|p1a: Cacharcas|7/100|[from] item: Leftovers
|upkeep
|turn|13
|
|move|p2a: Togekiss|Air Slash|p1a: Cacharcas
|-damage|p1a: Cacharcas|0 fnt
|faint|p1a: Cacharcas
|
|-weather|RainDance|[upkeep]
|upkeep
|
|switch|p1a: Sniper|Barraskewda, M|100/100
|turn|14
|
|move|p1a: Sniper|Flip Turn|p2a: Togekiss
|-damage|p2a: Togekiss|0 fnt
|faint|p2a: Togekiss
|
|switch|p1a: Drake|Kingdra, M|100/100|[from]move: Flip Turn
|
|-weather|none
|upkeep
|
|switch|p2a: Urshifu|Urshifu, M|100/100
|turn|15
|
|move|p2a: Urshifu|Wicked Blow|p1a: Drake
|-crit|p1a: Drake
|-damage|p1a: Drake|0 fnt
|faint|p1a: Drake
|
|upkeep
|
|switch|p1a: Pelikan|Pelipper, M|49/100
|-weather|RainDance|[from] ability: Drizzle|[of] p1a: Pelikan
|turn|16
|
|switch|p1a: Buffo|Poliwrath, M|100/100
|move|p2a: Urshifu|Wicked Blow|p1a: Buffo
|-resisted|p1a: Buffo
|-crit|p1a: Buffo
|-damage|p1a: Buffo|53/100
|
|-weather|RainDance|[upkeep]
|upkeep
|turn|17
|
|switch|p2a: Marowak|Marowak-Alola, F|100/100
|move|p1a: Buffo|Belly Drum|p1a: Buffo
|-damage|p1a: Buffo|3/100
|-setboost|p1a: Buffo|atk|6|[from] move: Belly Drum
|-enditem|p1a: Buffo|Sitrus Berry|[eat]
|-heal|p1a: Buffo|28/100|[from] item: Sitrus Berry
|
|-weather|RainDance|[upkeep]
|upkeep
|turn|18
|
|move|p1a: Buffo|Liquidation|p2a: Marowak
|-supereffective|p2a: Marowak
|-damage|p2a: Marowak|0 fnt
|faint|p2a: Marowak
|
|-weather|RainDance|[upkeep]
|upkeep
|
|switch|p2a: Hippowdon|Hippowdon, M|73/100
|-weather|Sandstorm|[from] ability: Sand Stream|[of] p2a: Hippowdon
|turn|19
|
|switch|p2a: Hydreigon|Hydreigon, M|61/100
|move|p1a: Buffo|Close Combat|p2a: Hydreigon
|-supereffective|p2a: Hydreigon
|-damage|p2a: Hydreigon|0 fnt
|-unboost|p1a: Buffo|def|1
|-unboost|p1a: Buffo|spd|1
|faint|p2a: Hydreigon
|
|-weather|Sandstorm|[upkeep]
|-damage|p1a: Buffo|22/100|[from] Sandstorm
|upkeep
|
|switch|p2a: Urshifu|Urshifu, M|100/100
|turn|20
|
|switch|p1a: Pelikan|Pelipper, M|49/100
|-weather|RainDance|[from] ability: Drizzle|[of] p1a: Pelikan
|move|p2a: Urshifu|Sucker Punch||[still]
|-fail|p2a: Urshifu
|
|-weather|RainDance|[upkeep]
|upkeep
|turn|21
|
|switch|p2a: Hippowdon|Hippowdon, M|73/100
|-weather|Sandstorm|[from] ability: Sand Stream|[of] p2a: Hippowdon
|move|p1a: Pelikan|U-turn|p2a: Hippowdon
|-damage|p2a: Hippowdon|68/100
|-damage|p1a: Pelikan|33/100|[from] item: Rocky Helmet|[of] p2a: Hippowdon
|
|switch|p1a: Sniper|Barraskewda, M|100/100|[from]move: U-turn
|
|-weather|Sandstorm|[upkeep]
|-damage|p1a: Sniper|94/100|[from] Sandstorm
|upkeep
|turn|22
|
|move|p1a: Sniper|Flip Turn|p2a: Hippowdon
|-supereffective|p2a: Hippowdon
|-damage|p2a: Hippowdon|16/100
|-damage|p1a: Sniper|78/100|[from] item: Rocky Helmet|[of] p2a: Hippowdon
|
|switch|p1a: Pelikan|Pelipper, M|33/100|[from]move: Flip Turn
|-weather|RainDance|[from] ability: Drizzle|[of] p1a: Pelikan
|move|p2a: Hippowdon|Stealth Rock|p1a: Pelikan
|-sidestart|p1: ElTester2000|move: Stealth Rock
|
|-weather|RainDance|[upkeep]
|upkeep
|turn|23
|
|switch|p2a: Zeraora|Zeraora|100/100
|move|p1a: Pelikan|Defog|p2a: Zeraora
|-unboost|p2a: Zeraora|evasion|1
|-sideend|p1: ElTester2000|Stealth Rock|[from] move: Defog|[of] p1a: Pelikan
|
|-weather|RainDance|[upkeep]
|upkeep
|turn|24
|
|switch|p1a: X|Scizor, M|42/100
|move|p2a: Zeraora|Thunderbolt|p1a: X
|-damage|p1a: X|0 fnt
|faint|p1a: X
|
|-weather|RainDance|[upkeep]
|upkeep
|
|switch|p1a: Sniper|Barraskewda, M|78/100
|turn|25
|
|move|p1a: Sniper|Flip Turn|p2a: Zeraora
|-damage|p2a: Zeraora|0 fnt
|faint|p2a: Zeraora
|
|switch|p1a: Buffo|Poliwrath, M|22/100|[from]move: Flip Turn
|
|-weather|RainDance|[upkeep]
|upkeep
|
|switch|p2a: Urshifu|Urshifu, M|100/100
|turn|26
|
|move|p1a: Buffo|Close Combat|p2a: Urshifu
|-supereffective|p2a: Urshifu
|-damage|p2a: Urshifu|0 fnt
|-unboost|p1a: Buffo|def|1
|-unboost|p1a: Buffo|spd|1
|faint|p2a: Urshifu
|
|-weather|RainDance|[upkeep]
|upkeep
|-message|yeahnahyeahnahyeah forfeited.
|
|win|ElTester2000
|l|☆yeahnahyeahnahyeah
|raw|ElTester2000's rating: 1494 &rarr; <strong>1514</strong><br />(+20 for winning)
|raw|yeahnahyeahnahyeah's rating: 1498 &rarr; <strong>1478</strong><br />(-20 for losing)
