|j|☆lollokobra
|j|☆Maitredouard2
|t:|1643810820
|gametype|singles
|player|p1|lollokobra|blackbelt-gen4|1527
|player|p2|Maitredouard2|170|1594
|teamsize|p1|6
|teamsize|p2|6
|gen|8
|tier|[Gen 8] OU
|rated|
|rule|Sleep Clause Mod: Limit one foe put to sleep
|rule|Species Clause: Limit one of each Pokémon
|rule|OHKO Clause: OHKO moves are banned
|rule|Evasion Moves Clause: Evasion moves are banned
|rule|Endless Battle Clause: Forcing endless battles is banned
|rule|HP Percentage Mod: HP is shown in percentages
|rule|Dynamax Clause: You cannot dynamax
|clearpoke
|poke|p1|Machamp, F|
|poke|p1|Blastoise, M|
|poke|p1|Volcarona, F|
|poke|p1|Kommo-o, M|
|poke|p1|Melmetal|
|poke|p1|Rhyperior, F|
|poke|p2|Mandibuzz, F|
|poke|p2|Landorus-Therian, M|
|poke|p2|Blissey, F|
|poke|p2|Heatran, F|
|poke|p2|Toxapex, F|
|poke|p2|Dragapult, M|
|teampreview
|inactive|Battle timer is ON: inactive players will automatically lose when time's up. (requested by Maitredouard2)
|l|☆lollokobra
|inactive|lollokobra disconnected and has a minute to reconnect!
|player|p1|
|j|☆lollokobra
|inactive|lollokobra reconnected and has 125 seconds left.
|player|p1|lollokobra|blackbelt-gen4
|inactive|lollokobra has 120 seconds left.
|
|t:|1643810876
|start
|switch|p1a: Machamp|Machamp, F, shiny|100/100
|switch|p2a: Toxapex|Toxapex, F|100/100
|turn|1
|
|t:|1643810882
|move|p1a: Machamp|Knock Off|p2a: Toxapex
|-damage|p2a: Toxapex|78/100
|-damage|p1a: Machamp|84/100|[from] item: Rocky Helmet|[of] p2a: Toxapex
|-enditem|p2a: Toxapex|Rocky Helmet|[from] move: Knock Off|[of] p1a: Machamp
|move|p2a: Toxapex|Toxic|p1a: Machamp
|-status|p1a: Machamp|tox
|
|-damage|p1a: Machamp|78/100 tox|[from] psn
|upkeep
|turn|2
|
|t:|1643810892
|move|p1a: Machamp|Dynamic Punch|p2a: Toxapex
|-resisted|p2a: Toxapex
|-damage|p2a: Toxapex|60/100
|-start|p2a: Toxapex|confusion
|-activate|p2a: Toxapex|confusion
|move|p2a: Toxapex|Toxic|p1a: Machamp
|-fail|p1a: Machamp|tox
|
|-damage|p1a: Machamp|66/100 tox|[from] psn
|upkeep
|turn|3
|
|t:|1643810902
|move|p1a: Machamp|Stone Edge|p2a: Toxapex
|-damage|p2a: Toxapex|36/100
|-activate|p2a: Toxapex|confusion
|-damage|p2a: Toxapex|33/100|[from] confusion
|
|-damage|p1a: Machamp|48/100 tox|[from] psn
|upkeep
|turn|4
|
|t:|1643810911
|switch|p1a: Rhyperior|Rhyperior, F|100/100
|-end|p2a: Toxapex|confusion
|move|p2a: Toxapex|Recover|p2a: Toxapex
|-heal|p2a: Toxapex|83/100
|
|upkeep
|turn|5
|
|t:|1643810918
|move|p1a: Rhyperior|Fire Punch|p2a: Toxapex
|-resisted|p2a: Toxapex
|-damage|p2a: Toxapex|74/100
|move|p2a: Toxapex|Scald|p1a: Rhyperior
|-supereffective|p1a: Rhyperior
|-damage|p1a: Rhyperior|60/100
|
|upkeep
|turn|6
|
|t:|1643810926
|move|p1a: Rhyperior|Power-Up Punch|p2a: Toxapex
|-resisted|p2a: Toxapex
|-damage|p2a: Toxapex|69/100
|-boost|p1a: Rhyperior|atk|1
|move|p2a: Toxapex|Scald|p1a: Rhyperior
|-supereffective|p1a: Rhyperior
|-damage|p1a: Rhyperior|15/100
|
|upkeep
|turn|7
|
|t:|1643810935
|move|p1a: Rhyperior|Earthquake|p2a: Toxapex
|-supereffective|p2a: Toxapex
|-damage|p2a: Toxapex|0 fnt
|faint|p2a: Toxapex
|
|upkeep
|
|t:|1643810940
|switch|p2a: Heatran|Heatran, F|100/100
|-item|p2a: Heatran|Air Balloon
|turn|8
|
|t:|1643810945
|move|p2a: Heatran|Earth Power|p1a: Rhyperior
|-supereffective|p1a: Rhyperior
|-damage|p1a: Rhyperior|0 fnt
|faint|p1a: Rhyperior
|
|upkeep
|
|t:|1643810957
|switch|p1a: Blastoise|Blastoise, M|100/100
|turn|9
|
|t:|1643810962
|switch|p2a: Blissey|Blissey, F|100/100
|move|p1a: Blastoise|Shell Smash|p1a: Blastoise
|-unboost|p1a: Blastoise|def|1
|-unboost|p1a: Blastoise|spd|1
|-boost|p1a: Blastoise|atk|2
|-boost|p1a: Blastoise|spa|2
|-boost|p1a: Blastoise|spe|2
|-enditem|p1a: Blastoise|White Herb
|-clearnegativeboost|p1a: Blastoise|[silent]
|
|upkeep
|turn|10
|
|t:|1643810972
|move|p1a: Blastoise|Shell Smash|p1a: Blastoise
|-unboost|p1a: Blastoise|def|1
|-unboost|p1a: Blastoise|spd|1
|-boost|p1a: Blastoise|atk|2
|-boost|p1a: Blastoise|spa|2
|-boost|p1a: Blastoise|spe|2
|move|p2a: Blissey|Toxic|p1a: Blastoise
|-status|p1a: Blastoise|tox
|
|-damage|p1a: Blastoise|94/100 tox|[from] psn
|upkeep
|turn|11
|
|t:|1643810982
|move|p1a: Blastoise|Surf|p2a: Blissey
|-damage|p2a: Blissey|56/100
|move|p2a: Blissey|Seismic Toss|p1a: Blastoise
|-damage|p1a: Blastoise|61/100 tox
|
|-damage|p1a: Blastoise|49/100 tox|[from] psn
|upkeep
|turn|12
|
|t:|1643810992
|move|p1a: Blastoise|Surf|p2a: Blissey
|-damage|p2a: Blissey|13/100
|move|p2a: Blissey|Soft-Boiled|p2a: Blissey
|-heal|p2a: Blissey|63/100
|
|-damage|p1a: Blastoise|31/100 tox|[from] psn
|upkeep
|turn|13
|
|t:|1643811000
|move|p1a: Blastoise|Surf|p2a: Blissey
|-damage|p2a: Blissey|1/100
|move|p2a: Blissey|Soft-Boiled|p2a: Blissey
|-heal|p2a: Blissey|51/100
|
|-damage|p1a: Blastoise|7/100 tox|[from] psn
|upkeep
|turn|14
|
|t:|1643811009
|move|p1a: Blastoise|Surf|p2a: Blissey
|-damage|p2a: Blissey|0 fnt
|faint|p2a: Blissey
|
|-damage|p1a: Blastoise|0 fnt|[from] psn
|faint|p1a: Blastoise
|upkeep
|
|t:|1643811017
|switch|p1a: Machamp|Machamp, F, shiny|48/100 tox
|switch|p2a: Landorus|Landorus-Therian, M|100/100
|-ability|p2a: Landorus|Intimidate|boost
|-unboost|p1a: Machamp|atk|1
|turn|15
|
|t:|1643811027
|move|p2a: Landorus|Earthquake|p1a: Machamp
|-damage|p1a: Machamp|0 fnt
|faint|p1a: Machamp
|
|upkeep
|
|t:|1643811034
|switch|p1a: Melmetal|Melmetal|100/100
|turn|16
|
|t:|1643811041
|switch|p2a: Dragapult|Dragapult, M|100/100
|move|p1a: Melmetal|Ice Punch|p2a: Dragapult
|-supereffective|p2a: Dragapult
|-damage|p2a: Dragapult|0 fnt
|faint|p2a: Dragapult
|
|upkeep
|
|t:|1643811050
|switch|p2a: Heatran|Heatran, F|100/100
|-item|p2a: Heatran|Air Balloon
|turn|17
|
|t:|1643811058
|move|p2a: Heatran|Magma Storm|p1a: Melmetal|[miss]
|-miss|p2a: Heatran|p1a: Melmetal
|move|p1a: Melmetal|Double Iron Bash|p2a: Heatran
|-resisted|p2a: Heatran
|-damage|p2a: Heatran|91/100
|-enditem|p2a: Heatran|Air Balloon
|-resisted|p2a: Heatran
|-damage|p2a: Heatran|81/100
|-hitcount|p2a: Heatran|2
|
|upkeep
|turn|18
|
|t:|1643811068
|move|p2a: Heatran|Magma Storm|p1a: Melmetal
|-supereffective|p1a: Melmetal
|-damage|p1a: Melmetal|22/100
|-activate|p1a: Melmetal|move: Magma Storm|[of] p2a: Heatran
|move|p1a: Melmetal|Earthquake|p2a: Heatran
|-supereffective|p2a: Heatran
|-damage|p2a: Heatran|0 fnt
|faint|p2a: Heatran
|
|-end|p1a: Melmetal|Magma Storm|[partiallytrapped]|[silent]
|upkeep
|
|t:|1643811077
|switch|p2a: Landorus|Landorus-Therian, M|100/100
|-ability|p2a: Landorus|Intimidate|boost
|-unboost|p1a: Melmetal|atk|1
|turn|19
|
|t:|1643811084
|move|p2a: Landorus|Earthquake|p1a: Melmetal
|-supereffective|p1a: Melmetal
|-damage|p1a: Melmetal|0 fnt
|faint|p1a: Melmetal
|
|upkeep
|
|t:|1643811090
|switch|p1a: Volcarona|Volcarona, F|100/100
|turn|20
|
|t:|1643811094
|move|p2a: Landorus|Earthquake|p1a: Volcarona
|-damage|p1a: Volcarona|8/100
|move|p1a: Volcarona|Quiver Dance|p1a: Volcarona
|-boost|p1a: Volcarona|spa|1
|-boost|p1a: Volcarona|spd|1
|-boost|p1a: Volcarona|spe|1
|
|upkeep
|turn|21
|
|t:|1643811101
|move|p2a: Landorus|Earthquake|p1a: Volcarona
|-damage|p1a: Volcarona|0 fnt
|faint|p1a: Volcarona
|
|upkeep
|-message|lollokobra forfeited.
|
|win|Maitredouard2
|raw|lollokobra's rating: 1527 &rarr; <strong>1511</strong><br />(-16 for losing)
|raw|Maitredouard2's rating: 1594 &rarr; <strong>1610</strong><br />(+16 for winning)
|l|☆lollokobra
|l|☆Maitredouard2
