|j|☆Kikoobuster
|j|☆Alexis5000
|t:|1662862274
|gametype|singles
|player|p1|Kikoobuster|1|1465
|player|p2|Alexis5000|steven|1449
|teamsize|p1|6
|teamsize|p2|6
|gen|8
|tier|[Gen 8] OU
|rated|
|rule|Sleep Clause Mod: Limit one foe put to sleep
|rule|Species Clause: Limit one of each Pokémon
|rule|OHKO Clause: OHKO moves are banned
|rule|Evasion Items Clause: Evasion items are banned
|rule|Evasion Moves Clause: Evasion moves are banned
|rule|Endless Battle Clause: Forcing endless battles is banned
|rule|HP Percentage Mod: HP is shown in percentages
|rule|Dynamax Clause: You cannot dynamax
|clearpoke
|poke|p1|Landorus-Therian, M|
|poke|p1|Weavile, M|
|poke|p1|Slowbro, M|
|poke|p1|Urshifu-*, M|
|poke|p1|Tornadus-Therian, M|
|poke|p1|Dragapult, M|
|poke|p2|Metagross|
|poke|p2|Tapu Bulu|
|poke|p2|Tyranitar, M|
|poke|p2|Corviknight, F|
|poke|p2|Slowking-Galar, F|
|poke|p2|Dragonite, F|
|teampreview
|inactive|Battle timer is ON: inactive players will automatically lose when time's up. (requested by Kikoobuster)
|
|t:|1662862301
|start
|switch|p1a: Landorus|Landorus-Therian, M|100/100
|switch|p2a: Slowking|Slowking-Galar, F, shiny|100/100
|-ability|p1a: Landorus|Intimidate|boost
|-unboost|p2a: Slowking|atk|1
|turn|1
|
|t:|1662862305
|move|p1a: Landorus|Stealth Rock|p2a: Slowking
|-sidestart|p2: Alexis5000|move: Stealth Rock
|move|p2a: Slowking|Ice Beam|p1a: Landorus
|-supereffective|p1a: Landorus
|-damage|p1a: Landorus|0 fnt
|faint|p1a: Landorus
|
|upkeep
|
|t:|1662862308
|switch|p1a: Weavile|Weavile, M|100/100
|-ability|p1a: Weavile|Pressure
|turn|2
|
|t:|1662862317
|switch|p2a: Tapu Bulu|Tapu Bulu, shiny|100/100
|-damage|p2a: Tapu Bulu|88/100|[from] Stealth Rock
|-fieldstart|move: Grassy Terrain|[from] ability: Grassy Surge|[of] p2a: Tapu Bulu
|move|p1a: Weavile|Knock Off|p2a: Tapu Bulu
|-resisted|p2a: Tapu Bulu
|-damage|p2a: Tapu Bulu|73/100
|-enditem|p2a: Tapu Bulu|Leftovers|[from] move: Knock Off|[of] p1a: Weavile
|
|-heal|p2a: Tapu Bulu|79/100|[from] Grassy Terrain
|upkeep
|turn|3
|
|t:|1662862327
|move|p1a: Weavile|Triple Axel|p2a: Tapu Bulu
|-supereffective|p2a: Tapu Bulu
|-damage|p2a: Tapu Bulu|66/100
|-supereffective|p2a: Tapu Bulu
|-damage|p2a: Tapu Bulu|38/100
|-supereffective|p2a: Tapu Bulu
|-damage|p2a: Tapu Bulu|1/100
|-hitcount|p2a: Tapu Bulu|3
|move|p2a: Tapu Bulu|Close Combat|p1a: Weavile
|-supereffective|p1a: Weavile
|-crit|p1a: Weavile
|-damage|p1a: Weavile|0 fnt
|-unboost|p2a: Tapu Bulu|def|1
|-unboost|p2a: Tapu Bulu|spd|1
|faint|p1a: Weavile
|
|-heal|p2a: Tapu Bulu|7/100|[from] Grassy Terrain
|upkeep
|
|t:|1662862337
|switch|p1a: Dragapult|Dragapult, M|100/100
|turn|4
|
|t:|1662862345
|move|p1a: Dragapult|U-turn|p2a: Tapu Bulu
|-damage|p2a: Tapu Bulu|0 fnt
|faint|p2a: Tapu Bulu
|
|t:|1662862353
|switch|p1a: Slowbro|Slowbro, M|100/100|[from]move: U-turn
|
|upkeep
|
|t:|1662862363
|switch|p2a: Slowking|Slowking-Galar, F, shiny|100/100
|-damage|p2a: Slowking|88/100|[from] Stealth Rock
|turn|5
|
|t:|1662862366
|move|p2a: Slowking|Future Sight|p1a: Slowbro
|-start|p2a: Slowking|move: Future Sight
|move|p1a: Slowbro|Future Sight|p2a: Slowking
|-start|p1a: Slowbro|move: Future Sight
|
|-heal|p2a: Slowking|94/100|[from] Grassy Terrain
|upkeep
|turn|6
|
|t:|1662862372
|move|p2a: Slowking|Sludge Wave|p1a: Slowbro
|-damage|p1a: Slowbro|53/100
|move|p1a: Slowbro|Scald|p2a: Slowking
|-damage|p2a: Slowking|79/100
|-status|p2a: Slowking|brn
|
|-heal|p2a: Slowking|85/100 brn|[from] Grassy Terrain
|-heal|p1a: Slowbro|59/100|[from] Grassy Terrain
|-damage|p2a: Slowking|79/100 brn|[from] brn
|-fieldend|move: Grassy Terrain
|upkeep
|turn|7
|
|t:|1662862377
|move|p2a: Slowking|Sludge Wave|p1a: Slowbro
|-damage|p1a: Slowbro|10/100
|move|p1a: Slowbro|Slack Off|p1a: Slowbro
|-heal|p1a: Slowbro|60/100
|
|-end|p1a: Slowbro|move: Future Sight
|-resisted|p1a: Slowbro
|-damage|p1a: Slowbro|31/100
|-end|p2a: Slowking|move: Future Sight
|-damage|p2a: Slowking|58/100 brn
|-damage|p2a: Slowking|52/100 brn|[from] brn
|upkeep
|turn|8
|
|t:|1662862389
|move|p2a: Slowking|Future Sight|p1a: Slowbro
|-start|p2a: Slowking|move: Future Sight
|move|p1a: Slowbro|Future Sight|p2a: Slowking
|-start|p1a: Slowbro|move: Future Sight
|
|-damage|p2a: Slowking|45/100 brn|[from] brn
|upkeep
|turn|9
|
|t:|1662862392
|move|p2a: Slowking|Sludge Wave|p1a: Slowbro
|-damage|p1a: Slowbro|0 fnt
|faint|p1a: Slowbro
|
|-damage|p2a: Slowking|39/100 brn|[from] brn
|upkeep
|
|t:|1662862400
|switch|p1a: Tornadus|Tornadus-Therian, M|100/100
|turn|10
|
|t:|1662862404
|move|p1a: Tornadus|Knock Off|p2a: Slowking
|-supereffective|p2a: Slowking
|-damage|p2a: Slowking|0 fnt
|-enditem|p2a: Slowking|Assault Vest|[from] move: Knock Off|[of] p1a: Tornadus
|faint|p2a: Slowking
|
|-end|p1a: Tornadus|move: Future Sight
|-damage|p1a: Tornadus|40/100
|-hint|Future Sight did not hit because the target is fainted.
|upkeep
|
|t:|1662862423
|switch|p2a: Dragonite|Dragonite, F, shiny|100/100
|turn|11
|
|t:|1662862428
|move|p1a: Tornadus|Knock Off|p2a: Dragonite
|-damage|p2a: Dragonite|89/100
|-enditem|p2a: Dragonite|Heavy-Duty Boots|[from] move: Knock Off|[of] p1a: Tornadus
|move|p2a: Dragonite|Dragon Dance|p2a: Dragonite
|-boost|p2a: Dragonite|atk|1
|-boost|p2a: Dragonite|spe|1
|
|upkeep
|turn|12
|
|t:|1662862434
|move|p2a: Dragonite|Dragon Dance|p2a: Dragonite
|-boost|p2a: Dragonite|atk|1
|-boost|p2a: Dragonite|spe|1
|move|p1a: Tornadus|Hurricane|p2a: Dragonite|[miss]
|-miss|p1a: Tornadus|p2a: Dragonite
|
|upkeep
|turn|13
|
|t:|1662862442
|move|p2a: Dragonite|Fire Punch|p1a: Tornadus
|-damage|p1a: Tornadus|0 fnt
|faint|p1a: Tornadus
|
|upkeep
|
|t:|1662862448
|switch|p1a: Dragapult|Dragapult, M|100/100
|turn|14
|
|t:|1662862453
|move|p1a: Dragapult|Dragon Darts|p2a: Dragonite
|-supereffective|p2a: Dragonite
|-damage|p2a: Dragonite|37/100
|-anim|p1a: Dragapult|Dragon Darts|p2a: Dragonite
|-supereffective|p2a: Dragonite
|-damage|p2a: Dragonite|0 fnt
|faint|p2a: Dragonite
|
|upkeep
|
|t:|1662862463
|switch|p2a: Metagross|Metagross|100/100
|-damage|p2a: Metagross|95/100|[from] Stealth Rock
|turn|15
|
|t:|1662862483
|move|p1a: Dragapult|Dragon Darts|p2a: Metagross
|-resisted|p2a: Metagross
|-damage|p2a: Metagross|84/100
|-anim|p1a: Dragapult|Dragon Darts|p2a: Metagross
|-resisted|p2a: Metagross
|-damage|p2a: Metagross|73/100
|move|p2a: Metagross|Meteor Mash|p1a: Dragapult
|-damage|p1a: Dragapult|33/100
|
|upkeep
|turn|16
|
|t:|1662862487
|move|p1a: Dragapult|Dragon Darts|p2a: Metagross
|-resisted|p2a: Metagross
|-damage|p2a: Metagross|62/100
|-anim|p1a: Dragapult|Dragon Darts|p2a: Metagross
|-resisted|p2a: Metagross
|-damage|p2a: Metagross|51/100
|move|p2a: Metagross|Meteor Mash|p1a: Dragapult
|-damage|p1a: Dragapult|0 fnt
|-boost|p2a: Metagross|atk|1
|faint|p1a: Dragapult
|
|upkeep
|
|t:|1662862492
|switch|p1a: Urshifu|Urshifu-Rapid-Strike, M|100/100
|turn|17
|
|t:|1662862495
|move|p1a: Urshifu|Bulk Up|p1a: Urshifu
|-boost|p1a: Urshifu|atk|1
|-boost|p1a: Urshifu|def|1
|move|p2a: Metagross|Thunder Punch|p1a: Urshifu
|-supereffective|p1a: Urshifu
|-damage|p1a: Urshifu|46/100
|
|upkeep
|turn|18
|
|t:|1662862503
|move|p1a: Urshifu|Surging Strikes|p2a: Metagross
|-crit|p2a: Metagross
|-damage|p2a: Metagross|25/100
|-crit|p2a: Metagross
|-damage|p2a: Metagross|0 fnt
|faint|p2a: Metagross
|-hitcount|p2: Metagross|2
|
|upkeep
|
|t:|1662862505
|switch|p2a: Corviknight|Corviknight, F|100/100
|-damage|p2a: Corviknight|88/100|[from] Stealth Rock
|-ability|p2a: Corviknight|Pressure
|turn|19
|
|t:|1662862523
|switch|p2a: Tyranitar|Tyranitar, M, shiny|100/100
|-damage|p2a: Tyranitar|88/100|[from] Stealth Rock
|-weather|Sandstorm|[from] ability: Sand Stream|[of] p2a: Tyranitar
|move|p1a: Urshifu|Thunder Punch|p2a: Tyranitar
|-damage|p2a: Tyranitar|59/100
|
|-weather|Sandstorm|[upkeep]
|-damage|p1a: Urshifu|40/100|[from] Sandstorm
|-heal|p2a: Tyranitar|65/100|[from] item: Leftovers
|upkeep
|turn|20
|
|t:|1662862530
|move|p1a: Urshifu|Bulk Up|p1a: Urshifu
|-boost|p1a: Urshifu|atk|1
|-boost|p1a: Urshifu|def|1
|move|p2a: Tyranitar|Counter||[still]
|-fail|p2a: Tyranitar
|
|-weather|Sandstorm|[upkeep]
|-damage|p1a: Urshifu|34/100|[from] Sandstorm
|-heal|p2a: Tyranitar|71/100|[from] item: Leftovers
|upkeep
|turn|21
|
|t:|1662862537
|move|p1a: Urshifu|Close Combat|p2a: Tyranitar
|-supereffective|p2a: Tyranitar
|-damage|p2a: Tyranitar|0 fnt
|-unboost|p1a: Urshifu|def|1
|-unboost|p1a: Urshifu|spd|1
|faint|p2a: Tyranitar
|
|-weather|Sandstorm|[upkeep]
|-damage|p1a: Urshifu|27/100|[from] Sandstorm
|upkeep
|
|t:|1662862540
|switch|p2a: Corviknight|Corviknight, F|88/100
|-damage|p2a: Corviknight|75/100|[from] Stealth Rock
|-ability|p2a: Corviknight|Pressure
|turn|22
|
|t:|1662862543
|move|p1a: Urshifu|Thunder Punch|p2a: Corviknight
|-supereffective|p2a: Corviknight
|-damage|p2a: Corviknight|1/100
|move|p2a: Corviknight|Body Press|p1a: Urshifu
|-damage|p1a: Urshifu|13/100
|
|-weather|Sandstorm|[upkeep]
|-damage|p1a: Urshifu|7/100|[from] Sandstorm
|-heal|p2a: Corviknight|8/100|[from] item: Leftovers
|upkeep
|turn|23
|
|t:|1662862549
|move|p1a: Urshifu|Surging Strikes|p2a: Corviknight
|-crit|p2a: Corviknight
|-damage|p2a: Corviknight|0 fnt
|faint|p2a: Corviknight
|-hitcount|p2: Corviknight|1
|
|win|Kikoobuster
|raw|Kikoobuster's rating: 1465 &rarr; <strong>1484</strong><br />(+19 for winning)
|raw|Alexis5000's rating: 1449 &rarr; <strong>1430</strong><br />(-19 for losing)
