|j|☆blah11111wow
|j|☆Wheezer
|t:|1649647510
|gametype|singles
|player|p1|blah11111wow|pokemaniac|1686
|player|p2|Wheezer|petrel|1693
|teamsize|p1|6
|teamsize|p2|6
|gen|8
|tier|[Gen 8] OU
|rated|
|rule|Sleep Clause Mod: Limit one foe put to sleep
|rule|Species Clause: Limit one of each Pokémon
|rule|OHKO Clause: OHKO moves are banned
|rule|Evasion Moves Clause: Evasion moves are banned
|rule|Endless Battle Clause: Forcing endless battles is banned
|rule|HP Percentage Mod: HP is shown in percentages
|rule|Dynamax Clause: You cannot dynamax
|clearpoke
|poke|p1|Tyranitar, M|
|poke|p1|Amoonguss, M|
|poke|p1|Volcarona, F|
|poke|p1|Corviknight, F|
|poke|p1|Dragapult, M|
|poke|p1|Azumarill, M|
|poke|p2|Toxapex, F|
|poke|p2|Skarmory, M|
|poke|p2|Hippowdon, F|
|poke|p2|Suicune|
|poke|p2|Celesteela|
|poke|p2|Heatran, F|
|teampreview
|inactive|Battle timer is ON: inactive players will automatically lose when time's up. (requested by blah11111wow)
|j| DA COME UP ♛
|c|☆blah11111wow|https://www.youtube.com/watch?v=7jgTQkRVOMM
|j| maimslap
|c|☆blah11111wow|https://www.youtube.com/watch?v=7jgTQkRVOMM
|inactive|Wheezer has 120 seconds left.
|
|t:|1649647549
|start
|switch|p1a: melee cannon|Dragapult, M|100/100
|switch|p2a: Toxapex|Toxapex, F|100/100
|turn|1
|j| Kyurem
|j| unluckynogood
|j| Kwaga
|c|☆blah11111wow|https://www.youtube.com/watch?v=7jgTQkRVOMM
|
|t:|1649647569
|move|p1a: melee cannon|Thunderbolt|p2a: Toxapex
|-supereffective|p2a: Toxapex
|-damage|p2a: Toxapex|25/100
|move|p2a: Toxapex|Knock Off|p1a: melee cannon
|-supereffective|p1a: melee cannon
|-damage|p1a: melee cannon|64/100
|-enditem|p1a: melee cannon|Choice Specs|[from] move: Knock Off|[of] p2a: Toxapex
|
|upkeep
|turn|2
|l| unluckynogood
|
|t:|1649647575
|switch|p2a: Hippowdon|Hippowdon, F|100/100
|-weather|Sandstorm|[from] ability: Sand Stream|[of] p2a: Hippowdon
|move|p1a: melee cannon|Shadow Ball|p2a: Hippowdon
|-damage|p2a: Hippowdon|60/100
|
|-weather|Sandstorm|[upkeep]
|-damage|p1a: melee cannon|58/100|[from] Sandstorm
|-heal|p2a: Hippowdon|66/100|[from] item: Leftovers
|upkeep
|turn|3
|j| unluckynogood
|
|t:|1649647579
|move|p1a: melee cannon|Shadow Ball|p2a: Hippowdon
|-damage|p2a: Hippowdon|25/100
|move|p2a: Hippowdon|Slack Off|p2a: Hippowdon
|-heal|p2a: Hippowdon|75/100
|
|-weather|Sandstorm|[upkeep]
|-damage|p1a: melee cannon|52/100|[from] Sandstorm
|-heal|p2a: Hippowdon|81/100|[from] item: Leftovers
|upkeep
|turn|4
|
|t:|1649647582
|move|p1a: melee cannon|Shadow Ball|p2a: Hippowdon
|-damage|p2a: Hippowdon|43/100
|-unboost|p2a: Hippowdon|spd|1
|move|p2a: Hippowdon|Earthquake|p1a: melee cannon
|-damage|p1a: melee cannon|0 fnt
|faint|p1a: melee cannon
|
|-weather|Sandstorm|[upkeep]
|-heal|p2a: Hippowdon|49/100|[from] item: Leftovers
|upkeep
|
|t:|1649647585
|switch|p1a: the thing i hate|Volcarona, F|100/100
|turn|5
|
|t:|1649647589
|switch|p1a: buddy rich|Azumarill, M|100/100
|switch|p2a: Heatran|Heatran, F|100/100
|
|-weather|Sandstorm|[upkeep]
|-damage|p1a: buddy rich|94/100|[from] Sandstorm
|upkeep
|turn|6
|
|t:|1649647591
|move|p2a: Heatran|Taunt|p1a: buddy rich
|-start|p1a: buddy rich|move: Taunt
|cant|p1a: buddy rich|move: Taunt|Belly Drum
|
|-weather|none
|upkeep
|turn|7
|
|t:|1649647597
|switch|p2a: Toxapex|Toxapex, F|58/100
|switch|p1a: no spore|Amoonguss, M|100/100
|
|upkeep
|turn|8
|
|t:|1649647601
|move|p2a: Toxapex|Knock Off|p1a: no spore
|-damage|p1a: no spore|91/100
|-damage|p2a: Toxapex|42/100|[from] item: Rocky Helmet|[of] p1a: no spore
|-enditem|p1a: no spore|Rocky Helmet|[from] move: Knock Off|[of] p2a: Toxapex
|move|p1a: no spore|Spore|p2a: Toxapex
|-status|p2a: Toxapex|slp|[from] move: Spore
|
|upkeep
|turn|9
|
|t:|1649647604
|switch|p2a: Heatran|Heatran, F|100/100
|switch|p1a: buddy rich|Azumarill, M|94/100
|
|upkeep
|turn|10
|
|t:|1649647611
|switch|p2a: Skarmory|Skarmory, M|100/100
|move|p1a: buddy rich|Belly Drum|p1a: buddy rich
|-damage|p1a: buddy rich|44/100
|-setboost|p1a: buddy rich|atk|6|[from] move: Belly Drum
|-enditem|p1a: buddy rich|Sitrus Berry|[eat]
|-heal|p1a: buddy rich|69/100|[from] item: Sitrus Berry
|
|upkeep
|turn|11
|
|t:|1649647614
|move|p1a: buddy rich|Knock Off|p2a: Skarmory
|-damage|p2a: Skarmory|8/100
|-enditem|p2a: Skarmory|Shed Shell|[from] move: Knock Off|[of] p1a: buddy rich
|move|p2a: Skarmory|Toxic|p1a: buddy rich
|-status|p1a: buddy rich|tox
|
|-damage|p1a: buddy rich|63/100 tox|[from] psn
|upkeep
|turn|12
|
|t:|1649647619
|switch|p2a: Toxapex|Toxapex, F|75/100 slp
|move|p1a: buddy rich|Knock Off|p2a: Toxapex
|-damage|p2a: Toxapex|0 fnt
|-damage|p1a: buddy rich|46/100 tox|[from] item: Rocky Helmet|[of] p2a: Toxapex
|-enditem|p2a: Toxapex|Rocky Helmet|[from] move: Knock Off|[of] p1a: buddy rich
|faint|p2a: Toxapex
|
|-damage|p1a: buddy rich|34/100 tox|[from] psn
|upkeep
|
|t:|1649647623
|switch|p2a: Suicune|Suicune|100/100
|-ability|p2a: Suicune|Pressure
|turn|13
|
|t:|1649647624
|move|p2a: Suicune|Protect|p2a: Suicune
|-singleturn|p2a: Suicune|Protect
|move|p1a: buddy rich|Knock Off|p2a: Suicune
|-activate|p2a: Suicune|move: Protect
|
|-damage|p1a: buddy rich|16/100 tox|[from] psn
|upkeep
|turn|14
|
|t:|1649647627
|move|p2a: Suicune|Substitute|p2a: Suicune
|-start|p2a: Suicune|Substitute
|-damage|p2a: Suicune|75/100
|move|p1a: buddy rich|Knock Off|p2a: Suicune
|-end|p2a: Suicune|Substitute
|
|-heal|p2a: Suicune|82/100|[from] item: Leftovers
|-damage|p1a: buddy rich|0 fnt|[from] psn
|faint|p1a: buddy rich
|upkeep
|
|t:|1649647629
|switch|p1a: the thing i hate|Volcarona, F|100/100
|turn|15
|
|t:|1649647636
|switch|p2a: Heatran|Heatran, F|100/100
|move|p1a: the thing i hate|Bug Buzz|p2a: Heatran
|-resisted|p2a: Heatran
|-damage|p2a: Heatran|88/100
|
|-heal|p2a: Heatran|94/100|[from] item: Leftovers
|upkeep
|turn|16
|
|t:|1649647638
|switch|p1a: tim the tyranitar|Tyranitar, M|100/100
|-weather|Sandstorm|[from] ability: Sand Stream|[of] p1a: tim the tyranitar
|move|p2a: Heatran|Taunt|p1a: tim the tyranitar
|-start|p1a: tim the tyranitar|move: Taunt
|
|-weather|Sandstorm|[upkeep]
|-heal|p2a: Heatran|99/100|[from] item: Leftovers
|upkeep
|turn|17
|j| LVNT
|
|t:|1649647642
|switch|p2a: Skarmory|Skarmory, M|8/100
|move|p1a: tim the tyranitar|Rock Blast|p2a: Skarmory
|-damage|p2a: Skarmory|1/100
|-damage|p2a: Skarmory|0 fnt
|faint|p2a: Skarmory
|-hitcount|p2: Skarmory|2
|
|-weather|Sandstorm|[upkeep]
|upkeep
|c|☆blah11111wow|https://www.youtube.com/watch?v=7jgTQkRVOMM
|
|t:|1649647669
|switch|p2a: Hippowdon|Hippowdon, F|49/100
|turn|18
|
|t:|1649647679
|switch|p1a: the thing i hate|Volcarona, F|100/100
|move|p2a: Hippowdon|Slack Off|p2a: Hippowdon
|-heal|p2a: Hippowdon|99/100
|
|-weather|Sandstorm|[upkeep]
|-damage|p1a: the thing i hate|94/100|[from] Sandstorm
|-heal|p2a: Hippowdon|100/100|[from] item: Leftovers
|upkeep
|turn|19
|
|t:|1649647686
|move|p1a: the thing i hate|Bug Buzz|p2a: Hippowdon
|-damage|p2a: Hippowdon|53/100
|move|p2a: Hippowdon|Whirlwind|p1a: the thing i hate
|drag|p1a: tim the tyranitar|Tyranitar, M|100/100
|
|-weather|Sandstorm|[upkeep]
|-heal|p2a: Hippowdon|60/100|[from] item: Leftovers
|upkeep
|turn|20
|l| maimslap
|
|t:|1649647690
|move|p1a: tim the tyranitar|Stealth Rock|p2a: Hippowdon
|-sidestart|p2: Wheezer|move: Stealth Rock
|move|p2a: Hippowdon|Slack Off|p2a: Hippowdon
|-heal|p2a: Hippowdon|100/100
|
|-weather|none
|upkeep
|turn|21
|
|t:|1649647696
|switch|p1a: no spore|Amoonguss, M|100/100
|move|p2a: Hippowdon|Stealth Rock|p1a: no spore
|-sidestart|p1: blah11111wow|move: Stealth Rock
|
|upkeep
|turn|22
|
|t:|1649647703
|move|p2a: Hippowdon|Earthquake|p1a: no spore
|-crit|p1a: no spore
|-damage|p1a: no spore|52/100
|move|p1a: no spore|Spore|p2a: Hippowdon
|-status|p2a: Hippowdon|slp|[from] move: Spore
|
|upkeep
|turn|23
|
|t:|1649647709
|switch|p2a: Heatran|Heatran, F|99/100
|-damage|p2a: Heatran|88/100|[from] Stealth Rock
|move|p1a: no spore|Giga Drain|p2a: Heatran
|-resisted|p2a: Heatran
|-damage|p2a: Heatran|83/100
|-heal|p1a: no spore|54/100|[from] drain|[of] p2a: Heatran
|
|-heal|p2a: Heatran|89/100|[from] item: Leftovers
|upkeep
|turn|24
|
|t:|1649647712
|switch|p1a: tim the tyranitar|Tyranitar, M|100/100
|-damage|p1a: tim the tyranitar|88/100|[from] Stealth Rock
|-weather|Sandstorm|[from] ability: Sand Stream|[of] p1a: tim the tyranitar
|move|p2a: Heatran|Magma Storm|p1a: tim the tyranitar
|-resisted|p1a: tim the tyranitar
|-damage|p1a: tim the tyranitar|77/100
|-activate|p1a: tim the tyranitar|move: Magma Storm|[of] p2a: Heatran
|
|-weather|Sandstorm|[upkeep]
|-heal|p2a: Heatran|95/100|[from] item: Leftovers
|-heal|p1a: tim the tyranitar|83/100|[from] item: Leftovers
|-damage|p1a: tim the tyranitar|71/100|[from] move: Magma Storm|[partiallytrapped]
|upkeep
|turn|25
|
|t:|1649647715
|switch|p2a: Celesteela|Celesteela|100/100
|-damage|p2a: Celesteela|88/100|[from] Stealth Rock
|move|p1a: tim the tyranitar|Rock Blast|p2a: Celesteela
|-damage|p2a: Celesteela|78/100
|-damage|p2a: Celesteela|69/100
|-damage|p2a: Celesteela|59/100
|-hitcount|p2a: Celesteela|3
|
|-weather|Sandstorm|[upkeep]
|-heal|p1a: tim the tyranitar|77/100|[from] item: Leftovers
|-heal|p2a: Celesteela|65/100|[from] item: Leftovers
|-end|p1a: tim the tyranitar|Magma Storm|[partiallytrapped]|[silent]
|upkeep
|turn|26
|
|t:|1649647719
|move|p1a: tim the tyranitar|Thunder Wave|p2a: Celesteela
|-status|p2a: Celesteela|par
|cant|p2a: Celesteela|par
|
|-weather|Sandstorm|[upkeep]
|-heal|p1a: tim the tyranitar|83/100|[from] item: Leftovers
|-heal|p2a: Celesteela|71/100 par|[from] item: Leftovers
|upkeep
|turn|27
|
|t:|1649647723
|switch|p1a: metal birb|Corviknight, F|100/100
|-damage|p1a: metal birb|88/100|[from] Stealth Rock
|-ability|p1a: metal birb|Pressure
|move|p2a: Celesteela|Heavy Slam|p1a: metal birb
|-resisted|p1a: metal birb
|-damage|p1a: metal birb|75/100
|-damage|p2a: Celesteela|55/100 par|[from] item: Rocky Helmet|[of] p1a: metal birb
|
|-weather|Sandstorm|[upkeep]
|-heal|p2a: Celesteela|61/100 par|[from] item: Leftovers
|upkeep
|turn|28
|
|t:|1649647725
|move|p1a: metal birb|Defog|p2a: Celesteela
|-unboost|p2a: Celesteela|evasion|1
|-sideend|p2: Wheezer|Stealth Rock|[from] move: Defog|[of] p1a: metal birb
|-sideend|p1: blah11111wow|Stealth Rock|[from] move: Defog|[of] p1a: metal birb
|cant|p2a: Celesteela|par
|
|-weather|none
|-heal|p2a: Celesteela|67/100 par|[from] item: Leftovers
|upkeep
|turn|29
|
|t:|1649647727
|move|p1a: metal birb|Body Press|p2a: Celesteela
|-damage|p2a: Celesteela|47/100 par
|cant|p2a: Celesteela|par
|
|-heal|p2a: Celesteela|53/100 par|[from] item: Leftovers
|upkeep
|turn|30
|
|t:|1649647730
|cant|p2a: Celesteela|par
|move|p1a: metal birb|Body Press|p2a: Celesteela
|-crit|p2a: Celesteela
|-damage|p2a: Celesteela|23/100 par
|
|-heal|p2a: Celesteela|29/100 par|[from] item: Leftovers
|upkeep
|turn|31
|c|☆Wheezer|k
|
|t:|1649647735
|switch|p2a: Suicune|Suicune|82/100
|-ability|p2a: Suicune|Pressure
|move|p1a: metal birb|Body Press|p2a: Suicune
|-damage|p2a: Suicune|65/100
|
|-heal|p2a: Suicune|71/100|[from] item: Leftovers
|upkeep
|turn|32
|
|t:|1649647737
|switch|p1a: the thing i hate|Volcarona, F|94/100
|move|p2a: Suicune|Substitute|p2a: Suicune
|-start|p2a: Suicune|Substitute
|-damage|p2a: Suicune|46/100
|
|-heal|p2a: Suicune|52/100|[from] item: Leftovers
|upkeep
|turn|33
|
|t:|1649647741
|move|p2a: Suicune|Protect|p2a: Suicune
|-singleturn|p2a: Suicune|Protect
|move|p1a: the thing i hate|Quiver Dance|p1a: the thing i hate
|-boost|p1a: the thing i hate|spa|1
|-boost|p1a: the thing i hate|spd|1
|-boost|p1a: the thing i hate|spe|1
|
|-heal|p2a: Suicune|58/100|[from] item: Leftovers
|upkeep
|turn|34
|
|t:|1649647743
|switch|p2a: Heatran|Heatran, F|95/100
|move|p1a: the thing i hate|Bug Buzz|p2a: Heatran
|-resisted|p2a: Heatran
|-damage|p2a: Heatran|77/100
|-unboost|p2a: Heatran|spd|1
|
|-heal|p2a: Heatran|83/100|[from] item: Leftovers
|upkeep
|turn|35
|
|t:|1649647746
|move|p1a: the thing i hate|Psychic|p2a: Heatran
|-resisted|p2a: Heatran
|-damage|p2a: Heatran|50/100
|move|p2a: Heatran|Magma Storm|p1a: the thing i hate
|-crit|p1a: the thing i hate
|-damage|p1a: the thing i hate|9/100
|-activate|p1a: the thing i hate|move: Magma Storm|[of] p2a: Heatran
|
|-heal|p2a: Heatran|56/100|[from] item: Leftovers
|-damage|p1a: the thing i hate|0 fnt|[from] move: Magma Storm|[partiallytrapped]
|faint|p1a: the thing i hate
|upkeep
|
|t:|1649647750
|switch|p1a: tim the tyranitar|Tyranitar, M|83/100
|-weather|Sandstorm|[from] ability: Sand Stream|[of] p1a: tim the tyranitar
|turn|36
|c|☆blah11111wow|k
|
|t:|1649647754
|switch|p2a: Celesteela|Celesteela|29/100 par
|move|p1a: tim the tyranitar|Earthquake|p2a: Celesteela
|-immune|p2a: Celesteela
|
|-weather|Sandstorm|[upkeep]
|-heal|p1a: tim the tyranitar|89/100|[from] item: Leftovers
|-heal|p2a: Celesteela|35/100 par|[from] item: Leftovers
|upkeep
|turn|37
|
|t:|1649647756
|move|p1a: tim the tyranitar|Rock Blast|p2a: Celesteela
|-damage|p2a: Celesteela|25/100 par
|-damage|p2a: Celesteela|16/100 par
|-hitcount|p2a: Celesteela|2
|cant|p2a: Celesteela|par
|
|-weather|Sandstorm|[upkeep]
|-heal|p1a: tim the tyranitar|96/100|[from] item: Leftovers
|-heal|p2a: Celesteela|22/100 par|[from] item: Leftovers
|upkeep
|turn|38
|
|t:|1649647761
|move|p1a: tim the tyranitar|Rock Blast|p2a: Celesteela
|-damage|p2a: Celesteela|14/100 par
|-damage|p2a: Celesteela|5/100 par
|-hitcount|p2a: Celesteela|2
|move|p2a: Celesteela|Leech Seed|p1a: tim the tyranitar
|-start|p1a: tim the tyranitar|move: Leech Seed
|
|-weather|Sandstorm|[upkeep]
|-heal|p1a: tim the tyranitar|100/100|[from] item: Leftovers
|-heal|p2a: Celesteela|11/100 par|[from] item: Leftovers
|-damage|p1a: tim the tyranitar|88/100|[from] Leech Seed|[of] p2a: Celesteela
|-heal|p2a: Celesteela|24/100 par|[silent]
|upkeep
|turn|39
|l| DA COME UP ♛
|c| Kwaga|k
|
|t:|1649647769
|switch|p1a: no spore|Amoonguss, M|88/100
|switch|p2a: Hippowdon|Hippowdon, F|100/100 slp
|
|-weather|Sandstorm|[upkeep]
|-damage|p1a: no spore|81/100|[from] Sandstorm
|upkeep
|turn|40
|j| Fansly
|
|t:|1649647773
|switch|p2a: Heatran|Heatran, F|56/100
|move|p1a: no spore|Giga Drain|p2a: Heatran
|-resisted|p2a: Heatran
|-damage|p2a: Heatran|51/100
|-heal|p1a: no spore|84/100|[from] drain|[of] p2a: Heatran
|
|-weather|none
|-heal|p2a: Heatran|57/100|[from] item: Leftovers
|upkeep
|turn|41
|c|☆blah11111wow|https://www.youtube.com/watch?v=7jgTQkRVOMM
|
|t:|1649647783
|switch|p1a: tim the tyranitar|Tyranitar, M|88/100
|-weather|Sandstorm|[from] ability: Sand Stream|[of] p1a: tim the tyranitar
|move|p2a: Heatran|Stealth Rock|p1a: tim the tyranitar
|-sidestart|p1: blah11111wow|move: Stealth Rock
|
|-weather|Sandstorm|[upkeep]
|-heal|p2a: Heatran|63/100|[from] item: Leftovers
|-heal|p1a: tim the tyranitar|94/100|[from] item: Leftovers
|upkeep
|turn|42
|
|t:|1649647787
|switch|p2a: Hippowdon|Hippowdon, F|100/100 slp
|move|p1a: tim the tyranitar|Stealth Rock|p2a: Hippowdon
|-sidestart|p2: Wheezer|move: Stealth Rock
|
|-weather|Sandstorm|[upkeep]
|-heal|p1a: tim the tyranitar|100/100|[from] item: Leftovers
|upkeep
|turn|43
|
|t:|1649647790
|switch|p1a: no spore|Amoonguss, M|100/100
|-damage|p1a: no spore|88/100|[from] Stealth Rock
|cant|p2a: Hippowdon|slp
|
|-weather|Sandstorm|[upkeep]
|-damage|p1a: no spore|82/100|[from] Sandstorm
|upkeep
|turn|44
|
|t:|1649647793
|switch|p2a: Heatran|Heatran, F|63/100
|-damage|p2a: Heatran|51/100|[from] Stealth Rock
|switch|p1a: tim the tyranitar|Tyranitar, M|100/100
|-damage|p1a: tim the tyranitar|88/100|[from] Stealth Rock
|
|-weather|Sandstorm|[upkeep]
|-heal|p2a: Heatran|57/100|[from] item: Leftovers
|-heal|p1a: tim the tyranitar|94/100|[from] item: Leftovers
|upkeep
|turn|45
|
|t:|1649647795
|switch|p2a: Hippowdon|Hippowdon, F|100/100 slp
|-damage|p2a: Hippowdon|94/100 slp|[from] Stealth Rock
|switch|p1a: metal birb|Corviknight, F|75/100
|-damage|p1a: metal birb|63/100|[from] Stealth Rock
|-ability|p1a: metal birb|Pressure
|
|-weather|none
|-heal|p2a: Hippowdon|100/100 slp|[from] item: Leftovers
|upkeep
|turn|46
|
|t:|1649647799
|move|p1a: metal birb|Defog|p2a: Hippowdon
|-unboost|p2a: Hippowdon|evasion|1
|-sideend|p2: Wheezer|Stealth Rock|[from] move: Defog|[of] p1a: metal birb
|-sideend|p1: blah11111wow|Stealth Rock|[from] move: Defog|[of] p1a: metal birb
|-curestatus|p2a: Hippowdon|slp|[msg]
|move|p2a: Hippowdon|Whirlwind|p1a: metal birb
|drag|p1a: tim the tyranitar|Tyranitar, M|94/100
|-weather|Sandstorm|[from] ability: Sand Stream|[of] p1a: tim the tyranitar
|
|-weather|Sandstorm|[upkeep]
|-heal|p1a: tim the tyranitar|100/100|[from] item: Leftovers
|upkeep
|turn|47
|
|t:|1649647802
|switch|p1a: no spore|Amoonguss, M|100/100
|move|p2a: Hippowdon|Earthquake|p1a: no spore
|-damage|p1a: no spore|72/100
|
|-weather|Sandstorm|[upkeep]
|-damage|p1a: no spore|66/100|[from] Sandstorm
|upkeep
|turn|48
|
|t:|1649647805
|move|p2a: Hippowdon|Stealth Rock|p1a: no spore
|-sidestart|p1: blah11111wow|move: Stealth Rock
|move|p1a: no spore|Toxic|p2a: Hippowdon
|-status|p2a: Hippowdon|tox
|
|-weather|Sandstorm|[upkeep]
|-damage|p1a: no spore|60/100|[from] Sandstorm
|-damage|p2a: Hippowdon|94/100 tox|[from] psn
|upkeep
|turn|49
|
|t:|1649647808
|switch|p2a: Celesteela|Celesteela|24/100 par
|move|p1a: no spore|Spore||[still]
|-fail|p1a: no spore
|
|-weather|Sandstorm|[upkeep]
|-damage|p1a: no spore|54/100|[from] Sandstorm
|-heal|p2a: Celesteela|30/100 par|[from] item: Leftovers
|upkeep
|turn|50
|j| Vivid Bad Squad
|
|t:|1649647813
|switch|p1a: metal birb|Corviknight, F|63/100
|-damage|p1a: metal birb|50/100|[from] Stealth Rock
|-ability|p1a: metal birb|Pressure
|move|p2a: Celesteela|Leech Seed|p1a: metal birb
|-start|p1a: metal birb|move: Leech Seed
|
|-weather|none
|-heal|p2a: Celesteela|36/100 par|[from] item: Leftovers
|-damage|p1a: metal birb|38/100|[from] Leech Seed|[of] p2a: Celesteela
|-heal|p2a: Celesteela|47/100 par|[silent]
|upkeep
|turn|51
|
|t:|1649647818
|switch|p2a: Suicune|Suicune|58/100
|-ability|p2a: Suicune|Pressure
|move|p1a: metal birb|Roost|p1a: metal birb
|-heal|p1a: metal birb|88/100
|-singleturn|p1a: metal birb|move: Roost
|
|-heal|p2a: Suicune|64/100|[from] item: Leftovers
|-damage|p1a: metal birb|76/100|[from] Leech Seed|[of] p2a: Suicune
|-heal|p2a: Suicune|76/100|[silent]
|upkeep
|turn|52
|
|t:|1649647830
|switch|p1a: tim the tyranitar|Tyranitar, M|100/100
|-damage|p1a: tim the tyranitar|88/100|[from] Stealth Rock
|-weather|Sandstorm|[from] ability: Sand Stream|[of] p1a: tim the tyranitar
|move|p2a: Suicune|Substitute|p2a: Suicune
|-start|p2a: Suicune|Substitute
|-damage|p2a: Suicune|51/100
|
|-weather|Sandstorm|[upkeep]
|-damage|p2a: Suicune|45/100|[from] Sandstorm
|-heal|p2a: Suicune|51/100|[from] item: Leftovers
|-heal|p1a: tim the tyranitar|94/100|[from] item: Leftovers
|upkeep
|turn|53
|
|t:|1649647834
|move|p2a: Suicune|Protect|p2a: Suicune
|-singleturn|p2a: Suicune|Protect
|move|p1a: tim the tyranitar|Rock Blast|p2a: Suicune
|-activate|p2a: Suicune|move: Protect
|
|-weather|Sandstorm|[upkeep]
|-damage|p2a: Suicune|45/100|[from] Sandstorm
|-heal|p2a: Suicune|51/100|[from] item: Leftovers
|-heal|p1a: tim the tyranitar|100/100|[from] item: Leftovers
|upkeep
|turn|54
|
|t:|1649647836
|move|p2a: Suicune|Scald|p1a: tim the tyranitar
|-supereffective|p1a: tim the tyranitar
|-damage|p1a: tim the tyranitar|78/100
|move|p1a: tim the tyranitar|Rock Blast|p2a: Suicune
|-activate|p2a: Suicune|move: Substitute|[damage]
|-activate|p2a: Suicune|move: Substitute|[damage]
|-hitcount|p2a: Suicune|2
|
|-weather|Sandstorm|[upkeep]
|-damage|p2a: Suicune|45/100|[from] Sandstorm
|-heal|p2a: Suicune|51/100|[from] item: Leftovers
|-heal|p1a: tim the tyranitar|84/100|[from] item: Leftovers
|upkeep
|turn|55
|
|t:|1649647839
|move|p2a: Suicune|Scald|p1a: tim the tyranitar
|-supereffective|p1a: tim the tyranitar
|-damage|p1a: tim the tyranitar|65/100
|move|p1a: tim the tyranitar|Rock Blast|p2a: Suicune
|-end|p2a: Suicune|Substitute
|-crit|p2a: Suicune
|-damage|p2a: Suicune|37/100
|-hitcount|p2a: Suicune|2
|
|-weather|Sandstorm|[upkeep]
|-damage|p2a: Suicune|31/100|[from] Sandstorm
|-heal|p2a: Suicune|37/100|[from] item: Leftovers
|-heal|p1a: tim the tyranitar|71/100|[from] item: Leftovers
|upkeep
|turn|56
|
|t:|1649647841
|move|p2a: Suicune|Protect|p2a: Suicune
|-singleturn|p2a: Suicune|Protect
|move|p1a: tim the tyranitar|Rock Blast|p2a: Suicune
|-activate|p2a: Suicune|move: Protect
|
|-weather|none
|-heal|p2a: Suicune|44/100|[from] item: Leftovers
|-heal|p1a: tim the tyranitar|77/100|[from] item: Leftovers
|upkeep
|turn|57
|l| Kwaga
|
|t:|1649647847
|switch|p2a: Celesteela|Celesteela|47/100 par
|switch|p1a: no spore|Amoonguss, M|88/100
|-damage|p1a: no spore|75/100|[from] Stealth Rock
|
|-heal|p2a: Celesteela|54/100 par|[from] item: Leftovers
|upkeep
|turn|58
|
|t:|1649647850
|switch|p2a: Heatran|Heatran, F|57/100
|move|p1a: no spore|Giga Drain|p2a: Heatran
|-resisted|p2a: Heatran
|-damage|p2a: Heatran|51/100
|-heal|p1a: no spore|77/100|[from] drain|[of] p2a: Heatran
|
|-heal|p2a: Heatran|57/100|[from] item: Leftovers
|upkeep
|turn|59
|
|t:|1649647853
|move|p2a: Heatran|Magma Storm|p1a: no spore
|-supereffective|p1a: no spore
|-damage|p1a: no spore|0 fnt
|faint|p1a: no spore
|
|-heal|p2a: Heatran|64/100|[from] item: Leftovers
|upkeep
|
|t:|1649647856
|switch|p1a: tim the tyranitar|Tyranitar, M|77/100
|-damage|p1a: tim the tyranitar|65/100|[from] Stealth Rock
|-weather|Sandstorm|[from] ability: Sand Stream|[of] p1a: tim the tyranitar
|turn|60
|
|t:|1649647858
|switch|p2a: Celesteela|Celesteela|54/100 par
|move|p1a: tim the tyranitar|Rock Blast|p2a: Celesteela
|-damage|p2a: Celesteela|44/100 par
|-damage|p2a: Celesteela|35/100 par
|-hitcount|p2a: Celesteela|2
|
|-weather|Sandstorm|[upkeep]
|-heal|p1a: tim the tyranitar|71/100|[from] item: Leftovers
|-heal|p2a: Celesteela|41/100 par|[from] item: Leftovers
|upkeep
|turn|61
|
|t:|1649647862
|move|p1a: tim the tyranitar|Rock Blast|p2a: Celesteela|[miss]
|-miss|p1a: tim the tyranitar|p2a: Celesteela
|cant|p2a: Celesteela|par
|
|-weather|Sandstorm|[upkeep]
|-heal|p1a: tim the tyranitar|77/100|[from] item: Leftovers
|-heal|p2a: Celesteela|47/100 par|[from] item: Leftovers
|upkeep
|turn|62
|-message|blah11111wow forfeited.
|
|win|Wheezer
|raw|blah11111wow's rating: 1686 &rarr; <strong>1666</strong><br />(-20 for losing)
|raw|Wheezer's rating: 1693 &rarr; <strong>1713</strong><br />(+20 for winning)
|l|☆blah11111wow
|l|☆Wheezer
||Ladder isn't responding, score probably updated but might not have (Request timeout).
