|raw|<div class="broadcast-blue"><strong>This battle is required to be public due to a player having a name starting with 'lt91bb'.</div>
|j|☆dmt dreams
|j|☆LT91BB N
|t:|1659524484
|gametype|singles
|player|p1|dmt dreams|pokefan-gen4|1926
|player|p2|LT91BB N|blue-gen3|2084
|teamsize|p1|6
|teamsize|p2|6
|gen|8
|tier|[Gen 8] OU
|rated|
|rule|Sleep Clause Mod: Limit one foe put to sleep
|rule|Species Clause: Limit one of each Pokémon
|rule|OHKO Clause: OHKO moves are banned
|rule|Evasion Moves Clause: Evasion moves are banned
|rule|Endless Battle Clause: Forcing endless battles is banned
|rule|HP Percentage Mod: HP is shown in percentages
|rule|Dynamax Clause: You cannot dynamax
|clearpoke
|poke|p1|Mew|
|poke|p1|Weavile, M|
|poke|p1|Celesteela|
|poke|p1|Crawdaunt, M|
|poke|p1|Garchomp, M|
|poke|p1|Blacephalon|
|poke|p2|Corviknight, M|
|poke|p2|Clefable, F|
|poke|p2|Toxapex, F|
|poke|p2|Tornadus-Therian, M|
|poke|p2|Chansey, F|
|poke|p2|Hippowdon, F|
|teampreview
|inactive|Battle timer is ON: inactive players will automatically lose when time's up. (requested by dmt dreams)
|
|t:|1659524504
|start
|switch|p1a: Mew|Mew, shiny|100/100
|switch|p2a: Clefable|Clefable, F|100/100
|turn|1
|
|t:|1659524507
|move|p1a: Mew|Taunt|p2a: Clefable
|-start|p2a: Clefable|move: Taunt
|cant|p2a: Clefable|move: Taunt|Calm Mind
|
|upkeep
|turn|2
|
|t:|1659524509
|move|p1a: Mew|Stealth Rock|p2a: Clefable
|-sidestart|p2: LT91BB N|move: Stealth Rock
|move|p2a: Clefable|Moonblast|p1a: Mew
|-damage|p1a: Mew|72/100
|
|upkeep
|turn|3
|
|t:|1659524511
|move|p1a: Mew|Spikes|p2a: Clefable
|-sidestart|p2: LT91BB N|Spikes
|move|p2a: Clefable|Moonblast|p1a: Mew
|-damage|p1a: Mew|47/100
|
|-end|p2a: Clefable|move: Taunt
|upkeep
|turn|4
|
|t:|1659524519
|move|p1a: Mew|Thunder Wave|p2a: Clefable|[miss]
|-miss|p1a: Mew|p2a: Clefable
|move|p2a: Clefable|Moonblast|p1a: Mew
|-damage|p1a: Mew|21/100
|
|upkeep
|turn|5
|j| Skyrio
|
|t:|1659524529
|move|p1a: Mew|Thunder Wave|p2a: Clefable
|-status|p2a: Clefable|par
|move|p2a: Clefable|Moonblast|p1a: Mew
|-damage|p1a: Mew|0 fnt
|faint|p1a: Mew
|
|upkeep
|j| LT91BB xray
|j| LT91BB Ahsan
|
|t:|1659524538
|switch|p1a: Celesteela|Celesteela, shiny|100/100
|turn|6
|j| lt91bb fenomeno
|
|t:|1659524545
|switch|p2a: Chansey|Chansey, F|100/100
|-damage|p2a: Chansey|88/100|[from] Stealth Rock
|-damage|p2a: Chansey|76/100|[from] Spikes
|move|p1a: Celesteela|Meteor Beam||[still]
|-prepare|p1a: Celesteela|Meteor Beam
|-boost|p1a: Celesteela|spa|1
|-enditem|p1a: Celesteela|Power Herb
|-anim|p1a: Celesteela|Meteor Beam|p2a: Chansey
|-damage|p2a: Chansey|58/100
|
|upkeep
|turn|7
|
|t:|1659524556
|switch|p1a: Weavile|Weavile, M, shiny|100/100
|-ability|p1a: Weavile|Pressure
|move|p2a: Chansey|Thunder Wave|p1a: Weavile
|-status|p1a: Weavile|par
|
|upkeep
|turn|8
|j|+Pissog
|
|t:|1659524565
|move|p1a: Weavile|Swords Dance|p1a: Weavile
|-boost|p1a: Weavile|atk|2
|move|p2a: Chansey|Soft-Boiled|p2a: Chansey
|-heal|p2a: Chansey|100/100
|
|upkeep
|turn|9
|j|+kino
|j| LT91BB bigstomp
|j| Amelza
|
|t:|1659524583
|switch|p2a: Corviknight|Corviknight, M|100/100
|-damage|p2a: Corviknight|88/100|[from] Stealth Rock
|-ability|p2a: Corviknight|Pressure
|move|p1a: Weavile|Knock Off|p2a: Corviknight
|-damage|p2a: Corviknight|1/100
|-damage|p1a: Weavile|84/100 par|[from] item: Rocky Helmet|[of] p2a: Corviknight
|-enditem|p2a: Corviknight|Rocky Helmet|[from] move: Knock Off|[of] p1a: Weavile
|-damage|p1a: Weavile|74/100 par|[from] item: Life Orb
|
|upkeep
|turn|10
|j| LT91BB BEFREA
|
|t:|1659524588
|cant|p1a: Weavile|par
|move|p2a: Corviknight|Defog|p1a: Weavile
|-unboost|p1a: Weavile|evasion|1
|-sideend|p2: LT91BB N|Spikes|[from] move: Defog|[of] p2a: Corviknight
|-sideend|p2: LT91BB N|Stealth Rock|[from] move: Defog|[of] p2a: Corviknight
|
|upkeep
|turn|11
|c|☆dmt dreams|lol
|
|t:|1659524593
|move|p1a: Weavile|Knock Off|p2a: Corviknight
|-damage|p2a: Corviknight|0 fnt
|faint|p2a: Corviknight
|-damage|p1a: Weavile|64/100 par|[from] item: Life Orb
|
|upkeep
|
|t:|1659524598
|switch|p2a: Clefable|Clefable, F|100/100 par
|turn|12
|j| marsandback
|
|t:|1659524603
|move|p1a: Weavile|Knock Off|p2a: Clefable
|-resisted|p2a: Clefable
|-damage|p2a: Clefable|75/100 par
|-enditem|p2a: Clefable|Leftovers|[from] move: Knock Off|[of] p1a: Weavile
|-damage|p1a: Weavile|54/100 par|[from] item: Life Orb
|move|p2a: Clefable|Moonblast|p1a: Weavile
|-supereffective|p1a: Weavile
|-damage|p1a: Weavile|0 fnt
|faint|p1a: Weavile
|
|upkeep
|j| LT91BB Storm
|l| Amelza
|
|t:|1659524611
|switch|p1a: Blacephalon|Blacephalon, shiny|100/100
|turn|13
|
|t:|1659524614
|switch|p2a: Hippowdon|Hippowdon, F|100/100
|-weather|Sandstorm|[from] ability: Sand Stream|[of] p2a: Hippowdon
|move|p1a: Blacephalon|Trick|p2a: Hippowdon
|-activate|p1a: Blacephalon|move: Trick|[of] p2a: Hippowdon
|-item|p2a: Hippowdon|Choice Scarf|[from] move: Trick
|-item|p1a: Blacephalon|Leftovers|[from] move: Trick
|
|-weather|Sandstorm|[upkeep]
|-damage|p1a: Blacephalon|94/100|[from] Sandstorm
|-heal|p1a: Blacephalon|100/100|[from] item: Leftovers
|upkeep
|turn|14
|j| Zanna48
|
|t:|1659524622
|switch|p1a: Crawdaunt|Crawdaunt, M, shiny|100/100
|move|p2a: Hippowdon|Stealth Rock|p1a: Crawdaunt
|-sidestart|p1: dmt dreams|move: Stealth Rock
|
|-weather|Sandstorm|[upkeep]
|-damage|p1a: Crawdaunt|95/100|[from] Sandstorm
|upkeep
|turn|15
|
|t:|1659524628
|switch|p2a: Toxapex|Toxapex, F|100/100
|move|p1a: Crawdaunt|Swords Dance|p1a: Crawdaunt
|-boost|p1a: Crawdaunt|atk|2
|
|-weather|Sandstorm|[upkeep]
|-damage|p1a: Crawdaunt|89/100|[from] Sandstorm
|-damage|p2a: Toxapex|95/100|[from] Sandstorm
|upkeep
|turn|16
|j| vkhss
|
|t:|1659524643
|move|p1a: Crawdaunt|Knock Off|p2a: Toxapex
|-damage|p2a: Toxapex|0 fnt
|-damage|p1a: Crawdaunt|72/100|[from] item: Rocky Helmet|[of] p2a: Toxapex
|-enditem|p2a: Toxapex|Rocky Helmet|[from] move: Knock Off|[of] p1a: Crawdaunt
|faint|p2a: Toxapex
|-damage|p1a: Crawdaunt|62/100|[from] item: Life Orb
|
|-weather|Sandstorm|[upkeep]
|-damage|p1a: Crawdaunt|56/100|[from] Sandstorm
|upkeep
|j| LT91BB Gray
|j| avg blim enjoyer
|inactive|LT91BB N has 120 seconds left.
|j| LT91BB PDC
|j| Seleukus
|inactive|LT91BB N has 90 seconds left.
|l| LT91BB PDC
|j| Keblar
|
|t:|1659524720
|switch|p2a: Tornadus|Tornadus-Therian, M|100/100
|turn|17
|
|t:|1659524724
|move|p2a: Tornadus|Hurricane|p1a: Crawdaunt
|-damage|p1a: Crawdaunt|0 fnt
|faint|p1a: Crawdaunt
|
|-weather|none
|upkeep
|
|t:|1659524731
|switch|p1a: Celesteela|Celesteela, shiny|100/100
|-damage|p1a: Celesteela|88/100|[from] Stealth Rock
|turn|18
|inactive|LT91BB N has 90 seconds left.
|
|t:|1659524740
|move|p2a: Tornadus|Focus Blast|p1a: Celesteela
|-damage|p1a: Celesteela|49/100
|move|p1a: Celesteela|Meteor Beam||[still]
|-prepare|p1a: Celesteela|Meteor Beam
|-boost|p1a: Celesteela|spa|1
|
|upkeep
|turn|19
|j| Lunarr
|
|t:|1659524744
|switch|p2a: Chansey|Chansey, F|100/100
|move|p1a: Celesteela|Meteor Beam|p2a: Chansey|[from]lockedmove
|-damage|p2a: Chansey|81/100
|
|upkeep
|turn|20
|
|t:|1659524749
|move|p1a: Celesteela|Air Slash|p2a: Chansey
|-damage|p2a: Chansey|64/100
|cant|p2a: Chansey|flinch
|
|upkeep
|turn|21
|
|t:|1659524751
|switch|p1a: Garchomp|Garchomp, M, shiny|100/100
|-damage|p1a: Garchomp|94/100|[from] Stealth Rock
|move|p2a: Chansey|Soft-Boiled|p2a: Chansey
|-heal|p2a: Chansey|100/100
|
|upkeep
|turn|22
|
|t:|1659524755
|move|p1a: Garchomp|Swords Dance|p1a: Garchomp
|-boost|p1a: Garchomp|atk|2
|move|p2a: Chansey|Seismic Toss|p1a: Garchomp
|-damage|p1a: Garchomp|66/100
|-damage|p2a: Chansey|88/100|[from] ability: Rough Skin|[of] p1a: Garchomp
|
|upkeep
|turn|23
|
|t:|1659524761
|switch|p2a: Hippowdon|Hippowdon, F|100/100
|-weather|Sandstorm|[from] ability: Sand Stream|[of] p2a: Hippowdon
|move|p1a: Garchomp|Scale Shot|p2a: Hippowdon
|-damage|p2a: Hippowdon|83/100
|-damage|p2a: Hippowdon|65/100
|-damage|p2a: Hippowdon|47/100
|-hitcount|p2a: Hippowdon|3
|-unboost|p1a: Garchomp|def|1
|-boost|p1a: Garchomp|spe|1
|
|-weather|Sandstorm|[upkeep]
|upkeep
|turn|24
|j| toastedcream
|
|t:|1659524765
|move|p1a: Garchomp|Earthquake|p2a: Hippowdon
|-crit|p2a: Hippowdon
|-damage|p2a: Hippowdon|0 fnt
|faint|p2a: Hippowdon
|
|-weather|Sandstorm|[upkeep]
|upkeep
|
|t:|1659524779
|switch|p2a: Clefable|Clefable, F|75/100 par
|turn|25
|
|t:|1659524781
|move|p1a: Garchomp|Earthquake|p2a: Clefable
|-damage|p2a: Clefable|38/100 par
|cant|p2a: Clefable|par
|
|-weather|Sandstorm|[upkeep]
|-damage|p2a: Clefable|31/100 par|[from] Sandstorm
|upkeep
|turn|26
|
|t:|1659524788
|switch|p2a: Tornadus|Tornadus-Therian, M|100/100
|move|p1a: Garchomp|Earthquake|p2a: Tornadus
|-immune|p2a: Tornadus
|
|-weather|Sandstorm|[upkeep]
|-damage|p2a: Tornadus|94/100|[from] Sandstorm
|upkeep
|turn|27
|
|t:|1659524791
|move|p1a: Garchomp|Scale Shot|p2a: Tornadus
|-damage|p2a: Tornadus|59/100
|-damage|p2a: Tornadus|26/100
|-damage|p2a: Tornadus|0 fnt
|faint|p2a: Tornadus
|-hitcount|p2: Tornadus|3
|-unboost|p1a: Garchomp|def|1
|-boost|p1a: Garchomp|spe|1
|
|-weather|none
|upkeep
|c|☆LT91BB N|Vaffanculo
|c|☆dmt dreams|bro
|-message|LT91BB N forfeited.
|
|win|dmt dreams
|raw|dmt dreams's rating: 1926 &rarr; <strong>1955</strong><br />(+29 for winning)
|raw|LT91BB N's rating: 2084 &rarr; <strong>2055</strong><br />(-29 for losing)
|l|☆LT91BB N
|c|☆dmt dreams|you got the para
|c|☆dmt dreams|idk what language that is
|l|☆dmt dreams
|l|+kino
|j|☆dmt dreams
|player|p1|dmt dreams|pokefan-gen4
|n|!dmt dreams|dmtdreams
|l| marsandback
|l| vkhss
|l|+Pissog
|l|!dmt dreams
|player|p1|
|j| LT91BB nolonolo
|l| LT91BB nolonolo
|l| LT91BB Storm
|j| LT91BB Storm
|l| LT91BB Storm
|l| Keblar
|l| LT91BB Ahsan
|l| LT91BB Gray
|l| Seleukus
