|raw|<div class="broadcast-blue"><strong>This battle is required to be public due to a player having a name starting with 'lt93oq'.</div>
|j|☆Rheinmetal
|j|☆LT93OQ Lio
|t:|1660499036
|gametype|singles
|player|p1|Rheinmetal|cynthia-gen4|1654
|player|p2|LT93OQ Lio|2|1696
|teamsize|p1|6
|teamsize|p2|6
|gen|8
|tier|[Gen 8] OU
|rated|
|rule|Sleep Clause Mod: Limit one foe put to sleep
|rule|Species Clause: Limit one of each Pokémon
|rule|OHKO Clause: OHKO moves are banned
|rule|Evasion Items Clause: Evasion items are banned
|rule|Evasion Moves Clause: Evasion moves are banned
|rule|Endless Battle Clause: Forcing endless battles is banned
|rule|HP Percentage Mod: HP is shown in percentages
|rule|Dynamax Clause: You cannot dynamax
|clearpoke
|poke|p1|Tyranitar, M|
|poke|p1|Excadrill, M|
|poke|p1|Volcanion|
|poke|p1|Amoonguss, M|
|poke|p1|Heatran, M|
|poke|p1|Skarmory, M|
|poke|p2|Clefable, F|
|poke|p2|Dragapult, F|
|poke|p2|Heatran, M|
|poke|p2|Landorus-Therian, M|
|poke|p2|Keldeo-Resolute|
|poke|p2|Ferrothorn, M|
|teampreview
|inactive|Battle timer is ON: inactive players will automatically lose when time's up. (requested by Rheinmetal)
|j| furzbad69
|j| patlop2307
|inactive|LT93OQ Lio has 120 seconds left.
|inactive|LT93OQ Lio has 90 seconds left.
|
|t:|1660499100
|start
|switch|p1a: Heatran|Heatran, M|100/100
|switch|p2a: Ferrothorn|Ferrothorn, M|100/100
|turn|1
|inactive|Rheinmetal has 120 seconds left.
|
|t:|1660499142
|switch|p2a: Keldeo|Keldeo-Resolute|100/100
|move|p1a: Heatran|Stealth Rock|p2a: Keldeo
|-sidestart|p2: LT93OQ Lio|move: Stealth Rock
|
|upkeep
|turn|2
|
|t:|1660499162
|switch|p1a: Amoonguss|Amoonguss, M|100/100
|move|p2a: Keldeo|Substitute|p2a: Keldeo
|-start|p2a: Keldeo|Substitute
|-damage|p2a: Keldeo|76/100
|
|-heal|p2a: Keldeo|82/100|[from] item: Leftovers
|upkeep
|turn|3
|
|t:|1660499166
|move|p2a: Keldeo|Calm Mind|p2a: Keldeo
|-boost|p2a: Keldeo|spa|1
|-boost|p2a: Keldeo|spd|1
|move|p1a: Amoonguss|Giga Drain|p2a: Keldeo
|-supereffective|p2a: Keldeo
|-end|p2a: Keldeo|Substitute
|
|-heal|p2a: Keldeo|88/100|[from] item: Leftovers
|upkeep
|turn|4
|
|t:|1660499176
|move|p2a: Keldeo|Calm Mind|p2a: Keldeo
|-boost|p2a: Keldeo|spa|1
|-boost|p2a: Keldeo|spd|1
|move|p1a: Amoonguss|Giga Drain|p2a: Keldeo
|-supereffective|p2a: Keldeo
|-damage|p2a: Keldeo|63/100
|
|-heal|p2a: Keldeo|70/100|[from] item: Leftovers
|upkeep
|turn|5
|
|t:|1660499179
|move|p2a: Keldeo|Substitute|p2a: Keldeo
|-start|p2a: Keldeo|Substitute
|-damage|p2a: Keldeo|45/100
|move|p1a: Amoonguss|Spore||[still]
|-fail|p1a: Amoonguss
|
|-heal|p2a: Keldeo|51/100|[from] item: Leftovers
|upkeep
|turn|6
|
|t:|1660499182
|move|p2a: Keldeo|Calm Mind|p2a: Keldeo
|-boost|p2a: Keldeo|spa|1
|-boost|p2a: Keldeo|spd|1
|move|p1a: Amoonguss|Giga Drain|p2a: Keldeo
|-supereffective|p2a: Keldeo
|-activate|p2a: Keldeo|move: Substitute|[damage]
|
|-heal|p2a: Keldeo|57/100|[from] item: Leftovers
|upkeep
|turn|7
|
|t:|1660499184
|move|p2a: Keldeo|Calm Mind|p2a: Keldeo
|-boost|p2a: Keldeo|spa|1
|-boost|p2a: Keldeo|spd|1
|move|p1a: Amoonguss|Giga Drain|p2a: Keldeo
|-supereffective|p2a: Keldeo
|-end|p2a: Keldeo|Substitute
|
|-heal|p2a: Keldeo|63/100|[from] item: Leftovers
|upkeep
|turn|8
|inactive|Rheinmetal has 120 seconds left.
|j| chokst du
|inactive|Rheinmetal has 90 seconds left.
|
|t:|1660499265
|move|p2a: Keldeo|Substitute|p2a: Keldeo
|-start|p2a: Keldeo|Substitute
|-damage|p2a: Keldeo|39/100
|move|p1a: Amoonguss|Giga Drain|p2a: Keldeo
|-supereffective|p2a: Keldeo
|-activate|p2a: Keldeo|move: Substitute|[damage]
|
|-heal|p2a: Keldeo|45/100|[from] item: Leftovers
|upkeep
|turn|9
|
|t:|1660499270
|move|p2a: Keldeo|Calm Mind|p2a: Keldeo
|-boost|p2a: Keldeo|spa|1
|-boost|p2a: Keldeo|spd|1
|move|p1a: Amoonguss|Giga Drain|p2a: Keldeo
|-supereffective|p2a: Keldeo
|-end|p2a: Keldeo|Substitute
|
|-heal|p2a: Keldeo|51/100|[from] item: Leftovers
|upkeep
|turn|10
|
|t:|1660499273
|move|p2a: Keldeo|Substitute|p2a: Keldeo
|-start|p2a: Keldeo|Substitute
|-damage|p2a: Keldeo|26/100
|move|p1a: Amoonguss|Giga Drain|p2a: Keldeo
|-supereffective|p2a: Keldeo
|-activate|p2a: Keldeo|move: Substitute|[damage]
|
|-heal|p2a: Keldeo|32/100|[from] item: Leftovers
|upkeep
|turn|11
|
|t:|1660499276
|move|p2a: Keldeo|Scald|p1a: Amoonguss
|-resisted|p1a: Amoonguss
|-damage|p1a: Amoonguss|44/100
|move|p1a: Amoonguss|Giga Drain|p2a: Keldeo
|-supereffective|p2a: Keldeo
|-end|p2a: Keldeo|Substitute
|-heal|p1a: Amoonguss|47/100|[from] drain|[of] p2a: Keldeo
|
|-heal|p2a: Keldeo|39/100|[from] item: Leftovers
|-heal|p1a: Amoonguss|54/100|[from] item: Black Sludge
|upkeep
|turn|12
|
|t:|1660499282
|move|p2a: Keldeo|Scald|p1a: Amoonguss
|-resisted|p1a: Amoonguss
|-damage|p1a: Amoonguss|0 fnt
|faint|p1a: Amoonguss
|
|-heal|p2a: Keldeo|45/100|[from] item: Leftovers
|upkeep
|
|t:|1660499291
|switch|p1a: Tyranitar|Tyranitar, M|100/100
|-weather|Sandstorm|[from] ability: Sand Stream|[of] p1a: Tyranitar
|turn|13
|
|t:|1660499296
|move|p2a: Keldeo|Secret Sword|p1a: Tyranitar
|-supereffective|p1a: Tyranitar
|-damage|p1a: Tyranitar|0 fnt
|faint|p1a: Tyranitar
|
|-weather|Sandstorm|[upkeep]
|-damage|p2a: Keldeo|39/100|[from] Sandstorm
|-heal|p2a: Keldeo|45/100|[from] item: Leftovers
|upkeep
|
|t:|1660499298
|switch|p1a: Excadrill|Excadrill, M|100/100
|turn|14
|
|t:|1660499301
|switch|p2a: Landorus|Landorus-Therian, M|100/100
|-damage|p2a: Landorus|88/100|[from] Stealth Rock
|-ability|p2a: Landorus|Intimidate|boost
|-unboost|p1a: Excadrill|atk|1
|move|p1a: Excadrill|Earthquake|p2a: Landorus
|-immune|p2a: Landorus
|
|-weather|Sandstorm|[upkeep]
|-heal|p2a: Landorus|94/100|[from] item: Leftovers
|upkeep
|turn|15
|
|t:|1660499305
|switch|p1a: Skarmory|Skarmory, M|100/100
|move|p2a: Landorus|Defog|p1a: Skarmory
|-unboost|p1a: Skarmory|evasion|1
|-sideend|p2: LT93OQ Lio|Stealth Rock|[from] move: Defog|[of] p2a: Landorus
|
|-weather|Sandstorm|[upkeep]
|-heal|p2a: Landorus|99/100|[from] item: Leftovers
|upkeep
|turn|16
|
|t:|1660499312
|switch|p2a: Clefable|Clefable, F|100/100
|switch|p1a: Excadrill|Excadrill, M|100/100
|
|-weather|Sandstorm|[upkeep]
|upkeep
|turn|17
|
|t:|1660499315
|switch|p2a: Landorus|Landorus-Therian, M|99/100
|-ability|p2a: Landorus|Intimidate|boost
|-unboost|p1a: Excadrill|atk|1
|move|p1a: Excadrill|Earthquake|p2a: Landorus
|-immune|p2a: Landorus
|
|-weather|none
|-heal|p2a: Landorus|100/100|[from] item: Leftovers
|upkeep
|turn|18
|
|t:|1660499318
|switch|p1a: Skarmory|Skarmory, M|100/100
|move|p2a: Landorus|U-turn|p1a: Skarmory
|-resisted|p1a: Skarmory
|-damage|p1a: Skarmory|97/100
|-damage|p2a: Landorus|84/100|[from] item: Rocky Helmet|[of] p1a: Skarmory
|
|t:|1660499321
|switch|p2a: Heatran|Heatran, M|100/100|[from]move: U-turn
|
|upkeep
|turn|19
|
|t:|1660499324
|switch|p1a: Volcanion|Volcanion|100/100
|move|p2a: Heatran|Earth Power|p1a: Volcanion
|-supereffective|p1a: Volcanion
|-damage|p1a: Volcanion|35/100
|
|upkeep
|turn|20
|
|t:|1660499328
|switch|p2a: Dragapult|Dragapult, F|100/100
|move|p1a: Volcanion|Steam Eruption|p2a: Dragapult
|-resisted|p2a: Dragapult
|-damage|p2a: Dragapult|45/100
|
|upkeep
|turn|21
|
|t:|1660499331
|switch|p1a: Heatran|Heatran, M|100/100
|move|p2a: Dragapult|Shadow Ball|p1a: Heatran
|-damage|p1a: Heatran|69/100
|
|-heal|p1a: Heatran|76/100|[from] item: Leftovers
|upkeep
|turn|22
|
|t:|1660499343
|switch|p2a: Clefable|Clefable, F|100/100
|move|p1a: Heatran|Stealth Rock|p2a: Clefable
|-sidestart|p2: LT93OQ Lio|move: Stealth Rock
|
|-heal|p1a: Heatran|82/100|[from] item: Leftovers
|upkeep
|turn|23
|
|t:|1660499346
|switch|p1a: Excadrill|Excadrill, M|100/100
|move|p2a: Clefable|Thunder Wave|p1a: Excadrill
|-immune|p1a: Excadrill
|
|upkeep
|turn|24
|
|t:|1660499348
|switch|p2a: Landorus|Landorus-Therian, M|84/100
|-damage|p2a: Landorus|72/100|[from] Stealth Rock
|-ability|p2a: Landorus|Intimidate|boost
|-unboost|p1a: Excadrill|atk|1
|move|p1a: Excadrill|Iron Head|p2a: Landorus
|-damage|p2a: Landorus|42/100
|
|-heal|p2a: Landorus|48/100|[from] item: Leftovers
|upkeep
|turn|25
|
|t:|1660499358
|switch|p1a: Skarmory|Skarmory, M|97/100
|move|p2a: Landorus|Defog|p1a: Skarmory
|-unboost|p1a: Skarmory|evasion|1
|-sideend|p2: LT93OQ Lio|Stealth Rock|[from] move: Defog|[of] p2a: Landorus
|
|-heal|p2a: Landorus|54/100|[from] item: Leftovers
|upkeep
|turn|26
|
|t:|1660499365
|switch|p2a: Dragapult|Dragapult, F|45/100
|move|p1a: Skarmory|Toxic|p2a: Dragapult
|-status|p2a: Dragapult|tox
|
|-damage|p2a: Dragapult|39/100 tox|[from] psn
|upkeep
|turn|27
|
|t:|1660499368
|switch|p1a: Heatran|Heatran, M|82/100
|move|p2a: Dragapult|Shadow Ball|p1a: Heatran
|-damage|p1a: Heatran|47/100
|
|-heal|p1a: Heatran|53/100|[from] item: Leftovers
|-damage|p2a: Dragapult|27/100 tox|[from] psn
|upkeep
|turn|28
|
|t:|1660499370
|move|p2a: Dragapult|Shadow Ball|p1a: Heatran
|-damage|p1a: Heatran|23/100
|move|p1a: Heatran|Stealth Rock|p2a: Dragapult
|-sidestart|p2: LT93OQ Lio|move: Stealth Rock
|
|-heal|p1a: Heatran|29/100|[from] item: Leftovers
|-damage|p2a: Dragapult|9/100 tox|[from] psn
|upkeep
|turn|29
|
|t:|1660499374
|move|p2a: Dragapult|Shadow Ball|p1a: Heatran
|-damage|p1a: Heatran|0 fnt
|faint|p1a: Heatran
|
|-damage|p2a: Dragapult|0 fnt|[from] psn
|faint|p2a: Dragapult
|upkeep
|
|t:|1660499380
|switch|p2a: Landorus|Landorus-Therian, M|54/100
|switch|p1a: Volcanion|Volcanion|35/100
|-damage|p2a: Landorus|42/100|[from] Stealth Rock
|-ability|p2a: Landorus|Intimidate|boost
|-unboost|p1a: Volcanion|atk|1
|turn|30
|
|t:|1660499385
|move|p1a: Volcanion|Steam Eruption|p2a: Landorus
|-supereffective|p2a: Landorus
|-damage|p2a: Landorus|0 fnt
|faint|p2a: Landorus
|
|upkeep
|
|t:|1660499388
|switch|p2a: Keldeo|Keldeo-Resolute|45/100
|-damage|p2a: Keldeo|39/100|[from] Stealth Rock
|turn|31
|
|t:|1660499392
|move|p2a: Keldeo|Secret Sword|p1a: Volcanion
|-damage|p1a: Volcanion|0 fnt
|faint|p1a: Volcanion
|
|-heal|p2a: Keldeo|45/100|[from] item: Leftovers
|upkeep
|
|t:|1660499396
|switch|p1a: Excadrill|Excadrill, M|100/100
|turn|32
|
|t:|1660499409
|move|p2a: Keldeo|Secret Sword|p1a: Excadrill
|-supereffective|p1a: Excadrill
|-damage|p1a: Excadrill|0 fnt
|faint|p1a: Excadrill
|
|-heal|p2a: Keldeo|51/100|[from] item: Leftovers
|upkeep
|-message|Rheinmetal forfeited.
|
|win|LT93OQ Lio
|raw|Rheinmetal's rating: 1654 &rarr; <strong>1636</strong><br />(-18 for losing)
|raw|LT93OQ Lio's rating: 1696 &rarr; <strong>1714</strong><br />(+18 for winning)
|l|☆Rheinmetal
|l| furzbad69
|j| furzbad69
|l| furzbad69
|l| chokst du
|j| furzbad69
|l| furzbad69
||Ladder isn't responding, score probably updated but might not have (Request timeout).
