|raw|<div class="broadcast-blue"><strong>This battle is required to be public due to a player having a name starting with 'lt83aq'.</div>
|j|☆LT83AQ EL NANO
|j|☆BestixL
|t:|1626449063
|gametype|singles
|player|p1|LT83AQ EL NANO|barry|1804
|player|p2|BestixL|liza|1819
|teamsize|p1|6
|teamsize|p2|6
|gen|8
|tier|[Gen 8] OU
|rated|
|rule|Sleep Clause Mod: Limit one foe put to sleep
|rule|Species Clause: Limit one of each Pokémon
|rule|OHKO Clause: OHKO moves are banned
|rule|Evasion Moves Clause: Evasion moves are banned
|rule|Endless Battle Clause: Forcing endless battles is banned
|rule|HP Percentage Mod: HP is shown in percentages
|rule|Dynamax Clause: You cannot dynamax
|clearpoke
|poke|p1|Dragapult, F|
|poke|p1|Volcarona, F|
|poke|p1|Mew|
|poke|p1|Garchomp, M|
|poke|p1|Cloyster, F|
|poke|p1|Bisharp, M|
|poke|p2|Tornadus-Therian, M|
|poke|p2|Rotom-Wash|
|poke|p2|Corviknight, M|
|poke|p2|Heatran, M|
|poke|p2|Clefable, F|
|poke|p2|Landorus-Therian, M|
|teampreview
|inactive|Battle timer is ON: inactive players will automatically lose when time's up. (requested by BestixL)
|j| Provinggg
|l| Provinggg
|j| cute pink team
|j| DcMarvelAnimeFan
|
|t:|1626449094
|start
|switch|p1a: Garchomp|Garchomp, M|100/100
|switch|p2a: Yotsuba|Tornadus-Therian, M, shiny|100/100
|turn|1
|
|t:|1626449113
|move|p2a: Yotsuba|U-turn|p1a: Garchomp
|-damage|p1a: Garchomp|87/100
|-damage|p2a: Yotsuba|88/100|[from] ability: Rough Skin|[of] p1a: Garchomp
|
|t:|1626449118
|switch|p2a: Rotom|Rotom-Wash|100/100|[from]move: U-turn
|move|p1a: Garchomp|Swords Dance|p1a: Garchomp
|-boost|p1a: Garchomp|atk|2
|
|-heal|p1a: Garchomp|93/100|[from] item: Leftovers
|upkeep
|turn|2
|
|t:|1626449129
|move|p1a: Garchomp|Stone Edge|p2a: Rotom|[miss]
|-miss|p1a: Garchomp|p2a: Rotom
|move|p2a: Rotom|Will-O-Wisp|p1a: Garchomp
|-status|p1a: Garchomp|brn
|
|-heal|p1a: Garchomp|99/100 brn|[from] item: Leftovers
|-damage|p1a: Garchomp|93/100 brn|[from] brn
|upkeep
|turn|3
|j| frmas
|
|t:|1626449138
|move|p1a: Garchomp|Swords Dance|p1a: Garchomp
|-boost|p1a: Garchomp|atk|2
|move|p2a: Rotom|Hydro Pump|p1a: Garchomp
|-damage|p1a: Garchomp|52/100 brn
|
|-heal|p1a: Garchomp|58/100 brn|[from] item: Leftovers
|-damage|p1a: Garchomp|52/100 brn|[from] brn
|upkeep
|turn|4
|j| Kamomille
|l| Kamomille
|
|t:|1626449153
|move|p1a: Garchomp|Swords Dance|p1a: Garchomp
|-boost|p1a: Garchomp|atk|2
|move|p2a: Rotom|Hydro Pump|p1a: Garchomp
|-damage|p1a: Garchomp|11/100 brn
|
|-heal|p1a: Garchomp|17/100 brn|[from] item: Leftovers
|-damage|p1a: Garchomp|11/100 brn|[from] brn
|upkeep
|turn|5
|
|t:|1626449159
|move|p1a: Garchomp|Scale Shot|p2a: Rotom
|-damage|p2a: Rotom|80/100
|-damage|p2a: Rotom|58/100
|-damage|p2a: Rotom|39/100
|-damage|p2a: Rotom|19/100
|-damage|p2a: Rotom|0 fnt
|faint|p2a: Rotom
|-hitcount|p2: Rotom|5
|-unboost|p1a: Garchomp|def|1
|-boost|p1a: Garchomp|spe|1
|
|-heal|p1a: Garchomp|17/100 brn|[from] item: Leftovers
|-damage|p1a: Garchomp|11/100 brn|[from] brn
|upkeep
|c|☆LT83AQ EL NANO|XD
|
|t:|1626449183
|switch|p2a: Corviknight|Corviknight, M|100/100
|-ability|p2a: Corviknight|Pressure
|turn|6
|
|t:|1626449187
|move|p1a: Garchomp|Stone Edge|p2a: Corviknight
|-damage|p2a: Corviknight|56/100
|move|p2a: Corviknight|Body Press|p1a: Garchomp
|-damage|p1a: Garchomp|0 fnt
|-damage|p2a: Corviknight|44/100|[from] ability: Rough Skin|[of] p1a: Garchomp
|faint|p1a: Garchomp
|
|-heal|p2a: Corviknight|50/100|[from] item: Leftovers
|upkeep
|
|t:|1626449193
|switch|p1a: Mew|Mew|100/100
|turn|7
|
|t:|1626449198
|switch|p2a: Yotsuba|Tornadus-Therian, M, shiny|100/100
|move|p1a: Mew|Stealth Rock|p2a: Yotsuba
|-sidestart|p2: BestixL|move: Stealth Rock
|
|upkeep
|turn|8
|
|t:|1626449202
|move|p2a: Yotsuba|Taunt|p1a: Mew
|-start|p1a: Mew|move: Taunt
|cant|p1a: Mew|move: Taunt|Thunder Wave
|
|upkeep
|turn|9
|
|t:|1626449207
|switch|p1a: Bisharp|Bisharp, M|100/100
|move|p2a: Yotsuba|Hurricane|p1a: Bisharp
|-resisted|p1a: Bisharp
|-damage|p1a: Bisharp|64/100
|
|upkeep
|turn|10
|
|t:|1626449209
|switch|p1a: Dragapult|Dragapult, F|100/100
|move|p2a: Yotsuba|Heat Wave|p1a: Dragapult
|-resisted|p1a: Dragapult
|-damage|p1a: Dragapult|84/100
|
|upkeep
|turn|11
|
|t:|1626449214
|move|p1a: Dragapult|U-turn|p2a: Yotsuba
|-resisted|p2a: Yotsuba
|-damage|p2a: Yotsuba|91/100
|
|t:|1626449220
|switch|p1a: Bisharp|Bisharp, M|64/100|[from]move: U-turn
|move|p2a: Yotsuba|U-turn|p1a: Bisharp
|-damage|p1a: Bisharp|45/100
|
|t:|1626449223
|switch|p2a: Corviknight|Corviknight, M|50/100|[from]move: U-turn
|-damage|p2a: Corviknight|37/100|[from] Stealth Rock
|-ability|p2a: Corviknight|Pressure
|
|-heal|p2a: Corviknight|43/100|[from] item: Leftovers
|upkeep
|turn|12
|
|t:|1626449228
|switch|p1a: Volcarona|Volcarona, F|100/100
|move|p2a: Corviknight|Roost|p2a: Corviknight
|-heal|p2a: Corviknight|93/100
|-singleturn|p2a: Corviknight|move: Roost
|
|-heal|p2a: Corviknight|99/100|[from] item: Leftovers
|upkeep
|turn|13
|
|t:|1626449232
|switch|p1a: Mew|Mew|100/100
|switch|p2a: Heatran|Heatran, M|100/100
|-damage|p2a: Heatran|88/100|[from] Stealth Rock
|
|-heal|p2a: Heatran|94/100|[from] item: Leftovers
|upkeep
|turn|14
|
|t:|1626449235
|switch|p2a: Landorus|Landorus-Therian, M|100/100
|-damage|p2a: Landorus|88/100|[from] Stealth Rock
|-ability|p2a: Landorus|Intimidate|boost
|-unboost|p1a: Mew|atk|1
|move|p1a: Mew|Thunder Wave|p2a: Landorus
|-immune|p2a: Landorus
|
|-heal|p2a: Landorus|94/100|[from] item: Leftovers
|upkeep
|turn|15
|
|t:|1626449239
|move|p1a: Mew|Spikes|p2a: Landorus
|-sidestart|p2: BestixL|Spikes
|move|p2a: Landorus|Defog|p1a: Mew
|-unboost|p1a: Mew|evasion|1
|-sideend|p2: BestixL|Spikes|[from] move: Defog|[of] p2a: Landorus
|-sideend|p2: BestixL|Stealth Rock|[from] move: Defog|[of] p2a: Landorus
|
|-heal|p2a: Landorus|99/100|[from] item: Leftovers
|upkeep
|turn|16
|j| Zombini62
|
|t:|1626449243
|move|p1a: Mew|Stealth Rock|p2a: Landorus
|-sidestart|p2: BestixL|move: Stealth Rock
|move|p2a: Landorus|Defog|p1a: Mew
|-unboost|p1a: Mew|evasion|1
|-sideend|p2: BestixL|Stealth Rock|[from] move: Defog|[of] p2a: Landorus
|
|-heal|p2a: Landorus|100/100|[from] item: Leftovers
|upkeep
|turn|17
|
|t:|1626449245
|move|p1a: Mew|Taunt|p2a: Landorus
|-start|p2a: Landorus|move: Taunt
|move|p2a: Landorus|U-turn|p1a: Mew
|-supereffective|p1a: Mew
|-damage|p1a: Mew|62/100
|
|t:|1626449249
|switch|p2a: Yotsuba|Tornadus-Therian, M, shiny|100/100|[from]move: U-turn
|
|upkeep
|turn|18
|j| doki148
|
|t:|1626449254
|switch|p1a: Dragapult|Dragapult, F|84/100
|move|p2a: Yotsuba|Taunt|p1a: Dragapult
|-start|p1a: Dragapult|move: Taunt
|
|upkeep
|turn|19
|
|t:|1626449257
|move|p1a: Dragapult|Draco Meteor|p2a: Yotsuba
|-damage|p2a: Yotsuba|6/100
|-unboost|p1a: Dragapult|spa|2
|move|p2a: Yotsuba|U-turn|p1a: Dragapult
|-resisted|p1a: Dragapult
|-damage|p1a: Dragapult|74/100
|
|t:|1626449265
|switch|p2a: Heatran|Heatran, M|94/100|[from]move: U-turn
|
|-heal|p2a: Heatran|100/100|[from] item: Leftovers
|upkeep
|turn|20
|
|t:|1626449270
|switch|p1a: Mew|Mew|62/100
|move|p2a: Heatran|Stealth Rock|p1a: Mew
|-sidestart|p1: LT83AQ EL NANO|move: Stealth Rock
|
|upkeep
|turn|21
|
|t:|1626449273
|switch|p2a: Landorus|Landorus-Therian, M|100/100
|-ability|p2a: Landorus|Intimidate|boost
|-unboost|p1a: Mew|atk|1
|move|p1a: Mew|Stealth Rock|p2a: Landorus
|-sidestart|p2: BestixL|move: Stealth Rock
|
|upkeep
|turn|22
|
|t:|1626449276
|move|p1a: Mew|Spikes|p2a: Landorus
|-sidestart|p2: BestixL|Spikes
|move|p2a: Landorus|U-turn|p1a: Mew
|-supereffective|p1a: Mew
|-damage|p1a: Mew|26/100
|
|t:|1626449281
|switch|p2a: Yotsuba|Tornadus-Therian, M, shiny|39/100|[from]move: U-turn
|
|upkeep
|turn|23
|
|t:|1626449283
|move|p2a: Yotsuba|U-turn|p1a: Mew
|-supereffective|p1a: Mew
|-damage|p1a: Mew|1/100
|
|t:|1626449285
|switch|p2a: Landorus|Landorus-Therian, M|100/100|[from]move: U-turn
|-damage|p2a: Landorus|88/100|[from] Stealth Rock
|-ability|p2a: Landorus|Intimidate|boost
|-unboost|p1a: Mew|atk|1
|move|p1a: Mew|Thunder Wave|p2a: Landorus
|-immune|p2a: Landorus
|
|-heal|p2a: Landorus|94/100|[from] item: Leftovers
|upkeep
|turn|24
|j| Real Psyco
|
|t:|1626449292
|move|p1a: Mew|Spikes|p2a: Landorus
|-sidestart|p2: BestixL|Spikes
|move|p2a: Landorus|U-turn|p1a: Mew
|-supereffective|p1a: Mew
|-damage|p1a: Mew|0 fnt
|faint|p1a: Mew
|c| Real Psyco|no cambio mi casa ocupa por un chale adosado
|
|t:|1626449307
|switch|p2a: Yotsuba|Tornadus-Therian, M, shiny|72/100|[from]move: U-turn
|
|upkeep
|
|t:|1626449310
|switch|p1a: Dragapult|Dragapult, F|74/100
|-damage|p1a: Dragapult|62/100|[from] Stealth Rock
|turn|25
|
|t:|1626449312
|switch|p2a: Itsuki|Clefable, F|100/100
|move|p1a: Dragapult|U-turn|p2a: Itsuki
|-resisted|p2a: Itsuki
|-damage|p2a: Itsuki|93/100
|
|t:|1626449315
|switch|p1a: Bisharp|Bisharp, M|45/100|[from]move: U-turn
|-damage|p1a: Bisharp|39/100|[from] Stealth Rock
|
|-heal|p2a: Itsuki|99/100|[from] item: Leftovers
|upkeep
|turn|26
|
|t:|1626449322
|switch|p2a: Corviknight|Corviknight, M|99/100
|-damage|p2a: Corviknight|87/100|[from] Stealth Rock
|-ability|p2a: Corviknight|Pressure
|move|p1a: Bisharp|Swords Dance|p1a: Bisharp
|-boost|p1a: Bisharp|atk|2
|
|-heal|p2a: Corviknight|93/100|[from] item: Leftovers
|upkeep
|turn|27
|
|t:|1626449325
|move|p1a: Bisharp|Knock Off|p2a: Corviknight
|-crit|p2a: Corviknight
|-damage|p2a: Corviknight|0 fnt
|-enditem|p2a: Corviknight|Leftovers|[from] move: Knock Off|[of] p1a: Bisharp
|faint|p2a: Corviknight
|-damage|p1a: Bisharp|29/100|[from] item: Life Orb
|
|upkeep
|j| Tlt2 badplayer
|l| Tlt2 badplayer
|inactive|BestixL has 120 seconds left.
|l| Real Psyco
|inactive|BestixL has 90 seconds left.
|inactive|BestixL has 60 seconds left.
|
|t:|1626449422
|switch|p2a: Yotsuba|Tornadus-Therian, M, shiny|100/100
|turn|28
|inactive|BestixL has 60 seconds left.
|l| Zombini62
|inactive|LT83AQ EL NANO has 120 seconds left.
|j|+Dag◟Dan◝
|
|t:|1626449459
|move|p1a: Bisharp|Sucker Punch|p2a: Yotsuba
|-damage|p2a: Yotsuba|0 fnt
|faint|p2a: Yotsuba
|-damage|p1a: Bisharp|19/100|[from] item: Life Orb
|
|upkeep
|inactive|BestixL has 60 seconds left.
|
|t:|1626449465
|switch|p2a: Itsuki|Clefable, F|99/100
|turn|29
|
|t:|1626449469
|switch|p2a: Heatran|Heatran, M|100/100
|-damage|p2a: Heatran|88/100|[from] Stealth Rock
|-damage|p2a: Heatran|71/100|[from] Spikes
|move|p1a: Bisharp|Knock Off|p2a: Heatran
|-damage|p2a: Heatran|0 fnt
|-enditem|p2a: Heatran|Leftovers|[from] move: Knock Off|[of] p1a: Bisharp
|faint|p2a: Heatran
|-damage|p1a: Bisharp|9/100|[from] item: Life Orb
|
|upkeep
|
|t:|1626449473
|switch|p2a: Landorus|Landorus-Therian, M|94/100
|-damage|p2a: Landorus|82/100|[from] Stealth Rock
|-ability|p2a: Landorus|Intimidate|boost
|-unboost|p1a: Bisharp|atk|1
|-ability|p1a: Bisharp|Defiant
|-boost|p1a: Bisharp|atk|2
|turn|30
|
|t:|1626449481
|move|p1a: Bisharp|Iron Head|p2a: Landorus
|-damage|p2a: Landorus|0 fnt
|faint|p2a: Landorus
|-damage|p1a: Bisharp|0 fnt|[from] item: Life Orb
|faint|p1a: Bisharp
|
|upkeep
|
|t:|1626449489
|switch|p1a: Cloyster|Cloyster, F|100/100
|switch|p2a: Itsuki|Clefable, F|99/100
|-damage|p1a: Cloyster|76/100|[from] Stealth Rock
|turn|31
|
|t:|1626449493
|move|p1a: Cloyster|Icicle Spear|p2a: Itsuki
|-damage|p2a: Itsuki|88/100
|-crit|p2a: Itsuki
|-damage|p2a: Itsuki|70/100
|-damage|p2a: Itsuki|59/100
|-damage|p2a: Itsuki|47/100
|-damage|p2a: Itsuki|35/100
|-hitcount|p2a: Itsuki|5
|move|p2a: Itsuki|Moonblast|p1a: Cloyster
|-damage|p1a: Cloyster|0 fnt
|faint|p1a: Cloyster
|
|-heal|p2a: Itsuki|41/100|[from] item: Leftovers
|upkeep
|
|t:|1626449497
|switch|p1a: Dragapult|Dragapult, F|62/100
|-damage|p1a: Dragapult|49/100|[from] Stealth Rock
|turn|32
|
|t:|1626449499
|move|p1a: Dragapult|Shadow Ball|p2a: Itsuki
|-damage|p2a: Itsuki|5/100
|-unboost|p2a: Itsuki|spd|1
|move|p2a: Itsuki|Soft-Boiled|p2a: Itsuki
|-heal|p2a: Itsuki|55/100
|
|-heal|p2a: Itsuki|61/100|[from] item: Leftovers
|upkeep
|turn|33
|inactive|BestixL has 120 seconds left.
|c|☆LT83AQ EL NANO|sry
|c|☆LT83AQ EL NANO|man im sry
|c| cute pink team|BestixL nice try
|l| doki148
|c|☆BestixL|it's fine
|c|☆BestixL|It's ladder
|c|☆BestixL|Lol
|inactive|BestixL has 90 seconds left.
|c|☆LT83AQ EL NANO|u played it well
|
|t:|1626449537
|move|p1a: Dragapult|Shadow Ball|p2a: Itsuki
|-damage|p2a: Itsuki|5/100
|move|p2a: Itsuki|Moonblast|p1a: Dragapult
|-supereffective|p1a: Dragapult
|-damage|p1a: Dragapult|0 fnt
|faint|p1a: Dragapult
|
|-heal|p2a: Itsuki|11/100|[from] item: Leftovers
|upkeep
|c| cute pink team|even with the tours
|
|t:|1626449540
|switch|p1a: Volcarona|Volcarona, F|100/100
|turn|34
|c| cute pink team|luck is a part of this game
|
|t:|1626449550
|move|p1a: Volcarona|Flamethrower|p2a: Itsuki
|-damage|p2a: Itsuki|0 fnt
|faint|p2a: Itsuki
|
|win|LT83AQ EL NANO
|c| cute pink team|BestixL
|raw|LT83AQ EL NANO's rating: 1805 &rarr; <strong>1826</strong><br />(+21 for winning)
|raw|BestixL's rating: 1819 &rarr; <strong>1798</strong><br />(-21 for losing)
|l|+Dag◟Dan◝
|l|☆BestixL
|j| Sagiri I.
|l|☆LT83AQ EL NANO
