|j|☆LT94JE Allistair
|j|‽hypervortexreturns
|t:|1667382160
|gametype|singles
|player|p1|LT94JE Allistair|170|1770
|player|p2|hypervortexreturns|265|1816
|teamsize|p1|6
|teamsize|p2|6
|gen|8
|tier|[Gen 8] OU
|rated|
|rule|Sleep Clause Mod: Limit one foe put to sleep
|rule|Species Clause: Limit one of each Pokémon
|rule|OHKO Clause: OHKO moves are banned
|rule|Evasion Items Clause: Evasion items are banned
|rule|Evasion Moves Clause: Evasion moves are banned
|rule|Endless Battle Clause: Forcing endless battles is banned
|rule|HP Percentage Mod: HP is shown in percentages
|rule|Dynamax Clause: You cannot dynamax
|clearpoke
|poke|p1|Mew|
|poke|p1|Slurpuff, M|
|poke|p1|Vanilluxe, M|
|poke|p1|Jirachi|
|poke|p1|Tapu Lele|
|poke|p1|Magnezone|
|poke|p2|Hydreigon, F|
|poke|p2|Zapdos|
|poke|p2|Tangrowth, M|
|poke|p2|Corviknight, F|
|poke|p2|Excadrill, M|
|poke|p2|Azumarill, F|
|teampreview
|j| Alphapheonix05
|inactive|Battle timer is ON: inactive players will automatically lose when time's up. (requested by hypervortexreturns)
|inactive|LT94JE Allistair has 120 seconds left.
|l| Alphapheonix05
|
|t:|1667382239
|start
|switch|p1a: Slurpuff|Slurpuff, M|100/100
|switch|p2a: Excadrill|Excadrill, M|100/100
|-ability|p2a: Excadrill|Mold Breaker
|turn|1
|
|t:|1667382250
|move|p2a: Excadrill|Iron Head|p1a: Slurpuff
|-supereffective|p1a: Slurpuff
|-damage|p1a: Slurpuff|19/100
|cant|p1a: Slurpuff|flinch
|
|upkeep
|turn|2
|
|t:|1667382268
|switch|p1a: Magnezone|Magnezone|100/100
|move|p2a: Excadrill|Earthquake|p1a: Magnezone
|-supereffective|p1a: Magnezone
|-enditem|p1a: Magnezone|Focus Sash
|-damage|p1a: Magnezone|1/100
|
|upkeep
|turn|3
|
|t:|1667382282
|move|p2a: Excadrill|Iron Head|p1a: Magnezone
|-resisted|p1a: Magnezone
|-damage|p1a: Magnezone|0 fnt
|faint|p1a: Magnezone
|
|upkeep
|j| You eat my shit !
|
|t:|1667382291
|switch|p1a: Mew|Mew|100/100
|turn|4
|
|t:|1667382307
|switch|p2a: Zapdos|Zapdos|100/100
|move|p1a: Mew|Taunt|p2a: Zapdos
|-start|p2a: Zapdos|move: Taunt
|
|upkeep
|turn|5
|
|t:|1667382324
|switch|p2a: Tangrowth|Tangrowth, M|100/100
|move|p1a: Mew|Cosmic Power|p1a: Mew
|-boost|p1a: Mew|def|1
|-boost|p1a: Mew|spd|1
|
|upkeep
|turn|6
|j| ndhb
|inactive|LT94JE Allistair has 120 seconds left.
|j| wshmjoo
|j| Rvp4president
|
|t:|1667382377
|move|p1a: Mew|Taunt|p2a: Tangrowth
|-start|p2a: Tangrowth|move: Taunt
|cant|p2a: Tangrowth|move: Taunt|Sleep Powder
|
|upkeep
|turn|7
|
|t:|1667382384
|switch|p2a: Hydreigon|Hydreigon, F|100/100
|move|p1a: Mew|Cosmic Power|p1a: Mew
|-boost|p1a: Mew|def|1
|-boost|p1a: Mew|spd|1
|
|upkeep
|turn|8
|
|t:|1667382395
|move|p1a: Mew|Taunt|p2a: Hydreigon
|-start|p2a: Hydreigon|move: Taunt
|cant|p2a: Hydreigon|move: Taunt|Nasty Plot
|
|upkeep
|turn|9
|
|t:|1667382406
|switch|p2a: Zapdos|Zapdos|100/100
|move|p1a: Mew|Cosmic Power|p1a: Mew
|-boost|p1a: Mew|def|1
|-boost|p1a: Mew|spd|1
|
|upkeep
|turn|10
|
|t:|1667382415
|move|p1a: Mew|Taunt|p2a: Zapdos
|-start|p2a: Zapdos|move: Taunt
|move|p2a: Zapdos|Discharge|p1a: Mew
|-damage|p1a: Mew|89/100
|
|upkeep
|turn|11
|
|t:|1667382423
|switch|p2a: Hydreigon|Hydreigon, F|100/100
|move|p1a: Mew|Stored Power|p2a: Hydreigon
|-immune|p2a: Hydreigon
|
|upkeep
|turn|12
|
|t:|1667382432
|move|p1a: Mew|Taunt|p2a: Hydreigon
|-start|p2a: Hydreigon|move: Taunt
|cant|p2a: Hydreigon|move: Taunt|Nasty Plot
|
|upkeep
|turn|13
|
|t:|1667382442
|move|p1a: Mew|Cosmic Power|p1a: Mew
|-boost|p1a: Mew|def|1
|-boost|p1a: Mew|spd|1
|move|p2a: Hydreigon|Earth Power|p1a: Mew
|-damage|p1a: Mew|81/100
|
|upkeep
|turn|14
|j| cypherstest
|j| Swifterblade
|
|t:|1667382452
|switch|p2a: Corviknight|Corviknight, F|100/100
|-ability|p2a: Corviknight|Pressure
|move|p1a: Mew|Cosmic Power|p1a: Mew
|-boost|p1a: Mew|def|1
|-boost|p1a: Mew|spd|1
|
|upkeep
|turn|15
|
|t:|1667382465
|move|p1a: Mew|Cosmic Power|p1a: Mew
|-boost|p1a: Mew|def|1
|-boost|p1a: Mew|spd|1
|move|p2a: Corviknight|Taunt|p1a: Mew
|-start|p1a: Mew|move: Taunt
|
|upkeep
|turn|16
|
|t:|1667382478
|move|p1a: Mew|Stored Power|p2a: Corviknight
|-resisted|p2a: Corviknight
|-damage|p2a: Corviknight|67/100
|move|p2a: Corviknight|Roost|p2a: Corviknight
|-heal|p2a: Corviknight|100/100
|-singleturn|p2a: Corviknight|move: Roost
|
|upkeep
|turn|17
|
|t:|1667382488
|move|p1a: Mew|Stored Power|p2a: Corviknight
|-resisted|p2a: Corviknight
|-damage|p2a: Corviknight|69/100
|move|p2a: Corviknight|Roost|p2a: Corviknight
|-heal|p2a: Corviknight|100/100
|-singleturn|p2a: Corviknight|move: Roost
|
|upkeep
|turn|18
|
|t:|1667382500
|move|p1a: Mew|Stored Power|p2a: Corviknight
|-resisted|p2a: Corviknight
|-damage|p2a: Corviknight|71/100
|move|p2a: Corviknight|Roost|p2a: Corviknight
|-heal|p2a: Corviknight|100/100
|-singleturn|p2a: Corviknight|move: Roost
|
|-end|p1a: Mew|move: Taunt
|upkeep
|turn|19
|
|t:|1667382510
|move|p1a: Mew|Taunt|p2a: Corviknight
|-start|p2a: Corviknight|move: Taunt
|cant|p2a: Corviknight|move: Taunt|Taunt
|
|upkeep
|turn|20
|
|t:|1667382517
|switch|p2a: Hydreigon|Hydreigon, F|100/100
|move|p1a: Mew|Taunt|p2a: Hydreigon
|-start|p2a: Hydreigon|move: Taunt
|
|upkeep
|turn|21
|
|t:|1667382524
|switch|p2a: Corviknight|Corviknight, F|100/100
|-ability|p2a: Corviknight|Pressure
|move|p1a: Mew|Stored Power|p2a: Corviknight
|-resisted|p2a: Corviknight
|-damage|p2a: Corviknight|72/100
|
|-heal|p2a: Corviknight|78/100|[from] item: Leftovers
|upkeep
|turn|22
|
|t:|1667382535
|switch|p1a: Tapu Lele|Tapu Lele|100/100
|-fieldstart|move: Psychic Terrain|[from] ability: Psychic Surge|[of] p1a: Tapu Lele
|move|p2a: Corviknight|Taunt|p1a: Tapu Lele
|-start|p1a: Tapu Lele|move: Taunt
|
|-heal|p2a: Corviknight|84/100|[from] item: Leftovers
|upkeep
|turn|23
|
|t:|1667382553
|switch|p1a: Mew|Mew|81/100
|switch|p2a: Excadrill|Excadrill, M|100/100
|-ability|p2a: Excadrill|Mold Breaker
|
|upkeep
|turn|24
|
|t:|1667382566
|move|p1a: Mew|Taunt|p2a: Excadrill
|-start|p2a: Excadrill|move: Taunt
|move|p2a: Excadrill|Earthquake|p1a: Mew
|-damage|p1a: Mew|32/100
|
|upkeep
|turn|25
|
|t:|1667382578
|move|p1a: Mew|Stored Power|p2a: Excadrill
|-resisted|p2a: Excadrill
|-damage|p2a: Excadrill|94/100
|move|p2a: Excadrill|Earthquake|p1a: Mew
|-damage|p1a: Mew|0 fnt
|faint|p1a: Mew
|
|-heal|p2a: Excadrill|100/100|[from] item: Leftovers
|upkeep
|
|t:|1667382584
|switch|p1a: Vanilluxe|Vanilluxe, M|100/100
|-weather|Hail|[from] ability: Snow Warning|[of] p1a: Vanilluxe
|turn|26
|
|t:|1667382596
|move|p2a: Excadrill|Iron Head|p1a: Vanilluxe
|-supereffective|p1a: Vanilluxe
|-damage|p1a: Vanilluxe|0 fnt
|faint|p1a: Vanilluxe
|
|-weather|Hail|[upkeep]
|-damage|p2a: Excadrill|94/100|[from] Hail
|-heal|p2a: Excadrill|100/100|[from] item: Leftovers
|-end|p2a: Excadrill|move: Taunt
|-fieldend|move: Psychic Terrain
|upkeep
|
|t:|1667382601
|switch|p1a: Jirachi|Jirachi|100/100
|turn|27
|
|t:|1667382616
|switch|p2a: Tangrowth|Tangrowth, M|100/100
|move|p1a: Jirachi|Aura Sphere|p2a: Tangrowth
|-damage|p2a: Tangrowth|72/100
|
|-weather|Hail|[upkeep]
|-damage|p1a: Jirachi|94/100|[from] Hail
|-damage|p2a: Tangrowth|66/100|[from] Hail
|upkeep
|turn|28
|l| Rvp4president
|
|t:|1667382626
|switch|p1a: Slurpuff|Slurpuff, M|19/100
|move|p2a: Tangrowth|Sleep Powder|p1a: Slurpuff|[miss]
|-miss|p2a: Tangrowth|p1a: Slurpuff
|
|-weather|Hail|[upkeep]
|-damage|p1a: Slurpuff|13/100|[from] Hail
|-damage|p2a: Tangrowth|59/100|[from] Hail
|upkeep
|turn|29
|c| Swifterblade|gg?
|
|t:|1667382638
|move|p1a: Slurpuff|Yawn|p2a: Tangrowth
|-start|p2a: Tangrowth|move: Yawn|[of] p1a: Slurpuff
|move|p2a: Tangrowth|Power Whip|p1a: Slurpuff
|-damage|p1a: Slurpuff|0 fnt
|faint|p1a: Slurpuff
|
|-weather|Hail|[upkeep]
|-damage|p2a: Tangrowth|53/100|[from] Hail
|upkeep
|
|t:|1667382643
|switch|p1a: Tapu Lele|Tapu Lele|100/100
|-fieldstart|move: Psychic Terrain|[from] ability: Psychic Surge|[of] p1a: Tapu Lele
|turn|30
|
|t:|1667382655
|move|p1a: Tapu Lele|Calm Mind|p1a: Tapu Lele
|-boost|p1a: Tapu Lele|spa|1
|-boost|p1a: Tapu Lele|spd|1
|move|p2a: Tangrowth|Sleep Powder|p1a: Tapu Lele
|-status|p1a: Tapu Lele|slp|[from] move: Sleep Powder
|
|-weather|none
|-end|p2a: Tangrowth|move: Yawn|[silent]
|-status|p2a: Tangrowth|slp
|upkeep
|turn|31
|
|t:|1667382666
|switch|p2a: Excadrill|Excadrill, M|100/100
|-ability|p2a: Excadrill|Mold Breaker
|cant|p1a: Tapu Lele|slp
|
|upkeep
|turn|32
|
|t:|1667382673
|cant|p1a: Tapu Lele|slp
|move|p2a: Excadrill|Iron Head|p1a: Tapu Lele
|-supereffective|p1a: Tapu Lele
|-damage|p1a: Tapu Lele|0 fnt
|faint|p1a: Tapu Lele
|
|upkeep
|
|t:|1667382677
|switch|p1a: Jirachi|Jirachi|94/100
|turn|33
|
|t:|1667382686
|move|p1a: Jirachi|Cosmic Power|p1a: Jirachi
|-boost|p1a: Jirachi|def|1
|-boost|p1a: Jirachi|spd|1
|move|p2a: Excadrill|Swords Dance|p2a: Excadrill
|-boost|p2a: Excadrill|atk|2
|
|upkeep
|turn|34
|
|t:|1667382695
|move|p1a: Jirachi|Aura Sphere|p2a: Excadrill
|-supereffective|p2a: Excadrill
|-damage|p2a: Excadrill|45/100
|move|p2a: Excadrill|Swords Dance|p2a: Excadrill
|-boost|p2a: Excadrill|atk|2
|
|-heal|p2a: Excadrill|51/100|[from] item: Leftovers
|-fieldend|move: Psychic Terrain
|upkeep
|turn|35
|
|t:|1667382705
|move|p1a: Jirachi|Aura Sphere|p2a: Excadrill
|-supereffective|p2a: Excadrill
|-damage|p2a: Excadrill|0 fnt
|faint|p2a: Excadrill
|
|upkeep
|
|t:|1667382722
|switch|p2a: Corviknight|Corviknight, F|84/100
|-ability|p2a: Corviknight|Pressure
|turn|36
|
|t:|1667382727
|move|p1a: Jirachi|Cosmic Power|p1a: Jirachi
|-boost|p1a: Jirachi|def|1
|-boost|p1a: Jirachi|spd|1
|move|p2a: Corviknight|Taunt|p1a: Jirachi
|-start|p1a: Jirachi|move: Taunt
|
|-heal|p2a: Corviknight|90/100|[from] item: Leftovers
|upkeep
|turn|37
|
|t:|1667382736
|move|p1a: Jirachi|Aura Sphere|p2a: Corviknight
|-crit|p2a: Corviknight
|-damage|p2a: Corviknight|68/100
|move|p2a: Corviknight|Bulk Up|p2a: Corviknight
|-boost|p2a: Corviknight|atk|1
|-boost|p2a: Corviknight|def|1
|
|-heal|p2a: Corviknight|74/100|[from] item: Leftovers
|upkeep
|turn|38
|l| You eat my shit !
|
|t:|1667382746
|move|p1a: Jirachi|Aura Sphere|p2a: Corviknight
|-damage|p2a: Corviknight|60/100
|move|p2a: Corviknight|Bulk Up|p2a: Corviknight
|-boost|p2a: Corviknight|atk|1
|-boost|p2a: Corviknight|def|1
|
|-heal|p2a: Corviknight|67/100|[from] item: Leftovers
|upkeep
|turn|39
|
|t:|1667382755
|move|p1a: Jirachi|Aura Sphere|p2a: Corviknight
|-damage|p2a: Corviknight|53/100
|move|p2a: Corviknight|Roost|p2a: Corviknight
|-heal|p2a: Corviknight|100/100
|-singleturn|p2a: Corviknight|move: Roost
|
|-end|p1a: Jirachi|move: Taunt
|upkeep
|turn|40
|j| vcxvcxvcvccccx
|
|t:|1667382766
|move|p1a: Jirachi|Cosmic Power|p1a: Jirachi
|-boost|p1a: Jirachi|def|1
|-boost|p1a: Jirachi|spd|1
|move|p2a: Corviknight|Taunt|p1a: Jirachi
|-start|p1a: Jirachi|move: Taunt
|
|upkeep
|turn|41
|
|t:|1667382775
|move|p1a: Jirachi|Aura Sphere|p2a: Corviknight
|-damage|p2a: Corviknight|85/100
|move|p2a: Corviknight|Bulk Up|p2a: Corviknight
|-boost|p2a: Corviknight|atk|1
|-boost|p2a: Corviknight|def|1
|
|-heal|p2a: Corviknight|92/100|[from] item: Leftovers
|upkeep
|turn|42
|
|t:|1667382790
|move|p1a: Jirachi|Aura Sphere|p2a: Corviknight
|-damage|p2a: Corviknight|76/100
|move|p2a: Corviknight|Bulk Up|p2a: Corviknight
|-boost|p2a: Corviknight|atk|1
|-boost|p2a: Corviknight|def|1
|
|-heal|p2a: Corviknight|82/100|[from] item: Leftovers
|upkeep
|turn|43
|
|t:|1667382800
|move|p1a: Jirachi|Aura Sphere|p2a: Corviknight
|-damage|p2a: Corviknight|67/100
|move|p2a: Corviknight|Bulk Up|p2a: Corviknight
|-boost|p2a: Corviknight|atk|1
|-boost|p2a: Corviknight|def|1
|
|-heal|p2a: Corviknight|73/100|[from] item: Leftovers
|-end|p1a: Jirachi|move: Taunt
|upkeep
|turn|44
|
|t:|1667382811
|move|p1a: Jirachi|Stored Power|p2a: Corviknight
|-resisted|p2a: Corviknight
|-damage|p2a: Corviknight|55/100
|move|p2a: Corviknight|Taunt|p1a: Jirachi
|-start|p1a: Jirachi|move: Taunt
|
|-heal|p2a: Corviknight|61/100|[from] item: Leftovers
|upkeep
|turn|45
|-message|LT94JE Allistair forfeited.
|
|win|hypervortexreturns
|raw|LT94JE Allistair's rating: 1770 &rarr; <strong>1753</strong><br />(-17 for losing)
|raw|hypervortexreturns's rating: 1816 &rarr; <strong>1833</strong><br />(+17 for winning)
|l|☆LT94JE Allistair
|j| 10 Million Voices
|l| 10 Million Voices
|l|‽hypervortexreturns
