|j|☆Mreow
|j|☆Tirkys
|t:|1614098128
|player|p1|Mreow|acetrainersnowf|1722
|player|p2|Tirkys|hilda-dueldisk|1740
|teamsize|p1|6
|teamsize|p2|6
|gametype|singles
|gen|8
|tier|[Gen 8] OU
|rated|
|clearpoke
|poke|p1|Celesteela|
|poke|p1|Victini|
|poke|p1|Dragonite, M|
|poke|p1|Swampert, F|
|poke|p1|Bewear, F|
|poke|p1|Xurkitree|
|poke|p2|Volcarona, M|
|poke|p2|Quagsire, M|
|poke|p2|Xatu, M|
|poke|p2|Mantine, F|
|poke|p2|Drapion, F|
|poke|p2|Ninetales-Alola, F|
|rule|Sleep Clause Mod: Limit one foe put to sleep
|rule|Species Clause: Limit one of each Pokémon
|rule|OHKO Clause: OHKO moves are banned
|rule|Evasion Moves Clause: Evasion moves are banned
|rule|Endless Battle Clause: Forcing endless battles is banned
|rule|HP Percentage Mod: HP is shown in percentages
|rule|Dynamax Clause: You cannot dynamax
|teampreview
|
|t:|1614098136
|start
|switch|p1a: Labedaine|Celesteela, shiny|100/100
|switch|p2a: PurpleHaze|Drapion, F|100/100
|turn|1
|inactive|Battle timer is ON: inactive players will automatically lose when time's up. (requested by Tirkys)
|
|t:|1614098151
|move|p2a: PurpleHaze|Knock Off|p1a: Labedaine
|-damage|p1a: Labedaine|70/100
|-enditem|p1a: Labedaine|Leftovers|[from] move: Knock Off|[of] p2a: PurpleHaze
|move|p1a: Labedaine|Earthquake|p2a: PurpleHaze
|-supereffective|p2a: PurpleHaze
|-damage|p2a: PurpleHaze|39/100
|
|-heal|p2a: PurpleHaze|45/100|[from] item: Black Sludge
|upkeep
|turn|2
|j| Pok et glace
|
|t:|1614098163
|switch|p2a: ManInTheMirror|Xatu, M|100/100
|move|p1a: Labedaine|Earthquake|p2a: ManInTheMirror
|-immune|p2a: ManInTheMirror
|
|upkeep
|turn|3
|
|t:|1614098166
|move|p2a: ManInTheMirror|Heat Wave|p1a: Labedaine
|-supereffective|p1a: Labedaine
|-damage|p1a: Labedaine|30/100
|move|p1a: Labedaine|Heavy Slam|p2a: ManInTheMirror
|-damage|p2a: ManInTheMirror|32/100
|-damage|p1a: Labedaine|14/100|[from] item: Rocky Helmet|[of] p2a: ManInTheMirror
|
|upkeep
|turn|4
|
|t:|1614098174
|move|p2a: ManInTheMirror|Roost|p2a: ManInTheMirror
|-heal|p2a: ManInTheMirror|82/100
|-singleturn|p2a: ManInTheMirror|move: Roost
|move|p1a: Labedaine|Heavy Slam|p2a: ManInTheMirror
|-damage|p2a: ManInTheMirror|11/100
|-damage|p1a: Labedaine|0 fnt|[from] item: Rocky Helmet|[of] p2a: ManInTheMirror
|faint|p1a: Labedaine
|
|upkeep
|j| AwesomeAdams
|
|t:|1614098177
|switch|p1a: L'intérimaire|Xurkitree|100/100
|turn|5
|
|t:|1614098181
|switch|p2a: Magician'sRed|Volcarona, M|100/100
|move|p1a: L'intérimaire|Energy Ball|p2a: Magician'sRed
|-resisted|p2a: Magician'sRed
|-damage|p2a: Magician'sRed|93/100
|
|-heal|p2a: Magician'sRed|99/100|[from] item: Leftovers
|upkeep
|turn|6
|
|t:|1614098187
|switch|p1a: Jambonnix|Victini|100/100
|move|p2a: Magician'sRed|Quiver Dance|p2a: Magician'sRed
|-boost|p2a: Magician'sRed|spa|1
|-boost|p2a: Magician'sRed|spd|1
|-boost|p2a: Magician'sRed|spe|1
|
|-heal|p2a: Magician'sRed|100/100|[from] item: Leftovers
|upkeep
|turn|7
|
|t:|1614098192
|move|p2a: Magician'sRed|Fiery Dance|p1a: Jambonnix
|-resisted|p1a: Jambonnix
|-damage|p1a: Jambonnix|85/100
|move|p1a: Jambonnix|Psyshock|p2a: Magician'sRed
|-crit|p2a: Magician'sRed
|-damage|p2a: Magician'sRed|46/100
|
|-heal|p2a: Magician'sRed|52/100|[from] item: Leftovers
|upkeep
|turn|8
|
|t:|1614098198
|move|p2a: Magician'sRed|Roost|p2a: Magician'sRed
|-heal|p2a: Magician'sRed|100/100
|-singleturn|p2a: Magician'sRed|move: Roost
|move|p1a: Jambonnix|Psyshock|p2a: Magician'sRed
|-damage|p2a: Magician'sRed|65/100
|
|-heal|p2a: Magician'sRed|71/100|[from] item: Leftovers
|upkeep
|turn|9
|
|t:|1614098203
|move|p2a: Magician'sRed|Fiery Dance|p1a: Jambonnix
|-resisted|p1a: Jambonnix
|-damage|p1a: Jambonnix|70/100
|-boost|p2a: Magician'sRed|spa|1
|move|p1a: Jambonnix|Psyshock|p2a: Magician'sRed
|-damage|p2a: Magician'sRed|39/100
|
|-heal|p2a: Magician'sRed|45/100|[from] item: Leftovers
|upkeep
|turn|10
|
|t:|1614098210
|move|p2a: Magician'sRed|Roost|p2a: Magician'sRed
|-heal|p2a: Magician'sRed|95/100
|-singleturn|p2a: Magician'sRed|move: Roost
|move|p1a: Jambonnix|Psyshock|p2a: Magician'sRed
|-damage|p2a: Magician'sRed|58/100
|
|-heal|p2a: Magician'sRed|64/100|[from] item: Leftovers
|upkeep
|turn|11
|
|t:|1614098212
|move|p2a: Magician'sRed|Fiery Dance|p1a: Jambonnix
|-resisted|p1a: Jambonnix
|-damage|p1a: Jambonnix|51/100
|-boost|p2a: Magician'sRed|spa|1
|move|p1a: Jambonnix|Psyshock|p2a: Magician'sRed
|-damage|p2a: Magician'sRed|27/100
|
|-heal|p2a: Magician'sRed|33/100|[from] item: Leftovers
|upkeep
|turn|12
|
|t:|1614098222
|move|p2a: Magician'sRed|Roost|p2a: Magician'sRed
|-heal|p2a: Magician'sRed|84/100
|-singleturn|p2a: Magician'sRed|move: Roost
|move|p1a: Jambonnix|Psyshock|p2a: Magician'sRed
|-damage|p2a: Magician'sRed|45/100
|
|-heal|p2a: Magician'sRed|51/100|[from] item: Leftovers
|upkeep
|turn|13
|
|t:|1614098225
|move|p2a: Magician'sRed|Roost|p2a: Magician'sRed
|-heal|p2a: Magician'sRed|100/100
|-singleturn|p2a: Magician'sRed|move: Roost
|move|p1a: Jambonnix|Psyshock|p2a: Magician'sRed
|-damage|p2a: Magician'sRed|63/100
|
|-heal|p2a: Magician'sRed|69/100|[from] item: Leftovers
|upkeep
|turn|14
|
|t:|1614098227
|move|p2a: Magician'sRed|Fiery Dance|p1a: Jambonnix
|-resisted|p1a: Jambonnix
|-damage|p1a: Jambonnix|25/100
|move|p1a: Jambonnix|Psyshock|p2a: Magician'sRed
|-damage|p2a: Magician'sRed|34/100
|
|-heal|p2a: Magician'sRed|40/100|[from] item: Leftovers
|upkeep
|turn|15
|
|t:|1614098234
|move|p2a: Magician'sRed|Fiery Dance|p1a: Jambonnix
|-resisted|p1a: Jambonnix
|-damage|p1a: Jambonnix|1/100
|move|p1a: Jambonnix|Psyshock|p2a: Magician'sRed
|-damage|p2a: Magician'sRed|2/100
|
|-heal|p2a: Magician'sRed|9/100|[from] item: Leftovers
|upkeep
|turn|16
|
|t:|1614098240
|switch|p1a: Grougueulin|Dragonite, M|100/100
|move|p2a: Magician'sRed|Roost|p2a: Magician'sRed
|-heal|p2a: Magician'sRed|59/100
|-singleturn|p2a: Magician'sRed|move: Roost
|
|-heal|p2a: Magician'sRed|65/100|[from] item: Leftovers
|upkeep
|turn|17
|
|t:|1614098245
|switch|p2a: StarPlatinum|Quagsire, M, shiny|100/100
|move|p1a: Grougueulin|Outrage|p2a: StarPlatinum
|-damage|p2a: StarPlatinum|49/100
|
|-heal|p2a: StarPlatinum|56/100|[from] item: Leftovers
|upkeep
|turn|18
|
|t:|1614098252
|move|p1a: Grougueulin|Outrage|p2a: StarPlatinum|[from]lockedmove
|-damage|p2a: StarPlatinum|5/100
|-start|p1a: Grougueulin|confusion|[fatigue]
|move|p2a: StarPlatinum|Recover|p2a: StarPlatinum
|-heal|p2a: StarPlatinum|55/100
|
|-heal|p2a: StarPlatinum|61/100|[from] item: Leftovers
|upkeep
|turn|19
|
|t:|1614098255
|switch|p1a: Jambonnix|Victini|1/100
|move|p2a: StarPlatinum|Recover|p2a: StarPlatinum
|-heal|p2a: StarPlatinum|100/100
|
|upkeep
|turn|20
|
|t:|1614098259
|switch|p2a: WhiteAlbum|Ninetales-Alola, F|100/100
|-weather|Hail|[from] ability: Snow Warning|[of] p2a: WhiteAlbum
|move|p1a: Jambonnix|Blue Flare|p2a: WhiteAlbum
|-supereffective|p2a: WhiteAlbum
|-damage|p2a: WhiteAlbum|0 fnt
|faint|p2a: WhiteAlbum
|
|-weather|Hail|[upkeep]
|-damage|p1a: Jambonnix|0 fnt|[from] Hail
|faint|p1a: Jambonnix
|upkeep
|
|t:|1614098271
|switch|p2a: PurpleHaze|Drapion, F|45/100
|switch|p1a: L'intérimaire|Xurkitree|100/100
|turn|21
|
|t:|1614098274
|move|p1a: L'intérimaire|Thunderbolt|p2a: PurpleHaze
|-damage|p2a: PurpleHaze|0 fnt
|faint|p2a: PurpleHaze
|-ability|p1a: L'intérimaire|Beast Boost|boost
|-boost|p1a: L'intérimaire|spa|1
|
|-weather|Hail|[upkeep]
|-damage|p1a: L'intérimaire|94/100|[from] Hail
|upkeep
|
|t:|1614098281
|switch|p2a: StarPlatinum|Quagsire, M, shiny|100/100
|turn|22
|
|t:|1614098284
|switch|p1a: NiceBoyo|Swampert, F|100/100
|move|p2a: StarPlatinum|Scald|p1a: NiceBoyo
|-damage|p1a: NiceBoyo|88/100
|
|-weather|Hail|[upkeep]
|-damage|p1a: NiceBoyo|82/100|[from] Hail
|-damage|p2a: StarPlatinum|94/100|[from] Hail
|-heal|p1a: NiceBoyo|88/100|[from] item: Leftovers
|-heal|p2a: StarPlatinum|100/100|[from] item: Leftovers
|upkeep
|turn|23
|
|t:|1614098289
|switch|p2a: ManInTheMirror|Xatu, M|11/100
|move|p1a: NiceBoyo|Flip Turn|p2a: ManInTheMirror
|-damage|p2a: ManInTheMirror|0 fnt
|-damage|p1a: NiceBoyo|72/100|[from] item: Rocky Helmet|[of] p2a: ManInTheMirror
|faint|p2a: ManInTheMirror
|
|t:|1614098297
|switch|p1a: L'intérimaire|Xurkitree|94/100|[from]move: Flip Turn
|
|-weather|Hail|[upkeep]
|-damage|p1a: L'intérimaire|88/100|[from] Hail
|upkeep
|
|t:|1614098299
|switch|p2a: Magician'sRed|Volcarona, M|65/100
|turn|24
|
|t:|1614098305
|move|p1a: L'intérimaire|Thunderbolt|p2a: Magician'sRed
|-damage|p2a: Magician'sRed|13/100
|-status|p2a: Magician'sRed|par
|move|p2a: Magician'sRed|Roost|p2a: Magician'sRed
|-heal|p2a: Magician'sRed|63/100 par
|-singleturn|p2a: Magician'sRed|move: Roost
|
|-weather|none
|-heal|p2a: Magician'sRed|70/100 par|[from] item: Leftovers
|upkeep
|turn|25
|
|t:|1614098308
|move|p1a: L'intérimaire|Thunderbolt|p2a: Magician'sRed
|-damage|p2a: Magician'sRed|21/100 par
|move|p2a: Magician'sRed|Fiery Dance|p1a: L'intérimaire
|-damage|p1a: L'intérimaire|36/100
|-boost|p2a: Magician'sRed|spa|1
|
|-heal|p2a: Magician'sRed|27/100 par|[from] item: Leftovers
|upkeep
|turn|26
|
|t:|1614098312
|switch|p2a: StarPlatinum|Quagsire, M, shiny|100/100
|move|p1a: L'intérimaire|Thunderbolt|p2a: StarPlatinum
|-immune|p2a: StarPlatinum
|
|upkeep
|turn|27
|
|t:|1614098315
|switch|p1a: NiceBoyo|Swampert, F|72/100
|move|p2a: StarPlatinum|Scald|p1a: NiceBoyo
|-damage|p1a: NiceBoyo|58/100
|-status|p1a: NiceBoyo|brn
|
|-heal|p1a: NiceBoyo|65/100 brn|[from] item: Leftovers
|-damage|p1a: NiceBoyo|58/100 brn|[from] brn
|upkeep
|turn|28
|
|t:|1614098320
|switch|p2a: CatchTheRainbow|Mantine, F|100/100
|move|p1a: NiceBoyo|Toxic|p2a: CatchTheRainbow
|-status|p2a: CatchTheRainbow|tox
|
|-heal|p1a: NiceBoyo|65/100 brn|[from] item: Leftovers
|-damage|p2a: CatchTheRainbow|94/100 tox|[from] psn
|-damage|p1a: NiceBoyo|58/100 brn|[from] brn
|upkeep
|turn|29
|
|t:|1614098325
|move|p2a: CatchTheRainbow|Defog|p1a: NiceBoyo
|-unboost|p1a: NiceBoyo|evasion|1
|move|p1a: NiceBoyo|Stealth Rock|p2a: CatchTheRainbow
|-sidestart|p2: Tirkys|move: Stealth Rock
|
|-heal|p2a: CatchTheRainbow|100/100 tox|[from] item: Leftovers
|-heal|p1a: NiceBoyo|65/100 brn|[from] item: Leftovers
|-damage|p2a: CatchTheRainbow|88/100 tox|[from] psn
|-damage|p1a: NiceBoyo|58/100 brn|[from] brn
|upkeep
|turn|30
|
|t:|1614098328
|switch|p1a: L'intérimaire|Xurkitree|36/100
|move|p2a: CatchTheRainbow|Defog|p1a: L'intérimaire
|-unboost|p1a: L'intérimaire|evasion|1
|-sideend|p2: Tirkys|Stealth Rock|[from] move: Defog|[of] p2a: CatchTheRainbow
|
|-heal|p2a: CatchTheRainbow|94/100 tox|[from] item: Leftovers
|-damage|p2a: CatchTheRainbow|76/100 tox|[from] psn
|upkeep
|turn|31
|j| Trysmeth
|
|t:|1614098332
|move|p1a: L'intérimaire|Energy Ball|p2a: CatchTheRainbow
|-damage|p2a: CatchTheRainbow|55/100 tox
|move|p2a: CatchTheRainbow|Toxic|p1a: L'intérimaire
|-status|p1a: L'intérimaire|tox
|
|-heal|p2a: CatchTheRainbow|61/100 tox|[from] item: Leftovers
|-damage|p1a: L'intérimaire|30/100 tox|[from] psn
|-damage|p2a: CatchTheRainbow|37/100 tox|[from] psn
|upkeep
|turn|32
|
|t:|1614098338
|switch|p1a: NiceBoyo|Swampert, F|58/100 brn
|move|p2a: CatchTheRainbow|Roost|p2a: CatchTheRainbow
|-heal|p2a: CatchTheRainbow|87/100 tox
|-singleturn|p2a: CatchTheRainbow|move: Roost
|
|-heal|p2a: CatchTheRainbow|93/100 tox|[from] item: Leftovers
|-heal|p1a: NiceBoyo|65/100 brn|[from] item: Leftovers
|-damage|p2a: CatchTheRainbow|62/100 tox|[from] psn
|-damage|p1a: NiceBoyo|58/100 brn|[from] brn
|upkeep
|turn|33
|
|t:|1614098341
|move|p2a: CatchTheRainbow|Roost|p2a: CatchTheRainbow
|-heal|p2a: CatchTheRainbow|100/100 tox
|-singleturn|p2a: CatchTheRainbow|move: Roost
|move|p1a: NiceBoyo|Stealth Rock|p2a: CatchTheRainbow
|-sidestart|p2: Tirkys|move: Stealth Rock
|
|-heal|p1a: NiceBoyo|65/100 brn|[from] item: Leftovers
|-damage|p2a: CatchTheRainbow|64/100 tox|[from] psn
|-damage|p1a: NiceBoyo|58/100 brn|[from] brn
|upkeep
|turn|34
|
|t:|1614098344
|move|p2a: CatchTheRainbow|Defog|p1a: NiceBoyo
|-unboost|p1a: NiceBoyo|evasion|1
|-sideend|p2: Tirkys|Stealth Rock|[from] move: Defog|[of] p2a: CatchTheRainbow
|move|p1a: NiceBoyo|Stealth Rock|p2a: CatchTheRainbow
|-sidestart|p2: Tirkys|move: Stealth Rock
|
|-heal|p2a: CatchTheRainbow|70/100 tox|[from] item: Leftovers
|-heal|p1a: NiceBoyo|65/100 brn|[from] item: Leftovers
|-damage|p2a: CatchTheRainbow|27/100 tox|[from] psn
|-damage|p1a: NiceBoyo|58/100 brn|[from] brn
|upkeep
|turn|35
|
|t:|1614098347
|move|p2a: CatchTheRainbow|Defog|p1a: NiceBoyo
|-unboost|p1a: NiceBoyo|evasion|1
|-sideend|p2: Tirkys|Stealth Rock|[from] move: Defog|[of] p2a: CatchTheRainbow
|move|p1a: NiceBoyo|Stealth Rock|p2a: CatchTheRainbow
|-sidestart|p2: Tirkys|move: Stealth Rock
|
|-heal|p2a: CatchTheRainbow|33/100 tox|[from] item: Leftovers
|-heal|p1a: NiceBoyo|65/100 brn|[from] item: Leftovers
|-damage|p2a: CatchTheRainbow|0 fnt|[from] psn
|faint|p2a: CatchTheRainbow
|-damage|p1a: NiceBoyo|58/100 brn|[from] brn
|upkeep
|
|t:|1614098351
|switch|p2a: StarPlatinum|Quagsire, M, shiny|100/100
|-damage|p2a: StarPlatinum|94/100|[from] Stealth Rock
|turn|36
|
|t:|1614098354
|move|p1a: NiceBoyo|Toxic|p2a: StarPlatinum
|-status|p2a: StarPlatinum|tox
|move|p2a: StarPlatinum|Scald|p1a: NiceBoyo
|-damage|p1a: NiceBoyo|44/100 brn
|
|-heal|p1a: NiceBoyo|50/100 brn|[from] item: Leftovers
|-heal|p2a: StarPlatinum|100/100 tox|[from] item: Leftovers
|-damage|p1a: NiceBoyo|44/100 brn|[from] brn
|-damage|p2a: StarPlatinum|94/100 tox|[from] psn
|upkeep
|turn|37
|
|t:|1614098358
|move|p1a: NiceBoyo|Earthquake|p2a: StarPlatinum
|-damage|p2a: StarPlatinum|82/100 tox
|move|p2a: StarPlatinum|Scald|p1a: NiceBoyo
|-damage|p1a: NiceBoyo|32/100 brn
|
|-heal|p1a: NiceBoyo|39/100 brn|[from] item: Leftovers
|-heal|p2a: StarPlatinum|88/100 tox|[from] item: Leftovers
|-damage|p1a: NiceBoyo|32/100 brn|[from] brn
|-damage|p2a: StarPlatinum|76/100 tox|[from] psn
|upkeep
|turn|38
|
|t:|1614098361
|move|p1a: NiceBoyo|Earthquake|p2a: StarPlatinum
|-damage|p2a: StarPlatinum|63/100 tox
|move|p2a: StarPlatinum|Scald|p1a: NiceBoyo
|-damage|p1a: NiceBoyo|20/100 brn
|
|-heal|p1a: NiceBoyo|26/100 brn|[from] item: Leftovers
|-heal|p2a: StarPlatinum|69/100 tox|[from] item: Leftovers
|-damage|p1a: NiceBoyo|20/100 brn|[from] brn
|-damage|p2a: StarPlatinum|50/100 tox|[from] psn
|upkeep
|turn|39
|
|t:|1614098364
|move|p1a: NiceBoyo|Earthquake|p2a: StarPlatinum
|-damage|p2a: StarPlatinum|36/100 tox
|move|p2a: StarPlatinum|Rest|p2a: StarPlatinum
|-status|p2a: StarPlatinum|slp|[from] move: Rest
|-heal|p2a: StarPlatinum|100/100 slp|[silent]
|
|-heal|p1a: NiceBoyo|26/100 brn|[from] item: Leftovers
|-damage|p1a: NiceBoyo|20/100 brn|[from] brn
|upkeep
|turn|40
|j| gkvvghj
|
|t:|1614098369
|move|p1a: NiceBoyo|Flip Turn|p2a: StarPlatinum
|-damage|p2a: StarPlatinum|88/100 slp
|j| Sididl
|
|t:|1614098371
|switch|p1a: L'intérimaire|Xurkitree|30/100 tox|[from]move: Flip Turn
|cant|p2a: StarPlatinum|slp
|
|-heal|p2a: StarPlatinum|94/100 slp|[from] item: Leftovers
|-damage|p1a: L'intérimaire|24/100 tox|[from] psn
|upkeep
|turn|41
|
|t:|1614098375
|switch|p2a: Magician'sRed|Volcarona, M|27/100 par
|-damage|p2a: Magician'sRed|0 fnt|[from] Stealth Rock
|faint|p2a: Magician'sRed
|move|p1a: L'intérimaire|Energy Ball|p2: Magician'sRed|[notarget]
|-fail|p1a: L'intérimaire
|
|-damage|p1a: L'intérimaire|12/100 tox|[from] psn
|upkeep
|
|t:|1614098378
|switch|p2a: StarPlatinum|Quagsire, M, shiny|94/100 slp
|-damage|p2a: StarPlatinum|88/100 slp|[from] Stealth Rock
|turn|42
|l| Sididl
|
|t:|1614098381
|move|p1a: L'intérimaire|Energy Ball|p2a: StarPlatinum
|-supereffective|p2a: StarPlatinum
|-damage|p2a: StarPlatinum|0 fnt
|faint|p2a: StarPlatinum
|
|win|Mreow
|l|☆Tirkys
|l|☆Mreow
||Ladder (probably) updated, but score could not be retrieved (Request timeout).
|c| Pok et glace|you can do it! mreow
|l| gkvvghj
|l| Trysmeth
