|j|☆Iznamakin
|j|☆Bloody Busybody
|t:|1664199011
|gametype|singles
|player|p1|Iznamakin|chase|1839
|player|p2|Bloody Busybody|bugcatcher|1781
|teamsize|p1|6
|teamsize|p2|6
|gen|8
|tier|[Gen 8] OU
|rated|
|rule|Sleep Clause Mod: Limit one foe put to sleep
|rule|Species Clause: Limit one of each Pokémon
|rule|OHKO Clause: OHKO moves are banned
|rule|Evasion Items Clause: Evasion items are banned
|rule|Evasion Moves Clause: Evasion moves are banned
|rule|Endless Battle Clause: Forcing endless battles is banned
|rule|HP Percentage Mod: HP is shown in percentages
|rule|Dynamax Clause: You cannot dynamax
|clearpoke
|poke|p1|Dragapult, M|
|poke|p1|Celesteela|
|poke|p1|Rillaboom, M|
|poke|p1|Bisharp, M|
|poke|p1|Blaziken, M|
|poke|p1|Nihilego|
|poke|p2|Volcanion|
|poke|p2|Corviknight, F|
|poke|p2|Mamoswine, M|
|poke|p2|Blissey, F|
|poke|p2|Rillaboom, M|
|poke|p2|Hydreigon, F|
|teampreview
|inactive|Battle timer is ON: inactive players will automatically lose when time's up. (requested by Iznamakin)
|j| Shotintheheart
|l| Shotintheheart
|
|t:|1664199030
|start
|switch|p1a: Nihilego|Nihilego|100/100
|switch|p2a: Volcanion|Volcanion|100/100
|turn|1
|
|t:|1664199033
|switch|p2a: Blissey|Blissey, F|100/100
|move|p1a: Nihilego|Stealth Rock|p2a: Blissey
|-sidestart|p2: Bloody Busybody|move: Stealth Rock
|
|upkeep
|turn|2
|
|t:|1664199035
|switch|p1a: Destroyer|Blaziken, M, shiny|100/100
|move|p2a: Blissey|Seismic Toss|p1a: Destroyer
|-damage|p1a: Destroyer|67/100
|
|upkeep
|turn|3
|
|t:|1664199040
|switch|p2a: Hydreigon|Hydreigon, F|100/100
|-damage|p2a: Hydreigon|88/100|[from] Stealth Rock
|move|p1a: Destroyer|Swords Dance|p1a: Destroyer
|-boost|p1a: Destroyer|atk|2
|
|-ability|p1a: Destroyer|Speed Boost|boost
|-boost|p1a: Destroyer|spe|1
|upkeep
|turn|4
|
|t:|1664199044
|move|p1a: Destroyer|Protect|p1a: Destroyer
|-singleturn|p1a: Destroyer|Protect
|move|p2a: Hydreigon|Draco Meteor|p1a: Destroyer
|-activate|p1a: Destroyer|move: Protect
|
|-ability|p1a: Destroyer|Speed Boost|boost
|-boost|p1a: Destroyer|spe|1
|upkeep
|turn|5
|
|t:|1664199048
|move|p1a: Destroyer|Close Combat|p2a: Hydreigon
|-supereffective|p2a: Hydreigon
|-damage|p2a: Hydreigon|0 fnt
|-unboost|p1a: Destroyer|def|1
|-unboost|p1a: Destroyer|spd|1
|faint|p2a: Hydreigon
|-damage|p1a: Destroyer|57/100|[from] item: Life Orb
|
|-ability|p1a: Destroyer|Speed Boost|boost
|-boost|p1a: Destroyer|spe|1
|upkeep
|
|t:|1664199050
|switch|p2a: Rillaboom|Rillaboom, M|100/100
|-damage|p2a: Rillaboom|88/100|[from] Stealth Rock
|-fieldstart|move: Grassy Terrain|[from] ability: Grassy Surge|[of] p2a: Rillaboom
|turn|6
|
|t:|1664199053
|move|p1a: Destroyer|Protect|p1a: Destroyer
|-singleturn|p1a: Destroyer|Protect
|move|p2a: Rillaboom|U-turn|p1a: Destroyer
|-activate|p1a: Destroyer|move: Protect
|
|-heal|p1a: Destroyer|63/100|[from] Grassy Terrain
|-heal|p2a: Rillaboom|94/100|[from] Grassy Terrain
|-ability|p1a: Destroyer|Speed Boost|boost
|-boost|p1a: Destroyer|spe|1
|upkeep
|turn|7
|
|t:|1664199059
|move|p1a: Destroyer|Close Combat|p2a: Rillaboom
|-damage|p2a: Rillaboom|0 fnt
|-unboost|p1a: Destroyer|def|1
|-unboost|p1a: Destroyer|spd|1
|faint|p2a: Rillaboom
|-damage|p1a: Destroyer|53/100|[from] item: Life Orb
|
|-heal|p1a: Destroyer|59/100|[from] Grassy Terrain
|-ability|p1a: Destroyer|Speed Boost|boost
|-boost|p1a: Destroyer|spe|1
|upkeep
|-message|Bloody Busybody forfeited.
|
|win|Iznamakin
|raw|Iznamakin's rating: 1839 &rarr; <strong>1856</strong><br />(+17 for winning)
|raw|Bloody Busybody's rating: 1781 &rarr; <strong>1764</strong><br />(-17 for losing)
|l|☆Bloody Busybody
|l|☆Iznamakin
|j|☆Iznamakin
|player|p1|Iznamakin|chase
||Ladder isn't responding, score probably updated but might not have (Request timeout).
