|j|☆WeavilleParadise
|j|☆ghecisbestvillain
|t:|1667687939
|gametype|singles
|player|p1|WeavilleParadise|1|1825
|player|p2|ghecisbestvillain|scientist-gen4|1827
|teamsize|p1|6
|teamsize|p2|6
|gen|8
|tier|[Gen 8] OU
|rated|
|rule|Sleep Clause Mod: Limit one foe put to sleep
|rule|Species Clause: Limit one of each Pokémon
|rule|OHKO Clause: OHKO moves are banned
|rule|Evasion Items Clause: Evasion items are banned
|rule|Evasion Moves Clause: Evasion moves are banned
|rule|Endless Battle Clause: Forcing endless battles is banned
|rule|HP Percentage Mod: HP is shown in percentages
|rule|Dynamax Clause: You cannot dynamax
|clearpoke
|poke|p1|Nihilego|
|poke|p1|Zapdos-Galar|
|poke|p1|Kartana|
|poke|p1|Celesteela|
|poke|p1|Garchomp, F|
|poke|p1|Tapu Fini|
|poke|p2|Volcarona, M|
|poke|p2|Mew|
|poke|p2|Tapu Koko|
|poke|p2|Incineroar, M|
|poke|p2|Clefable, M|
|poke|p2|Spiritomb, M|
|teampreview
|inactive|Battle timer is ON: inactive players will automatically lose when time's up. (requested by ghecisbestvillain)
|
|t:|1667687952
|start
|switch|p1a: Tapu Fini|Tapu Fini|100/100
|switch|p2a: Naruto garbage|Tapu Koko|100/100
|-fieldstart|move: Electric Terrain|[from] ability: Electric Surge|[of] p2a: Naruto garbage
|-fieldstart|move: Misty Terrain|[from] ability: Misty Surge|[of] p1a: Tapu Fini
|turn|1
|j| Jongruenwald
|inactive|WeavilleParadise has 120 seconds left.
|inactive|WeavilleParadise has 90 seconds left.
|
|t:|1667688021
|move|p2a: Naruto garbage|Light Screen|p2a: Naruto garbage
|-sidestart|p2: ghecisbestvillain|move: Light Screen
|move|p1a: Tapu Fini|Nature's Madness|p2a: Naruto garbage
|-damage|p2a: Naruto garbage|50/100
|
|upkeep
|turn|2
|
|t:|1667688037
|move|p2a: Naruto garbage|Reflect|p2a: Naruto garbage
|-sidestart|p2: ghecisbestvillain|Reflect
|move|p1a: Tapu Fini|Taunt|p2a: Naruto garbage
|-start|p2a: Naruto garbage|move: Taunt
|
|upkeep
|turn|3
|inactive|WeavilleParadise has 90 seconds left.
|
|t:|1667688061
|switch|p2a: HXH is overrated|Incineroar, M|100/100
|-ability|p2a: HXH is overrated|Intimidate|boost
|-unboost|p1a: Tapu Fini|atk|1
|move|p1a: Tapu Fini|Nature's Madness|p2a: HXH is overrated
|-damage|p2a: HXH is overrated|50/100
|
|-heal|p2a: HXH is overrated|57/100|[from] item: Leftovers
|upkeep
|turn|4
|
|t:|1667688071
|switch|p1a: Garchomp|Garchomp, F|100/100
|move|p2a: HXH is overrated|Parting Shot|p1a: Garchomp
|-unboost|p1a: Garchomp|atk|1
|-unboost|p1a: Garchomp|spa|1
|
|t:|1667688079
|switch|p2a: Evangelion trashy|Volcarona, M|100/100|[from]move: Parting Shot
|
|upkeep
|turn|5
|
|t:|1667688085
|switch|p1a: Zapdos|Zapdos-Galar|100/100
|move|p2a: Evangelion trashy|Quiver Dance|p2a: Evangelion trashy
|-boost|p2a: Evangelion trashy|spa|1
|-boost|p2a: Evangelion trashy|spd|1
|-boost|p2a: Evangelion trashy|spe|1
|
|-fieldend|Misty Terrain
|upkeep
|turn|6
|
|t:|1667688092
|move|p2a: Evangelion trashy|Substitute|p2a: Evangelion trashy
|-start|p2a: Evangelion trashy|Substitute
|-damage|p2a: Evangelion trashy|75/100
|move|p1a: Zapdos|Brave Bird|p2a: Evangelion trashy
|-supereffective|p2a: Evangelion trashy
|-end|p2a: Evangelion trashy|Substitute
|-damage|p1a: Zapdos|92/100|[from] Recoil|[of] p2a: Evangelion trashy
|
|-heal|p2a: Evangelion trashy|82/100|[from] item: Leftovers
|upkeep
|turn|7
|inactive|WeavilleParadise has 120 seconds left.
|
|t:|1667688102
|move|p2a: Evangelion trashy|Psychic|p1a: Zapdos
|-supereffective|p1a: Zapdos
|-damage|p1a: Zapdos|0 fnt
|faint|p1a: Zapdos
|
|-heal|p2a: Evangelion trashy|88/100|[from] item: Leftovers
|upkeep
|inactive|WeavilleParadise has 120 seconds left.
|
|t:|1667688108
|switch|p1a: Nihilego|Nihilego|100/100
|turn|8
|
|t:|1667688122
|move|p2a: Evangelion trashy|Psychic|p1a: Nihilego
|-supereffective|p1a: Nihilego
|-damage|p1a: Nihilego|24/100
|move|p1a: Nihilego|Meteor Beam||[still]
|-prepare|p1a: Nihilego|Meteor Beam
|-boost|p1a: Nihilego|spa|1
|-enditem|p1a: Nihilego|Power Herb
|-anim|p1a: Nihilego|Meteor Beam|p2a: Evangelion trashy
|-supereffective|p2a: Evangelion trashy
|-damage|p2a: Evangelion trashy|0 fnt
|faint|p2a: Evangelion trashy
|-ability|p1a: Nihilego|Beast Boost|boost
|-boost|p1a: Nihilego|spe|1
|
|-sideend|p2: ghecisbestvillain|move: Light Screen
|upkeep
|
|t:|1667688134
|switch|p2a: HXH is overrated|Incineroar, M|57/100
|-ability|p2a: HXH is overrated|Intimidate|boost
|-unboost|p1a: Nihilego|atk|1
|turn|9
|
|t:|1667688138
|move|p2a: HXH is overrated|Fake Out|p1a: Nihilego
|-resisted|p1a: Nihilego
|-damage|p1a: Nihilego|17/100
|cant|p1a: Nihilego|flinch
|
|-heal|p2a: HXH is overrated|63/100|[from] item: Leftovers
|-sideend|p2: ghecisbestvillain|Reflect
|upkeep
|turn|10
|
|t:|1667688146
|move|p1a: Nihilego|Power Gem|p2a: HXH is overrated
|-supereffective|p2a: HXH is overrated
|-damage|p2a: HXH is overrated|0 fnt
|faint|p2a: HXH is overrated
|-ability|p1a: Nihilego|Beast Boost|boost
|-boost|p1a: Nihilego|spe|1
|
|upkeep
|
|t:|1667688153
|switch|p2a: Evangelion boring|Spiritomb, M|100/100
|-ability|p2a: Evangelion boring|Pressure
|turn|11
|
|t:|1667688165
|switch|p1a: Garchomp|Garchomp, F|100/100
|move|p2a: Evangelion boring|Memento|p1a: Garchomp
|-unboost|p1a: Garchomp|atk|2
|-unboost|p1a: Garchomp|spa|2
|faint|p2a: Evangelion boring
|
|upkeep
|
|t:|1667688172
|switch|p2a: Naruto garbage|Tapu Koko|50/100
|-fieldstart|move: Electric Terrain|[from] ability: Electric Surge|[of] p2a: Naruto garbage
|turn|12
|
|t:|1667688181
|move|p2a: Naruto garbage|Reflect|p2a: Naruto garbage
|-sidestart|p2: ghecisbestvillain|Reflect
|move|p1a: Garchomp|Earthquake|p2a: Naruto garbage
|-supereffective|p2a: Naruto garbage
|-damage|p2a: Naruto garbage|25/100
|
|upkeep
|turn|13
|
|t:|1667688188
|move|p2a: Naruto garbage|Light Screen|p2a: Naruto garbage
|-sidestart|p2: ghecisbestvillain|move: Light Screen
|move|p1a: Garchomp|Stealth Rock|p2a: Naruto garbage
|-sidestart|p2: ghecisbestvillain|move: Stealth Rock
|
|upkeep
|turn|14
|
|t:|1667688194
|move|p2a: Naruto garbage|Defog|p1a: Garchomp
|-unboost|p1a: Garchomp|evasion|1
|-sideend|p2: ghecisbestvillain|Stealth Rock|[from] move: Defog|[of] p2a: Naruto garbage
|-fieldend|move: Electric Terrain
|move|p1a: Garchomp|Toxic|p2a: Naruto garbage
|-status|p2a: Naruto garbage|tox
|
|-damage|p2a: Naruto garbage|19/100 tox|[from] psn
|upkeep
|turn|15
|
|t:|1667688201
|switch|p1a: Tapu Fini|Tapu Fini|100/100
|-fieldstart|move: Misty Terrain|[from] ability: Misty Surge|[of] p1a: Tapu Fini
|move|p2a: Naruto garbage|Taunt|p1a: Tapu Fini
|-start|p1a: Tapu Fini|move: Taunt
|
|-damage|p2a: Naruto garbage|7/100 tox|[from] psn
|upkeep
|turn|16
|
|t:|1667688209
|switch|p1a: Nihilego|Nihilego|17/100
|move|p2a: Naruto garbage|Defog|p1a: Nihilego
|-unboost|p1a: Nihilego|evasion|1
|-fieldend|Misty Terrain
|
|-damage|p2a: Naruto garbage|0 fnt|[from] psn
|faint|p2a: Naruto garbage
|upkeep
|
|t:|1667688216
|switch|p2a: One Piece shitty|Mew|100/100
|turn|17
|
|t:|1667688220
|switch|p1a: Tapu Fini|Tapu Fini|100/100
|-fieldstart|move: Misty Terrain|[from] ability: Misty Surge|[of] p1a: Tapu Fini
|move|p2a: One Piece shitty|Cosmic Power|p2a: One Piece shitty
|-boost|p2a: One Piece shitty|def|1
|-boost|p2a: One Piece shitty|spd|1
|
|upkeep
|turn|18
|
|t:|1667688227
|move|p2a: One Piece shitty|Taunt|p1a: Tapu Fini
|-start|p1a: Tapu Fini|move: Taunt
|cant|p1a: Tapu Fini|move: Taunt|Taunt
|
|upkeep
|turn|19
|
|t:|1667688232
|move|p2a: One Piece shitty|Cosmic Power|p2a: One Piece shitty
|-boost|p2a: One Piece shitty|def|1
|-boost|p2a: One Piece shitty|spd|1
|move|p1a: Tapu Fini|Nature's Madness|p2a: One Piece shitty
|-damage|p2a: One Piece shitty|51/100
|
|-heal|p2a: One Piece shitty|57/100|[from] item: Leftovers
|-sideend|p2: ghecisbestvillain|Reflect
|upkeep
|turn|20
|
|t:|1667688241
|move|p2a: One Piece shitty|Cosmic Power|p2a: One Piece shitty
|-boost|p2a: One Piece shitty|def|1
|-boost|p2a: One Piece shitty|spd|1
|move|p1a: Tapu Fini|Nature's Madness|p2a: One Piece shitty
|-damage|p2a: One Piece shitty|29/100
|
|-heal|p2a: One Piece shitty|35/100|[from] item: Leftovers
|-end|p1a: Tapu Fini|move: Taunt
|-sideend|p2: ghecisbestvillain|move: Light Screen
|upkeep
|turn|21
|
|t:|1667688250
|move|p2a: One Piece shitty|Taunt|p1a: Tapu Fini
|-start|p1a: Tapu Fini|move: Taunt
|cant|p1a: Tapu Fini|move: Taunt|Taunt
|
|-heal|p2a: One Piece shitty|41/100|[from] item: Leftovers
|-fieldend|Misty Terrain
|upkeep
|turn|22
|
|t:|1667688256
|switch|p1a: Garchomp|Garchomp, F|100/100
|move|p2a: One Piece shitty|Cosmic Power|p2a: One Piece shitty
|-boost|p2a: One Piece shitty|def|1
|-boost|p2a: One Piece shitty|spd|1
|
|-heal|p2a: One Piece shitty|47/100|[from] item: Leftovers
|upkeep
|turn|23
|
|t:|1667688263
|move|p1a: Garchomp|Toxic|p2a: One Piece shitty
|-status|p2a: One Piece shitty|tox
|-activate|p2a: One Piece shitty|ability: Synchronize
|-status|p1a: Garchomp|tox
|move|p2a: One Piece shitty|Stored Power|p1a: Garchomp
|-damage|p1a: Garchomp|48/100 tox
|
|-heal|p2a: One Piece shitty|54/100 tox|[from] item: Leftovers
|-damage|p1a: Garchomp|41/100 tox|[from] psn
|-damage|p2a: One Piece shitty|47/100 tox|[from] psn
|upkeep
|turn|24
|
|t:|1667688273
|move|p1a: Garchomp|Earthquake|p2a: One Piece shitty
|-damage|p2a: One Piece shitty|35/100 tox
|move|p2a: One Piece shitty|Stored Power|p1a: Garchomp
|-damage|p1a: Garchomp|0 fnt
|faint|p1a: Garchomp
|
|-heal|p2a: One Piece shitty|41/100 tox|[from] item: Leftovers
|-damage|p2a: One Piece shitty|29/100 tox|[from] psn
|upkeep
|l| Jongruenwald
|
|t:|1667688281
|switch|p1a: Nihilego|Nihilego|17/100
|turn|25
|
|t:|1667688284
|switch|p1a: Tapu Fini|Tapu Fini|100/100
|-fieldstart|move: Misty Terrain|[from] ability: Misty Surge|[of] p1a: Tapu Fini
|move|p2a: One Piece shitty|Stored Power|p1a: Tapu Fini
|-damage|p1a: Tapu Fini|47/100
|
|-heal|p2a: One Piece shitty|35/100 tox|[from] item: Leftovers
|-heal|p1a: Tapu Fini|53/100|[from] item: Leftovers
|-damage|p2a: One Piece shitty|16/100 tox|[from] psn
|upkeep
|turn|26
|j| Jongruenwald
|j| goaway12309
|
|t:|1667688294
|move|p2a: One Piece shitty|Taunt|p1a: Tapu Fini
|-start|p1a: Tapu Fini|move: Taunt
|move|p1a: Tapu Fini|Scald|p2a: One Piece shitty
|-damage|p2a: One Piece shitty|8/100 tox
|
|-heal|p2a: One Piece shitty|14/100 tox|[from] item: Leftovers
|-heal|p1a: Tapu Fini|59/100|[from] item: Leftovers
|-damage|p2a: One Piece shitty|0 fnt|[from] psn
|faint|p2a: One Piece shitty
|upkeep
|
|t:|1667688304
|switch|p2a: DB Super shoddy|Clefable, M|100/100
|turn|27
|
|t:|1667688307
|switch|p1a: Nihilego|Nihilego|17/100
|move|p2a: DB Super shoddy|Cosmic Power|p2a: DB Super shoddy
|-boost|p2a: DB Super shoddy|def|1
|-boost|p2a: DB Super shoddy|spd|1
|
|upkeep
|turn|28
|
|t:|1667688312
|move|p1a: Nihilego|Sludge Wave|p2a: DB Super shoddy
|-supereffective|p2a: DB Super shoddy
|-damage|p2a: DB Super shoddy|54/100
|move|p2a: DB Super shoddy|Cosmic Power|p2a: DB Super shoddy
|-boost|p2a: DB Super shoddy|def|1
|-boost|p2a: DB Super shoddy|spd|1
|
|-heal|p2a: DB Super shoddy|60/100|[from] item: Leftovers
|upkeep
|turn|29
|
|t:|1667688320
|switch|p1a: Tapu Fini|Tapu Fini|59/100
|move|p2a: DB Super shoddy|Soft-Boiled|p2a: DB Super shoddy
|-heal|p2a: DB Super shoddy|100/100
|
|-heal|p1a: Tapu Fini|66/100|[from] item: Leftovers
|-fieldend|Misty Terrain
|upkeep
|turn|30
|
|t:|1667688327
|move|p1a: Tapu Fini|Taunt|p2a: DB Super shoddy
|-start|p2a: DB Super shoddy|move: Taunt
|move|p2a: DB Super shoddy|Charge Beam|p1a: Tapu Fini
|-supereffective|p1a: Tapu Fini
|-damage|p1a: Tapu Fini|49/100
|-boost|p2a: DB Super shoddy|spa|1
|
|-heal|p1a: Tapu Fini|55/100|[from] item: Leftovers
|upkeep
|turn|31
|
|t:|1667688335
|move|p1a: Tapu Fini|Nature's Madness|p2a: DB Super shoddy
|-damage|p2a: DB Super shoddy|51/100
|move|p2a: DB Super shoddy|Charge Beam|p1a: Tapu Fini
|-supereffective|p1a: Tapu Fini
|-crit|p1a: Tapu Fini
|-damage|p1a: Tapu Fini|17/100
|-boost|p2a: DB Super shoddy|spa|1
|
|-heal|p1a: Tapu Fini|24/100|[from] item: Leftovers
|-heal|p2a: DB Super shoddy|57/100|[from] item: Leftovers
|upkeep
|turn|32
|c| goaway12309|what the fuck is that set
|
|t:|1667688346
|move|p1a: Tapu Fini|Nature's Madness|p2a: DB Super shoddy
|-damage|p2a: DB Super shoddy|29/100
|move|p2a: DB Super shoddy|Stored Power|p1a: Tapu Fini
|-damage|p1a: Tapu Fini|0 fnt
|faint|p1a: Tapu Fini
|
|-heal|p2a: DB Super shoddy|35/100|[from] item: Leftovers
|-end|p2a: DB Super shoddy|move: Taunt
|upkeep
|
|t:|1667688349
|switch|p1a: Kartana|Kartana|100/100
|turn|33
|
|t:|1667688356
|move|p1a: Kartana|Smart Strike|p2a: DB Super shoddy
|-supereffective|p2a: DB Super shoddy
|-damage|p2a: DB Super shoddy|0 fnt
|faint|p2a: DB Super shoddy
|
|win|WeavilleParadise
|raw|WeavilleParadise's rating: 1842 &rarr; <strong>1861</strong><br />(+19 for winning)
|raw|ghecisbestvillain's rating: 1827 &rarr; <strong>1808</strong><br />(-19 for losing)
|l|☆ghecisbestvillain
|l| goaway12309
||Ladder isn't responding, score probably updated but might not have (Request timeout).
|l|☆WeavilleParadise
|l| Jongruenwald
