|j|☆Commando 55
|j|☆LT73IU chin
|t:|1598671348
|player|p1|Commando 55|iris-gen5bw2|1849
|player|p2|LT73IU chin|#finchinator|1873
|teamsize|p1|6
|teamsize|p2|6
|gametype|singles
|gen|8
|tier|[Gen 8] OU
|rated|
|clearpoke
|poke|p1|Raboot, F|
|poke|p1|Dragapult, M|
|poke|p1|Zeraora|
|poke|p1|Azumarill, M|
|poke|p1|Mandibuzz, F|
|poke|p1|Clefable, M|
|poke|p2|Clefable, M|
|poke|p2|Tyranitar, F|
|poke|p2|Excadrill, F|
|poke|p2|Toxapex, F|
|poke|p2|Tangrowth, M|
|poke|p2|Alakazam, M|
|rule|Sleep Clause Mod: Limit one foe put to sleep
|rule|Species Clause: Limit one of each Pokémon
|rule|OHKO Clause: OHKO moves are banned
|rule|Evasion Moves Clause: Evasion moves are banned
|rule|Endless Battle Clause: Forcing endless battles is banned
|rule|HP Percentage Mod: HP is shown in percentages
|rule|Dynamax Clause: You cannot dynamax
|teampreview
|inactive|Battle timer is ON: inactive players will automatically lose when time's up. (requested by Commando 55)
|j| tanggy
|j|+Team Pokepals
|
|t:|1598671376
|start
|switch|p1a: Azumarill|Azumarill, M, shiny|100/100
|switch|p2a: Toxapex|Toxapex, F|100/100
|turn|1
|inactive|LT73IU chin has 120 seconds left.
|
|t:|1598671420
|switch|p2a: Tangrowth|Tangrowth, M|100/100
|move|p1a: Azumarill|Whirlpool|p2a: Tangrowth
|-resisted|p2a: Tangrowth
|-damage|p2a: Tangrowth|95/100
|-activate|p2a: Tangrowth|move: Whirlpool|[of] p1a: Azumarill
|
|-damage|p2a: Tangrowth|83/100|[from] move: Whirlpool|[partiallytrapped]
|upkeep
|turn|2
|
|t:|1598671426
|move|p1a: Azumarill|Toxic|p2a: Tangrowth
|-status|p2a: Tangrowth|tox
|move|p2a: Tangrowth|Sludge Bomb|p1a: Azumarill
|-supereffective|p1a: Azumarill
|-damage|p1a: Azumarill|70/100
|-status|p1a: Azumarill|psn
|
|-heal|p1a: Azumarill|76/100 psn|[from] item: Leftovers
|-damage|p1a: Azumarill|64/100 psn|[from] psn
|-damage|p2a: Tangrowth|77/100 tox|[from] psn
|-damage|p2a: Tangrowth|64/100 tox|[from] move: Whirlpool|[partiallytrapped]
|upkeep
|turn|3
|
|t:|1598671433
|move|p1a: Azumarill|Protect|p1a: Azumarill
|-singleturn|p1a: Azumarill|Protect
|move|p2a: Tangrowth|Knock Off|p1a: Azumarill
|-activate|p1a: Azumarill|move: Protect
|
|-heal|p1a: Azumarill|70/100 psn|[from] item: Leftovers
|-damage|p1a: Azumarill|57/100 psn|[from] psn
|-damage|p2a: Tangrowth|52/100 tox|[from] psn
|-damage|p2a: Tangrowth|39/100 tox|[from] move: Whirlpool|[partiallytrapped]
|upkeep
|turn|4
|
|t:|1598671438
|move|p1a: Azumarill|Protect||[still]
|-fail|p1a: Azumarill
|move|p2a: Tangrowth|Sludge Bomb|p1a: Azumarill
|-supereffective|p1a: Azumarill
|-damage|p1a: Azumarill|28/100 psn
|
|-heal|p1a: Azumarill|34/100 psn|[from] item: Leftovers
|-damage|p1a: Azumarill|22/100 psn|[from] psn
|-damage|p2a: Tangrowth|21/100 tox|[from] psn
|-damage|p2a: Tangrowth|8/100 tox|[from] move: Whirlpool|[partiallytrapped]
|upkeep
|turn|5
|
|t:|1598671446
|move|p1a: Azumarill|Protect|p1a: Azumarill
|-singleturn|p1a: Azumarill|Protect
|move|p2a: Tangrowth|Knock Off|p1a: Azumarill
|-activate|p1a: Azumarill|move: Protect
|
|-heal|p1a: Azumarill|28/100 psn|[from] item: Leftovers
|-damage|p1a: Azumarill|15/100 psn|[from] psn
|-damage|p2a: Tangrowth|0 fnt|[from] psn
|faint|p2a: Tangrowth
|upkeep
|
|t:|1598671452
|switch|p2a: Tyranitar|Tyranitar, F|100/100
|-weather|Sandstorm|[from] ability: Sand Stream|[of] p2a: Tyranitar
|turn|6
|
|t:|1598671457
|switch|p1a: Clefable|Clefable, M|100/100
|move|p2a: Tyranitar|Rock Blast|p1a: Clefable
|-damage|p1a: Clefable|92/100
|-damage|p1a: Clefable|83/100
|-damage|p1a: Clefable|74/100
|-hitcount|p1a: Clefable|3
|
|-weather|Sandstorm|[upkeep]
|-heal|p1a: Clefable|80/100|[from] item: Leftovers
|upkeep
|turn|7
|
|t:|1598671477
|switch|p1a: Raboot|Raboot, F, shiny|100/100
|move|p2a: Tyranitar|Stealth Rock|p1a: Raboot
|-sidestart|p1: Commando 55|move: Stealth Rock
|
|-weather|Sandstorm|[upkeep]
|-damage|p1a: Raboot|95/100|[from] Sandstorm
|upkeep
|turn|8
|
|t:|1598671481
|switch|p2a: Toxapex|Toxapex, F|100/100
|move|p1a: Raboot|U-turn|p2a: Toxapex
|-start|p1a: Raboot|typechange|Bug|[from] ability: Libero
|-resisted|p2a: Toxapex
|-damage|p2a: Toxapex|85/100
|
|t:|1598671490
|switch|p1a: Mandibuzz|Mandibuzz, F|100/100|[from]move: U-turn
|
|-weather|Sandstorm|[upkeep]
|-damage|p2a: Toxapex|78/100|[from] Sandstorm
|-heal|p2a: Toxapex|85/100|[from] item: Black Sludge
|upkeep
|turn|9
|
|t:|1598671496
|move|p1a: Mandibuzz|Defog|p2a: Toxapex
|-unboost|p2a: Toxapex|evasion|1
|-sideend|p1: Commando 55|Stealth Rock|[from] move: Defog|[of] p1a: Mandibuzz
|move|p2a: Toxapex|Knock Off|p1a: Mandibuzz
|-resisted|p1a: Mandibuzz
|-damage|p1a: Mandibuzz|96/100
|-enditem|p1a: Mandibuzz|Heavy-Duty Boots|[from] move: Knock Off|[of] p2a: Toxapex
|
|-weather|Sandstorm|[upkeep]
|-damage|p2a: Toxapex|78/100|[from] Sandstorm
|-heal|p2a: Toxapex|85/100|[from] item: Black Sludge
|upkeep
|turn|10
|
|t:|1598671500
|move|p1a: Mandibuzz|U-turn|p2a: Toxapex
|-resisted|p2a: Toxapex
|-damage|p2a: Toxapex|81/100
|
|t:|1598671511
|switch|p1a: Azumarill|Azumarill, M, shiny|15/100 psn|[from]move: U-turn
|move|p2a: Toxapex|Knock Off|p1a: Azumarill
|-resisted|p1a: Azumarill
|-damage|p1a: Azumarill|8/100 psn
|-enditem|p1a: Azumarill|Leftovers|[from] move: Knock Off|[of] p2a: Toxapex
|
|-weather|none
|-heal|p2a: Toxapex|87/100|[from] item: Black Sludge
|-damage|p1a: Azumarill|0 fnt|[from] psn
|faint|p1a: Azumarill
|upkeep
|
|t:|1598671516
|switch|p1a: Zeraora|Zeraora, shiny|100/100
|turn|11
|
|t:|1598671523
|move|p1a: Zeraora|Volt Switch|p2a: Toxapex
|-supereffective|p2a: Toxapex
|-damage|p2a: Toxapex|50/100
|
|t:|1598671527
|switch|p1a: Clefable|Clefable, M|80/100|[from]move: Volt Switch
|move|p2a: Toxapex|Scald|p1a: Clefable
|-crit|p1a: Clefable
|-damage|p1a: Clefable|57/100
|
|-heal|p1a: Clefable|63/100|[from] item: Leftovers
|-heal|p2a: Toxapex|56/100|[from] item: Black Sludge
|upkeep
|turn|12
|
|t:|1598671533
|move|p2a: Toxapex|Knock Off|p1a: Clefable
|-resisted|p1a: Clefable
|-damage|p1a: Clefable|57/100
|-enditem|p1a: Clefable|Leftovers|[from] move: Knock Off|[of] p2a: Toxapex
|move|p1a: Clefable|Teleport|p1a: Clefable
|
|t:|1598671535
|switch|p1a: Zeraora|Zeraora, shiny|100/100|[from]move: Teleport
|
|-heal|p2a: Toxapex|62/100|[from] item: Black Sludge
|upkeep
|turn|13
|
|t:|1598671544
|switch|p2a: Excadrill|Excadrill, F|100/100
|move|p1a: Zeraora|Plasma Fists|p2a: Excadrill
|-immune|p2a: Excadrill
|
|upkeep
|turn|14
|
|t:|1598671558
|switch|p2a: Clefable|Clefable, M|100/100
|move|p1a: Zeraora|Plasma Fists|p2a: Clefable
|-damage|p2a: Clefable|54/100
|-fieldactivate|move: Ion Deluge
|
|upkeep
|turn|15
|
|t:|1598671564
|move|p1a: Zeraora|Plasma Fists|p2a: Clefable
|-damage|p2a: Clefable|5/100
|-fieldactivate|move: Ion Deluge
|move|p2a: Clefable|Soft-Boiled|p2a: Clefable
|-heal|p2a: Clefable|55/100
|
|upkeep
|turn|16
|j| reje
|
|t:|1598671567
|move|p1a: Zeraora|Plasma Fists|p2a: Clefable
|-damage|p2a: Clefable|5/100
|-fieldactivate|move: Ion Deluge
|move|p2a: Clefable|Soft-Boiled|p2a: Clefable
|-heal|p2a: Clefable|55/100
|
|upkeep
|turn|17
|
|t:|1598671569
|move|p1a: Zeraora|Plasma Fists|p2a: Clefable
|-damage|p2a: Clefable|8/100
|-fieldactivate|move: Ion Deluge
|move|p2a: Clefable|Soft-Boiled|p2a: Clefable
|-heal|p2a: Clefable|58/100
|
|upkeep
|turn|18
|
|t:|1598671571
|move|p1a: Zeraora|Volt Switch|p2a: Clefable
|-damage|p2a: Clefable|35/100
|
|t:|1598671574
|switch|p1a: Raboot|Raboot, F, shiny|95/100|[from]move: Volt Switch
|move|p2a: Clefable|Soft-Boiled|p2a: Clefable
|-heal|p2a: Clefable|85/100
|
|upkeep
|turn|19
|
|t:|1598671577
|switch|p2a: Toxapex|Toxapex, F|95/100
|move|p1a: Raboot|U-turn|p2a: Toxapex
|-start|p1a: Raboot|typechange|Bug|[from] ability: Libero
|-resisted|p2a: Toxapex
|-damage|p2a: Toxapex|79/100
|
|t:|1598671583
|switch|p1a: Zeraora|Zeraora, shiny|100/100|[from]move: U-turn
|
|-heal|p2a: Toxapex|86/100|[from] item: Black Sludge
|upkeep
|turn|20
|
|t:|1598671587
|move|p1a: Zeraora|Knock Off|p2a: Toxapex
|-damage|p2a: Toxapex|63/100
|-enditem|p2a: Toxapex|Black Sludge|[from] move: Knock Off|[of] p1a: Zeraora
|move|p2a: Toxapex|Scald|p1a: Zeraora
|-damage|p1a: Zeraora|82/100
|-status|p1a: Zeraora|brn
|
|-damage|p1a: Zeraora|76/100 brn|[from] brn
|upkeep
|turn|21
|
|t:|1598671593
|move|p1a: Zeraora|Volt Switch|p2a: Toxapex
|-supereffective|p2a: Toxapex
|-damage|p2a: Toxapex|25/100
|
|t:|1598671595
|switch|p1a: Clefable|Clefable, M|57/100|[from]move: Volt Switch
|move|p2a: Toxapex|Recover|p2a: Toxapex
|-heal|p2a: Toxapex|75/100
|
|upkeep
|turn|22
|
|t:|1598671603
|switch|p2a: Excadrill|Excadrill, F|100/100
|move|p1a: Clefable|Wish|p1a: Clefable
|
|upkeep
|turn|23
|
|t:|1598671610
|move|p1a: Clefable|Protect|p1a: Clefable
|-singleturn|p1a: Clefable|Protect
|move|p2a: Excadrill|Toxic|p1a: Clefable
|-activate|p1a: Clefable|move: Protect
|
|-heal|p1a: Clefable|100/100|[from] move: Wish|[wisher] Clefable
|upkeep
|turn|24
|
|t:|1598671622
|switch|p1a: Zeraora|Zeraora, shiny|76/100 brn
|move|p2a: Excadrill|Iron Head|p1a: Zeraora
|-resisted|p1a: Zeraora
|-damage|p1a: Zeraora|49/100 brn
|
|-damage|p1a: Zeraora|43/100 brn|[from] brn
|upkeep
|turn|25
|
|t:|1598671627
|switch|p2a: Toxapex|Toxapex, F|100/100
|move|p1a: Zeraora|Knock Off|p2a: Toxapex
|-damage|p2a: Toxapex|93/100
|
|-damage|p1a: Zeraora|37/100 brn|[from] brn
|upkeep
|turn|26
|
|t:|1598671630
|switch|p2a: Excadrill|Excadrill, F|100/100
|move|p1a: Zeraora|Volt Switch|p2a: Excadrill
|-immune|p2a: Excadrill
|
|-damage|p1a: Zeraora|31/100 brn|[from] brn
|upkeep
|turn|27
|
|t:|1598671635
|switch|p2a: Toxapex|Toxapex, F|100/100
|move|p1a: Zeraora|Close Combat|p2a: Toxapex
|-resisted|p2a: Toxapex
|-damage|p2a: Toxapex|94/100
|-unboost|p1a: Zeraora|def|1
|-unboost|p1a: Zeraora|spd|1
|
|-damage|p1a: Zeraora|25/100 brn|[from] brn
|upkeep
|turn|28
|
|t:|1598671637
|move|p1a: Zeraora|Volt Switch|p2a: Toxapex
|-supereffective|p2a: Toxapex
|-damage|p2a: Toxapex|51/100
|
|t:|1598671640
|switch|p1a: Clefable|Clefable, M|100/100|[from]move: Volt Switch
|move|p2a: Toxapex|Scald|p1a: Clefable
|-damage|p1a: Clefable|86/100
|
|upkeep
|turn|29
|
|t:|1598671643
|switch|p2a: Excadrill|Excadrill, F|100/100
|move|p1a: Clefable|Teleport|p1a: Clefable
|j| chenchujia
|
|t:|1598671645
|switch|p1a: Dragapult|Dragapult, M, shiny|100/100|[from]move: Teleport
|
|upkeep
|turn|30
|
|t:|1598671652
|switch|p2a: Toxapex|Toxapex, F|85/100
|move|p1a: Dragapult|U-turn|p2a: Toxapex
|-resisted|p2a: Toxapex
|-damage|p2a: Toxapex|79/100
|l| tanggy
|
|t:|1598671661
|switch|p1a: Raboot|Raboot, F, shiny|95/100|[from]move: U-turn
|
|upkeep
|turn|31
|
|t:|1598671664
|move|p1a: Raboot|U-turn|p2a: Toxapex
|-start|p1a: Raboot|typechange|Bug|[from] ability: Libero
|-resisted|p2a: Toxapex
|-damage|p2a: Toxapex|65/100
|
|t:|1598671667
|switch|p1a: Clefable|Clefable, M|86/100|[from]move: U-turn
|move|p2a: Toxapex|Scald|p1a: Clefable
|-damage|p1a: Clefable|70/100
|
|upkeep
|turn|32
|
|t:|1598671671
|switch|p2a: Excadrill|Excadrill, F|100/100
|move|p1a: Clefable|Teleport|p1a: Clefable
|
|t:|1598671674
|switch|p1a: Dragapult|Dragapult, M, shiny|100/100|[from]move: Teleport
|
|upkeep
|turn|33
|
|t:|1598671678
|switch|p2a: Tyranitar|Tyranitar, F|100/100
|-weather|Sandstorm|[from] ability: Sand Stream|[of] p2a: Tyranitar
|move|p1a: Dragapult|Draco Meteor|p2a: Tyranitar
|-damage|p2a: Tyranitar|57/100
|-unboost|p1a: Dragapult|spa|2
|
|-weather|Sandstorm|[upkeep]
|-damage|p1a: Dragapult|95/100|[from] Sandstorm
|-heal|p2a: Tyranitar|63/100|[from] item: Leftovers
|upkeep
|turn|34
|
|t:|1598671684
|switch|p1a: Clefable|Clefable, M|70/100
|move|p2a: Tyranitar|Stealth Rock|p1a: Clefable
|-sidestart|p1: Commando 55|move: Stealth Rock
|
|-weather|Sandstorm|[upkeep]
|-heal|p2a: Tyranitar|69/100|[from] item: Leftovers
|upkeep
|turn|35
|
|t:|1598671689
|switch|p2a: Excadrill|Excadrill, F|100/100
|move|p1a: Clefable|Wish|p1a: Clefable
|
|-weather|Sandstorm|[upkeep]
|upkeep
|turn|36
|
|t:|1598671694
|move|p1a: Clefable|Protect|p1a: Clefable
|-singleturn|p1a: Clefable|Protect
|move|p2a: Excadrill|Toxic|p1a: Clefable
|-activate|p1a: Clefable|move: Protect
|
|-weather|Sandstorm|[upkeep]
|-heal|p1a: Clefable|100/100|[from] move: Wish|[wisher] Clefable
|upkeep
|turn|37
|
|t:|1598671698
|switch|p1a: Mandibuzz|Mandibuzz, F|96/100
|-damage|p1a: Mandibuzz|71/100|[from] Stealth Rock
|move|p2a: Excadrill|Toxic|p1a: Mandibuzz
|-status|p1a: Mandibuzz|tox
|
|-weather|none
|-damage|p1a: Mandibuzz|65/100 tox|[from] psn
|upkeep
|turn|38
|
|t:|1598671705
|move|p2a: Excadrill|Iron Head|p1a: Mandibuzz
|-damage|p1a: Mandibuzz|40/100 tox
|move|p1a: Mandibuzz|Roost|p1a: Mandibuzz
|-heal|p1a: Mandibuzz|90/100 tox
|-singleturn|p1a: Mandibuzz|move: Roost
|
|-damage|p1a: Mandibuzz|78/100 tox|[from] psn
|upkeep
|turn|39
|
|t:|1598671708
|switch|p2a: Tyranitar|Tyranitar, F|69/100
|-weather|Sandstorm|[from] ability: Sand Stream|[of] p2a: Tyranitar
|move|p1a: Mandibuzz|Defog|p2a: Tyranitar
|-unboost|p2a: Tyranitar|evasion|1
|-sideend|p1: Commando 55|Stealth Rock|[from] move: Defog|[of] p1a: Mandibuzz
|
|-weather|Sandstorm|[upkeep]
|-heal|p2a: Tyranitar|75/100|[from] item: Leftovers
|-damage|p1a: Mandibuzz|59/100 tox|[from] psn
|upkeep
|turn|40
|
|t:|1598671716
|switch|p1a: Raboot|Raboot, F, shiny|95/100
|move|p2a: Tyranitar|Stealth Rock|p1a: Raboot
|-sidestart|p1: Commando 55|move: Stealth Rock
|
|-weather|Sandstorm|[upkeep]
|-damage|p1a: Raboot|89/100|[from] Sandstorm
|-heal|p2a: Tyranitar|81/100|[from] item: Leftovers
|upkeep
|turn|41
|
|t:|1598671723
|switch|p2a: Toxapex|Toxapex, F|98/100
|move|p1a: Raboot|U-turn|p2a: Toxapex
|-start|p1a: Raboot|typechange|Bug|[from] ability: Libero
|-resisted|p2a: Toxapex
|-damage|p2a: Toxapex|84/100
|
|t:|1598671726
|switch|p1a: Clefable|Clefable, M|100/100|[from]move: U-turn
|
|-weather|Sandstorm|[upkeep]
|-damage|p2a: Toxapex|77/100|[from] Sandstorm
|upkeep
|turn|42
|
|t:|1598671729
|switch|p2a: Excadrill|Excadrill, F|100/100
|move|p1a: Clefable|Wish|p1a: Clefable
|
|-weather|Sandstorm|[upkeep]
|upkeep
|turn|43
|
|t:|1598671735
|switch|p2a: Clefable|Clefable, M|85/100
|switch|p1a: Dragapult|Dragapult, M, shiny|95/100
|-damage|p1a: Dragapult|82/100|[from] Stealth Rock
|
|-weather|none
|-heal|p1a: Dragapult|100/100|[from] move: Wish|[wisher] Clefable
|upkeep
|turn|44
|
|t:|1598671738
|move|p1a: Dragapult|U-turn|p2a: Clefable
|-resisted|p2a: Clefable
|-damage|p2a: Clefable|78/100
|
|t:|1598671740
|switch|p1a: Clefable|Clefable, M|100/100|[from]move: U-turn
|move|p2a: Clefable|Moonblast|p1a: Clefable
|-damage|p1a: Clefable|65/100
|-unboost|p1a: Clefable|spa|1
|
|upkeep
|turn|45
|-message|Commando 55 forfeited.
|
|win|LT73IU chin
|l|☆Commando 55
