|raw|<div class="broadcast-blue"><strong>This battle is required to be public due to a player having a name starting with 'lt92pf'.</div>
|j|‽kinetic chain
|j|☆LT92PF El Mainer
|t:|1660223279
|gametype|singles
|player|p1|kinetic chain|silver-gen2|1892
|player|p2|LT92PF El Mainer|101|2011
|teamsize|p1|6
|teamsize|p2|6
|gen|8
|tier|[Gen 8] OU
|rated|
|rule|Sleep Clause Mod: Limit one foe put to sleep
|rule|Species Clause: Limit one of each Pokémon
|rule|OHKO Clause: OHKO moves are banned
|rule|Evasion Items Clause: Evasion items are banned
|rule|Evasion Moves Clause: Evasion moves are banned
|rule|Endless Battle Clause: Forcing endless battles is banned
|rule|HP Percentage Mod: HP is shown in percentages
|rule|Dynamax Clause: You cannot dynamax
|clearpoke
|poke|p1|Tapu Lele|
|poke|p1|Weavile, F|
|poke|p1|Heatran, M|
|poke|p1|Buzzwole|
|poke|p1|Garchomp, M|
|poke|p1|Rotom-Wash|
|poke|p2|Slowking-Galar, M|
|poke|p2|Rotom-Wash|
|poke|p2|Garchomp, F|
|poke|p2|Tornadus-Therian, M|
|poke|p2|Ferrothorn, F|
|poke|p2|Weavile, F|
|teampreview
|inactive|Battle timer is ON: inactive players will automatically lose when time's up. (requested by kinetic chain)
|
|t:|1660223302
|start
|switch|p1a: Rotom|Rotom-Wash|100/100
|switch|p2a: Slowking|Slowking-Galar, M|100/100
|turn|1
|
|t:|1660223304
|move|p1a: Rotom|Volt Switch|p2a: Slowking
|-damage|p2a: Slowking|79/100
|
|t:|1660223306
|switch|p1a: Weavile|Weavile, F|100/100|[from]move: Volt Switch
|move|p2a: Slowking|Trick|p1a: Weavile
|-activate|p2a: Slowking|move: Trick|[of] p1a: Weavile
|-item|p1a: Weavile|Black Sludge|[from] move: Trick
|-item|p2a: Slowking|Choice Band|[from] move: Trick
|
|-damage|p1a: Weavile|88/100|[from] item: Black Sludge
|upkeep
|turn|2
|j| Phantera
|j| Keblar
|
|t:|1660223312
|switch|p2a: Ferrothorn|Ferrothorn, F|100/100
|move|p1a: Weavile|Beat Up|p2a: Ferrothorn
|-damage|p2a: Ferrothorn|95/100
|-damage|p2a: Ferrothorn|90/100
|-damage|p2a: Ferrothorn|85/100
|-damage|p2a: Ferrothorn|79/100
|-damage|p2a: Ferrothorn|73/100
|-damage|p2a: Ferrothorn|68/100
|-hitcount|p2a: Ferrothorn|6
|
|-damage|p1a: Weavile|76/100|[from] item: Black Sludge
|upkeep
|turn|3
|j| slainey?
|
|t:|1660223326
|move|p1a: Weavile|Beat Up|p2a: Ferrothorn
|-damage|p2a: Ferrothorn|62/100
|-damage|p2a: Ferrothorn|58/100
|-damage|p2a: Ferrothorn|53/100
|-damage|p2a: Ferrothorn|47/100
|-damage|p2a: Ferrothorn|41/100
|-damage|p2a: Ferrothorn|37/100
|-hitcount|p2a: Ferrothorn|6
|move|p2a: Ferrothorn|Stealth Rock|p1a: Weavile
|-sidestart|p1: kinetic chain|move: Stealth Rock
|
|-damage|p1a: Weavile|63/100|[from] item: Black Sludge
|upkeep
|turn|4
|j| Mollymiltoast
|
|t:|1660223329
|switch|p2a: Rotom|Rotom-Wash|100/100
|move|p1a: Weavile|Beat Up|p2a: Rotom
|-damage|p2a: Rotom|93/100
|-damage|p2a: Rotom|88/100
|-damage|p2a: Rotom|81/100
|-damage|p2a: Rotom|73/100
|-damage|p2a: Rotom|65/100
|-damage|p2a: Rotom|59/100
|-hitcount|p2a: Rotom|6
|
|-damage|p1a: Weavile|51/100|[from] item: Black Sludge
|-heal|p2a: Rotom|65/100|[from] item: Leftovers
|upkeep
|turn|5
|
|t:|1660223335
|move|p1a: Weavile|Knock Off|p2a: Rotom
|-damage|p2a: Rotom|25/100
|-enditem|p2a: Rotom|Leftovers|[from] move: Knock Off|[of] p1a: Weavile
|move|p2a: Rotom|Will-O-Wisp|p1a: Weavile
|-status|p1a: Weavile|brn
|
|-damage|p1a: Weavile|38/100 brn|[from] item: Black Sludge
|-damage|p1a: Weavile|32/100 brn|[from] brn
|upkeep
|turn|6
|
|t:|1660223343
|switch|p2a: Ferrothorn|Ferrothorn, F|37/100
|move|p1a: Weavile|Beat Up|p2a: Ferrothorn
|-damage|p2a: Ferrothorn|34/100
|-damage|p2a: Ferrothorn|32/100
|-damage|p2a: Ferrothorn|30/100
|-damage|p2a: Ferrothorn|27/100
|-damage|p2a: Ferrothorn|24/100
|-damage|p2a: Ferrothorn|22/100
|-hitcount|p2a: Ferrothorn|6
|
|-damage|p1a: Weavile|20/100 brn|[from] item: Black Sludge
|-damage|p1a: Weavile|14/100 brn|[from] brn
|upkeep
|turn|7
|j|+Tuthur
|
|t:|1660223353
|move|p1a: Weavile|Knock Off|p2a: Ferrothorn
|-damage|p2a: Ferrothorn|6/100
|-damage|p1a: Weavile|1/100 brn|[from] ability: Iron Barbs|[of] p2a: Ferrothorn
|-damage|p1a: Weavile|0 fnt|[from] item: Rocky Helmet|[of] p2a: Ferrothorn
|faint|p1a: Weavile
|move|p2a: Ferrothorn|Gyro Ball|p1: Weavile|[notarget]
|-fail|p2a: Ferrothorn
|
|upkeep
|
|t:|1660223361
|switch|p1a: Garchomp|Garchomp, M|100/100
|-damage|p1a: Garchomp|94/100|[from] Stealth Rock
|turn|8
|
|t:|1660223365
|switch|p2a: Tornadus|Tornadus-Therian, M|100/100
|move|p1a: Garchomp|Earthquake|p2a: Tornadus
|-immune|p2a: Tornadus
|
|-heal|p1a: Garchomp|100/100|[from] item: Leftovers
|upkeep
|turn|9
|j| Wicket Ticket
|
|t:|1660223371
|move|p2a: Tornadus|Knock Off|p1a: Garchomp
|-crit|p1a: Garchomp
|-damage|p1a: Garchomp|71/100
|-damage|p2a: Tornadus|88/100|[from] ability: Rough Skin|[of] p1a: Garchomp
|-enditem|p1a: Garchomp|Leftovers|[from] move: Knock Off|[of] p2a: Tornadus
|move|p1a: Garchomp|Stealth Rock|p2a: Tornadus
|-sidestart|p2: LT92PF El Mainer|move: Stealth Rock
|
|upkeep
|turn|10
|
|t:|1660223381
|move|p2a: Tornadus|Hurricane|p1a: Garchomp|[miss]
|-miss|p2a: Tornadus|p1a: Garchomp
|move|p1a: Garchomp|Stone Edge|p2a: Tornadus
|-supereffective|p2a: Tornadus
|-damage|p2a: Tornadus|7/100
|
|upkeep
|turn|11
|
|t:|1660223390
|switch|p2a: Garchomp|Garchomp, F|100/100
|-damage|p2a: Garchomp|94/100|[from] Stealth Rock
|move|p1a: Garchomp|Stone Edge|p2a: Garchomp
|-resisted|p2a: Garchomp
|-damage|p2a: Garchomp|78/100
|
|-heal|p2a: Garchomp|85/100|[from] item: Leftovers
|upkeep
|turn|12
|c|☆LT92PF El Mainer|Ofc
|
|t:|1660223397
|switch|p1a: Buzzwole|Buzzwole|100/100
|-damage|p1a: Buzzwole|88/100|[from] Stealth Rock
|move|p2a: Garchomp|Scale Shot|p1a: Buzzwole
|-damage|p1a: Buzzwole|82/100
|-damage|p1a: Buzzwole|76/100
|-damage|p1a: Buzzwole|70/100
|-hitcount|p1a: Buzzwole|3
|-unboost|p2a: Garchomp|def|1
|-boost|p2a: Garchomp|spe|1
|
|-heal|p2a: Garchomp|91/100|[from] item: Leftovers
|upkeep
|turn|13
|j| LT92PF Dasmer
|j| Ah vraiment ?
|j| LT92PF Templario
|j| LT92PF lobster
|j| DukeStarr
|
|t:|1660223416
|switch|p2a: Slowking|Slowking-Galar, M|100/100
|-damage|p2a: Slowking|88/100|[from] Stealth Rock
|move|p1a: Buzzwole|Earthquake|p2a: Slowking
|-supereffective|p2a: Slowking
|-damage|p2a: Slowking|42/100
|
|upkeep
|turn|14
|
|t:|1660223426
|switch|p2a: Rotom|Rotom-Wash|25/100
|-damage|p2a: Rotom|13/100|[from] Stealth Rock
|move|p1a: Buzzwole|Earthquake|p2a: Rotom
|-immune|p2a: Rotom|[from] ability: Levitate
|
|upkeep
|turn|15
|j|%Mihowk
|
|t:|1660223436
|switch|p1a: Rotom|Rotom-Wash|100/100
|-damage|p1a: Rotom|88/100|[from] Stealth Rock
|move|p2a: Rotom|Pain Split|p1a: Rotom
|-sethp|p1a: Rotom|50/100|[from] move: Pain Split|[silent]
|-sethp|p2a: Rotom|50/100|[from] move: Pain Split
|
|-heal|p1a: Rotom|56/100|[from] item: Leftovers
|upkeep
|turn|16
|j| LT_Alt1
|
|t:|1660223443
|move|p2a: Rotom|Will-O-Wisp|p1a: Rotom
|-status|p1a: Rotom|brn
|move|p1a: Rotom|Toxic|p2a: Rotom
|-status|p2a: Rotom|tox
|
|-heal|p1a: Rotom|62/100 brn|[from] item: Leftovers
|-damage|p2a: Rotom|44/100 tox|[from] psn
|-damage|p1a: Rotom|56/100 brn|[from] brn
|upkeep
|turn|17
|j| CRASHINBOOMBANG
|j| Shed is fun
|
|t:|1660223451
|move|p2a: Rotom|Volt Switch|p1a: Rotom
|-damage|p1a: Rotom|35/100 brn
|
|t:|1660223453
|switch|p2a: Slowking|Slowking-Galar, M|76/100|[from]move: Volt Switch
|-damage|p2a: Slowking|63/100|[from] Stealth Rock
|move|p1a: Rotom|Volt Switch|p2a: Slowking
|-damage|p2a: Slowking|44/100
|
|t:|1660223456
|switch|p1a: Garchomp|Garchomp, M|71/100|[from]move: Volt Switch
|-damage|p1a: Garchomp|64/100|[from] Stealth Rock
|
|upkeep
|turn|18
|
|t:|1660223462
|switch|p2a: Tornadus|Tornadus-Therian, M|40/100
|move|p1a: Garchomp|Earthquake|p2a: Tornadus
|-immune|p2a: Tornadus
|
|upkeep
|turn|19
|
|t:|1660223468
|move|p2a: Tornadus|Hurricane|p1a: Garchomp|[miss]
|-miss|p2a: Tornadus|p1a: Garchomp
|move|p1a: Garchomp|Earthquake|p2a: Tornadus
|-immune|p2a: Tornadus
|
|upkeep
|turn|20
|j| Wish i was gud
|c|☆LT92PF El Mainer|U are legit terrible ojama
|c|☆LT92PF El Mainer|Nothing else to Say.
|
|t:|1660223489
|switch|p2a: Garchomp|Garchomp, F|91/100
|-damage|p2a: Garchomp|85/100|[from] Stealth Rock
|move|p1a: Garchomp|Stone Edge|p2a: Garchomp|[miss]
|-miss|p1a: Garchomp|p2a: Garchomp
|
|-heal|p2a: Garchomp|91/100|[from] item: Leftovers
|upkeep
|turn|21
|j| chrtfnhgmyj
|j| crosschampion
|
|t:|1660223502
|switch|p1a: Buzzwole|Buzzwole|70/100
|-damage|p1a: Buzzwole|57/100|[from] Stealth Rock
|move|p2a: Garchomp|Earthquake|p1a: Buzzwole
|-resisted|p1a: Buzzwole
|-damage|p1a: Buzzwole|45/100
|
|-heal|p2a: Garchomp|97/100|[from] item: Leftovers
|upkeep
|turn|22
|j| LT92PF Black Lotus
|
|t:|1660223506
|switch|p2a: Slowking|Slowking-Galar, M|77/100
|-damage|p2a: Slowking|65/100|[from] Stealth Rock
|move|p1a: Buzzwole|Roost|p1a: Buzzwole
|-heal|p1a: Buzzwole|95/100
|-singleturn|p1a: Buzzwole|move: Roost
|
|upkeep
|turn|23
|
|t:|1660223526
|switch|p1a: Heatran|Heatran, M|100/100
|-damage|p1a: Heatran|88/100|[from] Stealth Rock
|switch|p2a: Tornadus|Tornadus-Therian, M|73/100
|
|-heal|p1a: Heatran|94/100|[from] item: Leftovers
|upkeep
|turn|24
|j| lnternal
|l| chrtfnhgmyj
|
|t:|1660223537
|move|p2a: Tornadus|Knock Off|p1a: Heatran
|-damage|p1a: Heatran|77/100
|-enditem|p1a: Heatran|Leftovers|[from] move: Knock Off|[of] p2a: Tornadus
|move|p1a: Heatran|Magma Storm|p2a: Tornadus
|-damage|p2a: Tornadus|36/100
|-activate|p2a: Tornadus|move: Magma Storm|[of] p1a: Heatran
|
|-damage|p2a: Tornadus|23/100|[from] move: Magma Storm|[partiallytrapped]
|upkeep
|turn|25
|
|t:|1660223543
|move|p1a: Heatran|Protect|p1a: Heatran
|-singleturn|p1a: Heatran|Protect
|move|p2a: Tornadus|U-turn|p1a: Heatran
|-activate|p1a: Heatran|move: Protect
|
|-damage|p2a: Tornadus|11/100|[from] move: Magma Storm|[partiallytrapped]
|upkeep
|turn|26
|j| the wine spills
|
|t:|1660223553
|move|p2a: Tornadus|Hurricane|p1a: Heatran
|-resisted|p1a: Heatran
|-damage|p1a: Heatran|64/100
|move|p1a: Heatran|Magma Storm|p2a: Tornadus
|-damage|p2a: Tornadus|0 fnt
|faint|p2a: Tornadus
|
|upkeep
|
|t:|1660223556
|switch|p2a: Garchomp|Garchomp, F|97/100
|-damage|p2a: Garchomp|91/100|[from] Stealth Rock
|turn|27
|j| Heiwa June ☾
|j| simplegent
|l| DukeStarr
|
|t:|1660223569
|switch|p2a: Slowking|Slowking-Galar, M|98/100
|-damage|p2a: Slowking|86/100|[from] Stealth Rock
|switch|p1a: Buzzwole|Buzzwole|95/100
|-damage|p1a: Buzzwole|83/100|[from] Stealth Rock
|
|upkeep
|turn|28
|
|t:|1660223573
|switch|p1a: Heatran|Heatran, M|64/100
|-damage|p1a: Heatran|52/100|[from] Stealth Rock
|move|p2a: Slowking|Trick|p1a: Heatran
|-activate|p2a: Slowking|move: Trick|[of] p1a: Heatran
|-item|p1a: Heatran|Choice Band|[from] move: Trick
|-enditem|p2a: Slowking|Choice Band|[silent]|[from] move: Trick
|
|upkeep
|turn|29
|l| Mollymiltoast
|
|t:|1660223578
|switch|p2a: Garchomp|Garchomp, F|91/100
|-damage|p2a: Garchomp|85/100|[from] Stealth Rock
|move|p1a: Heatran|Magma Storm|p2a: Garchomp
|-resisted|p2a: Garchomp
|-damage|p2a: Garchomp|63/100
|-activate|p2a: Garchomp|move: Magma Storm|[of] p1a: Heatran
|
|-heal|p2a: Garchomp|69/100|[from] item: Leftovers
|-damage|p2a: Garchomp|57/100|[from] move: Magma Storm|[partiallytrapped]
|upkeep
|turn|30
|j| DukeStarr
|
|t:|1660223605
|switch|p1a: Buzzwole|Buzzwole|83/100
|-damage|p1a: Buzzwole|70/100|[from] Stealth Rock
|move|p2a: Garchomp|Swords Dance|p2a: Garchomp
|-boost|p2a: Garchomp|atk|2
|
|-heal|p2a: Garchomp|63/100|[from] item: Leftovers
|-end|p2a: Garchomp|Magma Storm|[partiallytrapped]|[silent]
|upkeep
|turn|31
|
|t:|1660223608
|switch|p2a: Slowking|Slowking-Galar, M|100/100
|-damage|p2a: Slowking|88/100|[from] Stealth Rock
|move|p1a: Buzzwole|Ice Punch|p2a: Slowking
|-damage|p2a: Slowking|71/100
|-status|p2a: Slowking|frz
|
|upkeep
|turn|32
|
|t:|1660223618
|switch|p1a: Rotom|Rotom-Wash|35/100 brn
|-damage|p1a: Rotom|23/100 brn|[from] Stealth Rock
|switch|p2a: Rotom|Rotom-Wash|44/100 tox
|-damage|p2a: Rotom|32/100 tox|[from] Stealth Rock
|
|-heal|p1a: Rotom|29/100 brn|[from] item: Leftovers
|-damage|p2a: Rotom|26/100 tox|[from] psn
|-damage|p1a: Rotom|23/100 brn|[from] brn
|upkeep
|turn|33
|j|+McMeghan
|
|t:|1660223623
|move|p2a: Rotom|Volt Switch|p1a: Rotom
|-crit|p1a: Rotom
|-damage|p1a: Rotom|0 fnt
|faint|p1a: Rotom
|
|t:|1660223632
|switch|p2a: Slowking|Slowking-Galar, M|100/100 frz|[from]move: Volt Switch
|-damage|p2a: Slowking|88/100 frz|[from] Stealth Rock
|
|upkeep
|
|t:|1660223634
|switch|p1a: Garchomp|Garchomp, M|64/100
|-damage|p1a: Garchomp|58/100|[from] Stealth Rock
|turn|34
|j| BIHI
|c|☆LT92PF El Mainer|As I told u, were u always this bad
|l| Ah vraiment ?
|inactive|LT92PF El Mainer has 120 seconds left.
|c|☆LT92PF El Mainer|Or are u just washed?
|
|t:|1660223684
|switch|p2a: Ferrothorn|Ferrothorn, F|6/100
|-damage|p2a: Ferrothorn|0 fnt|[from] Stealth Rock
|faint|p2a: Ferrothorn
|move|p1a: Garchomp|Stone Edge|p2: Ferrothorn|[notarget]
|-fail|p1a: Garchomp
|
|upkeep
|
|t:|1660223688
|switch|p2a: Garchomp|Garchomp, F|63/100
|-damage|p2a: Garchomp|57/100|[from] Stealth Rock
|turn|35
|j| Yi Lan Musk
|
|t:|1660223699
|move|p2a: Garchomp|Scale Shot|p1a: Garchomp
|-supereffective|p1a: Garchomp
|-damage|p1a: Garchomp|31/100
|-supereffective|p1a: Garchomp
|-damage|p1a: Garchomp|4/100
|-supereffective|p1a: Garchomp
|-crit|p1a: Garchomp
|-damage|p1a: Garchomp|0 fnt
|faint|p1a: Garchomp
|-hitcount|p1: Garchomp|3
|-unboost|p2a: Garchomp|def|1
|-boost|p2a: Garchomp|spe|1
|
|-heal|p2a: Garchomp|63/100|[from] item: Leftovers
|upkeep
|j|+starmaster
|
|t:|1660223705
|switch|p1a: Buzzwole|Buzzwole|70/100
|-damage|p1a: Buzzwole|58/100|[from] Stealth Rock
|turn|36
|j| outz u
|
|t:|1660223710
|move|p2a: Garchomp|Swords Dance|p2a: Garchomp
|-boost|p2a: Garchomp|atk|2
|move|p1a: Buzzwole|Roost|p1a: Buzzwole
|-heal|p1a: Buzzwole|100/100
|-singleturn|p1a: Buzzwole|move: Roost
|
|-heal|p2a: Garchomp|69/100|[from] item: Leftovers
|upkeep
|turn|37
|
|t:|1660223716
|move|p2a: Garchomp|Fire Fang|p1a: Buzzwole
|-supereffective|p1a: Buzzwole
|-damage|p1a: Buzzwole|57/100
|-damage|p2a: Garchomp|53/100|[from] item: Rocky Helmet|[of] p1a: Buzzwole
|move|p1a: Buzzwole|Ice Punch|p2a: Garchomp
|-supereffective|p2a: Garchomp
|-damage|p2a: Garchomp|0 fnt
|-damage|p1a: Buzzwole|45/100|[from] ability: Rough Skin|[of] p2a: Garchomp
|faint|p2a: Garchomp
|-ability|p1a: Buzzwole|Beast Boost|boost
|-boost|p1a: Buzzwole|def|1
|
|upkeep
|
|t:|1660223723
|switch|p2a: Rotom|Rotom-Wash|26/100 tox
|-damage|p2a: Rotom|14/100 tox|[from] Stealth Rock
|turn|38
|
|t:|1660223740
|switch|p1a: Heatran|Heatran, M|52/100
|-damage|p1a: Heatran|39/100|[from] Stealth Rock
|move|p2a: Rotom|Volt Switch|p1a: Heatran
|-damage|p1a: Heatran|25/100
|
|t:|1660223748
|switch|p2a: Weavile|Weavile, F|100/100|[from]move: Volt Switch
|-ability|p2a: Weavile|Pressure
|
|upkeep
|turn|39
|l| slainey?
|
|t:|1660223757
|move|p2a: Weavile|Knock Off|p1a: Heatran
|-damage|p1a: Heatran|0 fnt
|-enditem|p1a: Heatran|Choice Band|[from] move: Knock Off|[of] p2a: Weavile
|faint|p1a: Heatran
|
|upkeep
|l| Yi Lan Musk
|
|t:|1660223782
|switch|p1a: Buzzwole|Buzzwole|45/100
|-damage|p1a: Buzzwole|32/100|[from] Stealth Rock
|turn|40
|
|t:|1660223785
|move|p2a: Weavile|Triple Axel|p1a: Buzzwole
|-damage|p1a: Buzzwole|27/100
|-damage|p2a: Weavile|84/100|[from] item: Rocky Helmet|[of] p1a: Buzzwole
|-damage|p1a: Buzzwole|19/100
|-damage|p2a: Weavile|68/100|[from] item: Rocky Helmet|[of] p1a: Buzzwole
|-damage|p1a: Buzzwole|4/100
|-damage|p2a: Weavile|51/100|[from] item: Rocky Helmet|[of] p1a: Buzzwole
|-hitcount|p1a: Buzzwole|3
|move|p1a: Buzzwole|Roost|p1a: Buzzwole
|-heal|p1a: Buzzwole|54/100
|-singleturn|p1a: Buzzwole|move: Roost
|
|upkeep
|turn|41
|
|t:|1660223793
|switch|p2a: Slowking|Slowking-Galar, M|100/100 frz
|-damage|p2a: Slowking|88/100 frz|[from] Stealth Rock
|move|p1a: Buzzwole|Roost|p1a: Buzzwole
|-heal|p1a: Buzzwole|100/100
|-singleturn|p1a: Buzzwole|move: Roost
|
|upkeep
|turn|42
|
|t:|1660223807
|switch|p2a: Rotom|Rotom-Wash|14/100 tox
|-damage|p2a: Rotom|2/100 tox|[from] Stealth Rock
|move|p1a: Buzzwole|Earthquake|p2a: Rotom
|-immune|p2a: Rotom|[from] ability: Levitate
|
|-damage|p2a: Rotom|0 fnt|[from] psn
|faint|p2a: Rotom
|upkeep
|
|t:|1660223809
|switch|p2a: Slowking|Slowking-Galar, M|100/100 frz
|-damage|p2a: Slowking|88/100 frz|[from] Stealth Rock
|turn|43
|
|t:|1660223813
|move|p1a: Buzzwole|Earthquake|p2a: Slowking
|-supereffective|p2a: Slowking
|-damage|p2a: Slowking|43/100 frz
|-curestatus|p2a: Slowking|frz|[msg]
|move|p2a: Slowking|Sludge Bomb|p1a: Buzzwole
|-damage|p1a: Buzzwole|54/100
|
|upkeep
|turn|44
|
|t:|1660223825
|move|p1a: Buzzwole|Earthquake|p2a: Slowking
|-supereffective|p2a: Slowking
|-damage|p2a: Slowking|0 fnt
|faint|p2a: Slowking
|-ability|p1a: Buzzwole|Beast Boost|boost
|-boost|p1a: Buzzwole|def|1
|
|upkeep
|l|+starmaster
|j| Heroic Troller
|-message|LT92PF El Mainer forfeited.
|
|win|kinetic chain
|raw|kinetic chain's rating: 1892 &rarr; <strong>1919</strong><br />(+27 for winning)
|raw|LT92PF El Mainer's rating: 2011 &rarr; <strong>1984</strong><br />(-27 for losing)
|l|☆LT92PF El Mainer
|l| simplegent
|l| LT92PF Black Lotus
|l| LT92PF lobster
|c| LT_Alt1|in smash we call that tuant to get bodied
|c| CRASHINBOOMBANG|what the fuck was the rotom sac tho
|c| LT_Alt1|true combo
|c|+McMeghan|the godly chain
|c| CRASHINBOOMBANG|literally coulda won w extra regen
||Ladder isn't responding, score probably updated but might not have (Request timeout).
|c| DukeStarr|GET REKT
|c| LT_Alt1|taunt*
|l|‽kinetic chain
|l| crosschampion
|l| Wish i was gud
|l|+McMeghan
|l| Shed is fun
|l| LT_Alt1
|l| Keblar
|j|‽kinetic chain
|player|p1|kinetic chain|silver-gen2
