|j|☆tanishq1
|j|☆Kwaga
|t:|1665165141
|gametype|singles
|player|p1|tanishq1|266|1744
|player|p2|Kwaga|zinnia|1769
|teamsize|p1|6
|teamsize|p2|6
|gen|8
|tier|[Gen 8] OU
|rated|
|rule|Sleep Clause Mod: Limit one foe put to sleep
|rule|Species Clause: Limit one of each Pokémon
|rule|OHKO Clause: OHKO moves are banned
|rule|Evasion Items Clause: Evasion items are banned
|rule|Evasion Moves Clause: Evasion moves are banned
|rule|Endless Battle Clause: Forcing endless battles is banned
|rule|HP Percentage Mod: HP is shown in percentages
|rule|Dynamax Clause: You cannot dynamax
|clearpoke
|poke|p1|Landorus-Therian, M|
|poke|p1|Ferrothorn, F|
|poke|p1|Urshifu-*, M|
|poke|p1|Tornadus-Therian, M|
|poke|p1|Dragapult, F|
|poke|p1|Tapu Lele|
|poke|p2|Tyranitar, F|
|poke|p2|Excadrill, F|
|poke|p2|Dragapult, M|
|poke|p2|Rotom-Wash|
|poke|p2|Ferrothorn, F|
|poke|p2|Clefable, M|
|teampreview
|inactive|Battle timer is ON: inactive players will automatically lose when time's up. (requested by tanishq1)
|j| new acc12
|inactive|tanishq1 has 120 seconds left.
|
|t:|1665165195
|start
|switch|p1a: Dragapult|Dragapult, F|100/100
|switch|p2a: Rotom|Rotom-Wash|100/100
|turn|1
|
|t:|1665165203
|move|p1a: Dragapult|Draco Meteor|p2a: Rotom
|-damage|p2a: Rotom|4/100
|-unboost|p1a: Dragapult|spa|2
|move|p2a: Rotom|Toxic|p1a: Dragapult
|-status|p1a: Dragapult|tox
|
|-heal|p2a: Rotom|10/100|[from] item: Leftovers
|-damage|p1a: Dragapult|95/100 tox|[from] psn
|upkeep
|turn|2
|
|t:|1665165219
|switch|p1a: Tapu Lele|Tapu Lele|100/100
|-fieldstart|move: Psychic Terrain|[from] ability: Psychic Surge|[of] p1a: Tapu Lele
|move|p2a: Rotom|Pain Split|p1a: Tapu Lele
|-sethp|p1a: Tapu Lele|56/100|[from] move: Pain Split|[silent]
|-sethp|p2a: Rotom|52/100|[from] move: Pain Split
|
|-heal|p2a: Rotom|58/100|[from] item: Leftovers
|upkeep
|turn|3
|
|t:|1665165230
|move|p1a: Tapu Lele|Focus Blast|p2a: Rotom|[miss]
|-miss|p1a: Tapu Lele|p2a: Rotom
|move|p2a: Rotom|Pain Split|p1a: Tapu Lele
|-sethp|p1a: Tapu Lele|59/100|[from] move: Pain Split|[silent]
|-sethp|p2a: Rotom|55/100|[from] move: Pain Split
|
|-heal|p2a: Rotom|61/100|[from] item: Leftovers
|upkeep
|turn|4
|
|t:|1665165241
|switch|p1a: Ferrothorn|Ferrothorn, F|100/100
|switch|p2a: Clefable|Clefable, M|100/100
|
|upkeep
|turn|5
|
|t:|1665165244
|move|p2a: Clefable|Knock Off|p1a: Ferrothorn
|-damage|p1a: Ferrothorn|91/100
|-activate|p1a: Ferrothorn|ability: Iron Barbs
|-enditem|p1a: Ferrothorn|Rocky Helmet|[from] move: Knock Off|[of] p2a: Clefable
|move|p1a: Ferrothorn|Stealth Rock|p2a: Clefable
|-sidestart|p2: Kwaga|move: Stealth Rock
|
|upkeep
|turn|6
|
|t:|1665165246
|move|p2a: Clefable|Stealth Rock|p1a: Ferrothorn
|-sidestart|p1: tanishq1|move: Stealth Rock
|move|p1a: Ferrothorn|Knock Off|p2a: Clefable
|-resisted|p2a: Clefable
|-damage|p2a: Clefable|93/100
|-damage|p1a: Ferrothorn|74/100|[from] item: Rocky Helmet|[of] p2a: Clefable
|-enditem|p2a: Clefable|Rocky Helmet|[from] move: Knock Off|[of] p1a: Ferrothorn
|
|-fieldend|move: Psychic Terrain
|upkeep
|turn|7
|
|t:|1665165249
|move|p2a: Clefable|Moonblast|p1a: Ferrothorn
|-resisted|p1a: Ferrothorn
|-damage|p1a: Ferrothorn|60/100
|-unboost|p1a: Ferrothorn|spa|1
|move|p1a: Ferrothorn|Gyro Ball|p2a: Clefable
|-supereffective|p2a: Clefable
|-damage|p2a: Clefable|45/100
|
|upkeep
|turn|8
|
|t:|1665165251
|move|p2a: Clefable|Soft-Boiled|p2a: Clefable
|-heal|p2a: Clefable|95/100
|move|p1a: Ferrothorn|Gyro Ball|p2a: Clefable
|-supereffective|p2a: Clefable
|-damage|p2a: Clefable|43/100
|
|upkeep
|turn|9
|
|t:|1665165257
|switch|p1a: Tapu Lele|Tapu Lele|59/100
|-damage|p1a: Tapu Lele|46/100|[from] Stealth Rock
|-fieldstart|move: Psychic Terrain|[from] ability: Psychic Surge|[of] p1a: Tapu Lele
|move|p2a: Clefable|Soft-Boiled|p2a: Clefable
|-heal|p2a: Clefable|93/100
|
|upkeep
|turn|10
|
|t:|1665165269
|move|p1a: Tapu Lele|Future Sight|p2a: Clefable
|-start|p1a: Tapu Lele|move: Future Sight
|move|p2a: Clefable|Soft-Boiled|p2a: Clefable
|-heal|p2a: Clefable|100/100
|
|upkeep
|turn|11
|
|t:|1665165285
|switch|p1a: Ferrothorn|Ferrothorn, F|60/100
|-damage|p1a: Ferrothorn|54/100|[from] Stealth Rock
|switch|p2a: Tyranitar|Tyranitar, F|100/100
|-damage|p2a: Tyranitar|88/100|[from] Stealth Rock
|-weather|Sandstorm|[from] ability: Sand Stream|[of] p2a: Tyranitar
|
|-weather|Sandstorm|[upkeep]
|upkeep
|turn|12
|
|t:|1665165288
|move|p2a: Tyranitar|Superpower|p1a: Ferrothorn
|-supereffective|p1a: Ferrothorn
|-damage|p1a: Ferrothorn|0 fnt
|-unboost|p2a: Tyranitar|atk|1
|-unboost|p2a: Tyranitar|def|1
|-damage|p2a: Tyranitar|76/100|[from] ability: Iron Barbs|[of] p1a: Ferrothorn
|faint|p1a: Ferrothorn
|
|-weather|Sandstorm|[upkeep]
|-end|p2a: Tyranitar|move: Future Sight
|-immune|p2a: Tyranitar
|upkeep
|
|t:|1665165293
|switch|p1a: Urshifu|Urshifu-Rapid-Strike, M|100/100
|-damage|p1a: Urshifu|94/100|[from] Stealth Rock
|turn|13
|
|t:|1665165302
|switch|p2a: Rotom|Rotom-Wash|61/100
|-damage|p2a: Rotom|48/100|[from] Stealth Rock
|move|p1a: Urshifu|Surging Strikes|p2a: Rotom
|-resisted|p2a: Rotom
|-crit|p2a: Rotom
|-damage|p2a: Rotom|37/100
|-resisted|p2a: Rotom
|-crit|p2a: Rotom
|-damage|p2a: Rotom|25/100
|-resisted|p2a: Rotom
|-crit|p2a: Rotom
|-damage|p2a: Rotom|13/100
|-hitcount|p2a: Rotom|3
|
|-weather|Sandstorm|[upkeep]
|-damage|p2a: Rotom|7/100|[from] Sandstorm
|-damage|p1a: Urshifu|88/100|[from] Sandstorm
|-heal|p2a: Rotom|13/100|[from] item: Leftovers
|-fieldend|move: Psychic Terrain
|upkeep
|turn|14
|
|t:|1665165315
|move|p2a: Rotom|Volt Switch|p1a: Urshifu
|-supereffective|p1a: Urshifu
|-damage|p1a: Urshifu|18/100
|
|t:|1665165318
|switch|p2a: Clefable|Clefable, M|100/100|[from]move: Volt Switch
|move|p1a: Urshifu|Surging Strikes|p2a: Clefable
|-crit|p2a: Clefable
|-damage|p2a: Clefable|83/100
|-crit|p2a: Clefable
|-damage|p2a: Clefable|66/100
|-crit|p2a: Clefable
|-damage|p2a: Clefable|50/100
|-hitcount|p2a: Clefable|3
|
|-weather|Sandstorm|[upkeep]
|-damage|p1a: Urshifu|12/100|[from] Sandstorm
|upkeep
|turn|15
|
|t:|1665165323
|move|p1a: Urshifu|Close Combat|p2a: Clefable
|-resisted|p2a: Clefable
|-damage|p2a: Clefable|23/100
|-unboost|p1a: Urshifu|def|1
|-unboost|p1a: Urshifu|spd|1
|move|p2a: Clefable|Moonblast|p1a: Urshifu
|-supereffective|p1a: Urshifu
|-damage|p1a: Urshifu|0 fnt
|faint|p1a: Urshifu
|
|-weather|none
|upkeep
|
|t:|1665165329
|switch|p1a: Tapu Lele|Tapu Lele|46/100
|-damage|p1a: Tapu Lele|34/100|[from] Stealth Rock
|-fieldstart|move: Psychic Terrain|[from] ability: Psychic Surge|[of] p1a: Tapu Lele
|turn|16
|
|t:|1665165334
|move|p1a: Tapu Lele|Psyshock|p2a: Clefable
|-damage|p2a: Clefable|0 fnt
|faint|p2a: Clefable
|
|upkeep
|
|t:|1665165337
|switch|p2a: Tyranitar|Tyranitar, F|76/100
|-damage|p2a: Tyranitar|64/100|[from] Stealth Rock
|-weather|Sandstorm|[from] ability: Sand Stream|[of] p2a: Tyranitar
|turn|17
|
|t:|1665165343
|switch|p1a: Landorus|Landorus-Therian, M|100/100
|-damage|p1a: Landorus|88/100|[from] Stealth Rock
|-ability|p1a: Landorus|Intimidate|boost
|-unboost|p2a: Tyranitar|atk|1
|move|p2a: Tyranitar|Stone Edge|p1a: Landorus
|-crit|p1a: Landorus
|-damage|p1a: Landorus|0 fnt
|faint|p1a: Landorus
|
|-weather|Sandstorm|[upkeep]
|upkeep
|inactive|tanishq1 has 120 seconds left.
|
|t:|1665165379
|switch|p1a: Tapu Lele|Tapu Lele|34/100
|-damage|p1a: Tapu Lele|21/100|[from] Stealth Rock
|turn|18
|
|t:|1665165391
|switch|p2a: Rotom|Rotom-Wash|13/100
|-damage|p2a: Rotom|1/100|[from] Stealth Rock
|move|p1a: Tapu Lele|Focus Blast|p2a: Rotom|[miss]
|-miss|p1a: Tapu Lele|p2a: Rotom
|
|-weather|Sandstorm|[upkeep]
|-damage|p1a: Tapu Lele|15/100|[from] Sandstorm
|-damage|p2a: Rotom|0 fnt|[from] Sandstorm
|faint|p2a: Rotom
|upkeep
|
|t:|1665165400
|switch|p2a: Excadrill|Excadrill, F|100/100
|-damage|p2a: Excadrill|97/100|[from] Stealth Rock
|turn|19
|j| Jehnova89
|
|t:|1665165406
|move|p2a: Excadrill|Rapid Spin|p1a: Tapu Lele
|-damage|p1a: Tapu Lele|0 fnt
|-boost|p2a: Excadrill|spe|1
|-sideend|p2: Kwaga|Stealth Rock|[from] move: Rapid Spin|[of] p2a: Excadrill
|faint|p1a: Tapu Lele
|
|-weather|Sandstorm|[upkeep]
|-heal|p2a: Excadrill|100/100|[from] item: Leftovers
|upkeep
|
|t:|1665165411
|switch|p1a: Tornadus|Tornadus-Therian, M|100/100
|-damage|p1a: Tornadus|75/100|[from] Stealth Rock
|turn|20
|
|t:|1665165421
|switch|p2a: Ferrothorn|Ferrothorn, F|100/100
|move|p1a: Tornadus|Knock Off|p2a: Ferrothorn
|-damage|p2a: Ferrothorn|89/100
|-damage|p1a: Tornadus|63/100|[from] ability: Iron Barbs|[of] p2a: Ferrothorn
|-enditem|p2a: Ferrothorn|Leftovers|[from] move: Knock Off|[of] p1a: Tornadus
|
|-weather|Sandstorm|[upkeep]
|-damage|p1a: Tornadus|57/100|[from] Sandstorm
|-fieldend|move: Psychic Terrain
|upkeep
|turn|21
|
|t:|1665165432
|move|p1a: Tornadus|Hurricane|p2a: Ferrothorn
|-damage|p2a: Ferrothorn|51/100
|move|p2a: Ferrothorn|Spikes|p1a: Tornadus
|-sidestart|p1: tanishq1|Spikes
|
|-weather|none
|upkeep
|turn|22
|
|t:|1665165434
|move|p1a: Tornadus|Hurricane|p2a: Ferrothorn
|-damage|p2a: Ferrothorn|17/100
|move|p2a: Ferrothorn|Spikes|p1a: Tornadus
|-sidestart|p1: tanishq1|Spikes
|
|upkeep
|turn|23
|
|t:|1665165437
|move|p1a: Tornadus|Hurricane|p2a: Ferrothorn
|-damage|p2a: Ferrothorn|0 fnt
|faint|p2a: Ferrothorn
|
|upkeep
|
|t:|1665165440
|switch|p2a: Tyranitar|Tyranitar, F|64/100
|-weather|Sandstorm|[from] ability: Sand Stream|[of] p2a: Tyranitar
|turn|24
|
|t:|1665165442
|move|p1a: Tornadus|Knock Off|p2a: Tyranitar
|-resisted|p2a: Tyranitar
|-damage|p2a: Tyranitar|54/100
|-enditem|p2a: Tyranitar|Choice Band|[from] move: Knock Off|[of] p1a: Tornadus
|move|p2a: Tyranitar|Crunch|p1a: Tornadus
|-damage|p1a: Tornadus|5/100
|
|-weather|Sandstorm|[upkeep]
|-damage|p1a: Tornadus|0 fnt|[from] Sandstorm
|faint|p1a: Tornadus
|upkeep
|
|t:|1665165445
|switch|p1a: Dragapult|Dragapult, F|95/100 tox
|-damage|p1a: Dragapult|82/100 tox|[from] Stealth Rock
|-damage|p1a: Dragapult|66/100 tox|[from] Spikes
|turn|25
|
|t:|1665165448
|move|p1a: Dragapult|Draco Meteor|p2a: Tyranitar
|-damage|p2a: Tyranitar|0 fnt
|-unboost|p1a: Dragapult|spa|2
|faint|p2a: Tyranitar
|
|-weather|Sandstorm|[upkeep]
|-damage|p1a: Dragapult|60/100 tox|[from] Sandstorm
|-damage|p1a: Dragapult|54/100 tox|[from] psn
|upkeep
|
|t:|1665165451
|switch|p2a: Excadrill|Excadrill, F|100/100
|turn|26
|
|t:|1665165476
|move|p2a: Excadrill|Earthquake|p1a: Dragapult
|-damage|p1a: Dragapult|0 fnt
|faint|p1a: Dragapult
|
|win|Kwaga
|raw|tanishq1's rating: 1765 &rarr; <strong>1745</strong><br />(-20 for losing)
|raw|Kwaga's rating: 1769 &rarr; <strong>1789</strong><br />(+20 for winning)
|l|☆tanishq1
