|html|<div class="broadcast-blue"><strong>[Gen 8] OU is currently suspecting Melmetal! For information on how to participate check out the <a href="https://www.smogon.com/forums/threads/np-ss-ou-suspect-process-round-12-monster-mash.3709234/">suspect thread</a>.</strong></div>
|j|☆nnQQ
|j|☆comp233
|t:|1666248056
|gametype|singles
|player|p1|nnQQ|koga-gen1|1673
|player|p2|comp233|rosa|1734
|teamsize|p1|6
|teamsize|p2|6
|gen|8
|tier|[Gen 8] OU
|rated|
|rule|Sleep Clause Mod: Limit one foe put to sleep
|rule|Species Clause: Limit one of each Pokémon
|rule|OHKO Clause: OHKO moves are banned
|rule|Evasion Items Clause: Evasion items are banned
|rule|Evasion Moves Clause: Evasion moves are banned
|rule|Endless Battle Clause: Forcing endless battles is banned
|rule|HP Percentage Mod: HP is shown in percentages
|rule|Dynamax Clause: You cannot dynamax
|clearpoke
|poke|p1|Urshifu-*, M|
|poke|p1|Dragapult, M|
|poke|p1|Tapu Lele|
|poke|p1|Melmetal|
|poke|p1|Zapdos|
|poke|p1|Landorus-Therian, M|
|poke|p2|Dragapult, M|
|poke|p2|Melmetal|
|poke|p2|Zapdos-Galar|
|poke|p2|Blaziken, M|
|poke|p2|Victini|
|poke|p2|Landorus-Therian, M|
|teampreview
|
|t:|1666248066
|start
|switch|p1a: Tapu Lele|Tapu Lele, shiny|100/100
|switch|p2a: Dragapult|Dragapult, M, shiny|100/100
|-fieldstart|move: Psychic Terrain|[from] ability: Psychic Surge|[of] p1a: Tapu Lele
|turn|1
|
|t:|1666248071
|switch|p2a: Victini|Victini|100/100
|move|p1a: Tapu Lele|Future Sight|p2a: Victini
|-start|p1a: Tapu Lele|move: Future Sight
|
|upkeep
|turn|2
|
|t:|1666248084
|switch|p1a: Landorus|Landorus-Therian, M, shiny|100/100
|-ability|p1a: Landorus|Intimidate|boost
|-unboost|p2a: Victini|atk|1
|move|p2a: Victini|U-turn|p1a: Landorus
|-resisted|p1a: Landorus
|-damage|p1a: Landorus|93/100
|j| PurpleJWK
|
|t:|1666248096
|switch|p2a: Landorus|Landorus-Therian, M|100/100|[from]move: U-turn
|-ability|p2a: Landorus|Intimidate|boost
|-unboost|p1a: Landorus|atk|1
|
|-heal|p1a: Landorus|99/100|[from] item: Leftovers
|upkeep
|turn|3
|
|t:|1666248098
|move|p2a: Landorus|Stealth Rock|p1a: Landorus
|-sidestart|p1: nnQQ|move: Stealth Rock
|move|p1a: Landorus|Knock Off|p2a: Landorus
|-damage|p2a: Landorus|75/100
|-enditem|p2a: Landorus|Focus Sash|[from] move: Knock Off|[of] p1a: Landorus
|
|-end|p2a: Landorus|move: Future Sight
|-damage|p2a: Landorus|0 fnt
|faint|p2a: Landorus
|-heal|p1a: Landorus|100/100|[from] item: Leftovers
|upkeep
|
|t:|1666248101
|switch|p2a: Zapdos|Zapdos-Galar|100/100
|turn|4
|
|t:|1666248108
|switch|p1a: Zapdos|Zapdos, shiny|100/100
|move|p2a: Zapdos|Brave Bird|p1a: Zapdos
|-resisted|p1a: Zapdos
|-damage|p1a: Zapdos|46/100
|-damage|p2a: Zapdos|83/100|[from] Recoil
|
|upkeep
|turn|5
|
|t:|1666248111
|move|p2a: Zapdos|Brave Bird|p1a: Zapdos
|-resisted|p1a: Zapdos
|-damage|p1a: Zapdos|0 fnt
|faint|p1a: Zapdos
|-damage|p2a: Zapdos|67/100|[from] Recoil
|
|-fieldend|move: Psychic Terrain
|upkeep
|
|t:|1666248115
|switch|p1a: Melmetal|Melmetal, shiny|100/100
|-damage|p1a: Melmetal|94/100|[from] Stealth Rock
|turn|6
|
|t:|1666248120
|switch|p2a: Melmetal|Melmetal, shiny|100/100
|move|p1a: Melmetal|Earthquake|p2a: Melmetal
|-supereffective|p2a: Melmetal
|-damage|p2a: Melmetal|58/100
|
|-heal|p1a: Melmetal|100/100|[from] item: Leftovers
|upkeep
|turn|7
|
|t:|1666248125
|move|p1a: Melmetal|Double Iron Bash|p2a: Melmetal
|-resisted|p2a: Melmetal
|-damage|p2a: Melmetal|47/100
|-resisted|p2a: Melmetal
|-damage|p2a: Melmetal|35/100
|-hitcount|p2a: Melmetal|2
|cant|p2a: Melmetal|flinch
|
|upkeep
|turn|8
|
|t:|1666248129
|move|p1a: Melmetal|Earthquake|p2a: Melmetal
|-supereffective|p2a: Melmetal
|-damage|p2a: Melmetal|0 fnt
|faint|p2a: Melmetal
|
|upkeep
|
|t:|1666248139
|switch|p2a: Zapdos|Zapdos-Galar|67/100
|turn|9
|
|t:|1666248150
|move|p1a: Melmetal|Protect|p1a: Melmetal
|-singleturn|p1a: Melmetal|Protect
|move|p2a: Zapdos|U-turn|p1a: Melmetal
|-activate|p1a: Melmetal|move: Protect
|
|upkeep
|turn|10
|
|t:|1666248156
|move|p2a: Zapdos|U-turn|p1a: Melmetal
|-resisted|p1a: Melmetal
|-damage|p1a: Melmetal|91/100
|
|t:|1666248167
|switch|p2a: Victini|Victini|100/100|[from]move: U-turn
|move|p1a: Melmetal|Earthquake|p2a: Victini
|-supereffective|p2a: Victini
|-damage|p2a: Victini|39/100
|
|-heal|p1a: Melmetal|97/100|[from] item: Leftovers
|upkeep
|turn|11
|
|t:|1666248175
|move|p1a: Melmetal|Protect|p1a: Melmetal
|-singleturn|p1a: Melmetal|Protect
|move|p2a: Victini|V-create|p1a: Melmetal
|-activate|p1a: Melmetal|move: Protect
|
|-heal|p1a: Melmetal|100/100|[from] item: Leftovers
|upkeep
|turn|12
|
|t:|1666248183
|switch|p1a: Landorus|Landorus-Therian, M, shiny|100/100
|-damage|p1a: Landorus|88/100|[from] Stealth Rock
|-ability|p1a: Landorus|Intimidate|boost
|-unboost|p2a: Victini|atk|1
|move|p2a: Victini|V-create|p1a: Landorus
|-damage|p1a: Landorus|37/100
|-unboost|p2a: Victini|spe|1
|-unboost|p2a: Victini|def|1
|-unboost|p2a: Victini|spd|1
|
|-heal|p1a: Landorus|43/100|[from] item: Leftovers
|upkeep
|turn|13
|
|t:|1666248187
|move|p2a: Victini|V-create|p1a: Landorus
|-damage|p1a: Landorus|0 fnt
|-unboost|p2a: Victini|spe|1
|-unboost|p2a: Victini|def|1
|-unboost|p2a: Victini|spd|1
|faint|p1a: Landorus
|
|upkeep
|
|t:|1666248193
|switch|p1a: Dragapult|Dragapult, M, shiny|100/100
|-damage|p1a: Dragapult|88/100|[from] Stealth Rock
|turn|14
|
|t:|1666248197
|move|p1a: Dragapult|Shadow Ball|p2a: Victini
|-supereffective|p2a: Victini
|-damage|p2a: Victini|0 fnt
|faint|p2a: Victini
|
|upkeep
|
|t:|1666248206
|switch|p2a: Dragapult|Dragapult, M, shiny|100/100
|turn|15
|
|t:|1666248214
|switch|p1a: Urshifu|Urshifu-Rapid-Strike, M|100/100
|-damage|p1a: Urshifu|94/100|[from] Stealth Rock
|move|p2a: Dragapult|Shadow Ball|p1a: Urshifu
|-damage|p1a: Urshifu|33/100
|
|upkeep
|turn|16
|
|t:|1666248217
|move|p2a: Dragapult|Shadow Ball|p1a: Urshifu
|-damage|p1a: Urshifu|0 fnt
|faint|p1a: Urshifu
|
|upkeep
|
|t:|1666248223
|switch|p1a: Tapu Lele|Tapu Lele, shiny|100/100
|-damage|p1a: Tapu Lele|88/100|[from] Stealth Rock
|-fieldstart|move: Psychic Terrain|[from] ability: Psychic Surge|[of] p1a: Tapu Lele
|turn|17
|
|t:|1666248226
|move|p2a: Dragapult|Shadow Ball|p1a: Tapu Lele
|-supereffective|p1a: Tapu Lele
|-damage|p1a: Tapu Lele|9/100
|move|p1a: Tapu Lele|Moonblast|p2a: Dragapult
|-supereffective|p2a: Dragapult
|-damage|p2a: Dragapult|0 fnt
|faint|p2a: Dragapult
|
|upkeep
|
|t:|1666248239
|switch|p2a: Blaziken|Blaziken, M, shiny|100/100
|turn|18
|
|t:|1666248246
|move|p1a: Tapu Lele|Moonblast|p2a: Blaziken
|-damage|p2a: Blaziken|20/100
|move|p2a: Blaziken|Knock Off|p1a: Tapu Lele
|-damage|p1a: Tapu Lele|0 fnt
|-enditem|p1a: Tapu Lele|Choice Scarf|[from] move: Knock Off|[of] p2a: Blaziken
|faint|p1a: Tapu Lele
|-damage|p2a: Blaziken|10/100|[from] item: Life Orb
|
|-ability|p2a: Blaziken|Speed Boost|boost
|-boost|p2a: Blaziken|spe|1
|upkeep
|
|t:|1666248250
|switch|p1a: Melmetal|Melmetal, shiny|100/100
|-damage|p1a: Melmetal|94/100|[from] Stealth Rock
|turn|19
|
|t:|1666248253
|move|p2a: Blaziken|Close Combat|p1a: Melmetal
|-supereffective|p1a: Melmetal
|-damage|p1a: Melmetal|4/100
|-unboost|p2a: Blaziken|def|1
|-unboost|p2a: Blaziken|spd|1
|-damage|p2a: Blaziken|0 fnt|[from] item: Life Orb
|faint|p2a: Blaziken
|move|p1a: Melmetal|Double Iron Bash|p2: Blaziken|[notarget]
|-fail|p1a: Melmetal
|
|-heal|p1a: Melmetal|10/100|[from] item: Leftovers
|upkeep
|
|t:|1666248255
|switch|p2a: Zapdos|Zapdos-Galar|67/100
|turn|20
|
|t:|1666248257
|move|p1a: Melmetal|Protect|p1a: Melmetal
|-singleturn|p1a: Melmetal|Protect
|move|p2a: Zapdos|Brave Bird|p1a: Melmetal
|-activate|p1a: Melmetal|move: Protect
|
|-heal|p1a: Melmetal|16/100|[from] item: Leftovers
|upkeep
|turn|21
|
|t:|1666248259
|move|p2a: Zapdos|Brave Bird|p1a: Melmetal
|-resisted|p1a: Melmetal
|-damage|p1a: Melmetal|0 fnt
|faint|p1a: Melmetal
|-damage|p2a: Zapdos|61/100|[from] Recoil
|
|-fieldend|move: Psychic Terrain
|upkeep
|
|t:|1666248261
|switch|p1a: Dragapult|Dragapult, M, shiny|88/100
|-damage|p1a: Dragapult|76/100|[from] Stealth Rock
|turn|22
|
|t:|1666248263
|move|p1a: Dragapult|Shadow Ball|p2a: Zapdos
|-damage|p2a: Zapdos|0 fnt
|faint|p2a: Zapdos
|
|win|nnQQ
|raw|nnQQ's rating: 1673 &rarr; <strong>1696</strong><br />(+23 for winning)
|raw|comp233's rating: 1734 &rarr; <strong>1711</strong><br />(-23 for losing)
|l|☆comp233
