|j|☆OUTW Geomancy
|j|☆Kikoobuster
|t:|1645055996
|gametype|singles
|player|p1|OUTW Geomancy|hiker-gen2|1672
|player|p2|Kikoobuster|265|1667
|teamsize|p1|6
|teamsize|p2|6
|gen|8
|tier|[Gen 8] OU
|rated|
|rule|Sleep Clause Mod: Limit one foe put to sleep
|rule|Species Clause: Limit one of each Pokémon
|rule|OHKO Clause: OHKO moves are banned
|rule|Evasion Moves Clause: Evasion moves are banned
|rule|Endless Battle Clause: Forcing endless battles is banned
|rule|HP Percentage Mod: HP is shown in percentages
|rule|Dynamax Clause: You cannot dynamax
|clearpoke
|poke|p1|Landorus-Therian, M|
|poke|p1|Tornadus-Therian, M|
|poke|p1|Weavile, M|
|poke|p1|Melmetal|
|poke|p1|Toxapex, F|
|poke|p1|Regieleki|
|poke|p2|Lycanroc-Dusk, M|
|poke|p2|Excadrill, F|
|poke|p2|Hawlucha, F|
|poke|p2|Azumarill, M|
|poke|p2|Zeraora|
|poke|p2|Rillaboom, F|
|teampreview
|inactive|Battle timer is ON: inactive players will automatically lose when time's up. (requested by OUTW Geomancy)
|
|t:|1645056004
|start
|switch|p1a: Weavile|Weavile, M|100/100
|switch|p2a: Lycanroc|Lycanroc-Dusk, M|100/100
|-ability|p1a: Weavile|Pressure
|turn|1
|
|t:|1645056008
|move|p2a: Lycanroc|Accelerock|p1a: Weavile
|-supereffective|p1a: Weavile
|-damage|p1a: Weavile|17/100
|move|p1a: Weavile|Triple Axel|p2a: Lycanroc
|-damage|p2a: Lycanroc|76/100
|-damage|p2a: Lycanroc|24/100
|-damage|p2a: Lycanroc|0 fnt
|faint|p2a: Lycanroc
|-hitcount|p2: Lycanroc|3
|
|upkeep
|
|t:|1645056017
|switch|p2a: Rillaboom|Rillaboom, F|100/100
|-fieldstart|move: Grassy Terrain|[from] ability: Grassy Surge|[of] p2a: Rillaboom
|turn|2
|
|t:|1645056023
|switch|p1a: Melmetal|Melmetal|100/100
|move|p2a: Rillaboom|Grassy Glide|p1a: Melmetal
|-resisted|p1a: Melmetal
|-damage|p1a: Melmetal|80/100
|
|-heal|p1a: Melmetal|86/100|[from] Grassy Terrain
|-heal|p1a: Melmetal|93/100|[from] item: Leftovers
|upkeep
|turn|3
|
|t:|1645056031
|switch|p2a: Excadrill|Excadrill, F|100/100
|-ability|p2a: Excadrill|Mold Breaker
|move|p1a: Melmetal|Double Iron Bash|p2a: Excadrill
|-resisted|p2a: Excadrill
|-damage|p2a: Excadrill|68/100
|-resisted|p2a: Excadrill
|-damage|p2a: Excadrill|38/100
|-hitcount|p2a: Excadrill|2
|
|-heal|p2a: Excadrill|44/100|[from] Grassy Terrain
|-heal|p1a: Melmetal|99/100|[from] Grassy Terrain
|-heal|p1a: Melmetal|100/100|[from] item: Leftovers
|upkeep
|turn|4
|
|t:|1645056039
|switch|p1a: Landorus|Landorus-Therian, M|100/100
|-ability|p1a: Landorus|Intimidate|boost
|-unboost|p2a: Excadrill|atk|1
|move|p2a: Excadrill|Earthquake|p1a: Landorus
|-immune|p1a: Landorus
|
|-heal|p2a: Excadrill|50/100|[from] Grassy Terrain
|upkeep
|turn|5
|
|t:|1645056046
|switch|p1a: Melmetal|Melmetal|100/100
|move|p2a: Excadrill|Rapid Spin|p1a: Melmetal
|-resisted|p1a: Melmetal
|-damage|p1a: Melmetal|97/100
|-boost|p2a: Excadrill|spe|1
|
|-heal|p2a: Excadrill|56/100|[from] Grassy Terrain
|-heal|p1a: Melmetal|100/100|[from] Grassy Terrain
|upkeep
|turn|6
|
|t:|1645056050
|move|p2a: Excadrill|Iron Head|p1a: Melmetal
|-resisted|p1a: Melmetal
|-damage|p1a: Melmetal|92/100
|move|p1a: Melmetal|Double Iron Bash|p2a: Excadrill
|-resisted|p2a: Excadrill
|-damage|p2a: Excadrill|27/100
|-resisted|p2a: Excadrill
|-damage|p2a: Excadrill|0 fnt
|faint|p2a: Excadrill
|-hitcount|p2: Excadrill|2
|
|-heal|p1a: Melmetal|98/100|[from] Grassy Terrain
|-heal|p1a: Melmetal|100/100|[from] item: Leftovers
|-fieldend|move: Grassy Terrain
|upkeep
|
|t:|1645056063
|switch|p2a: Zeraora|Zeraora|100/100
|turn|7
|
|t:|1645056065
|move|p2a: Zeraora|Blaze Kick|p1a: Melmetal
|-supereffective|p1a: Melmetal
|-damage|p1a: Melmetal|70/100
|move|p1a: Melmetal|Earthquake|p2a: Zeraora
|-supereffective|p2a: Zeraora
|-damage|p2a: Zeraora|0 fnt
|faint|p2a: Zeraora
|
|-heal|p1a: Melmetal|76/100|[from] item: Leftovers
|upkeep
|
|t:|1645056070
|switch|p2a: Rillaboom|Rillaboom, F|100/100
|-fieldstart|move: Grassy Terrain|[from] ability: Grassy Surge|[of] p2a: Rillaboom
|turn|8
|
|t:|1645056072
|move|p2a: Rillaboom|High Horsepower|p1a: Melmetal
|-supereffective|p1a: Melmetal
|-damage|p1a: Melmetal|23/100
|move|p1a: Melmetal|Double Iron Bash|p2a: Rillaboom
|-damage|p2a: Rillaboom|53/100
|-damage|p2a: Rillaboom|5/100
|-hitcount|p2a: Rillaboom|2
|
|-heal|p2a: Rillaboom|11/100|[from] Grassy Terrain
|-heal|p1a: Melmetal|29/100|[from] Grassy Terrain
|-heal|p1a: Melmetal|35/100|[from] item: Leftovers
|upkeep
|turn|9
|
|t:|1645056080
|switch|p2a: Azumarill|Azumarill, M|100/100
|switch|p1a: Tornadus|Tornadus-Therian, M|100/100
|
|upkeep
|turn|10
|
|t:|1645056083
|move|p1a: Tornadus|Taunt|p2a: Azumarill
|-start|p2a: Azumarill|move: Taunt
|cant|p2a: Azumarill|move: Taunt|Belly Drum
|
|upkeep
|turn|11
|
|t:|1645056088
|move|p1a: Tornadus|Hurricane|p2a: Azumarill
|-damage|p2a: Azumarill|49/100
|-enditem|p2a: Azumarill|Sitrus Berry|[eat]
|-heal|p2a: Azumarill|74/100|[from] item: Sitrus Berry
|move|p2a: Azumarill|Play Rough|p1a: Tornadus
|-damage|p1a: Tornadus|32/100
|
|-heal|p2a: Azumarill|80/100|[from] Grassy Terrain
|upkeep
|turn|12
|
|t:|1645056098
|switch|p1a: Toxapex|Toxapex, F|100/100
|move|p2a: Azumarill|Aqua Jet|p1a: Toxapex
|-resisted|p1a: Toxapex
|-damage|p1a: Toxapex|92/100
|
|-heal|p2a: Azumarill|86/100|[from] Grassy Terrain
|-heal|p1a: Toxapex|98/100|[from] Grassy Terrain
|-end|p2a: Azumarill|move: Taunt
|-fieldend|move: Grassy Terrain
|upkeep
|turn|13
|
|t:|1645056101
|move|p2a: Azumarill|Belly Drum|p2a: Azumarill
|-damage|p2a: Azumarill|36/100
|-setboost|p2a: Azumarill|atk|6|[from] move: Belly Drum
|move|p1a: Toxapex|Haze|p1a: Toxapex
|-clearallboost
|
|upkeep
|turn|14
|
|t:|1645056104
|move|p2a: Azumarill|Knock Off|p1a: Toxapex
|-damage|p1a: Toxapex|65/100
|-enditem|p1a: Toxapex|Shed Shell|[from] move: Knock Off|[of] p2a: Azumarill
|move|p1a: Toxapex|Toxic|p2a: Azumarill
|-status|p2a: Azumarill|tox
|
|-damage|p2a: Azumarill|30/100 tox|[from] psn
|upkeep
|turn|15
|
|t:|1645056107
|move|p2a: Azumarill|Knock Off|p1a: Toxapex
|-damage|p1a: Toxapex|45/100
|move|p1a: Toxapex|Recover|p1a: Toxapex
|-heal|p1a: Toxapex|95/100
|
|-damage|p2a: Azumarill|17/100 tox|[from] psn
|upkeep
|turn|16
|
|t:|1645056110
|move|p2a: Azumarill|Knock Off|p1a: Toxapex
|-damage|p1a: Toxapex|76/100
|move|p1a: Toxapex|Scald|p2a: Azumarill
|-resisted|p2a: Azumarill
|-damage|p2a: Azumarill|8/100 tox
|
|-damage|p2a: Azumarill|0 fnt|[from] psn
|faint|p2a: Azumarill
|upkeep
|
|t:|1645056113
|switch|p2a: Rillaboom|Rillaboom, F|11/100
|-fieldstart|move: Grassy Terrain|[from] ability: Grassy Surge|[of] p2a: Rillaboom
|turn|17
|
|t:|1645056118
|move|p2a: Rillaboom|Grassy Glide|p1a: Toxapex
|-damage|p1a: Toxapex|25/100
|move|p1a: Toxapex|Scald|p2a: Rillaboom
|-resisted|p2a: Rillaboom
|-damage|p2a: Rillaboom|1/100
|
|-heal|p2a: Rillaboom|7/100|[from] Grassy Terrain
|-heal|p1a: Toxapex|31/100|[from] Grassy Terrain
|upkeep
|turn|18
|
|t:|1645056122
|move|p2a: Rillaboom|Grassy Glide|p1a: Toxapex
|-damage|p1a: Toxapex|0 fnt
|faint|p1a: Toxapex
|
|-heal|p2a: Rillaboom|13/100|[from] Grassy Terrain
|upkeep
|
|t:|1645056124
|switch|p1a: Melmetal|Melmetal|35/100
|turn|19
|
|t:|1645056125
|move|p2a: Rillaboom|Grassy Glide|p1a: Melmetal
|-resisted|p1a: Melmetal
|-damage|p1a: Melmetal|13/100
|move|p1a: Melmetal|Double Iron Bash|p2a: Rillaboom
|-damage|p2a: Rillaboom|0 fnt
|faint|p2a: Rillaboom
|-hitcount|p2: Rillaboom|1
|
|-heal|p1a: Melmetal|19/100|[from] Grassy Terrain
|-heal|p1a: Melmetal|25/100|[from] item: Leftovers
|upkeep
|
|t:|1645056129
|switch|p2a: Hawlucha|Hawlucha, F|100/100
|-enditem|p2a: Hawlucha|Grassy Seed
|-boost|p2a: Hawlucha|def|1|[from] item: Grassy Seed
|turn|20
|
|t:|1645056136
|move|p2a: Hawlucha|Swords Dance|p2a: Hawlucha
|-boost|p2a: Hawlucha|atk|2
|move|p1a: Melmetal|Double Iron Bash|p2a: Hawlucha
|-damage|p2a: Hawlucha|56/100
|-damage|p2a: Hawlucha|14/100
|-hitcount|p2a: Hawlucha|2
|
|-heal|p1a: Melmetal|31/100|[from] Grassy Terrain
|-heal|p1a: Melmetal|38/100|[from] item: Leftovers
|upkeep
|turn|21
|
|t:|1645056139
|move|p2a: Hawlucha|Acrobatics|p1a: Melmetal
|-resisted|p1a: Melmetal
|-damage|p1a: Melmetal|8/100
|move|p1a: Melmetal|Double Iron Bash|p2a: Hawlucha
|-damage|p2a: Hawlucha|0 fnt
|faint|p2a: Hawlucha
|-hitcount|p2: Hawlucha|1
|
|win|OUTW Geomancy
|raw|OUTW Geomancy's rating: 1672 &rarr; <strong>1692</strong><br />(+20 for winning)
|raw|Kikoobuster's rating: 1667 &rarr; <strong>1647</strong><br />(-20 for losing)
