|j|☆lukibrasil
|j|☆yung_iznamakin
|t:|1662654164
|gametype|singles
|player|p1|lukibrasil|170|1680
|player|p2|yung_iznamakin|2|1693
|teamsize|p1|6
|teamsize|p2|6
|gen|8
|tier|[Gen 8] OU
|rated|
|rule|Sleep Clause Mod: Limit one foe put to sleep
|rule|Species Clause: Limit one of each Pokémon
|rule|OHKO Clause: OHKO moves are banned
|rule|Evasion Items Clause: Evasion items are banned
|rule|Evasion Moves Clause: Evasion moves are banned
|rule|Endless Battle Clause: Forcing endless battles is banned
|rule|HP Percentage Mod: HP is shown in percentages
|rule|Dynamax Clause: You cannot dynamax
|clearpoke
|poke|p1|Rillaboom, M|
|poke|p1|Magnezone|
|poke|p1|Heatran, M|
|poke|p1|Buzzwole|
|poke|p1|Tapu Fini|
|poke|p1|Kartana|
|poke|p2|Garchomp, F|
|poke|p2|Ferrothorn, M|
|poke|p2|Clefable, M|
|poke|p2|Rotom-Wash|
|poke|p2|Tornadus-Therian, M|
|poke|p2|Weavile, F|
|teampreview
|j| killer whale squa
|
|t:|1662654189
|start
|switch|p1a: Heatran|Heatran, M|100/100
|switch|p2a: Rotom|Rotom-Wash|100/100
|turn|1
|inactive|Battle timer is ON: inactive players will automatically lose when time's up. (requested by yung_iznamakin)
|
|t:|1662654194
|switch|p1a: Rillaboom|Rillaboom, M|100/100
|-fieldstart|move: Grassy Terrain|[from] ability: Grassy Surge|[of] p1a: Rillaboom
|move|p2a: Rotom|Hydro Pump|p1a: Rillaboom
|-resisted|p1a: Rillaboom
|-damage|p1a: Rillaboom|74/100
|
|-heal|p1a: Rillaboom|81/100|[from] Grassy Terrain
|upkeep
|turn|2
|
|t:|1662654199
|move|p1a: Rillaboom|U-turn|p2a: Rotom
|-damage|p2a: Rotom|63/100
|
|t:|1662654206
|switch|p1a: Magnezone|Magnezone, shiny|100/100|[from]move: U-turn
|move|p2a: Rotom|Volt Switch|p1a: Magnezone
|-resisted|p1a: Magnezone
|-damage|p1a: Magnezone|86/100
|j| yourteamOUshit3
|
|t:|1662654214
|switch|p2a: Garchomp|Garchomp, F|100/100|[from]move: Volt Switch
|
|-heal|p1a: Magnezone|92/100|[from] Grassy Terrain
|-heal|p1a: Magnezone|98/100|[from] item: Leftovers
|upkeep
|turn|3
|
|t:|1662654217
|switch|p1a: Kartana|Kartana, shiny|100/100
|move|p2a: Garchomp|Stealth Rock|p1a: Kartana
|-sidestart|p1: lukibrasil|move: Stealth Rock
|
|upkeep
|turn|4
|
|t:|1662654221
|switch|p2a: Tornadus|Tornadus-Therian, M|100/100
|move|p1a: Kartana|Leaf Blade|p2a: Tornadus
|-resisted|p2a: Tornadus
|-damage|p2a: Tornadus|38/100
|
|upkeep
|turn|5
|
|t:|1662654233
|switch|p2a: Ferrothorn|Ferrothorn, M|100/100
|switch|p1a: Magnezone|Magnezone, shiny|98/100
|-damage|p1a: Magnezone|92/100|[from] Stealth Rock
|
|-heal|p1a: Magnezone|98/100|[from] Grassy Terrain
|-heal|p1a: Magnezone|100/100|[from] item: Leftovers
|-fieldend|move: Grassy Terrain
|upkeep
|turn|6
|
|t:|1662654238
|move|p1a: Magnezone|Substitute|p1a: Magnezone
|-start|p1a: Magnezone|Substitute
|-damage|p1a: Magnezone|76/100
|move|p2a: Ferrothorn|Spikes|p1a: Magnezone
|-sidestart|p1: lukibrasil|Spikes
|
|-heal|p1a: Magnezone|82/100|[from] item: Leftovers
|upkeep
|turn|7
|
|t:|1662654242
|move|p1a: Magnezone|Iron Defense|p1a: Magnezone
|-boost|p1a: Magnezone|def|2
|move|p2a: Ferrothorn|Spikes|p1a: Magnezone
|-sidestart|p1: lukibrasil|Spikes
|
|-heal|p1a: Magnezone|88/100|[from] item: Leftovers
|upkeep
|turn|8
|
|t:|1662654244
|move|p1a: Magnezone|Iron Defense|p1a: Magnezone
|-boost|p1a: Magnezone|def|2
|move|p2a: Ferrothorn|Spikes|p1a: Magnezone
|-sidestart|p1: lukibrasil|Spikes
|
|-heal|p1a: Magnezone|94/100|[from] item: Leftovers
|upkeep
|turn|9
|
|t:|1662654247
|move|p1a: Magnezone|Iron Defense|p1a: Magnezone
|-boost|p1a: Magnezone|def|2
|move|p2a: Ferrothorn|Body Press|p1a: Magnezone
|-supereffective|p1a: Magnezone
|-activate|p1a: Magnezone|move: Substitute|[damage]
|
|-heal|p1a: Magnezone|99/100|[from] item: Leftovers
|upkeep
|turn|10
|
|t:|1662654252
|move|p1a: Magnezone|Body Press|p2a: Ferrothorn
|-supereffective|p2a: Ferrothorn
|-damage|p2a: Ferrothorn|0 fnt
|-damage|p1a: Magnezone|87/100|[from] ability: Iron Barbs|[of] p2a: Ferrothorn
|faint|p2a: Ferrothorn
|
|-heal|p1a: Magnezone|93/100|[from] item: Leftovers
|upkeep
|
|t:|1662654256
|switch|p2a: Clefable|Clefable, M|100/100
|turn|11
|
|t:|1662654259
|move|p1a: Magnezone|Discharge|p2a: Clefable
|-damage|p2a: Clefable|56/100
|move|p2a: Clefable|Calm Mind|p2a: Clefable
|-boost|p2a: Clefable|spa|1
|-boost|p2a: Clefable|spd|1
|
|-heal|p1a: Magnezone|99/100|[from] item: Leftovers
|upkeep
|turn|12
|
|t:|1662654263
|move|p1a: Magnezone|Body Press|p2a: Clefable
|-resisted|p2a: Clefable
|-damage|p2a: Clefable|17/100
|move|p2a: Clefable|Moonblast|p1a: Magnezone
|-resisted|p1a: Magnezone
|-crit|p1a: Magnezone
|-end|p1a: Magnezone|Substitute
|
|-heal|p1a: Magnezone|100/100|[from] item: Leftovers
|upkeep
|turn|13
|
|t:|1662654268
|switch|p2a: Garchomp|Garchomp, F|100/100
|move|p1a: Magnezone|Body Press|p2a: Garchomp
|-damage|p2a: Garchomp|4/100
|-damage|p1a: Magnezone|88/100|[from] ability: Rough Skin|[of] p2a: Garchomp
|
|-heal|p2a: Garchomp|10/100|[from] item: Leftovers
|-heal|p1a: Magnezone|94/100|[from] item: Leftovers
|upkeep
|turn|14
|
|t:|1662654274
|move|p2a: Garchomp|Swords Dance|p2a: Garchomp
|-boost|p2a: Garchomp|atk|2
|move|p1a: Magnezone|Body Press|p2a: Garchomp
|-damage|p2a: Garchomp|0 fnt
|-damage|p1a: Magnezone|82/100|[from] ability: Rough Skin|[of] p2a: Garchomp
|faint|p2a: Garchomp
|
|-heal|p1a: Magnezone|88/100|[from] item: Leftovers
|upkeep
|-message|yung_iznamakin forfeited.
|
|win|lukibrasil
|raw|lukibrasil's rating: 1680 &rarr; <strong>1701</strong><br />(+21 for winning)
|raw|yung_iznamakin's rating: 1693 &rarr; <strong>1672</strong><br />(-21 for losing)
|l|☆yung_iznamakin
|l|☆lukibrasil
