|j|☆GuardArc
|j|☆Potatochan789
|t:|1652037218
|gametype|singles
|player|p1|GuardArc|lance-gen3|
|player|p2|Potatochan789|clemont|
|teamsize|p1|6
|teamsize|p2|6
|gen|8
|tier|[Gen 8] OU
|rule|Sleep Clause Mod: Limit one foe put to sleep
|rule|Species Clause: Limit one of each Pokémon
|rule|OHKO Clause: OHKO moves are banned
|rule|Evasion Moves Clause: Evasion moves are banned
|rule|Endless Battle Clause: Forcing endless battles is banned
|rule|HP Percentage Mod: HP is shown in percentages
|rule|Dynamax Clause: You cannot dynamax
|clearpoke
|poke|p1|Tyranitar, M|
|poke|p1|Excadrill, M|
|poke|p1|Magnezone|
|poke|p1|Tornadus-Therian, M|
|poke|p1|Toxapex, F|
|poke|p1|Garchomp, M|
|poke|p2|Garchomp, M|
|poke|p2|Kartana|
|poke|p2|Tapu Fini|
|poke|p2|Jirachi|
|poke|p2|Rotom-Heat|
|poke|p2|Moltres-Galar|
|teampreview
|inactive|Battle timer is ON: inactive players will automatically lose when time's up. (requested by Potatochan789)
|c|☆GuardArc|yo hf
|c|☆Potatochan789|u2
|c|☆GuardArc|I'll link
|c|☆Potatochan789|kk
|inactive|GuardArc has 270 seconds left.
|inactive|Potatochan789 has 270 seconds left.
|j| simp
|l| simp
|j| JimmyfromLinkedIn
|inactive|GuardArc has 240 seconds left.
|j| IkeDreams
|j| Hand of Malenia
|
|t:|1652037302
|start
|switch|p1a: Tornadus|Tornadus-Therian, M|100/100
|switch|p2a: Rotom|Rotom-Heat|100/100
|turn|1
|j| schwipper
|j| Anvil Head
|
|t:|1652037318
|switch|p1a: Garchomp|Garchomp, M|100/100
|move|p2a: Rotom|Trick|p1a: Garchomp
|-activate|p2a: Rotom|move: Trick|[of] p1a: Garchomp
|-item|p1a: Garchomp|Choice Scarf|[from] move: Trick
|-item|p2a: Rotom|Life Orb|[from] move: Trick
|
|upkeep
|turn|2
|
|t:|1652037335
|switch|p2a: Tapu Fini|Tapu Fini|100/100
|-fieldstart|move: Misty Terrain|[from] ability: Misty Surge|[of] p2a: Tapu Fini
|move|p1a: Garchomp|Draco Meteor|p2a: Tapu Fini
|-immune|p2a: Tapu Fini
|
|upkeep
|turn|3
|inactive|Potatochan789 has 270 seconds left.
|inactive|GuardArc has 270 seconds left.
|
|t:|1652037366
|switch|p1a: Magnezone|Magnezone|100/100
|switch|p2a: Garchomp|Garchomp, M|100/100
|
|upkeep
|turn|4
|inactive|GuardArc has 270 seconds left.
|
|t:|1652037376
|switch|p1a: Tornadus|Tornadus-Therian, M|100/100
|move|p2a: Garchomp|Swords Dance|p2a: Garchomp
|-boost|p2a: Garchomp|atk|2
|
|upkeep
|turn|5
|
|t:|1652037381
|move|p1a: Tornadus|Icy Wind|p2a: Garchomp
|-supereffective|p2a: Garchomp
|-damage|p2a: Garchomp|26/100
|-unboost|p2a: Garchomp|spe|1
|move|p2a: Garchomp|Stone Edge|p1a: Tornadus|[miss]
|-miss|p2a: Garchomp|p1a: Tornadus
|
|upkeep
|turn|6
|
|t:|1652037390
|switch|p2a: Rotom|Rotom-Heat|100/100
|move|p1a: Tornadus|Icy Wind|p2a: Rotom
|-resisted|p2a: Rotom
|-damage|p2a: Rotom|89/100
|-unboost|p2a: Rotom|spe|1
|
|-fieldend|Misty Terrain
|upkeep
|turn|7
|
|t:|1652037396
|move|p1a: Tornadus|U-turn|p2a: Rotom
|-resisted|p2a: Rotom
|-damage|p2a: Rotom|79/100
|j| derpyboi
|
|t:|1652037400
|switch|p1a: Garchomp|Garchomp, M|100/100|[from]move: U-turn
|move|p2a: Rotom|Overheat|p1a: Garchomp
|-resisted|p1a: Garchomp
|-damage|p1a: Garchomp|60/100
|-unboost|p2a: Rotom|spa|2
|-damage|p2a: Rotom|69/100|[from] item: Life Orb
|
|upkeep
|turn|8
|
|t:|1652037418
|switch|p2a: Tapu Fini|Tapu Fini|100/100
|-fieldstart|move: Misty Terrain|[from] ability: Misty Surge|[of] p2a: Tapu Fini
|move|p1a: Garchomp|Stealth Rock|p2a: Tapu Fini
|-sidestart|p2: Potatochan789|move: Stealth Rock
|
|upkeep
|turn|9
|
|t:|1652037425
|switch|p1a: Magnezone|Magnezone|100/100
|switch|p2a: Garchomp|Garchomp, M|26/100
|-damage|p2a: Garchomp|20/100|[from] Stealth Rock
|
|upkeep
|turn|10
|
|t:|1652037444
|move|p2a: Garchomp|Stealth Rock|p1a: Magnezone
|-sidestart|p1: GuardArc|move: Stealth Rock
|move|p1a: Magnezone|Body Press|p2a: Garchomp
|-damage|p2a: Garchomp|0 fnt
|-damage|p1a: Magnezone|88/100|[from] ability: Rough Skin|[of] p2a: Garchomp
|-damage|p1a: Magnezone|72/100|[from] item: Rocky Helmet|[of] p2a: Garchomp
|faint|p2a: Garchomp
|
|upkeep
|
|t:|1652037458
|switch|p2a: Jirachi|Jirachi|100/100
|-damage|p2a: Jirachi|94/100|[from] Stealth Rock
|turn|11
|
|t:|1652037473
|switch|p1a: Toxapex|Toxapex, F|100/100
|-damage|p1a: Toxapex|88/100|[from] Stealth Rock
|move|p2a: Jirachi|Calm Mind|p2a: Jirachi
|-boost|p2a: Jirachi|spa|1
|-boost|p2a: Jirachi|spd|1
|
|-heal|p2a: Jirachi|100/100|[from] item: Leftovers
|upkeep
|turn|12
|
|t:|1652037478
|move|p2a: Jirachi|Psyshock|p1a: Toxapex
|-supereffective|p1a: Toxapex
|-damage|p1a: Toxapex|2/100
|-enditem|p1a: Toxapex|Eject Button
|inactive|GuardArc has 270 seconds left.
|
|t:|1652037510
|switch|p1a: Garchomp|Garchomp, M|60/100
|-damage|p1a: Garchomp|53/100|[from] Stealth Rock
|
|-fieldend|Misty Terrain
|upkeep
|turn|13
|
|t:|1652037528
|switch|p2a: Rotom|Rotom-Heat|69/100
|-damage|p2a: Rotom|44/100|[from] Stealth Rock
|move|p1a: Garchomp|Earthquake|p2a: Rotom
|-immune|p2a: Rotom|[from] ability: Levitate
|
|upkeep
|turn|14
|
|t:|1652037534
|move|p1a: Garchomp|Earthquake|p2a: Rotom
|-immune|p2a: Rotom|[from] ability: Levitate
|move|p2a: Rotom|Volt Switch|p1a: Garchomp
|-immune|p1a: Garchomp
|
|upkeep
|turn|15
|
|t:|1652037541
|move|p1a: Garchomp|Earthquake|p2a: Rotom
|-immune|p2a: Rotom|[from] ability: Levitate
|move|p2a: Rotom|Overheat|p1a: Garchomp|[miss]
|-miss|p2a: Rotom|p1a: Garchomp
|
|upkeep
|turn|16
|
|t:|1652037553
|switch|p1a: Tyranitar|Tyranitar, M|100/100
|-damage|p1a: Tyranitar|88/100|[from] Stealth Rock
|-weather|Sandstorm|[from] ability: Sand Stream|[of] p1a: Tyranitar
|move|p2a: Rotom|Volt Switch|p1a: Tyranitar
|-damage|p1a: Tyranitar|61/100
|-damage|p2a: Rotom|34/100|[from] item: Life Orb
|inactive|Potatochan789 has 270 seconds left.
|
|t:|1652037582
|switch|p2a: Kartana|Kartana|100/100|[from]move: Volt Switch
|-damage|p2a: Kartana|94/100|[from] Stealth Rock
|
|-weather|Sandstorm|[upkeep]
|upkeep
|turn|17
|inactive|Potatochan789 has 270 seconds left.
|
|t:|1652037606
|switch|p1a: Toxapex|Toxapex, F|36/100
|-damage|p1a: Toxapex|23/100|[from] Stealth Rock
|move|p2a: Kartana|Knock Off|p1a: Toxapex
|-damage|p1a: Toxapex|2/100
|
|-weather|Sandstorm|[upkeep]
|-damage|p1a: Toxapex|0 fnt|[from] Sandstorm
|faint|p1a: Toxapex
|upkeep
|inactive|GuardArc has 270 seconds left.
|
|t:|1652037644
|switch|p1a: Magnezone|Magnezone|72/100
|-damage|p1a: Magnezone|66/100|[from] Stealth Rock
|turn|18
|
|t:|1652037650
|move|p2a: Kartana|Sacred Sword|p1a: Magnezone
|-supereffective|p1a: Magnezone
|-damage|p1a: Magnezone|0 fnt
|faint|p1a: Magnezone
|-ability|p2a: Kartana|Beast Boost|boost
|-boost|p2a: Kartana|atk|1
|
|-weather|Sandstorm|[upkeep]
|upkeep
|l| Hand of Malenia
|
|t:|1652037654
|switch|p1a: Tornadus|Tornadus-Therian, M|100/100
|-damage|p1a: Tornadus|76/100|[from] Stealth Rock
|turn|19
|j| simp
|
|t:|1652037678
|switch|p2a: Rotom|Rotom-Heat|34/100
|-damage|p2a: Rotom|9/100|[from] Stealth Rock
|move|p1a: Tornadus|Heat Wave|p2a: Rotom
|-resisted|p2a: Rotom
|-damage|p2a: Rotom|0 fnt
|faint|p2a: Rotom
|
|-weather|Sandstorm|[upkeep]
|-damage|p1a: Tornadus|70/100|[from] Sandstorm
|upkeep
|inactive|Potatochan789 has 270 seconds left.
|l| simp
|inactive|Potatochan789 has 240 seconds left.
|
|t:|1652037721
|switch|p2a: Tapu Fini|Tapu Fini|100/100
|-damage|p2a: Tapu Fini|88/100|[from] Stealth Rock
|-fieldstart|move: Misty Terrain|[from] ability: Misty Surge|[of] p2a: Tapu Fini
|turn|20
|
|t:|1652037736
|switch|p1a: Garchomp|Garchomp, M|53/100
|-damage|p1a: Garchomp|47/100|[from] Stealth Rock
|move|p2a: Tapu Fini|Calm Mind|p2a: Tapu Fini
|-boost|p2a: Tapu Fini|spa|1
|-boost|p2a: Tapu Fini|spd|1
|
|-weather|none
|-heal|p2a: Tapu Fini|94/100|[from] item: Leftovers
|upkeep
|turn|21
|inactive|Potatochan789 has 240 seconds left.
|l| JimmyfromLinkedIn
|inactive|Potatochan789 has 210 seconds left.
|
|t:|1652037798
|move|p1a: Garchomp|Earthquake|p2a: Tapu Fini
|-damage|p2a: Tapu Fini|65/100
|move|p2a: Tapu Fini|Draining Kiss|p1a: Garchomp
|-supereffective|p1a: Garchomp
|-damage|p1a: Garchomp|0 fnt
|-heal|p2a: Tapu Fini|100/100|[from] drain|[of] p1a: Garchomp
|-damage|p2a: Tapu Fini|88/100|[from] ability: Rough Skin|[of] p1a: Garchomp
|faint|p1a: Garchomp
|
|-heal|p2a: Tapu Fini|94/100|[from] item: Leftovers
|upkeep
|inactive|GuardArc has 270 seconds left.
|
|t:|1652037841
|switch|p1a: Tornadus|Tornadus-Therian, M|100/100
|-damage|p1a: Tornadus|76/100|[from] Stealth Rock
|turn|22
|inactive|Potatochan789 has 210 seconds left.
|
|t:|1652037850
|move|p1a: Tornadus|Knock Off|p2a: Tapu Fini
|-resisted|p2a: Tapu Fini
|-damage|p2a: Tapu Fini|87/100
|-enditem|p2a: Tapu Fini|Leftovers|[from] move: Knock Off|[of] p1a: Tornadus
|move|p2a: Tapu Fini|Calm Mind|p2a: Tapu Fini
|-boost|p2a: Tapu Fini|spa|1
|-boost|p2a: Tapu Fini|spd|1
|
|upkeep
|turn|23
|
|t:|1652037855
|move|p1a: Tornadus|U-turn|p2a: Tapu Fini
|-resisted|p2a: Tapu Fini
|-damage|p2a: Tapu Fini|81/100
|
|t:|1652037858
|switch|p1a: Tyranitar|Tyranitar, M|61/100|[from]move: U-turn
|-damage|p1a: Tyranitar|49/100|[from] Stealth Rock
|-weather|Sandstorm|[from] ability: Sand Stream|[of] p1a: Tyranitar
|move|p2a: Tapu Fini|Calm Mind|p2a: Tapu Fini
|-boost|p2a: Tapu Fini|spa|1
|-boost|p2a: Tapu Fini|spd|1
|
|-weather|Sandstorm|[upkeep]
|-damage|p2a: Tapu Fini|75/100|[from] Sandstorm
|upkeep
|turn|24
|
|t:|1652037870
|move|p1a: Tyranitar|Stone Edge|p2a: Tapu Fini
|-damage|p2a: Tapu Fini|38/100
|move|p2a: Tapu Fini|Draining Kiss|p1a: Tyranitar
|-supereffective|p1a: Tyranitar
|-damage|p1a: Tyranitar|0 fnt
|-heal|p2a: Tapu Fini|74/100|[from] drain|[of] p1a: Tyranitar
|faint|p1a: Tyranitar
|
|-weather|Sandstorm|[upkeep]
|-damage|p2a: Tapu Fini|68/100|[from] Sandstorm
|-fieldend|Misty Terrain
|upkeep
|
|t:|1652037877
|switch|p1a: Excadrill|Excadrill, M|100/100
|-damage|p1a: Excadrill|97/100|[from] Stealth Rock
|turn|25
|c|☆GuardArc|gg
|
|t:|1652037883
|move|p1a: Excadrill|Iron Head|p2a: Tapu Fini
|-damage|p2a: Tapu Fini|38/100
|move|p2a: Tapu Fini|Scald|p1a: Excadrill
|-supereffective|p1a: Excadrill
|-damage|p1a: Excadrill|0 fnt
|faint|p1a: Excadrill
|
|-weather|Sandstorm|[upkeep]
|-damage|p2a: Tapu Fini|32/100|[from] Sandstorm
|upkeep
|
|t:|1652037888
|switch|p1a: Tornadus|Tornadus-Therian, M|100/100
|-damage|p1a: Tornadus|76/100|[from] Stealth Rock
|turn|26
|
|t:|1652037892
|move|p1a: Tornadus|Heat Wave|p2a: Tapu Fini
|-resisted|p2a: Tapu Fini
|-damage|p2a: Tapu Fini|27/100
|move|p2a: Tapu Fini|Draining Kiss|p1a: Tornadus
|-damage|p1a: Tornadus|24/100
|-heal|p2a: Tapu Fini|61/100|[from] drain|[of] p1a: Tornadus
|
|-weather|Sandstorm|[upkeep]
|-damage|p1a: Tornadus|18/100|[from] Sandstorm
|-damage|p2a: Tapu Fini|55/100|[from] Sandstorm
|upkeep
|turn|27
|c|☆Potatochan789|gg
|l| IkeDreams
|
|t:|1652037899
|move|p1a: Tornadus|Heat Wave|p2a: Tapu Fini
|-resisted|p2a: Tapu Fini
|-damage|p2a: Tapu Fini|50/100
|move|p2a: Tapu Fini|Draining Kiss|p1a: Tornadus
|-damage|p1a: Tornadus|0 fnt
|-heal|p2a: Tapu Fini|62/100|[from] drain|[of] p1a: Tornadus
|faint|p1a: Tornadus
|
|win|Potatochan789
|l|☆GuardArc
