|j|☆Colonel Rivai
|j|☆SuzhouLieutenant
|t:|1647787876
|gametype|singles
|player|p1|Colonel Rivai|1|1702
|player|p2|SuzhouLieutenant|palmer|1666
|teamsize|p1|6
|teamsize|p2|6
|gen|8
|tier|[Gen 8] OU
|rated|
|rule|Sleep Clause Mod: Limit one foe put to sleep
|rule|Species Clause: Limit one of each Pokémon
|rule|OHKO Clause: OHKO moves are banned
|rule|Evasion Moves Clause: Evasion moves are banned
|rule|Endless Battle Clause: Forcing endless battles is banned
|rule|HP Percentage Mod: HP is shown in percentages
|rule|Dynamax Clause: You cannot dynamax
|clearpoke
|poke|p1|Hydreigon, F|
|poke|p1|Kartana|
|poke|p1|Blacephalon|
|poke|p1|Landorus-Therian, M|
|poke|p1|Melmetal|
|poke|p1|Toxapex, F|
|poke|p2|Aegislash, M|
|poke|p2|Corviknight, F|
|poke|p2|Buzzwole|
|poke|p2|Weavile, M|
|poke|p2|Nidoking, M|
|poke|p2|Blissey, F|
|teampreview
|j| PPasseDD
|inactive|Battle timer is ON: inactive players will automatically lose when time's up. (requested by SuzhouLieutenant)
|
|t:|1647787890
|start
|switch|p1a: Hydreigon|Hydreigon, F|100/100
|switch|p2a: Nidoking|Nidoking, M|100/100
|turn|1
|
|t:|1647787895
|switch|p2a: Blissey|Blissey, F|100/100
|move|p1a: Hydreigon|Beat Up|p2a: Blissey
|-damage|p2a: Blissey|91/100
|-damage|p2a: Blissey|77/100
|-damage|p2a: Blissey|65/100
|-damage|p2a: Blissey|51/100
|-damage|p2a: Blissey|40/100
|-damage|p2a: Blissey|32/100
|-hitcount|p2a: Blissey|6
|
|upkeep
|turn|2
|
|t:|1647787900
|switch|p2a: Buzzwole|Buzzwole|100/100
|move|p1a: Hydreigon|Beat Up|p2a: Buzzwole
|-resisted|p2a: Buzzwole
|-damage|p2a: Buzzwole|97/100
|-resisted|p2a: Buzzwole
|-damage|p2a: Buzzwole|93/100
|-resisted|p2a: Buzzwole
|-crit|p2a: Buzzwole
|-damage|p2a: Buzzwole|88/100
|-resisted|p2a: Buzzwole
|-damage|p2a: Buzzwole|84/100
|-resisted|p2a: Buzzwole
|-damage|p2a: Buzzwole|80/100
|-resisted|p2a: Buzzwole
|-damage|p2a: Buzzwole|78/100
|-hitcount|p2a: Buzzwole|6
|
|upkeep
|turn|3
|
|t:|1647787907
|switch|p1a: Toxapex|Toxapex, F|100/100
|switch|p2a: Blissey|Blissey, F|32/100
|
|upkeep
|turn|4
|
|t:|1647787910
|move|p2a: Blissey|Soft-Boiled|p2a: Blissey
|-heal|p2a: Blissey|82/100
|move|p1a: Toxapex|Knock Off|p2a: Blissey
|-damage|p2a: Blissey|68/100
|-enditem|p2a: Blissey|Heavy-Duty Boots|[from] move: Knock Off|[of] p1a: Toxapex
|
|upkeep
|turn|5
|l| PPasseDD
|
|t:|1647787916
|switch|p1a: Landorus|Landorus-Therian, M|100/100
|-ability|p1a: Landorus|Intimidate|boost
|-unboost|p2a: Blissey|atk|1
|move|p2a: Blissey|Stealth Rock|p1a: Landorus
|-sidestart|p1: Colonel Rivai|move: Stealth Rock
|
|upkeep
|turn|6
|
|t:|1647787920
|switch|p2a: Nidoking|Nidoking, M|100/100
|move|p1a: Landorus|Defog|p2a: Nidoking
|-unboost|p2a: Nidoking|evasion|1
|-sideend|p1: Colonel Rivai|Stealth Rock|[from] move: Defog|[of] p1a: Landorus
|
|upkeep
|turn|7
|j| PPasseDD
|
|t:|1647787926
|move|p2a: Nidoking|Ice Beam|p1a: Landorus
|-supereffective|p1a: Landorus
|-damage|p1a: Landorus|0 fnt
|faint|p1a: Landorus
|
|upkeep
|
|t:|1647787930
|switch|p1a: Hydreigon|Hydreigon, F|100/100
|turn|8
|l| PPasseDD
|
|t:|1647787953
|move|p1a: Hydreigon|Beat Up|p2a: Nidoking
|-damage|p2a: Nidoking|86/100
|-damage|p2a: Nidoking|62/100
|-damage|p2a: Nidoking|44/100
|-damage|p2a: Nidoking|32/100
|-damage|p2a: Nidoking|10/100
|-hitcount|p2a: Nidoking|5
|move|p2a: Nidoking|Ice Beam|p1a: Hydreigon
|-supereffective|p1a: Hydreigon
|-damage|p1a: Hydreigon|16/100
|
|upkeep
|turn|9
|
|t:|1647787959
|switch|p1a: Blacephalon|Blacephalon|100/100
|switch|p2a: Buzzwole|Buzzwole|78/100
|
|upkeep
|turn|10
|j| flying ducheman
|
|t:|1647787963
|switch|p2a: Blissey|Blissey, F|68/100
|move|p1a: Blacephalon|Trick|p2a: Blissey
|-activate|p1a: Blacephalon|move: Trick|[of] p2a: Blissey
|-item|p2a: Blissey|Choice Scarf|[from] move: Trick
|-enditem|p1a: Blacephalon|Choice Scarf|[silent]|[from] move: Trick
|
|upkeep
|turn|11
|
|t:|1647787972
|move|p1a: Blacephalon|Flamethrower|p2a: Blissey
|-damage|p2a: Blissey|50/100
|move|p2a: Blissey|Soft-Boiled|p2a: Blissey
|-heal|p2a: Blissey|99/100
|
|upkeep
|turn|12
|inactive|SuzhouLieutenant has 120 seconds left.
|
|t:|1647788002
|switch|p2a: Aegislash|Aegislash, M|100/100
|move|p1a: Blacephalon|Flamethrower|p2a: Aegislash
|-supereffective|p2a: Aegislash
|-damage|p2a: Aegislash|0 fnt
|faint|p2a: Aegislash
|-ability|p1a: Blacephalon|Beast Boost|boost
|-boost|p1a: Blacephalon|spa|1
|
|upkeep
|inactive|SuzhouLieutenant has 120 seconds left.
|
|t:|1647788016
|switch|p2a: Weavile|Weavile, M|100/100
|-ability|p2a: Weavile|Pressure
|turn|13
|
|t:|1647788020
|switch|p1a: Toxapex|Toxapex, F|100/100
|move|p2a: Weavile|Knock Off|p1a: Toxapex
|-damage|p1a: Toxapex|70/100
|-damage|p2a: Weavile|84/100|[from] item: Rocky Helmet|[of] p1a: Toxapex
|-enditem|p1a: Toxapex|Rocky Helmet|[from] move: Knock Off|[of] p2a: Weavile
|
|upkeep
|turn|14
|
|t:|1647788027
|switch|p2a: Corviknight|Corviknight, F|100/100
|-ability|p2a: Corviknight|Pressure
|move|p1a: Toxapex|Knock Off|p2a: Corviknight
|-damage|p2a: Corviknight|91/100
|-enditem|p2a: Corviknight|Leftovers|[from] move: Knock Off|[of] p1a: Toxapex
|
|upkeep
|turn|15
|
|t:|1647788030
|switch|p1a: Blacephalon|Blacephalon|100/100
|move|p2a: Corviknight|U-turn|p1a: Blacephalon
|-resisted|p1a: Blacephalon
|-damage|p1a: Blacephalon|93/100
|
|t:|1647788032
|switch|p2a: Weavile|Weavile, M|84/100|[from]move: U-turn
|-ability|p2a: Weavile|Pressure
|
|upkeep
|turn|16
|
|t:|1647788036
|switch|p1a: Toxapex|Toxapex, F|100/100
|move|p2a: Weavile|Knock Off|p1a: Toxapex
|-damage|p1a: Toxapex|80/100
|
|upkeep
|turn|17
|
|t:|1647788040
|switch|p2a: Blissey|Blissey, F|99/100
|move|p1a: Toxapex|Knock Off|p2a: Blissey
|-damage|p2a: Blissey|87/100
|-enditem|p2a: Blissey|Choice Scarf|[from] move: Knock Off|[of] p1a: Toxapex
|
|upkeep
|turn|18
|
|t:|1647788043
|move|p2a: Blissey|Stealth Rock|p1a: Toxapex
|-sidestart|p1: Colonel Rivai|move: Stealth Rock
|move|p1a: Toxapex|Toxic|p2a: Blissey
|-status|p2a: Blissey|tox
|
|-damage|p2a: Blissey|81/100 tox|[from] psn
|upkeep
|turn|19
|
|t:|1647788048
|-curestatus|p2a: Blissey|tox|[from] ability: Natural Cure
|switch|p2a: Corviknight|Corviknight, F|91/100
|-ability|p2a: Corviknight|Pressure
|move|p1a: Toxapex|Knock Off|p2a: Corviknight
|-damage|p2a: Corviknight|84/100
|
|upkeep
|turn|20
|
|t:|1647788054
|move|p2a: Corviknight|U-turn|p1a: Toxapex
|-resisted|p1a: Toxapex
|-damage|p1a: Toxapex|76/100
|
|t:|1647788056
|switch|p2a: Blissey|Blissey, F|81/100|[from]move: U-turn
|move|p1a: Toxapex|Knock Off|p2a: Blissey
|-damage|p2a: Blissey|72/100
|
|upkeep
|turn|21
|
|t:|1647788059
|move|p2a: Blissey|Seismic Toss|p1a: Toxapex
|-damage|p1a: Toxapex|43/100
|move|p1a: Toxapex|Toxic|p2a: Blissey
|-status|p2a: Blissey|tox
|
|-damage|p2a: Blissey|66/100 tox|[from] psn
|upkeep
|turn|22
|
|t:|1647788061
|move|p2a: Blissey|Soft-Boiled|p2a: Blissey
|-heal|p2a: Blissey|100/100 tox
|move|p1a: Toxapex|Recover|p1a: Toxapex
|-heal|p1a: Toxapex|93/100
|
|-damage|p2a: Blissey|88/100 tox|[from] psn
|upkeep
|turn|23
|
|t:|1647788065
|-curestatus|p2a: Blissey|tox|[from] ability: Natural Cure
|switch|p2a: Corviknight|Corviknight, F|84/100
|-ability|p2a: Corviknight|Pressure
|switch|p1a: Melmetal|Melmetal|100/100
|-damage|p1a: Melmetal|94/100|[from] Stealth Rock
|
|upkeep
|turn|24
|
|t:|1647788070
|move|p2a: Corviknight|Roost|p2a: Corviknight
|-heal|p2a: Corviknight|100/100
|-singleturn|p2a: Corviknight|move: Roost
|move|p1a: Melmetal|Thunder Punch|p2a: Corviknight
|-damage|p2a: Corviknight|77/100
|
|upkeep
|turn|25
|j| Sorcier Anguilion
|
|t:|1647788075
|switch|p2a: Buzzwole|Buzzwole|78/100
|move|p1a: Melmetal|Double Iron Bash|p2a: Buzzwole
|-damage|p2a: Buzzwole|55/100
|-damage|p1a: Melmetal|78/100|[from] item: Rocky Helmet|[of] p2a: Buzzwole
|-damage|p2a: Buzzwole|31/100
|-damage|p1a: Melmetal|61/100|[from] item: Rocky Helmet|[of] p2a: Buzzwole
|-hitcount|p2a: Buzzwole|2
|
|upkeep
|turn|26
|
|t:|1647788079
|switch|p1a: Toxapex|Toxapex, F|100/100
|-damage|p1a: Toxapex|88/100|[from] Stealth Rock
|move|p2a: Buzzwole|Roost|p2a: Buzzwole
|-heal|p2a: Buzzwole|81/100
|-singleturn|p2a: Buzzwole|move: Roost
|
|upkeep
|turn|27
|
|t:|1647788085
|switch|p2a: Corviknight|Corviknight, F|77/100
|-ability|p2a: Corviknight|Pressure
|switch|p1a: Hydreigon|Hydreigon, F|16/100
|-damage|p1a: Hydreigon|4/100|[from] Stealth Rock
|
|upkeep
|turn|28
|
|t:|1647788093
|move|p1a: Hydreigon|Beat Up|p2a: Corviknight
|-damage|p2a: Corviknight|70/100
|-damage|p2a: Corviknight|59/100
|-damage|p2a: Corviknight|53/100
|-damage|p2a: Corviknight|46/100
|-damage|p2a: Corviknight|36/100
|-hitcount|p2a: Corviknight|5
|move|p2a: Corviknight|U-turn|p1a: Hydreigon
|-supereffective|p1a: Hydreigon
|-damage|p1a: Hydreigon|0 fnt
|faint|p1a: Hydreigon
|l|☆Colonel Rivai
|inactive|Colonel Rivai disconnected and has a minute to reconnect!
|player|p1|
|
|t:|1647788107
|switch|p2a: Buzzwole|Buzzwole|81/100|[from]move: U-turn
|
|upkeep
|inactive|Colonel Rivai has 30 seconds to reconnect!
|inactive|Colonel Rivai has 20 seconds to reconnect!
|inactive|Colonel Rivai has 15 seconds to reconnect!
|inactive|Colonel Rivai has 10 seconds to reconnect!
|inactive|Colonel Rivai has 5 seconds to reconnect!
|-message|Colonel Rivai lost due to inactivity.
|
|win|SuzhouLieutenant
|raw|Colonel Rivai's rating: 1702 &rarr; <strong>1680</strong><br />(-22 for losing)
|raw|SuzhouLieutenant's rating: 1666 &rarr; <strong>1688</strong><br />(+22 for winning)
