|raw|<div class="broadcast-blue"><strong>This battle is required to be public due to a player having a name starting with 'lt84jm'.</div>
|j|☆LT84JM stareal
|j|‽lonietzzz
|t:|1627402050
|gametype|singles
|player|p1|LT84JM stareal|2|1862
|player|p2|lonietzzz|pokemonbreederf|1861
|teamsize|p1|6
|teamsize|p2|6
|gen|8
|tier|[Gen 8] OU
|rated|
|rule|Sleep Clause Mod: Limit one foe put to sleep
|rule|Species Clause: Limit one of each Pokémon
|rule|OHKO Clause: OHKO moves are banned
|rule|Evasion Moves Clause: Evasion moves are banned
|rule|Endless Battle Clause: Forcing endless battles is banned
|rule|HP Percentage Mod: HP is shown in percentages
|rule|Dynamax Clause: You cannot dynamax
|clearpoke
|poke|p1|Landorus-Therian, M|
|poke|p1|Tapu Lele|
|poke|p1|Weavile, M|
|poke|p1|Ferrothorn, F|
|poke|p1|Victini|
|poke|p1|Tapu Fini|
|poke|p2|Arctozolt|
|poke|p2|Ninetales-Alola, F|
|poke|p2|Heatran, M|
|poke|p2|Kyurem|
|poke|p2|Tapu Lele|
|poke|p2|Landorus-Therian, M|
|teampreview
|j| LT84JM Farawyn98
|j| MangoStyle
|j| LT84JM Black Lotus
|j| yuzmv
|j| lt84jm raizen
|j| LT84JM Lorenz
|j| LT84JM Bored
|
|t:|1627402073
|start
|switch|p1a: Victini|Victini|100/100
|switch|p2a: Landorus|Landorus-Therian, M|100/100
|-ability|p2a: Landorus|Intimidate|boost
|-unboost|p1a: Victini|atk|1
|turn|1
|j| Briitt
|
|t:|1627402078
|switch|p1a: Landorus|Landorus-Therian, M|100/100
|-ability|p1a: Landorus|Intimidate|boost
|-unboost|p2a: Landorus|atk|1
|move|p2a: Landorus|Knock Off|p1a: Landorus
|-damage|p1a: Landorus|87/100
|-damage|p2a: Landorus|84/100|[from] item: Rocky Helmet|[of] p1a: Landorus
|-enditem|p1a: Landorus|Rocky Helmet|[from] move: Knock Off|[of] p2a: Landorus
|
|-heal|p2a: Landorus|90/100|[from] item: Leftovers
|upkeep
|turn|2
|
|t:|1627402084
|move|p1a: Landorus|Toxic|p2a: Landorus
|-status|p2a: Landorus|tox
|move|p2a: Landorus|Stealth Rock|p1a: Landorus
|-sidestart|p1: LT84JM stareal|move: Stealth Rock
|
|-heal|p2a: Landorus|96/100 tox|[from] item: Leftovers
|-damage|p2a: Landorus|90/100 tox|[from] psn
|upkeep
|turn|3
|
|t:|1627402088
|switch|p2a: Kyurem|Kyurem|100/100
|-ability|p2a: Kyurem|Pressure
|move|p1a: Landorus|Stealth Rock|p2a: Kyurem
|-sidestart|p2: lonietzzz|move: Stealth Rock
|
|upkeep
|turn|4
|
|t:|1627402093
|switch|p1a: Victini|Victini|100/100
|move|p2a: Kyurem|Substitute|p2a: Kyurem
|-start|p2a: Kyurem|Substitute
|-damage|p2a: Kyurem|76/100
|
|upkeep
|turn|5
|
|t:|1627402101
|move|p1a: Victini|U-turn|p2a: Kyurem
|-activate|p2a: Kyurem|move: Substitute|[damage]
|
|t:|1627402103
|switch|p1a: Ferrothorn|Ferrothorn, F|100/100|[from]move: U-turn
|-damage|p1a: Ferrothorn|94/100|[from] Stealth Rock
|move|p2a: Kyurem|Freeze-Dry|p1a: Ferrothorn
|-damage|p1a: Ferrothorn|68/100
|
|-heal|p1a: Ferrothorn|75/100|[from] item: Leftovers
|upkeep
|turn|6
|
|t:|1627402111
|move|p2a: Kyurem|Freeze-Dry|p1a: Ferrothorn
|-damage|p1a: Ferrothorn|53/100
|move|p1a: Ferrothorn|Knock Off|p2a: Kyurem
|-end|p2a: Kyurem|Substitute
|
|-heal|p1a: Ferrothorn|59/100|[from] item: Leftovers
|upkeep
|turn|7
|j| cycle 4 sniper
|
|t:|1627402119
|switch|p2a: Heatran|Heatran, M|100/100
|-damage|p2a: Heatran|88/100|[from] Stealth Rock
|move|p1a: Ferrothorn|Gyro Ball|p2a: Heatran
|-resisted|p2a: Heatran
|-damage|p2a: Heatran|79/100
|
|-heal|p2a: Heatran|85/100|[from] item: Leftovers
|-heal|p1a: Ferrothorn|66/100|[from] item: Leftovers
|upkeep
|turn|8
|
|t:|1627402134
|switch|p1a: Tapu Fini|Tapu Fini|100/100
|-damage|p1a: Tapu Fini|88/100|[from] Stealth Rock
|-fieldstart|move: Misty Terrain|[from] ability: Misty Surge|[of] p1a: Tapu Fini
|move|p2a: Heatran|Magma Storm|p1a: Tapu Fini
|-resisted|p1a: Tapu Fini
|-damage|p1a: Tapu Fini|73/100
|-activate|p1a: Tapu Fini|move: Magma Storm|[of] p2a: Heatran
|
|-heal|p1a: Tapu Fini|80/100|[from] item: Leftovers
|-heal|p2a: Heatran|92/100|[from] item: Leftovers
|-damage|p1a: Tapu Fini|67/100|[from] move: Magma Storm|[partiallytrapped]
|upkeep
|turn|9
|j| Don Makaveli
|inactive|Battle timer is ON: inactive players will automatically lose when time's up. (requested by LT84JM stareal)
|
|t:|1627402160
|switch|p2a: Arctozolt|Arctozolt|100/100
|move|p1a: Tapu Fini|Whirlpool|p2a: Arctozolt
|-damage|p2a: Arctozolt|85/100
|-activate|p2a: Arctozolt|move: Whirlpool|[of] p1a: Tapu Fini
|
|-heal|p1a: Tapu Fini|73/100|[from] item: Leftovers
|-end|p1a: Tapu Fini|Magma Storm|[partiallytrapped]|[silent]
|-damage|p2a: Arctozolt|73/100|[from] move: Whirlpool|[partiallytrapped]
|upkeep
|turn|10
|
|t:|1627402174
|switch|p1a: Ferrothorn|Ferrothorn, F|66/100
|-damage|p1a: Ferrothorn|59/100|[from] Stealth Rock
|move|p2a: Arctozolt|Blizzard|p1a: Ferrothorn|[miss]
|-miss|p2a: Arctozolt|p1a: Ferrothorn
|
|-heal|p1a: Ferrothorn|66/100|[from] item: Leftovers
|-end|p2a: Arctozolt|Whirlpool|[partiallytrapped]|[silent]
|upkeep
|turn|11
|
|t:|1627402185
|switch|p2a: Heatran|Heatran, M|92/100
|-damage|p2a: Heatran|79/100|[from] Stealth Rock
|move|p1a: Ferrothorn|Knock Off|p2a: Heatran
|-damage|p2a: Heatran|62/100
|-enditem|p2a: Heatran|Leftovers|[from] move: Knock Off|[of] p1a: Ferrothorn
|
|-heal|p1a: Ferrothorn|72/100|[from] item: Leftovers
|upkeep
|turn|12
|
|t:|1627402192
|switch|p1a: Tapu Fini|Tapu Fini|73/100
|-damage|p1a: Tapu Fini|61/100|[from] Stealth Rock
|move|p2a: Heatran|Magma Storm|p1a: Tapu Fini|[miss]
|-miss|p2a: Heatran|p1a: Tapu Fini
|
|-heal|p1a: Tapu Fini|67/100|[from] item: Leftovers
|-fieldend|Misty Terrain
|upkeep
|turn|13
|l| LT84JM Farawyn98
|
|t:|1627402204
|switch|p2a: Arctozolt|Arctozolt|73/100
|move|p1a: Tapu Fini|Whirlpool|p2a: Arctozolt
|-damage|p2a: Arctozolt|58/100
|-activate|p2a: Arctozolt|move: Whirlpool|[of] p1a: Tapu Fini
|
|-heal|p1a: Tapu Fini|73/100|[from] item: Leftovers
|-damage|p2a: Arctozolt|46/100|[from] move: Whirlpool|[partiallytrapped]
|upkeep
|turn|14
|
|t:|1627402211
|switch|p1a: Ferrothorn|Ferrothorn, F|72/100
|-damage|p1a: Ferrothorn|66/100|[from] Stealth Rock
|move|p2a: Arctozolt|Bolt Beak|p1a: Ferrothorn
|-resisted|p1a: Ferrothorn
|-damage|p1a: Ferrothorn|37/100
|-damage|p2a: Arctozolt|34/100|[from] ability: Iron Barbs|[of] p1a: Ferrothorn
|
|-heal|p1a: Ferrothorn|43/100|[from] item: Leftovers
|-end|p2a: Arctozolt|Whirlpool|[partiallytrapped]|[silent]
|upkeep
|turn|15
|
|t:|1627402224
|switch|p2a: Landorus|Landorus-Therian, M|90/100 tox
|-damage|p2a: Landorus|78/100 tox|[from] Stealth Rock
|-ability|p2a: Landorus|Intimidate|boost
|-unboost|p1a: Ferrothorn|atk|1
|switch|p1a: Tapu Lele|Tapu Lele|100/100
|-damage|p1a: Tapu Lele|88/100|[from] Stealth Rock
|-fieldstart|move: Psychic Terrain|[from] ability: Psychic Surge|[of] p1a: Tapu Lele
|
|-heal|p2a: Landorus|84/100 tox|[from] item: Leftovers
|-damage|p2a: Landorus|78/100 tox|[from] psn
|upkeep
|turn|16
|
|t:|1627402236
|move|p1a: Tapu Lele|Psyshock|p2a: Landorus
|-damage|p2a: Landorus|0 fnt
|faint|p2a: Landorus
|
|upkeep
|
|t:|1627402244
|switch|p2a: Tapu Lele|Tapu Lele|100/100
|-damage|p2a: Tapu Lele|88/100|[from] Stealth Rock
|turn|17
|j| Isza
|l| Isza
|j| xasahbae
|
|t:|1627402274
|move|p2a: Tapu Lele|Moonblast|p1a: Tapu Lele
|-damage|p1a: Tapu Lele|27/100
|move|p1a: Tapu Lele|Psyshock|p2a: Tapu Lele
|-resisted|p2a: Tapu Lele
|-damage|p2a: Tapu Lele|20/100
|
|upkeep
|turn|18
|j| LT84JM ivyz
|inactive|LT84JM stareal has 120 seconds left.
|
|t:|1627402290
|switch|p2a: Heatran|Heatran, M|62/100
|-damage|p2a: Heatran|50/100|[from] Stealth Rock
|move|p1a: Tapu Lele|Psyshock|p2a: Heatran
|-resisted|p2a: Heatran
|-damage|p2a: Heatran|17/100
|
|upkeep
|turn|19
|j| Isza
|-message|lonietzzz forfeited.
|
|win|LT84JM stareal
|j| Plasmeek
|l|‽lonietzzz
|raw|LT84JM stareal's rating: 1862 &rarr; <strong>1882</strong><br />(+20 for winning)
|raw|lonietzzz's rating: 1861 &rarr; <strong>1841</strong><br />(-20 for losing)
|l| LT84JM Bored
