|j|☆sulm
|j|☆Batataplays
|t:|1650649226
|gametype|singles
|player|p1|sulm|boarder-gen2|
|player|p2|Batataplays|2|
|teamsize|p1|6
|teamsize|p2|6
|gen|8
|tier|[Gen 8] OU
|rule|Sleep Clause Mod: Limit one foe put to sleep
|rule|Species Clause: Limit one of each Pokémon
|rule|OHKO Clause: OHKO moves are banned
|rule|Evasion Moves Clause: Evasion moves are banned
|rule|Endless Battle Clause: Forcing endless battles is banned
|rule|HP Percentage Mod: HP is shown in percentages
|rule|Dynamax Clause: You cannot dynamax
|clearpoke
|poke|p1|Clawitzer, F|
|poke|p1|Tapu Koko|
|poke|p1|Tapu Bulu|
|poke|p1|Tapu Lele|
|poke|p1|Tapu Fini|
|poke|p1|Garchomp, F|
|poke|p2|Accelgor, F|
|poke|p2|Clefable, M|
|poke|p2|Victini|
|poke|p2|Landorus-Therian, M|
|poke|p2|Regieleki|
|poke|p2|Bisharp, M|
|teampreview
|j| Papagaio do Mar
|c|☆Batataplays|Vai invitando ai vou ajeitar umas coisas
|c|☆sulm|bele
|c|☆sulm|salve gut
|c| Papagaio do Mar|mandem na room
|j|+Natan
|j| Lemilhou✞
|c|☆Batataplays|Bora la
|j| Sr.†Regigigas†
|
|t:|1650649319
|start
|switch|p1a: Tapu Fini|Tapu Fini|100/100
|switch|p2a: Chuck Norris|Landorus-Therian, M|100/100
|-fieldstart|move: Misty Terrain|[from] ability: Misty Surge|[of] p1a: Tapu Fini
|-ability|p2a: Chuck Norris|Intimidate|boost
|-unboost|p1a: Tapu Fini|atk|1
|turn|1
|
|t:|1650649336
|switch|p2a: Sm in the way hmmm|Bisharp, M|100/100
|move|p1a: Tapu Fini|Scald|p2a: Sm in the way hmmm
|-damage|p2a: Sm in the way hmmm|62/100
|
|upkeep
|turn|2
|j| PyetroSenpaiFds
|
|t:|1650649343
|switch|p1a: Garchomp|Garchomp, F|100/100
|move|p2a: Sm in the way hmmm|Iron Head|p1a: Garchomp
|-damage|p1a: Garchomp|75/100
|-damage|p2a: Sm in the way hmmm|50/100|[from] ability: Rough Skin|[of] p1a: Garchomp
|
|-heal|p1a: Garchomp|82/100|[from] item: Leftovers
|upkeep
|turn|3
|l| Lemilhou✞
|l| PyetroSenpaiFds
|
|t:|1650649355
|switch|p1a: Tapu Koko|Tapu Koko|100/100
|-fieldstart|move: Electric Terrain|[from] ability: Electric Surge|[of] p1a: Tapu Koko
|move|p2a: Sm in the way hmmm|Foul Play|p1a: Tapu Koko
|-resisted|p1a: Tapu Koko
|-damage|p1a: Tapu Koko|83/100
|
|-heal|p1a: Tapu Koko|89/100|[from] item: Leftovers
|upkeep
|turn|4
|c| Sr.†Regigigas†|usa o time direito
|c| Sr.†Regigigas†|Batataplays
|
|t:|1650649365
|move|p1a: Tapu Koko|U-turn|p2a: Sm in the way hmmm
|-damage|p2a: Sm in the way hmmm|33/100
|
|t:|1650649367
|switch|p1a: Garchomp|Garchomp, F|82/100|[from]move: U-turn
|move|p2a: Sm in the way hmmm|Iron Head|p1a: Garchomp
|-damage|p1a: Garchomp|56/100
|-damage|p2a: Sm in the way hmmm|21/100|[from] ability: Rough Skin|[of] p1a: Garchomp
|
|-heal|p1a: Garchomp|62/100|[from] item: Leftovers
|upkeep
|turn|5
|j| Lemilhou✞
|
|t:|1650649372
|move|p1a: Garchomp|Earthquake|p2a: Sm in the way hmmm
|-supereffective|p2a: Sm in the way hmmm
|-damage|p2a: Sm in the way hmmm|0 fnt
|faint|p2a: Sm in the way hmmm
|
|-heal|p1a: Garchomp|68/100|[from] item: Leftovers
|upkeep
|
|t:|1650649374
|switch|p2a: Tia da Cantina|Clefable, M|100/100
|turn|6
|c| Sr.†Regigigas†|direito!!
|c|☆Batataplays|Calma la
|
|t:|1650649402
|switch|p1a: Tapu Fini|Tapu Fini|100/100
|-fieldstart|move: Misty Terrain|[from] ability: Misty Surge|[of] p1a: Tapu Fini
|move|p2a: Tia da Cantina|Moonblast|p1a: Tapu Fini
|-damage|p1a: Tapu Fini|70/100
|
|upkeep
|turn|7
|
|t:|1650649408
|switch|p1a: Tapu Bulu|Tapu Bulu|100/100
|-fieldstart|move: Grassy Terrain|[from] ability: Grassy Surge|[of] p1a: Tapu Bulu
|move|p2a: Tia da Cantina|Moonblast|p1a: Tapu Bulu
|-damage|p1a: Tapu Bulu|63/100
|
|-heal|p1a: Tapu Bulu|69/100|[from] Grassy Terrain
|-heal|p1a: Tapu Bulu|75/100|[from] item: Leftovers
|upkeep
|turn|8
|j| Empoleon o
|
|t:|1650649415
|switch|p2a: Vitamina D|Victini|100/100
|move|p1a: Tapu Bulu|Substitute|p1a: Tapu Bulu
|-start|p1a: Tapu Bulu|Substitute
|-damage|p1a: Tapu Bulu|50/100
|
|-heal|p1a: Tapu Bulu|56/100|[from] Grassy Terrain
|-heal|p1a: Tapu Bulu|62/100|[from] item: Leftovers
|upkeep
|turn|9
|
|t:|1650649419
|move|p2a: Vitamina D|U-turn|p1a: Tapu Bulu
|-activate|p1a: Tapu Bulu|move: Substitute|[damage]
|
|t:|1650649423
|switch|p2a: Tadeu Smith|Accelgor, F|100/100|[from]move: U-turn
|move|p1a: Tapu Bulu|Leech Seed|p2a: Tadeu Smith
|-start|p2a: Tadeu Smith|move: Leech Seed
|
|-heal|p1a: Tapu Bulu|68/100|[from] Grassy Terrain
|-heal|p1a: Tapu Bulu|74/100|[from] item: Leftovers
|-damage|p2a: Tadeu Smith|88/100|[from] Leech Seed|[of] p1a: Tapu Bulu
|-heal|p1a: Tapu Bulu|87/100|[silent]
|upkeep
|turn|10
|
|t:|1650649431
|move|p2a: Tadeu Smith|Toxic Spikes|p1a: Tapu Bulu
|-sidestart|p1: sulm|move: Toxic Spikes
|move|p1a: Tapu Bulu|Horn Leech|p2a: Tadeu Smith
|-resisted|p2a: Tadeu Smith
|-damage|p2a: Tadeu Smith|50/100
|-heal|p1a: Tapu Bulu|100/100|[from] drain|[of] p2a: Tadeu Smith
|
|-heal|p2a: Tadeu Smith|56/100|[from] Grassy Terrain
|-damage|p2a: Tadeu Smith|44/100|[from] Leech Seed|[of] p1a: Tapu Bulu
|upkeep
|turn|11
|
|t:|1650649434
|move|p2a: Tadeu Smith|Spikes|p1a: Tapu Bulu
|-sidestart|p1: sulm|Spikes
|move|p1a: Tapu Bulu|Horn Leech|p2a: Tadeu Smith
|-resisted|p2a: Tadeu Smith
|-damage|p2a: Tadeu Smith|4/100
|
|-heal|p2a: Tadeu Smith|10/100|[from] Grassy Terrain
|-damage|p2a: Tadeu Smith|0 fnt|[from] Leech Seed|[of] p1a: Tapu Bulu
|faint|p2a: Tadeu Smith
|-fieldend|move: Grassy Terrain
|upkeep
|
|t:|1650649437
|switch|p2a: Chuck Norris|Landorus-Therian, M|100/100
|-ability|p2a: Chuck Norris|Intimidate|boost
|-immune|p1a: Tapu Bulu
|turn|12
|j|+MyPearl
|
|t:|1650649447
|move|p2a: Chuck Norris|U-turn|p1a: Tapu Bulu
|-end|p1a: Tapu Bulu|Substitute
|j| time tematico
|
|t:|1650649449
|switch|p2a: Vitamina D|Victini|100/100|[from]move: U-turn
|move|p1a: Tapu Bulu|Substitute|p1a: Tapu Bulu
|-start|p1a: Tapu Bulu|Substitute
|-damage|p1a: Tapu Bulu|75/100
|
|-heal|p1a: Tapu Bulu|82/100|[from] item: Leftovers
|upkeep
|turn|13
|l| time tematico
|
|t:|1650649457
|move|p2a: Vitamina D|V-create|p1a: Tapu Bulu
|-supereffective|p1a: Tapu Bulu
|-end|p1a: Tapu Bulu|Substitute
|-unboost|p2a: Vitamina D|spe|1
|-unboost|p2a: Vitamina D|def|1
|-unboost|p2a: Vitamina D|spd|1
|move|p1a: Tapu Bulu|Leech Seed|p2a: Vitamina D
|-start|p2a: Vitamina D|move: Leech Seed
|
|-heal|p1a: Tapu Bulu|88/100|[from] item: Leftovers
|-damage|p2a: Vitamina D|88/100|[from] Leech Seed|[of] p1a: Tapu Bulu
|-heal|p1a: Tapu Bulu|100/100|[silent]
|upkeep
|turn|14
|
|t:|1650649464
|switch|p2a: Tia da Cantina|Clefable, M|100/100
|switch|p1a: Tapu Fini|Tapu Fini|70/100
|-status|p1a: Tapu Fini|psn
|-damage|p1a: Tapu Fini|57/100 psn|[from] Spikes
|-fieldstart|move: Misty Terrain|[from] ability: Misty Surge|[of] p1a: Tapu Fini
|
|-damage|p1a: Tapu Fini|45/100 psn|[from] psn
|upkeep
|turn|15
|
|t:|1650649477
|move|p1a: Tapu Fini|Scald|p2a: Tia da Cantina
|-damage|p2a: Tia da Cantina|69/100
|move|p2a: Tia da Cantina|Moonblast|p1a: Tapu Fini
|-damage|p1a: Tapu Fini|14/100 psn
|
|-damage|p1a: Tapu Fini|2/100 psn|[from] psn
|upkeep
|turn|16
|
|t:|1650649481
|move|p1a: Tapu Fini|Scald|p2a: Tia da Cantina
|-damage|p2a: Tia da Cantina|38/100
|move|p2a: Tia da Cantina|Moonblast|p1a: Tapu Fini
|-damage|p1a: Tapu Fini|0 fnt
|faint|p1a: Tapu Fini
|
|upkeep
|
|t:|1650649510
|switch|p1a: Tapu Lele|Tapu Lele|100/100
|-damage|p1a: Tapu Lele|88/100|[from] Spikes
|-fieldstart|move: Psychic Terrain|[from] ability: Psychic Surge|[of] p1a: Tapu Lele
|turn|17
|
|t:|1650649518
|switch|p2a: Vitamina D|Victini|88/100
|move|p1a: Tapu Lele|Iron Defense|p1a: Tapu Lele
|-boost|p1a: Tapu Lele|def|2
|
|-heal|p1a: Tapu Lele|94/100|[from] item: Leftovers
|upkeep
|turn|18
|l| Lemilhou✞
|
|t:|1650649533
|move|p2a: Vitamina D|Trick|p1a: Tapu Lele
|-activate|p2a: Vitamina D|move: Trick|[of] p1a: Tapu Lele
|-item|p1a: Tapu Lele|Choice Scarf|[from] move: Trick
|-item|p2a: Vitamina D|Leftovers|[from] move: Trick
|move|p1a: Tapu Lele|Stored Power|p2a: Vitamina D
|-resisted|p2a: Vitamina D
|-damage|p2a: Vitamina D|75/100
|
|-heal|p2a: Vitamina D|81/100|[from] item: Leftovers
|upkeep
|turn|19
|j| Lemilhou✞
|
|t:|1650649546
|move|p1a: Tapu Lele|Stored Power|p2a: Vitamina D
|-resisted|p2a: Vitamina D
|-damage|p2a: Vitamina D|66/100
|move|p2a: Vitamina D|U-turn|p1a: Tapu Lele
|-damage|p1a: Tapu Lele|87/100
|
|t:|1650649550
|switch|p2a: Tapa do will|Regieleki|100/100|[from]move: U-turn
|
|upkeep
|turn|20
|
|t:|1650649553
|move|p2a: Tapa do will|Thunderbolt|p1a: Tapu Lele
|-damage|p1a: Tapu Lele|42/100
|move|p1a: Tapu Lele|Stored Power|p2a: Tapa do will
|-crit|p2a: Tapa do will
|-damage|p2a: Tapa do will|0 fnt
|faint|p2a: Tapa do will
|
|upkeep
|
|t:|1650649558
|switch|p2a: Tia da Cantina|Clefable, M|38/100
|turn|21
|
|t:|1650649566
|move|p2a: Tia da Cantina|Soft-Boiled|p2a: Tia da Cantina
|-heal|p2a: Tia da Cantina|88/100
|move|p1a: Tapu Lele|Stored Power|p2a: Tia da Cantina
|-damage|p2a: Tia da Cantina|52/100
|
|-fieldend|move: Psychic Terrain
|upkeep
|turn|22
|
|t:|1650649574
|switch|p2a: Chuck Norris|Landorus-Therian, M|100/100
|-ability|p2a: Chuck Norris|Intimidate|boost
|-unboost|p1a: Tapu Lele|atk|1
|move|p1a: Tapu Lele|Stored Power|p2a: Chuck Norris
|-damage|p2a: Chuck Norris|68/100
|
|upkeep
|turn|23
|
|t:|1650649578
|move|p1a: Tapu Lele|Stored Power|p2a: Chuck Norris
|-damage|p2a: Chuck Norris|36/100
|move|p2a: Chuck Norris|U-turn|p1a: Tapu Lele
|-damage|p1a: Tapu Lele|24/100
|
|t:|1650649581
|switch|p2a: Vitamina D|Victini|66/100|[from]move: U-turn
|
|-heal|p2a: Vitamina D|72/100|[from] item: Leftovers
|upkeep
|turn|24
|
|t:|1650649584
|move|p1a: Tapu Lele|Stored Power|p2a: Vitamina D
|-resisted|p2a: Vitamina D
|-damage|p2a: Vitamina D|62/100
|move|p2a: Vitamina D|U-turn|p1a: Tapu Lele
|-damage|p1a: Tapu Lele|17/100
|
|t:|1650649586
|switch|p2a: Tia da Cantina|Clefable, M|52/100|[from]move: U-turn
|
|upkeep
|turn|25
|
|t:|1650649591
|move|p2a: Tia da Cantina|Moonblast|p1a: Tapu Lele
|-damage|p1a: Tapu Lele|0 fnt
|faint|p1a: Tapu Lele
|
|upkeep
|
|t:|1650649598
|switch|p1a: Clawitzer|Clawitzer, F|100/100
|-damage|p1a: Clawitzer|88/100|[from] Spikes
|-status|p1a: Clawitzer|psn
|turn|26
|
|t:|1650649602
|move|p2a: Tia da Cantina|Moonblast|p1a: Clawitzer
|-damage|p1a: Clawitzer|46/100 psn
|move|p1a: Clawitzer|Water Pulse|p2a: Tia da Cantina
|-damage|p2a: Tia da Cantina|0 fnt
|faint|p2a: Tia da Cantina
|
|-damage|p1a: Clawitzer|34/100 psn|[from] psn
|upkeep
|
|t:|1650649607
|switch|p2a: Vitamina D|Victini|62/100
|turn|27
|
|t:|1650649619
|move|p2a: Vitamina D|U-turn|p1a: Clawitzer
|-damage|p1a: Clawitzer|18/100 psn
|
|t:|1650649622
|switch|p2a: Chuck Norris|Landorus-Therian, M|36/100|[from]move: U-turn
|-ability|p2a: Chuck Norris|Intimidate|boost
|-unboost|p1a: Clawitzer|atk|1
|move|p1a: Clawitzer|Water Pulse|p2a: Chuck Norris
|-supereffective|p2a: Chuck Norris
|-damage|p2a: Chuck Norris|0 fnt
|faint|p2a: Chuck Norris
|
|-damage|p1a: Clawitzer|6/100 psn|[from] psn
|upkeep
|
|t:|1650649623
|switch|p2a: Vitamina D|Victini|62/100
|turn|28
|
|t:|1650649626
|move|p2a: Vitamina D|U-turn|p1a: Clawitzer
|-damage|p1a: Clawitzer|0 fnt
|faint|p1a: Clawitzer
|
|-heal|p2a: Vitamina D|68/100|[from] item: Leftovers
|upkeep
|
|t:|1650649628
|switch|p1a: Garchomp|Garchomp, F|68/100
|-status|p1a: Garchomp|psn
|-damage|p1a: Garchomp|56/100 psn|[from] Spikes
|turn|29
|
|t:|1650649632
|move|p2a: Vitamina D|Final Gambit|p1a: Garchomp
|-damage|p1a: Garchomp|0 fnt
|faint|p2a: Vitamina D
|faint|p1a: Garchomp
|
|win|sulm
|c|☆sulm|gg
|c|☆Batataplays|Gg
