|j|☆Gurtrant
|j|☆whichjuanz
|t:|1629419384
|gametype|singles
|player|p1|Gurtrant|238|1696
|player|p2|whichjuanz|hiker-gen4|1768
|teamsize|p1|6
|teamsize|p2|6
|gen|8
|tier|[Gen 8] OU
|rated|
|rule|Sleep Clause Mod: Limit one foe put to sleep
|rule|Species Clause: Limit one of each Pokémon
|rule|OHKO Clause: OHKO moves are banned
|rule|Evasion Moves Clause: Evasion moves are banned
|rule|Endless Battle Clause: Forcing endless battles is banned
|rule|HP Percentage Mod: HP is shown in percentages
|rule|Dynamax Clause: You cannot dynamax
|clearpoke
|poke|p1|Pelipper, F|
|poke|p1|Heliolisk, M|
|poke|p1|Seismitoad, M|
|poke|p1|Barraskewda, F|
|poke|p1|Ferrothorn, M|
|poke|p1|Zapdos|
|poke|p2|Buzzwole|
|poke|p2|Kartana|
|poke|p2|Blacephalon|
|poke|p2|Celesteela|
|poke|p2|Nihilego|
|poke|p2|Stakataka|
|teampreview
|inactive|Battle timer is ON: inactive players will automatically lose when time's up. (requested by whichjuanz)
|inactive|Gurtrant also wants the timer to be on.
|
|t:|1629419391
|start
|switch|p1a: Pelipper|Pelipper, F|100/100
|switch|p2a: Pennywise|Blacephalon|100/100
|-weather|RainDance|[from] ability: Drizzle|[of] p1a: Pelipper
|turn|1
|
|t:|1629419398
|switch|p1a: Heliolisk|Heliolisk, M, shiny|100/100
|move|p2a: Pennywise|Hypnosis|p1a: Heliolisk
|-status|p1a: Heliolisk|slp|[from] move: Hypnosis
|
|-weather|RainDance|[upkeep]
|upkeep
|turn|2
|j| SebusWebus
|
|t:|1629419404
|switch|p1a: Seismitoad|Seismitoad, M|100/100
|move|p2a: Pennywise|Calm Mind|p2a: Pennywise
|-boost|p2a: Pennywise|spa|1
|-boost|p2a: Pennywise|spd|1
|
|-weather|RainDance|[upkeep]
|upkeep
|turn|3
|
|t:|1629419408
|move|p1a: Seismitoad|Weather Ball|p2a: Pennywise
|-supereffective|p2a: Pennywise
|-enditem|p2a: Pennywise|Focus Sash
|-damage|p2a: Pennywise|1/100
|-damage|p1a: Seismitoad|91/100|[from] item: Life Orb
|move|p2a: Pennywise|Shadow Ball|p1a: Seismitoad
|-damage|p1a: Seismitoad|12/100
|
|-weather|RainDance|[upkeep]
|upkeep
|turn|4
|
|t:|1629419413
|move|p1a: Seismitoad|Weather Ball|p2a: Pennywise
|-supereffective|p2a: Pennywise
|-damage|p2a: Pennywise|0 fnt
|faint|p2a: Pennywise
|-damage|p1a: Seismitoad|2/100|[from] item: Life Orb
|
|-weather|RainDance|[upkeep]
|upkeep
|
|t:|1629419417
|switch|p2a: Edward|Kartana|100/100
|turn|5
|j| RWaver
|j| Chakie12
|
|t:|1629419429
|switch|p1a: Zapdos|Zapdos|100/100
|move|p2a: Edward|Swords Dance|p2a: Edward
|-boost|p2a: Edward|atk|2
|
|-weather|RainDance|[upkeep]
|upkeep
|turn|6
|
|t:|1629419433
|move|p2a: Edward|Leaf Blade|p1a: Zapdos
|-resisted|p1a: Zapdos
|-damage|p1a: Zapdos|67/100
|move|p1a: Zapdos|U-turn|p2a: Edward
|-damage|p2a: Edward|89/100
|
|t:|1629419440
|switch|p1a: Seismitoad|Seismitoad, M|2/100|[from]move: U-turn
|
|-weather|RainDance|[upkeep]
|upkeep
|turn|7
|
|t:|1629419445
|move|p1a: Seismitoad|Earth Power|p2a: Edward
|-damage|p2a: Edward|0 fnt
|faint|p2a: Edward
|-damage|p1a: Seismitoad|0 fnt|[from] item: Life Orb
|faint|p1a: Seismitoad
|
|-weather|RainDance|[upkeep]
|upkeep
|
|t:|1629419452
|switch|p2a: Sphere|Nihilego|100/100
|switch|p1a: Barraskewda|Barraskewda, F|100/100
|turn|8
|
|t:|1629419456
|switch|p2a: Pinhead|Buzzwole|100/100
|move|p1a: Barraskewda|Flip Turn|p2a: Pinhead
|-damage|p2a: Pinhead|51/100
|
|t:|1629419461
|switch|p1a: Zapdos|Zapdos|67/100|[from]move: Flip Turn
|
|-weather|none
|upkeep
|turn|9
|
|t:|1629419465
|move|p2a: Pinhead|Ice Punch|p1a: Zapdos
|-supereffective|p1a: Zapdos
|-damage|p1a: Zapdos|30/100
|move|p1a: Zapdos|U-turn|p2a: Pinhead
|-resisted|p2a: Pinhead
|-damage|p2a: Pinhead|46/100
|
|t:|1629419467
|switch|p1a: Pelipper|Pelipper, F|100/100|[from]move: U-turn
|-weather|RainDance|[from] ability: Drizzle|[of] p1a: Pelipper
|
|-weather|RainDance|[upkeep]
|upkeep
|turn|10
|
|t:|1629419472
|move|p2a: Pinhead|Thunder Punch|p1a: Pelipper
|-supereffective|p1a: Pelipper
|-damage|p1a: Pelipper|20/100
|move|p1a: Pelipper|Hurricane|p2a: Pinhead
|-supereffective|p2a: Pinhead
|-damage|p2a: Pinhead|0 fnt
|faint|p2a: Pinhead
|
|-weather|RainDance|[upkeep]
|upkeep
|
|t:|1629419476
|switch|p2a: Sphere|Nihilego|100/100
|turn|11
|
|t:|1629419479
|switch|p1a: Ferrothorn|Ferrothorn, M|100/100
|move|p2a: Sphere|Meteor Beam||[still]
|-prepare|p2a: Sphere|Meteor Beam
|-boost|p2a: Sphere|spa|1
|-enditem|p2a: Sphere|Power Herb
|-anim|p2a: Sphere|Meteor Beam|p1a: Ferrothorn
|-resisted|p1a: Ferrothorn
|-damage|p1a: Ferrothorn|73/100
|
|-weather|RainDance|[upkeep]
|-heal|p1a: Ferrothorn|79/100|[from] item: Leftovers
|upkeep
|turn|12
|
|t:|1629419483
|move|p2a: Sphere|Thunder Wave|p1a: Ferrothorn
|-status|p1a: Ferrothorn|par
|move|p1a: Ferrothorn|Gyro Ball|p2a: Sphere
|-supereffective|p2a: Sphere
|-damage|p2a: Sphere|0 fnt
|faint|p2a: Sphere
|
|-weather|RainDance|[upkeep]
|-heal|p1a: Ferrothorn|86/100 par|[from] item: Leftovers
|upkeep
|
|t:|1629419489
|switch|p2a: Kaguya|Celesteela, shiny|100/100
|turn|13
|
|t:|1629419493
|move|p2a: Kaguya|Autotomize|p2a: Kaguya
|-boost|p2a: Kaguya|spe|2
|-start|p2a: Kaguya|Autotomize
|move|p1a: Ferrothorn|Leech Seed|p2a: Kaguya
|-start|p2a: Kaguya|move: Leech Seed
|
|-weather|RainDance|[upkeep]
|-heal|p1a: Ferrothorn|92/100 par|[from] item: Leftovers
|-damage|p2a: Kaguya|88/100|[from] Leech Seed|[of] p1a: Ferrothorn
|-heal|p1a: Ferrothorn|100/100 par|[silent]
|upkeep
|turn|14
|
|t:|1629419502
|move|p2a: Kaguya|Autotomize|p2a: Kaguya
|-boost|p2a: Kaguya|spe|2
|-start|p2a: Kaguya|Autotomize
|move|p1a: Ferrothorn|Knock Off|p2a: Kaguya
|-damage|p2a: Kaguya|65/100
|-enditem|p2a: Kaguya|Power Herb|[from] move: Knock Off|[of] p1a: Ferrothorn
|
|-weather|RainDance|[upkeep]
|-damage|p2a: Kaguya|53/100|[from] Leech Seed|[of] p1a: Ferrothorn
|upkeep
|turn|15
|
|t:|1629419511
|move|p2a: Kaguya|Autotomize|p2a: Kaguya
|-boost|p2a: Kaguya|spe|2
|-start|p2a: Kaguya|Autotomize
|move|p1a: Ferrothorn|Gyro Ball|p2a: Kaguya
|-resisted|p2a: Kaguya
|-damage|p2a: Kaguya|28/100
|
|-weather|RainDance|[upkeep]
|-damage|p2a: Kaguya|16/100|[from] Leech Seed|[of] p1a: Ferrothorn
|upkeep
|turn|16
|
|t:|1629419520
|move|p2a: Kaguya|Flamethrower|p1a: Ferrothorn
|-supereffective|p1a: Ferrothorn
|-damage|p1a: Ferrothorn|63/100 par
|move|p1a: Ferrothorn|Gyro Ball|p2a: Kaguya
|-resisted|p2a: Kaguya
|-damage|p2a: Kaguya|0 fnt
|faint|p2a: Kaguya
|
|-weather|none
|-heal|p1a: Ferrothorn|69/100 par|[from] item: Leftovers
|upkeep
|
|t:|1629419523
|switch|p2a: Lament|Stakataka|100/100
|turn|17
|
|t:|1629419527
|move|p1a: Ferrothorn|Leech Seed|p2a: Lament
|-start|p2a: Lament|move: Leech Seed
|move|p2a: Lament|Trick Room|p2a: Lament
|-fieldstart|move: Trick Room|[of] p2a: Lament
|
|-heal|p1a: Ferrothorn|75/100 par|[from] item: Leftovers
|-damage|p2a: Lament|88/100|[from] Leech Seed|[of] p1a: Ferrothorn
|-heal|p1a: Ferrothorn|87/100 par|[silent]
|upkeep
|turn|18
|
|t:|1629419536
|move|p1a: Ferrothorn|Knock Off|p2a: Lament
|-damage|p2a: Lament|75/100
|-enditem|p2a: Lament|Quick Claw|[from] move: Knock Off|[of] p1a: Ferrothorn
|move|p2a: Lament|Heat Crash|p1a: Ferrothorn
|-supereffective|p1a: Ferrothorn
|-damage|p1a: Ferrothorn|0 fnt
|-damage|p2a: Lament|63/100|[from] ability: Iron Barbs|[of] p1a: Ferrothorn
|faint|p1a: Ferrothorn
|-ability|p2a: Lament|Beast Boost|boost
|-boost|p2a: Lament|atk|1
|
|upkeep
|
|t:|1629419543
|switch|p1a: Pelipper|Pelipper, F|20/100
|-weather|RainDance|[from] ability: Drizzle|[of] p1a: Pelipper
|turn|19
|
|t:|1629419551
|move|p2a: Lament|Stone Edge|p1a: Pelipper
|-supereffective|p1a: Pelipper
|-crit|p1a: Pelipper
|-damage|p1a: Pelipper|0 fnt
|faint|p1a: Pelipper
|-ability|p2a: Lament|Beast Boost|boost
|-boost|p2a: Lament|atk|1
|
|-weather|RainDance|[upkeep]
|upkeep
|
|t:|1629419553
|switch|p1a: Barraskewda|Barraskewda, F|100/100
|turn|20
|
|t:|1629419556
|move|p1a: Barraskewda|Aqua Jet|p2a: Lament
|-supereffective|p2a: Lament
|-damage|p2a: Lament|4/100
|move|p2a: Lament|Gyro Ball|p1a: Barraskewda
|-resisted|p1a: Barraskewda
|-damage|p1a: Barraskewda|0 fnt
|faint|p1a: Barraskewda
|-ability|p2a: Lament|Beast Boost|boost
|-boost|p2a: Lament|atk|1
|
|-weather|RainDance|[upkeep]
|upkeep
|
|t:|1629419562
|switch|p1a: Heliolisk|Heliolisk, M, shiny|100/100 slp
|turn|21
|
|t:|1629419568
|move|p2a: Lament|Gyro Ball|p1a: Heliolisk
|-resisted|p1a: Heliolisk
|-damage|p1a: Heliolisk|0 fnt
|faint|p1a: Heliolisk
|-ability|p2a: Lament|Beast Boost|boost
|-boost|p2a: Lament|atk|1
|
|-weather|RainDance|[upkeep]
|-fieldend|move: Trick Room
|upkeep
|
|t:|1629419571
|switch|p1a: Zapdos|Zapdos|30/100
|turn|22
|
|t:|1629419573
|move|p1a: Zapdos|Thunder|p2a: Lament
|-damage|p2a: Lament|0 fnt
|faint|p2a: Lament
|
|win|Gurtrant
|raw|Gurtrant's rating: 1697 &rarr; <strong>1721</strong><br />(+24 for winning)
|raw|whichjuanz's rating: 1769 &rarr; <strong>1745</strong><br />(-24 for losing)
|l|☆whichjuanz
|l|☆Gurtrant
