|j|☆narde2
|j|☆Shark tale is best
|inactive|Battle timer is ON: inactive players will automatically lose when time's up.
|t:|1660323543
|gametype|singles
|player|p1|narde2|unknown|
|player|p2|Shark tale is best|nate|
|teamsize|p1|6
|teamsize|p2|6
|gen|8
|tier|[Gen 8] OU
|rated|Tournament battle
|rule|Sleep Clause Mod: Limit one foe put to sleep
|rule|Species Clause: Limit one of each Pokémon
|rule|OHKO Clause: OHKO moves are banned
|rule|Evasion Items Clause: Evasion items are banned
|rule|Evasion Moves Clause: Evasion moves are banned
|rule|Endless Battle Clause: Forcing endless battles is banned
|rule|HP Percentage Mod: HP is shown in percentages
|rule|Dynamax Clause: You cannot dynamax
|clearpoke
|poke|p1|Pelipper, F|
|poke|p1|Ferrothorn, F|
|poke|p1|Barraskewda, M|
|poke|p1|Zapdos|
|poke|p1|Crawdaunt, F|
|poke|p1|Urshifu-*, M|
|poke|p2|Dragapult, M|
|poke|p2|Heatran, M|
|poke|p2|Rillaboom, M|
|poke|p2|Hawlucha, M|
|poke|p2|Clefable, M|
|poke|p2|Swampert, M|
|teampreview
|
|t:|1660323552
|start
|switch|p1a: Ferrothorn|Ferrothorn, F|100/100
|switch|p2a: Dragapult|Dragapult, M|100/100
|turn|1
|j| efasrebtte
|j| Ten Three One
|j| muistall
|j| Struntuz
|l| efasrebtte
|
|t:|1660323560
|switch|p1a: Pelipper|Pelipper, F, shiny|100/100
|-weather|RainDance|[from] ability: Drizzle|[of] p1a: Pelipper
|move|p2a: Dragapult|Fire Blast|p1a: Pelipper
|-resisted|p1a: Pelipper
|-damage|p1a: Pelipper|81/100
|
|-weather|RainDance|[upkeep]
|upkeep
|turn|2
|
|t:|1660323567
|switch|p2a: Swampert|Swampert, M|100/100
|move|p1a: Pelipper|U-turn|p2a: Swampert
|-damage|p2a: Swampert|93/100
|j| pestogrill
|l| pestogrill
|
|t:|1660323571
|switch|p1a: Ferrothorn|Ferrothorn, F|100/100|[from]move: U-turn
|
|-weather|RainDance|[upkeep]
|-heal|p2a: Swampert|99/100|[from] item: Leftovers
|upkeep
|turn|3
|j| fork you phil
|
|t:|1660323574
|move|p2a: Swampert|Stealth Rock|p1a: Ferrothorn
|-sidestart|p1: narde2|move: Stealth Rock
|move|p1a: Ferrothorn|Stealth Rock|p2a: Swampert
|-sidestart|p2: Shark tale is best|move: Stealth Rock
|
|-weather|RainDance|[upkeep]
|-heal|p2a: Swampert|100/100|[from] item: Leftovers
|upkeep
|turn|4
|
|t:|1660323577
|move|p2a: Swampert|Flip Turn|p1a: Ferrothorn
|-resisted|p1a: Ferrothorn
|-damage|p1a: Ferrothorn|89/100
|-damage|p2a: Swampert|88/100|[from] ability: Iron Barbs|[of] p1a: Ferrothorn
|
|t:|1660323580
|switch|p2a: Heatran|Heatran, M|100/100|[from]move: Flip Turn
|-damage|p2a: Heatran|88/100|[from] Stealth Rock
|move|p1a: Ferrothorn|Spikes|p2a: Heatran
|-sidestart|p2: Shark tale is best|Spikes
|
|-weather|RainDance|[upkeep]
|-heal|p2a: Heatran|94/100|[from] item: Leftovers
|upkeep
|turn|5
|
|t:|1660323585
|move|p2a: Heatran|Eruption|p1a: Ferrothorn
|-supereffective|p1a: Ferrothorn
|-damage|p1a: Ferrothorn|5/100
|move|p1a: Ferrothorn|Spikes|p2a: Heatran
|-sidestart|p2: Shark tale is best|Spikes
|
|-weather|RainDance|[upkeep]
|-heal|p2a: Heatran|100/100|[from] item: Leftovers
|upkeep
|turn|6
|
|t:|1660323590
|move|p2a: Heatran|Flash Cannon|p1a: Ferrothorn
|-resisted|p1a: Ferrothorn
|-damage|p1a: Ferrothorn|0 fnt
|faint|p1a: Ferrothorn
|
|-weather|RainDance|[upkeep]
|upkeep
|j|%Sww-Suwa
|
|t:|1660323593
|switch|p1a: Urshifu|Urshifu-Rapid-Strike, M|100/100
|-damage|p1a: Urshifu|94/100|[from] Stealth Rock
|turn|7
|
|t:|1660323596
|switch|p2a: Rillaboom|Rillaboom, M|100/100
|-damage|p2a: Rillaboom|88/100|[from] Stealth Rock
|-damage|p2a: Rillaboom|72/100|[from] Spikes
|-fieldstart|move: Grassy Terrain|[from] ability: Grassy Surge|[of] p2a: Rillaboom
|move|p1a: Urshifu|Surging Strikes|p2a: Rillaboom
|-resisted|p2a: Rillaboom
|-crit|p2a: Rillaboom
|-damage|p2a: Rillaboom|55/100
|-resisted|p2a: Rillaboom
|-crit|p2a: Rillaboom
|-damage|p2a: Rillaboom|40/100
|-resisted|p2a: Rillaboom
|-crit|p2a: Rillaboom
|-damage|p2a: Rillaboom|23/100
|-hitcount|p2a: Rillaboom|3
|
|-weather|RainDance|[upkeep]
|-heal|p1a: Urshifu|100/100|[from] Grassy Terrain
|-heal|p2a: Rillaboom|29/100|[from] Grassy Terrain
|upkeep
|turn|8
|inactive|narde2 has 120 seconds left.
|inactive|narde2 has 90 seconds left.
|
|t:|1660323658
|move|p2a: Rillaboom|Grassy Glide|p1a: Urshifu
|-supereffective|p1a: Urshifu
|-damage|p1a: Urshifu|0 fnt
|faint|p1a: Urshifu
|
|-weather|none
|-heal|p2a: Rillaboom|35/100|[from] Grassy Terrain
|upkeep
|inactive|narde2 has 90 seconds left.
|
|t:|1660323666
|switch|p1a: Pelipper|Pelipper, F, shiny|81/100
|-damage|p1a: Pelipper|57/100|[from] Stealth Rock
|-weather|RainDance|[from] ability: Drizzle|[of] p1a: Pelipper
|turn|9
|
|t:|1660323673
|switch|p1a: Zapdos|Zapdos, shiny|100/100
|move|p2a: Rillaboom|Grassy Glide|p1a: Zapdos
|-resisted|p1a: Zapdos
|-damage|p1a: Zapdos|57/100
|-status|p2a: Rillaboom|par|[from] ability: Static|[of] p1a: Zapdos
|
|-weather|RainDance|[upkeep]
|-heal|p2a: Rillaboom|41/100 par|[from] Grassy Terrain
|upkeep
|turn|10
|
|t:|1660323684
|switch|p2a: Swampert|Swampert, M|88/100
|-damage|p2a: Swampert|82/100|[from] Stealth Rock
|-damage|p2a: Swampert|65/100|[from] Spikes
|move|p1a: Zapdos|Hurricane|p2a: Swampert
|-damage|p2a: Swampert|31/100
|-start|p2a: Swampert|confusion
|
|-weather|RainDance|[upkeep]
|-heal|p2a: Swampert|37/100|[from] Grassy Terrain
|-heal|p2a: Swampert|44/100|[from] item: Leftovers
|upkeep
|turn|11
|
|t:|1660323698
|move|p1a: Zapdos|Hurricane|p2a: Swampert
|-crit|p2a: Swampert
|-damage|p2a: Swampert|0 fnt
|faint|p2a: Swampert
|
|-weather|RainDance|[upkeep]
|-fieldend|move: Grassy Terrain
|upkeep
|
|t:|1660323705
|switch|p2a: Dragapult|Dragapult, M|100/100
|-damage|p2a: Dragapult|88/100|[from] Stealth Rock
|-damage|p2a: Dragapult|72/100|[from] Spikes
|turn|12
|
|t:|1660323726
|switch|p1a: Crawdaunt|Crawdaunt, F|100/100
|-damage|p1a: Crawdaunt|88/100|[from] Stealth Rock
|move|p2a: Dragapult|Shadow Ball|p1a: Crawdaunt
|-resisted|p1a: Crawdaunt
|-damage|p1a: Crawdaunt|24/100
|
|-weather|RainDance|[upkeep]
|upkeep
|turn|13
|
|t:|1660323730
|move|p1a: Crawdaunt|Aqua Jet|p2a: Dragapult
|-resisted|p2a: Dragapult
|-damage|p2a: Dragapult|30/100
|-damage|p1a: Crawdaunt|14/100|[from] item: Life Orb
|move|p2a: Dragapult|Shadow Ball|p1a: Crawdaunt
|-resisted|p1a: Crawdaunt
|-damage|p1a: Crawdaunt|0 fnt
|faint|p1a: Crawdaunt
|
|-weather|RainDance|[upkeep]
|upkeep
|
|t:|1660323736
|switch|p1a: Barraskewda|Barraskewda, M, shiny|100/100
|-damage|p1a: Barraskewda|88/100|[from] Stealth Rock
|turn|14
|
|t:|1660323745
|switch|p2a: Heatran|Heatran, M|100/100
|-damage|p2a: Heatran|88/100|[from] Stealth Rock
|-damage|p2a: Heatran|72/100|[from] Spikes
|move|p1a: Barraskewda|Flip Turn|p2a: Heatran
|-supereffective|p2a: Heatran
|-damage|p2a: Heatran|0 fnt
|faint|p2a: Heatran
|l| muistall
|
|t:|1660323751
|switch|p1a: Zapdos|Zapdos, shiny|57/100|[from]move: Flip Turn
|
|-weather|RainDance|[upkeep]
|upkeep
|
|t:|1660323755
|switch|p2a: Dragapult|Dragapult, M|30/100
|-damage|p2a: Dragapult|17/100|[from] Stealth Rock
|-damage|p2a: Dragapult|1/100|[from] Spikes
|turn|15
|j| Gangula
|inactive|narde2 has 120 seconds left.
|
|t:|1660323777
|switch|p1a: Pelipper|Pelipper, F, shiny|57/100
|-damage|p1a: Pelipper|32/100|[from] Stealth Rock
|move|p2a: Dragapult|Shadow Ball|p1a: Pelipper
|-damage|p1a: Pelipper|0 fnt
|faint|p1a: Pelipper
|
|-weather|RainDance|[upkeep]
|upkeep
|
|t:|1660323779
|switch|p1a: Barraskewda|Barraskewda, M, shiny|88/100
|-damage|p1a: Barraskewda|76/100|[from] Stealth Rock
|turn|16
|inactive|narde2 has 120 seconds left.
|
|t:|1660323794
|move|p1a: Barraskewda|Liquidation|p2a: Dragapult
|-resisted|p2a: Dragapult
|-damage|p2a: Dragapult|0 fnt
|faint|p2a: Dragapult
|
|-weather|none
|upkeep
|
|t:|1660323796
|switch|p2a: Clefable|Clefable, M, shiny|100/100
|turn|17
|
|t:|1660323798
|move|p1a: Barraskewda|Liquidation|p2a: Clefable
|-damage|p2a: Clefable|49/100
|move|p2a: Clefable|Moonblast|p1a: Barraskewda
|-damage|p1a: Barraskewda|7/100
|
|upkeep
|turn|18
|
|t:|1660323803
|move|p1a: Barraskewda|Liquidation|p2a: Clefable
|-damage|p2a: Clefable|0 fnt
|faint|p2a: Clefable
|
|upkeep
|
|t:|1660323805
|switch|p2a: Rillaboom|Rillaboom, M|41/100 par
|-damage|p2a: Rillaboom|29/100 par|[from] Stealth Rock
|-damage|p2a: Rillaboom|13/100 par|[from] Spikes
|-fieldstart|move: Grassy Terrain|[from] ability: Grassy Surge|[of] p2a: Rillaboom
|turn|19
|
|t:|1660323807
|move|p2a: Rillaboom|Grassy Glide|p1a: Barraskewda
|-supereffective|p1a: Barraskewda
|-damage|p1a: Barraskewda|0 fnt
|faint|p1a: Barraskewda
|
|-heal|p2a: Rillaboom|19/100 par|[from] Grassy Terrain
|upkeep
|
|t:|1660323810
|switch|p1a: Zapdos|Zapdos, shiny|57/100
|turn|20
|
|t:|1660323813
|move|p2a: Rillaboom|Grassy Glide|p1a: Zapdos
|-resisted|p1a: Zapdos
|-damage|p1a: Zapdos|11/100
|move|p1a: Zapdos|Volt Switch|p2a: Rillaboom
|-resisted|p2a: Rillaboom
|-damage|p2a: Rillaboom|0 fnt
|faint|p2a: Rillaboom
|
|upkeep
|
|t:|1660323818
|switch|p2a: Hawlucha|Hawlucha, M|100/100
|-damage|p2a: Hawlucha|88/100|[from] Stealth Rock
|-enditem|p2a: Hawlucha|Grassy Seed
|-boost|p2a: Hawlucha|def|1|[from] item: Grassy Seed
|turn|21
|
|t:|1660323821
|move|p2a: Hawlucha|Acrobatics|p1a: Zapdos
|-resisted|p1a: Zapdos
|-damage|p1a: Zapdos|0 fnt
|-status|p2a: Hawlucha|par|[from] ability: Static|[of] p1a: Zapdos
|faint|p1a: Zapdos
|
|win|Shark tale is best
|n|☆narde2|narde2
|n|☆Shark tale is best|sharktaleisbest
|n| Ten Three One|tenthreeone
|n| Struntuz|struntuz
|n| fork you phil|forkyouphil
|n| Sww-Suwa|swwsuwa
|n| Gangula|gangula
