|j|☆Aime Leon Dores
|j|☆testotesto321
|player|p1|Aime Leon Dores|chili|1921
|player|p2|testotesto321|bellelba|1694
|teamsize|p1|6
|teamsize|p2|6
|gametype|singles
|gen|8
|tier|[Gen 8] OU
|rated|
|clearpoke
|poke|p1|Accelgor, M|
|poke|p1|Ninetales-Alola, M|
|poke|p1|Mew|
|poke|p1|Cloyster, F|
|poke|p1|Zeraora|
|poke|p1|Conkeldurr, M|
|poke|p2|Gengar, M|
|poke|p2|Zeraora|
|poke|p2|Clefable, F|
|poke|p2|Hippowdon, F|
|poke|p2|Corviknight, F|
|poke|p2|Toxapex, F|
|rule|Sleep Clause Mod: Limit one foe put to sleep
|rule|Species Clause: Limit one of each Pokémon
|rule|OHKO Clause: OHKO moves are banned
|rule|Evasion Moves Clause: Evasion moves are banned
|rule|Endless Battle Clause: Forcing endless battles is banned
|rule|HP Percentage Mod: HP is shown in percentages
|rule|Dynamax Clause: You cannot dynamax
|teampreview
|
|start
|switch|p1a: Accelgor|Accelgor, M|100/100
|switch|p2a: Gengar|Gengar, M|100/100
|turn|1
|inactive|Battle timer is ON: inactive players will automatically lose when time's up. (requested by Aime Leon Dores)
|
|move|p1a: Accelgor|Spikes|p2a: Gengar
|-sidestart|p2: testotesto321|Spikes
|move|p2a: Gengar|Shadow Ball|p1a: Accelgor
|-damage|p1a: Accelgor|19/100
|
|upkeep
|turn|2
|
|move|p1a: Accelgor|Spikes|p2a: Gengar
|-sidestart|p2: testotesto321|Spikes
|move|p2a: Gengar|Shadow Ball|p1a: Accelgor
|-damage|p1a: Accelgor|0 fnt
|faint|p1a: Accelgor
|
|upkeep
|
|switch|p1a: Zeraora|Zeraora|100/100
|turn|3
|
|switch|p2a: Hippowdon|Hippowdon, F|100/100
|-damage|p2a: Hippowdon|84/100|[from] Spikes
|-weather|Sandstorm|[from] ability: Sand Stream|[of] p2a: Hippowdon
|move|p1a: Zeraora|Knock Off|p2a: Hippowdon
|-damage|p2a: Hippowdon|68/100
|-damage|p1a: Zeraora|84/100|[from] item: Rocky Helmet|[of] p2a: Hippowdon
|-enditem|p2a: Hippowdon|Rocky Helmet|[from] move: Knock Off|[of] p1a: Zeraora
|
|-weather|Sandstorm|[upkeep]
|-damage|p1a: Zeraora|78/100|[from] Sandstorm
|-heal|p1a: Zeraora|84/100|[from] item: Leftovers
|upkeep
|turn|4
|
|switch|p1a: Ninetales|Ninetales-Alola, M|100/100
|-weather|Hail|[from] ability: Snow Warning|[of] p1a: Ninetales
|move|p2a: Hippowdon|Earthquake|p1a: Ninetales
|-damage|p1a: Ninetales|52/100
|
|-weather|Hail|[upkeep]
|-damage|p2a: Hippowdon|61/100|[from] Hail
|upkeep
|turn|5
|
|switch|p2a: Corviknight|Corviknight, F, shiny|100/100
|-ability|p2a: Corviknight|Pressure
|move|p1a: Ninetales|Hypnosis|p2a: Corviknight
|-status|p2a: Corviknight|slp|[from] move: Hypnosis
|
|-weather|Hail|[upkeep]
|-damage|p2a: Corviknight|94/100 slp|[from] Hail
|-heal|p2a: Corviknight|100/100 slp|[from] item: Leftovers
|upkeep
|turn|6
|
|move|p1a: Ninetales|Aurora Veil|p1a: Ninetales
|-sidestart|p1: Aime Leon Dores|move: Aurora Veil
|cant|p2a: Corviknight|slp
|
|-weather|Hail|[upkeep]
|-damage|p2a: Corviknight|94/100 slp|[from] Hail
|-heal|p2a: Corviknight|100/100 slp|[from] item: Leftovers
|upkeep
|turn|7
|
|switch|p1a: Cloyster|Cloyster, F|100/100
|cant|p2a: Corviknight|slp
|
|-weather|Hail|[upkeep]
|-damage|p2a: Corviknight|94/100 slp|[from] Hail
|-heal|p2a: Corviknight|100/100 slp|[from] item: Leftovers
|upkeep
|turn|8
|
|switch|p2a: Toxapex|Toxapex, F, shiny|100/100
|-damage|p2a: Toxapex|84/100|[from] Spikes
|move|p1a: Cloyster|Shell Smash|p1a: Cloyster
|-unboost|p1a: Cloyster|def|1
|-unboost|p1a: Cloyster|spd|1
|-boost|p1a: Cloyster|atk|2
|-boost|p1a: Cloyster|spa|2
|-boost|p1a: Cloyster|spe|2
|
|-weather|none
|-heal|p2a: Toxapex|90/100|[from] item: Black Sludge
|upkeep
|turn|9
|
|move|p1a: Cloyster|Rock Blast|p2a: Toxapex
|-damage|p2a: Toxapex|80/100
|-damage|p2a: Toxapex|71/100
|-damage|p2a: Toxapex|62/100
|-damage|p2a: Toxapex|51/100
|-damage|p2a: Toxapex|41/100
|-hitcount|p2a: Toxapex|5
|cant|p2a: Toxapex|flinch
|
|-heal|p2a: Toxapex|48/100|[from] item: Black Sludge
|upkeep
|turn|10
|
|switch|p2a: Clefable|Clefable, F, shiny|100/100
|move|p1a: Cloyster|Rock Blast|p2a: Clefable
|-damage|p2a: Clefable|81/100
|-damage|p2a: Clefable|61/100
|-damage|p2a: Clefable|43/100
|-damage|p2a: Clefable|24/100
|-damage|p2a: Clefable|3/100
|-hitcount|p2a: Clefable|5
|
|upkeep
|turn|11
|
|move|p1a: Cloyster|Icicle Spear|p2a: Clefable
|-damage|p2a: Clefable|0 fnt
|-hitcount|p2a: Clefable|1
|faint|p2a: Clefable
|
|upkeep
|
|switch|p2a: Toxapex|Toxapex, F, shiny|81/100
|-damage|p2a: Toxapex|64/100|[from] Spikes
|turn|12
|
|move|p1a: Cloyster|Rock Blast|p2a: Toxapex
|-crit|p2a: Toxapex
|-damage|p2a: Toxapex|51/100
|-damage|p2a: Toxapex|40/100
|-damage|p2a: Toxapex|30/100
|-damage|p2a: Toxapex|20/100
|-damage|p2a: Toxapex|11/100
|-hitcount|p2a: Toxapex|5
|move|p2a: Toxapex|Haze|p2a: Toxapex
|-clearallboost
|
|-heal|p2a: Toxapex|17/100|[from] item: Black Sludge
|upkeep
|turn|13
|
|switch|p2a: Corviknight|Corviknight, F, shiny|100/100 slp
|-ability|p2a: Corviknight|Pressure
|move|p1a: Cloyster|Icicle Spear|p2a: Corviknight
|-damage|p2a: Corviknight|91/100 slp
|-damage|p2a: Corviknight|81/100 slp
|-damage|p2a: Corviknight|72/100 slp
|-damage|p2a: Corviknight|62/100 slp
|-damage|p2a: Corviknight|53/100 slp
|-hitcount|p2a: Corviknight|5
|
|-heal|p2a: Corviknight|59/100 slp|[from] item: Leftovers
|-sideend|p1: Aime Leon Dores|move: Aurora Veil
|upkeep
|turn|14
|
|move|p1a: Cloyster|Shell Smash|p1a: Cloyster
|-unboost|p1a: Cloyster|def|1
|-unboost|p1a: Cloyster|spd|1
|-boost|p1a: Cloyster|atk|2
|-boost|p1a: Cloyster|spa|2
|-boost|p1a: Cloyster|spe|2
|cant|p2a: Corviknight|slp
|
|-heal|p2a: Corviknight|65/100 slp|[from] item: Leftovers
|upkeep
|turn|15
|
|move|p1a: Cloyster|Icicle Spear|p2a: Corviknight
|-damage|p2a: Corviknight|48/100 slp
|-damage|p2a: Corviknight|29/100 slp
|-damage|p2a: Corviknight|10/100 slp
|-damage|p2a: Corviknight|0 fnt
|-hitcount|p2a: Corviknight|4
|faint|p2a: Corviknight
|
|upkeep
|
|switch|p2a: Toxapex|Toxapex, F, shiny|50/100
|-damage|p2a: Toxapex|34/100|[from] Spikes
|turn|16
|
|switch|p2a: Zeraora|Zeraora|100/100
|-damage|p2a: Zeraora|84/100|[from] Spikes
|move|p1a: Cloyster|Icicle Spear|p2a: Zeraora
|-damage|p2a: Zeraora|47/100
|-damage|p2a: Zeraora|11/100
|-damage|p2a: Zeraora|0 fnt
|-hitcount|p2a: Zeraora|3
|faint|p2a: Zeraora
|
|upkeep
|
|switch|p2a: Toxapex|Toxapex, F, shiny|67/100
|-damage|p2a: Toxapex|50/100|[from] Spikes
|turn|17
|-message|testotesto321 forfeited.
|
|win|Aime Leon Dores
|l|☆testotesto321
|raw|Aime Leon Dores's rating: 1921 &rarr; <strong>1930</strong><br />(+9 for winning)
|raw|testotesto321's rating: 1695 &rarr; <strong>1686</strong><br />(-9 for losing)
