|j|☆Gurtrant
|j|☆AxelBlaze0212
|t:|1628875044
|gametype|singles
|player|p1|Gurtrant|238|1658
|player|p2|AxelBlaze0212|102|1708
|teamsize|p1|6
|teamsize|p2|6
|gen|8
|tier|[Gen 8] OU
|rated|
|rule|Sleep Clause Mod: Limit one foe put to sleep
|rule|Species Clause: Limit one of each Pokémon
|rule|OHKO Clause: OHKO moves are banned
|rule|Evasion Moves Clause: Evasion moves are banned
|rule|Endless Battle Clause: Forcing endless battles is banned
|rule|HP Percentage Mod: HP is shown in percentages
|rule|Dynamax Clause: You cannot dynamax
|clearpoke
|poke|p1|Pelipper, M|
|poke|p1|Heliolisk, M|
|poke|p1|Seismitoad, F|
|poke|p1|Barraskewda, M|
|poke|p1|Ferrothorn, F|
|poke|p1|Zapdos|
|poke|p2|Melmetal|
|poke|p2|Pelipper, M|
|poke|p2|Volcanion|
|poke|p2|Seismitoad, M|
|poke|p2|Dragonite, M|
|poke|p2|Barraskewda, M|
|teampreview
|inactive|Battle timer is ON: inactive players will automatically lose when time's up. (requested by Gurtrant)
|inactive|AxelBlaze0212 also wants the timer to be on.
|
|t:|1628875060
|start
|switch|p1a: Pelipper|Pelipper, M|100/100
|switch|p2a: King VIG|Volcanion|100/100
|-weather|RainDance|[from] ability: Drizzle|[of] p1a: Pelipper
|turn|1
|
|t:|1628875063
|switch|p1a: Ferrothorn|Ferrothorn, F|100/100
|move|p2a: King VIG|Steam Eruption|p1a: Ferrothorn
|-resisted|p1a: Ferrothorn
|-damage|p1a: Ferrothorn|56/100
|-status|p1a: Ferrothorn|brn
|
|-weather|RainDance|[upkeep]
|-heal|p1a: Ferrothorn|63/100 brn|[from] item: Leftovers
|-damage|p1a: Ferrothorn|56/100 brn|[from] brn
|upkeep
|turn|2
|
|t:|1628875071
|switch|p1a: Heliolisk|Heliolisk, M, shiny|100/100
|move|p2a: King VIG|Steam Eruption|p1a: Heliolisk
|-immune|p1a: Heliolisk|[from] ability: Dry Skin
|
|-weather|RainDance|[upkeep]
|upkeep
|turn|3
|
|t:|1628875078
|switch|p2a: Fate|Melmetal, shiny|100/100
|move|p1a: Heliolisk|Surf|p2a: Fate
|-crit|p2a: Fate
|-damage|p2a: Fate|41/100
|-damage|p1a: Heliolisk|91/100|[from] item: Life Orb
|
|-weather|RainDance|[upkeep]
|-heal|p1a: Heliolisk|100/100|[from] ability: Dry Skin
|upkeep
|turn|4
|
|t:|1628875086
|move|p1a: Heliolisk|Volt Switch|p2a: Fate
|-damage|p2a: Fate|13/100
|-damage|p1a: Heliolisk|91/100|[from] item: Life Orb
|
|t:|1628875092
|switch|p1a: Zapdos|Zapdos|100/100|[from]move: Volt Switch
|move|p2a: Fate|Superpower|p1a: Zapdos
|-resisted|p1a: Zapdos
|-damage|p1a: Zapdos|81/100
|-unboost|p2a: Fate|atk|1
|-unboost|p2a: Fate|def|1
|
|-weather|RainDance|[upkeep]
|upkeep
|turn|5
|
|t:|1628875095
|move|p1a: Zapdos|Thunder|p2a: Fate
|-damage|p2a: Fate|0 fnt
|faint|p2a: Fate
|
|-weather|RainDance|[upkeep]
|upkeep
|
|t:|1628875103
|switch|p2a: Globox|Seismitoad, M, shiny|100/100
|turn|6
|
|t:|1628875108
|switch|p1a: Ferrothorn|Ferrothorn, F|56/100 brn
|move|p2a: Globox|Weather Ball|p1a: Ferrothorn
|-resisted|p1a: Ferrothorn
|-damage|p1a: Ferrothorn|28/100 brn
|-damage|p2a: Globox|91/100|[from] item: Life Orb
|
|-weather|RainDance|[upkeep]
|-heal|p1a: Ferrothorn|34/100 brn|[from] item: Leftovers
|-damage|p1a: Ferrothorn|28/100 brn|[from] brn
|upkeep
|turn|7
|
|t:|1628875115
|move|p2a: Globox|Earth Power|p1a: Ferrothorn
|-damage|p1a: Ferrothorn|0 fnt
|faint|p1a: Ferrothorn
|-damage|p2a: Globox|81/100|[from] item: Life Orb
|
|-weather|RainDance|[upkeep]
|upkeep
|
|t:|1628875119
|switch|p1a: Barraskewda|Barraskewda, M|100/100
|turn|8
|
|t:|1628875122
|switch|p2a: King VIG|Volcanion|100/100
|move|p1a: Barraskewda|Liquidation|p2a: King VIG
|-immune|p2a: King VIG|[from] ability: Water Absorb
|
|-weather|none
|upkeep
|turn|9
|
|t:|1628875132
|switch|p1a: Pelipper|Pelipper, M|100/100
|-weather|RainDance|[from] ability: Drizzle|[of] p1a: Pelipper
|move|p2a: King VIG|Steam Eruption|p1a: Pelipper
|-resisted|p1a: Pelipper
|-damage|p1a: Pelipper|8/100
|
|-weather|RainDance|[upkeep]
|upkeep
|turn|10
|
|t:|1628875145
|switch|p1a: Heliolisk|Heliolisk, M, shiny|91/100
|move|p2a: King VIG|Steam Eruption|p1a: Heliolisk
|-heal|p1a: Heliolisk|100/100|[from] ability: Dry Skin|[of] p2a: King VIG
|
|-weather|RainDance|[upkeep]
|upkeep
|turn|11
|
|t:|1628875153
|switch|p2a: Messenger|Pelipper, M, shiny|100/100
|move|p1a: Heliolisk|Surf|p2a: Messenger
|-resisted|p2a: Messenger
|-crit|p2a: Messenger
|-damage|p2a: Messenger|44/100
|-damage|p1a: Heliolisk|91/100|[from] item: Life Orb
|
|-weather|RainDance|[upkeep]
|-heal|p1a: Heliolisk|100/100|[from] ability: Dry Skin
|upkeep
|turn|12
|
|t:|1628875156
|switch|p2a: Globox|Seismitoad, M, shiny|81/100
|move|p1a: Heliolisk|Thunder|p2a: Globox
|-immune|p2a: Globox
|
|-weather|RainDance|[upkeep]
|upkeep
|turn|13
|
|t:|1628875163
|switch|p1a: Seismitoad|Seismitoad, F|100/100
|move|p2a: Globox|Weather Ball|p1a: Seismitoad
|-damage|p1a: Seismitoad|0 fnt
|faint|p1a: Seismitoad
|-damage|p2a: Globox|71/100|[from] item: Life Orb
|
|-weather|RainDance|[upkeep]
|upkeep
|
|t:|1628875166
|switch|p1a: Barraskewda|Barraskewda, M|100/100
|turn|14
|
|t:|1628875170
|switch|p2a: Messenger|Pelipper, M, shiny|44/100
|move|p1a: Barraskewda|Close Combat|p2a: Messenger
|-resisted|p2a: Messenger
|-damage|p2a: Messenger|19/100
|-unboost|p1a: Barraskewda|def|1
|-unboost|p1a: Barraskewda|spd|1
|
|-weather|RainDance|[upkeep]
|upkeep
|turn|15
|
|t:|1628875187
|switch|p2a: Leviathan|Dragonite, M, shiny|100/100
|move|p1a: Barraskewda|Close Combat|p2a: Leviathan
|-resisted|p2a: Leviathan
|-damage|p2a: Leviathan|83/100
|-unboost|p1a: Barraskewda|def|1
|-unboost|p1a: Barraskewda|spd|1
|
|-weather|RainDance|[upkeep]
|upkeep
|turn|16
|
|t:|1628875194
|switch|p1a: Zapdos|Zapdos|81/100
|switch|p2a: Messenger|Pelipper, M, shiny|19/100
|
|-weather|none
|upkeep
|turn|17
|
|t:|1628875212
|switch|p2a: Predator|Barraskewda, M, shiny|100/100
|move|p1a: Zapdos|U-turn|p2a: Predator
|-damage|p2a: Predator|73/100
|
|t:|1628875217
|switch|p1a: Heliolisk|Heliolisk, M, shiny|100/100|[from]move: U-turn
|
|upkeep
|turn|18
|
|t:|1628875222
|switch|p1a: Zapdos|Zapdos|81/100
|move|p2a: Predator|Close Combat|p1a: Zapdos
|-resisted|p1a: Zapdos
|-damage|p1a: Zapdos|59/100
|-unboost|p2a: Predator|def|1
|-unboost|p2a: Predator|spd|1
|-status|p2a: Predator|par|[from] ability: Static|[of] p1a: Zapdos
|
|upkeep
|turn|19
|
|t:|1628875227
|move|p1a: Zapdos|Roost|p1a: Zapdos
|-heal|p1a: Zapdos|100/100
|-singleturn|p1a: Zapdos|move: Roost
|move|p2a: Predator|Close Combat|p1a: Zapdos
|-damage|p1a: Zapdos|50/100
|-unboost|p2a: Predator|def|1
|-unboost|p2a: Predator|spd|1
|
|upkeep
|turn|20
|
|t:|1628875233
|switch|p2a: Messenger|Pelipper, M, shiny|19/100
|-weather|RainDance|[from] ability: Drizzle|[of] p2a: Messenger
|move|p1a: Zapdos|Roost|p1a: Zapdos
|-heal|p1a: Zapdos|99/100
|-singleturn|p1a: Zapdos|move: Roost
|
|-weather|RainDance|[upkeep]
|upkeep
|turn|21
|
|t:|1628875238
|switch|p2a: Predator|Barraskewda, M, shiny|73/100 par
|move|p1a: Zapdos|U-turn|p2a: Predator
|-damage|p2a: Predator|45/100 par
|
|t:|1628875247
|switch|p1a: Barraskewda|Barraskewda, M|100/100|[from]move: U-turn
|
|-weather|RainDance|[upkeep]
|upkeep
|turn|22
|
|t:|1628875252
|move|p1a: Barraskewda|Close Combat|p2a: Predator
|-damage|p2a: Predator|0 fnt
|-unboost|p1a: Barraskewda|def|1
|-unboost|p1a: Barraskewda|spd|1
|faint|p2a: Predator
|
|-weather|RainDance|[upkeep]
|upkeep
|
|t:|1628875263
|switch|p2a: King VIG|Volcanion|100/100
|turn|23
|
|t:|1628875273
|move|p1a: Barraskewda|Close Combat|p2a: King VIG
|-crit|p2a: King VIG
|-damage|p2a: King VIG|7/100
|-unboost|p1a: Barraskewda|def|1
|-unboost|p1a: Barraskewda|spd|1
|move|p2a: King VIG|Sludge Wave|p1a: Barraskewda
|-damage|p1a: Barraskewda|0 fnt
|faint|p1a: Barraskewda
|
|-weather|RainDance|[upkeep]
|upkeep
|
|t:|1628875285
|switch|p1a: Heliolisk|Heliolisk, M, shiny|100/100
|turn|24
|
|t:|1628875291
|move|p1a: Heliolisk|Focus Blast|p2a: King VIG
|-damage|p2a: King VIG|0 fnt
|faint|p2a: King VIG
|-damage|p1a: Heliolisk|91/100|[from] item: Life Orb
|
|-weather|RainDance|[upkeep]
|-heal|p1a: Heliolisk|100/100|[from] ability: Dry Skin
|upkeep
|
|t:|1628875296
|switch|p2a: Globox|Seismitoad, M, shiny|71/100
|turn|25
|
|t:|1628875309
|switch|p1a: Pelipper|Pelipper, M|8/100
|move|p2a: Globox|Earth Power|p1a: Pelipper
|-immune|p1a: Pelipper
|
|-weather|RainDance|[upkeep]
|upkeep
|turn|26
|
|t:|1628875315
|move|p2a: Globox|Weather Ball|p1a: Pelipper
|-resisted|p1a: Pelipper
|-damage|p1a: Pelipper|0 fnt
|faint|p1a: Pelipper
|-damage|p2a: Globox|61/100|[from] item: Life Orb
|
|-weather|RainDance|[upkeep]
|upkeep
|
|t:|1628875321
|switch|p1a: Zapdos|Zapdos|99/100
|turn|27
|
|t:|1628875325
|move|p2a: Globox|Weather Ball|p1a: Zapdos
|-damage|p1a: Zapdos|21/100
|-damage|p2a: Globox|51/100|[from] item: Life Orb
|move|p1a: Zapdos|Roost|p1a: Zapdos
|-heal|p1a: Zapdos|71/100
|-singleturn|p1a: Zapdos|move: Roost
|
|-weather|none
|upkeep
|turn|28
|
|t:|1628875337
|switch|p2a: Messenger|Pelipper, M, shiny|19/100
|-weather|RainDance|[from] ability: Drizzle|[of] p2a: Messenger
|move|p1a: Zapdos|Roost|p1a: Zapdos
|-heal|p1a: Zapdos|100/100
|-singleturn|p1a: Zapdos|move: Roost
|
|-weather|RainDance|[upkeep]
|upkeep
|turn|29
|
|t:|1628875343
|move|p1a: Zapdos|U-turn|p2a: Messenger
|-resisted|p2a: Messenger
|-damage|p2a: Messenger|14/100
|
|t:|1628875345
|switch|p1a: Heliolisk|Heliolisk, M, shiny|100/100|[from]move: U-turn
|move|p2a: Messenger|Scald|p1a: Heliolisk
|-immune|p1a: Heliolisk|[from] ability: Dry Skin
|
|-weather|RainDance|[upkeep]
|upkeep
|turn|30
|
|t:|1628875354
|move|p1a: Heliolisk|Focus Blast|p2a: Messenger
|-resisted|p2a: Messenger
|-damage|p2a: Messenger|0 fnt
|faint|p2a: Messenger
|-damage|p1a: Heliolisk|91/100|[from] item: Life Orb
|
|-weather|RainDance|[upkeep]
|-heal|p1a: Heliolisk|100/100|[from] ability: Dry Skin
|upkeep
|
|t:|1628875357
|switch|p2a: Globox|Seismitoad, M, shiny|51/100
|turn|31
|
|t:|1628875365
|switch|p1a: Zapdos|Zapdos|100/100
|move|p2a: Globox|Weather Ball|p1a: Zapdos
|-damage|p1a: Zapdos|20/100
|-damage|p2a: Globox|41/100|[from] item: Life Orb
|
|-weather|RainDance|[upkeep]
|upkeep
|turn|32
|
|t:|1628875371
|move|p2a: Globox|Weather Ball|p1a: Zapdos
|-damage|p1a: Zapdos|0 fnt
|faint|p1a: Zapdos
|-damage|p2a: Globox|31/100|[from] item: Life Orb
|
|-weather|RainDance|[upkeep]
|upkeep
|
|t:|1628875373
|switch|p1a: Heliolisk|Heliolisk, M, shiny|100/100
|turn|33
|c|☆AxelBlaze0212|ez
|
|t:|1628875376
|move|p2a: Globox|Earth Power|p1a: Heliolisk
|-supereffective|p1a: Heliolisk
|-damage|p1a: Heliolisk|0 fnt
|faint|p1a: Heliolisk
|-damage|p2a: Globox|21/100|[from] item: Life Orb
|
|win|AxelBlaze0212
|raw|Gurtrant's rating: 1658 &rarr; <strong>1641</strong><br />(-17 for losing)
|raw|AxelBlaze0212's rating: 1708 &rarr; <strong>1725</strong><br />(+17 for winning)
|l|☆Gurtrant
