|j|☆Escavalier
|j|☆A
|inactive|Battle timer is ON: inactive players will automatically lose when time's up.
|player|p1|Escavalier|2|
|player|p2|A|clemont|
|teamsize|p1|6
|teamsize|p2|6
|gametype|singles
|gen|8
|tier|[Gen 8] OU
|rated|Tournament battle
|clearpoke
|poke|p1|Dragapult, M|
|poke|p1|Corviknight, M|
|poke|p1|Clefable, M|
|poke|p1|Conkeldurr, M|
|poke|p1|Seismitoad, M|
|poke|p1|Aegislash, F|
|poke|p2|Corviknight, M|
|poke|p2|Hatterene, F|
|poke|p2|Rotom-Heat|
|poke|p2|Seismitoad, F|
|poke|p2|Conkeldurr, F|
|poke|p2|Zeraora|
|rule|Sleep Clause Mod: Limit one foe put to sleep
|rule|Species Clause: Limit one of each Pokémon
|rule|OHKO Clause: OHKO moves are banned
|rule|Evasion Moves Clause: Evasion moves are banned
|rule|Endless Battle Clause: Forcing endless battles is banned
|rule|HP Percentage Mod: HP is shown in percentages
|rule|Dynamax Clause: You cannot dynamax
|teampreview
|c|☆A|hf
|j| CurseoftheForest
|c|☆Escavalier|gl
|
|start
|switch|p1a: Aegislash|Aegislash, F|100/100
|switch|p2a: him|Zeraora|100/100
|turn|1
|
|move|p2a: him|Knock Off|p1a: Aegislash
|-supereffective|p1a: Aegislash
|-damage|p1a: Aegislash|30/100
|-enditem|p1a: Aegislash|Choice Band|[from] move: Knock Off|[of] p2a: him
|-formechange|p1a: Aegislash|Aegislash-Blade||[from] ability: Stance Change
|move|p1a: Aegislash|Close Combat|p2a: him
|-damage|p2a: him|25/100
|-unboost|p1a: Aegislash|def|1
|-unboost|p1a: Aegislash|spd|1
|
|upkeep
|turn|2
|
|switch|p2a: Choccy Milk|Rotom-Heat|100/100
|move|p1a: Aegislash|Shadow Sneak|p2a: Choccy Milk
|-damage|p2a: Choccy Milk|74/100
|
|-heal|p2a: Choccy Milk|80/100|[from] item: Leftovers
|upkeep
|turn|3
|
|switch|p1a: Seismitoad|Seismitoad, M|100/100
|move|p2a: Choccy Milk|Overheat|p1a: Seismitoad|[miss]
|-miss|p2a: Choccy Milk|p1a: Seismitoad
|
|-heal|p2a: Choccy Milk|86/100|[from] item: Leftovers
|upkeep
|turn|4
|
|move|p2a: Choccy Milk|Toxic|p1a: Seismitoad
|-status|p1a: Seismitoad|tox
|move|p1a: Seismitoad|Scald|p2a: Choccy Milk
|-supereffective|p2a: Choccy Milk
|-damage|p2a: Choccy Milk|38/100
|
|-heal|p2a: Choccy Milk|44/100|[from] item: Leftovers
|-damage|p1a: Seismitoad|94/100 tox|[from] psn
|upkeep
|turn|5
|
|switch|p2a: Hello?|Hatterene, F|100/100
|move|p1a: Seismitoad|Scald|p2a: Hello?
|-damage|p2a: Hello?|87/100
|-status|p2a: Hello?|brn
|
|-heal|p1a: Seismitoad|100/100 tox|[from] item: Leftovers
|-damage|p1a: Seismitoad|88/100 tox|[from] psn
|-damage|p2a: Hello?|81/100 brn|[from] brn
|upkeep
|turn|6
|
|switch|p1a: Clefable|Clefable, M|100/100
|move|p2a: Hello?|Psychic|p1a: Clefable
|-damage|p1a: Clefable|71/100
|
|-heal|p1a: Clefable|77/100|[from] item: Leftovers
|-damage|p2a: Hello?|75/100 brn|[from] brn
|upkeep
|turn|7
|
|move|p1a: Clefable|Wish|p1a: Clefable
|move|p2a: Hello?|Nuzzle|p1a: Clefable
|-damage|p1a: Clefable|75/100
|-status|p1a: Clefable|par
|
|-heal|p1a: Clefable|81/100 par|[from] item: Leftovers
|-damage|p2a: Hello?|69/100 brn|[from] brn
|upkeep
|turn|8
|
|switch|p2a: Choccy Milk|Rotom-Heat|44/100
|move|p1a: Clefable|Teleport|p1a: Clefable
|
|switch|p1a: Conkeldurr|Conkeldurr, M|100/100|[from]move: Teleport
|
|-heal|p2a: Choccy Milk|50/100|[from] item: Leftovers
|-status|p1a: Conkeldurr|brn|[from] item: Flame Orb
|upkeep
|turn|9
|j|‽stop luking idiots
|
|move|p2a: Choccy Milk|Protect|p2a: Choccy Milk
|-singleturn|p2a: Choccy Milk|Protect
|move|p1a: Conkeldurr|Knock Off|p2a: Choccy Milk
|-activate|p2a: Choccy Milk|move: Protect
|
|-heal|p2a: Choccy Milk|56/100|[from] item: Leftovers
|-damage|p1a: Conkeldurr|94/100 brn|[from] brn
|upkeep
|turn|10
|
|move|p2a: Choccy Milk|Overheat|p1a: Conkeldurr
|-damage|p1a: Conkeldurr|26/100 brn
|-unboost|p2a: Choccy Milk|spa|2
|move|p1a: Conkeldurr|Knock Off|p2a: Choccy Milk
|-damage|p2a: Choccy Milk|0 fnt
|-enditem|p2a: Choccy Milk|Leftovers|[from] move: Knock Off|[of] p1a: Conkeldurr
|faint|p2a: Choccy Milk
|
|-damage|p1a: Conkeldurr|20/100 brn|[from] brn
|upkeep
|j| dior bikini
|
|switch|p2a: clicker|Conkeldurr, F|100/100
|turn|11
|
|switch|p1a: Aegislash|Aegislash, F|30/100
|move|p2a: clicker|Mach Punch|p1a: Aegislash
|-immune|p1a: Aegislash
|
|-status|p2a: clicker|brn|[from] item: Flame Orb
|upkeep
|turn|12
|
|-formechange|p1a: Aegislash|Aegislash-Blade||[from] ability: Stance Change
|move|p1a: Aegislash|Iron Head|p2a: clicker
|-damage|p2a: clicker|55/100 brn
|cant|p2a: clicker|flinch
|
|-damage|p2a: clicker|49/100 brn|[from] brn
|upkeep
|turn|13
|
|switch|p2a: im in love w the|Seismitoad, F|100/100
|move|p1a: Aegislash|Close Combat|p2a: im in love w the
|-damage|p2a: im in love w the|66/100
|-unboost|p1a: Aegislash|def|1
|-unboost|p1a: Aegislash|spd|1
|
|-heal|p2a: im in love w the|72/100|[from] item: Leftovers
|upkeep
|turn|14
|
|switch|p1a: Corviknight|Corviknight, M|100/100
|-ability|p1a: Corviknight|Pressure
|move|p2a: im in love w the|Stealth Rock|p1a: Corviknight
|-sidestart|p1: Escavalier|move: Stealth Rock
|
|-heal|p2a: im in love w the|78/100|[from] item: Leftovers
|upkeep
|turn|15
|c|☆Escavalier|that was optimal
|
|move|p1a: Corviknight|Substitute|p1a: Corviknight
|-start|p1a: Corviknight|Substitute
|-damage|p1a: Corviknight|76/100
|move|p2a: im in love w the|Knock Off|p1a: Corviknight
|-activate|p1a: Corviknight|move: Substitute|[damage]
|
|-heal|p1a: Corviknight|82/100|[from] item: Leftovers
|-heal|p2a: im in love w the|84/100|[from] item: Leftovers
|upkeep
|turn|16
|
|move|p1a: Corviknight|Bulk Up|p1a: Corviknight
|-boost|p1a: Corviknight|atk|1
|-boost|p1a: Corviknight|def|1
|move|p2a: im in love w the|Scald|p1a: Corviknight
|-end|p1a: Corviknight|Substitute
|
|-heal|p1a: Corviknight|88/100|[from] item: Leftovers
|-heal|p2a: im in love w the|90/100|[from] item: Leftovers
|upkeep
|turn|17
|
|move|p1a: Corviknight|Substitute|p1a: Corviknight
|-start|p1a: Corviknight|Substitute
|-damage|p1a: Corviknight|63/100
|move|p2a: im in love w the|Scald|p1a: Corviknight
|-activate|p1a: Corviknight|move: Substitute|[damage]
|
|-heal|p1a: Corviknight|69/100|[from] item: Leftovers
|-heal|p2a: im in love w the|96/100|[from] item: Leftovers
|upkeep
|turn|18
|
|move|p1a: Corviknight|Bulk Up|p1a: Corviknight
|-boost|p1a: Corviknight|atk|1
|-boost|p1a: Corviknight|def|1
|move|p2a: im in love w the|Scald|p1a: Corviknight
|-end|p1a: Corviknight|Substitute
|
|-heal|p1a: Corviknight|75/100|[from] item: Leftovers
|-heal|p2a: im in love w the|100/100|[from] item: Leftovers
|upkeep
|turn|19
|
|switch|p2a: CHADDEUS|Corviknight, M, shiny|100/100
|-ability|p2a: CHADDEUS|Pressure
|move|p1a: Corviknight|Substitute|p1a: Corviknight
|-start|p1a: Corviknight|Substitute
|-damage|p1a: Corviknight|50/100
|
|-heal|p1a: Corviknight|56/100|[from] item: Leftovers
|upkeep
|turn|20
|
|move|p2a: CHADDEUS|Bulk Up|p2a: CHADDEUS
|-boost|p2a: CHADDEUS|atk|1
|-boost|p2a: CHADDEUS|def|1
|move|p1a: Corviknight|Bulk Up|p1a: Corviknight
|-boost|p1a: Corviknight|atk|1
|-boost|p1a: Corviknight|def|1
|
|-heal|p1a: Corviknight|62/100|[from] item: Leftovers
|upkeep
|turn|21
|
|switch|p1a: Dragapult|Dragapult, M|100/100
|-damage|p1a: Dragapult|88/100|[from] Stealth Rock
|move|p2a: CHADDEUS|Substitute|p2a: CHADDEUS
|-start|p2a: CHADDEUS|Substitute
|-damage|p2a: CHADDEUS|76/100
|
|-heal|p1a: Dragapult|94/100|[from] item: Leftovers
|-heal|p2a: CHADDEUS|82/100|[from] item: Leftovers
|upkeep
|turn|22
|
|switch|p2a: Hello?|Hatterene, F|69/100 brn
|move|p1a: Dragapult|Will-O-Wisp|p2a: Hello?
|move|p2a: Hello?|Will-O-Wisp|p1a: Dragapult|[from]Magic Bounce
|-status|p1a: Dragapult|brn
|
|-heal|p1a: Dragapult|99/100 brn|[from] item: Leftovers
|-damage|p1a: Dragapult|94/100 brn|[from] brn
|-damage|p2a: Hello?|63/100 brn|[from] brn
|upkeep
|turn|23
|
|switch|p2a: im in love w the|Seismitoad, F|100/100
|move|p1a: Dragapult|Hex|p2a: im in love w the
|-damage|p2a: im in love w the|71/100
|
|-heal|p1a: Dragapult|99/100 brn|[from] item: Leftovers
|-heal|p2a: im in love w the|77/100|[from] item: Leftovers
|-damage|p1a: Dragapult|94/100 brn|[from] brn
|upkeep
|turn|24
|
|switch|p1a: Clefable|Clefable, M|81/100 par
|move|p2a: im in love w the|Knock Off|p1a: Clefable
|-resisted|p1a: Clefable
|-damage|p1a: Clefable|68/100 par
|-enditem|p1a: Clefable|Leftovers|[from] move: Knock Off|[of] p2a: im in love w the
|
|-heal|p2a: im in love w the|83/100|[from] item: Leftovers
|upkeep
|turn|25
|
|switch|p2a: clicker|Conkeldurr, F|49/100 brn
|cant|p1a: Clefable|par
|
|-damage|p2a: clicker|42/100 brn|[from] brn
|upkeep
|turn|26
|
|switch|p1a: Aegislash|Aegislash, F|30/100
|-damage|p1a: Aegislash|23/100|[from] Stealth Rock
|move|p2a: clicker|Knock Off|p1a: Aegislash
|-supereffective|p1a: Aegislash
|-damage|p1a: Aegislash|0 fnt
|faint|p1a: Aegislash
|
|-damage|p2a: clicker|36/100 brn|[from] brn
|upkeep
|
|switch|p1a: Dragapult|Dragapult, M|94/100 brn
|-damage|p1a: Dragapult|82/100 brn|[from] Stealth Rock
|turn|27
|
|switch|p2a: im in love w the|Seismitoad, F|83/100
|move|p1a: Dragapult|Hex|p2a: im in love w the
|-damage|p2a: im in love w the|53/100
|
|-heal|p1a: Dragapult|88/100 brn|[from] item: Leftovers
|-heal|p2a: im in love w the|59/100|[from] item: Leftovers
|-damage|p1a: Dragapult|82/100 brn|[from] brn
|upkeep
|turn|28
|
|switch|p1a: Seismitoad|Seismitoad, M|88/100 tox
|-damage|p1a: Seismitoad|82/100 tox|[from] Stealth Rock
|move|p2a: im in love w the|Knock Off|p1a: Seismitoad
|-damage|p1a: Seismitoad|66/100 tox
|-enditem|p1a: Seismitoad|Leftovers|[from] move: Knock Off|[of] p2a: im in love w the
|
|-heal|p2a: im in love w the|65/100|[from] item: Leftovers
|-damage|p1a: Seismitoad|60/100 tox|[from] psn
|upkeep
|turn|29
|
|switch|p2a: Hello?|Hatterene, F|63/100 brn
|move|p1a: Seismitoad|Earthquake|p2a: Hello?
|-damage|p2a: Hello?|26/100 brn
|
|-damage|p1a: Seismitoad|48/100 tox|[from] psn
|-damage|p2a: Hello?|20/100 brn|[from] brn
|upkeep
|turn|30
|
|move|p1a: Seismitoad|Earthquake|p2a: Hello?
|-damage|p2a: Hello?|0 fnt
|faint|p2a: Hello?
|
|-damage|p1a: Seismitoad|30/100 tox|[from] psn
|upkeep
|
|switch|p2a: him|Zeraora|25/100
|turn|31
|
|move|p2a: him|Grass Knot|p1a: Seismitoad
|-supereffective|p1a: Seismitoad
|-damage|p1a: Seismitoad|0 fnt
|faint|p1a: Seismitoad
|
|upkeep
|
|switch|p1a: Conkeldurr|Conkeldurr, M|20/100 brn
|-damage|p1a: Conkeldurr|13/100 brn|[from] Stealth Rock
|turn|32
|
|switch|p2a: clicker|Conkeldurr, F|36/100 brn
|switch|p1a: Clefable|Clefable, M|68/100 par
|
|-damage|p2a: clicker|30/100 brn|[from] brn
|upkeep
|turn|33
|
|move|p2a: clicker|Facade|p1a: Clefable
|-damage|p1a: Clefable|0 fnt
|faint|p1a: Clefable
|
|-damage|p2a: clicker|24/100 brn|[from] brn
|upkeep
|
|switch|p1a: Dragapult|Dragapult, M|82/100 brn
|-damage|p1a: Dragapult|70/100 brn|[from] Stealth Rock
|turn|34
|
|move|p1a: Dragapult|Hex|p2a: clicker
|-crit|p2a: clicker
|-damage|p2a: clicker|0 fnt
|faint|p2a: clicker
|
|-heal|p1a: Dragapult|76/100 brn|[from] item: Leftovers
|-damage|p1a: Dragapult|70/100 brn|[from] brn
|upkeep
|
|switch|p2a: him|Zeraora|25/100
|turn|35
|
|move|p2a: him|Knock Off|p1a: Dragapult
|-supereffective|p1a: Dragapult
|-damage|p1a: Dragapult|0 fnt
|-enditem|p1a: Dragapult|Leftovers|[from] move: Knock Off|[of] p2a: him
|faint|p1a: Dragapult
|
|upkeep
|
|switch|p1a: Conkeldurr|Conkeldurr, M|13/100 brn
|-damage|p1a: Conkeldurr|7/100 brn|[from] Stealth Rock
|turn|36
|
|switch|p2a: im in love w the|Seismitoad, F|65/100
|switch|p1a: Corviknight|Corviknight, M|62/100
|-damage|p1a: Corviknight|50/100|[from] Stealth Rock
|-ability|p1a: Corviknight|Pressure
|
|-heal|p1a: Corviknight|56/100|[from] item: Leftovers
|-heal|p2a: im in love w the|71/100|[from] item: Leftovers
|upkeep
|turn|37
|
|move|p1a: Corviknight|Substitute|p1a: Corviknight
|-start|p1a: Corviknight|Substitute
|-damage|p1a: Corviknight|31/100
|move|p2a: im in love w the|Scald|p1a: Corviknight
|-activate|p1a: Corviknight|move: Substitute|[damage]
|
|-heal|p1a: Corviknight|37/100|[from] item: Leftovers
|-heal|p2a: im in love w the|78/100|[from] item: Leftovers
|upkeep
|turn|38
|
|move|p1a: Corviknight|Roost|p1a: Corviknight
|-heal|p1a: Corviknight|87/100
|-singleturn|p1a: Corviknight|move: Roost
|move|p2a: im in love w the|Scald|p1a: Corviknight
|-end|p1a: Corviknight|Substitute
|
|-heal|p1a: Corviknight|93/100|[from] item: Leftovers
|-heal|p2a: im in love w the|84/100|[from] item: Leftovers
|upkeep
|turn|39
|
|switch|p2a: CHADDEUS|Corviknight, M, shiny|82/100
|-ability|p2a: CHADDEUS|Pressure
|move|p1a: Corviknight|Substitute|p1a: Corviknight
|-start|p1a: Corviknight|Substitute
|-damage|p1a: Corviknight|68/100
|
|-heal|p2a: CHADDEUS|88/100|[from] item: Leftovers
|-heal|p1a: Corviknight|74/100|[from] item: Leftovers
|upkeep
|turn|40
|
|move|p2a: CHADDEUS|Substitute|p2a: CHADDEUS
|-start|p2a: CHADDEUS|Substitute
|-damage|p2a: CHADDEUS|63/100
|move|p1a: Corviknight|Bulk Up|p1a: Corviknight
|-boost|p1a: Corviknight|atk|1
|-boost|p1a: Corviknight|def|1
|
|-heal|p2a: CHADDEUS|69/100|[from] item: Leftovers
|-heal|p1a: Corviknight|80/100|[from] item: Leftovers
|upkeep
|turn|41
|
|move|p2a: CHADDEUS|Bulk Up|p2a: CHADDEUS
|-boost|p2a: CHADDEUS|atk|1
|-boost|p2a: CHADDEUS|def|1
|move|p1a: Corviknight|Bulk Up|p1a: Corviknight
|-boost|p1a: Corviknight|atk|1
|-boost|p1a: Corviknight|def|1
|
|-heal|p2a: CHADDEUS|76/100|[from] item: Leftovers
|-heal|p1a: Corviknight|86/100|[from] item: Leftovers
|upkeep
|turn|42
|
|move|p2a: CHADDEUS|Bulk Up|p2a: CHADDEUS
|-boost|p2a: CHADDEUS|atk|1
|-boost|p2a: CHADDEUS|def|1
|move|p1a: Corviknight|Bulk Up|p1a: Corviknight
|-boost|p1a: Corviknight|atk|1
|-boost|p1a: Corviknight|def|1
|
|-heal|p2a: CHADDEUS|82/100|[from] item: Leftovers
|-heal|p1a: Corviknight|92/100|[from] item: Leftovers
|upkeep
|turn|43
|
|move|p2a: CHADDEUS|Bulk Up|p2a: CHADDEUS
|-boost|p2a: CHADDEUS|atk|1
|-boost|p2a: CHADDEUS|def|1
|move|p1a: Corviknight|Bulk Up|p1a: Corviknight
|-boost|p1a: Corviknight|atk|1
|-boost|p1a: Corviknight|def|1
|
|-heal|p2a: CHADDEUS|88/100|[from] item: Leftovers
|-heal|p1a: Corviknight|98/100|[from] item: Leftovers
|upkeep
|turn|44
|
|move|p2a: CHADDEUS|Bulk Up|p2a: CHADDEUS
|-boost|p2a: CHADDEUS|atk|1
|-boost|p2a: CHADDEUS|def|1
|move|p1a: Corviknight|Bulk Up|p1a: Corviknight
|-boost|p1a: Corviknight|atk|1
|-boost|p1a: Corviknight|def|1
|
|-heal|p2a: CHADDEUS|94/100|[from] item: Leftovers
|-heal|p1a: Corviknight|100/100|[from] item: Leftovers
|upkeep
|turn|45
|
|move|p2a: CHADDEUS|Bulk Up|p2a: CHADDEUS
|-boost|p2a: CHADDEUS|atk|1
|-boost|p2a: CHADDEUS|def|1
|move|p1a: Corviknight|Bulk Up|p1a: Corviknight
|-boost|p1a: Corviknight|atk|1
|-boost|p1a: Corviknight|def|1
|
|-heal|p2a: CHADDEUS|100/100|[from] item: Leftovers
|upkeep
|turn|46
|
|move|p2a: CHADDEUS|Bulk Up|p2a: CHADDEUS
|-boost|p2a: CHADDEUS|atk|1
|-boost|p2a: CHADDEUS|def|1
|move|p1a: Corviknight|Bulk Up|p1a: Corviknight
|-boost|p1a: Corviknight|atk|0
|-boost|p1a: Corviknight|def|0
|
|upkeep
|turn|47
|
|move|p2a: CHADDEUS|Bulk Up|p2a: CHADDEUS
|-boost|p2a: CHADDEUS|atk|0
|-boost|p2a: CHADDEUS|def|0
|move|p1a: Corviknight|Bulk Up|p1a: Corviknight
|-boost|p1a: Corviknight|atk|0
|-boost|p1a: Corviknight|def|0
|
|upkeep
|turn|48
|
|move|p2a: CHADDEUS|Bulk Up|p2a: CHADDEUS
|-boost|p2a: CHADDEUS|atk|0
|-boost|p2a: CHADDEUS|def|0
|move|p1a: Corviknight|Bulk Up|p1a: Corviknight
|-boost|p1a: Corviknight|atk|0
|-boost|p1a: Corviknight|def|0
|
|upkeep
|turn|49
|
|move|p2a: CHADDEUS|Bulk Up|p2a: CHADDEUS
|-boost|p2a: CHADDEUS|atk|0
|-boost|p2a: CHADDEUS|def|0
|move|p1a: Corviknight|Bulk Up|p1a: Corviknight
|-boost|p1a: Corviknight|atk|0
|-boost|p1a: Corviknight|def|0
|
|upkeep
|turn|50
|
|move|p2a: CHADDEUS|Bulk Up|p2a: CHADDEUS
|-boost|p2a: CHADDEUS|atk|0
|-boost|p2a: CHADDEUS|def|0
|move|p1a: Corviknight|Bulk Up|p1a: Corviknight
|-boost|p1a: Corviknight|atk|0
|-boost|p1a: Corviknight|def|0
|
|upkeep
|turn|51
|
|move|p2a: CHADDEUS|Bulk Up|p2a: CHADDEUS
|-boost|p2a: CHADDEUS|atk|0
|-boost|p2a: CHADDEUS|def|0
|move|p1a: Corviknight|Bulk Up|p1a: Corviknight
|-boost|p1a: Corviknight|atk|0
|-boost|p1a: Corviknight|def|0
|
|upkeep
|turn|52
|
|move|p2a: CHADDEUS|Bulk Up|p2a: CHADDEUS
|-boost|p2a: CHADDEUS|atk|0
|-boost|p2a: CHADDEUS|def|0
|move|p1a: Corviknight|Bulk Up|p1a: Corviknight
|-boost|p1a: Corviknight|atk|0
|-boost|p1a: Corviknight|def|0
|
|upkeep
|turn|53
|
|move|p2a: CHADDEUS|Bulk Up|p2a: CHADDEUS
|-boost|p2a: CHADDEUS|atk|0
|-boost|p2a: CHADDEUS|def|0
|move|p1a: Corviknight|Bulk Up|p1a: Corviknight
|-boost|p1a: Corviknight|atk|0
|-boost|p1a: Corviknight|def|0
|
|upkeep
|turn|54
|
|move|p2a: CHADDEUS|Bulk Up|p2a: CHADDEUS
|-boost|p2a: CHADDEUS|atk|0
|-boost|p2a: CHADDEUS|def|0
|move|p1a: Corviknight|Bulk Up|p1a: Corviknight
|-boost|p1a: Corviknight|atk|0
|-boost|p1a: Corviknight|def|0
|
|upkeep
|turn|55
|
|move|p2a: CHADDEUS|Bulk Up|p2a: CHADDEUS
|-boost|p2a: CHADDEUS|atk|0
|-boost|p2a: CHADDEUS|def|0
|move|p1a: Corviknight|Bulk Up|p1a: Corviknight
|-boost|p1a: Corviknight|atk|0
|-boost|p1a: Corviknight|def|0
|
|upkeep
|turn|56
|
|move|p2a: CHADDEUS|Bulk Up|p2a: CHADDEUS
|-boost|p2a: CHADDEUS|atk|0
|-boost|p2a: CHADDEUS|def|0
|move|p1a: Corviknight|Bulk Up|p1a: Corviknight
|-boost|p1a: Corviknight|atk|0
|-boost|p1a: Corviknight|def|0
|
|upkeep
|turn|57
|
|move|p2a: CHADDEUS|Bulk Up|p2a: CHADDEUS
|-boost|p2a: CHADDEUS|atk|0
|-boost|p2a: CHADDEUS|def|0
|move|p1a: Corviknight|Bulk Up|p1a: Corviknight
|-boost|p1a: Corviknight|atk|0
|-boost|p1a: Corviknight|def|0
|
|upkeep
|turn|58
|
|move|p2a: CHADDEUS|Bulk Up|p2a: CHADDEUS
|-boost|p2a: CHADDEUS|atk|0
|-boost|p2a: CHADDEUS|def|0
|move|p1a: Corviknight|Bulk Up|p1a: Corviknight
|-boost|p1a: Corviknight|atk|0
|-boost|p1a: Corviknight|def|0
|
|upkeep
|turn|59
|
|move|p2a: CHADDEUS|Bulk Up|p2a: CHADDEUS
|-boost|p2a: CHADDEUS|atk|0
|-boost|p2a: CHADDEUS|def|0
|move|p1a: Corviknight|Bulk Up|p1a: Corviknight
|-boost|p1a: Corviknight|atk|0
|-boost|p1a: Corviknight|def|0
|
|upkeep
|turn|60
|
|move|p2a: CHADDEUS|Bulk Up|p2a: CHADDEUS
|-boost|p2a: CHADDEUS|atk|0
|-boost|p2a: CHADDEUS|def|0
|move|p1a: Corviknight|Bulk Up|p1a: Corviknight
|-boost|p1a: Corviknight|atk|0
|-boost|p1a: Corviknight|def|0
|
|upkeep
|turn|61
|
|move|p2a: CHADDEUS|Bulk Up|p2a: CHADDEUS
|-boost|p2a: CHADDEUS|atk|0
|-boost|p2a: CHADDEUS|def|0
|move|p1a: Corviknight|Bulk Up|p1a: Corviknight
|-boost|p1a: Corviknight|atk|0
|-boost|p1a: Corviknight|def|0
|
|upkeep
|turn|62
|
|move|p2a: CHADDEUS|Bulk Up|p2a: CHADDEUS
|-boost|p2a: CHADDEUS|atk|0
|-boost|p2a: CHADDEUS|def|0
|move|p1a: Corviknight|Bulk Up|p1a: Corviknight
|-boost|p1a: Corviknight|atk|0
|-boost|p1a: Corviknight|def|0
|
|upkeep
|turn|63
|
|move|p2a: CHADDEUS|Bulk Up|p2a: CHADDEUS
|-boost|p2a: CHADDEUS|atk|0
|-boost|p2a: CHADDEUS|def|0
|move|p1a: Corviknight|Bulk Up|p1a: Corviknight
|-boost|p1a: Corviknight|atk|0
|-boost|p1a: Corviknight|def|0
|
|upkeep
|turn|64
|
|move|p2a: CHADDEUS|Bulk Up|p2a: CHADDEUS
|-boost|p2a: CHADDEUS|atk|0
|-boost|p2a: CHADDEUS|def|0
|move|p1a: Corviknight|Bulk Up|p1a: Corviknight
|-boost|p1a: Corviknight|atk|0
|-boost|p1a: Corviknight|def|0
|
|upkeep
|turn|65
|
|move|p2a: CHADDEUS|Bulk Up|p2a: CHADDEUS
|-boost|p2a: CHADDEUS|atk|0
|-boost|p2a: CHADDEUS|def|0
|move|p1a: Corviknight|Bulk Up|p1a: Corviknight
|-boost|p1a: Corviknight|atk|0
|-boost|p1a: Corviknight|def|0
|
|upkeep
|turn|66
|
|move|p2a: CHADDEUS|Bulk Up|p2a: CHADDEUS
|-boost|p2a: CHADDEUS|atk|0
|-boost|p2a: CHADDEUS|def|0
|move|p1a: Corviknight|Bulk Up|p1a: Corviknight
|-boost|p1a: Corviknight|atk|0
|-boost|p1a: Corviknight|def|0
|
|upkeep
|turn|67
|
|move|p2a: CHADDEUS|Bulk Up|p2a: CHADDEUS
|-boost|p2a: CHADDEUS|atk|0
|-boost|p2a: CHADDEUS|def|0
|move|p1a: Corviknight|Bulk Up|p1a: Corviknight
|-boost|p1a: Corviknight|atk|0
|-boost|p1a: Corviknight|def|0
|
|upkeep
|turn|68
|
|move|p2a: CHADDEUS|Bulk Up|p2a: CHADDEUS
|-boost|p2a: CHADDEUS|atk|0
|-boost|p2a: CHADDEUS|def|0
|move|p1a: Corviknight|Bulk Up|p1a: Corviknight
|-boost|p1a: Corviknight|atk|0
|-boost|p1a: Corviknight|def|0
|
|upkeep
|turn|69
|
|move|p2a: CHADDEUS|Bulk Up|p2a: CHADDEUS
|-boost|p2a: CHADDEUS|atk|0
|-boost|p2a: CHADDEUS|def|0
|move|p1a: Corviknight|Substitute|p1a: Corviknight
|-fail|p1a: Corviknight|move: Substitute
|
|upkeep
|turn|70
|
|move|p2a: CHADDEUS|Bulk Up|p2a: CHADDEUS
|-boost|p2a: CHADDEUS|atk|0
|-boost|p2a: CHADDEUS|def|0
|move|p1a: Corviknight|Substitute|p1a: Corviknight
|-fail|p1a: Corviknight|move: Substitute
|
|upkeep
|turn|71
|
|move|p2a: CHADDEUS|Bulk Up|p2a: CHADDEUS
|-boost|p2a: CHADDEUS|atk|0
|-boost|p2a: CHADDEUS|def|0
|move|p1a: Corviknight|Substitute|p1a: Corviknight
|-fail|p1a: Corviknight|move: Substitute
|
|upkeep
|turn|72
|
|move|p2a: CHADDEUS|Substitute|p2a: CHADDEUS
|-fail|p2a: CHADDEUS|move: Substitute
|move|p1a: Corviknight|Substitute|p1a: Corviknight
|-fail|p1a: Corviknight|move: Substitute
|
|upkeep
|turn|73
|
|move|p2a: CHADDEUS|Substitute|p2a: CHADDEUS
|-fail|p2a: CHADDEUS|move: Substitute
|move|p1a: Corviknight|Substitute|p1a: Corviknight
|-fail|p1a: Corviknight|move: Substitute
|
|upkeep
|turn|74
|
|move|p2a: CHADDEUS|Substitute|p2a: CHADDEUS
|-fail|p2a: CHADDEUS|move: Substitute
|move|p1a: Corviknight|Substitute|p1a: Corviknight
|-fail|p1a: Corviknight|move: Substitute
|
|upkeep
|turn|75
|
|move|p2a: CHADDEUS|Substitute|p2a: CHADDEUS
|-fail|p2a: CHADDEUS|move: Substitute
|move|p1a: Corviknight|Substitute|p1a: Corviknight
|-fail|p1a: Corviknight|move: Substitute
|
|upkeep
|turn|76
|
|move|p2a: CHADDEUS|Substitute|p2a: CHADDEUS
|-fail|p2a: CHADDEUS|move: Substitute
|move|p1a: Corviknight|Substitute|p1a: Corviknight
|-fail|p1a: Corviknight|move: Substitute
|
|upkeep
|turn|77
|
|move|p2a: CHADDEUS|Substitute|p2a: CHADDEUS
|-fail|p2a: CHADDEUS|move: Substitute
|move|p1a: Corviknight|Substitute|p1a: Corviknight
|-fail|p1a: Corviknight|move: Substitute
|
|upkeep
|turn|78
|
|move|p2a: CHADDEUS|Substitute|p2a: CHADDEUS
|-fail|p2a: CHADDEUS|move: Substitute
|move|p1a: Corviknight|Substitute|p1a: Corviknight
|-fail|p1a: Corviknight|move: Substitute
|
|upkeep
|turn|79
|
|move|p2a: CHADDEUS|Substitute|p2a: CHADDEUS
|-fail|p2a: CHADDEUS|move: Substitute
|move|p1a: Corviknight|Substitute|p1a: Corviknight
|-fail|p1a: Corviknight|move: Substitute
|
|upkeep
|turn|80
|
|move|p2a: CHADDEUS|Substitute|p2a: CHADDEUS
|-fail|p2a: CHADDEUS|move: Substitute
|move|p1a: Corviknight|Brave Bird|p2a: CHADDEUS
|-resisted|p2a: CHADDEUS
|-activate|p2a: CHADDEUS|move: Substitute|[damage]
|-damage|p1a: Corviknight|96/100|[from] Recoil|[of] p2a: CHADDEUS
|
|-heal|p1a: Corviknight|100/100|[from] item: Leftovers
|upkeep
|turn|81
|
|move|p2a: CHADDEUS|Brave Bird|p1a: Corviknight
|-resisted|p1a: Corviknight
|-activate|p1a: Corviknight|move: Substitute|[damage]
|-damage|p2a: CHADDEUS|96/100|[from] Recoil|[of] p1a: Corviknight
|move|p1a: Corviknight|Brave Bird|p2a: CHADDEUS
|-resisted|p2a: CHADDEUS
|-end|p2a: CHADDEUS|Substitute
|-damage|p1a: Corviknight|97/100|[from] Recoil|[of] p2a: CHADDEUS
|
|-heal|p2a: CHADDEUS|100/100|[from] item: Leftovers
|-heal|p1a: Corviknight|100/100|[from] item: Leftovers
|upkeep
|turn|82
|
|move|p2a: CHADDEUS|Substitute|p2a: CHADDEUS
|-start|p2a: CHADDEUS|Substitute
|-damage|p2a: CHADDEUS|76/100
|move|p1a: Corviknight|Brave Bird|p2a: CHADDEUS
|-resisted|p2a: CHADDEUS
|-activate|p2a: CHADDEUS|move: Substitute|[damage]
|-damage|p1a: Corviknight|96/100|[from] Recoil|[of] p2a: CHADDEUS
|
|-heal|p2a: CHADDEUS|82/100|[from] item: Leftovers
|-heal|p1a: Corviknight|100/100|[from] item: Leftovers
|upkeep
|turn|83
|
|move|p2a: CHADDEUS|Brave Bird|p1a: Corviknight
|-resisted|p1a: Corviknight
|-end|p1a: Corviknight|Substitute
|-damage|p2a: CHADDEUS|79/100|[from] Recoil|[of] p1a: Corviknight
|move|p1a: Corviknight|Brave Bird|p2a: CHADDEUS
|-resisted|p2a: CHADDEUS
|-end|p2a: CHADDEUS|Substitute
|-damage|p1a: Corviknight|97/100|[from] Recoil|[of] p2a: CHADDEUS
|
|-heal|p2a: CHADDEUS|85/100|[from] item: Leftovers
|-heal|p1a: Corviknight|100/100|[from] item: Leftovers
|upkeep
|turn|84
|
|move|p2a: CHADDEUS|Substitute|p2a: CHADDEUS
|-start|p2a: CHADDEUS|Substitute
|-damage|p2a: CHADDEUS|60/100
|move|p1a: Corviknight|Brave Bird|p2a: CHADDEUS
|-resisted|p2a: CHADDEUS
|-activate|p2a: CHADDEUS|move: Substitute|[damage]
|-damage|p1a: Corviknight|95/100|[from] Recoil|[of] p2a: CHADDEUS
|
|-heal|p2a: CHADDEUS|66/100|[from] item: Leftovers
|-heal|p1a: Corviknight|100/100|[from] item: Leftovers
|upkeep
|turn|85
|
|move|p2a: CHADDEUS|Roost|p2a: CHADDEUS
|-heal|p2a: CHADDEUS|100/100
|-singleturn|p2a: CHADDEUS|move: Roost
|move|p1a: Corviknight|Brave Bird|p2a: CHADDEUS
|-resisted|p2a: CHADDEUS
|-end|p2a: CHADDEUS|Substitute
|-damage|p1a: Corviknight|97/100|[from] Recoil|[of] p2a: CHADDEUS
|
|-heal|p1a: Corviknight|100/100|[from] item: Leftovers
|upkeep
|turn|86
|
|move|p2a: CHADDEUS|Substitute|p2a: CHADDEUS
|-start|p2a: CHADDEUS|Substitute
|-damage|p2a: CHADDEUS|76/100
|move|p1a: Corviknight|Brave Bird|p2a: CHADDEUS
|-resisted|p2a: CHADDEUS
|-activate|p2a: CHADDEUS|move: Substitute|[damage]
|-damage|p1a: Corviknight|95/100|[from] Recoil|[of] p2a: CHADDEUS
|
|-heal|p2a: CHADDEUS|82/100|[from] item: Leftovers
|-heal|p1a: Corviknight|100/100|[from] item: Leftovers
|upkeep
|turn|87
|
|move|p2a: CHADDEUS|Brave Bird|p1a: Corviknight
|-resisted|p1a: Corviknight
|-damage|p1a: Corviknight|85/100
|-damage|p2a: CHADDEUS|77/100|[from] Recoil
|move|p1a: Corviknight|Brave Bird|p2a: CHADDEUS
|-resisted|p2a: CHADDEUS
|-end|p2a: CHADDEUS|Substitute
|-damage|p1a: Corviknight|82/100|[from] Recoil|[of] p2a: CHADDEUS
|
|-heal|p2a: CHADDEUS|83/100|[from] item: Leftovers
|-heal|p1a: Corviknight|88/100|[from] item: Leftovers
|upkeep
|turn|88
|
|move|p2a: CHADDEUS|Substitute|p2a: CHADDEUS
|-start|p2a: CHADDEUS|Substitute
|-damage|p2a: CHADDEUS|58/100
|move|p1a: Corviknight|Brave Bird|p2a: CHADDEUS
|-resisted|p2a: CHADDEUS
|-activate|p2a: CHADDEUS|move: Substitute|[damage]
|-damage|p1a: Corviknight|83/100|[from] Recoil|[of] p2a: CHADDEUS
|
|-heal|p2a: CHADDEUS|64/100|[from] item: Leftovers
|-heal|p1a: Corviknight|89/100|[from] item: Leftovers
|upkeep
|turn|89
|
|move|p2a: CHADDEUS|Roost|p2a: CHADDEUS
|-heal|p2a: CHADDEUS|100/100
|-singleturn|p2a: CHADDEUS|move: Roost
|move|p1a: Corviknight|Brave Bird|p2a: CHADDEUS
|-resisted|p2a: CHADDEUS
|-end|p2a: CHADDEUS|Substitute
|-damage|p1a: Corviknight|86/100|[from] Recoil|[of] p2a: CHADDEUS
|
|-heal|p1a: Corviknight|92/100|[from] item: Leftovers
|upkeep
|turn|90
|
|move|p2a: CHADDEUS|Substitute|p2a: CHADDEUS
|-start|p2a: CHADDEUS|Substitute
|-damage|p2a: CHADDEUS|76/100
|move|p1a: Corviknight|Roost|p1a: Corviknight
|-heal|p1a: Corviknight|100/100
|-singleturn|p1a: Corviknight|move: Roost
|
|-heal|p2a: CHADDEUS|82/100|[from] item: Leftovers
|upkeep
|turn|91
|
|move|p2a: CHADDEUS|Roost|p2a: CHADDEUS
|-heal|p2a: CHADDEUS|100/100
|-singleturn|p2a: CHADDEUS|move: Roost
|move|p1a: Corviknight|Roost||[still]
|-fail|p1a: Corviknight|heal
|
|upkeep
|turn|92
|
|move|p2a: CHADDEUS|Brave Bird|p1a: Corviknight
|-resisted|p1a: Corviknight
|-damage|p1a: Corviknight|85/100
|-damage|p2a: CHADDEUS|95/100|[from] Recoil
|move|p1a: Corviknight|Roost|p1a: Corviknight
|-heal|p1a: Corviknight|100/100
|-singleturn|p1a: Corviknight|move: Roost
|
|-heal|p2a: CHADDEUS|100/100|[from] item: Leftovers
|upkeep
|turn|93
|
|move|p2a: CHADDEUS|Brave Bird|p1a: Corviknight
|-resisted|p1a: Corviknight
|-damage|p1a: Corviknight|87/100
|-damage|p2a: CHADDEUS|96/100|[from] Recoil
|move|p1a: Corviknight|Roost|p1a: Corviknight
|-heal|p1a: Corviknight|100/100
|-singleturn|p1a: Corviknight|move: Roost
|
|-heal|p2a: CHADDEUS|100/100|[from] item: Leftovers
|upkeep
|turn|94
|
|move|p2a: CHADDEUS|Roost||[still]
|-fail|p2a: CHADDEUS|heal
|move|p1a: Corviknight|Roost||[still]
|-fail|p1a: Corviknight|heal
|
|upkeep
|turn|95
|
|move|p2a: CHADDEUS|Roost||[still]
|-fail|p2a: CHADDEUS|heal
|move|p1a: Corviknight|Roost||[still]
|-fail|p1a: Corviknight|heal
|
|upkeep
|turn|96
|-message|Escavalier forfeited.
|
|win|A
|l|☆Escavalier
|l| dior bikini
|l|☆A
|j|☆A
|player|p2|A|clemont
|j| 70to90%ICY
|j| SkipTheDripBayless
|l| SkipTheDripBayless
|l| 70to90%ICY
