|raw|<div class="broadcast-blue"><strong>This battle is required to be public due to a player having a name starting with 'lt91bb'.</div>
|j|☆LT91BB ScarW
|j|☆antarctozolt
|t:|1659156579
|gametype|singles
|player|p1|LT91BB ScarW|cynthia-masters|1860
|player|p2|antarctozolt|skier|1904
|teamsize|p1|6
|teamsize|p2|6
|gen|8
|tier|[Gen 8] OU
|rated|
|rule|Sleep Clause Mod: Limit one foe put to sleep
|rule|Species Clause: Limit one of each Pokémon
|rule|OHKO Clause: OHKO moves are banned
|rule|Evasion Moves Clause: Evasion moves are banned
|rule|Endless Battle Clause: Forcing endless battles is banned
|rule|HP Percentage Mod: HP is shown in percentages
|rule|Dynamax Clause: You cannot dynamax
|clearpoke
|poke|p1|Dragapult, M|
|poke|p1|Bisharp, M|
|poke|p1|Aegislash, M|
|poke|p1|Rillaboom, M|
|poke|p1|Blaziken, M|
|poke|p1|Kartana|
|poke|p2|Cresselia, F|
|poke|p2|Clefable, M|
|poke|p2|Quagsire, F|
|poke|p2|Skarmory, M|
|poke|p2|Zapdos|
|poke|p2|Toxapex, F|
|teampreview
|inactive|Battle timer is ON: inactive players will automatically lose when time's up. (requested by LT91BB ScarW)
|j| stenrn
|j| Mimikyu Stardust
|j| Barracades
|j| Confusien
|inactive|LT91BB ScarW has 120 seconds left.
|
|t:|1659156626
|start
|switch|p1a: Bishop|Bisharp, M, shiny|100/100
|switch|p2a: Skarmory|Skarmory, M|100/100
|turn|1
|
|t:|1659156631
|move|p1a: Bishop|Stealth Rock|p2a: Skarmory
|-sidestart|p2: antarctozolt|move: Stealth Rock
|move|p2a: Skarmory|Spikes|p1a: Bishop
|-sidestart|p1: LT91BB ScarW|Spikes
|
|upkeep
|turn|2
|
|t:|1659156633
|move|p1a: Bishop|Knock Off|p2a: Skarmory
|-damage|p2a: Skarmory|71/100
|-enditem|p2a: Skarmory|Shed Shell|[from] move: Knock Off|[of] p1a: Bishop
|move|p2a: Skarmory|Body Press|p1a: Bishop
|-supereffective|p1a: Bishop
|-crit|p1a: Bishop
|-enditem|p1a: Bishop|Focus Sash
|-damage|p1a: Bishop|1/100
|
|upkeep
|turn|3
|j| LT91BB Tace
|l| LT91BB Tace
|j|+spoo
|
|t:|1659156644
|switch|p1a: Destroyer|Blaziken, M, shiny|100/100
|-damage|p1a: Destroyer|88/100|[from] Spikes
|move|p2a: Skarmory|Roost|p2a: Skarmory
|-heal|p2a: Skarmory|100/100
|-singleturn|p2a: Skarmory|move: Roost
|
|upkeep
|turn|4
|
|t:|1659156671
|switch|p2a: Toxapex|Toxapex, F|100/100
|-damage|p2a: Toxapex|88/100|[from] Stealth Rock
|move|p1a: Destroyer|Swords Dance|p1a: Destroyer
|-boost|p1a: Destroyer|atk|2
|
|-ability|p1a: Destroyer|Speed Boost|boost
|-boost|p1a: Destroyer|spe|1
|upkeep
|turn|5
|j| LT91BB qtipsa
|
|t:|1659156677
|move|p1a: Destroyer|Flare Blitz|p2a: Toxapex
|-resisted|p2a: Toxapex
|-damage|p2a: Toxapex|25/100
|-damage|p1a: Destroyer|67/100|[from] Recoil
|-damage|p1a: Destroyer|57/100|[from] item: Life Orb
|move|p2a: Toxapex|Toxic|p1a: Destroyer
|-status|p1a: Destroyer|tox
|
|-damage|p1a: Destroyer|51/100 tox|[from] psn
|-ability|p1a: Destroyer|Speed Boost|boost
|-boost|p1a: Destroyer|spe|1
|upkeep
|turn|6
|
|t:|1659156682
|switch|p2a: Cresselia|Cresselia, F|100/100
|-damage|p2a: Cresselia|88/100|[from] Stealth Rock
|move|p1a: Destroyer|Close Combat|p2a: Cresselia
|-resisted|p2a: Cresselia
|-damage|p2a: Cresselia|32/100
|-unboost|p1a: Destroyer|def|1
|-unboost|p1a: Destroyer|spd|1
|-damage|p1a: Destroyer|41/100 tox|[from] item: Life Orb
|
|-heal|p2a: Cresselia|38/100|[from] item: Leftovers
|-damage|p1a: Destroyer|29/100 tox|[from] psn
|-ability|p1a: Destroyer|Speed Boost|boost
|-boost|p1a: Destroyer|spe|1
|upkeep
|turn|7
|
|t:|1659156686
|move|p2a: Cresselia|Protect|p2a: Cresselia
|-singleturn|p2a: Cresselia|Protect
|move|p1a: Destroyer|Close Combat|p2a: Cresselia
|-activate|p2a: Cresselia|move: Protect
|
|-heal|p2a: Cresselia|44/100|[from] item: Leftovers
|-damage|p1a: Destroyer|11/100 tox|[from] psn
|-ability|p1a: Destroyer|Speed Boost|boost
|-boost|p1a: Destroyer|spe|1
|upkeep
|turn|8
|
|t:|1659156691
|move|p2a: Cresselia|Protect||[still]
|-fail|p2a: Cresselia
|move|p1a: Destroyer|Flare Blitz|p2a: Cresselia
|-damage|p2a: Cresselia|0 fnt
|faint|p2a: Cresselia
|-damage|p1a: Destroyer|0 fnt|[from] Recoil
|faint|p1a: Destroyer
|
|upkeep
|j| lt91bb aqua
|j| 257m
|
|t:|1659156707
|switch|p1a: Achilles|Aegislash, M, shiny|100/100
|switch|p2a: Zapdos|Zapdos|100/100
|-ability|p2a: Zapdos|Pressure
|-damage|p1a: Achilles|88/100|[from] Spikes
|turn|9
|
|t:|1659156710
|switch|p1a: Bishop|Bisharp, M, shiny|1/100
|-damage|p1a: Bishop|0 fnt|[from] Spikes
|faint|p1a: Bishop
|move|p2a: Zapdos|Volt Switch|p1: Bishop|[notarget]
|-fail|p2a: Zapdos
|
|upkeep
|
|t:|1659156715
|switch|p1a: Leviathan|Dragapult, M, shiny|100/100
|-damage|p1a: Leviathan|88/100|[from] Spikes
|turn|10
|
|t:|1659156718
|move|p1a: Leviathan|Dragon Dance|p1a: Leviathan
|-boost|p1a: Leviathan|atk|1
|-boost|p1a: Leviathan|spe|1
|move|p2a: Zapdos|Volt Switch|p1a: Leviathan
|-resisted|p1a: Leviathan
|-damage|p1a: Leviathan|70/100
|l| 257m
|inactive|antarctozolt has 120 seconds left.
|
|t:|1659156764
|switch|p2a: Clefable|Clefable, M|100/100|[from]move: Volt Switch
|
|upkeep
|turn|11
|l| lt91bb aqua
|
|t:|1659156768
|move|p1a: Leviathan|Phantom Force||[still]
|-prepare|p1a: Leviathan|Phantom Force
|move|p2a: Clefable|Stealth Rock|p1a: Leviathan
|-sidestart|p1: LT91BB ScarW|move: Stealth Rock
|
|upkeep
|turn|12
|
|t:|1659156770
|move|p1a: Leviathan|Phantom Force|p2a: Clefable|[from]lockedmove
|-damage|p2a: Clefable|12/100
|-damage|p1a: Leviathan|60/100|[from] item: Life Orb
|move|p2a: Clefable|Moonblast|p1a: Leviathan
|-supereffective|p1a: Leviathan
|-damage|p1a: Leviathan|0 fnt
|faint|p1a: Leviathan
|
|upkeep
|
|t:|1659156780
|switch|p1a: Deathstroke|Kartana, shiny|100/100
|-damage|p1a: Deathstroke|88/100|[from] Spikes
|-damage|p1a: Deathstroke|82/100|[from] Stealth Rock
|turn|13
|
|t:|1659156791
|move|p1a: Deathstroke|Leaf Blade|p2a: Clefable
|-damage|p2a: Clefable|0 fnt
|faint|p2a: Clefable
|-ability|p1a: Deathstroke|Beast Boost|boost
|-boost|p1a: Deathstroke|atk|1
|
|upkeep
|
|t:|1659156794
|switch|p2a: Skarmory|Skarmory, M|100/100
|-damage|p2a: Skarmory|88/100|[from] Stealth Rock
|turn|14
|j| savx
|
|t:|1659156799
|switch|p1a: Achilles|Aegislash, M, shiny|88/100
|-damage|p1a: Achilles|76/100|[from] Spikes
|-damage|p1a: Achilles|69/100|[from] Stealth Rock
|move|p2a: Skarmory|Spikes|p1a: Achilles
|-sidestart|p1: LT91BB ScarW|Spikes
|
|upkeep
|turn|15
|
|t:|1659156805
|switch|p2a: Quagsire|Quagsire, F|100/100
|-damage|p2a: Quagsire|94/100|[from] Stealth Rock
|switch|p1a: Kong|Rillaboom, M, shiny|100/100
|-damage|p1a: Kong|84/100|[from] Spikes
|-damage|p1a: Kong|72/100|[from] Stealth Rock
|-fieldstart|move: Grassy Terrain|[from] ability: Grassy Surge|[of] p1a: Kong
|
|-heal|p1a: Kong|78/100|[from] Grassy Terrain
|-heal|p2a: Quagsire|100/100|[from] Grassy Terrain
|upkeep
|turn|16
|
|t:|1659156810
|switch|p2a: Zapdos|Zapdos|100/100
|-ability|p2a: Zapdos|Pressure
|move|p1a: Kong|Swords Dance|p1a: Kong
|-boost|p1a: Kong|atk|2
|
|-heal|p1a: Kong|84/100|[from] Grassy Terrain
|upkeep
|turn|17
|l| Mimikyu Stardust
|
|t:|1659156814
|move|p1a: Kong|Wood Hammer|p2a: Zapdos
|-resisted|p2a: Zapdos
|-damage|p2a: Zapdos|0 fnt
|faint|p2a: Zapdos
|-damage|p1a: Kong|47/100|[from] Recoil
|-damage|p1a: Kong|37/100|[from] item: Life Orb
|
|-heal|p1a: Kong|43/100|[from] Grassy Terrain
|upkeep
|
|t:|1659156826
|switch|p2a: Skarmory|Skarmory, M|88/100
|-damage|p2a: Skarmory|76/100|[from] Stealth Rock
|turn|18
|
|t:|1659156829
|move|p1a: Kong|Superpower|p2a: Skarmory
|-damage|p2a: Skarmory|14/100
|-unboost|p1a: Kong|atk|1
|-unboost|p1a: Kong|def|1
|-damage|p1a: Kong|33/100|[from] item: Life Orb
|move|p2a: Skarmory|Roost|p2a: Skarmory
|-heal|p2a: Skarmory|64/100
|-singleturn|p2a: Skarmory|move: Roost
|
|-heal|p1a: Kong|40/100|[from] Grassy Terrain
|-heal|p2a: Skarmory|70/100|[from] Grassy Terrain
|upkeep
|turn|19
|
|t:|1659156838
|move|p1a: Kong|Swords Dance|p1a: Kong
|-boost|p1a: Kong|atk|2
|move|p2a: Skarmory|Body Press|p1a: Kong
|-damage|p1a: Kong|0 fnt
|faint|p1a: Kong
|
|-fieldend|move: Grassy Terrain
|upkeep
|
|t:|1659156841
|switch|p1a: Achilles|Aegislash, M, shiny|69/100
|-damage|p1a: Achilles|53/100|[from] Spikes
|-damage|p1a: Achilles|47/100|[from] Stealth Rock
|turn|20
|
|t:|1659156847
|switch|p2a: Quagsire|Quagsire, F|100/100
|-damage|p2a: Quagsire|94/100|[from] Stealth Rock
|switch|p1a: Deathstroke|Kartana, shiny|82/100
|-damage|p1a: Deathstroke|65/100|[from] Spikes
|-damage|p1a: Deathstroke|59/100|[from] Stealth Rock
|
|-heal|p2a: Quagsire|100/100|[from] item: Leftovers
|upkeep
|turn|21
|j| tapu moxo
|
|t:|1659156851
|switch|p2a: Toxapex|Toxapex, F|58/100
|-damage|p2a: Toxapex|46/100|[from] Stealth Rock
|move|p1a: Deathstroke|Sacred Sword|p2a: Toxapex
|-resisted|p2a: Toxapex
|-damage|p2a: Toxapex|31/100
|
|upkeep
|turn|22
|
|t:|1659156854
|switch|p1a: Achilles|Aegislash, M, shiny|47/100
|-damage|p1a: Achilles|30/100|[from] Spikes
|-damage|p1a: Achilles|24/100|[from] Stealth Rock
|move|p2a: Toxapex|Recover|p2a: Toxapex
|-heal|p2a: Toxapex|81/100
|
|upkeep
|turn|23
|
|t:|1659156860
|switch|p2a: Quagsire|Quagsire, F|100/100
|-damage|p2a: Quagsire|94/100|[from] Stealth Rock
|-formechange|p1a: Achilles|Aegislash-Blade||[from] ability: Stance Change
|move|p1a: Achilles|Shadow Claw|p2a: Quagsire
|-damage|p2a: Quagsire|65/100
|
|-heal|p2a: Quagsire|71/100|[from] item: Leftovers
|upkeep
|turn|24
|
|t:|1659156866
|switch|p1a: Deathstroke|Kartana, shiny|59/100
|-damage|p1a: Deathstroke|43/100|[from] Spikes
|-damage|p1a: Deathstroke|36/100|[from] Stealth Rock
|move|p2a: Quagsire|Recover|p2a: Quagsire
|-heal|p2a: Quagsire|100/100
|
|upkeep
|turn|25
|
|t:|1659156871
|switch|p2a: Toxapex|Toxapex, F|100/100
|-damage|p2a: Toxapex|88/100|[from] Stealth Rock
|move|p1a: Deathstroke|Leaf Blade|p2a: Toxapex
|-damage|p2a: Toxapex|40/100
|
|upkeep
|turn|26
|
|t:|1659156875
|move|p1a: Deathstroke|Leaf Blade|p2a: Toxapex
|-crit|p2a: Toxapex
|-damage|p2a: Toxapex|0 fnt
|faint|p2a: Toxapex
|-ability|p1a: Deathstroke|Beast Boost|boost
|-boost|p1a: Deathstroke|atk|1
|
|upkeep
|
|t:|1659156876
|switch|p2a: Skarmory|Skarmory, M|70/100
|-damage|p2a: Skarmory|57/100|[from] Stealth Rock
|turn|27
|
|t:|1659156883
|switch|p1a: Achilles|Aegislash, M, shiny|24/100
|-damage|p1a: Achilles|7/100|[from] Spikes
|-damage|p1a: Achilles|1/100|[from] Stealth Rock
|move|p2a: Skarmory|Roost|p2a: Skarmory
|-heal|p2a: Skarmory|100/100
|-singleturn|p2a: Skarmory|move: Roost
|
|upkeep
|turn|28
|j| LT91BB Lock
|j| Mimikyu Stardust
|inactive|antarctozolt has 120 seconds left.
|l|☆antarctozolt
|inactive|antarctozolt disconnected and has a minute to reconnect!
|player|p2|
|j| LT91BB yeufer
|j| YuhNinja
|j|☆antarctozolt
|inactive|antarctozolt reconnected and has 100 seconds left.
|player|p2|antarctozolt|skier
|inactive|antarctozolt has 90 seconds left.
|
|t:|1659156944
|switch|p2a: Quagsire|Quagsire, F|100/100
|-damage|p2a: Quagsire|94/100|[from] Stealth Rock
|-formechange|p1a: Achilles|Aegislash-Blade||[from] ability: Stance Change
|move|p1a: Achilles|Shadow Claw|p2a: Quagsire
|-damage|p2a: Quagsire|63/100
|
|-heal|p2a: Quagsire|69/100|[from] item: Leftovers
|upkeep
|turn|29
|c| YuhNinja|GG
|
|t:|1659156948
|move|p1a: Achilles|Shadow Claw|p2a: Quagsire
|-damage|p2a: Quagsire|38/100
|move|p2a: Quagsire|Scald|p1a: Achilles
|-damage|p1a: Achilles|0 fnt
|faint|p1a: Achilles
|
|-heal|p2a: Quagsire|44/100|[from] item: Leftovers
|upkeep
|
|t:|1659156951
|switch|p1a: Deathstroke|Kartana, shiny|36/100
|-damage|p1a: Deathstroke|20/100|[from] Spikes
|-damage|p1a: Deathstroke|14/100|[from] Stealth Rock
|turn|30
|l| tapu moxo
|
|t:|1659156960
|move|p1a: Deathstroke|Sacred Sword|p2a: Quagsire
|-damage|p2a: Quagsire|14/100
|move|p2a: Quagsire|Scald|p1a: Deathstroke
|-resisted|p1a: Deathstroke
|-damage|p1a: Deathstroke|0 fnt
|faint|p1a: Deathstroke
|
|win|antarctozolt
|raw|LT91BB ScarW's rating: 1860 &rarr; <strong>1843</strong><br />(-17 for losing)
|raw|antarctozolt's rating: 1904 &rarr; <strong>1921</strong><br />(+17 for winning)
|l|☆LT91BB ScarW
|c|☆antarctozolt|gg
|l|☆antarctozolt
|l| YuhNinja
|l| LT91BB Lock
|j| lt91bb star
|l| Barracades
