|j|☆Commando 55
|j|☆passanger51632
|t:|1604295836
|player|p1|Commando 55|iris-gen5bw2|1874
|player|p2|passanger51632|265|1888
|teamsize|p1|6
|teamsize|p2|6
|gametype|singles
|gen|8
|tier|[Gen 8] OU
|rated|
|clearpoke
|poke|p1|Tapu Lele|
|poke|p1|Victini|
|poke|p1|Pheromosa|
|poke|p1|Ferrothorn, M|
|poke|p1|Vaporeon, M|
|poke|p1|Zygarde|
|poke|p2|Zygarde|
|poke|p2|Slowking, F|
|poke|p2|Buzzwole|
|poke|p2|Clefable, F|
|poke|p2|Ferrothorn, F|
|poke|p2|Nihilego|
|rule|Sleep Clause Mod: Limit one foe put to sleep
|rule|Species Clause: Limit one of each Pokémon
|rule|OHKO Clause: OHKO moves are banned
|rule|Evasion Moves Clause: Evasion moves are banned
|rule|Endless Battle Clause: Forcing endless battles is banned
|rule|HP Percentage Mod: HP is shown in percentages
|rule|Dynamax Clause: You cannot dynamax
|teampreview
|c|☆Commando 55|Gl
|j| The actual game
|
|t:|1604295855
|start
|switch|p1a: Tapu Lele|Tapu Lele|100/100
|switch|p2a: Buzzwole|Buzzwole|100/100
|-fieldstart|move: Psychic Terrain|[from] ability: Psychic Surge|[of] p1a: Tapu Lele
|turn|1
|inactive|Battle timer is ON: inactive players will automatically lose when time's up. (requested by Commando 55)
|j| Admiral Buttcheeks
|
|t:|1604295867
|switch|p2a: Slowking|Slowking, F|100/100
|move|p1a: Tapu Lele|Nature's Madness|p2a: Slowking
|-damage|p2a: Slowking|50/100
|
|upkeep
|turn|2
|j| dreepy on ya head
|
|t:|1604295874
|switch|p1a: Pheromosa|Pheromosa, shiny|100/100
|move|p2a: Slowking|Teleport|p2a: Slowking
|
|t:|1604295886
|switch|p2a: Buzzwole|Buzzwole|100/100|[from]move: Teleport
|
|upkeep
|turn|3
|j| Mandi04
|
|t:|1604295890
|move|p1a: Pheromosa|U-turn|p2a: Buzzwole
|-resisted|p2a: Buzzwole
|-damage|p2a: Buzzwole|89/100
|
|t:|1604295893
|switch|p1a: Vaporeon|Vaporeon, M|100/100|[from]move: U-turn
|move|p2a: Buzzwole|Ice Punch|p1a: Vaporeon
|-resisted|p1a: Vaporeon
|-damage|p1a: Vaporeon|92/100
|
|-heal|p2a: Buzzwole|96/100|[from] item: Leftovers
|-heal|p1a: Vaporeon|98/100|[from] item: Leftovers
|upkeep
|turn|4
|
|t:|1604295898
|switch|p2a: Ferrothorn|Ferrothorn, F|100/100
|move|p1a: Vaporeon|Flip Turn|p2a: Ferrothorn
|-resisted|p2a: Ferrothorn
|-damage|p2a: Ferrothorn|96/100
|-damage|p1a: Vaporeon|85/100|[from] ability: Iron Barbs|[of] p2a: Ferrothorn
|
|t:|1604295903
|switch|p1a: Victini|Victini|100/100|[from]move: Flip Turn
|
|-heal|p2a: Ferrothorn|100/100|[from] item: Leftovers
|upkeep
|turn|5
|j| Anoxx17
|j| juice409
|
|t:|1604295912
|switch|p2a: Zygarde|Zygarde|100/100
|-ability|p2a: Zygarde|Aura Break
|move|p1a: Victini|Expanding Force|p2a: Zygarde
|-damage|p2a: Zygarde|6/100
|-damage|p1a: Victini|91/100|[from] item: Life Orb
|
|upkeep
|turn|6
|j| Mother Gum
|
|t:|1604295926
|switch|p2a: Slowking|Slowking, F|84/100
|move|p1a: Victini|Expanding Force|p2a: Slowking
|-resisted|p2a: Slowking
|-damage|p2a: Slowking|55/100
|-damage|p1a: Victini|81/100|[from] item: Life Orb
|
|upkeep
|turn|7
|l| dreepy on ya head
|
|t:|1604295932
|switch|p2a: Ferrothorn|Ferrothorn, F|100/100
|move|p1a: Victini|Energy Ball|p2a: Ferrothorn
|-resisted|p2a: Ferrothorn
|-damage|p2a: Ferrothorn|95/100
|-unboost|p2a: Ferrothorn|spd|1
|-damage|p1a: Victini|71/100|[from] item: Life Orb
|
|-heal|p2a: Ferrothorn|100/100|[from] item: Leftovers
|upkeep
|turn|8
|
|t:|1604295941
|switch|p2a: Slowking|Slowking, F|88/100
|move|p1a: Victini|Expanding Force|p2a: Slowking
|-resisted|p2a: Slowking
|-damage|p2a: Slowking|59/100
|-damage|p1a: Victini|61/100|[from] item: Life Orb
|
|-fieldend|move: Psychic Terrain
|upkeep
|turn|9
|
|t:|1604295947
|switch|p1a: Tapu Lele|Tapu Lele|100/100
|-fieldstart|move: Psychic Terrain|[from] ability: Psychic Surge|[of] p1a: Tapu Lele
|switch|p2a: Clefable|Clefable, F|100/100
|
|upkeep
|turn|10
|
|t:|1604295956
|switch|p2a: Slowking|Slowking, F|92/100
|move|p1a: Tapu Lele|Psychic|p2a: Slowking
|-resisted|p2a: Slowking
|-damage|p2a: Slowking|72/100
|
|upkeep
|turn|11
|j| General Woo
|
|t:|1604295965
|switch|p1a: Ferrothorn|Ferrothorn, M|100/100
|move|p2a: Slowking|Teleport|p2a: Slowking
|
|t:|1604295971
|switch|p2a: Buzzwole|Buzzwole|96/100|[from]move: Teleport
|
|-heal|p2a: Buzzwole|100/100|[from] item: Leftovers
|upkeep
|turn|12
|
|t:|1604295974
|switch|p1a: Vaporeon|Vaporeon, M|85/100
|move|p2a: Buzzwole|Drain Punch|p1a: Vaporeon
|-damage|p1a: Vaporeon|61/100
|
|-heal|p1a: Vaporeon|67/100|[from] item: Leftovers
|upkeep
|turn|13
|j| Siyoumu
|
|t:|1604295985
|switch|p2a: Nihilego|Nihilego|100/100
|move|p1a: Vaporeon|Scald|p2a: Nihilego
|-supereffective|p2a: Nihilego
|-damage|p2a: Nihilego|60/100
|
|-heal|p2a: Nihilego|66/100|[from] item: Black Sludge
|-heal|p1a: Vaporeon|73/100|[from] item: Leftovers
|upkeep
|turn|14
|
|t:|1604295989
|move|p2a: Nihilego|Toxic Spikes|p1a: Vaporeon
|-sidestart|p1: Commando 55|move: Toxic Spikes
|move|p1a: Vaporeon|Flip Turn|p2a: Nihilego
|-supereffective|p2a: Nihilego
|-damage|p2a: Nihilego|23/100
|j| Nyarlathotepwolf
|
|t:|1604295995
|switch|p1a: Pheromosa|Pheromosa, shiny|100/100|[from]move: Flip Turn
|
|-heal|p2a: Nihilego|29/100|[from] item: Black Sludge
|upkeep
|turn|15
|
|t:|1604296002
|move|p1a: Pheromosa|Rapid Spin|p2a: Nihilego
|-resisted|p2a: Nihilego
|-damage|p2a: Nihilego|11/100
|-boost|p1a: Pheromosa|spe|1
|-sideend|p1: Commando 55|Toxic Spikes|[from] move: Rapid Spin|[of] p1a: Pheromosa
|move|p2a: Nihilego|Sludge Wave|p1a: Pheromosa
|-damage|p1a: Pheromosa|0 fnt
|faint|p1a: Pheromosa
|-ability|p2a: Nihilego|Beast Boost|boost
|-boost|p2a: Nihilego|spa|1
|
|-heal|p2a: Nihilego|17/100|[from] item: Black Sludge
|upkeep
|
|t:|1604296017
|switch|p1a: Vaporeon|Vaporeon, M|73/100
|turn|16
|
|t:|1604296022
|move|p2a: Nihilego|Toxic Spikes|p1a: Vaporeon
|-sidestart|p1: Commando 55|move: Toxic Spikes
|move|p1a: Vaporeon|Flip Turn|p2a: Nihilego
|-supereffective|p2a: Nihilego
|-damage|p2a: Nihilego|0 fnt
|faint|p2a: Nihilego
|
|t:|1604296025
|switch|p1a: Ferrothorn|Ferrothorn, M|100/100|[from]move: Flip Turn
|
|-fieldend|move: Psychic Terrain
|upkeep
|
|t:|1604296029
|switch|p2a: Buzzwole|Buzzwole|100/100
|turn|17
|
|t:|1604296034
|switch|p1a: Vaporeon|Vaporeon, M|73/100
|-status|p1a: Vaporeon|psn
|move|p2a: Buzzwole|Drain Punch|p1a: Vaporeon
|-damage|p1a: Vaporeon|49/100 psn
|
|-heal|p1a: Vaporeon|56/100 psn|[from] item: Leftovers
|-damage|p1a: Vaporeon|43/100 psn|[from] psn
|upkeep
|turn|18
|
|t:|1604296040
|switch|p2a: Ferrothorn|Ferrothorn, F|100/100
|move|p1a: Vaporeon|Wish|p1a: Vaporeon
|
|-heal|p1a: Vaporeon|49/100 psn|[from] item: Leftovers
|-damage|p1a: Vaporeon|37/100 psn|[from] psn
|upkeep
|turn|19
|l| Siyoumu
|j| Siyoumu
|
|t:|1604296045
|move|p1a: Vaporeon|Protect|p1a: Vaporeon
|-singleturn|p1a: Vaporeon|Protect
|move|p2a: Ferrothorn|Spikes|p1a: Vaporeon
|-sidestart|p1: Commando 55|Spikes
|
|-heal|p1a: Vaporeon|87/100 psn|[from] move: Wish|[wisher] Vaporeon
|-heal|p1a: Vaporeon|93/100 psn|[from] item: Leftovers
|-damage|p1a: Vaporeon|81/100 psn|[from] psn
|upkeep
|turn|20
|l| Mother Gum
|
|t:|1604296049
|move|p1a: Vaporeon|Wish|p1a: Vaporeon
|move|p2a: Ferrothorn|Knock Off|p1a: Vaporeon
|-damage|p1a: Vaporeon|66/100 psn
|-enditem|p1a: Vaporeon|Leftovers|[from] move: Knock Off|[of] p2a: Ferrothorn
|
|-damage|p1a: Vaporeon|53/100 psn|[from] psn
|upkeep
|turn|21
|l| Siyoumu
|
|t:|1604296058
|switch|p1a: Victini|Victini|61/100
|-status|p1a: Victini|psn
|-damage|p1a: Victini|48/100 psn|[from] Spikes
|move|p2a: Ferrothorn|Spikes|p1a: Victini
|-sidestart|p1: Commando 55|Spikes
|
|-heal|p1a: Victini|100/100 psn|[from] move: Wish|[wisher] Vaporeon
|-damage|p1a: Victini|88/100 psn|[from] psn
|upkeep
|turn|22
|
|t:|1604296069
|switch|p2a: Slowking|Slowking, F|100/100
|move|p1a: Victini|Energy Ball|p2a: Slowking
|-supereffective|p2a: Slowking
|-damage|p2a: Slowking|54/100
|-damage|p1a: Victini|78/100 psn|[from] item: Life Orb
|
|-damage|p1a: Victini|66/100 psn|[from] psn
|upkeep
|turn|23
|
|t:|1604296078
|move|p1a: Victini|Blue Flare|p2a: Slowking
|-resisted|p2a: Slowking
|-damage|p2a: Slowking|28/100
|-status|p2a: Slowking|brn
|-damage|p1a: Victini|56/100 psn|[from] item: Life Orb
|move|p2a: Slowking|Teleport|p2a: Slowking
|j| Epicperon
|
|t:|1604296085
|switch|p2a: Zygarde|Zygarde|6/100|[from]move: Teleport
|-ability|p2a: Zygarde|Aura Break
|
|-damage|p1a: Victini|44/100 psn|[from] psn
|upkeep
|turn|24
|j| ozawamaria777
|
|t:|1604296089
|switch|p1a: Ferrothorn|Ferrothorn, M|100/100
|-damage|p1a: Ferrothorn|84/100|[from] Spikes
|move|p2a: Zygarde|Extreme Speed|p1a: Ferrothorn
|-resisted|p1a: Ferrothorn
|-damage|p1a: Ferrothorn|73/100
|-damage|p2a: Zygarde|0 fnt|[from] ability: Iron Barbs|[of] p1a: Ferrothorn
|faint|p2a: Zygarde
|
|-heal|p1a: Ferrothorn|79/100|[from] item: Leftovers
|upkeep
|
|t:|1604296096
|switch|p2a: Buzzwole|Buzzwole|100/100
|turn|25
|j| vip10086
|
|t:|1604296100
|switch|p1a: Tapu Lele|Tapu Lele|100/100
|-status|p1a: Tapu Lele|psn
|-damage|p1a: Tapu Lele|84/100 psn|[from] Spikes
|-fieldstart|move: Psychic Terrain|[from] ability: Psychic Surge|[of] p1a: Tapu Lele
|move|p2a: Buzzwole|Drain Punch|p1a: Tapu Lele
|-resisted|p1a: Tapu Lele
|-damage|p1a: Tapu Lele|71/100 psn
|
|-damage|p1a: Tapu Lele|58/100 psn|[from] psn
|upkeep
|turn|26
|j| susciety!!!
|l| susciety!!!
|
|t:|1604296123
|switch|p2a: Ferrothorn|Ferrothorn, F|100/100
|move|p1a: Tapu Lele|Nature's Madness|p2a: Ferrothorn
|-damage|p2a: Ferrothorn|50/100
|
|-heal|p2a: Ferrothorn|57/100|[from] item: Leftovers
|-damage|p1a: Tapu Lele|46/100 psn|[from] psn
|upkeep
|turn|27
|
|t:|1604296132
|switch|p2a: Clefable|Clefable, F|100/100
|move|p1a: Tapu Lele|Focus Blast|p2a: Clefable|[miss]
|-miss|p1a: Tapu Lele|p2a: Clefable
|
|-damage|p1a: Tapu Lele|33/100 psn|[from] psn
|upkeep
|turn|28
|j| Dododo de dadada
|
|t:|1604296141
|switch|p1a: Ferrothorn|Ferrothorn, M|79/100
|-damage|p1a: Ferrothorn|63/100|[from] Spikes
|switch|p2a: Ferrothorn|Ferrothorn, F|57/100
|
|-heal|p2a: Ferrothorn|63/100|[from] item: Leftovers
|-heal|p1a: Ferrothorn|69/100|[from] item: Leftovers
|upkeep
|turn|29
|
|t:|1604296150
|switch|p1a: Vaporeon|Vaporeon, M|53/100 psn
|-damage|p1a: Vaporeon|37/100 psn|[from] Spikes
|move|p2a: Ferrothorn|Knock Off|p1a: Vaporeon
|-damage|p1a: Vaporeon|27/100 psn
|
|-heal|p2a: Ferrothorn|69/100|[from] item: Leftovers
|-damage|p1a: Vaporeon|14/100 psn|[from] psn
|upkeep
|turn|30
|
|t:|1604296160
|move|p1a: Vaporeon|Scald|p2a: Ferrothorn
|-resisted|p2a: Ferrothorn
|-damage|p2a: Ferrothorn|59/100
|-status|p2a: Ferrothorn|brn
|move|p2a: Ferrothorn|Knock Off|p1a: Vaporeon
|-damage|p1a: Vaporeon|9/100 psn
|
|-heal|p2a: Ferrothorn|65/100 brn|[from] item: Leftovers
|-damage|p1a: Vaporeon|0 fnt|[from] psn
|faint|p1a: Vaporeon
|-damage|p2a: Ferrothorn|59/100 brn|[from] brn
|upkeep
|
|t:|1604296169
|switch|p1a: Victini|Victini|44/100 psn
|-damage|p1a: Victini|27/100 psn|[from] Spikes
|turn|31
|
|t:|1604296177
|move|p1a: Victini|Blue Flare|p2a: Ferrothorn
|-supereffective|p2a: Ferrothorn
|-damage|p2a: Ferrothorn|0 fnt
|-damage|p1a: Victini|17/100 psn|[from] item: Life Orb
|faint|p2a: Ferrothorn
|
|-damage|p1a: Victini|5/100 psn|[from] psn
|upkeep
|
|t:|1604296182
|switch|p2a: Slowking|Slowking, F|61/100 brn
|turn|32
|j| BobbyHillsAlt
|j| Siyoumu
|
|t:|1604296193
|switch|p2a: Clefable|Clefable, F|100/100
|move|p1a: Victini|Energy Ball|p2a: Clefable
|-damage|p2a: Clefable|76/100
|-damage|p1a: Victini|0 fnt|[from] item: Life Orb
|faint|p1a: Victini
|
|-fieldend|move: Psychic Terrain
|upkeep
|
|t:|1604296196
|switch|p1a: Ferrothorn|Ferrothorn, M|69/100
|-damage|p1a: Ferrothorn|53/100|[from] Spikes
|turn|33
|l| Siyoumu
|
|t:|1604296210
|switch|p2a: Buzzwole|Buzzwole|100/100
|move|p1a: Ferrothorn|Knock Off|p2a: Buzzwole
|-resisted|p2a: Buzzwole
|-damage|p2a: Buzzwole|95/100
|-enditem|p2a: Buzzwole|Leftovers|[from] move: Knock Off|[of] p1a: Ferrothorn
|
|-heal|p1a: Ferrothorn|59/100|[from] item: Leftovers
|upkeep
|turn|34
|
|t:|1604296217
|switch|p1a: Tapu Lele|Tapu Lele|33/100 psn
|-damage|p1a: Tapu Lele|17/100 psn|[from] Spikes
|-fieldstart|move: Psychic Terrain|[from] ability: Psychic Surge|[of] p1a: Tapu Lele
|move|p2a: Buzzwole|Ice Punch|p1a: Tapu Lele
|-damage|p1a: Tapu Lele|0 fnt
|faint|p1a: Tapu Lele
|-ability|p2a: Buzzwole|Beast Boost|boost
|-boost|p2a: Buzzwole|def|1
|
|upkeep
|j| Yugiohvn
|
|t:|1604296220
|switch|p1a: Zygarde|Zygarde, shiny|100/100
|-damage|p1a: Zygarde|84/100|[from] Spikes
|-status|p1a: Zygarde|psn
|-ability|p1a: Zygarde|Aura Break
|turn|35
|
|t:|1604296224
|move|p1a: Zygarde|Glare|p2a: Buzzwole
|-status|p2a: Buzzwole|par
|move|p2a: Buzzwole|Bulk Up|p2a: Buzzwole
|-boost|p2a: Buzzwole|atk|1
|-boost|p2a: Buzzwole|def|1
|
|-heal|p1a: Zygarde|90/100 psn|[from] item: Leftovers
|-damage|p1a: Zygarde|78/100 psn|[from] psn
|upkeep
|turn|36
|c|☆Commando 55|Gg
|-message|Commando 55 forfeited.
|
|win|passanger51632
|l|☆Commando 55
|c|☆passanger51632|gg
|raw|Commando 55's rating: 1874 &rarr; <strong>1854</strong><br />(-20 for losing)
|raw|passanger51632's rating: 1888 &rarr; <strong>1908</strong><br />(+20 for winning)
|l| The actual game
