|j|☆knexhawk2
|j|☆FakStall
|inactive|Battle timer is ON: inactive players will automatically lose when time's up.
|t:|1668103763
|gametype|singles
|player|p1|knexhawk2|benga|
|player|p2|FakStall|tuber|
|teamsize|p1|6
|teamsize|p2|6
|gen|8
|tier|[Gen 8] OU
|rated|Tournament battle
|rule|Sleep Clause Mod: Limit one foe put to sleep
|rule|Species Clause: Limit one of each Pokémon
|rule|OHKO Clause: OHKO moves are banned
|rule|Evasion Items Clause: Evasion items are banned
|rule|Evasion Moves Clause: Evasion moves are banned
|rule|Endless Battle Clause: Forcing endless battles is banned
|rule|HP Percentage Mod: HP is shown in percentages
|rule|Dynamax Clause: You cannot dynamax
|clearpoke
|poke|p1|Turtonator, M|
|poke|p1|Avalugg, F|
|poke|p1|Abomasnow, F|
|poke|p1|Weavile, M|
|poke|p1|Aegislash, M|
|poke|p1|Ninetales-Alola, M|
|poke|p2|Exeggutor, M|
|poke|p2|Aegislash, M|
|poke|p2|Scizor, F|
|poke|p2|Abomasnow, M|
|poke|p2|Dragonite, M|
|poke|p2|Trevenant, F|
|teampreview
|inactive|FakStall also wants the timer to be on.
|j|@moondazing
|j| tryingpichu!
|j| 7666657f
|j|@SetsuStsna
|j| amstan (-_-)
|l| tryingpichu!
|j| Lytir
|j| stllsux
|j| angel uchis
|c|☆knexhawk2|ah damn he ripped my strat
|l|@SetsuStsna
|l| angel uchis
|j| Albedoe
|j| bagel coach20
|inactive|FakStall has 120 seconds left.
|j| Holy peperoni
|j| Udjejs
|c| bagel coach20|time to watch two plebs fumble for 100 turns
|j| Highv0ltag3
|j| HarryBW247
|j| Aimie Atkinson
|c| Udjejs|wild mike
|c| Udjejs|wild mike
|c| Highv0ltag3|He brought my tech
|c| bagel coach20|i would just use extremespeed regigigas
|c| Highv0ltag3|Less gooo
|inactive|FakStall has 90 seconds left.
|c| Udjejs|this is gonna be fire
|c| Aimie Atkinson|;O
|c|☆FakStall|really wishing id put ppads on scizor
|l| Aimie Atkinson
|l| Albedoe
|c|☆knexhawk2|no you dont
|c|☆knexhawk2|you really dont wish that
|
|t:|1668103844
|start
|switch|p1a: Ninetales|Ninetales-Alola, M|100/100
|switch|p2a: Scizor|Scizor, F|100/100
|-weather|Hail|[from] ability: Snow Warning|[of] p1a: Ninetales
|turn|1
|inactive|FakStall has 120 seconds left.
|j| jewbacca02
|c| amstan (-_-)|reveal babribi counter
|j| dedennedestroyer
|c|☆knexhawk2|lmao
|
|t:|1668103875
|move|p1a: Ninetales|Protect|p1a: Ninetales
|-singleturn|p1a: Ninetales|Protect
|move|p2a: Scizor|Counter||[still]
|-fail|p2a: Scizor
|
|-weather|Hail|[upkeep]
|upkeep
|turn|2
|c|☆knexhawk2|nah
|j|@SetsuStsna
|c| amstan (-_-)|what
|c|☆knexhawk2|ima baby doll eyes him
|j| RuffneckBase
|c|☆knexhawk2|dang its this
|c| RuffneckBase|whats negative prio
|c| Highv0ltag3|Oh the safety googles
|
|t:|1668103896
|switch|p1a: Avalugg|Avalugg, F|100/100
|move|p2a: Scizor|Quick Guard||[still]
|-fail|p2a: Scizor
|
|-weather|Hail|[upkeep]
|upkeep
|turn|3
|c| Highv0ltag3|Insane
|c|☆knexhawk2|dude this tour is awful lol
|j| luminarie
|c| Highv0ltag3|Ruffneckbase trick room, teleport
|
|t:|1668103906
|move|p1a: Avalugg|Avalanche|p2a: Scizor
|-resisted|p2a: Scizor
|-damage|p2a: Scizor|89/100
|move|p2a: Scizor|Counter|p1a: Avalugg
|-damage|p1a: Avalugg|81/100
|-damage|p2a: Scizor|73/100|[from] item: Rocky Helmet|[of] p1a: Avalugg
|
|-weather|Hail|[upkeep]
|-heal|p1a: Avalugg|87/100|[from] ability: Ice Body
|upkeep
|turn|4
|c| Highv0ltag3|Dragon tail
|c| Highv0ltag3|Etc
|c|☆knexhawk2|huge chip
|j| atomic samurai3240
|l| RuffneckBase
|
|t:|1668103922
|switch|p2a: Aegislash|Aegislash, M|100/100
|move|p1a: Avalugg|Avalanche|p2a: Aegislash
|-resisted|p2a: Aegislash
|-damage|p2a: Aegislash|91/100
|
|-weather|Hail|[upkeep]
|-heal|p1a: Avalugg|93/100|[from] ability: Ice Body
|upkeep
|turn|5
|
|t:|1668103926
|move|p2a: Aegislash|King's Shield|p2a: Aegislash
|-singleturn|p2a: Aegislash|Protect
|move|p1a: Avalugg|Protect||[still]
|-fail|p1a: Avalugg
|
|-weather|Hail|[upkeep]
|-heal|p1a: Avalugg|99/100|[from] ability: Ice Body
|upkeep
|turn|6
|c| Udjejs|he got that dog in him
|
|t:|1668103933
|switch|p2a: Exeggutor|Exeggutor, M|100/100
|move|p1a: Avalugg|Avalanche|p2a: Exeggutor
|-supereffective|p2a: Exeggutor
|-damage|p2a: Exeggutor|65/100
|
|-weather|Hail|[upkeep]
|-damage|p2a: Exeggutor|59/100|[from] Hail
|-heal|p1a: Avalugg|100/100|[from] ability: Ice Body
|upkeep
|turn|7
|l| atomic samurai3240
|c| Highv0ltag3|He has to just pp stall avalanche
|inactive|FakStall has 120 seconds left.
|c|☆knexhawk2|Endure, Protect
|c|☆knexhawk2|Teleport, Trick Room
|
|t:|1668103955
|switch|p1a: Abomasnow|Abomasnow, F|100/100
|move|p2a: Exeggutor|Endure||[still]
|-fail|p2a: Exeggutor
|
|-weather|Hail|[upkeep]
|-damage|p2a: Exeggutor|53/100|[from] Hail
|upkeep
|turn|8
|
|t:|1668103958
|move|p2a: Exeggutor|Protect|p2a: Exeggutor
|-singleturn|p2a: Exeggutor|Protect
|move|p1a: Abomasnow|Avalanche|p2a: Exeggutor
|-activate|p2a: Exeggutor|move: Protect
|
|-weather|none
|upkeep
|turn|9
|l| stllsux
|c| dedennedestroyer|lol
|inactive|FakStall has 120 seconds left.
|
|t:|1668103971
|switch|p1a: Ninetales|Ninetales-Alola, M|100/100
|-weather|Hail|[from] ability: Snow Warning|[of] p1a: Ninetales
|move|p2a: Exeggutor|Trick Room|p2a: Exeggutor
|-fieldstart|move: Trick Room|[of] p2a: Exeggutor
|
|-weather|Hail|[upkeep]
|-damage|p2a: Exeggutor|47/100|[from] Hail
|-enditem|p2a: Exeggutor|Sitrus Berry|[eat]
|-heal|p2a: Exeggutor|72/100|[from] item: Sitrus Berry
|-item|p2a: Exeggutor|Sitrus Berry|[from] ability: Harvest
|upkeep
|turn|10
|j| GengarAdept
|
|t:|1668103979
|move|p2a: Exeggutor|Protect|p2a: Exeggutor
|-singleturn|p2a: Exeggutor|Protect
|move|p1a: Ninetales|Ice Shard|p2a: Exeggutor
|-activate|p2a: Exeggutor|move: Protect
|
|-weather|Hail|[upkeep]
|-damage|p2a: Exeggutor|65/100|[from] Hail
|upkeep
|turn|11
|
|t:|1668103985
|move|p1a: Ninetales|Ice Shard|p2a: Exeggutor
|-supereffective|p2a: Exeggutor
|-damage|p2a: Exeggutor|52/100
|move|p2a: Exeggutor|Trick Room|p2a: Exeggutor
|-fieldend|move: Trick Room
|
|-weather|Hail|[upkeep]
|-damage|p2a: Exeggutor|46/100|[from] Hail
|-enditem|p2a: Exeggutor|Sitrus Berry|[eat]
|-heal|p2a: Exeggutor|71/100|[from] item: Sitrus Berry
|upkeep
|turn|12
|c|☆knexhawk2|oh i see
|c|☆knexhawk2|its meant to not die
|c|☆knexhawk2|ever
|c| Highv0ltag3|I just told him that
|
|t:|1668104000
|switch|p1a: Weavile|Weavile, M|100/100
|-ability|p1a: Weavile|Pressure
|move|p2a: Exeggutor|Protect||[still]
|-fail|p2a: Exeggutor
|
|-weather|Hail|[upkeep]
|-damage|p2a: Exeggutor|64/100|[from] Hail
|-item|p2a: Exeggutor|Sitrus Berry|[from] ability: Harvest
|upkeep
|turn|13
|c| Highv0ltag3|I was the prophet
|c|@SetsuStsna|._.
|c|☆knexhawk2|htcl this is what you created
|inactive|FakStall has 120 seconds left.
|c|@SetsuStsna|htcl is not even here
|c| amstan (-_-)|knex hawk if you win in under 100 turns i will give you a kiss
|c|@SetsuStsna|._.?
|
|t:|1668104035
|move|p2a: Exeggutor|Protect|p2a: Exeggutor
|-singleturn|p2a: Exeggutor|Protect
|move|p1a: Weavile|Avalanche|p2a: Exeggutor
|-activate|p2a: Exeggutor|move: Protect
|
|-weather|Hail|[upkeep]
|-damage|p2a: Exeggutor|58/100|[from] Hail
|upkeep
|turn|14
|c| amstan (-_-)|shhh
|inactive|FakStall has 120 seconds left.
|l|@SetsuStsna
|c| Highv0ltag3|The only tier where ice types are goated
|c|☆knexhawk2|yeah lol
|c|☆knexhawk2|i figure sand would be just as good
|c|☆knexhawk2|no ground priority tho
|
|t:|1668104074
|switch|p2a: Trevenant|Trevenant, F|100/100
|move|p1a: Weavile|Avalanche|p2a: Trevenant
|-supereffective|p2a: Trevenant
|-damage|p2a: Trevenant|53/100
|
|-weather|Hail|[upkeep]
|-damage|p2a: Trevenant|47/100|[from] Hail
|-enditem|p2a: Trevenant|Sitrus Berry|[eat]
|-heal|p2a: Trevenant|72/100|[from] item: Sitrus Berry
|-item|p2a: Trevenant|Sitrus Berry|[from] ability: Harvest
|upkeep
|turn|15
|
|t:|1668104086
|move|p2a: Trevenant|Protect|p2a: Trevenant
|-singleturn|p2a: Trevenant|Protect
|move|p1a: Weavile|Avalanche|p2a: Trevenant
|-activate|p2a: Trevenant|move: Protect
|
|-weather|Hail|[upkeep]
|-damage|p2a: Trevenant|66/100|[from] Hail
|upkeep
|turn|16
|c|☆knexhawk2|i have 48 ice shards
|c|☆knexhawk2|so
|
|t:|1668104096
|move|p1a: Weavile|Avalanche|p2a: Trevenant
|-supereffective|p2a: Trevenant
|-damage|p2a: Trevenant|11/100
|-enditem|p2a: Trevenant|Sitrus Berry|[eat]
|-heal|p2a: Trevenant|36/100|[from] item: Sitrus Berry
|move|p2a: Trevenant|Trick Room|p2a: Trevenant
|-fieldstart|move: Trick Room|[of] p2a: Trevenant
|
|-weather|none
|-item|p2a: Trevenant|Sitrus Berry|[from] ability: Harvest
|upkeep
|-enditem|p2a: Trevenant|Sitrus Berry|[eat]
|-heal|p2a: Trevenant|61/100|[from] item: Sitrus Berry
|turn|17
|c|☆knexhawk2|we got time
|l| HarryBW247
|
|t:|1668104105
|move|p2a: Trevenant|Protect|p2a: Trevenant
|-singleturn|p2a: Trevenant|Protect
|move|p1a: Weavile|Avalanche|p2a: Trevenant
|-activate|p2a: Trevenant|move: Protect
|
|-item|p2a: Trevenant|Sitrus Berry|[from] ability: Harvest
|upkeep
|turn|18
|l| jewbacca02
|c| Highv0ltag3|FakStall u needed shedinja with googles
|c| amstan (-_-)|why is nobody running pressure
|c| Highv0ltag3|For shard
|c| amstan (-_-)|or smth
|
|t:|1668104115
|move|p2a: Trevenant|Ally Switch||[still]
|-fail|p2a: Trevenant
|move|p1a: Weavile|Avalanche|p2a: Trevenant
|-supereffective|p2a: Trevenant
|-damage|p2a: Trevenant|11/100
|-enditem|p2a: Trevenant|Sitrus Berry|[eat]
|-heal|p2a: Trevenant|36/100|[from] item: Sitrus Berry
|
|-item|p2a: Trevenant|Sitrus Berry|[from] ability: Harvest
|upkeep
|-enditem|p2a: Trevenant|Sitrus Berry|[eat]
|-heal|p2a: Trevenant|61/100|[from] item: Sitrus Berry
|turn|19
|
|t:|1668104122
|move|p2a: Trevenant|Protect|p2a: Trevenant
|-singleturn|p2a: Trevenant|Protect
|move|p1a: Weavile|Ice Shard|p2a: Trevenant
|-activate|p2a: Trevenant|move: Protect
|
|-item|p2a: Trevenant|Sitrus Berry|[from] ability: Harvest
|upkeep
|turn|20
|c| amstan (-_-)|and why is nobody running boots shed
|c| amstan (-_-)|*pads
|c| amstan (-_-)|*gogles
|c|☆knexhawk2|i saw pads shed
|c|☆knexhawk2|it died to hail
|c| Highv0ltag3|I ran pads
|j| CommitStab
|c|☆knexhawk2|yeah u ran it
|c|☆FakStall|i rly should've brought shedinja to this game too
|c| Highv0ltag3|But ye its bad cuz u need both
|
|t:|1668104147
|move|p2a: Trevenant|Sucker Punch|p1a: Weavile
|-resisted|p1a: Weavile
|-damage|p1a: Weavile|89/100
|move|p1a: Weavile|Avalanche|p2a: Trevenant
|-supereffective|p2a: Trevenant
|-damage|p2a: Trevenant|0 fnt
|faint|p2a: Trevenant
|
|-fieldend|move: Trick Room
|upkeep
|
|t:|1668104154
|switch|p2a: Dragonite|Dragonite, M|100/100
|turn|21
|c|☆knexhawk2|the monster is gone
|c| Highv0ltag3|Problem is they just pp tall shed
|c| amstan (-_-)|run magic guard shed
|
|t:|1668104163
|switch|p1a: Aegislash|Aegislash, M|100/100
|move|p2a: Dragonite|Extreme Speed|p1a: Aegislash
|-immune|p1a: Aegislash
|
|upkeep
|turn|22
|c| Highv0ltag3|Why did u sucker punch
|c| Highv0ltag3|That boosts his damage
|c| Highv0ltag3|Oh no
|c|☆knexhawk2|it gets
|c|☆knexhawk2|aqua jet
|c|☆knexhawk2|why
|
|t:|1668104185
|switch|p2a: Exeggutor|Exeggutor, M|58/100
|switch|p1a: Abomasnow|Abomasnow, F|100/100
|-weather|Hail|[from] ability: Snow Warning|[of] p1a: Abomasnow
|
|-weather|Hail|[upkeep]
|-damage|p2a: Exeggutor|52/100|[from] Hail
|upkeep
|turn|23
|
|t:|1668104192
|move|p2a: Exeggutor|Endure|p2a: Exeggutor
|-singleturn|p2a: Exeggutor|move: Endure
|move|p1a: Abomasnow|Ice Shard|p2a: Exeggutor
|-supereffective|p2a: Exeggutor
|-damage|p2a: Exeggutor|32/100
|-enditem|p2a: Exeggutor|Sitrus Berry|[eat]
|-heal|p2a: Exeggutor|57/100|[from] item: Sitrus Berry
|
|-weather|Hail|[upkeep]
|-damage|p2a: Exeggutor|51/100|[from] Hail
|-item|p2a: Exeggutor|Sitrus Berry|[from] ability: Harvest
|upkeep
|turn|24
|inactive|FakStall has 120 seconds left.
|
|t:|1668104199
|move|p1a: Abomasnow|Avalanche|p2a: Exeggutor
|-supereffective|p2a: Exeggutor
|-damage|p2a: Exeggutor|22/100
|-enditem|p2a: Exeggutor|Sitrus Berry|[eat]
|-heal|p2a: Exeggutor|47/100|[from] item: Sitrus Berry
|move|p2a: Exeggutor|Trick Room|p2a: Exeggutor
|-fieldstart|move: Trick Room|[of] p2a: Exeggutor
|
|-weather|Hail|[upkeep]
|-damage|p2a: Exeggutor|41/100|[from] Hail
|-item|p2a: Exeggutor|Sitrus Berry|[from] ability: Harvest
|upkeep
|-enditem|p2a: Exeggutor|Sitrus Berry|[eat]
|-heal|p2a: Exeggutor|66/100|[from] item: Sitrus Berry
|turn|25
|inactive|knexhawk2 has 120 seconds left.
|j| SkipTheDripBayless
|
|t:|1668104230
|move|p2a: Exeggutor|Protect|p2a: Exeggutor
|-singleturn|p2a: Exeggutor|Protect
|move|p1a: Abomasnow|Ice Shard|p2a: Exeggutor
|-activate|p2a: Exeggutor|move: Protect
|
|-weather|Hail|[upkeep]
|-damage|p2a: Exeggutor|60/100|[from] Hail
|upkeep
|turn|26
|j| Adopted
|
|t:|1668104240
|move|p1a: Abomasnow|Avalanche|p2a: Exeggutor
|-supereffective|p2a: Exeggutor
|-damage|p2a: Exeggutor|34/100
|move|p2a: Exeggutor|Trick Room|p2a: Exeggutor
|-fieldend|move: Trick Room
|
|-weather|Hail|[upkeep]
|-damage|p2a: Exeggutor|28/100|[from] Hail
|-item|p2a: Exeggutor|Sitrus Berry|[from] ability: Harvest
|upkeep
|-enditem|p2a: Exeggutor|Sitrus Berry|[eat]
|-heal|p2a: Exeggutor|53/100|[from] item: Sitrus Berry
|turn|27
|l| SkipTheDripBayless
|c|☆knexhawk2|this would be a big problem if i didnt only have ice moves
|
|t:|1668104248
|move|p2a: Exeggutor|Protect|p2a: Exeggutor
|-singleturn|p2a: Exeggutor|Protect
|move|p1a: Abomasnow|Ice Shard|p2a: Exeggutor
|-activate|p2a: Exeggutor|move: Protect
|
|-weather|Hail|[upkeep]
|-damage|p2a: Exeggutor|47/100|[from] Hail
|-item|p2a: Exeggutor|Sitrus Berry|[from] ability: Harvest
|upkeep
|-enditem|p2a: Exeggutor|Sitrus Berry|[eat]
|-heal|p2a: Exeggutor|72/100|[from] item: Sitrus Berry
|turn|28
|c|☆FakStall|so if id just brought fucking safety goggles shedinja
|c|☆FakStall|would i have won
|inactive|FakStall has 120 seconds left.
|c| Highv0ltag3|Ye
|c|☆knexhawk2|i have a helmet user
|c|☆knexhawk2|that it cant touch
|c| Highv0ltag3|But still he can outplay
|c| Highv0ltag3|Cuz
|c|☆FakStall|it would be a draw
|c| Highv0ltag3|Shedinja either spends pp
|c|☆knexhawk2|no
|c| Highv0ltag3|Or switches out
|
|t:|1668104289
|move|p1a: Abomasnow|Avalanche|p2a: Exeggutor
|-supereffective|p2a: Exeggutor
|-crit|p2a: Exeggutor
|-damage|p2a: Exeggutor|30/100
|move|p2a: Exeggutor|Trick Room|p2a: Exeggutor
|-fieldstart|move: Trick Room|[of] p2a: Exeggutor
|
|-weather|Hail|[upkeep]
|-damage|p2a: Exeggutor|24/100|[from] Hail
|upkeep
|turn|29
|c|☆knexhawk2|i can just keep ice sharding
|c|☆knexhawk2|i got 48 on 3 different dudes
|c| Highv0ltag3|So he can do that
|c| Highv0ltag3|Ye
|
|t:|1668104303
|move|p2a: Exeggutor|Protect|p2a: Exeggutor
|-singleturn|p2a: Exeggutor|Protect
|move|p1a: Abomasnow|Ice Shard|p2a: Exeggutor
|-activate|p2a: Exeggutor|move: Protect
|
|-weather|none
|-item|p2a: Exeggutor|Sitrus Berry|[from] ability: Harvest
|upkeep
|-enditem|p2a: Exeggutor|Sitrus Berry|[eat]
|-heal|p2a: Exeggutor|49/100|[from] item: Sitrus Berry
|turn|30
|inactive|FakStall has 120 seconds left.
|
|t:|1668104314
|switch|p2a: Aegislash|Aegislash, M|91/100
|switch|p1a: Ninetales|Ninetales-Alola, M|100/100
|-weather|Hail|[from] ability: Snow Warning|[of] p1a: Ninetales
|
|-weather|Hail|[upkeep]
|upkeep
|turn|31
|inactive|FakStall has 120 seconds left.
|c| Highv0ltag3|So maybe ice body walrein
|c| Highv0ltag3|Or avallugg
|c| Highv0ltag3|Would be better than shed
|
|t:|1668104343
|switch|p2a: Exeggutor|Exeggutor, M|49/100
|switch|p1a: Avalugg|Avalugg, F|100/100
|
|-weather|Hail|[upkeep]
|-damage|p2a: Exeggutor|43/100|[from] Hail
|-item|p2a: Exeggutor|Sitrus Berry|[from] ability: Harvest
|upkeep
|-enditem|p2a: Exeggutor|Sitrus Berry|[eat]
|-heal|p2a: Exeggutor|68/100|[from] item: Sitrus Berry
|turn|32
|c|☆knexhawk2|i almost ran walrein
|inactive|FakStall has 120 seconds left.
|
|t:|1668104354
|switch|p2a: Aegislash|Aegislash, M|91/100
|move|p1a: Avalugg|Mirror Coat||[still]
|-fail|p1a: Avalugg
|
|-weather|Hail|[upkeep]
|-fieldend|move: Trick Room
|upkeep
|turn|33
|
|t:|1668104362
|switch|p2a: Exeggutor|Exeggutor, M|68/100
|move|p1a: Avalugg|Avalanche|p2a: Exeggutor
|-supereffective|p2a: Exeggutor
|-damage|p2a: Exeggutor|33/100
|
|-weather|Hail|[upkeep]
|-damage|p2a: Exeggutor|27/100|[from] Hail
|upkeep
|turn|34
|j| Xinttohn
|
|t:|1668104366
|switch|p1a: Turtonator|Turtonator, M|100/100
|move|p2a: Exeggutor|Protect||[still]
|-fail|p2a: Exeggutor
|
|-weather|Hail|[upkeep]
|-damage|p2a: Exeggutor|21/100|[from] Hail
|upkeep
|turn|35
|
|t:|1668104370
|move|p2a: Exeggutor|Protect|p2a: Exeggutor
|-singleturn|p2a: Exeggutor|Protect
|move|p1a: Turtonator|Dragon Tail|p2a: Exeggutor
|-activate|p2a: Exeggutor|move: Protect
|
|-weather|Hail|[upkeep]
|-damage|p2a: Exeggutor|15/100|[from] Hail
|-item|p2a: Exeggutor|Sitrus Berry|[from] ability: Harvest
|upkeep
|-enditem|p2a: Exeggutor|Sitrus Berry|[eat]
|-heal|p2a: Exeggutor|40/100|[from] item: Sitrus Berry
|turn|36
|
|t:|1668104377
|move|p1a: Turtonator|Dragon Tail|p2a: Exeggutor
|-crit|p2a: Exeggutor
|-damage|p2a: Exeggutor|22/100
|drag|p2a: Scizor|Scizor, F|73/100
|
|-weather|Hail|[upkeep]
|upkeep
|turn|37
|
|t:|1668104385
|-singleturn|p1a: Turtonator|move: Shell Trap
|move|p2a: Scizor|Bullet Punch|p1a: Turtonator
|-resisted|p1a: Turtonator
|-damage|p1a: Turtonator|90/100
|move|p1a: Turtonator|Shell Trap|p2a: Scizor
|-supereffective|p2a: Scizor
|-damage|p2a: Scizor|0 fnt
|faint|p2a: Scizor
|
|-weather|none
|upkeep
|c|☆knexhawk2|and he got baited
|
|t:|1668104393
|switch|p2a: Exeggutor|Exeggutor, M|22/100
|turn|38
|c| Highv0ltag3|Its over
|c|☆FakStall|not that i would've done any damage
|c|☆FakStall|ye
|
|t:|1668104401
|move|p1a: Turtonator|Dragon Tail|p2a: Exeggutor
|-damage|p2a: Exeggutor|9/100
|drag|p2a: Abomasnow|Abomasnow, M|100/100
|-weather|Hail|[from] ability: Snow Warning|[of] p2a: Abomasnow
|
|-weather|Hail|[upkeep]
|upkeep
|turn|39
|c|☆knexhawk2|yeah
|c|☆FakStall|ill just forfeit here
|c|☆FakStall|no point wasting time
|c|☆knexhawk2|thanks
|c|☆knexhawk2|ggs
|
|t:|1668104413
|switch|p2a: Exeggutor|Exeggutor, M|9/100
|-singleturn|p1a: Turtonator|move: Shell Trap
|move|p1a: Turtonator|Shell Trap||[still]
|cant|p1a: Turtonator|Shell Trap|Shell Trap
|
|-weather|Hail|[upkeep]
|-damage|p2a: Exeggutor|3/100|[from] Hail
|upkeep
|turn|40
|-message|FakStall forfeited.
|
|win|knexhawk2
|n|☆knexhawk2|knexhawk2
|n|☆FakStall|fakstall
|n|+moondazing|moondazing
|n| 7666657f|7666657f
|n| amstan (-_-)|amstan
|n| Lytir|lytir
|n| bagel coach20|bagelcoach20
|n| Holy peperoni|holypeperoni
|n| Udjejs|udjejs
|n| Highv0ltag3|highv0ltag3
|n| dedennedestroyer|dedennedestroyer
|n| luminarie|luminarie
|n| GengarAdept|gengaradept
|n| CommitStab|commitstab
|n| Adopted|adopted
|n| Xinttohn|xinttohn
