|j|☆Highv0ltag3
|j|☆HOF69
|t:|1652031801
|gametype|singles
|player|p1|Highv0ltag3|az|1757
|player|p2|HOF69|red|1963
|teamsize|p1|6
|teamsize|p2|6
|gen|8
|tier|[Gen 8] OU
|rated|
|rule|Sleep Clause Mod: Limit one foe put to sleep
|rule|Species Clause: Limit one of each Pokémon
|rule|OHKO Clause: OHKO moves are banned
|rule|Evasion Moves Clause: Evasion moves are banned
|rule|Endless Battle Clause: Forcing endless battles is banned
|rule|HP Percentage Mod: HP is shown in percentages
|rule|Dynamax Clause: You cannot dynamax
|clearpoke
|poke|p1|Tangrowth, F|
|poke|p1|Toxapex, F|
|poke|p1|Corviknight, M|
|poke|p1|Gastrodon, M|
|poke|p1|Blissey, F|
|poke|p1|Jirachi|
|poke|p2|Blacephalon|
|poke|p2|Gengar, M|
|poke|p2|Landorus-Therian, M|
|poke|p2|Krookodile, M|
|poke|p2|Tapu Lele|
|poke|p2|Kartana|
|teampreview
|j| kellion180
|
|t:|1652031879
|start
|switch|p1a: Fuck taunt|Blissey, F|100/100
|switch|p2a: Krookodile|Krookodile, M|100/100
|-ability|p2a: Krookodile|Intimidate|boost
|-unboost|p1a: Fuck taunt|atk|1
|turn|1
|
|t:|1652031884
|move|p2a: Krookodile|Taunt|p1a: Fuck taunt
|-start|p1a: Fuck taunt|move: Taunt
|cant|p1a: Fuck taunt|move: Taunt|Stealth Rock
|
|upkeep
|turn|2
|
|t:|1652031887
|switch|p1a: Dark resist|Tangrowth, F|100/100
|move|p2a: Krookodile|Stealth Rock|p1a: Dark resist
|-sidestart|p1: Highv0ltag3|move: Stealth Rock
|
|upkeep
|turn|3
|inactive|Battle timer is ON: inactive players will automatically lose when time's up. (requested by Highv0ltag3)
|j| amimec
|inactive|HOF69 has 120 seconds left.
|
|t:|1652031933
|move|p2a: Krookodile|Knock Off|p1a: Dark resist
|-damage|p1a: Dark resist|85/100
|move|p1a: Dark resist|Knock Off|p2a: Krookodile
|-resisted|p2a: Krookodile
|-damage|p2a: Krookodile|85/100
|-enditem|p2a: Krookodile|Focus Sash|[from] move: Knock Off|[of] p1a: Dark resist
|
|upkeep
|turn|4
|j| 50 at max
|inactive|Highv0ltag3 has 120 seconds left.
|
|t:|1652031964
|switch|p2a: Gengar|Gengar, M, shiny|100/100
|move|p1a: Dark resist|Giga Drain|p2a: Gengar
|-resisted|p2a: Gengar
|-damage|p2a: Gengar|76/100
|-heal|p1a: Dark resist|93/100|[from] drain|[of] p2a: Gengar
|
|upkeep
|turn|5
|
|t:|1652031973
|move|p2a: Gengar|Shadow Ball|p1a: Dark resist
|-damage|p1a: Dark resist|36/100
|move|p1a: Dark resist|Knock Off|p2a: Gengar
|-supereffective|p2a: Gengar
|-damage|p2a: Gengar|0 fnt
|-enditem|p2a: Gengar|Focus Sash|[from] move: Knock Off|[of] p1a: Dark resist
|faint|p2a: Gengar
|
|upkeep
|
|t:|1652031983
|switch|p2a: Blacephalon|Blacephalon|100/100
|turn|6
|l| 50 at max
|
|t:|1652031986
|switch|p1a: I'm also pink blob|Gastrodon, M|100/100
|-damage|p1a: I'm also pink blob|94/100|[from] Stealth Rock
|move|p2a: Blacephalon|Trick|p1a: I'm also pink blob
|-activate|p2a: Blacephalon|move: Trick|[of] p1a: I'm also pink blob
|-item|p1a: I'm also pink blob|Choice Scarf|[from] move: Trick
|-item|p2a: Blacephalon|Leftovers|[from] move: Trick
|
|upkeep
|turn|7
|
|t:|1652031996
|switch|p2a: Krookodile|Krookodile, M|85/100
|-ability|p2a: Krookodile|Intimidate|boost
|-unboost|p1a: I'm also pink blob|atk|1
|move|p1a: I'm also pink blob|Scald|p2a: Krookodile
|-supereffective|p2a: Krookodile
|-damage|p2a: Krookodile|14/100
|
|upkeep
|turn|8
|
|t:|1652032004
|switch|p1a: Dark resist|Tangrowth, F|69/100
|-damage|p1a: Dark resist|56/100|[from] Stealth Rock
|move|p2a: Krookodile|Earthquake|p1a: Dark resist
|-resisted|p1a: Dark resist
|-damage|p1a: Dark resist|43/100
|
|upkeep
|turn|9
|j| 50 at max
|
|t:|1652032013
|switch|p1a: Shed shell7%?|Corviknight, M|100/100
|-damage|p1a: Shed shell7%?|88/100|[from] Stealth Rock
|-ability|p1a: Shed shell7%?|Pressure
|move|p2a: Krookodile|Knock Off|p1a: Shed shell7%?
|-damage|p1a: Shed shell7%?|59/100
|-enditem|p1a: Shed shell7%?|Shed Shell|[from] move: Knock Off|[of] p2a: Krookodile
|
|upkeep
|turn|10
|
|t:|1652032016
|switch|p1a: Dark resist|Tangrowth, F|76/100
|-damage|p1a: Dark resist|64/100|[from] Stealth Rock
|move|p2a: Krookodile|Taunt|p1a: Dark resist
|-start|p1a: Dark resist|move: Taunt
|
|upkeep
|turn|11
|
|t:|1652032019
|move|p2a: Krookodile|Knock Off|p1a: Dark resist
|-damage|p1a: Dark resist|46/100
|move|p1a: Dark resist|Giga Drain|p2a: Krookodile
|-supereffective|p2a: Krookodile
|-crit|p2a: Krookodile
|-damage|p2a: Krookodile|0 fnt
|-heal|p1a: Dark resist|52/100|[from] drain|[of] p2a: Krookodile
|faint|p2a: Krookodile
|
|upkeep
|
|t:|1652032037
|switch|p2a: Blacephalon|Blacephalon|100/100
|turn|12
|n| DA COME UP|50atmax
|
|t:|1652032061
|switch|p1a: I'm also pink blob|Gastrodon, M|94/100
|-damage|p1a: I'm also pink blob|88/100|[from] Stealth Rock
|move|p2a: Blacephalon|Shadow Ball|p1a: I'm also pink blob
|-damage|p1a: I'm also pink blob|58/100
|
|upkeep
|turn|13
|
|t:|1652032071
|switch|p2a: Landorus|Landorus-Therian, M|100/100
|-ability|p2a: Landorus|Intimidate|boost
|-unboost|p1a: I'm also pink blob|atk|1
|move|p1a: I'm also pink blob|Scald|p2a: Landorus
|-supereffective|p2a: Landorus
|-damage|p2a: Landorus|72/100
|
|upkeep
|turn|14
|
|t:|1652032080
|switch|p1a: Fuck taunt|Blissey, F|100/100
|move|p2a: Landorus|U-turn|p1a: Fuck taunt
|-damage|p1a: Fuck taunt|77/100
|
|t:|1652032095
|switch|p2a: Blacephalon|Blacephalon|100/100|[from]move: U-turn
|
|upkeep
|turn|15
|
|t:|1652032099
|switch|p1a: Fuck tran|Toxapex, F|100/100
|-damage|p1a: Fuck tran|88/100|[from] Stealth Rock
|move|p2a: Blacephalon|Taunt|p1a: Fuck tran
|-start|p1a: Fuck tran|move: Taunt
|
|upkeep
|turn|16
|j| BabyPigsAreLaughin
|
|t:|1652032114
|switch|p2a: Landorus|Landorus-Therian, M|72/100
|-ability|p2a: Landorus|Intimidate|boost
|-unboost|p1a: Fuck tran|atk|1
|move|p1a: Fuck tran|Scald|p2a: Landorus
|-supereffective|p2a: Landorus
|-damage|p2a: Landorus|50/100
|
|upkeep
|turn|17
|inactive|Highv0ltag3 has 120 seconds left.
|
|t:|1652032146
|switch|p1a: I'm also pink blob|Gastrodon, M|58/100
|-damage|p1a: I'm also pink blob|52/100|[from] Stealth Rock
|move|p2a: Landorus|Earthquake|p1a: I'm also pink blob
|-damage|p1a: I'm also pink blob|0 fnt
|faint|p1a: I'm also pink blob
|
|upkeep
|inactive|Highv0ltag3 has 120 seconds left.
|
|t:|1652032162
|switch|p1a: Fuck taunt|Blissey, F|77/100
|turn|18
|
|t:|1652032168
|move|p2a: Landorus|Knock Off|p1a: Fuck taunt
|-damage|p1a: Fuck taunt|45/100
|-enditem|p1a: Fuck taunt|Heavy-Duty Boots|[from] move: Knock Off|[of] p2a: Landorus
|move|p1a: Fuck taunt|Stealth Rock|p2a: Landorus
|-sidestart|p2: HOF69|move: Stealth Rock
|
|upkeep
|turn|19
|
|t:|1652032181
|move|p2a: Landorus|Earthquake|p1a: Fuck taunt
|-damage|p1a: Fuck taunt|0 fnt
|faint|p1a: Fuck taunt
|
|upkeep
|inactive|Highv0ltag3 has 120 seconds left.
|c| DA COME UP|Wha
|
|t:|1652032203
|switch|p1a: Dark resist|Tangrowth, F|85/100
|-damage|p1a: Dark resist|73/100|[from] Stealth Rock
|turn|20
|
|t:|1652032215
|move|p2a: Landorus|U-turn|p1a: Dark resist
|-supereffective|p1a: Dark resist
|-damage|p1a: Dark resist|46/100
|c|☆Highv0ltag3|Blissey is just a sac in this situation
|
|t:|1652032237
|switch|p2a: Tapu Lele|Tapu Lele|100/100|[from]move: U-turn
|-damage|p2a: Tapu Lele|88/100|[from] Stealth Rock
|-fieldstart|move: Psychic Terrain|[from] ability: Psychic Surge|[of] p2a: Tapu Lele
|move|p1a: Dark resist|Giga Drain|p2a: Tapu Lele
|-damage|p2a: Tapu Lele|56/100
|-heal|p1a: Dark resist|57/100|[from] drain|[of] p2a: Tapu Lele
|
|upkeep
|turn|21
|c|☆Highv0ltag3|No point in letting him get uturn chip
|inactive|Highv0ltag3 has 120 seconds left.
|
|t:|1652032247
|switch|p1a: Lele broken man|Jirachi|100/100
|-damage|p1a: Lele broken man|94/100|[from] Stealth Rock
|move|p2a: Tapu Lele|Moonblast|p1a: Lele broken man
|-resisted|p1a: Lele broken man
|-damage|p1a: Lele broken man|80/100
|
|-heal|p1a: Lele broken man|86/100|[from] item: Leftovers
|upkeep
|turn|22
|c| DA COME UP|But the ghost is gonna go crazy
|
|t:|1652032258
|switch|p2a: Landorus|Landorus-Therian, M|50/100
|-damage|p2a: Landorus|37/100|[from] Stealth Rock
|-ability|p2a: Landorus|Intimidate|boost
|-unboost|p1a: Lele broken man|atk|1
|move|p1a: Lele broken man|U-turn|p2a: Landorus
|-resisted|p2a: Landorus
|-damage|p2a: Landorus|32/100
|c|☆Highv0ltag3|The ghost beats blissey
|inactive|Highv0ltag3 has 120 seconds left.
|
|t:|1652032271
|switch|p1a: Dark resist|Tangrowth, F|91/100|[from]move: U-turn
|-damage|p1a: Dark resist|78/100|[from] Stealth Rock
|
|upkeep
|turn|23
|
|t:|1652032275
|move|p2a: Landorus|U-turn|p1a: Dark resist
|-supereffective|p1a: Dark resist
|-damage|p1a: Dark resist|50/100
|
|t:|1652032277
|switch|p2a: Tapu Lele|Tapu Lele|56/100|[from]move: U-turn
|-damage|p2a: Tapu Lele|44/100|[from] Stealth Rock
|move|p1a: Dark resist|Giga Drain|p2a: Tapu Lele
|-damage|p2a: Tapu Lele|15/100
|-heal|p1a: Dark resist|59/100|[from] drain|[of] p2a: Tapu Lele
|
|upkeep
|turn|24
|c| DA COME UP|Oh ye it had taunt nvm
|c|☆Highv0ltag3|And Lando is defog
|c|☆Highv0ltag3|Even if he doubles to blaceph here I'm fine
|inactive|HOF69 has 120 seconds left.
|
|t:|1652032312
|switch|p2a: Kartana|Kartana|100/100
|-damage|p2a: Kartana|94/100|[from] Stealth Rock
|switch|p1a: Lele broken man|Jirachi|86/100
|-damage|p1a: Lele broken man|80/100|[from] Stealth Rock
|
|-heal|p1a: Lele broken man|86/100|[from] item: Leftovers
|-fieldend|move: Psychic Terrain
|upkeep
|turn|25
|
|t:|1652032314
|switch|p1a: Dark resist|Tangrowth, F|93/100
|-damage|p1a: Dark resist|80/100|[from] Stealth Rock
|move|p2a: Kartana|Swords Dance|p2a: Kartana
|-boost|p2a: Kartana|atk|2
|
|upkeep
|turn|26
|c|☆Highv0ltag3|It's all a matter of this 70% chance lol
|
|t:|1652032327
|move|p2a: Kartana|Sacred Sword|p1a: Dark resist
|-damage|p1a: Dark resist|37/100
|move|p1a: Dark resist|Focus Blast|p2a: Kartana
|-supereffective|p2a: Kartana
|-damage|p2a: Kartana|0 fnt
|faint|p2a: Kartana
|
|upkeep
|
|t:|1652032334
|switch|p2a: Blacephalon|Blacephalon|100/100
|-damage|p2a: Blacephalon|76/100|[from] Stealth Rock
|turn|27
|
|t:|1652032356
|switch|p1a: Fuck tran|Toxapex, F|100/100
|-damage|p1a: Fuck tran|88/100|[from] Stealth Rock
|move|p2a: Blacephalon|Shadow Ball|p1a: Fuck tran
|-damage|p1a: Fuck tran|52/100
|
|-heal|p2a: Blacephalon|82/100|[from] item: Leftovers
|upkeep
|turn|28
|inactive|Highv0ltag3 has 120 seconds left.
|
|t:|1652032382
|move|p2a: Blacephalon|Shadow Ball|p1a: Fuck tran
|-damage|p1a: Fuck tran|10/100
|move|p1a: Fuck tran|Recover|p1a: Fuck tran
|-heal|p1a: Fuck tran|60/100
|
|-heal|p2a: Blacephalon|88/100|[from] item: Leftovers
|upkeep
|turn|29
|inactive|Highv0ltag3 has 120 seconds left.
|
|t:|1652032397
|move|p2a: Blacephalon|Shadow Ball|p1a: Fuck tran
|-damage|p1a: Fuck tran|23/100
|-unboost|p1a: Fuck tran|spd|1
|move|p1a: Fuck tran|Recover|p1a: Fuck tran
|-heal|p1a: Fuck tran|73/100
|
|-heal|p2a: Blacephalon|94/100|[from] item: Leftovers
|upkeep
|turn|30
|inactive|Highv0ltag3 has 120 seconds left.
|
|t:|1652032411
|move|p2a: Blacephalon|Shadow Ball|p1a: Fuck tran
|-damage|p1a: Fuck tran|17/100
|move|p1a: Fuck tran|Toxic|p2a: Blacephalon
|-status|p2a: Blacephalon|tox
|
|-heal|p2a: Blacephalon|99/100 tox|[from] item: Leftovers
|-damage|p2a: Blacephalon|94/100 tox|[from] psn
|upkeep
|turn|31
|inactive|Highv0ltag3 has 120 seconds left.
|
|t:|1652032417
|switch|p1a: Dark resist|Tangrowth, F|70/100
|-damage|p1a: Dark resist|58/100|[from] Stealth Rock
|move|p2a: Blacephalon|Shadow Ball|p1a: Dark resist
|-damage|p1a: Dark resist|0 fnt
|faint|p1a: Dark resist
|-ability|p2a: Blacephalon|Beast Boost|boost
|-boost|p2a: Blacephalon|spa|1
|
|-heal|p2a: Blacephalon|99/100 tox|[from] item: Leftovers
|-damage|p2a: Blacephalon|88/100 tox|[from] psn
|upkeep
|inactive|Highv0ltag3 has 120 seconds left.
|
|t:|1652032422
|switch|p1a: Lele broken man|Jirachi|86/100
|-damage|p1a: Lele broken man|80/100|[from] Stealth Rock
|turn|32
|
|t:|1652032430
|move|p1a: Lele broken man|Protect|p1a: Lele broken man
|-singleturn|p1a: Lele broken man|Protect
|move|p2a: Blacephalon|Shadow Ball|p1a: Lele broken man
|-activate|p1a: Lele broken man|move: Protect
|
|-heal|p2a: Blacephalon|94/100 tox|[from] item: Leftovers
|-heal|p1a: Lele broken man|86/100|[from] item: Leftovers
|-damage|p2a: Blacephalon|76/100 tox|[from] psn
|upkeep
|turn|33
|
|t:|1652032444
|switch|p1a: Fuck tran|Toxapex, F|50/100
|-damage|p1a: Fuck tran|37/100|[from] Stealth Rock
|move|p2a: Blacephalon|Shadow Ball|p1a: Fuck tran
|-damage|p1a: Fuck tran|0 fnt
|faint|p1a: Fuck tran
|-ability|p2a: Blacephalon|Beast Boost|boost
|-boost|p2a: Blacephalon|spa|1
|
|-heal|p2a: Blacephalon|82/100 tox|[from] item: Leftovers
|-damage|p2a: Blacephalon|58/100 tox|[from] psn
|upkeep
|
|t:|1652032446
|switch|p1a: Lele broken man|Jirachi|86/100
|-damage|p1a: Lele broken man|80/100|[from] Stealth Rock
|turn|34
|
|t:|1652032449
|move|p1a: Lele broken man|Protect|p1a: Lele broken man
|-singleturn|p1a: Lele broken man|Protect
|move|p2a: Blacephalon|Flamethrower|p1a: Lele broken man
|-activate|p1a: Lele broken man|move: Protect
|
|-heal|p2a: Blacephalon|64/100 tox|[from] item: Leftovers
|-heal|p1a: Lele broken man|86/100|[from] item: Leftovers
|-damage|p2a: Blacephalon|33/100 tox|[from] psn
|upkeep
|turn|35
|
|t:|1652032459
|switch|p1a: Shed shell7%?|Corviknight, M|59/100
|-damage|p1a: Shed shell7%?|46/100|[from] Stealth Rock
|-ability|p1a: Shed shell7%?|Pressure
|move|p2a: Blacephalon|Flamethrower|p1a: Shed shell7%?
|-supereffective|p1a: Shed shell7%?
|-damage|p1a: Shed shell7%?|0 fnt
|faint|p1a: Shed shell7%?
|-ability|p2a: Blacephalon|Beast Boost|boost
|-boost|p2a: Blacephalon|spa|1
|
|-heal|p2a: Blacephalon|39/100 tox|[from] item: Leftovers
|-damage|p2a: Blacephalon|3/100 tox|[from] psn
|upkeep
|
|t:|1652032460
|switch|p1a: Lele broken man|Jirachi|86/100
|-damage|p1a: Lele broken man|80/100|[from] Stealth Rock
|turn|36
|
|t:|1652032465
|move|p1a: Lele broken man|Protect|p1a: Lele broken man
|-singleturn|p1a: Lele broken man|Protect
|move|p2a: Blacephalon|Flamethrower|p1a: Lele broken man
|-activate|p1a: Lele broken man|move: Protect
|
|-heal|p2a: Blacephalon|9/100 tox|[from] item: Leftovers
|-heal|p1a: Lele broken man|86/100|[from] item: Leftovers
|-damage|p2a: Blacephalon|0 fnt|[from] psn
|faint|p2a: Blacephalon
|upkeep
|
|t:|1652032467
|switch|p2a: Landorus|Landorus-Therian, M|32/100
|-damage|p2a: Landorus|20/100|[from] Stealth Rock
|-ability|p2a: Landorus|Intimidate|boost
|-unboost|p1a: Lele broken man|atk|1
|turn|37
|
|t:|1652032473
|move|p1a: Lele broken man|Iron Head|p2a: Landorus
|-damage|p2a: Landorus|1/100
|move|p2a: Landorus|Earthquake|p1a: Lele broken man
|-supereffective|p1a: Lele broken man
|-damage|p1a: Lele broken man|3/100
|
|-heal|p1a: Lele broken man|9/100|[from] item: Leftovers
|upkeep
|turn|38
|c|☆Highv0ltag3|Shit
|c| DA COME UP|Aw
|
|t:|1652032489
|move|p1a: Lele broken man|Protect|p1a: Lele broken man
|-singleturn|p1a: Lele broken man|Protect
|move|p2a: Landorus|Earthquake|p1a: Lele broken man
|-activate|p1a: Lele broken man|move: Protect
|
|-heal|p1a: Lele broken man|15/100|[from] item: Leftovers
|upkeep
|turn|39
|
|t:|1652032495
|move|p1a: Lele broken man|Iron Head|p2a: Landorus
|-damage|p2a: Landorus|0 fnt
|faint|p2a: Landorus
|
|-heal|p1a: Lele broken man|21/100|[from] item: Leftovers
|upkeep
|
|t:|1652032497
|switch|p2a: Tapu Lele|Tapu Lele|15/100
|-damage|p2a: Tapu Lele|3/100|[from] Stealth Rock
|-fieldstart|move: Psychic Terrain|[from] ability: Psychic Surge|[of] p2a: Tapu Lele
|turn|40
|
|t:|1652032502
|move|p1a: Lele broken man|Protect|p1a: Lele broken man
|-singleturn|p1a: Lele broken man|Protect
|move|p2a: Tapu Lele|Focus Blast|p1a: Lele broken man
|-activate|p1a: Lele broken man|move: Protect
|
|-heal|p1a: Lele broken man|27/100|[from] item: Leftovers
|upkeep
|turn|41
|c|☆Highv0ltag3|I need to Calc this
|inactive|Highv0ltag3 has 120 seconds left.
|c| DA COME UP|Dawg hope for the miss
|c|☆Highv0ltag3|Depending on him being scarf of focus blast the odds are different
|c|☆Highv0ltag3|Nah
|c|☆Highv0ltag3|If he's scarf I need to go for double tect
|inactive|Highv0ltag3 has 90 seconds left.
|c|☆Highv0ltag3|He is scarf
|c|☆Highv0ltag3|Wait does this even kill
|c| DA COME UP|Oh boy
|c| DA COME UP|Idk
|c| DA COME UP|Calc?
|inactive|Highv0ltag3 has 60 seconds left.
|
|t:|1652032596
|move|p1a: Lele broken man|Protect||[still]
|-fail|p1a: Lele broken man
|move|p2a: Tapu Lele|Focus Blast|p1a: Lele broken man|[miss]
|-miss|p2a: Tapu Lele|p1a: Lele broken man
|
|-heal|p1a: Lele broken man|34/100|[from] item: Leftovers
|upkeep
|turn|42
|c|☆Highv0ltag3|Lol
|inactive|Highv0ltag3 has 60 seconds left.
|c| DA COME UP|Blessed
|c|☆Highv0ltag3|We will never know
|
|t:|1652032610
|move|p1a: Lele broken man|Protect|p1a: Lele broken man
|-singleturn|p1a: Lele broken man|Protect
|move|p2a: Tapu Lele|Focus Blast|p1a: Lele broken man
|-activate|p1a: Lele broken man|move: Protect
|
|-heal|p1a: Lele broken man|40/100|[from] item: Leftovers
|upkeep
|turn|43
|
|t:|1652032615
|move|p2a: Tapu Lele|Focus Blast|p1a: Lele broken man
|-damage|p1a: Lele broken man|15/100
|move|p1a: Lele broken man|Iron Head|p2a: Tapu Lele
|-supereffective|p2a: Tapu Lele
|-damage|p2a: Tapu Lele|0 fnt
|faint|p2a: Tapu Lele
|
|win|Highv0ltag3
|raw|Highv0ltag3's rating: 1757 &rarr; <strong>1788</strong><br />(+31 for winning)
|raw|HOF69's rating: 1963 &rarr; <strong>1932</strong><br />(-31 for losing)
|l|☆HOF69
|c|☆Highv0ltag3|Close game
|c| DA COME UP|Fr fr
|l|☆Highv0ltag3
