|j|☆user1_ou
|j|☆Prethia v2
|t:|1604162291
|player|p1|user1_ou|eusine|1812
|player|p2|Prethia v2|101|1861
|teamsize|p1|6
|teamsize|p2|6
|gametype|singles
|gen|8
|tier|[Gen 8] OU
|rated|
|clearpoke
|poke|p1|Toxapex, F|
|poke|p1|Latias, F|
|poke|p1|Heatran, M|
|poke|p1|Zygarde|
|poke|p1|Buzzwole|
|poke|p1|Tapu Lele|
|poke|p2|Klefki, M|
|poke|p2|Landorus, M|
|poke|p2|Magearna|
|poke|p2|Kyurem-Black|
|poke|p2|Grimmsnarl, M|
|poke|p2|Diggersby, M|
|rule|Sleep Clause Mod: Limit one foe put to sleep
|rule|Species Clause: Limit one of each Pokémon
|rule|OHKO Clause: OHKO moves are banned
|rule|Evasion Moves Clause: Evasion moves are banned
|rule|Endless Battle Clause: Forcing endless battles is banned
|rule|HP Percentage Mod: HP is shown in percentages
|rule|Dynamax Clause: You cannot dynamax
|teampreview
|j| I'M AT MY LIMIT!
|inactive|Battle timer is ON: inactive players will automatically lose when time's up. (requested by Prethia v2)
|
|t:|1604162307
|start
|switch|p1a: Heatran|Heatran, M|100/100
|switch|p2a: Grimmsnarl|Grimmsnarl, M|100/100
|turn|1
|
|t:|1604162311
|move|p2a: Grimmsnarl|Light Screen|p2a: Grimmsnarl
|-sidestart|p2: Prethia v2|move: Light Screen
|move|p1a: Heatran|Magma Storm|p2a: Grimmsnarl
|-damage|p2a: Grimmsnarl|75/100
|-activate|p2a: Grimmsnarl|move: Magma Storm|[of] p1a: Heatran
|
|-damage|p2a: Grimmsnarl|63/100|[from] move: Magma Storm|[partiallytrapped]
|upkeep
|turn|2
|
|t:|1604162314
|move|p1a: Heatran|Taunt|p2a: Grimmsnarl
|-start|p2a: Grimmsnarl|move: Taunt
|move|p2a: Grimmsnarl|Spirit Break|p1a: Heatran
|-resisted|p1a: Heatran
|-damage|p1a: Heatran|92/100
|-unboost|p1a: Heatran|spa|1
|
|-heal|p1a: Heatran|99/100|[from] item: Leftovers
|-damage|p2a: Grimmsnarl|50/100|[from] move: Magma Storm|[partiallytrapped]
|upkeep
|turn|3
|
|t:|1604162318
|move|p1a: Heatran|Stealth Rock|p2a: Grimmsnarl
|-sidestart|p2: Prethia v2|move: Stealth Rock
|move|p2a: Grimmsnarl|Spirit Break|p1a: Heatran
|-resisted|p1a: Heatran
|-damage|p1a: Heatran|90/100
|-unboost|p1a: Heatran|spa|1
|
|-heal|p1a: Heatran|96/100|[from] item: Leftovers
|-damage|p2a: Grimmsnarl|38/100|[from] move: Magma Storm|[partiallytrapped]
|upkeep
|turn|4
|j| sunshipshrimp
|
|t:|1604162328
|move|p1a: Heatran|Earth Power|p2a: Grimmsnarl
|-damage|p2a: Grimmsnarl|31/100
|move|p2a: Grimmsnarl|Spirit Break|p1a: Heatran
|-resisted|p1a: Heatran
|-damage|p1a: Heatran|87/100
|-unboost|p1a: Heatran|spa|1
|
|-heal|p1a: Heatran|93/100|[from] item: Leftovers
|-damage|p2a: Grimmsnarl|19/100|[from] move: Magma Storm|[partiallytrapped]
|-end|p2a: Grimmsnarl|move: Taunt
|upkeep
|turn|5
|j| Boi 240
|
|t:|1604162334
|move|p2a: Grimmsnarl|Reflect|p2a: Grimmsnarl
|-sidestart|p2: Prethia v2|Reflect
|move|p1a: Heatran|Earth Power|p2a: Grimmsnarl
|-damage|p2a: Grimmsnarl|13/100
|
|-heal|p1a: Heatran|99/100|[from] item: Leftovers
|-end|p2a: Grimmsnarl|Magma Storm|[partiallytrapped]
|upkeep
|turn|6
|j| drivance
|
|t:|1604162340
|move|p2a: Grimmsnarl|Taunt|p1a: Heatran
|-start|p1a: Heatran|move: Taunt
|cant|p1a: Heatran|move: Taunt|Taunt
|
|-heal|p1a: Heatran|100/100|[from] item: Leftovers
|upkeep
|turn|7
|
|t:|1604162345
|switch|p2a: Kyurem|Kyurem-Black|100/100
|-ability|p2a: Kyurem|Teravolt
|move|p1a: Heatran|Earth Power|p2a: Kyurem
|-damage|p2a: Kyurem|95/100
|
|upkeep
|turn|8
|
|t:|1604162348
|switch|p1a: Buzzwole|Buzzwole|100/100
|move|p2a: Kyurem|Dragon Dance|p2a: Kyurem
|-boost|p2a: Kyurem|atk|1
|-boost|p2a: Kyurem|spe|1
|
|-sideend|p2: Prethia v2|move: Light Screen
|upkeep
|turn|9
|
|t:|1604162360
|move|p2a: Kyurem|Dragon Dance|p2a: Kyurem
|-boost|p2a: Kyurem|atk|1
|-boost|p2a: Kyurem|spe|1
|move|p1a: Buzzwole|Bulk Up|p1a: Buzzwole
|-boost|p1a: Buzzwole|atk|1
|-boost|p1a: Buzzwole|def|1
|
|upkeep
|turn|10
|
|t:|1604162364
|move|p2a: Kyurem|Icicle Spear|p1a: Buzzwole
|-damage|p1a: Buzzwole|90/100
|-damage|p1a: Buzzwole|80/100
|-damage|p1a: Buzzwole|69/100
|-damage|p1a: Buzzwole|59/100
|-damage|p1a: Buzzwole|49/100
|-hitcount|p1a: Buzzwole|5
|move|p1a: Buzzwole|Bulk Up|p1a: Buzzwole
|-boost|p1a: Buzzwole|atk|1
|-boost|p1a: Buzzwole|def|1
|
|upkeep
|turn|11
|j| Asiansquidward
|
|t:|1604162386
|switch|p2a: Magearna|Magearna|100/100
|-damage|p2a: Magearna|94/100|[from] Stealth Rock
|move|p1a: Buzzwole|Roost|p1a: Buzzwole
|-heal|p1a: Buzzwole|99/100
|-singleturn|p1a: Buzzwole|move: Roost
|
|-heal|p2a: Magearna|100/100|[from] item: Leftovers
|upkeep
|turn|12
|
|t:|1604162390
|switch|p1a: Heatran|Heatran, M|100/100
|move|p2a: Magearna|Iron Defense|p2a: Magearna
|-boost|p2a: Magearna|def|2
|
|-sideend|p2: Prethia v2|Reflect
|upkeep
|turn|13
|
|t:|1604162396
|switch|p2a: Diggersby|Diggersby, M|100/100
|-damage|p2a: Diggersby|94/100|[from] Stealth Rock
|move|p1a: Heatran|Taunt|p2a: Diggersby
|-start|p2a: Diggersby|move: Taunt
|
|upkeep
|turn|14
|
|t:|1604162400
|switch|p1a: Buzzwole|Buzzwole|99/100
|move|p2a: Diggersby|Earthquake|p1a: Buzzwole
|-resisted|p1a: Buzzwole
|-damage|p1a: Buzzwole|83/100
|
|upkeep
|turn|15
|
|t:|1604162409
|switch|p2a: Klefki|Klefki, M|100/100
|-damage|p2a: Klefki|95/100|[from] Stealth Rock
|move|p1a: Buzzwole|Drain Punch|p2a: Klefki
|-damage|p2a: Klefki|66/100
|-heal|p1a: Buzzwole|94/100|[from] drain|[of] p2a: Klefki
|
|upkeep
|turn|16
|
|t:|1604162421
|switch|p1a: Toxapex|Toxapex, F|100/100
|move|p2a: Klefki|Thunder Wave|p1a: Toxapex
|-status|p1a: Toxapex|par
|
|upkeep
|turn|17
|
|t:|1604162426
|move|p2a: Klefki|Light Screen|p2a: Klefki
|-sidestart|p2: Prethia v2|move: Light Screen
|move|p1a: Toxapex|Toxic Spikes|p2a: Klefki
|-sidestart|p2: Prethia v2|move: Toxic Spikes
|
|upkeep
|turn|18
|
|t:|1604162430
|move|p2a: Klefki|Reflect|p2a: Klefki
|-sidestart|p2: Prethia v2|Reflect
|move|p1a: Toxapex|Scald|p2a: Klefki
|-damage|p2a: Klefki|55/100
|-status|p2a: Klefki|brn
|
|-damage|p2a: Klefki|49/100 brn|[from] brn
|upkeep
|turn|19
|
|t:|1604162435
|move|p2a: Klefki|Steel Beam|p1a: Toxapex
|-resisted|p1a: Toxapex
|-damage|p1a: Toxapex|84/100 par
|-damage|p2a: Klefki|0 fnt|[from] mindblown
|faint|p2a: Klefki
|move|p1a: Toxapex|Scald|p2: Klefki|[notarget]
|-fail|p1a: Toxapex
|
|upkeep
|j| Percquake
|c| sunshipshrimp|bulky boy
|c| Asiansquidward|monkey man;
|
|t:|1604162449
|switch|p2a: Landorus|Landorus, M|100/100
|-damage|p2a: Landorus|88/100|[from] Stealth Rock
|turn|20
|c| sunshipshrimp|lmfao
|
|t:|1604162452
|switch|p1a: Latias|Latias, F|100/100
|move|p2a: Landorus|Calm Mind|p2a: Landorus
|-boost|p2a: Landorus|spa|1
|-boost|p2a: Landorus|spd|1
|
|upkeep
|turn|21
|
|t:|1604162457
|move|p1a: Latias|Ice Beam|p2a: Landorus
|-supereffective|p2a: Landorus
|-damage|p2a: Landorus|39/100
|move|p2a: Landorus|Gravity|p2a: Landorus
|-fieldstart|move: Gravity
|
|upkeep
|turn|22
|c| sunshipshrimp|YEESH
|
|t:|1604162464
|move|p1a: Latias|Ice Beam|p2a: Landorus
|-supereffective|p2a: Landorus
|-damage|p2a: Landorus|0 fnt
|faint|p2a: Landorus
|
|upkeep
|c|☆Prethia v2|sht
|c|☆Prethia v2|bg
|c| sunshipshrimp|wow
|c|☆Prethia v2|buzwole + heatran lterally counters everything in tier
|
|t:|1604162491
|switch|p2a: Kyurem|Kyurem-Black|95/100
|-ability|p2a: Kyurem|Teravolt
|turn|23
|
|t:|1604162493
|switch|p1a: Buzzwole|Buzzwole|94/100
|move|p2a: Kyurem|Dragon Dance|p2a: Kyurem
|-boost|p2a: Kyurem|atk|1
|-boost|p2a: Kyurem|spe|1
|
|upkeep
|turn|24
|
|t:|1604162512
|move|p2a: Kyurem|Icicle Spear|p1a: Buzzwole
|-damage|p1a: Buzzwole|81/100
|-damage|p1a: Buzzwole|69/100
|-damage|p1a: Buzzwole|57/100
|-damage|p1a: Buzzwole|46/100
|-damage|p1a: Buzzwole|33/100
|-hitcount|p1a: Buzzwole|5
|move|p1a: Buzzwole|Bulk Up|p1a: Buzzwole
|-boost|p1a: Buzzwole|atk|1
|-boost|p1a: Buzzwole|def|1
|
|-sideend|p2: Prethia v2|move: Light Screen
|upkeep
|turn|25
|
|t:|1604162520
|move|p2a: Kyurem|Icicle Spear|p1a: Buzzwole
|-damage|p1a: Buzzwole|25/100
|-damage|p1a: Buzzwole|17/100
|-damage|p1a: Buzzwole|8/100
|-hitcount|p1a: Buzzwole|3
|move|p1a: Buzzwole|Roost|p1a: Buzzwole
|-heal|p1a: Buzzwole|58/100
|-singleturn|p1a: Buzzwole|move: Roost
|
|-sideend|p2: Prethia v2|Reflect
|-fieldend|move: Gravity
|upkeep
|turn|26
|
|t:|1604162527
|move|p2a: Kyurem|Dragon Dance|p2a: Kyurem
|-boost|p2a: Kyurem|atk|1
|-boost|p2a: Kyurem|spe|1
|move|p1a: Buzzwole|Drain Punch|p2a: Kyurem
|-supereffective|p2a: Kyurem
|-damage|p2a: Kyurem|11/100
|-heal|p1a: Buzzwole|97/100|[from] drain|[of] p2a: Kyurem
|
|upkeep
|turn|27
|c| sunshipshrimp|womp
|
|t:|1604162532
|move|p2a: Kyurem|Fusion Bolt|p1a: Buzzwole
|-damage|p1a: Buzzwole|71/100
|move|p1a: Buzzwole|Drain Punch|p2a: Kyurem
|-supereffective|p2a: Kyurem
|-damage|p2a: Kyurem|0 fnt
|-heal|p1a: Buzzwole|76/100|[from] drain|[of] p2a: Kyurem
|faint|p2a: Kyurem
|-ability|p1a: Buzzwole|Beast Boost|boost
|-boost|p1a: Buzzwole|def|1
|
|upkeep
|
|t:|1604162537
|switch|p2a: Diggersby|Diggersby, M|94/100
|-status|p2a: Diggersby|psn
|-damage|p2a: Diggersby|88/100 psn|[from] Stealth Rock
|turn|28
|
|t:|1604162540
|move|p2a: Diggersby|Swords Dance|p2a: Diggersby
|-boost|p2a: Diggersby|atk|2
|move|p1a: Buzzwole|Drain Punch|p2a: Diggersby
|-supereffective|p2a: Diggersby
|-damage|p2a: Diggersby|0 fnt
|-heal|p1a: Buzzwole|100/100|[from] drain|[of] p2a: Diggersby
|faint|p2a: Diggersby
|-ability|p1a: Buzzwole|Beast Boost|boost
|-boost|p1a: Buzzwole|def|1
|
|upkeep
|-message|Prethia v2 forfeited.
|
|win|user1_ou
|l|☆Prethia v2
|l|☆user1_ou
||Ladder (probably) updated, but score could not be retrieved (Request timeout).
|l| Percquake
|j| nakkabba
|l| I'M AT MY LIMIT!
|j| Ikxkciuxjxjjxx
|l| sunshipshrimp
