|j|☆hqstest
|j|☆Elite4Donovan
|t:|1664752407
|gametype|singles
|player|p1|hqstest|veteranf|1579
|player|p2|Elite4Donovan|lucas|1609
|teamsize|p1|6
|teamsize|p2|6
|gen|8
|tier|[Gen 8] OU
|rated|
|rule|Sleep Clause Mod: Limit one foe put to sleep
|rule|Species Clause: Limit one of each Pokémon
|rule|OHKO Clause: OHKO moves are banned
|rule|Evasion Items Clause: Evasion items are banned
|rule|Evasion Moves Clause: Evasion moves are banned
|rule|Endless Battle Clause: Forcing endless battles is banned
|rule|HP Percentage Mod: HP is shown in percentages
|rule|Dynamax Clause: You cannot dynamax
|clearpoke
|poke|p1|Terrakion|
|poke|p1|Mew|
|poke|p1|Weavile, F|
|poke|p1|Blaziken, F|
|poke|p1|Tapu Koko|
|poke|p1|Dragonite, F|
|poke|p2|Stonjourner, M|
|poke|p2|Heatran, F|
|poke|p2|Toxapex, F|
|poke|p2|Landorus-Therian, M|
|poke|p2|Dragapult, F|
|poke|p2|Bisharp, M|
|teampreview
|
|t:|1664752415
|start
|switch|p1a: Terrakion|Terrakion|100/100
|switch|p2a: Bisharp|Bisharp, M|100/100
|turn|1
|
|t:|1664752423
|switch|p2a: Dragapult|Dragapult, F|100/100
|move|p1a: Terrakion|Stealth Rock|p2a: Dragapult
|-sidestart|p2: Elite4Donovan|move: Stealth Rock
|
|upkeep
|turn|2
|
|t:|1664752426
|move|p2a: Dragapult|Shadow Ball|p1a: Terrakion
|-damage|p1a: Terrakion|39/100
|-unboost|p1a: Terrakion|spd|1
|move|p1a: Terrakion|Rock Tomb|p2a: Dragapult
|-damage|p2a: Dragapult|56/100
|-unboost|p2a: Dragapult|spe|1
|
|upkeep
|turn|3
|
|t:|1664752434
|switch|p2a: Landorus|Landorus-Therian, M|100/100
|-damage|p2a: Landorus|88/100|[from] Stealth Rock
|-ability|p2a: Landorus|Intimidate|boost
|-unboost|p1a: Terrakion|atk|1
|move|p1a: Terrakion|Rock Tomb|p2a: Landorus
|-crit|p2a: Landorus
|-damage|p2a: Landorus|41/100
|-unboost|p2a: Landorus|spe|1
|
|-heal|p2a: Landorus|47/100|[from] item: Leftovers
|upkeep
|turn|4
|
|t:|1664752438
|move|p1a: Terrakion|Taunt|p2a: Landorus
|-start|p2a: Landorus|move: Taunt
|move|p2a: Landorus|U-turn|p1a: Terrakion
|-resisted|p1a: Terrakion
|-damage|p1a: Terrakion|26/100
|
|t:|1664752442
|switch|p2a: Stonjourner|Stonjourner, M|100/100|[from]move: U-turn
|-damage|p2a: Stonjourner|88/100|[from] Stealth Rock
|
|upkeep
|turn|5
|
|t:|1664752446
|switch|p2a: Toxapex|Toxapex, F|100/100
|-damage|p2a: Toxapex|88/100|[from] Stealth Rock
|move|p1a: Terrakion|Taunt|p2a: Toxapex
|-start|p2a: Toxapex|move: Taunt
|
|upkeep
|turn|6
|
|t:|1664752453
|switch|p2a: Landorus|Landorus-Therian, M|47/100
|-damage|p2a: Landorus|35/100|[from] Stealth Rock
|-ability|p2a: Landorus|Intimidate|boost
|-unboost|p1a: Terrakion|atk|1
|move|p1a: Terrakion|Rock Tomb|p2a: Landorus|[miss]
|-miss|p1a: Terrakion|p2a: Landorus
|
|-heal|p2a: Landorus|41/100|[from] item: Leftovers
|upkeep
|turn|7
|
|t:|1664752459
|move|p1a: Terrakion|Taunt|p2a: Landorus
|-start|p2a: Landorus|move: Taunt
|move|p2a: Landorus|U-turn|p1a: Terrakion
|-resisted|p1a: Terrakion
|-damage|p1a: Terrakion|14/100
|
|t:|1664752461
|switch|p2a: Stonjourner|Stonjourner, M|88/100|[from]move: U-turn
|-damage|p2a: Stonjourner|76/100|[from] Stealth Rock
|
|upkeep
|turn|8
|
|t:|1664752467
|move|p2a: Stonjourner|Stone Edge|p1a: Terrakion
|-resisted|p1a: Terrakion
|-damage|p1a: Terrakion|0 fnt
|faint|p1a: Terrakion
|
|upkeep
|
|t:|1664752477
|switch|p1a: Mew|Mew|100/100
|turn|9
|
|t:|1664752481
|move|p2a: Stonjourner|Stone Edge|p1a: Mew
|-damage|p1a: Mew|56/100
|move|p1a: Mew|Spikes|p2a: Stonjourner
|-sidestart|p2: Elite4Donovan|Spikes
|
|upkeep
|turn|10
|
|t:|1664752487
|move|p2a: Stonjourner|Stone Edge|p1a: Mew|[miss]
|-miss|p2a: Stonjourner|p1a: Mew
|move|p1a: Mew|Thunder Wave|p2a: Stonjourner
|-status|p2a: Stonjourner|par
|
|upkeep
|turn|11
|
|t:|1664752501
|switch|p2a: Dragapult|Dragapult, F|56/100
|-damage|p2a: Dragapult|43/100|[from] Stealth Rock
|-damage|p2a: Dragapult|31/100|[from] Spikes
|move|p1a: Mew|Spikes|p2a: Dragapult
|-sidestart|p2: Elite4Donovan|Spikes
|
|upkeep
|turn|12
|
|t:|1664752508
|move|p2a: Dragapult|Shadow Ball|p1a: Mew
|-supereffective|p1a: Mew
|-damage|p1a: Mew|0 fnt
|faint|p1a: Mew
|
|upkeep
|
|t:|1664752512
|switch|p1a: Weavile|Weavile, F|100/100
|-ability|p1a: Weavile|Pressure
|turn|13
|
|t:|1664752516
|switch|p2a: Toxapex|Toxapex, F|100/100
|-damage|p2a: Toxapex|88/100|[from] Stealth Rock
|-damage|p2a: Toxapex|72/100|[from] Spikes
|move|p1a: Weavile|Swords Dance|p1a: Weavile
|-boost|p1a: Weavile|atk|2
|
|upkeep
|turn|14
|
|t:|1664752519
|move|p1a: Weavile|Knock Off|p2a: Toxapex
|-damage|p2a: Toxapex|0 fnt
|-damage|p1a: Weavile|84/100|[from] item: Rocky Helmet|[of] p2a: Toxapex
|-enditem|p2a: Toxapex|Rocky Helmet|[from] move: Knock Off|[of] p1a: Weavile
|faint|p2a: Toxapex
|-damage|p1a: Weavile|74/100|[from] item: Life Orb
|
|upkeep
|
|t:|1664752523
|switch|p2a: Bisharp|Bisharp, M|100/100
|-damage|p2a: Bisharp|95/100|[from] Stealth Rock
|-damage|p2a: Bisharp|78/100|[from] Spikes
|turn|15
|
|t:|1664752526
|move|p1a: Weavile|Triple Axel|p2a: Bisharp
|-resisted|p2a: Bisharp
|-damage|p2a: Bisharp|61/100
|-resisted|p2a: Bisharp
|-damage|p2a: Bisharp|26/100
|-resisted|p2a: Bisharp
|-damage|p2a: Bisharp|0 fnt
|faint|p2a: Bisharp
|-hitcount|p2: Bisharp|3
|-damage|p1a: Weavile|64/100|[from] item: Life Orb
|
|upkeep
|c|☆Elite4Donovan|gg
|-message|Elite4Donovan forfeited.
|
|win|hqstest
|raw|hqstest's rating: 1579 &rarr; <strong>1601</strong><br />(+22 for winning)
|raw|Elite4Donovan's rating: 1609 &rarr; <strong>1587</strong><br />(-22 for losing)
|l|☆Elite4Donovan
||Ladder isn't responding, score probably updated but might not have (Request timeout).
