|j|☆Shotintheheart
|j|☆CoconutCrabs
|t:|1665101880
|gametype|singles
|player|p1|Shotintheheart|linebacker|1851
|player|p2|CoconutCrabs|170|1811
|teamsize|p1|6
|teamsize|p2|6
|gen|8
|tier|[Gen 8] OU
|rated|
|rule|Sleep Clause Mod: Limit one foe put to sleep
|rule|Species Clause: Limit one of each Pokémon
|rule|OHKO Clause: OHKO moves are banned
|rule|Evasion Items Clause: Evasion items are banned
|rule|Evasion Moves Clause: Evasion moves are banned
|rule|Endless Battle Clause: Forcing endless battles is banned
|rule|HP Percentage Mod: HP is shown in percentages
|rule|Dynamax Clause: You cannot dynamax
|clearpoke
|poke|p1|Rillaboom, M|
|poke|p1|Zapdos|
|poke|p1|Obstagoon, M|
|poke|p1|Tapu Fini|
|poke|p1|Heatran, M|
|poke|p1|Swampert, F|
|poke|p2|Heatran, M|
|poke|p2|Excadrill, M|
|poke|p2|Tornadus-Therian, M|
|poke|p2|Toxapex, M|
|poke|p2|Tangrowth, F|
|poke|p2|Tyranitar, M|
|teampreview
|inactive|Battle timer is ON: inactive players will automatically lose when time's up. (requested by CoconutCrabs)
|j| Cyberacc
|inactive|CoconutCrabs has 120 seconds left.
|
|t:|1665101920
|start
|switch|p1a: Zapdos|Zapdos|100/100
|switch|p2a: Tornadus|Tornadus-Therian, M|100/100
|turn|1
|
|t:|1665101926
|switch|p2a: Excadrill|Excadrill, M|100/100
|move|p1a: Zapdos|Volt Switch|p2a: Excadrill
|-immune|p2a: Excadrill
|
|upkeep
|turn|2
|
|t:|1665101933
|switch|p2a: Tyranitar|Tyranitar, M|100/100
|-weather|Sandstorm|[from] ability: Sand Stream|[of] p2a: Tyranitar
|move|p1a: Zapdos|Volt Switch|p2a: Tyranitar
|-damage|p2a: Tyranitar|88/100
|
|t:|1665101939
|switch|p1a: Swampert|Swampert, F|100/100|[from]move: Volt Switch
|
|-weather|Sandstorm|[upkeep]
|-heal|p2a: Tyranitar|94/100|[from] item: Leftovers
|upkeep
|turn|3
|
|t:|1665101945
|move|p2a: Tyranitar|Stealth Rock|p1a: Swampert
|-sidestart|p1: Shotintheheart|move: Stealth Rock
|move|p1a: Swampert|Stealth Rock|p2a: Tyranitar
|-sidestart|p2: CoconutCrabs|move: Stealth Rock
|
|-weather|Sandstorm|[upkeep]
|-heal|p2a: Tyranitar|99/100|[from] item: Leftovers
|upkeep
|turn|4
|
|t:|1665101949
|switch|p2a: Toxapex|Toxapex, M|100/100
|-damage|p2a: Toxapex|88/100|[from] Stealth Rock
|move|p1a: Swampert|Yawn|p2a: Toxapex
|-start|p2a: Toxapex|move: Yawn|[of] p1a: Swampert
|
|-weather|Sandstorm|[upkeep]
|-damage|p2a: Toxapex|82/100|[from] Sandstorm
|upkeep
|turn|5
|
|t:|1665101954
|switch|p2a: Tangrowth|Tangrowth, F|100/100
|-damage|p2a: Tangrowth|88/100|[from] Stealth Rock
|move|p1a: Swampert|Flip Turn|p2a: Tangrowth
|-resisted|p2a: Tangrowth
|-damage|p2a: Tangrowth|82/100
|-damage|p1a: Swampert|84/100|[from] item: Rocky Helmet|[of] p2a: Tangrowth
|
|t:|1665101965
|switch|p1a: Zapdos|Zapdos|100/100|[from]move: Flip Turn
|
|-weather|Sandstorm|[upkeep]
|-damage|p1a: Zapdos|94/100|[from] Sandstorm
|-damage|p2a: Tangrowth|76/100|[from] Sandstorm
|upkeep
|turn|6
|j| Noob 0_o
|
|t:|1665101973
|move|p1a: Zapdos|Volt Switch|p2a: Tangrowth
|-resisted|p2a: Tangrowth
|-damage|p2a: Tangrowth|55/100
|
|t:|1665101985
|switch|p1a: Tapu Fini|Tapu Fini|100/100|[from]move: Volt Switch
|-damage|p1a: Tapu Fini|88/100|[from] Stealth Rock
|-fieldstart|move: Misty Terrain|[from] ability: Misty Surge|[of] p1a: Tapu Fini
|move|p2a: Tangrowth|Sleep Powder|p1a: Tapu Fini
|-activate|p1a: Tapu Fini|move: Misty Terrain
|
|-weather|none
|-heal|p1a: Tapu Fini|94/100|[from] item: Leftovers
|upkeep
|turn|7
|j| DisasterBruhMoment
|
|t:|1665101991
|switch|p1a: Zapdos|Zapdos|94/100
|switch|p2a: Toxapex|Toxapex, M|100/100
|-damage|p2a: Toxapex|88/100|[from] Stealth Rock
|
|upkeep
|turn|8
|
|t:|1665101998
|switch|p2a: Excadrill|Excadrill, M|100/100
|-damage|p2a: Excadrill|97/100|[from] Stealth Rock
|move|p1a: Zapdos|Volt Switch|p2a: Excadrill
|-immune|p2a: Excadrill
|
|-heal|p2a: Excadrill|100/100|[from] item: Leftovers
|upkeep
|turn|9
|
|t:|1665102001
|move|p2a: Excadrill|Rapid Spin|p1a: Zapdos
|-damage|p1a: Zapdos|81/100
|-boost|p2a: Excadrill|spe|1
|-sideend|p2: CoconutCrabs|Stealth Rock|[from] move: Rapid Spin|[of] p2a: Excadrill
|move|p1a: Zapdos|Heat Wave|p2a: Excadrill
|-supereffective|p2a: Excadrill
|-damage|p2a: Excadrill|24/100
|
|-heal|p2a: Excadrill|30/100|[from] item: Leftovers
|upkeep
|turn|10
|
|t:|1665102010
|move|p2a: Excadrill|Rapid Spin|p1a: Zapdos
|-damage|p1a: Zapdos|65/100
|-boost|p2a: Excadrill|spe|1
|move|p1a: Zapdos|Defog|p2a: Excadrill
|-unboost|p2a: Excadrill|evasion|1
|-sideend|p1: Shotintheheart|Stealth Rock|[from] move: Defog|[of] p1a: Zapdos
|-fieldend|Misty Terrain
|
|-heal|p2a: Excadrill|36/100|[from] item: Leftovers
|upkeep
|turn|11
|
|t:|1665102019
|switch|p2a: Tyranitar|Tyranitar, M|99/100
|-weather|Sandstorm|[from] ability: Sand Stream|[of] p2a: Tyranitar
|move|p1a: Zapdos|Roost|p1a: Zapdos
|-heal|p1a: Zapdos|100/100
|-singleturn|p1a: Zapdos|move: Roost
|
|-weather|Sandstorm|[upkeep]
|-damage|p1a: Zapdos|94/100|[from] Sandstorm
|-heal|p2a: Tyranitar|100/100|[from] item: Leftovers
|upkeep
|turn|12
|
|t:|1665102023
|move|p1a: Zapdos|Volt Switch|p2a: Tyranitar
|-damage|p2a: Tyranitar|89/100
|
|t:|1665102026
|switch|p1a: Swampert|Swampert, F|84/100|[from]move: Volt Switch
|move|p2a: Tyranitar|Stealth Rock|p1a: Swampert
|-sidestart|p1: Shotintheheart|move: Stealth Rock
|
|-weather|Sandstorm|[upkeep]
|-heal|p2a: Tyranitar|96/100|[from] item: Leftovers
|-heal|p1a: Swampert|90/100|[from] item: Leftovers
|upkeep
|turn|13
|
|t:|1665102034
|switch|p2a: Tangrowth|Tangrowth, F|88/100
|move|p1a: Swampert|Flip Turn|p2a: Tangrowth
|-resisted|p2a: Tangrowth
|-damage|p2a: Tangrowth|82/100
|-damage|p1a: Swampert|74/100|[from] item: Rocky Helmet|[of] p2a: Tangrowth
|
|t:|1665102038
|switch|p1a: Zapdos|Zapdos|94/100|[from]move: Flip Turn
|
|-weather|Sandstorm|[upkeep]
|-damage|p1a: Zapdos|88/100|[from] Sandstorm
|-damage|p2a: Tangrowth|75/100|[from] Sandstorm
|upkeep
|turn|14
|
|t:|1665102042
|switch|p2a: Tyranitar|Tyranitar, M|96/100
|move|p1a: Zapdos|Defog|p2a: Tyranitar
|-unboost|p2a: Tyranitar|evasion|1
|-sideend|p1: Shotintheheart|Stealth Rock|[from] move: Defog|[of] p1a: Zapdos
|
|-weather|Sandstorm|[upkeep]
|-damage|p1a: Zapdos|82/100|[from] Sandstorm
|-heal|p2a: Tyranitar|100/100|[from] item: Leftovers
|upkeep
|turn|15
|
|t:|1665102044
|move|p1a: Zapdos|Volt Switch|p2a: Tyranitar
|-damage|p2a: Tyranitar|88/100
|
|t:|1665102046
|switch|p1a: Rillaboom|Rillaboom, M|100/100|[from]move: Volt Switch
|-fieldstart|move: Grassy Terrain|[from] ability: Grassy Surge|[of] p1a: Rillaboom
|move|p2a: Tyranitar|Stealth Rock|p1a: Rillaboom
|-sidestart|p1: Shotintheheart|move: Stealth Rock
|
|-weather|none
|-heal|p2a: Tyranitar|95/100|[from] Grassy Terrain
|-heal|p2a: Tyranitar|100/100|[from] item: Leftovers
|upkeep
|turn|16
|
|t:|1665102051
|switch|p2a: Toxapex|Toxapex, M|100/100
|move|p1a: Rillaboom|U-turn|p2a: Toxapex
|-resisted|p2a: Toxapex
|-damage|p2a: Toxapex|89/100
|-damage|p1a: Rillaboom|84/100|[from] item: Rocky Helmet|[of] p2a: Toxapex
|j| DisabledDevil
|j| Alexis5000
|
|t:|1665102058
|switch|p1a: Zapdos|Zapdos|82/100|[from]move: U-turn
|
|-heal|p2a: Toxapex|95/100|[from] Grassy Terrain
|upkeep
|turn|17
|
|t:|1665102061
|move|p1a: Zapdos|Volt Switch|p2a: Toxapex
|-supereffective|p2a: Toxapex
|-damage|p2a: Toxapex|41/100
|
|t:|1665102065
|switch|p1a: Swampert|Swampert, F|74/100|[from]move: Volt Switch
|-damage|p1a: Swampert|67/100|[from] Stealth Rock
|move|p2a: Toxapex|Knock Off|p1a: Swampert
|-damage|p1a: Swampert|53/100
|-enditem|p1a: Swampert|Leftovers|[from] move: Knock Off|[of] p2a: Toxapex
|
|-heal|p1a: Swampert|60/100|[from] Grassy Terrain
|-heal|p2a: Toxapex|47/100|[from] Grassy Terrain
|upkeep
|turn|18
|
|t:|1665102071
|switch|p2a: Tangrowth|Tangrowth, F|100/100
|move|p1a: Swampert|Yawn|p2a: Tangrowth
|-start|p2a: Tangrowth|move: Yawn|[of] p1a: Swampert
|
|-heal|p1a: Swampert|66/100|[from] Grassy Terrain
|upkeep
|turn|19
|
|t:|1665102076
|switch|p2a: Toxapex|Toxapex, M|81/100
|move|p1a: Swampert|High Horsepower|p2a: Toxapex
|-supereffective|p2a: Toxapex
|-damage|p2a: Toxapex|38/100
|-damage|p1a: Swampert|49/100|[from] item: Rocky Helmet|[of] p2a: Toxapex
|
|-heal|p1a: Swampert|55/100|[from] Grassy Terrain
|-heal|p2a: Toxapex|44/100|[from] Grassy Terrain
|-fieldend|move: Grassy Terrain
|upkeep
|turn|20
|
|t:|1665102089
|switch|p1a: Zapdos|Zapdos|82/100
|switch|p2a: Tangrowth|Tangrowth, F|100/100
|
|upkeep
|turn|21
|
|t:|1665102095
|switch|p2a: Tyranitar|Tyranitar, M|100/100
|-weather|Sandstorm|[from] ability: Sand Stream|[of] p2a: Tyranitar
|move|p1a: Zapdos|Heat Wave|p2a: Tyranitar
|-resisted|p2a: Tyranitar
|-damage|p2a: Tyranitar|95/100
|
|-weather|Sandstorm|[upkeep]
|-damage|p1a: Zapdos|75/100|[from] Sandstorm
|-heal|p2a: Tyranitar|100/100|[from] item: Leftovers
|upkeep
|turn|22
|
|t:|1665102101
|move|p1a: Zapdos|Volt Switch|p2a: Tyranitar
|-damage|p2a: Tyranitar|88/100
|
|t:|1665102103
|switch|p1a: Swampert|Swampert, F|55/100|[from]move: Volt Switch
|-damage|p1a: Swampert|49/100|[from] Stealth Rock
|move|p2a: Tyranitar|Rock Blast|p1a: Swampert
|-resisted|p1a: Swampert
|-damage|p1a: Swampert|45/100
|-resisted|p1a: Swampert
|-damage|p1a: Swampert|40/100
|-resisted|p1a: Swampert
|-damage|p1a: Swampert|35/100
|-hitcount|p1a: Swampert|3
|
|-weather|Sandstorm|[upkeep]
|-heal|p2a: Tyranitar|95/100|[from] item: Leftovers
|upkeep
|turn|23
|
|t:|1665102113
|switch|p2a: Tangrowth|Tangrowth, F|100/100
|switch|p1a: Zapdos|Zapdos|75/100
|
|-weather|Sandstorm|[upkeep]
|-damage|p1a: Zapdos|69/100|[from] Sandstorm
|-damage|p2a: Tangrowth|94/100|[from] Sandstorm
|upkeep
|turn|24
|
|t:|1665102116
|switch|p2a: Tyranitar|Tyranitar, M|95/100
|move|p1a: Zapdos|Defog|p2a: Tyranitar
|-unboost|p2a: Tyranitar|evasion|1
|-sideend|p1: Shotintheheart|Stealth Rock|[from] move: Defog|[of] p1a: Zapdos
|
|-weather|Sandstorm|[upkeep]
|-damage|p1a: Zapdos|63/100|[from] Sandstorm
|-heal|p2a: Tyranitar|100/100|[from] item: Leftovers
|upkeep
|turn|25
|
|t:|1665102120
|move|p1a: Zapdos|Volt Switch|p2a: Tyranitar
|-damage|p2a: Tyranitar|88/100
|
|t:|1665102122
|switch|p1a: Rillaboom|Rillaboom, M|84/100|[from]move: Volt Switch
|-fieldstart|move: Grassy Terrain|[from] ability: Grassy Surge|[of] p1a: Rillaboom
|move|p2a: Tyranitar|Stealth Rock|p1a: Rillaboom
|-sidestart|p1: Shotintheheart|move: Stealth Rock
|
|-weather|none
|-heal|p1a: Rillaboom|90/100|[from] Grassy Terrain
|-heal|p2a: Tyranitar|94/100|[from] Grassy Terrain
|-heal|p2a: Tyranitar|99/100|[from] item: Leftovers
|upkeep
|turn|26
|
|t:|1665102129
|switch|p2a: Tangrowth|Tangrowth, F|100/100
|move|p1a: Rillaboom|U-turn|p2a: Tangrowth
|-supereffective|p2a: Tangrowth
|-damage|p2a: Tangrowth|60/100
|-damage|p1a: Rillaboom|73/100|[from] item: Rocky Helmet|[of] p2a: Tangrowth
|j| bccahy
|
|t:|1665102154
|switch|p1a: Heatran|Heatran, M|100/100|[from]move: U-turn
|-damage|p1a: Heatran|88/100|[from] Stealth Rock
|
|-heal|p1a: Heatran|94/100|[from] Grassy Terrain
|-heal|p2a: Tangrowth|66/100|[from] Grassy Terrain
|upkeep
|turn|27
|
|t:|1665102165
|switch|p2a: Tyranitar|Tyranitar, M|99/100
|-weather|Sandstorm|[from] ability: Sand Stream|[of] p2a: Tyranitar
|move|p1a: Heatran|Eruption|p2a: Tyranitar
|-resisted|p2a: Tyranitar
|-damage|p2a: Tyranitar|85/100
|
|-weather|Sandstorm|[upkeep]
|-heal|p1a: Heatran|100/100|[from] Grassy Terrain
|-heal|p2a: Tyranitar|92/100|[from] Grassy Terrain
|-heal|p2a: Tyranitar|98/100|[from] item: Leftovers
|upkeep
|turn|28
|
|t:|1665102176
|switch|p1a: Swampert|Swampert, F|35/100
|-damage|p1a: Swampert|28/100|[from] Stealth Rock
|move|p2a: Tyranitar|Rock Blast|p1a: Swampert
|-resisted|p1a: Swampert
|-crit|p1a: Swampert
|-damage|p1a: Swampert|21/100
|-resisted|p1a: Swampert
|-damage|p1a: Swampert|16/100
|-hitcount|p1a: Swampert|2
|
|-weather|Sandstorm|[upkeep]
|-heal|p2a: Tyranitar|100/100|[from] Grassy Terrain
|-heal|p1a: Swampert|22/100|[from] Grassy Terrain
|upkeep
|turn|29
|
|t:|1665102185
|switch|p2a: Tangrowth|Tangrowth, F|99/100
|move|p1a: Swampert|High Horsepower|p2a: Tangrowth
|-resisted|p2a: Tangrowth
|-crit|p2a: Tangrowth
|-damage|p2a: Tangrowth|85/100
|-damage|p1a: Swampert|6/100|[from] item: Rocky Helmet|[of] p2a: Tangrowth
|
|-weather|Sandstorm|[upkeep]
|-damage|p2a: Tangrowth|79/100|[from] Sandstorm
|-heal|p1a: Swampert|12/100|[from] Grassy Terrain
|-heal|p2a: Tangrowth|85/100|[from] Grassy Terrain
|-fieldend|move: Grassy Terrain
|upkeep
|turn|30
|
|t:|1665102189
|move|p1a: Swampert|Yawn|p2a: Tangrowth
|-start|p2a: Tangrowth|move: Yawn|[of] p1a: Swampert
|move|p2a: Tangrowth|Knock Off|p1a: Swampert
|-damage|p1a: Swampert|0 fnt
|faint|p1a: Swampert
|
|-weather|Sandstorm|[upkeep]
|-damage|p2a: Tangrowth|79/100|[from] Sandstorm
|upkeep
|
|t:|1665102197
|switch|p1a: Rillaboom|Rillaboom, M|73/100
|-damage|p1a: Rillaboom|61/100|[from] Stealth Rock
|-fieldstart|move: Grassy Terrain|[from] ability: Grassy Surge|[of] p1a: Rillaboom
|turn|31
|
|t:|1665102204
|switch|p2a: Heatran|Heatran, M|100/100
|move|p1a: Rillaboom|Wood Hammer|p2a: Heatran
|-resisted|p2a: Heatran
|-damage|p2a: Heatran|66/100
|-damage|p1a: Rillaboom|50/100|[from] Recoil
|
|-weather|none
|-heal|p2a: Heatran|73/100|[from] Grassy Terrain
|-heal|p1a: Rillaboom|57/100|[from] Grassy Terrain
|upkeep
|turn|32
|
|t:|1665102213
|switch|p1a: Zapdos|Zapdos|63/100
|move|p2a: Heatran|Eruption|p1a: Zapdos
|-damage|p1a: Zapdos|14/100
|
|-heal|p2a: Heatran|79/100|[from] Grassy Terrain
|upkeep
|turn|33
|j| TheMightyDRE
|
|t:|1665102217
|move|p2a: Heatran|Eruption|p1a: Zapdos
|-damage|p1a: Zapdos|0 fnt
|faint|p1a: Zapdos
|
|-heal|p2a: Heatran|85/100|[from] Grassy Terrain
|upkeep
|
|t:|1665102229
|switch|p1a: Heatran|Heatran, M|100/100
|-damage|p1a: Heatran|88/100|[from] Stealth Rock
|turn|34
|
|t:|1665102231
|switch|p2a: Tyranitar|Tyranitar, M|100/100
|-weather|Sandstorm|[from] ability: Sand Stream|[of] p2a: Tyranitar
|move|p1a: Heatran|Toxic|p2a: Tyranitar
|-status|p2a: Tyranitar|tox
|
|-weather|Sandstorm|[upkeep]
|-heal|p1a: Heatran|94/100|[from] Grassy Terrain
|-damage|p2a: Tyranitar|94/100 tox|[from] psn
|upkeep
|turn|35
|
|t:|1665102238
|switch|p1a: Tapu Fini|Tapu Fini|94/100
|-damage|p1a: Tapu Fini|82/100|[from] Stealth Rock
|-fieldstart|move: Misty Terrain|[from] ability: Misty Surge|[of] p1a: Tapu Fini
|move|p2a: Tyranitar|Rock Blast|p1a: Tapu Fini
|-damage|p1a: Tapu Fini|73/100
|-damage|p1a: Tapu Fini|65/100
|-hitcount|p1a: Tapu Fini|2
|
|-weather|Sandstorm|[upkeep]
|-damage|p1a: Tapu Fini|59/100|[from] Sandstorm
|-heal|p1a: Tapu Fini|65/100|[from] item: Leftovers
|-heal|p2a: Tyranitar|100/100 tox|[from] item: Leftovers
|-damage|p2a: Tyranitar|88/100 tox|[from] psn
|upkeep
|turn|36
|
|t:|1665102248
|switch|p2a: Toxapex|Toxapex, M|78/100
|move|p1a: Tapu Fini|Calm Mind|p1a: Tapu Fini
|-boost|p1a: Tapu Fini|spa|1
|-boost|p1a: Tapu Fini|spd|1
|
|-weather|Sandstorm|[upkeep]
|-damage|p1a: Tapu Fini|59/100|[from] Sandstorm
|-damage|p2a: Toxapex|72/100|[from] Sandstorm
|-heal|p1a: Tapu Fini|65/100|[from] item: Leftovers
|upkeep
|turn|37
|
|t:|1665102252
|move|p1a: Tapu Fini|Calm Mind|p1a: Tapu Fini
|-boost|p1a: Tapu Fini|spa|1
|-boost|p1a: Tapu Fini|spd|1
|move|p2a: Toxapex|Knock Off|p1a: Tapu Fini
|-resisted|p1a: Tapu Fini
|-damage|p1a: Tapu Fini|59/100
|-enditem|p1a: Tapu Fini|Leftovers|[from] move: Knock Off|[of] p2a: Toxapex
|
|-weather|Sandstorm|[upkeep]
|-damage|p1a: Tapu Fini|53/100|[from] Sandstorm
|-damage|p2a: Toxapex|66/100|[from] Sandstorm
|upkeep
|turn|38
|
|t:|1665102256
|move|p1a: Tapu Fini|Taunt|p2a: Toxapex
|-start|p2a: Toxapex|move: Taunt
|cant|p2a: Toxapex|move: Taunt|Haze
|
|-weather|none
|upkeep
|turn|39
|
|t:|1665102264
|switch|p2a: Tyranitar|Tyranitar, M|88/100 tox
|-weather|Sandstorm|[from] ability: Sand Stream|[of] p2a: Tyranitar
|move|p1a: Tapu Fini|Calm Mind|p1a: Tapu Fini
|-boost|p1a: Tapu Fini|spa|1
|-boost|p1a: Tapu Fini|spd|1
|
|-weather|Sandstorm|[upkeep]
|-damage|p1a: Tapu Fini|47/100|[from] Sandstorm
|-heal|p2a: Tyranitar|94/100 tox|[from] item: Leftovers
|-damage|p2a: Tyranitar|88/100 tox|[from] psn
|-fieldend|Misty Terrain
|upkeep
|turn|40
|
|t:|1665102272
|switch|p2a: Toxapex|Toxapex, M|99/100
|move|p1a: Tapu Fini|Calm Mind|p1a: Tapu Fini
|-boost|p1a: Tapu Fini|spa|1
|-boost|p1a: Tapu Fini|spd|1
|
|-weather|Sandstorm|[upkeep]
|-damage|p1a: Tapu Fini|40/100|[from] Sandstorm
|-damage|p2a: Toxapex|93/100|[from] Sandstorm
|upkeep
|turn|41
|
|t:|1665102278
|move|p1a: Tapu Fini|Taunt|p2a: Toxapex
|-start|p2a: Toxapex|move: Taunt
|move|p2a: Toxapex|Scald|p1a: Tapu Fini
|-resisted|p1a: Tapu Fini
|-damage|p1a: Tapu Fini|38/100
|
|-weather|Sandstorm|[upkeep]
|-damage|p1a: Tapu Fini|32/100|[from] Sandstorm
|-damage|p2a: Toxapex|87/100|[from] Sandstorm
|upkeep
|turn|42
|
|t:|1665102282
|move|p1a: Tapu Fini|Scald|p2a: Toxapex
|-resisted|p2a: Toxapex
|-damage|p2a: Toxapex|53/100
|-status|p2a: Toxapex|brn
|move|p2a: Toxapex|Scald|p1a: Tapu Fini
|-resisted|p1a: Tapu Fini
|-damage|p1a: Tapu Fini|30/100
|-status|p1a: Tapu Fini|brn
|
|-weather|Sandstorm|[upkeep]
|-damage|p1a: Tapu Fini|24/100 brn|[from] Sandstorm
|-damage|p2a: Toxapex|47/100 brn|[from] Sandstorm
|-damage|p1a: Tapu Fini|18/100 brn|[from] brn
|-damage|p2a: Toxapex|41/100 brn|[from] brn
|upkeep
|turn|43
|
|t:|1665102289
|move|p1a: Tapu Fini|Draining Kiss|p2a: Toxapex
|-resisted|p2a: Toxapex
|-damage|p2a: Toxapex|21/100 brn
|-heal|p1a: Tapu Fini|32/100 brn|[from] drain|[of] p2a: Toxapex
|-damage|p1a: Tapu Fini|15/100 brn|[from] item: Rocky Helmet|[of] p2a: Toxapex
|move|p2a: Toxapex|Scald|p1a: Tapu Fini
|-resisted|p1a: Tapu Fini
|-damage|p1a: Tapu Fini|13/100 brn
|
|-weather|none
|-damage|p1a: Tapu Fini|7/100 brn|[from] brn
|-damage|p2a: Toxapex|15/100 brn|[from] brn
|-end|p2a: Toxapex|move: Taunt
|upkeep
|turn|44
|
|t:|1665102299
|move|p1a: Tapu Fini|Scald|p2a: Toxapex
|-resisted|p2a: Toxapex
|-damage|p2a: Toxapex|0 fnt
|faint|p2a: Toxapex
|
|-damage|p1a: Tapu Fini|0 fnt|[from] brn
|faint|p1a: Tapu Fini
|upkeep
|
|t:|1665102312
|switch|p1a: Rillaboom|Rillaboom, M|57/100
|switch|p2a: Heatran|Heatran, M|85/100
|-damage|p1a: Rillaboom|44/100|[from] Stealth Rock
|-fieldstart|move: Grassy Terrain|[from] ability: Grassy Surge|[of] p1a: Rillaboom
|turn|45
|
|t:|1665102318
|move|p2a: Heatran|Flash Cannon|p1a: Rillaboom
|-damage|p1a: Rillaboom|0 fnt
|faint|p1a: Rillaboom
|
|-heal|p2a: Heatran|91/100|[from] Grassy Terrain
|upkeep
|
|t:|1665102323
|switch|p1a: Heatran|Heatran, M|94/100
|-damage|p1a: Heatran|82/100|[from] Stealth Rock
|turn|46
|
|t:|1665102329
|switch|p2a: Tyranitar|Tyranitar, M|88/100 tox
|-weather|Sandstorm|[from] ability: Sand Stream|[of] p2a: Tyranitar
|move|p1a: Heatran|Eruption|p2a: Tyranitar
|-resisted|p2a: Tyranitar
|-damage|p2a: Tyranitar|75/100 tox
|
|-weather|Sandstorm|[upkeep]
|-heal|p1a: Heatran|88/100|[from] Grassy Terrain
|-heal|p2a: Tyranitar|81/100 tox|[from] Grassy Terrain
|-heal|p2a: Tyranitar|87/100 tox|[from] item: Leftovers
|-damage|p2a: Tyranitar|81/100 tox|[from] psn
|upkeep
|turn|47
|
|t:|1665102335
|switch|p1a: Obstagoon|Obstagoon, M|100/100
|-damage|p1a: Obstagoon|88/100|[from] Stealth Rock
|move|p2a: Tyranitar|Thunder Wave|p1a: Obstagoon
|-status|p1a: Obstagoon|par
|
|-weather|Sandstorm|[upkeep]
|-damage|p1a: Obstagoon|82/100 par|[from] Sandstorm
|-heal|p2a: Tyranitar|87/100 tox|[from] Grassy Terrain
|-heal|p2a: Tyranitar|93/100 tox|[from] item: Leftovers
|-heal|p1a: Obstagoon|88/100 par|[from] Grassy Terrain
|-damage|p2a: Tyranitar|81/100 tox|[from] psn
|upkeep
|turn|48
|
|t:|1665102341
|switch|p2a: Tangrowth|Tangrowth, F|100/100
|move|p1a: Obstagoon|Switcheroo|p2a: Tangrowth
|-activate|p1a: Obstagoon|move: Trick|[of] p2a: Tangrowth
|-item|p2a: Tangrowth|Flame Orb|[from] move: Switcheroo
|-item|p1a: Obstagoon|Rocky Helmet|[from] move: Switcheroo
|
|-weather|Sandstorm|[upkeep]
|-damage|p1a: Obstagoon|82/100 par|[from] Sandstorm
|-damage|p2a: Tangrowth|94/100|[from] Sandstorm
|-heal|p1a: Obstagoon|88/100 par|[from] Grassy Terrain
|-heal|p2a: Tangrowth|100/100|[from] Grassy Terrain
|-status|p2a: Tangrowth|brn|[from] item: Flame Orb
|upkeep
|turn|49
|
|t:|1665102349
|move|p1a: Obstagoon|Facade|p2a: Tangrowth
|-damage|p2a: Tangrowth|54/100 brn
|move|p2a: Tangrowth|Focus Blast|p1a: Obstagoon
|-supereffective|p1a: Obstagoon
|-damage|p1a: Obstagoon|0 fnt
|faint|p1a: Obstagoon
|
|-weather|Sandstorm|[upkeep]
|-damage|p2a: Tangrowth|48/100 brn|[from] Sandstorm
|-heal|p2a: Tangrowth|54/100 brn|[from] Grassy Terrain
|-damage|p2a: Tangrowth|48/100 brn|[from] brn
|-fieldend|move: Grassy Terrain
|upkeep
|
|t:|1665102355
|switch|p1a: Heatran|Heatran, M|88/100
|-damage|p1a: Heatran|76/100|[from] Stealth Rock
|turn|50
|
|t:|1665102359
|move|p1a: Heatran|Earth Power|p2a: Tangrowth
|-resisted|p2a: Tangrowth
|-damage|p2a: Tangrowth|25/100 brn
|move|p2a: Tangrowth|Knock Off|p1a: Heatran
|-damage|p1a: Heatran|66/100
|-enditem|p1a: Heatran|Choice Scarf|[from] move: Knock Off|[of] p2a: Tangrowth
|
|-weather|none
|-damage|p2a: Tangrowth|19/100 brn|[from] brn
|upkeep
|turn|51
|-message|Shotintheheart forfeited.
|
|win|CoconutCrabs
|raw|Shotintheheart's rating: 1851 &rarr; <strong>1829</strong><br />(-22 for losing)
|raw|CoconutCrabs's rating: 1811 &rarr; <strong>1833</strong><br />(+22 for winning)
|l|☆Shotintheheart
|l|☆CoconutCrabs
|l| TheMightyDRE
||Ladder isn't responding, score probably updated but might not have (Request timeout).
|l| Alexis5000
|l| DisabledDevil
