|html|<div class="broadcast-blue"><strong>[Gen 8] OU is currently suspecting Melmetal! For information on how to participate check out the <a href="https://www.smogon.com/forums/threads/np-ss-ou-suspect-process-round-12-monster-mash.3709234/">suspect thread</a>.</strong></div>
|j|☆Omari P alt
|j|☆CoconutCrabs
|t:|1666813618
|gametype|singles
|player|p1|Omari P alt|pokemonrangerf|1758
|player|p2|CoconutCrabs|ninjaboy|1861
|teamsize|p1|6
|teamsize|p2|6
|gen|8
|tier|[Gen 8] OU
|rated|
|rule|Sleep Clause Mod: Limit one foe put to sleep
|rule|Species Clause: Limit one of each Pokémon
|rule|OHKO Clause: OHKO moves are banned
|rule|Evasion Items Clause: Evasion items are banned
|rule|Evasion Moves Clause: Evasion moves are banned
|rule|Endless Battle Clause: Forcing endless battles is banned
|rule|HP Percentage Mod: HP is shown in percentages
|rule|Dynamax Clause: You cannot dynamax
|clearpoke
|poke|p1|Porygon-Z|
|poke|p1|Tapu Lele|
|poke|p1|Darmanitan, F|
|poke|p1|Mandibuzz, F|
|poke|p1|Nidoking, M|
|poke|p1|Dragapult, F|
|poke|p2|Heatran, M|
|poke|p2|Excadrill, M|
|poke|p2|Tornadus-Therian, M|
|poke|p2|Toxapex, F|
|poke|p2|Tangrowth, M|
|poke|p2|Tyranitar, F|
|teampreview
|inactive|Battle timer is ON: inactive players will automatically lose when time's up. (requested by CoconutCrabs)
|
|t:|1666813624
|start
|switch|p1a: Nidoking|Nidoking, M, shiny|100/100
|switch|p2a: Tornadus|Tornadus-Therian, M|100/100
|turn|1
|
|t:|1666813627
|move|p2a: Tornadus|Hurricane|p1a: Nidoking
|-enditem|p1a: Nidoking|Focus Sash
|-damage|p1a: Nidoking|1/100
|move|p1a: Nidoking|Ice Beam|p2a: Tornadus
|-supereffective|p2a: Tornadus
|-damage|p2a: Tornadus|20/100
|
|upkeep
|turn|2
|
|t:|1666813634
|move|p2a: Tornadus|Hurricane|p1a: Nidoking
|-damage|p1a: Nidoking|0 fnt
|faint|p1a: Nidoking
|
|upkeep
|
|t:|1666813636
|switch|p1a: Porygon-Z|Porygon-Z, shiny|100/100
|turn|3
|
|t:|1666813638
|switch|p2a: Tyranitar|Tyranitar, F|100/100
|-weather|Sandstorm|[from] ability: Sand Stream|[of] p2a: Tyranitar
|move|p1a: Porygon-Z|Nasty Plot|p1a: Porygon-Z
|-boost|p1a: Porygon-Z|spa|2
|
|-weather|Sandstorm|[upkeep]
|-damage|p1a: Porygon-Z|94/100|[from] Sandstorm
|upkeep
|turn|4
|
|t:|1666813641
|move|p1a: Porygon-Z|Hyper Beam|p2a: Tyranitar
|-resisted|p2a: Tyranitar
|-damage|p2a: Tyranitar|44/100
|-mustrecharge|p1a: Porygon-Z
|-damage|p1a: Porygon-Z|84/100|[from] item: Life Orb
|move|p2a: Tyranitar|Thunder Wave|p1a: Porygon-Z
|-status|p1a: Porygon-Z|par
|
|-weather|Sandstorm|[upkeep]
|-damage|p1a: Porygon-Z|78/100 par|[from] Sandstorm
|-heal|p2a: Tyranitar|50/100|[from] item: Leftovers
|upkeep
|turn|5
|c|☆Omari P alt|CRAZY
|
|t:|1666813646
|move|p2a: Tyranitar|Stealth Rock|p1a: Porygon-Z
|-sidestart|p1: Omari P alt|move: Stealth Rock
|cant|p1a: Porygon-Z|recharge
|
|-weather|Sandstorm|[upkeep]
|-damage|p1a: Porygon-Z|72/100 par|[from] Sandstorm
|-heal|p2a: Tyranitar|56/100|[from] item: Leftovers
|upkeep
|turn|6
|j| sack2005
|
|t:|1666813670
|switch|p2a: Tornadus|Tornadus-Therian, M|53/100
|cant|p1a: Porygon-Z|par
|
|-weather|Sandstorm|[upkeep]
|-damage|p2a: Tornadus|47/100|[from] Sandstorm
|-damage|p1a: Porygon-Z|66/100 par|[from] Sandstorm
|upkeep
|turn|7
|
|t:|1666813675
|move|p2a: Tornadus|Hurricane|p1a: Porygon-Z|[miss]
|-miss|p2a: Tornadus|p1a: Porygon-Z
|move|p1a: Porygon-Z|Tri Attack|p2a: Tornadus
|-damage|p2a: Tornadus|0 fnt
|faint|p2a: Tornadus
|-damage|p1a: Porygon-Z|56/100 par|[from] item: Life Orb
|
|-weather|none
|upkeep
|
|t:|1666813679
|switch|p2a: Heatran|Heatran, M|100/100
|turn|8
|
|t:|1666813685
|move|p2a: Heatran|Eruption|p1a: Porygon-Z
|-damage|p1a: Porygon-Z|0 fnt
|faint|p1a: Porygon-Z
|
|upkeep
|j| TheGuardianJohn
|
|t:|1666813689
|switch|p1a: Darmanitan|Darmanitan, F|100/100
|-damage|p1a: Darmanitan|76/100|[from] Stealth Rock
|turn|9
|
|t:|1666813692
|switch|p2a: Toxapex|Toxapex, F|100/100
|move|p1a: Darmanitan|Earthquake|p2a: Toxapex
|-supereffective|p2a: Toxapex
|-damage|p2a: Toxapex|34/100
|-damage|p1a: Darmanitan|66/100|[from] item: Life Orb
|
|upkeep
|turn|10
|
|t:|1666813694
|switch|p2a: Tangrowth|Tangrowth, M|100/100
|move|p1a: Darmanitan|Earthquake|p2a: Tangrowth
|-resisted|p2a: Tangrowth
|-damage|p2a: Tangrowth|87/100
|-damage|p1a: Darmanitan|56/100|[from] item: Life Orb
|
|upkeep
|turn|11
|
|t:|1666813698
|switch|p2a: Toxapex|Toxapex, F|68/100
|move|p1a: Darmanitan|Flare Blitz|p2a: Toxapex
|-resisted|p2a: Toxapex
|-damage|p2a: Toxapex|33/100
|-damage|p1a: Darmanitan|39/100|[from] item: Rocky Helmet|[of] p2a: Toxapex
|-damage|p1a: Darmanitan|29/100|[from] Recoil
|
|upkeep
|turn|12
|
|t:|1666813711
|switch|p2a: Tangrowth|Tangrowth, M|100/100
|move|p1a: Darmanitan|Flare Blitz|p2a: Tangrowth
|-supereffective|p2a: Tangrowth
|-damage|p2a: Tangrowth|0 fnt
|-damage|p1a: Darmanitan|13/100|[from] item: Rocky Helmet|[of] p2a: Tangrowth
|faint|p2a: Tangrowth
|-damage|p1a: Darmanitan|0 fnt|[from] Recoil
|faint|p1a: Darmanitan
|
|upkeep
|
|t:|1666813718
|switch|p1a: Tapu Lele|Tapu Lele|100/100
|switch|p2a: Tyranitar|Tyranitar, F|56/100
|-damage|p1a: Tapu Lele|88/100|[from] Stealth Rock
|-fieldstart|move: Psychic Terrain|[from] ability: Psychic Surge|[of] p1a: Tapu Lele
|-weather|Sandstorm|[from] ability: Sand Stream|[of] p2a: Tyranitar
|turn|13
|
|t:|1666813725
|move|p1a: Tapu Lele|Focus Blast|p2a: Tyranitar
|-supereffective|p2a: Tyranitar
|-damage|p2a: Tyranitar|0 fnt
|faint|p2a: Tyranitar
|
|-weather|Sandstorm|[upkeep]
|-damage|p1a: Tapu Lele|82/100|[from] Sandstorm
|upkeep
|
|t:|1666813726
|switch|p2a: Excadrill|Excadrill, M|100/100
|turn|14
|
|t:|1666813729
|switch|p2a: Heatran|Heatran, M|100/100
|switch|p1a: Mandibuzz|Mandibuzz, F, shiny|100/100
|-damage|p1a: Mandibuzz|76/100|[from] Stealth Rock
|
|-weather|Sandstorm|[upkeep]
|upkeep
|turn|15
|
|t:|1666813738
|move|p2a: Heatran|Eruption|p1a: Mandibuzz
|-damage|p1a: Mandibuzz|11/100
|move|p1a: Mandibuzz|Foul Play|p2a: Heatran
|-damage|p2a: Heatran|76/100
|
|-weather|Sandstorm|[upkeep]
|upkeep
|turn|16
|
|t:|1666813740
|move|p2a: Heatran|Eruption|p1a: Mandibuzz
|-damage|p1a: Mandibuzz|0 fnt
|faint|p1a: Mandibuzz
|
|-weather|Sandstorm|[upkeep]
|upkeep
|
|t:|1666813743
|switch|p1a: Tapu Lele|Tapu Lele|82/100
|-damage|p1a: Tapu Lele|70/100|[from] Stealth Rock
|turn|17
|
|t:|1666813747
|move|p1a: Tapu Lele|Magic Room|p1a: Tapu Lele
|-fieldstart|move: Magic Room|[of] p1a: Tapu Lele
|move|p2a: Heatran|Eruption|p1a: Tapu Lele
|-damage|p1a: Tapu Lele|10/100
|
|-weather|none
|-fieldend|move: Psychic Terrain
|upkeep
|turn|18
|
|t:|1666813759
|move|p1a: Tapu Lele|Focus Blast|p2a: Heatran|[miss]
|-miss|p1a: Tapu Lele|p2a: Heatran
|move|p2a: Heatran|Flash Cannon|p1a: Tapu Lele
|-supereffective|p1a: Tapu Lele
|-damage|p1a: Tapu Lele|0 fnt
|faint|p1a: Tapu Lele
|
|upkeep
|
|t:|1666813762
|switch|p1a: Dragapult|Dragapult, F|100/100
|-damage|p1a: Dragapult|88/100|[from] Stealth Rock
|turn|19
|
|t:|1666813765
|move|p1a: Dragapult|Dragon Dance|p1a: Dragapult
|-boost|p1a: Dragapult|atk|1
|-boost|p1a: Dragapult|spe|1
|move|p2a: Heatran|Flash Cannon|p1a: Dragapult
|-damage|p1a: Dragapult|28/100
|
|upkeep
|turn|20
|
|t:|1666813767
|move|p1a: Dragapult|Phantom Force||[still]
|-prepare|p1a: Dragapult|Phantom Force
|move|p2a: Heatran|Flash Cannon|p1a: Dragapult|[miss]
|-miss|p2a: Heatran|p1a: Dragapult
|
|upkeep
|turn|21
|
|t:|1666813770
|switch|p2a: Toxapex|Toxapex, F|67/100
|move|p1a: Dragapult|Phantom Force|p2a: Toxapex|[from]lockedmove
|-damage|p2a: Toxapex|22/100
|
|-fieldend|move: Magic Room|[of] p1: Tapu Lele
|upkeep
|turn|22
|
|t:|1666813778
|move|p1a: Dragapult|Dragon Darts|p2a: Toxapex
|-damage|p2a: Toxapex|0 fnt
|faint|p2a: Toxapex
|-damage|p1a: Dragapult|18/100|[from] item: Life Orb
|
|upkeep
|
|t:|1666813784
|switch|p2a: Excadrill|Excadrill, M|100/100
|turn|23
|
|t:|1666813786
|move|p1a: Dragapult|Phantom Force||[still]
|-prepare|p1a: Dragapult|Phantom Force
|move|p2a: Excadrill|Earthquake|p1a: Dragapult|[miss]
|-miss|p2a: Excadrill|p1a: Dragapult
|
|upkeep
|turn|24
|
|t:|1666813802
|switch|p2a: Heatran|Heatran, M|76/100
|move|p1a: Dragapult|Phantom Force|p2a: Heatran|[from]lockedmove
|-damage|p2a: Heatran|0 fnt
|faint|p2a: Heatran
|-damage|p1a: Dragapult|8/100|[from] item: Life Orb
|
|upkeep
|
|t:|1666813803
|switch|p2a: Excadrill|Excadrill, M|100/100
|turn|25
|
|t:|1666813809
|move|p1a: Dragapult|Phantom Force||[still]
|-prepare|p1a: Dragapult|Phantom Force
|move|p2a: Excadrill|Earthquake|p1a: Dragapult|[miss]
|-miss|p2a: Excadrill|p1a: Dragapult
|
|upkeep
|turn|26
|c|☆Omari P alt|man
|c|☆Omari P alt|magic room really did me good
|
|t:|1666813825
|move|p1a: Dragapult|Phantom Force|p2a: Excadrill|[from]lockedmove
|-damage|p2a: Excadrill|0 fnt
|faint|p2a: Excadrill
|-damage|p1a: Dragapult|0 fnt|[from] item: Life Orb
|faint|p1a: Dragapult
|
|win|Omari P alt
|raw|Omari P alt's rating: 1758 &rarr; <strong>1784</strong><br />(+26 for winning)
|raw|CoconutCrabs's rating: 1861 &rarr; <strong>1835</strong><br />(-26 for losing)
|l|☆CoconutCrabs
|c| sack2005|no way
|c|☆Omari P alt|yup
|c| sack2005|historic w
|c|☆Omari P alt|I wouldve died earlier but magic room made the lo not hurt
|c| sack2005|louvre
|c|☆Omari P alt|and the helmet not hurt either
|c| sack2005|yeah and ignores pex helmet
|c| sack2005|fuark
||Ladder isn't responding, score probably updated but might not have (Request timeout).
