|raw|<div class="broadcast-blue"><strong>This battle is required to be public due to a player having a name prefixed by 'LT72MS'.</div>
|j|☆Lt72ms win
|j|☆roboPOKE
|t:|1597580472
|player|p1|Lt72ms win|waitress|1938
|player|p2|roboPOKE|266|1867
|teamsize|p1|6
|teamsize|p2|6
|gametype|singles
|gen|8
|tier|[Gen 8] OU
|rated|
|clearpoke
|poke|p1|Ninetales-Alola, F|
|poke|p1|Magnezone|
|poke|p1|Kommo-o, F|
|poke|p1|Hatterene, F|
|poke|p1|Haxorus, M|
|poke|p1|Volcarona, F|
|poke|p2|Rillaboom, M|
|poke|p2|Lucario, M|
|poke|p2|Sandaconda, F|
|poke|p2|Excadrill, M|
|poke|p2|Hatterene, F|
|poke|p2|Flygon, F|
|rule|Sleep Clause Mod: Limit one foe put to sleep
|rule|Species Clause: Limit one of each Pokémon
|rule|OHKO Clause: OHKO moves are banned
|rule|Evasion Moves Clause: Evasion moves are banned
|rule|Endless Battle Clause: Forcing endless battles is banned
|rule|HP Percentage Mod: HP is shown in percentages
|rule|Dynamax Clause: You cannot dynamax
|teampreview
|j| Snycky
|j| chkls
|c|☆Lt72ms win|O hi
|j| lt72ms husk
|j| cole
|j| Nathaaan♦
|j| LLLiolae
|l| LLLiolae
|c|☆roboPOKE|hf
|j| Fusako Shigenobu
|c|☆Lt72ms win|U2
|l| Snycky
|j| teh chapmion
|j| muheon
|j| LT72MS Jacked
|
|t:|1597580533
|start
|switch|p1a: Ninetales|Ninetales-Alola, F|100/100
|switch|p2a: Lucario|Lucario, M|100/100
|-weather|Hail|[from] ability: Snow Warning|[of] p1a: Ninetales
|turn|1
|j| Snycky
|
|t:|1597580549
|move|p2a: Lucario|Final Gambit|p1a: Ninetales
|-damage|p1a: Ninetales|0 fnt
|faint|p2a: Lucario
|faint|p1a: Ninetales
|
|-weather|Hail|[upkeep]
|upkeep
|l| Snycky
|
|t:|1597580562
|switch|p1a: Hatterene|Hatterene, F|100/100
|switch|p2a: Sandaconda|Sandaconda, F|100/100
|turn|2
|
|t:|1597580568
|switch|p2a: Excadrill|Excadrill, M|100/100
|move|p1a: Hatterene|Calm Mind|p1a: Hatterene
|-boost|p1a: Hatterene|spa|1
|-boost|p1a: Hatterene|spd|1
|
|-weather|Hail|[upkeep]
|-damage|p2a: Excadrill|94/100|[from] Hail
|-damage|p1a: Hatterene|95/100|[from] Hail
|-heal|p1a: Hatterene|100/100|[from] item: Leftovers
|upkeep
|turn|3
|j| lt72ms egc
|
|t:|1597580573
|move|p2a: Excadrill|Iron Head|p1a: Hatterene
|-supereffective|p1a: Hatterene
|-damage|p1a: Hatterene|0 fnt
|-damage|p2a: Excadrill|84/100|[from] item: Life Orb
|faint|p1a: Hatterene
|
|-weather|Hail|[upkeep]
|-damage|p2a: Excadrill|78/100|[from] Hail
|upkeep
|j| Argas
|
|t:|1597580591
|switch|p1a: Haxorus|Haxorus, M, shiny|100/100
|-ability|p1a: Haxorus|Mold Breaker
|turn|4
|j| LT72MS hisoka
|
|t:|1597580595
|switch|p2a: Sandaconda|Sandaconda, F|100/100
|move|p1a: Haxorus|Swords Dance|p1a: Haxorus
|-boost|p1a: Haxorus|atk|2
|
|-weather|Hail|[upkeep]
|-damage|p1a: Haxorus|94/100|[from] Hail
|-damage|p2a: Sandaconda|94/100|[from] Hail
|upkeep
|turn|5
|l| LT72MS hisoka
|
|t:|1597580603
|move|p1a: Haxorus|Scale Shot|p2a: Sandaconda
|-damage|p2a: Sandaconda|67/100
|-weather|Sandstorm|[from] ability: Sand Spit|[of] p2a: Sandaconda
|-damage|p2a: Sandaconda|34/100
|-damage|p2a: Sandaconda|4/100
|-hitcount|p2a: Sandaconda|3
|-unboost|p1a: Haxorus|def|1
|-boost|p1a: Haxorus|spe|1
|-damage|p1a: Haxorus|84/100|[from] item: Life Orb
|move|p2a: Sandaconda|Glare|p1a: Haxorus
|-status|p1a: Haxorus|par
|
|-weather|Sandstorm|[upkeep]
|-damage|p1a: Haxorus|78/100 par|[from] Sandstorm
|upkeep
|turn|6
|j| big_knots
|
|t:|1597580611
|move|p1a: Haxorus|Scale Shot|p2a: Sandaconda
|-crit|p2a: Sandaconda
|-damage|p2a: Sandaconda|0 fnt
|-hitcount|p2a: Sandaconda|1
|-unboost|p1a: Haxorus|def|1
|-boost|p1a: Haxorus|spe|1
|-damage|p1a: Haxorus|68/100 par|[from] item: Life Orb
|faint|p2a: Sandaconda
|
|-weather|Sandstorm|[upkeep]
|-damage|p1a: Haxorus|62/100 par|[from] Sandstorm
|upkeep
|
|t:|1597580614
|switch|p2a: Excadrill|Excadrill, M|78/100
|turn|7
|
|t:|1597580616
|move|p2a: Excadrill|Earthquake|p1a: Haxorus
|-damage|p1a: Haxorus|0 fnt
|-damage|p2a: Excadrill|68/100|[from] item: Life Orb
|faint|p1a: Haxorus
|
|-weather|Sandstorm|[upkeep]
|upkeep
|j| Uyin
|
|t:|1597580620
|switch|p1a: Volcarona|Volcarona, F|100/100
|turn|8
|
|t:|1597580622
|switch|p1a: Magnezone|Magnezone|100/100
|move|p2a: Excadrill|Earthquake|p1a: Magnezone
|-supereffective|p1a: Magnezone
|-damage|p1a: Magnezone|0 fnt
|-damage|p2a: Excadrill|58/100|[from] item: Life Orb
|faint|p1a: Magnezone
|
|-weather|Sandstorm|[upkeep]
|upkeep
|
|t:|1597580623
|switch|p1a: Volcarona|Volcarona, F|100/100
|turn|9
|
|t:|1597580625
|move|p2a: Excadrill|Earthquake|p1a: Volcarona
|-damage|p1a: Volcarona|33/100
|-damage|p2a: Excadrill|48/100|[from] item: Life Orb
|move|p1a: Volcarona|Quiver Dance|p1a: Volcarona
|-boost|p1a: Volcarona|spa|1
|-boost|p1a: Volcarona|spd|1
|-boost|p1a: Volcarona|spe|1
|
|-weather|Sandstorm|[upkeep]
|-damage|p1a: Volcarona|27/100|[from] Sandstorm
|upkeep
|turn|10
|
|t:|1597580627
|move|p2a: Excadrill|Earthquake|p1a: Volcarona
|-damage|p1a: Volcarona|0 fnt
|-damage|p2a: Excadrill|38/100|[from] item: Life Orb
|faint|p1a: Volcarona
|
|-weather|Sandstorm|[upkeep]
|upkeep
|
|t:|1597580634
|switch|p1a: Kommo-o|Kommo-o, F|100/100
|turn|11
|
|t:|1597580637
|move|p2a: Excadrill|Earthquake|p1a: Kommo-o
|-damage|p1a: Kommo-o|23/100
|-damage|p2a: Excadrill|28/100|[from] item: Life Orb
|move|p1a: Kommo-o|Clangorous Soul||[still]
|-fail|p1a: Kommo-o
|
|-weather|Sandstorm|[upkeep]
|-damage|p1a: Kommo-o|17/100|[from] Sandstorm
|upkeep
|turn|12
|-message|Lt72ms win forfeited.
|
|win|roboPOKE
|l|☆Lt72ms win
|c|☆roboPOKE|gg
|raw|Lt72ms win's rating: 1938 &rarr; <strong>1914</strong><br />(-24 for losing)
|raw|roboPOKE's rating: 1867 &rarr; <strong>1891</strong><br />(+24 for winning)
|l| cole
|j| LT72MS avarexeva
|l| Uyin
|l| Argas
|l| lt72ms husk
|j| Argas
|l| Argas
|j| Argas
|l| LT72MS avarexeva
|l| teh chapmion
|l| muheon
|l|☆roboPOKE
|l| Argas
|j| Bowlii
|l|lt72msegc
|l| Bowlii
|l| LT72MS Jacked
|j| LT72MS Mich
|l| LT72MS Mich
|j| egalvanc
|l| egalvanc
|j| LT72MS Serg
|j| femboy hunta e1
|l| LT72MS Serg
|l| femboy hunta e1
|j| LT72MS Raiza
|l| LT72MS Raiza
|j| LT72MS Raiza
|l| LT72MS Raiza
|j| Truedrew (‽)
|l| Truedrew (‽)
|l| big_knots
|j| LT72MS Raiza
|l| LT72MS Raiza
|j| lt72ms bacon
|l| lt72ms bacon
|j|+playerW17
|l|+playerW17
|j| allskillnolucker
