|html|<div class="broadcast-blue"><strong>[Gen 8] OU is currently suspecting Melmetal! For information on how to participate check out the <a href="https://www.smogon.com/forums/threads/np-ss-ou-suspect-process-round-12-monster-mash.3709234/">suspect thread</a>.</strong></div>
|j|☆Aim on mai wei
|j|☆HQSFun
|t:|1666271816
|gametype|singles
|player|p1|Aim on mai wei|101|1827
|player|p2|HQSFun|veteranf|1818
|teamsize|p1|6
|teamsize|p2|6
|gen|8
|tier|[Gen 8] OU
|rated|
|rule|Sleep Clause Mod: Limit one foe put to sleep
|rule|Species Clause: Limit one of each Pokémon
|rule|OHKO Clause: OHKO moves are banned
|rule|Evasion Items Clause: Evasion items are banned
|rule|Evasion Moves Clause: Evasion moves are banned
|rule|Endless Battle Clause: Forcing endless battles is banned
|rule|HP Percentage Mod: HP is shown in percentages
|rule|Dynamax Clause: You cannot dynamax
|clearpoke
|poke|p1|Gastrodon, F|
|poke|p1|Blissey, F|
|poke|p1|Slowking-Galar, F|
|poke|p1|Toxapex, M|
|poke|p1|Clefable, M|
|poke|p1|Corviknight, M|
|poke|p2|Dragapult, F|
|poke|p2|Weavile, M|
|poke|p2|Rillaboom, F|
|poke|p2|Nihilego|
|poke|p2|Garchomp, M|
|poke|p2|Celesteela|
|teampreview
|j| An¤nym¤u5
|inactive|Battle timer is ON: inactive players will automatically lose when time's up. (requested by Aim on mai wei)
|inactive|HQSFun also wants the timer to be on.
|
|t:|1666271833
|start
|switch|p1a: Toxapex|Toxapex, M|100/100
|switch|p2a: Garchomp|Garchomp, M|100/100
|turn|1
|
|t:|1666271843
|move|p2a: Garchomp|Earthquake|p1a: Toxapex
|-supereffective|p1a: Toxapex
|-damage|p1a: Toxapex|37/100
|move|p1a: Toxapex|Toxic|p2a: Garchomp
|-status|p2a: Garchomp|tox
|
|-damage|p2a: Garchomp|94/100 tox|[from] psn
|upkeep
|turn|2
|
|t:|1666271845
|switch|p1a: Corviknight|Corviknight, M|100/100
|-ability|p1a: Corviknight|Pressure
|move|p2a: Garchomp|Stealth Rock|p1a: Corviknight
|-sidestart|p1: Aim on mai wei|move: Stealth Rock
|
|-heal|p2a: Garchomp|100/100 tox|[from] item: Leftovers
|-damage|p2a: Garchomp|88/100 tox|[from] psn
|upkeep
|turn|3
|
|t:|1666271854
|switch|p2a: Celesteela|Celesteela|100/100
|move|p1a: Corviknight|Defog|p2a: Celesteela
|-unboost|p2a: Celesteela|evasion|1
|-sideend|p1: Aim on mai wei|Stealth Rock|[from] move: Defog|[of] p1a: Corviknight
|
|upkeep
|turn|4
|
|t:|1666271866
|switch|p1a: Slowking|Slowking-Galar, F|100/100
|move|p2a: Celesteela|Meteor Beam||[still]
|-prepare|p2a: Celesteela|Meteor Beam
|-boost|p2a: Celesteela|spa|1
|-enditem|p2a: Celesteela|Power Herb
|-anim|p2a: Celesteela|Meteor Beam|p1a: Slowking
|-damage|p1a: Slowking|67/100
|
|upkeep
|turn|5
|
|t:|1666271873
|move|p2a: Celesteela|Meteor Beam||[still]
|-prepare|p2a: Celesteela|Meteor Beam
|-boost|p2a: Celesteela|spa|1
|move|p1a: Slowking|Flamethrower|p2a: Celesteela
|-supereffective|p2a: Celesteela
|-damage|p2a: Celesteela|36/100
|
|upkeep
|turn|6
|
|t:|1666271882
|move|p2a: Celesteela|Meteor Beam|p1a: Slowking|[from]lockedmove
|-damage|p1a: Slowking|22/100
|move|p1a: Slowking|Flamethrower|p2a: Celesteela
|-supereffective|p2a: Celesteela
|-damage|p2a: Celesteela|0 fnt
|faint|p2a: Celesteela
|
|upkeep
|j| emo705
|
|t:|1666271888
|switch|p2a: Nihilego|Nihilego|100/100
|turn|7
|j| Quagshi
|inactive|Aim on mai wei has 120 seconds left.
|
|t:|1666271919
|switch|p1a: Gastrodon|Gastrodon, F|100/100
|move|p2a: Nihilego|Meteor Beam||[still]
|-prepare|p2a: Nihilego|Meteor Beam
|-boost|p2a: Nihilego|spa|1
|-enditem|p2a: Nihilego|Power Herb
|-anim|p2a: Nihilego|Meteor Beam|p1a: Gastrodon
|-resisted|p1a: Gastrodon
|-damage|p1a: Gastrodon|68/100
|
|-heal|p1a: Gastrodon|74/100|[from] item: Leftovers
|upkeep
|turn|8
|
|t:|1666271928
|move|p1a: Gastrodon|Protect|p1a: Gastrodon
|-singleturn|p1a: Gastrodon|Protect
|move|p2a: Nihilego|Grass Knot|p1a: Gastrodon
|-activate|p1a: Gastrodon|move: Protect
|
|-heal|p1a: Gastrodon|80/100|[from] item: Leftovers
|upkeep
|turn|9
|
|t:|1666271935
|switch|p1a: Slowking|Slowking-Galar, F|55/100
|move|p2a: Nihilego|Meteor Beam||[still]
|-prepare|p2a: Nihilego|Meteor Beam
|-boost|p2a: Nihilego|spa|1
|
|upkeep
|turn|10
|
|t:|1666271944
|move|p2a: Nihilego|Meteor Beam|p1a: Slowking|[from]lockedmove
|-damage|p1a: Slowking|0 fnt
|faint|p1a: Slowking
|-ability|p2a: Nihilego|Beast Boost|boost
|-boost|p2a: Nihilego|spe|1
|
|upkeep
|
|t:|1666271952
|switch|p1a: Blissey|Blissey, F|100/100
|turn|11
|
|t:|1666271955
|move|p2a: Nihilego|Power Gem|p1a: Blissey
|-damage|p1a: Blissey|74/100
|move|p1a: Blissey|Thunder Wave|p2a: Nihilego
|-status|p2a: Nihilego|par
|
|upkeep
|turn|12
|
|t:|1666271960
|move|p2a: Nihilego|Meteor Beam||[still]
|-prepare|p2a: Nihilego|Meteor Beam
|-boost|p2a: Nihilego|spa|1
|move|p1a: Blissey|Seismic Toss|p2a: Nihilego
|-damage|p2a: Nihilego|74/100 par
|
|upkeep
|turn|13
|
|t:|1666271963
|cant|p2a: Nihilego|par
|move|p1a: Blissey|Soft-Boiled|p1a: Blissey
|-heal|p1a: Blissey|100/100
|
|upkeep
|turn|14
|
|t:|1666271965
|move|p2a: Nihilego|Meteor Beam||[still]
|-prepare|p2a: Nihilego|Meteor Beam
|-boost|p2a: Nihilego|spa|1
|move|p1a: Blissey|Seismic Toss|p2a: Nihilego
|-damage|p2a: Nihilego|48/100 par
|
|upkeep
|turn|15
|j| cypherstest
|
|t:|1666271975
|move|p2a: Nihilego|Meteor Beam|p1a: Blissey|[from]lockedmove
|-damage|p1a: Blissey|41/100
|move|p1a: Blissey|Seismic Toss|p2a: Nihilego
|-damage|p2a: Nihilego|21/100 par
|
|upkeep
|turn|16
|
|t:|1666271980
|move|p2a: Nihilego|Power Gem|p1a: Blissey
|-damage|p1a: Blissey|0 fnt
|faint|p1a: Blissey
|-ability|p2a: Nihilego|Beast Boost|boost
|-boost|p2a: Nihilego|spe|1
|
|upkeep
|
|t:|1666271987
|switch|p1a: Clefable|Clefable, M|100/100
|turn|17
|
|t:|1666271990
|move|p2a: Nihilego|Sludge Wave|p1a: Clefable
|-supereffective|p1a: Clefable
|-damage|p1a: Clefable|16/100
|-status|p1a: Clefable|psn
|move|p1a: Clefable|Moonblast|p2a: Nihilego
|-resisted|p2a: Nihilego
|-damage|p2a: Nihilego|10/100 par
|-unboost|p2a: Nihilego|spa|1
|
|-heal|p1a: Clefable|22/100 psn|[from] item: Leftovers
|-damage|p1a: Clefable|10/100 psn|[from] psn
|upkeep
|turn|18
|
|t:|1666271996
|move|p2a: Nihilego|Sludge Wave|p1a: Clefable
|-supereffective|p1a: Clefable
|-damage|p1a: Clefable|0 fnt
|faint|p1a: Clefable
|-ability|p2a: Nihilego|Beast Boost|boost
|-boost|p2a: Nihilego|spe|1
|
|upkeep
|
|t:|1666272017
|switch|p1a: Toxapex|Toxapex, M|70/100
|turn|19
|
|t:|1666272019
|move|p2a: Nihilego|Power Gem|p1a: Toxapex
|-damage|p1a: Toxapex|0 fnt
|faint|p1a: Toxapex
|-ability|p2a: Nihilego|Beast Boost|boost
|-boost|p2a: Nihilego|spe|1
|
|upkeep
|
|t:|1666272022
|switch|p1a: Corviknight|Corviknight, M|100/100
|-ability|p1a: Corviknight|Pressure
|turn|20
|
|t:|1666272024
|move|p2a: Nihilego|Power Gem|p1a: Corviknight
|-crit|p1a: Corviknight
|-damage|p1a: Corviknight|0 fnt
|faint|p1a: Corviknight
|-ability|p2a: Nihilego|Beast Boost|boost
|-boost|p2a: Nihilego|spe|1
|
|upkeep
|
|t:|1666272043
|switch|p1a: Gastrodon|Gastrodon, F|80/100
|turn|21
|
|t:|1666272045
|move|p2a: Nihilego|Grass Knot|p1a: Gastrodon
|-supereffective|p1a: Gastrodon
|-damage|p1a: Gastrodon|0 fnt
|faint|p1a: Gastrodon
|
|win|HQSFun
|raw|Aim on mai wei's rating: 1827 &rarr; <strong>1806</strong><br />(-21 for losing)
|raw|HQSFun's rating: 1818 &rarr; <strong>1839</strong><br />(+21 for winning)
