|raw|<div class="broadcast-blue"><strong>This battle is required to be public due to a player having a name starting with 'lt91bb'.</div>
|j|☆LT91BB crying
|j|☆antarctozolt
|t:|1659069080
|gametype|singles
|player|p1|LT91BB crying|#dpppl2022luckylucarios|1795
|player|p2|antarctozolt|skier|1921
|teamsize|p1|6
|teamsize|p2|6
|gen|8
|tier|[Gen 8] OU
|rated|
|rule|Sleep Clause Mod: Limit one foe put to sleep
|rule|Species Clause: Limit one of each Pokémon
|rule|OHKO Clause: OHKO moves are banned
|rule|Evasion Moves Clause: Evasion moves are banned
|rule|Endless Battle Clause: Forcing endless battles is banned
|rule|HP Percentage Mod: HP is shown in percentages
|rule|Dynamax Clause: You cannot dynamax
|clearpoke
|poke|p1|Primarina, M|
|poke|p1|Dragapult, M|
|poke|p1|Toxtricity, M|
|poke|p1|Hydreigon, M|
|poke|p1|Ferrothorn, M|
|poke|p1|Conkeldurr, M|
|poke|p2|Hippowdon, M|
|poke|p2|Zeraora|
|poke|p2|Xatu, F|
|poke|p2|Toxapex, F|
|poke|p2|Corviknight, M|
|poke|p2|Blissey, F|
|teampreview
|l|☆LT91BB crying
|player|p1|
|inactive|Battle timer is ON: inactive players will automatically lose when time's up. (requested by antarctozolt)
|j|☆LT91BB crying
|inactive|LT91BB crying reconnected and has 130 seconds left.
|player|p1|LT91BB crying|#dpppl2022luckylucarios
|inactive|LT91BB crying also wants the timer to be on.
|inactive|LT91BB crying has 120 seconds left.
|
|t:|1659069136
|start
|switch|p1a: Imacry|Primarina, M|100/100
|switch|p2a: Zeraora|Zeraora, shiny|100/100
|turn|1
|
|t:|1659069140
|switch|p1a: hug me|Ferrothorn, M|100/100
|move|p2a: Zeraora|Knock Off|p1a: hug me
|-damage|p1a: hug me|73/100
|-damage|p2a: Zeraora|88/100|[from] ability: Iron Barbs|[of] p1a: hug me
|-enditem|p1a: hug me|Leftovers|[from] move: Knock Off|[of] p2a: Zeraora
|
|-heal|p2a: Zeraora|94/100|[from] item: Leftovers
|upkeep
|turn|2
|j| LT91BB black
|j| dem clounst
|
|t:|1659069143
|move|p2a: Zeraora|Blaze Kick|p1a: hug me
|-supereffective|p1a: hug me
|-damage|p1a: hug me|0 fnt
|-damage|p2a: Zeraora|82/100|[from] ability: Iron Barbs|[of] p1a: hug me
|faint|p1a: hug me
|
|-heal|p2a: Zeraora|88/100|[from] item: Leftovers
|upkeep
|
|t:|1659069147
|switch|p1a: big fat dude|Conkeldurr, M|100/100
|turn|3
|l| dem clounst
|j| pop smoke
|
|t:|1659069171
|switch|p2a: Corviknight|Corviknight, M, shiny|100/100
|-ability|p2a: Corviknight|Pressure
|move|p1a: big fat dude|Knock Off|p2a: Corviknight
|-damage|p2a: Corviknight|77/100
|-enditem|p2a: Corviknight|Leftovers|[from] move: Knock Off|[of] p1a: big fat dude
|
|-status|p1a: big fat dude|brn|[from] item: Flame Orb
|upkeep
|turn|4
|j| LT91BBTheTHICCman
|j| LT91BB skyfans
|j| BrothaOptions
|
|t:|1659069176
|move|p1a: big fat dude|Drain Punch|p2a: Corviknight
|-damage|p2a: Corviknight|32/100
|move|p2a: Corviknight|Brave Bird|p1a: big fat dude
|-supereffective|p1a: big fat dude
|-damage|p1a: big fat dude|25/100 brn
|-damage|p2a: Corviknight|10/100|[from] Recoil
|
|-damage|p1a: big fat dude|19/100 brn|[from] brn
|upkeep
|turn|5
|
|t:|1659069180
|switch|p2a: Toxapex|Toxapex, F, shiny|100/100
|move|p1a: big fat dude|Drain Punch|p2a: Toxapex
|-resisted|p2a: Toxapex
|-damage|p2a: Toxapex|80/100
|-heal|p1a: big fat dude|28/100 brn|[from] drain|[of] p2a: Toxapex
|
|-damage|p1a: big fat dude|22/100 brn|[from] brn
|upkeep
|turn|6
|
|t:|1659069183
|move|p1a: big fat dude|Facade|p2a: Toxapex
|-damage|p2a: Toxapex|29/100
|move|p2a: Toxapex|Recover|p2a: Toxapex
|-heal|p2a: Toxapex|79/100
|
|-damage|p1a: big fat dude|15/100 brn|[from] brn
|upkeep
|turn|7
|
|t:|1659069187
|move|p1a: big fat dude|Facade|p2a: Toxapex
|-damage|p2a: Toxapex|27/100
|move|p2a: Toxapex|Recover|p2a: Toxapex
|-heal|p2a: Toxapex|77/100
|
|-damage|p1a: big fat dude|9/100 brn|[from] brn
|upkeep
|turn|8
|l| LT91BBTheTHICCman
|
|t:|1659069189
|move|p1a: big fat dude|Knock Off|p2a: Toxapex
|-damage|p2a: Toxapex|42/100
|-enditem|p2a: Toxapex|Shed Shell|[from] move: Knock Off|[of] p1a: big fat dude
|move|p2a: Toxapex|Scald|p1a: big fat dude
|-damage|p1a: big fat dude|0 fnt
|faint|p1a: big fat dude
|
|upkeep
|j| LordDarkSkin
|j| little neverland
|j| fgvb
|
|t:|1659069203
|switch|p1a: Imacry|Primarina, M|100/100
|turn|9
|
|t:|1659069209
|switch|p2a: Blissey|Blissey, F, shiny|100/100
|move|p1a: Imacry|Substitute|p1a: Imacry
|-start|p1a: Imacry|Substitute
|-damage|p1a: Imacry|75/100
|
|-heal|p1a: Imacry|82/100|[from] item: Leftovers
|upkeep
|turn|10
|l| fgvb
|j| fgvb
|
|t:|1659069221
|switch|p2a: Toxapex|Toxapex, F, shiny|75/100
|move|p1a: Imacry|Calm Mind|p1a: Imacry
|-boost|p1a: Imacry|spa|1
|-boost|p1a: Imacry|spd|1
|
|-heal|p1a: Imacry|88/100|[from] item: Leftovers
|upkeep
|turn|11
|j| heythatsgood
|j| LT91BB Egerie
|l| fgvb
|
|t:|1659069225
|move|p1a: Imacry|Calm Mind|p1a: Imacry
|-boost|p1a: Imacry|spa|1
|-boost|p1a: Imacry|spd|1
|move|p2a: Toxapex|Light Screen|p2a: Toxapex
|-sidestart|p2: antarctozolt|move: Light Screen
|
|-heal|p1a: Imacry|94/100|[from] item: Leftovers
|upkeep
|turn|12
|j| lt91bb ez
|
|t:|1659069227
|move|p1a: Imacry|Calm Mind|p1a: Imacry
|-boost|p1a: Imacry|spa|1
|-boost|p1a: Imacry|spd|1
|move|p2a: Toxapex|Haze|p2a: Toxapex
|-clearallboost
|
|-heal|p1a: Imacry|99/100|[from] item: Leftovers
|upkeep
|turn|13
|j| LT91BB Tace
|j| wokhxrt
|
|t:|1659069233
|move|p1a: Imacry|Calm Mind|p1a: Imacry
|-boost|p1a: Imacry|spa|1
|-boost|p1a: Imacry|spd|1
|move|p2a: Toxapex|Recover|p2a: Toxapex
|-heal|p2a: Toxapex|100/100
|
|-heal|p1a: Imacry|100/100|[from] item: Leftovers
|upkeep
|turn|14
|
|t:|1659069235
|move|p1a: Imacry|Calm Mind|p1a: Imacry
|-boost|p1a: Imacry|spa|1
|-boost|p1a: Imacry|spd|1
|move|p2a: Toxapex|Haze|p2a: Toxapex
|-clearallboost
|
|upkeep
|turn|15
|j| wtf kek
|
|t:|1659069241
|switch|p1a: Serpentine|Dragapult, M|100/100
|move|p2a: Toxapex|Haze|p2a: Toxapex
|-clearallboost
|
|-sideend|p2: antarctozolt|move: Light Screen
|upkeep
|turn|16
|
|t:|1659069245
|move|p1a: Serpentine|Thunder Wave|p2a: Toxapex
|-status|p2a: Toxapex|par
|move|p2a: Toxapex|Scald|p1a: Serpentine
|-resisted|p1a: Serpentine
|-damage|p1a: Serpentine|88/100
|-status|p1a: Serpentine|brn
|
|-heal|p1a: Serpentine|94/100 brn|[from] item: Leftovers
|-damage|p1a: Serpentine|88/100 brn|[from] brn
|upkeep
|turn|17
|
|t:|1659069249
|switch|p1a: Imacry|Primarina, M|100/100
|switch|p2a: Hippowdon|Hippowdon, M, shiny|100/100
|-weather|Sandstorm|[from] ability: Sand Stream|[of] p2a: Hippowdon
|
|-weather|Sandstorm|[upkeep]
|-damage|p1a: Imacry|94/100|[from] Sandstorm
|-heal|p1a: Imacry|100/100|[from] item: Leftovers
|upkeep
|turn|18
|j| confusien
|
|t:|1659069254
|switch|p2a: Toxapex|Toxapex, F, shiny|100/100 par
|move|p1a: Imacry|Substitute|p1a: Imacry
|-start|p1a: Imacry|Substitute
|-damage|p1a: Imacry|75/100
|
|-weather|Sandstorm|[upkeep]
|-damage|p1a: Imacry|69/100|[from] Sandstorm
|-damage|p2a: Toxapex|94/100 par|[from] Sandstorm
|-heal|p1a: Imacry|75/100|[from] item: Leftovers
|upkeep
|turn|19
|
|t:|1659069256
|move|p1a: Imacry|Calm Mind|p1a: Imacry
|-boost|p1a: Imacry|spa|1
|-boost|p1a: Imacry|spd|1
|cant|p2a: Toxapex|par
|
|-weather|Sandstorm|[upkeep]
|-damage|p1a: Imacry|69/100|[from] Sandstorm
|-damage|p2a: Toxapex|88/100 par|[from] Sandstorm
|-heal|p1a: Imacry|75/100|[from] item: Leftovers
|upkeep
|turn|20
|
|t:|1659069259
|move|p1a: Imacry|Calm Mind|p1a: Imacry
|-boost|p1a: Imacry|spa|1
|-boost|p1a: Imacry|spd|1
|cant|p2a: Toxapex|par
|
|-weather|Sandstorm|[upkeep]
|-damage|p1a: Imacry|69/100|[from] Sandstorm
|-damage|p2a: Toxapex|82/100 par|[from] Sandstorm
|-heal|p1a: Imacry|75/100|[from] item: Leftovers
|upkeep
|turn|21
|j| saki X toki
|inactive|LT91BB crying has 120 seconds left.
|j|+Rencube (>◡<)
|inactive|LT91BB crying has 90 seconds left.
|
|t:|1659069336
|move|p1a: Imacry|Stored Power|p2a: Toxapex
|-supereffective|p2a: Toxapex
|-damage|p2a: Toxapex|0 fnt
|faint|p2a: Toxapex
|
|-weather|none
|-heal|p1a: Imacry|82/100|[from] item: Leftovers
|upkeep
|j| LT91BB PDC
|
|t:|1659069348
|switch|p2a: Xatu|Xatu, F, shiny|100/100
|turn|22
|
|t:|1659069351
|move|p2a: Xatu|Haze|p2a: Xatu
|-clearallboost
|move|p1a: Imacry|Draining Kiss|p2a: Xatu
|-damage|p2a: Xatu|82/100
|-heal|p1a: Imacry|94/100|[from] drain|[of] p2a: Xatu
|
|-heal|p2a: Xatu|88/100|[from] item: Leftovers
|-heal|p1a: Imacry|99/100|[from] item: Leftovers
|upkeep
|turn|23
|
|t:|1659069359
|move|p2a: Xatu|Night Shade|p1a: Imacry
|-end|p1a: Imacry|Substitute
|move|p1a: Imacry|Calm Mind|p1a: Imacry
|-boost|p1a: Imacry|spa|1
|-boost|p1a: Imacry|spd|1
|
|-heal|p2a: Xatu|94/100|[from] item: Leftovers
|-heal|p1a: Imacry|100/100|[from] item: Leftovers
|upkeep
|turn|24
|
|t:|1659069362
|switch|p1a: <3|Toxtricity, M|100/100
|move|p2a: Xatu|Haze|p2a: Xatu
|-clearallboost
|
|-heal|p2a: Xatu|99/100|[from] item: Leftovers
|upkeep
|turn|25
|
|t:|1659069367
|switch|p2a: Blissey|Blissey, F, shiny|100/100
|move|p1a: <3|Boomburst|p2a: Blissey
|-crit|p2a: Blissey
|-damage|p2a: Blissey|67/100
|-enditem|p1a: <3|Throat Spray
|-boost|p1a: <3|spa|1|[from] item: Throat Spray
|
|upkeep
|turn|26
|
|t:|1659069372
|switch|p2a: Hippowdon|Hippowdon, M, shiny|100/100
|-weather|Sandstorm|[from] ability: Sand Stream|[of] p2a: Hippowdon
|move|p1a: <3|Boomburst|p2a: Hippowdon
|-damage|p2a: Hippowdon|4/100
|
|-weather|Sandstorm|[upkeep]
|-damage|p1a: <3|94/100|[from] Sandstorm
|-heal|p2a: Hippowdon|10/100|[from] item: Leftovers
|upkeep
|turn|27
|c|☆antarctozolt|fuck is this cteam
|-message|antarctozolt forfeited.
|
|win|LT91BB crying
|raw|LT91BB crying's rating: 1795 &rarr; <strong>1822</strong><br />(+27 for winning)
|raw|antarctozolt's rating: 1921 &rarr; <strong>1894</strong><br />(-27 for losing)
|l|☆antarctozolt
