|j|☆Stads
|j|☆Makuryu
|t:|1657718212
|gametype|singles
|player|p1|Stads|266|1784
|player|p2|Makuryu|koga|1730
|teamsize|p1|6
|teamsize|p2|6
|gen|8
|tier|[Gen 8] OU
|rated|
|rule|Sleep Clause Mod: Limit one foe put to sleep
|rule|Species Clause: Limit one of each Pokémon
|rule|OHKO Clause: OHKO moves are banned
|rule|Evasion Moves Clause: Evasion moves are banned
|rule|Endless Battle Clause: Forcing endless battles is banned
|rule|HP Percentage Mod: HP is shown in percentages
|rule|Dynamax Clause: You cannot dynamax
|clearpoke
|poke|p1|Tornadus-Therian, M|
|poke|p1|Corviknight, F|
|poke|p1|Kartana|
|poke|p1|Toxapex, F|
|poke|p1|Hippowdon, M|
|poke|p1|Heatran, M|
|poke|p2|Blacephalon|
|poke|p2|Ninetales-Alola, M|
|poke|p2|Tapu Fini|
|poke|p2|Heatran, M|
|poke|p2|Garchomp, F|
|poke|p2|Kartana|
|teampreview
|j| Quagshi
|j| xuwuhanjun
|inactive|Battle timer is ON: inactive players will automatically lose when time's up. (requested by Stads)
|j| RealMadridOfficial
|
|t:|1657718254
|start
|switch|p1a: Hippowdon|Hippowdon, M|100/100
|switch|p2a: Heatran|Heatran, M|100/100
|-item|p2a: Heatran|Air Balloon
|-weather|Sandstorm|[from] ability: Sand Stream|[of] p1a: Hippowdon
|turn|1
|l| xuwuhanjun
|
|t:|1657718263
|switch|p1a: Tornadus|Tornadus-Therian, M|100/100
|move|p2a: Heatran|Magma Storm|p1a: Tornadus
|-damage|p1a: Tornadus|66/100
|-activate|p1a: Tornadus|move: Magma Storm|[of] p2a: Heatran
|
|-weather|Sandstorm|[upkeep]
|-damage|p1a: Tornadus|60/100|[from] Sandstorm
|-damage|p1a: Tornadus|48/100|[from] move: Magma Storm|[partiallytrapped]
|upkeep
|turn|2
|
|t:|1657718271
|move|p1a: Tornadus|U-turn|p2a: Heatran
|-resisted|p2a: Heatran
|-damage|p2a: Heatran|98/100
|-status|p1a: Tornadus|brn|[from] ability: Flame Body|[of] p2a: Heatran
|-enditem|p2a: Heatran|Air Balloon
|j| Go b4 it gets dark
|
|t:|1657718274
|switch|p1a: Toxapex|Toxapex, F|100/100|[from]move: U-turn
|move|p2a: Heatran|Stealth Rock|p1a: Toxapex
|-sidestart|p1: Stads|move: Stealth Rock
|
|-weather|Sandstorm|[upkeep]
|-damage|p1a: Toxapex|94/100|[from] Sandstorm
|upkeep
|turn|3
|l| Go b4 it gets dark
|inactive|Makuryu has 120 seconds left.
|
|t:|1657718316
|move|p2a: Heatran|Will-O-Wisp|p1a: Toxapex
|-status|p1a: Toxapex|brn
|move|p1a: Toxapex|Scald|p2a: Heatran
|-supereffective|p2a: Heatran
|-damage|p2a: Heatran|68/100
|
|-weather|Sandstorm|[upkeep]
|-damage|p1a: Toxapex|88/100 brn|[from] Sandstorm
|-damage|p1a: Toxapex|82/100 brn|[from] brn
|upkeep
|turn|4
|
|t:|1657718332
|move|p2a: Heatran|Earth Power|p1a: Toxapex
|-supereffective|p1a: Toxapex
|-damage|p1a: Toxapex|40/100 brn
|-unboost|p1a: Toxapex|spd|1
|move|p1a: Toxapex|Scald|p2a: Heatran
|-supereffective|p2a: Heatran
|-damage|p2a: Heatran|38/100
|
|-weather|Sandstorm|[upkeep]
|-damage|p1a: Toxapex|34/100 brn|[from] Sandstorm
|-damage|p1a: Toxapex|28/100 brn|[from] brn
|upkeep
|turn|5
|inactive|Makuryu has 120 seconds left.
|
|t:|1657718343
|switch|p1a: Hippowdon|Hippowdon, M|100/100
|-damage|p1a: Hippowdon|94/100|[from] Stealth Rock
|move|p2a: Heatran|Magma Storm|p1a: Hippowdon|[miss]
|-miss|p2a: Heatran|p1a: Hippowdon
|
|-weather|none
|-heal|p1a: Hippowdon|100/100|[from] item: Leftovers
|upkeep
|turn|6
|j| 0den
|inactive|Makuryu has 120 seconds left.
|j| Hokageonuruto
|
|t:|1657718352
|move|p2a: Heatran|Will-O-Wisp|p1a: Hippowdon
|-status|p1a: Hippowdon|brn
|move|p1a: Hippowdon|Earthquake|p2a: Heatran
|-supereffective|p2a: Heatran
|-damage|p2a: Heatran|0 fnt
|faint|p2a: Heatran
|
|-damage|p1a: Hippowdon|94/100 brn|[from] brn
|upkeep
|inactive|Makuryu has 120 seconds left.
|
|t:|1657718361
|switch|p2a: Ninetales|Ninetales-Alola, M|100/100
|-weather|Hail|[from] ability: Snow Warning|[of] p2a: Ninetales
|turn|7
|l| 0den
|
|t:|1657718372
|switch|p1a: Corviknight|Corviknight, F|100/100
|-damage|p1a: Corviknight|88/100|[from] Stealth Rock
|-ability|p1a: Corviknight|Pressure
|move|p2a: Ninetales|Aurora Veil|p2a: Ninetales
|-sidestart|p2: Makuryu|move: Aurora Veil
|
|-weather|Hail|[upkeep]
|-damage|p1a: Corviknight|82/100|[from] Hail
|-heal|p1a: Corviknight|88/100|[from] item: Leftovers
|upkeep
|turn|8
|
|t:|1657718384
|switch|p2a: Garchomp|Garchomp, F|100/100
|move|p1a: Corviknight|Defog|p2a: Garchomp
|-unboost|p2a: Garchomp|evasion|1
|-sideend|p2: Makuryu|move: Aurora Veil
|-sideend|p1: Stads|Stealth Rock|[from] move: Defog|[of] p1a: Corviknight
|
|-weather|Hail|[upkeep]
|-damage|p2a: Garchomp|94/100|[from] Hail
|-damage|p1a: Corviknight|82/100|[from] Hail
|-heal|p2a: Garchomp|100/100|[from] item: Leftovers
|-heal|p1a: Corviknight|88/100|[from] item: Leftovers
|upkeep
|turn|9
|
|t:|1657718394
|switch|p1a: Hippowdon|Hippowdon, M|94/100 brn
|-weather|Sandstorm|[from] ability: Sand Stream|[of] p1a: Hippowdon
|move|p2a: Garchomp|Swords Dance|p2a: Garchomp
|-boost|p2a: Garchomp|atk|2
|
|-weather|Sandstorm|[upkeep]
|-heal|p1a: Hippowdon|100/100 brn|[from] item: Leftovers
|-damage|p1a: Hippowdon|94/100 brn|[from] brn
|upkeep
|turn|10
|
|t:|1657718404
|move|p2a: Garchomp|Earthquake|p1a: Hippowdon
|-damage|p1a: Hippowdon|22/100 brn
|move|p1a: Hippowdon|Toxic|p2a: Garchomp
|-status|p2a: Garchomp|tox
|
|-weather|Sandstorm|[upkeep]
|-heal|p1a: Hippowdon|28/100 brn|[from] item: Leftovers
|-damage|p2a: Garchomp|94/100 tox|[from] psn
|-damage|p1a: Hippowdon|22/100 brn|[from] brn
|upkeep
|turn|11
|j| Nana Baba
|
|t:|1657718413
|move|p2a: Garchomp|Fire Fang|p1a: Hippowdon
|-damage|p1a: Hippowdon|0 fnt
|faint|p1a: Hippowdon
|
|-weather|Sandstorm|[upkeep]
|-heal|p2a: Garchomp|100/100 tox|[from] item: Leftovers
|-damage|p2a: Garchomp|88/100 tox|[from] psn
|upkeep
|
|t:|1657718418
|switch|p1a: Tornadus|Tornadus-Therian, M|81/100 brn
|turn|12
|j| GoldenStateIdiots
|
|t:|1657718422
|move|p1a: Tornadus|Hurricane|p2a: Garchomp
|-damage|p2a: Garchomp|33/100 tox
|move|p2a: Garchomp|Scale Shot|p1a: Tornadus
|-damage|p1a: Tornadus|49/100 brn
|-damage|p1a: Tornadus|14/100 brn
|-damage|p1a: Tornadus|0 fnt
|faint|p1a: Tornadus
|-hitcount|p1: Tornadus|3
|-unboost|p2a: Garchomp|def|1
|-boost|p2a: Garchomp|spe|1
|
|-weather|Sandstorm|[upkeep]
|-heal|p2a: Garchomp|39/100 tox|[from] item: Leftovers
|-damage|p2a: Garchomp|21/100 tox|[from] psn
|upkeep
|
|t:|1657718425
|switch|p1a: Kartana|Kartana|100/100
|turn|13
|j| Nightsuwu
|j| Go b4 it gets dark
|l| Go b4 it gets dark
|
|t:|1657718443
|move|p1a: Kartana|Knock Off|p2a: Garchomp
|-damage|p2a: Garchomp|0 fnt
|-damage|p1a: Kartana|88/100|[from] ability: Rough Skin|[of] p2a: Garchomp
|-enditem|p2a: Garchomp|Leftovers|[from] move: Knock Off|[of] p1a: Kartana
|faint|p2a: Garchomp
|-ability|p1a: Kartana|Beast Boost|boost
|-boost|p1a: Kartana|atk|1
|
|-weather|none
|upkeep
|
|t:|1657718453
|switch|p2a: Ninetales|Ninetales-Alola, M|100/100
|-weather|Hail|[from] ability: Snow Warning|[of] p2a: Ninetales
|turn|14
|
|t:|1657718457
|switch|p1a: Heatran|Heatran, M|100/100
|move|p2a: Ninetales|Aurora Veil|p2a: Ninetales
|-sidestart|p2: Makuryu|move: Aurora Veil
|
|-weather|Hail|[upkeep]
|-damage|p1a: Heatran|94/100|[from] Hail
|-heal|p1a: Heatran|100/100|[from] item: Leftovers
|upkeep
|turn|15
|
|t:|1657718472
|switch|p2a: Blacephalon|Blacephalon|100/100
|move|p1a: Heatran|Taunt|p2a: Blacephalon
|-start|p2a: Blacephalon|move: Taunt
|
|-weather|Hail|[upkeep]
|-damage|p2a: Blacephalon|94/100|[from] Hail
|-damage|p1a: Heatran|94/100|[from] Hail
|-heal|p1a: Heatran|100/100|[from] item: Leftovers
|upkeep
|turn|16
|
|t:|1657718483
|move|p2a: Blacephalon|Shadow Ball|p1a: Heatran
|-damage|p1a: Heatran|77/100
|move|p1a: Heatran|Toxic|p2a: Blacephalon
|-status|p2a: Blacephalon|tox
|
|-weather|Hail|[upkeep]
|-damage|p2a: Blacephalon|88/100 tox|[from] Hail
|-damage|p1a: Heatran|71/100|[from] Hail
|-heal|p1a: Heatran|77/100|[from] item: Leftovers
|-damage|p2a: Blacephalon|82/100 tox|[from] psn
|upkeep
|turn|17
|j| Go b4 it gets dark
|j| D/H-347
|inactive|Makuryu has 120 seconds left.
|
|t:|1657718513
|switch|p2a: Tapu Fini|Tapu Fini|100/100
|-fieldstart|move: Misty Terrain|[from] ability: Misty Surge|[of] p2a: Tapu Fini
|move|p1a: Heatran|Protect||[still]
|-fail|p1a: Heatran
|
|-weather|Hail|[upkeep]
|-damage|p2a: Tapu Fini|94/100|[from] Hail
|-damage|p1a: Heatran|71/100|[from] Hail
|-heal|p1a: Heatran|77/100|[from] item: Leftovers
|upkeep
|turn|18
|inactive|Makuryu has 120 seconds left.
|
|t:|1657718528
|move|p1a: Heatran|Protect|p1a: Heatran
|-singleturn|p1a: Heatran|Protect
|move|p2a: Tapu Fini|Calm Mind|p2a: Tapu Fini
|-boost|p2a: Tapu Fini|spa|1
|-boost|p2a: Tapu Fini|spd|1
|
|-weather|none
|-heal|p1a: Heatran|83/100|[from] item: Leftovers
|upkeep
|turn|19
|inactive|Makuryu has 120 seconds left.
|
|t:|1657718542
|switch|p1a: Toxapex|Toxapex, F|61/100 brn
|move|p2a: Tapu Fini|Taunt|p1a: Toxapex
|-start|p1a: Toxapex|move: Taunt
|
|-damage|p1a: Toxapex|55/100 brn|[from] brn
|upkeep
|turn|20
|
|t:|1657718549
|move|p2a: Tapu Fini|Calm Mind|p2a: Tapu Fini
|-boost|p2a: Tapu Fini|spa|1
|-boost|p2a: Tapu Fini|spd|1
|move|p1a: Toxapex|Knock Off|p2a: Tapu Fini
|-resisted|p2a: Tapu Fini
|-damage|p2a: Tapu Fini|93/100
|-enditem|p2a: Tapu Fini|Weakness Policy|[from] move: Knock Off|[of] p1a: Toxapex
|
|-damage|p1a: Toxapex|49/100 brn|[from] brn
|upkeep
|turn|21
|
|t:|1657718558
|switch|p1a: Corviknight|Corviknight, F|88/100
|-ability|p1a: Corviknight|Pressure
|move|p2a: Tapu Fini|Surf|p1a: Corviknight
|-damage|p1a: Corviknight|31/100
|
|-heal|p1a: Corviknight|38/100|[from] item: Leftovers
|-sideend|p2: Makuryu|move: Aurora Veil
|-fieldend|Misty Terrain
|upkeep
|turn|22
|
|t:|1657718566
|move|p2a: Tapu Fini|Surf|p1a: Corviknight
|-damage|p1a: Corviknight|0 fnt
|faint|p1a: Corviknight
|
|upkeep
|
|t:|1657718568
|switch|p1a: Kartana|Kartana|88/100
|turn|23
|l| Hokageonuruto
|inactive|Makuryu has 120 seconds left.
|
|t:|1657718610
|switch|p2a: Kartana|Kartana|100/100
|move|p1a: Kartana|Leaf Blade|p2a: Kartana
|-resisted|p2a: Kartana
|-damage|p2a: Kartana|84/100
|
|upkeep
|turn|24
|
|t:|1657718632
|switch|p1a: Toxapex|Toxapex, F|82/100 brn
|move|p2a: Kartana|Sacred Sword|p1a: Toxapex
|-resisted|p1a: Toxapex
|-damage|p1a: Toxapex|71/100 brn
|
|-damage|p1a: Toxapex|64/100 brn|[from] brn
|upkeep
|turn|25
|j| 0den
|l| 0den
|
|t:|1657718642
|switch|p2a: Ninetales|Ninetales-Alola, M|100/100
|-weather|Hail|[from] ability: Snow Warning|[of] p2a: Ninetales
|switch|p1a: Heatran|Heatran, M|83/100
|
|-weather|Hail|[upkeep]
|-damage|p1a: Heatran|77/100|[from] Hail
|-heal|p1a: Heatran|83/100|[from] item: Leftovers
|upkeep
|turn|26
|
|t:|1657718653
|move|p2a: Ninetales|Aurora Veil|p2a: Ninetales
|-sidestart|p2: Makuryu|move: Aurora Veil
|move|p1a: Heatran|Magma Storm|p2a: Ninetales|[miss]
|-miss|p1a: Heatran|p2a: Ninetales
|
|-weather|Hail|[upkeep]
|-damage|p1a: Heatran|77/100|[from] Hail
|-heal|p1a: Heatran|83/100|[from] item: Leftovers
|upkeep
|turn|27
|j| fazds
|inactive|Makuryu has 90 seconds left.
|inactive|Makuryu has 60 seconds left.
|
|t:|1657718711
|switch|p2a: Tapu Fini|Tapu Fini|93/100
|-fieldstart|move: Misty Terrain|[from] ability: Misty Surge|[of] p2a: Tapu Fini
|move|p1a: Heatran|Magma Storm|p2a: Tapu Fini
|-resisted|p2a: Tapu Fini
|-damage|p2a: Tapu Fini|85/100
|-activate|p2a: Tapu Fini|move: Magma Storm|[of] p1a: Heatran
|
|-weather|Hail|[upkeep]
|-damage|p2a: Tapu Fini|78/100|[from] Hail
|-damage|p1a: Heatran|77/100|[from] Hail
|-heal|p1a: Heatran|83/100|[from] item: Leftovers
|-damage|p2a: Tapu Fini|66/100|[from] move: Magma Storm|[partiallytrapped]
|upkeep
|turn|28
|inactive|Makuryu has 60 seconds left.
|
|t:|1657718726
|move|p1a: Heatran|Protect|p1a: Heatran
|-singleturn|p1a: Heatran|Protect
|move|p2a: Tapu Fini|Calm Mind|p2a: Tapu Fini
|-boost|p2a: Tapu Fini|spa|1
|-boost|p2a: Tapu Fini|spd|1
|
|-weather|Hail|[upkeep]
|-damage|p2a: Tapu Fini|60/100|[from] Hail
|-damage|p1a: Heatran|77/100|[from] Hail
|-heal|p1a: Heatran|83/100|[from] item: Leftovers
|-damage|p2a: Tapu Fini|47/100|[from] move: Magma Storm|[partiallytrapped]
|upkeep
|turn|29
|
|t:|1657718736
|switch|p1a: Toxapex|Toxapex, F|98/100 brn
|move|p2a: Tapu Fini|Surf|p1a: Toxapex
|-resisted|p1a: Toxapex
|-damage|p1a: Toxapex|79/100 brn
|
|-weather|none
|-damage|p1a: Toxapex|73/100 brn|[from] brn
|-end|p2a: Tapu Fini|Magma Storm|[partiallytrapped]|[silent]
|upkeep
|turn|30
|
|t:|1657718747
|switch|p1a: Kartana|Kartana|88/100
|move|p2a: Tapu Fini|Taunt|p1a: Kartana
|-start|p1a: Kartana|move: Taunt
|
|upkeep
|turn|31
|
|t:|1657718753
|move|p1a: Kartana|Leaf Blade|p2a: Tapu Fini
|-supereffective|p2a: Tapu Fini
|-damage|p2a: Tapu Fini|7/100
|move|p2a: Tapu Fini|Surf|p1a: Kartana
|-resisted|p1a: Kartana
|-damage|p1a: Kartana|20/100
|
|-fieldend|Misty Terrain
|upkeep
|turn|32
|
|t:|1657718760
|switch|p2a: Kartana|Kartana|84/100
|move|p1a: Kartana|Leaf Blade|p2a: Kartana
|-resisted|p2a: Kartana
|-damage|p2a: Kartana|76/100
|
|-end|p1a: Kartana|move: Taunt
|upkeep
|turn|33
|
|t:|1657718768
|switch|p1a: Toxapex|Toxapex, F|100/100 brn
|move|p2a: Kartana|Knock Off|p1a: Toxapex
|-damage|p1a: Toxapex|76/100 brn
|-enditem|p1a: Toxapex|Shed Shell|[from] move: Knock Off|[of] p2a: Kartana
|
|-damage|p1a: Toxapex|70/100 brn|[from] brn
|-sideend|p2: Makuryu|move: Aurora Veil
|upkeep
|turn|34
|
|t:|1657718777
|switch|p2a: Ninetales|Ninetales-Alola, M|100/100
|-weather|Hail|[from] ability: Snow Warning|[of] p2a: Ninetales
|move|p1a: Toxapex|Knock Off|p2a: Ninetales
|-resisted|p2a: Ninetales
|-damage|p2a: Ninetales|96/100
|-enditem|p2a: Ninetales|Light Clay|[from] move: Knock Off|[of] p1a: Toxapex
|
|-weather|Hail|[upkeep]
|-damage|p1a: Toxapex|64/100 brn|[from] Hail
|-damage|p1a: Toxapex|58/100 brn|[from] brn
|upkeep
|turn|35
|inactive|Makuryu has 90 seconds left.
|
|t:|1657718788
|switch|p1a: Heatran|Heatran, M|83/100
|move|p2a: Ninetales|Aurora Veil|p2a: Ninetales
|-sidestart|p2: Makuryu|move: Aurora Veil
|
|-weather|Hail|[upkeep]
|-damage|p1a: Heatran|77/100|[from] Hail
|-heal|p1a: Heatran|83/100|[from] item: Leftovers
|upkeep
|turn|36
|inactive|Makuryu has 90 seconds left.
|
|t:|1657718810
|switch|p2a: Tapu Fini|Tapu Fini|7/100
|-fieldstart|move: Misty Terrain|[from] ability: Misty Surge|[of] p2a: Tapu Fini
|move|p1a: Heatran|Magma Storm|p2a: Tapu Fini
|-resisted|p2a: Tapu Fini
|-damage|p2a: Tapu Fini|0 fnt
|faint|p2a: Tapu Fini
|
|-weather|Hail|[upkeep]
|-damage|p1a: Heatran|77/100|[from] Hail
|-heal|p1a: Heatran|83/100|[from] item: Leftovers
|upkeep
|
|t:|1657718823
|switch|p2a: Blacephalon|Blacephalon|82/100 tox
|turn|37
|
|t:|1657718829
|move|p1a: Heatran|Protect|p1a: Heatran
|-singleturn|p1a: Heatran|Protect
|move|p2a: Blacephalon|Calm Mind|p2a: Blacephalon
|-boost|p2a: Blacephalon|spa|1
|-boost|p2a: Blacephalon|spd|1
|
|-weather|Hail|[upkeep]
|-damage|p2a: Blacephalon|76/100 tox|[from] Hail
|-damage|p1a: Heatran|77/100|[from] Hail
|-heal|p1a: Heatran|83/100|[from] item: Leftovers
|-damage|p2a: Blacephalon|69/100 tox|[from] psn
|upkeep
|turn|38
|l| GoldenStateIdiots
|
|t:|1657718839
|move|p2a: Blacephalon|Shadow Ball|p1a: Heatran
|-damage|p1a: Heatran|46/100
|move|p1a: Heatran|Magma Storm|p2a: Blacephalon|[miss]
|-miss|p1a: Heatran|p2a: Blacephalon
|
|-weather|none
|-heal|p1a: Heatran|52/100|[from] item: Leftovers
|-damage|p2a: Blacephalon|57/100 tox|[from] psn
|upkeep
|turn|39
|inactive|Makuryu has 90 seconds left.
|j| GoldenStateIdiots
|
|t:|1657718850
|move|p1a: Heatran|Protect|p1a: Heatran
|-singleturn|p1a: Heatran|Protect
|move|p2a: Blacephalon|Shadow Ball|p1a: Heatran
|-activate|p1a: Heatran|move: Protect
|
|-heal|p1a: Heatran|58/100|[from] item: Leftovers
|-damage|p2a: Blacephalon|38/100 tox|[from] psn
|-sideend|p2: Makuryu|move: Aurora Veil
|upkeep
|turn|40
|inactive|Makuryu has 90 seconds left.
|
|t:|1657718858
|move|p2a: Blacephalon|Shadow Ball|p1a: Heatran
|-damage|p1a: Heatran|24/100
|move|p1a: Heatran|Magma Storm|p2a: Blacephalon|[miss]
|-miss|p1a: Heatran|p2a: Blacephalon
|
|-heal|p1a: Heatran|30/100|[from] item: Leftovers
|-damage|p2a: Blacephalon|14/100 tox|[from] psn
|-fieldend|Misty Terrain
|upkeep
|turn|41
|inactive|Makuryu has 90 seconds left.
|
|t:|1657718870
|switch|p2a: Kartana|Kartana|76/100
|move|p1a: Heatran|Protect||[still]
|-fail|p1a: Heatran
|
|-heal|p1a: Heatran|36/100|[from] item: Leftovers
|upkeep
|turn|42
|
|t:|1657718877
|move|p1a: Heatran|Protect|p1a: Heatran
|-singleturn|p1a: Heatran|Protect
|move|p2a: Kartana|Sacred Sword|p1a: Heatran
|-activate|p1a: Heatran|move: Protect
|
|-heal|p1a: Heatran|42/100|[from] item: Leftovers
|upkeep
|turn|43
|j| onlytalkwhenuhax
|l| D/H-347
|j| J2Jump
|
|t:|1657718884
|switch|p2a: Ninetales|Ninetales-Alola, M|96/100
|-weather|Hail|[from] ability: Snow Warning|[of] p2a: Ninetales
|switch|p1a: Toxapex|Toxapex, F|91/100 brn
|
|-weather|Hail|[upkeep]
|-damage|p1a: Toxapex|85/100 brn|[from] Hail
|-damage|p1a: Toxapex|78/100 brn|[from] brn
|upkeep
|turn|44
|
|t:|1657718895
|switch|p1a: Heatran|Heatran, M|42/100
|move|p2a: Ninetales|Aurora Veil|p2a: Ninetales
|-sidestart|p2: Makuryu|move: Aurora Veil
|
|-weather|Hail|[upkeep]
|-damage|p1a: Heatran|36/100|[from] Hail
|-heal|p1a: Heatran|42/100|[from] item: Leftovers
|upkeep
|turn|45
|
|t:|1657718902
|switch|p2a: Blacephalon|Blacephalon|14/100 tox
|move|p1a: Heatran|Toxic|p2a: Blacephalon
|-fail|p2a: Blacephalon|tox
|
|-weather|Hail|[upkeep]
|-damage|p2a: Blacephalon|7/100 tox|[from] Hail
|-damage|p1a: Heatran|36/100|[from] Hail
|-heal|p1a: Heatran|42/100|[from] item: Leftovers
|-damage|p2a: Blacephalon|1/100 tox|[from] psn
|upkeep
|turn|46
|j| amln
|
|t:|1657718924
|switch|p2a: Ninetales|Ninetales-Alola, M|96/100
|move|p1a: Heatran|Protect||[still]
|-fail|p1a: Heatran
|
|-weather|Hail|[upkeep]
|-damage|p1a: Heatran|36/100|[from] Hail
|-heal|p1a: Heatran|42/100|[from] item: Leftovers
|upkeep
|turn|47
|j| gewsgsgsd
|
|t:|1657718933
|move|p2a: Ninetales|Encore|p1a: Heatran
|-start|p1a: Heatran|Encore
|move|p1a: Heatran|Protect||[still]
|-fail|p1a: Heatran
|
|-weather|none
|-heal|p1a: Heatran|49/100|[from] item: Leftovers
|upkeep
|turn|48
|
|t:|1657718939
|switch|p2a: Kartana|Kartana|76/100
|switch|p1a: Toxapex|Toxapex, F|100/100 brn
|
|-damage|p1a: Toxapex|94/100 brn|[from] brn
|-sideend|p2: Makuryu|move: Aurora Veil
|upkeep
|turn|49
|j| Maximilliona
|
|t:|1657718946
|move|p2a: Kartana|Leaf Blade|p1a: Toxapex
|-damage|p1a: Toxapex|60/100 brn
|move|p1a: Toxapex|Scald|p2a: Kartana
|-resisted|p2a: Kartana
|-damage|p2a: Kartana|51/100
|
|-damage|p1a: Toxapex|54/100 brn|[from] brn
|upkeep
|turn|50
|
|t:|1657718957
|switch|p1a: Heatran|Heatran, M|49/100
|move|p2a: Kartana|Leaf Blade|p1a: Heatran
|-resisted|p1a: Heatran
|-damage|p1a: Heatran|36/100
|
|-heal|p1a: Heatran|42/100|[from] item: Leftovers
|upkeep
|turn|51
|
|t:|1657718968
|switch|p2a: Ninetales|Ninetales-Alola, M|96/100
|-weather|Hail|[from] ability: Snow Warning|[of] p2a: Ninetales
|move|p1a: Heatran|Toxic|p2a: Ninetales
|-status|p2a: Ninetales|tox
|
|-weather|Hail|[upkeep]
|-damage|p1a: Heatran|36/100|[from] Hail
|-heal|p1a: Heatran|42/100|[from] item: Leftovers
|-damage|p2a: Ninetales|90/100 tox|[from] psn
|upkeep
|turn|52
|
|t:|1657718980
|move|p2a: Ninetales|Encore|p1a: Heatran
|-start|p1a: Heatran|Encore
|move|p1a: Heatran|Toxic|p2a: Ninetales
|-fail|p2a: Ninetales|tox
|
|-weather|Hail|[upkeep]
|-damage|p1a: Heatran|36/100|[from] Hail
|-heal|p1a: Heatran|42/100|[from] item: Leftovers
|-damage|p2a: Ninetales|78/100 tox|[from] psn
|upkeep
|turn|53
|j| Ghost_Jacky
|
|t:|1657718989
|switch|p2a: Kartana|Kartana|51/100
|switch|p1a: Toxapex|Toxapex, F|87/100 brn
|
|-weather|Hail|[upkeep]
|-damage|p2a: Kartana|45/100|[from] Hail
|-damage|p1a: Toxapex|81/100 brn|[from] Hail
|-damage|p1a: Toxapex|75/100 brn|[from] brn
|upkeep
|turn|54
|inactive|Makuryu has 120 seconds left.
|
|t:|1657718997
|move|p2a: Kartana|Leaf Blade|p1a: Toxapex
|-damage|p1a: Toxapex|39/100 brn
|move|p1a: Toxapex|Recover|p1a: Toxapex
|-heal|p1a: Toxapex|89/100 brn
|
|-weather|Hail|[upkeep]
|-damage|p2a: Kartana|39/100|[from] Hail
|-damage|p1a: Toxapex|83/100 brn|[from] Hail
|-damage|p1a: Toxapex|77/100 brn|[from] brn
|upkeep
|turn|55
|
|t:|1657719006
|move|p2a: Kartana|Leaf Blade|p1a: Toxapex
|-damage|p1a: Toxapex|39/100 brn
|move|p1a: Toxapex|Scald|p2a: Kartana
|-resisted|p2a: Kartana
|-damage|p2a: Kartana|12/100
|-status|p2a: Kartana|brn
|
|-weather|none
|-damage|p2a: Kartana|6/100 brn|[from] brn
|-damage|p1a: Toxapex|33/100 brn|[from] brn
|upkeep
|turn|56
|-message|Makuryu forfeited.
|
|win|Stads
|raw|Stads's rating: 1784 &rarr; <strong>1801</strong><br />(+17 for winning)
|raw|Makuryu's rating: 1730 &rarr; <strong>1713</strong><br />(-17 for losing)
|l|☆Makuryu
|l| Ghost_Jacky
|l| J2Jump
|c|☆Stads|gg
|l| Nana Baba
|l| Maximilliona
|l| Quagshi
|l| Nightsuwu
||Ladder isn't responding, score probably updated but might not have (Request timeout).
