|j|☆now you lose
|j|☆Stads
|t:|1664827494
|gametype|singles
|player|p1|now you lose|skier|1786
|player|p2|Stads|102|1820
|teamsize|p1|6
|teamsize|p2|6
|gen|8
|tier|[Gen 8] OU
|rated|
|rule|Sleep Clause Mod: Limit one foe put to sleep
|rule|Species Clause: Limit one of each Pokémon
|rule|OHKO Clause: OHKO moves are banned
|rule|Evasion Items Clause: Evasion items are banned
|rule|Evasion Moves Clause: Evasion moves are banned
|rule|Endless Battle Clause: Forcing endless battles is banned
|rule|HP Percentage Mod: HP is shown in percentages
|rule|Dynamax Clause: You cannot dynamax
|clearpoke
|poke|p1|Ninetales-Alola, F|
|poke|p1|Dragapult, M|
|poke|p1|Kommo-o, F|
|poke|p1|Volcarona, M|
|poke|p1|Corviknight, F|
|poke|p1|Mew|
|poke|p2|Tornadus-Therian, M|
|poke|p2|Corviknight, F|
|poke|p2|Kartana|
|poke|p2|Toxapex, F|
|poke|p2|Hippowdon, M|
|poke|p2|Heatran, M|
|teampreview
|inactive|Battle timer is ON: inactive players will automatically lose when time's up. (requested by now you lose)
|
|t:|1664827503
|start
|switch|p1a: Mew|Mew|100/100
|switch|p2a: Hippowdon|Hippowdon, M|100/100
|-weather|Sandstorm|[from] ability: Sand Stream|[of] p2a: Hippowdon
|turn|1
|
|t:|1664827506
|move|p1a: Mew|Taunt|p2a: Hippowdon
|-start|p2a: Hippowdon|move: Taunt
|move|p2a: Hippowdon|Earthquake|p1a: Mew
|-damage|p1a: Mew|68/100
|
|-weather|Sandstorm|[upkeep]
|-damage|p1a: Mew|61/100|[from] Sandstorm
|upkeep
|turn|2
|
|t:|1664827510
|move|p1a: Mew|Cosmic Power|p1a: Mew
|-boost|p1a: Mew|def|1
|-boost|p1a: Mew|spd|1
|move|p2a: Hippowdon|Earthquake|p1a: Mew
|-damage|p1a: Mew|39/100
|
|-weather|Sandstorm|[upkeep]
|-damage|p1a: Mew|33/100|[from] Sandstorm
|upkeep
|turn|3
|
|t:|1664827513
|switch|p2a: Tornadus|Tornadus-Therian, M|100/100
|move|p1a: Mew|Roost|p1a: Mew
|-heal|p1a: Mew|83/100
|-singleturn|p1a: Mew|move: Roost
|
|-weather|Sandstorm|[upkeep]
|-damage|p2a: Tornadus|94/100|[from] Sandstorm
|-damage|p1a: Mew|76/100|[from] Sandstorm
|upkeep
|turn|4
|
|t:|1664827518
|move|p2a: Tornadus|Knock Off|p1a: Mew
|-supereffective|p1a: Mew
|-damage|p1a: Mew|53/100
|-enditem|p1a: Mew|Weakness Policy
|-boost|p1a: Mew|atk|2|[from] item: Weakness Policy
|-boost|p1a: Mew|spa|2|[from] item: Weakness Policy
|move|p1a: Mew|Cosmic Power|p1a: Mew
|-boost|p1a: Mew|def|1
|-boost|p1a: Mew|spd|1
|
|-weather|Sandstorm|[upkeep]
|-damage|p2a: Tornadus|88/100|[from] Sandstorm
|-damage|p1a: Mew|47/100|[from] Sandstorm
|upkeep
|turn|5
|
|t:|1664827524
|move|p2a: Tornadus|U-turn|p1a: Mew
|-supereffective|p1a: Mew
|-damage|p1a: Mew|34/100
|
|t:|1664827526
|switch|p2a: Heatran|Heatran, M|100/100|[from]move: U-turn
|move|p1a: Mew|Roost|p1a: Mew
|-heal|p1a: Mew|84/100
|-singleturn|p1a: Mew|move: Roost
|
|-weather|none
|upkeep
|turn|6
|
|t:|1664827529
|move|p1a: Mew|Taunt|p2a: Heatran
|-start|p2a: Heatran|move: Taunt
|cant|p2a: Heatran|move: Taunt|Toxic
|
|upkeep
|turn|7
|
|t:|1664827537
|switch|p2a: Corviknight|Corviknight, F|100/100
|-ability|p2a: Corviknight|Pressure
|move|p1a: Mew|Cosmic Power|p1a: Mew
|-boost|p1a: Mew|def|1
|-boost|p1a: Mew|spd|1
|
|upkeep
|turn|8
|
|t:|1664827540
|move|p1a: Mew|Taunt|p2a: Corviknight
|-start|p2a: Corviknight|move: Taunt
|move|p2a: Corviknight|U-turn|p1a: Mew
|-supereffective|p1a: Mew
|-damage|p1a: Mew|75/100
|
|t:|1664827542
|switch|p2a: Hippowdon|Hippowdon, M|100/100|[from]move: U-turn
|-weather|Sandstorm|[from] ability: Sand Stream|[of] p2a: Hippowdon
|
|-weather|Sandstorm|[upkeep]
|-damage|p1a: Mew|69/100|[from] Sandstorm
|upkeep
|turn|9
|
|t:|1664827544
|move|p1a: Mew|Taunt|p2a: Hippowdon
|-start|p2a: Hippowdon|move: Taunt
|move|p2a: Hippowdon|Earthquake|p1a: Mew
|-damage|p1a: Mew|55/100
|
|-weather|Sandstorm|[upkeep]
|-damage|p1a: Mew|49/100|[from] Sandstorm
|upkeep
|turn|10
|
|t:|1664827548
|switch|p2a: Heatran|Heatran, M|100/100
|move|p1a: Mew|Roost|p1a: Mew
|-heal|p1a: Mew|99/100
|-singleturn|p1a: Mew|move: Roost
|
|-weather|Sandstorm|[upkeep]
|-damage|p1a: Mew|93/100|[from] Sandstorm
|upkeep
|turn|11
|
|t:|1664827550
|move|p1a: Mew|Taunt|p2a: Heatran
|-start|p2a: Heatran|move: Taunt
|move|p2a: Heatran|Magma Storm|p1a: Mew
|-damage|p1a: Mew|78/100
|-activate|p1a: Mew|move: Magma Storm|[of] p2a: Heatran
|
|-weather|Sandstorm|[upkeep]
|-damage|p1a: Mew|72/100|[from] Sandstorm
|-damage|p1a: Mew|59/100|[from] move: Magma Storm|[partiallytrapped]
|upkeep
|turn|12
|
|t:|1664827560
|move|p1a: Mew|Stored Power|p2a: Heatran
|-resisted|p2a: Heatran
|-damage|p2a: Heatran|54/100
|move|p2a: Heatran|Magma Storm|p1a: Mew|[miss]
|-miss|p2a: Heatran|p1a: Mew
|
|-weather|none
|-heal|p2a: Heatran|60/100|[from] item: Leftovers
|-damage|p1a: Mew|47/100|[from] move: Magma Storm|[partiallytrapped]
|upkeep
|turn|13
|
|t:|1664827565
|move|p1a: Mew|Stored Power|p2a: Heatran
|-resisted|p2a: Heatran
|-damage|p2a: Heatran|10/100
|move|p2a: Heatran|Magma Storm|p1a: Mew
|-damage|p1a: Mew|33/100
|
|-heal|p2a: Heatran|17/100|[from] item: Leftovers
|-damage|p1a: Mew|21/100|[from] move: Magma Storm|[partiallytrapped]
|-end|p2a: Heatran|move: Taunt
|upkeep
|turn|14
|
|t:|1664827570
|move|p1a: Mew|Stored Power|p2a: Heatran
|-resisted|p2a: Heatran
|-damage|p2a: Heatran|0 fnt
|faint|p2a: Heatran
|
|-end|p1a: Mew|Magma Storm|[partiallytrapped]|[silent]
|upkeep
|
|t:|1664827573
|switch|p2a: Kartana|Kartana|100/100
|turn|15
|
|t:|1664827575
|move|p2a: Kartana|Knock Off|p1a: Mew
|-supereffective|p1a: Mew
|-damage|p1a: Mew|0 fnt
|faint|p1a: Mew
|-ability|p2a: Kartana|Beast Boost|boost
|-boost|p2a: Kartana|atk|1
|
|upkeep
|
|t:|1664827582
|switch|p1a: Volcarona|Volcarona, M|100/100
|turn|16
|j| Moraband
|
|t:|1664827601
|move|p2a: Kartana|Knock Off|p1a: Volcarona
|-damage|p1a: Volcarona|38/100
|-enditem|p1a: Volcarona|Heavy-Duty Boots|[from] move: Knock Off|[of] p2a: Kartana
|move|p1a: Volcarona|Quiver Dance|p1a: Volcarona
|-boost|p1a: Volcarona|spa|1
|-boost|p1a: Volcarona|spd|1
|-boost|p1a: Volcarona|spe|1
|
|upkeep
|turn|17
|
|t:|1664827604
|move|p2a: Kartana|Knock Off|p1a: Volcarona
|-damage|p1a: Volcarona|1/100
|move|p1a: Volcarona|Roost|p1a: Volcarona
|-heal|p1a: Volcarona|51/100
|-singleturn|p1a: Volcarona|move: Roost
|
|upkeep
|turn|18
|
|t:|1664827607
|switch|p2a: Hippowdon|Hippowdon, M|100/100
|-weather|Sandstorm|[from] ability: Sand Stream|[of] p2a: Hippowdon
|move|p1a: Volcarona|Roost|p1a: Volcarona
|-heal|p1a: Volcarona|100/100
|-singleturn|p1a: Volcarona|move: Roost
|
|-weather|Sandstorm|[upkeep]
|-damage|p1a: Volcarona|94/100|[from] Sandstorm
|upkeep
|turn|19
|
|t:|1664827610
|move|p1a: Volcarona|Fiery Dance|p2a: Hippowdon
|-damage|p2a: Hippowdon|63/100
|-boost|p1a: Volcarona|spa|1
|move|p2a: Hippowdon|Toxic|p1a: Volcarona
|-status|p1a: Volcarona|tox
|
|-weather|Sandstorm|[upkeep]
|-damage|p1a: Volcarona|88/100 tox|[from] Sandstorm
|-heal|p2a: Hippowdon|69/100|[from] item: Leftovers
|-damage|p1a: Volcarona|82/100 tox|[from] psn
|upkeep
|turn|20
|
|t:|1664827614
|move|p1a: Volcarona|Fiery Dance|p2a: Hippowdon
|-damage|p2a: Hippowdon|22/100
|-boost|p1a: Volcarona|spa|1
|move|p2a: Hippowdon|Slack Off|p2a: Hippowdon
|-heal|p2a: Hippowdon|72/100
|
|-weather|Sandstorm|[upkeep]
|-damage|p1a: Volcarona|76/100 tox|[from] Sandstorm
|-heal|p2a: Hippowdon|78/100|[from] item: Leftovers
|-damage|p1a: Volcarona|64/100 tox|[from] psn
|upkeep
|turn|21
|
|t:|1664827619
|move|p1a: Volcarona|Fiery Dance|p2a: Hippowdon
|-damage|p2a: Hippowdon|15/100
|move|p2a: Hippowdon|Slack Off|p2a: Hippowdon
|-heal|p2a: Hippowdon|65/100
|
|-weather|Sandstorm|[upkeep]
|-damage|p1a: Volcarona|57/100 tox|[from] Sandstorm
|-heal|p2a: Hippowdon|72/100|[from] item: Leftovers
|-damage|p1a: Volcarona|39/100 tox|[from] psn
|upkeep
|turn|22
|
|t:|1664827623
|move|p1a: Volcarona|Fiery Dance|p2a: Hippowdon
|-damage|p2a: Hippowdon|11/100
|-boost|p1a: Volcarona|spa|1
|move|p2a: Hippowdon|Slack Off|p2a: Hippowdon
|-heal|p2a: Hippowdon|61/100
|
|-weather|none
|-heal|p2a: Hippowdon|67/100|[from] item: Leftovers
|-damage|p1a: Volcarona|14/100 tox|[from] psn
|upkeep
|turn|23
|
|t:|1664827626
|switch|p2a: Toxapex|Toxapex, F|100/100
|move|p1a: Volcarona|Fiery Dance|p2a: Toxapex
|-resisted|p2a: Toxapex
|-damage|p2a: Toxapex|57/100
|
|-damage|p1a: Volcarona|0 fnt|[from] psn
|faint|p1a: Volcarona
|upkeep
|
|t:|1664827632
|switch|p1a: Ninetales|Ninetales-Alola, F|100/100
|-weather|Hail|[from] ability: Snow Warning|[of] p1a: Ninetales
|turn|24
|
|t:|1664827636
|switch|p2a: Corviknight|Corviknight, F|100/100
|-ability|p2a: Corviknight|Pressure
|move|p1a: Ninetales|Aurora Veil|p1a: Ninetales
|-sidestart|p1: now you lose|move: Aurora Veil
|
|-weather|Hail|[upkeep]
|-damage|p2a: Corviknight|94/100|[from] Hail
|-heal|p2a: Corviknight|100/100|[from] item: Leftovers
|upkeep
|turn|25
|
|t:|1664827639
|move|p1a: Ninetales|Hypnosis|p2a: Corviknight
|-status|p2a: Corviknight|slp|[from] move: Hypnosis
|cant|p2a: Corviknight|slp
|
|-weather|Hail|[upkeep]
|-damage|p2a: Corviknight|94/100 slp|[from] Hail
|-heal|p2a: Corviknight|100/100 slp|[from] item: Leftovers
|upkeep
|turn|26
|
|t:|1664827643
|switch|p1a: Kommo-o|Kommo-o, F|100/100
|switch|p2a: Hippowdon|Hippowdon, M|67/100
|-weather|Sandstorm|[from] ability: Sand Stream|[of] p2a: Hippowdon
|
|-weather|Sandstorm|[upkeep]
|-damage|p1a: Kommo-o|94/100|[from] Sandstorm
|-heal|p2a: Hippowdon|73/100|[from] item: Leftovers
|upkeep
|turn|27
|
|t:|1664827648
|switch|p2a: Toxapex|Toxapex, F|90/100
|move|p1a: Kommo-o|Substitute|p1a: Kommo-o
|-start|p1a: Kommo-o|Substitute
|-damage|p1a: Kommo-o|69/100
|
|-weather|Sandstorm|[upkeep]
|-damage|p1a: Kommo-o|63/100|[from] Sandstorm
|-damage|p2a: Toxapex|84/100|[from] Sandstorm
|upkeep
|turn|28
|
|t:|1664827650
|move|p1a: Kommo-o|Thunder Punch|p2a: Toxapex
|-supereffective|p2a: Toxapex
|-damage|p2a: Toxapex|57/100
|move|p2a: Toxapex|Haze|p2a: Toxapex
|-clearallboost
|
|-weather|Sandstorm|[upkeep]
|-damage|p1a: Kommo-o|57/100|[from] Sandstorm
|-damage|p2a: Toxapex|50/100|[from] Sandstorm
|upkeep
|turn|29
|
|t:|1664827656
|move|p1a: Kommo-o|Thunder Punch|p2a: Toxapex
|-supereffective|p2a: Toxapex
|-damage|p2a: Toxapex|22/100
|move|p2a: Toxapex|Recover|p2a: Toxapex
|-heal|p2a: Toxapex|72/100
|
|-weather|Sandstorm|[upkeep]
|-damage|p1a: Kommo-o|51/100|[from] Sandstorm
|-damage|p2a: Toxapex|65/100|[from] Sandstorm
|upkeep
|turn|30
|
|t:|1664827664
|switch|p2a: Corviknight|Corviknight, F|100/100 slp
|-ability|p2a: Corviknight|Pressure
|move|p1a: Kommo-o|Belly Drum|p1a: Kommo-o
|-damage|p1a: Kommo-o|1/100
|-setboost|p1a: Kommo-o|atk|6|[from] move: Belly Drum
|-enditem|p1a: Kommo-o|Salac Berry|[eat]
|-boost|p1a: Kommo-o|spe|1|[from] item: Salac Berry
|
|-weather|none
|upkeep
|turn|31
|
|t:|1664827668
|switch|p2a: Hippowdon|Hippowdon, M|73/100
|-weather|Sandstorm|[from] ability: Sand Stream|[of] p2a: Hippowdon
|move|p1a: Kommo-o|Drain Punch|p2a: Hippowdon
|-damage|p2a: Hippowdon|0 fnt
|-heal|p1a: Kommo-o|53/100|[from] drain|[of] p2a: Hippowdon
|faint|p2a: Hippowdon
|
|-weather|Sandstorm|[upkeep]
|-damage|p1a: Kommo-o|47/100|[from] Sandstorm
|-sideend|p1: now you lose|move: Aurora Veil
|upkeep
|
|t:|1664827671
|switch|p2a: Toxapex|Toxapex, F|99/100
|turn|32
|
|t:|1664827673
|move|p1a: Kommo-o|Thunder Punch|p2a: Toxapex
|-supereffective|p2a: Toxapex
|-damage|p2a: Toxapex|0 fnt
|faint|p2a: Toxapex
|
|-weather|Sandstorm|[upkeep]
|-damage|p1a: Kommo-o|41/100|[from] Sandstorm
|upkeep
|c|☆now you lose|gg
|-message|Stads forfeited.
|
|win|now you lose
|raw|now you lose's rating: 1786 &rarr; <strong>1808</strong><br />(+22 for winning)
|raw|Stads's rating: 1820 &rarr; <strong>1798</strong><br />(-22 for losing)
|l|☆Stads
|j| dumb dumb broski
||Ladder isn't responding, score probably updated but might not have (Request timeout).
