|j|☆mangafang
|j|☆GGeorgie
|t:|1667697098
|gametype|singles
|player|p1|mangafang|265|1504
|player|p2|GGeorgie|hiker-gen2|1484
|teamsize|p1|6
|teamsize|p2|6
|gen|8
|tier|[Gen 8] OU
|rated|
|rule|Sleep Clause Mod: Limit one foe put to sleep
|rule|Species Clause: Limit one of each Pokémon
|rule|OHKO Clause: OHKO moves are banned
|rule|Evasion Items Clause: Evasion items are banned
|rule|Evasion Moves Clause: Evasion moves are banned
|rule|Endless Battle Clause: Forcing endless battles is banned
|rule|HP Percentage Mod: HP is shown in percentages
|rule|Dynamax Clause: You cannot dynamax
|clearpoke
|poke|p1|Rillaboom, F|
|poke|p1|Mamoswine, F|
|poke|p1|Rotom-Wash|
|poke|p1|Hydreigon, F|
|poke|p1|Togekiss, F|
|poke|p1|Aegislash, M|
|poke|p2|Excadrill, M|
|poke|p2|Tyranitar, F|
|poke|p2|Landorus-Therian, M|
|poke|p2|Moltres|
|poke|p2|Scizor, M|
|poke|p2|Amoonguss, F|
|teampreview
|j| d18l
|inactive|Battle timer is ON: inactive players will automatically lose when time's up. (requested by GGeorgie)
|j| lowelofunn
|j| SKIP THE DRIP
|j| sufys12
|c| SKIP THE DRIP|make all my money twerk
|inactive|GGeorgie has 120 seconds left.
|
|t:|1667697136
|start
|switch|p1a: Rotom|Rotom-Wash|100/100
|switch|p2a: Scizor|Scizor, M|100/100
|turn|1
|
|t:|1667697148
|switch|p2a: Amoonguss|Amoonguss, F|100/100
|move|p1a: Rotom|Will-O-Wisp|p2a: Amoonguss
|-status|p2a: Amoonguss|brn
|
|-damage|p2a: Amoonguss|94/100 brn|[from] brn
|upkeep
|turn|2
|
|t:|1667697155
|move|p1a: Rotom|Volt Switch|p2a: Amoonguss
|-resisted|p2a: Amoonguss
|-damage|p2a: Amoonguss|83/100 brn
|
|t:|1667697164
|switch|p1a: Rillaboom|Rillaboom, F|100/100|[from]move: Volt Switch
|-fieldstart|move: Grassy Terrain|[from] ability: Grassy Surge|[of] p1a: Rillaboom
|move|p2a: Amoonguss|Stun Spore|p1a: Rillaboom
|-immune|p1a: Rillaboom
|
|-heal|p2a: Amoonguss|89/100 brn|[from] Grassy Terrain
|-damage|p2a: Amoonguss|83/100 brn|[from] brn
|upkeep
|turn|3
|
|t:|1667697168
|move|p1a: Rillaboom|U-turn|p2a: Amoonguss
|-damage|p2a: Amoonguss|65/100 brn
|-damage|p1a: Rillaboom|84/100|[from] item: Rocky Helmet|[of] p2a: Amoonguss
|
|t:|1667697171
|switch|p1a: Togekiss|Togekiss, F|100/100|[from]move: U-turn
|move|p2a: Amoonguss|Foul Play|p1a: Togekiss
|-resisted|p1a: Togekiss
|-damage|p1a: Togekiss|99/100
|
|-heal|p2a: Amoonguss|71/100 brn|[from] Grassy Terrain
|-damage|p2a: Amoonguss|65/100 brn|[from] brn
|upkeep
|turn|4
|
|t:|1667697177
|switch|p1a: Mamoswine|Mamoswine, F|100/100
|switch|p2a: Tyranitar|Tyranitar, F|100/100
|-weather|Sandstorm|[from] ability: Sand Stream|[of] p2a: Tyranitar
|
|-weather|Sandstorm|[upkeep]
|upkeep
|turn|5
|j| Vaush Rad
|
|t:|1667697192
|switch|p2a: Scizor|Scizor, M|100/100
|move|p1a: Mamoswine|Icicle Crash|p2a: Scizor
|-resisted|p2a: Scizor
|-crit|p2a: Scizor
|-damage|p2a: Scizor|49/100
|
|-weather|Sandstorm|[upkeep]
|-heal|p2a: Scizor|55/100|[from] Grassy Terrain
|upkeep
|turn|6
|
|t:|1667697199
|move|p1a: Mamoswine|High Horsepower|p2a: Scizor
|-damage|p2a: Scizor|0 fnt
|faint|p2a: Scizor
|
|-weather|Sandstorm|[upkeep]
|-fieldend|move: Grassy Terrain
|upkeep
|
|t:|1667697204
|switch|p2a: Excadrill|Excadrill, M|100/100
|turn|7
|j| IExistYouDont
|
|t:|1667697207
|switch|p1a: Rotom|Rotom-Wash|100/100
|move|p2a: Excadrill|Iron Head|p1a: Rotom
|-resisted|p1a: Rotom
|-damage|p1a: Rotom|86/100
|-damage|p2a: Excadrill|91/100|[from] item: Life Orb
|
|-weather|Sandstorm|[upkeep]
|-damage|p1a: Rotom|79/100|[from] Sandstorm
|-heal|p1a: Rotom|86/100|[from] item: Leftovers
|upkeep
|turn|8
|
|t:|1667697211
|switch|p2a: Amoonguss|Amoonguss, F|98/100 brn
|move|p1a: Rotom|Volt Switch|p2a: Amoonguss
|-resisted|p2a: Amoonguss
|-damage|p2a: Amoonguss|87/100 brn
|
|t:|1667697214
|switch|p1a: Mamoswine|Mamoswine, F|100/100|[from]move: Volt Switch
|
|-weather|none
|-damage|p2a: Amoonguss|81/100 brn|[from] brn
|upkeep
|turn|9
|inactive|GGeorgie has 120 seconds left.
|
|t:|1667697245
|switch|p2a: Moltres|Moltres|100/100
|-ability|p2a: Moltres|Pressure
|move|p1a: Mamoswine|Icicle Crash|p2a: Moltres
|-damage|p2a: Moltres|38/100
|
|upkeep
|turn|10
|
|t:|1667697256
|move|p2a: Moltres|Flamethrower|p1a: Mamoswine
|-supereffective|p1a: Mamoswine
|-damage|p1a: Mamoswine|40/100
|move|p1a: Mamoswine|Icicle Crash|p2a: Moltres|[miss]
|-miss|p1a: Mamoswine|p2a: Moltres
|
|upkeep
|turn|11
|
|t:|1667697263
|switch|p1a: Rotom|Rotom-Wash|86/100
|move|p2a: Moltres|Roost|p2a: Moltres
|-heal|p2a: Moltres|88/100
|-singleturn|p2a: Moltres|move: Roost
|
|-heal|p1a: Rotom|92/100|[from] item: Leftovers
|upkeep
|turn|12
|
|t:|1667697269
|move|p2a: Moltres|Substitute|p2a: Moltres
|-start|p2a: Moltres|Substitute
|-damage|p2a: Moltres|63/100
|move|p1a: Rotom|Hydro Pump|p2a: Moltres|[miss]
|-miss|p1a: Rotom|p2a: Moltres
|
|-heal|p1a: Rotom|98/100|[from] item: Leftovers
|upkeep
|turn|13
|
|t:|1667697273
|move|p2a: Moltres|Roost|p2a: Moltres
|-heal|p2a: Moltres|100/100
|-singleturn|p2a: Moltres|move: Roost
|move|p1a: Rotom|Volt Switch|p2a: Moltres
|-end|p2a: Moltres|Substitute
|
|t:|1667697278
|switch|p1a: Hydreigon|Hydreigon, F|100/100|[from]move: Volt Switch
|
|upkeep
|turn|14
|
|t:|1667697281
|switch|p2a: Tyranitar|Tyranitar, F|100/100
|-weather|Sandstorm|[from] ability: Sand Stream|[of] p2a: Tyranitar
|move|p1a: Hydreigon|Dark Pulse|p2a: Tyranitar
|-resisted|p2a: Tyranitar
|-damage|p2a: Tyranitar|82/100
|-damage|p1a: Hydreigon|91/100|[from] item: Life Orb
|
|-weather|Sandstorm|[upkeep]
|-damage|p1a: Hydreigon|84/100|[from] Sandstorm
|upkeep
|turn|15
|j| RedDiamond1024
|
|t:|1667697290
|switch|p1a: Rillaboom|Rillaboom, F|84/100
|-fieldstart|move: Grassy Terrain|[from] ability: Grassy Surge|[of] p1a: Rillaboom
|move|p2a: Tyranitar|Stone Edge|p1a: Rillaboom
|-damage|p1a: Rillaboom|16/100
|
|-weather|Sandstorm|[upkeep]
|-damage|p1a: Rillaboom|10/100|[from] Sandstorm
|-heal|p1a: Rillaboom|16/100|[from] Grassy Terrain
|-heal|p2a: Tyranitar|88/100|[from] Grassy Terrain
|upkeep
|turn|16
|l| IExistYouDont
|
|t:|1667697302
|switch|p1a: Mamoswine|Mamoswine, F|40/100
|move|p2a: Tyranitar|Stone Edge|p1a: Mamoswine
|-damage|p1a: Mamoswine|0 fnt
|faint|p1a: Mamoswine
|
|-weather|Sandstorm|[upkeep]
|-heal|p2a: Tyranitar|95/100|[from] Grassy Terrain
|upkeep
|
|t:|1667697309
|switch|p1a: Rillaboom|Rillaboom, F|16/100
|turn|17
|
|t:|1667697314
|switch|p1a: Hydreigon|Hydreigon, F|84/100
|switch|p2a: Amoonguss|Amoonguss, F|100/100 brn
|
|-weather|Sandstorm|[upkeep]
|-damage|p1a: Hydreigon|78/100|[from] Sandstorm
|-damage|p2a: Amoonguss|94/100 brn|[from] Sandstorm
|-heal|p2a: Amoonguss|100/100 brn|[from] Grassy Terrain
|-damage|p2a: Amoonguss|94/100 brn|[from] brn
|upkeep
|turn|18
|
|t:|1667697320
|switch|p2a: Landorus|Landorus-Therian, M|100/100
|-ability|p2a: Landorus|Intimidate|boost
|-unboost|p1a: Hydreigon|atk|1
|move|p1a: Hydreigon|Flamethrower|p2a: Landorus
|-damage|p2a: Landorus|49/100
|-damage|p1a: Hydreigon|68/100|[from] item: Life Orb
|
|-weather|none
|upkeep
|turn|19
|
|t:|1667697324
|move|p2a: Landorus|U-turn|p1a: Hydreigon
|-supereffective|p1a: Hydreigon
|-damage|p1a: Hydreigon|5/100
|
|t:|1667697326
|switch|p2a: Tyranitar|Tyranitar, F|95/100|[from]move: U-turn
|-weather|Sandstorm|[from] ability: Sand Stream|[of] p2a: Tyranitar
|move|p1a: Hydreigon|Dark Pulse|p2a: Tyranitar
|-resisted|p2a: Tyranitar
|-damage|p2a: Tyranitar|77/100
|-damage|p1a: Hydreigon|0 fnt|[from] item: Life Orb
|faint|p1a: Hydreigon
|
|-weather|Sandstorm|[upkeep]
|-heal|p2a: Tyranitar|83/100|[from] Grassy Terrain
|-fieldend|move: Grassy Terrain
|upkeep
|j| IExistYouDont
|
|t:|1667697330
|switch|p1a: Rillaboom|Rillaboom, F|16/100
|-fieldstart|move: Grassy Terrain|[from] ability: Grassy Surge|[of] p1a: Rillaboom
|turn|20
|
|t:|1667697332
|switch|p2a: Amoonguss|Amoonguss, F|100/100 brn
|move|p1a: Rillaboom|Wood Hammer|p2a: Amoonguss
|-resisted|p2a: Amoonguss
|-damage|p2a: Amoonguss|84/100 brn
|-damage|p1a: Rillaboom|0 fnt|[from] item: Rocky Helmet|[of] p2a: Amoonguss
|faint|p1a: Rillaboom
|
|-weather|Sandstorm|[upkeep]
|-damage|p2a: Amoonguss|78/100 brn|[from] Sandstorm
|-heal|p2a: Amoonguss|84/100 brn|[from] Grassy Terrain
|-damage|p2a: Amoonguss|78/100 brn|[from] brn
|upkeep
|
|t:|1667697336
|switch|p1a: Togekiss|Togekiss, F|99/100
|turn|21
|
|t:|1667697339
|switch|p2a: Excadrill|Excadrill, M|91/100
|move|p1a: Togekiss|Nasty Plot|p1a: Togekiss
|-boost|p1a: Togekiss|spa|2
|
|-weather|Sandstorm|[upkeep]
|-damage|p1a: Togekiss|93/100|[from] Sandstorm
|-heal|p2a: Excadrill|97/100|[from] Grassy Terrain
|upkeep
|turn|22
|
|t:|1667697343
|switch|p1a: Rotom|Rotom-Wash|98/100
|move|p2a: Excadrill|Rock Blast|p1a: Rotom|[miss]
|-miss|p2a: Excadrill|p1a: Rotom
|
|-weather|Sandstorm|[upkeep]
|-damage|p1a: Rotom|92/100|[from] Sandstorm
|-heal|p2a: Excadrill|100/100|[from] Grassy Terrain
|-heal|p1a: Rotom|98/100|[from] item: Leftovers
|upkeep
|turn|23
|c| d18l|,
|
|t:|1667697352
|switch|p2a: Amoonguss|Amoonguss, F|100/100 brn
|move|p1a: Rotom|Volt Switch|p2a: Amoonguss
|-resisted|p2a: Amoonguss
|-damage|p2a: Amoonguss|89/100 brn
|
|t:|1667697354
|switch|p1a: Togekiss|Togekiss, F|93/100|[from]move: Volt Switch
|
|-weather|none
|-heal|p2a: Amoonguss|96/100 brn|[from] Grassy Terrain
|-damage|p2a: Amoonguss|89/100 brn|[from] brn
|upkeep
|turn|24
|
|t:|1667697356
|switch|p2a: Tyranitar|Tyranitar, F|83/100
|-weather|Sandstorm|[from] ability: Sand Stream|[of] p2a: Tyranitar
|move|p1a: Togekiss|Nasty Plot|p1a: Togekiss
|-boost|p1a: Togekiss|spa|2
|
|-weather|Sandstorm|[upkeep]
|-damage|p1a: Togekiss|87/100|[from] Sandstorm
|-heal|p2a: Tyranitar|89/100|[from] Grassy Terrain
|-fieldend|move: Grassy Terrain
|upkeep
|turn|25
|
|t:|1667697360
|move|p1a: Togekiss|Air Slash|p2a: Tyranitar
|-resisted|p2a: Tyranitar
|-damage|p2a: Tyranitar|70/100
|cant|p2a: Tyranitar|flinch
|
|-weather|Sandstorm|[upkeep]
|-damage|p1a: Togekiss|81/100|[from] Sandstorm
|upkeep
|turn|26
|
|t:|1667697364
|move|p1a: Togekiss|Air Slash|p2a: Tyranitar
|-resisted|p2a: Tyranitar
|-damage|p2a: Tyranitar|49/100
|cant|p2a: Tyranitar|flinch
|
|-weather|Sandstorm|[upkeep]
|-damage|p1a: Togekiss|75/100|[from] Sandstorm
|upkeep
|turn|27
|
|t:|1667697369
|switch|p1a: Aegislash|Aegislash, M|100/100
|move|p2a: Tyranitar|Thunder Wave|p1a: Aegislash
|-status|p1a: Aegislash|par
|
|-weather|Sandstorm|[upkeep]
|upkeep
|turn|28
|l| IExistYouDont
|
|t:|1667697378
|switch|p2a: Amoonguss|Amoonguss, F|100/100 brn
|-formechange|p1a: Aegislash|Aegislash-Blade||[from] ability: Stance Change
|move|p1a: Aegislash|Shadow Ball|p2a: Amoonguss
|-damage|p2a: Amoonguss|65/100 brn
|
|-weather|none
|-damage|p2a: Amoonguss|59/100 brn|[from] brn
|upkeep
|turn|29
|c| lowelofunn|sub toge wouldve had a chance
|
|t:|1667697383
|-formechange|p1a: Aegislash|Aegislash||[from] ability: Stance Change
|move|p1a: Aegislash|King's Shield|p1a: Aegislash
|-singleturn|p1a: Aegislash|Protect
|move|p2a: Amoonguss|Foul Play|p1a: Aegislash
|-activate|p1a: Aegislash|move: Protect
|-unboost|p2a: Amoonguss|atk|1
|
|-damage|p2a: Amoonguss|53/100 brn|[from] brn
|upkeep
|turn|30
|j| IExistYouDont
|
|t:|1667697388
|move|p2a: Amoonguss|Foul Play|p1a: Aegislash
|-supereffective|p1a: Aegislash
|-damage|p1a: Aegislash|91/100 par
|-formechange|p1a: Aegislash|Aegislash-Blade||[from] ability: Stance Change
|move|p1a: Aegislash|Shadow Ball|p2a: Amoonguss
|-damage|p2a: Amoonguss|20/100 brn
|
|-heal|p1a: Aegislash|97/100 par|[from] item: Leftovers
|-damage|p2a: Amoonguss|13/100 brn|[from] brn
|upkeep
|turn|31
|
|t:|1667697393
|switch|p2a: Moltres|Moltres|100/100
|-ability|p2a: Moltres|Pressure
|cant|p1a: Aegislash|par
|
|-heal|p1a: Aegislash|100/100 par|[from] item: Leftovers
|upkeep
|turn|32
|
|t:|1667697399
|switch|p1a: Rotom|Rotom-Wash|98/100
|move|p2a: Moltres|Hurricane|p1a: Rotom
|-resisted|p1a: Rotom
|-damage|p1a: Rotom|67/100
|
|-heal|p1a: Rotom|73/100|[from] item: Leftovers
|upkeep
|turn|33
|
|t:|1667697404
|move|p2a: Moltres|Substitute|p2a: Moltres
|-start|p2a: Moltres|Substitute
|-damage|p2a: Moltres|76/100
|move|p1a: Rotom|Volt Switch|p2a: Moltres
|-supereffective|p2a: Moltres
|-end|p2a: Moltres|Substitute
|
|t:|1667697409
|switch|p1a: Togekiss|Togekiss, F|75/100|[from]move: Volt Switch
|
|upkeep
|turn|34
|
|t:|1667697411
|move|p2a: Moltres|Flamethrower|p1a: Togekiss
|-damage|p1a: Togekiss|33/100
|move|p1a: Togekiss|Roost|p1a: Togekiss
|-heal|p1a: Togekiss|83/100
|-singleturn|p1a: Togekiss|move: Roost
|
|upkeep
|turn|35
|l| IExistYouDont
|
|t:|1667697418
|switch|p1a: Rotom|Rotom-Wash|73/100
|move|p2a: Moltres|Substitute|p2a: Moltres
|-start|p2a: Moltres|Substitute
|-damage|p2a: Moltres|51/100
|
|-heal|p1a: Rotom|79/100|[from] item: Leftovers
|upkeep
|turn|36
|
|t:|1667697420
|move|p2a: Moltres|Roost|p2a: Moltres
|-heal|p2a: Moltres|100/100
|-singleturn|p2a: Moltres|move: Roost
|move|p1a: Rotom|Hydro Pump|p2a: Moltres
|-supereffective|p2a: Moltres
|-end|p2a: Moltres|Substitute
|
|-heal|p1a: Rotom|85/100|[from] item: Leftovers
|upkeep
|turn|37
|
|t:|1667697426
|move|p2a: Moltres|Substitute|p2a: Moltres
|-start|p2a: Moltres|Substitute
|-damage|p2a: Moltres|76/100
|move|p1a: Rotom|Hydro Pump|p2a: Moltres|[miss]
|-miss|p1a: Rotom|p2a: Moltres
|
|-heal|p1a: Rotom|92/100|[from] item: Leftovers
|upkeep
|turn|38
|
|t:|1667697431
|move|p2a: Moltres|Roost|p2a: Moltres
|-heal|p2a: Moltres|100/100
|-singleturn|p2a: Moltres|move: Roost
|move|p1a: Rotom|Hydro Pump|p2a: Moltres
|-supereffective|p2a: Moltres
|-end|p2a: Moltres|Substitute
|
|-heal|p1a: Rotom|98/100|[from] item: Leftovers
|upkeep
|turn|39
|
|t:|1667697434
|move|p2a: Moltres|Substitute|p2a: Moltres
|-start|p2a: Moltres|Substitute
|-damage|p2a: Moltres|76/100
|move|p1a: Rotom|Volt Switch|p2a: Moltres
|-supereffective|p2a: Moltres
|-end|p2a: Moltres|Substitute
|
|t:|1667697437
|switch|p1a: Togekiss|Togekiss, F|83/100|[from]move: Volt Switch
|
|upkeep
|turn|40
|
|t:|1667697439
|move|p2a: Moltres|Hurricane|p1a: Togekiss
|-damage|p1a: Togekiss|40/100
|move|p1a: Togekiss|Nasty Plot|p1a: Togekiss
|-boost|p1a: Togekiss|spa|2
|
|upkeep
|turn|41
|
|t:|1667697443
|move|p2a: Moltres|Flamethrower|p1a: Togekiss
|-damage|p1a: Togekiss|4/100
|move|p1a: Togekiss|Roost|p1a: Togekiss
|-heal|p1a: Togekiss|54/100
|-singleturn|p1a: Togekiss|move: Roost
|
|upkeep
|turn|42
|
|t:|1667697447
|move|p2a: Moltres|Hurricane|p1a: Togekiss
|-crit|p1a: Togekiss
|-damage|p1a: Togekiss|0 fnt
|faint|p1a: Togekiss
|
|upkeep
|-message|mangafang forfeited.
|
|win|GGeorgie
|raw|mangafang's rating: 1504 &rarr; <strong>1483</strong><br />(-21 for losing)
|raw|GGeorgie's rating: 1484 &rarr; <strong>1505</strong><br />(+21 for winning)
|l|☆mangafang
