|j|☆ldailey19
|j|☆SamPamJamLam
|t:|1664143161
|gametype|singles
|player|p1|ldailey19|lance|1626
|player|p2|SamPamJamLam|hiker-gen4|1667
|teamsize|p1|6
|teamsize|p2|6
|gen|8
|tier|[Gen 8] OU
|rated|
|rule|Sleep Clause Mod: Limit one foe put to sleep
|rule|Species Clause: Limit one of each Pokémon
|rule|OHKO Clause: OHKO moves are banned
|rule|Evasion Items Clause: Evasion items are banned
|rule|Evasion Moves Clause: Evasion moves are banned
|rule|Endless Battle Clause: Forcing endless battles is banned
|rule|HP Percentage Mod: HP is shown in percentages
|rule|Dynamax Clause: You cannot dynamax
|clearpoke
|poke|p1|Magnezone|
|poke|p1|Weavile, M|
|poke|p1|Urshifu-*, F|
|poke|p1|Heatran, F|
|poke|p1|Landorus-Therian, M|
|poke|p1|Dragapult, F|
|poke|p2|Blacephalon|
|poke|p2|Landorus-Therian, M|
|poke|p2|Gengar, M|
|poke|p2|Slowbro, M|
|poke|p2|Tyranitar, M|
|poke|p2|Tornadus-Therian, M|
|teampreview
|inactive|Battle timer is ON: inactive players will automatically lose when time's up. (requested by ldailey19)
|
|t:|1664143168
|start
|switch|p1a: Dragapult|Dragapult, F, shiny|100/100
|switch|p2a: Slowbro|Slowbro, M|100/100
|turn|1
|
|t:|1664143173
|switch|p2a: Tornadus|Tornadus-Therian, M|100/100
|move|p1a: Dragapult|U-turn|p2a: Tornadus
|-resisted|p2a: Tornadus
|-damage|p2a: Tornadus|87/100
|
|t:|1664143178
|switch|p1a: Magnezone|Magnezone, shiny|100/100|[from]move: U-turn
|
|upkeep
|turn|2
|j| Kyurem
|
|t:|1664143181
|move|p2a: Tornadus|U-turn|p1a: Magnezone
|-resisted|p1a: Magnezone
|-damage|p1a: Magnezone|94/100
|
|t:|1664143184
|switch|p2a: Landorus|Landorus-Therian, M|100/100|[from]move: U-turn
|-ability|p2a: Landorus|Intimidate|boost
|-unboost|p1a: Magnezone|atk|1
|move|p1a: Magnezone|Flash Cannon|p2a: Landorus
|-damage|p2a: Landorus|55/100
|
|-heal|p2a: Landorus|61/100|[from] item: Leftovers
|upkeep
|turn|3
|
|t:|1664143186
|switch|p1a: Landorus|Landorus-Therian, M|100/100
|-ability|p1a: Landorus|Intimidate|boost
|-unboost|p2a: Landorus|atk|1
|move|p2a: Landorus|U-turn|p1a: Landorus
|-resisted|p1a: Landorus
|-damage|p1a: Landorus|95/100
|-damage|p2a: Landorus|44/100|[from] item: Rocky Helmet|[of] p1a: Landorus
|
|t:|1664143192
|switch|p2a: Blacephalon|Blacephalon|100/100|[from]move: U-turn
|
|upkeep
|turn|4
|
|t:|1664143197
|move|p2a: Blacephalon|Overheat|p1a: Landorus
|-damage|p1a: Landorus|0 fnt
|-unboost|p2a: Blacephalon|spa|2
|faint|p1a: Landorus
|-ability|p2a: Blacephalon|Beast Boost|boost
|-boost|p2a: Blacephalon|spa|1
|
|upkeep
|
|t:|1664143211
|switch|p1a: Heatran|Heatran, F, shiny|100/100
|-item|p1a: Heatran|Air Balloon
|turn|5
|inactive|SamPamJamLam has 120 seconds left.
|
|t:|1664143244
|switch|p2a: Tyranitar|Tyranitar, M|100/100
|-weather|Sandstorm|[from] ability: Sand Stream|[of] p2a: Tyranitar
|move|p1a: Heatran|Toxic|p2a: Tyranitar
|-status|p2a: Tyranitar|tox
|
|-weather|Sandstorm|[upkeep]
|-damage|p2a: Tyranitar|94/100 tox|[from] psn
|upkeep
|turn|6
|
|t:|1664143253
|move|p1a: Heatran|Protect|p1a: Heatran
|-singleturn|p1a: Heatran|Protect
|move|p2a: Tyranitar|Crunch|p1a: Heatran
|-activate|p1a: Heatran|move: Protect
|
|-weather|Sandstorm|[upkeep]
|-damage|p2a: Tyranitar|82/100 tox|[from] psn
|upkeep
|turn|7
|inactive|ldailey19 has 120 seconds left.
|
|t:|1664143284
|switch|p1a: Weavile|Weavile, M|100/100
|-ability|p1a: Weavile|Pressure
|move|p2a: Tyranitar|Crunch|p1a: Weavile
|-resisted|p1a: Weavile
|-damage|p1a: Weavile|45/100
|
|-weather|Sandstorm|[upkeep]
|-damage|p1a: Weavile|39/100|[from] Sandstorm
|-damage|p2a: Tyranitar|64/100 tox|[from] psn
|upkeep
|turn|8
|
|t:|1664143295
|move|p1a: Weavile|Knock Off|p2a: Tyranitar
|-resisted|p2a: Tyranitar
|-damage|p2a: Tyranitar|37/100 tox
|-enditem|p2a: Tyranitar|Choice Band|[from] move: Knock Off|[of] p1a: Weavile
|move|p2a: Tyranitar|Crunch|p1a: Weavile
|-resisted|p1a: Weavile
|-damage|p1a: Weavile|0 fnt
|faint|p1a: Weavile
|
|-weather|Sandstorm|[upkeep]
|-damage|p2a: Tyranitar|12/100 tox|[from] psn
|upkeep
|inactive|ldailey19 has 120 seconds left.
|
|t:|1664143312
|switch|p1a: Heatran|Heatran, F, shiny|100/100
|-item|p1a: Heatran|Air Balloon
|turn|9
|inactive|ldailey19 has 120 seconds left.
|
|t:|1664143322
|move|p1a: Heatran|Protect|p1a: Heatran
|-singleturn|p1a: Heatran|Protect
|move|p2a: Tyranitar|Crunch|p1a: Heatran
|-activate|p1a: Heatran|move: Protect
|
|-weather|none
|-damage|p2a: Tyranitar|0 fnt|[from] psn
|faint|p2a: Tyranitar
|upkeep
|
|t:|1664143327
|switch|p2a: Tornadus|Tornadus-Therian, M|100/100
|turn|10
|
|t:|1664143330
|switch|p1a: Magnezone|Magnezone, shiny|94/100
|move|p2a: Tornadus|U-turn|p1a: Magnezone
|-resisted|p1a: Magnezone
|-crit|p1a: Magnezone
|-damage|p1a: Magnezone|85/100
|
|t:|1664143333
|switch|p2a: Blacephalon|Blacephalon|100/100|[from]move: U-turn
|
|upkeep
|turn|11
|
|t:|1664143342
|switch|p1a: Dragapult|Dragapult, F, shiny|100/100
|move|p2a: Blacephalon|Shadow Ball|p1a: Dragapult
|-supereffective|p1a: Dragapult
|-enditem|p1a: Dragapult|Focus Sash
|-damage|p1a: Dragapult|1/100
|
|upkeep
|turn|12
|
|t:|1664143346
|switch|p2a: Landorus|Landorus-Therian, M|44/100
|-ability|p2a: Landorus|Intimidate|boost
|-unboost|p1a: Dragapult|atk|1
|move|p1a: Dragapult|Dragon Darts|p2a: Landorus
|-damage|p2a: Landorus|28/100
|-anim|p1a: Dragapult|Dragon Darts|p2a: Landorus
|-damage|p2a: Landorus|11/100
|
|-heal|p2a: Landorus|18/100|[from] item: Leftovers
|upkeep
|turn|13
|
|t:|1664143353
|switch|p2a: Slowbro|Slowbro, M|100/100
|move|p1a: Dragapult|Dragon Darts|p2a: Slowbro
|-damage|p2a: Slowbro|91/100
|-anim|p1a: Dragapult|Dragon Darts|p2a: Slowbro
|-damage|p2a: Slowbro|81/100
|
|upkeep
|turn|14
|
|t:|1664143361
|switch|p1a: Magnezone|Magnezone, shiny|85/100
|move|p2a: Slowbro|Teleport|p2a: Slowbro
|
|t:|1664143362
|switch|p2a: Landorus|Landorus-Therian, M|18/100|[from]move: Teleport
|-ability|p2a: Landorus|Intimidate|boost
|-unboost|p1a: Magnezone|atk|1
|
|-heal|p2a: Landorus|24/100|[from] item: Leftovers
|upkeep
|turn|15
|j| Iphone312
|inactive|ldailey19 has 120 seconds left.
|
|t:|1664143395
|switch|p1a: Urshifu|Urshifu-Rapid-Strike, F|100/100
|move|p2a: Landorus|Stealth Rock|p1a: Urshifu
|-sidestart|p1: ldailey19|move: Stealth Rock
|
|-heal|p2a: Landorus|30/100|[from] item: Leftovers
|upkeep
|turn|16
|inactive|ldailey19 has 120 seconds left.
|
|t:|1664143410
|move|p1a: Urshifu|Surging Strikes|p2a: Landorus
|-supereffective|p2a: Landorus
|-crit|p2a: Landorus
|-damage|p2a: Landorus|0 fnt
|faint|p2a: Landorus
|-hitcount|p2: Landorus|1
|
|upkeep
|
|t:|1664143414
|switch|p2a: Slowbro|Slowbro, M|100/100
|turn|17
|
|t:|1664143429
|switch|p1a: Dragapult|Dragapult, F, shiny|1/100
|-damage|p1a: Dragapult|0 fnt|[from] Stealth Rock
|faint|p1a: Dragapult
|move|p2a: Slowbro|Teleport|p2a: Slowbro
|
|t:|1664143434
|switch|p2a: Tornadus|Tornadus-Therian, M|100/100|[from]move: Teleport
|
|upkeep
|
|t:|1664143438
|switch|p1a: Magnezone|Magnezone, shiny|85/100
|-damage|p1a: Magnezone|78/100|[from] Stealth Rock
|turn|18
|
|t:|1664143446
|switch|p2a: Gengar|Gengar, M|100/100
|move|p1a: Magnezone|Volt Switch|p2a: Gengar
|-damage|p2a: Gengar|11/100
|
|t:|1664143459
|switch|p1a: Urshifu|Urshifu-Rapid-Strike, F|100/100|[from]move: Volt Switch
|-damage|p1a: Urshifu|94/100|[from] Stealth Rock
|
|upkeep
|turn|19
|
|t:|1664143462
|switch|p2a: Tornadus|Tornadus-Therian, M|100/100
|move|p1a: Urshifu|Aqua Jet|p2a: Tornadus
|-damage|p2a: Tornadus|76/100
|
|upkeep
|turn|20
|
|t:|1664143478
|move|p2a: Tornadus|Hurricane|p1a: Urshifu
|-supereffective|p1a: Urshifu
|-damage|p1a: Urshifu|0 fnt
|faint|p1a: Urshifu
|
|upkeep
|j| Eg5htj
|
|t:|1664143484
|switch|p1a: Magnezone|Magnezone, shiny|78/100
|-damage|p1a: Magnezone|72/100|[from] Stealth Rock
|turn|21
|
|t:|1664143489
|move|p2a: Tornadus|U-turn|p1a: Magnezone
|-resisted|p1a: Magnezone
|-damage|p1a: Magnezone|66/100
|
|t:|1664143491
|switch|p2a: Gengar|Gengar, M|11/100|[from]move: U-turn
|move|p1a: Magnezone|Volt Switch|p2a: Gengar
|-damage|p2a: Gengar|0 fnt
|-start|p1a: Magnezone|Disable|Volt Switch|[from] ability: Cursed Body|[of] p2a: Gengar
|faint|p2a: Gengar
|
|t:|1664143497
|switch|p1a: Heatran|Heatran, F, shiny|100/100|[from]move: Volt Switch
|-damage|p1a: Heatran|88/100|[from] Stealth Rock
|-item|p1a: Heatran|Air Balloon
|
|upkeep
|
|t:|1664143499
|switch|p2a: Slowbro|Slowbro, M|100/100
|turn|22
|
|t:|1664143516
|move|p1a: Heatran|Protect|p1a: Heatran
|-singleturn|p1a: Heatran|Protect
|move|p2a: Slowbro|Body Press|p1a: Heatran
|-activate|p1a: Heatran|move: Protect
|
|upkeep
|turn|23
|
|t:|1664143535
|switch|p1a: Magnezone|Magnezone, shiny|66/100
|-damage|p1a: Magnezone|60/100|[from] Stealth Rock
|move|p2a: Slowbro|Body Press|p1a: Magnezone
|-supereffective|p1a: Magnezone
|-damage|p1a: Magnezone|15/100
|
|upkeep
|turn|24
|
|t:|1664143542
|move|p1a: Magnezone|Thunderbolt|p2a: Slowbro
|-supereffective|p2a: Slowbro
|-damage|p2a: Slowbro|0 fnt
|faint|p2a: Slowbro
|
|upkeep
|
|t:|1664143544
|switch|p2a: Blacephalon|Blacephalon|100/100
|turn|25
|
|t:|1664143550
|move|p2a: Blacephalon|Shadow Ball|p1a: Magnezone
|-damage|p1a: Magnezone|0 fnt
|faint|p1a: Magnezone
|-ability|p2a: Blacephalon|Beast Boost|boost
|-boost|p2a: Blacephalon|spa|1
|
|upkeep
|
|t:|1664143552
|switch|p1a: Heatran|Heatran, F, shiny|88/100
|-damage|p1a: Heatran|75/100|[from] Stealth Rock
|-item|p1a: Heatran|Air Balloon
|turn|26
|
|t:|1664143556
|move|p2a: Blacephalon|Shadow Ball|p1a: Heatran
|-damage|p1a: Heatran|0 fnt
|-enditem|p1a: Heatran|Air Balloon
|faint|p1a: Heatran
|
|win|SamPamJamLam
|raw|ldailey19's rating: 1626 &rarr; <strong>1608</strong><br />(-18 for losing)
|raw|SamPamJamLam's rating: 1667 &rarr; <strong>1685</strong><br />(+18 for winning)
|c|☆SamPamJamLam|gg
|c|☆ldailey19|gg
|l|☆ldailey19
|l|☆SamPamJamLam
