|j|☆Quap Reformed
|j|☆not mb
|t:|1652233803
|gametype|singles
|player|p1|Quap Reformed|beauty-gen7|1577
|player|p2|not mb|265|1618
|teamsize|p1|6
|teamsize|p2|6
|gen|8
|tier|[Gen 8] OU
|rated|
|rule|Sleep Clause Mod: Limit one foe put to sleep
|rule|Species Clause: Limit one of each Pokémon
|rule|OHKO Clause: OHKO moves are banned
|rule|Evasion Moves Clause: Evasion moves are banned
|rule|Endless Battle Clause: Forcing endless battles is banned
|rule|HP Percentage Mod: HP is shown in percentages
|rule|Dynamax Clause: You cannot dynamax
|clearpoke
|poke|p1|Nidoking, M|
|poke|p1|Hydreigon, F|
|poke|p1|Clefable, F|
|poke|p1|Ferrothorn, F|
|poke|p1|Suicune|
|poke|p1|Aegislash, F|
|poke|p2|Urshifu-*, F|
|poke|p2|Zeraora|
|poke|p2|Tangrowth, F|
|poke|p2|Slowking-Galar, F|
|poke|p2|Mandibuzz, F|
|poke|p2|Heatran, M|
|teampreview
|inactive|Battle timer is ON: inactive players will automatically lose when time's up. (requested by Quap Reformed)
|
|t:|1652233835
|start
|switch|p1a: Ferrothorn|Ferrothorn, F|100/100
|switch|p2a: Urshifu|Urshifu-Rapid-Strike, F|100/100
|turn|1
|j| hiye
|inactive|not mb has 120 seconds left.
|inactive|not mb has 90 seconds left.
|
|t:|1652233920
|switch|p1a: Aegislash|Aegislash, F|100/100
|move|p2a: Urshifu|U-turn|p1a: Aegislash
|-resisted|p1a: Aegislash
|-damage|p1a: Aegislash|96/100
|j| DA COME UP
|
|t:|1652233934
|switch|p2a: Heatran|Heatran, M|100/100|[from]move: U-turn
|
|-heal|p1a: Aegislash|100/100|[from] item: Leftovers
|upkeep
|turn|2
|inactive|not mb has 60 seconds left.
|
|t:|1652233961
|switch|p1a: Clefable|Clefable, F|100/100
|move|p2a: Heatran|Stealth Rock|p1a: Clefable
|-sidestart|p1: Quap Reformed|move: Stealth Rock
|
|upkeep
|turn|3
|
|t:|1652233968
|switch|p2a: Slowking|Slowking-Galar, F|100/100
|move|p1a: Clefable|Trick|p2a: Slowking
|-activate|p1a: Clefable|move: Trick|[of] p2a: Slowking
|-item|p2a: Slowking|Sticky Barb|[from] move: Trick
|-item|p1a: Clefable|Assault Vest|[from] move: Trick
|
|-damage|p2a: Slowking|88/100|[from] item: Sticky Barb
|upkeep
|turn|4
|
|t:|1652233983
|switch|p1a: Hydreigon|Hydreigon, F|100/100
|-damage|p1a: Hydreigon|88/100|[from] Stealth Rock
|move|p2a: Slowking|Future Sight|p1a: Hydreigon
|-start|p2a: Slowking|move: Future Sight
|
|-heal|p1a: Hydreigon|94/100|[from] item: Leftovers
|-damage|p2a: Slowking|76/100|[from] item: Sticky Barb
|upkeep
|turn|5
|
|t:|1652233992
|switch|p2a: Urshifu|Urshifu-Rapid-Strike, F|100/100
|move|p1a: Hydreigon|Toxic|p2a: Urshifu
|-status|p2a: Urshifu|tox
|
|-heal|p1a: Hydreigon|100/100|[from] item: Leftovers
|-damage|p2a: Urshifu|94/100 tox|[from] psn
|upkeep
|turn|6
|
|t:|1652234001
|switch|p1a: Aegislash|Aegislash, F|100/100
|-damage|p1a: Aegislash|94/100|[from] Stealth Rock
|move|p2a: Urshifu|Surging Strikes|p1a: Aegislash
|-crit|p1a: Aegislash
|-damage|p1a: Aegislash|80/100
|-crit|p1a: Aegislash
|-damage|p1a: Aegislash|63/100
|-crit|p1a: Aegislash
|-damage|p1a: Aegislash|48/100
|-hitcount|p1a: Aegislash|3
|
|-end|p1a: Aegislash|move: Future Sight
|-resisted|p1a: Aegislash
|-damage|p1a: Aegislash|34/100
|-heal|p1a: Aegislash|40/100|[from] item: Leftovers
|-damage|p2a: Urshifu|82/100 tox|[from] psn
|upkeep
|turn|7
|
|t:|1652234009
|switch|p1a: Ferrothorn|Ferrothorn, F|100/100
|-damage|p1a: Ferrothorn|95/100|[from] Stealth Rock
|move|p2a: Urshifu|Surging Strikes|p1a: Ferrothorn
|-resisted|p1a: Ferrothorn
|-crit|p1a: Ferrothorn
|-damage|p1a: Ferrothorn|89/100
|-activate|p1a: Ferrothorn|ability: Iron Barbs
|-activate|p2a: Urshifu|item: Protective Pads
|-resisted|p1a: Ferrothorn
|-crit|p1a: Ferrothorn
|-damage|p1a: Ferrothorn|83/100
|-activate|p1a: Ferrothorn|ability: Iron Barbs
|-activate|p2a: Urshifu|item: Protective Pads
|-resisted|p1a: Ferrothorn
|-crit|p1a: Ferrothorn
|-damage|p1a: Ferrothorn|77/100
|-activate|p1a: Ferrothorn|ability: Iron Barbs
|-activate|p2a: Urshifu|item: Protective Pads
|-hitcount|p1a: Ferrothorn|3
|
|-damage|p2a: Urshifu|64/100 tox|[from] psn
|upkeep
|turn|8
|
|t:|1652234017
|switch|p1a: Aegislash|Aegislash, F|40/100
|-damage|p1a: Aegislash|34/100|[from] Stealth Rock
|move|p2a: Urshifu|U-turn|p1a: Aegislash
|-resisted|p1a: Aegislash
|-damage|p1a: Aegislash|29/100
|inactive|not mb has 90 seconds left.
|
|t:|1652234027
|switch|p2a: Heatran|Heatran, M|100/100|[from]move: U-turn
|
|-heal|p1a: Aegislash|35/100|[from] item: Leftovers
|upkeep
|turn|9
|inactive|not mb has 90 seconds left.
|
|t:|1652234033
|move|p1a: Aegislash|King's Shield|p1a: Aegislash
|-singleturn|p1a: Aegislash|Protect
|move|p2a: Heatran|Stealth Rock||[still]
|-fail|p2a: Heatran
|
|-heal|p1a: Aegislash|41/100|[from] item: Leftovers
|upkeep
|turn|10
|c|☆not mb|up
|c| hiye|:)
|inactive|not mb has 90 seconds left.
|
|t:|1652234045
|switch|p1a: Clefable|Clefable, F|100/100
|move|p2a: Heatran|Toxic|p1a: Clefable
|-status|p1a: Clefable|tox
|
|upkeep
|turn|11
|
|t:|1652234050
|switch|p1a: Hydreigon|Hydreigon, F|100/100
|-damage|p1a: Hydreigon|88/100|[from] Stealth Rock
|move|p2a: Heatran|Toxic|p1a: Hydreigon
|-status|p1a: Hydreigon|tox
|
|-heal|p1a: Hydreigon|94/100 tox|[from] item: Leftovers
|-damage|p1a: Hydreigon|88/100 tox|[from] psn
|upkeep
|turn|12
|
|t:|1652234063
|move|p1a: Hydreigon|Defog|p2a: Heatran
|-unboost|p2a: Heatran|evasion|1
|-sideend|p1: Quap Reformed|Stealth Rock|[from] move: Defog|[of] p1a: Hydreigon
|move|p2a: Heatran|Stealth Rock|p1a: Hydreigon
|-sidestart|p1: Quap Reformed|move: Stealth Rock
|
|-heal|p1a: Hydreigon|94/100 tox|[from] item: Leftovers
|-damage|p1a: Hydreigon|82/100 tox|[from] psn
|upkeep
|turn|13
|-message|Quap Reformed forfeited.
|
|win|not mb
|raw|Quap Reformed's rating: 1577 &rarr; <strong>1559</strong><br />(-18 for losing)
|raw|not mb's rating: 1618 &rarr; <strong>1636</strong><br />(+18 for winning)
|l|☆Quap Reformed
