|j|☆HugeBar
|j|☆legitteambuilder
|t:|1633866906
|gametype|singles
|player|p1|HugeBar|280|1795
|player|p2|legitteambuilder|shadowtriad|1745
|teamsize|p1|6
|teamsize|p2|6
|gen|8
|tier|[Gen 8] OU
|rated|
|rule|Sleep Clause Mod: Limit one foe put to sleep
|rule|Species Clause: Limit one of each Pokémon
|rule|OHKO Clause: OHKO moves are banned
|rule|Evasion Moves Clause: Evasion moves are banned
|rule|Endless Battle Clause: Forcing endless battles is banned
|rule|HP Percentage Mod: HP is shown in percentages
|rule|Dynamax Clause: You cannot dynamax
|clearpoke
|poke|p1|Tapu Lele|
|poke|p1|Slowking-Galar, M|
|poke|p1|Zarude|
|poke|p1|Garchomp, M|
|poke|p1|Tornadus-Therian, M|
|poke|p1|Melmetal|
|poke|p2|Bisharp, M|
|poke|p2|Nihilego|
|poke|p2|Dragonite, M|
|poke|p2|Rillaboom, M|
|poke|p2|Blaziken, M|
|poke|p2|Mew|
|teampreview
|j| i'm back from mars
|
|t:|1633866921
|start
|switch|p1a: Zarude|Zarude|100/100
|switch|p2a: Mew|Mew|100/100
|turn|1
|
|t:|1633866934
|move|p1a: Zarude|Bulk Up|p1a: Zarude
|-boost|p1a: Zarude|atk|1
|-boost|p1a: Zarude|def|1
|move|p2a: Mew|Spikes|p1a: Zarude
|-sidestart|p1: HugeBar|Spikes
|
|upkeep
|turn|2
|
|t:|1633866946
|move|p1a: Zarude|Bulk Up|p1a: Zarude
|-boost|p1a: Zarude|atk|1
|-boost|p1a: Zarude|def|1
|move|p2a: Mew|Spikes|p1a: Zarude
|-sidestart|p1: HugeBar|Spikes
|
|upkeep
|turn|3
|
|t:|1633866953
|move|p1a: Zarude|Bulk Up|p1a: Zarude
|-boost|p1a: Zarude|atk|1
|-boost|p1a: Zarude|def|1
|move|p2a: Mew|Flare Blitz|p1a: Zarude
|-supereffective|p1a: Zarude
|-damage|p1a: Zarude|80/100
|-status|p1a: Zarude|brn
|-damage|p2a: Mew|95/100|[from] Recoil
|
|-heal|p1a: Zarude|86/100 brn|[from] item: Leftovers
|-damage|p1a: Zarude|80/100 brn|[from] brn
|upkeep
|turn|4
|
|t:|1633866964
|move|p1a: Zarude|Jungle Healing|p1a: Zarude
|-heal|p1a: Zarude|100/100 brn
|-curestatus|p1a: Zarude|brn|[msg]
|move|p2a: Mew|Taunt|p1a: Zarude
|-start|p1a: Zarude|move: Taunt
|
|upkeep
|turn|5
|
|t:|1633866977
|move|p1a: Zarude|Darkest Lariat|p2a: Mew
|-supereffective|p2a: Mew
|-damage|p2a: Mew|0 fnt
|faint|p2a: Mew
|
|upkeep
|
|t:|1633866985
|switch|p2a: Dragonite|Dragonite, M, shiny|100/100
|turn|6
|
|t:|1633866988
|move|p1a: Zarude|Darkest Lariat|p2a: Dragonite
|-damage|p2a: Dragonite|41/100
|move|p2a: Dragonite|Dragon Dance|p2a: Dragonite
|-boost|p2a: Dragonite|atk|1
|-boost|p2a: Dragonite|spe|1
|
|upkeep
|turn|7
|
|t:|1633866994
|move|p2a: Dragonite|Dual Wingbeat|p1a: Zarude
|-supereffective|p1a: Zarude
|-damage|p1a: Zarude|71/100
|-supereffective|p1a: Zarude
|-damage|p1a: Zarude|44/100
|-hitcount|p1a: Zarude|2
|move|p1a: Zarude|Darkest Lariat|p2a: Dragonite
|-damage|p2a: Dragonite|0 fnt
|faint|p2a: Dragonite
|
|-heal|p1a: Zarude|50/100|[from] item: Leftovers
|-end|p1a: Zarude|move: Taunt
|upkeep
|
|t:|1633867000
|switch|p2a: Blaziken|Blaziken, M, shiny|100/100
|turn|8
|
|t:|1633867010
|move|p1a: Zarude|Darkest Lariat|p2a: Blaziken
|-resisted|p2a: Blaziken
|-damage|p2a: Blaziken|18/100
|move|p2a: Blaziken|Close Combat|p1a: Zarude
|-supereffective|p1a: Zarude
|-damage|p1a: Zarude|0 fnt
|-unboost|p2a: Blaziken|def|1
|-unboost|p2a: Blaziken|spd|1
|faint|p1a: Zarude
|-damage|p2a: Blaziken|8/100|[from] item: Life Orb
|
|-ability|p2a: Blaziken|Speed Boost|boost
|-boost|p2a: Blaziken|spe|1
|upkeep
|j| Noob 0_o
|j| PuchuSmash
|
|t:|1633867030
|switch|p1a: Tornadus|Tornadus-Therian, M|100/100
|turn|9
|
|t:|1633867044
|move|p2a: Blaziken|Flare Blitz|p1a: Tornadus
|-damage|p1a: Tornadus|11/100
|-damage|p2a: Blaziken|0 fnt|[from] Recoil
|faint|p2a: Blaziken
|move|p1a: Tornadus|U-turn|p2: Blaziken|[notarget]
|-fail|p1a: Tornadus
|
|upkeep
|l| i'm back from mars
|
|t:|1633867056
|switch|p2a: Rillaboom|Rillaboom, M, shiny|100/100
|-fieldstart|move: Grassy Terrain|[from] ability: Grassy Surge|[of] p2a: Rillaboom
|turn|10
|
|t:|1633867066
|move|p2a: Rillaboom|Grassy Glide|p1a: Tornadus
|-resisted|p1a: Tornadus
|-damage|p1a: Tornadus|0 fnt
|faint|p1a: Tornadus
|-damage|p2a: Rillaboom|91/100|[from] item: Life Orb
|
|-heal|p2a: Rillaboom|97/100|[from] Grassy Terrain
|upkeep
|
|t:|1633867075
|switch|p1a: Melmetal|Melmetal|100/100
|-damage|p1a: Melmetal|84/100|[from] Spikes
|turn|11
|
|t:|1633867082
|move|p2a: Rillaboom|High Horsepower|p1a: Melmetal
|-supereffective|p1a: Melmetal
|-damage|p1a: Melmetal|33/100
|-damage|p2a: Rillaboom|87/100|[from] item: Life Orb
|move|p1a: Melmetal|Double Iron Bash|p2a: Rillaboom
|-damage|p2a: Rillaboom|20/100
|-damage|p2a: Rillaboom|0 fnt
|faint|p2a: Rillaboom
|-hitcount|p2: Rillaboom|2
|
|-heal|p1a: Melmetal|39/100|[from] Grassy Terrain
|upkeep
|
|t:|1633867091
|switch|p2a: Bisharp|Bisharp, M, shiny|100/100
|turn|12
|l| PuchuSmash
|
|t:|1633867127
|switch|p1a: Slowking|Slowking-Galar, M|100/100
|-damage|p1a: Slowking|84/100|[from] Spikes
|move|p2a: Bisharp|Knock Off|p1a: Slowking
|-supereffective|p1a: Slowking
|-damage|p1a: Slowking|0 fnt
|-enditem|p1a: Slowking|Assault Vest|[from] move: Knock Off|[of] p2a: Bisharp
|faint|p1a: Slowking
|
|upkeep
|
|t:|1633867136
|switch|p1a: Tapu Lele|Tapu Lele|100/100
|-damage|p1a: Tapu Lele|84/100|[from] Spikes
|-fieldstart|move: Psychic Terrain|[from] ability: Psychic Surge|[of] p1a: Tapu Lele
|turn|13
|
|t:|1633867159
|switch|p2a: Nihilego|Nihilego, shiny|100/100
|move|p1a: Tapu Lele|Moonblast|p2a: Nihilego
|-resisted|p2a: Nihilego
|-damage|p2a: Nihilego|83/100
|-unboost|p2a: Nihilego|spa|1
|
|upkeep
|turn|14
|
|t:|1633867173
|switch|p1a: Garchomp|Garchomp, M|100/100
|-damage|p1a: Garchomp|84/100|[from] Spikes
|move|p2a: Nihilego|Meteor Beam||[still]
|-prepare|p2a: Nihilego|Meteor Beam
|-boost|p2a: Nihilego|spa|1
|-enditem|p2a: Nihilego|Power Herb
|-anim|p2a: Nihilego|Meteor Beam|p1a: Garchomp
|-resisted|p1a: Garchomp
|-damage|p1a: Garchomp|50/100
|
|upkeep
|turn|15
|
|t:|1633867181
|move|p2a: Nihilego|Power Gem|p1a: Garchomp
|-resisted|p1a: Garchomp
|-damage|p1a: Garchomp|27/100
|move|p1a: Garchomp|Earthquake|p2a: Nihilego
|-supereffective|p2a: Nihilego
|-damage|p2a: Nihilego|0 fnt
|faint|p2a: Nihilego
|-damage|p1a: Garchomp|17/100|[from] item: Life Orb
|
|upkeep
|c|☆legitteambuilder|man that drop lost me the game
|j| t-yeu
|-message|legitteambuilder forfeited.
|
|win|HugeBar
|raw|HugeBar's rating: 1795 &rarr; <strong>1812</strong><br />(+17 for winning)
|raw|legitteambuilder's rating: 1745 &rarr; <strong>1728</strong><br />(-17 for losing)
|l|☆legitteambuilder
|l|☆HugeBar
