|j|☆PQPP214
|j|☆hdhdhd
|t:|1646360694
|gametype|singles
|player|p1|PQPP214|266|1415
|player|p2|hdhdhd|170|1423
|teamsize|p1|6
|teamsize|p2|6
|gen|8
|tier|[Gen 8] OU
|rated|
|rule|Sleep Clause Mod: Limit one foe put to sleep
|rule|Species Clause: Limit one of each Pokémon
|rule|OHKO Clause: OHKO moves are banned
|rule|Evasion Moves Clause: Evasion moves are banned
|rule|Endless Battle Clause: Forcing endless battles is banned
|rule|HP Percentage Mod: HP is shown in percentages
|rule|Dynamax Clause: You cannot dynamax
|clearpoke
|poke|p1|Landorus-Therian, M|
|poke|p1|Tornadus-Therian, M|
|poke|p1|Zeraora|
|poke|p1|Zapdos-Galar|
|poke|p1|Jirachi|
|poke|p1|Toxapex, M|
|poke|p2|Tornadus-Therian, M|
|poke|p2|Slowking, M|
|poke|p2|Dragapult, M|
|poke|p2|Heatran, F|
|poke|p2|Zapdos-Galar|
|poke|p2|Scizor, F|
|teampreview
|
|t:|1646360724
|start
|switch|p1a: Zapdos|Zapdos-Galar|100/100
|switch|p2a: Tornadus|Tornadus-Therian, M|100/100
|turn|1
|
|t:|1646360732
|switch|p1a: Jirachi|Jirachi, shiny|100/100
|move|p2a: Tornadus|Knock Off|p1a: Jirachi
|-supereffective|p1a: Jirachi
|-damage|p1a: Jirachi|69/100
|-enditem|p1a: Jirachi|Leftovers|[from] move: Knock Off|[of] p2a: Tornadus
|
|upkeep
|turn|2
|inactive|Battle timer is ON: inactive players will automatically lose when time's up. (requested by hdhdhd)
|
|t:|1646360738
|move|p2a: Tornadus|U-turn|p1a: Jirachi
|-crit|p1a: Jirachi
|-damage|p1a: Jirachi|50/100
|
|t:|1646360742
|switch|p2a: Slowking|Slowking, M|100/100|[from]move: U-turn
|move|p1a: Jirachi|Stealth Rock|p2a: Slowking
|-sidestart|p2: hdhdhd|move: Stealth Rock
|
|upkeep
|turn|3
|
|t:|1646360746
|move|p1a: Jirachi|U-turn|p2a: Slowking
|-supereffective|p2a: Slowking
|-damage|p2a: Slowking|68/100
|
|t:|1646360751
|switch|p1a: Zeraora|Zeraora, shiny|100/100|[from]move: U-turn
|move|p2a: Slowking|Scald|p1a: Zeraora
|-damage|p1a: Zeraora|65/100
|
|-heal|p2a: Slowking|74/100|[from] item: Leftovers
|upkeep
|turn|4
|
|t:|1646360772
|switch|p2a: Scizor|Scizor, F|100/100
|move|p1a: Zeraora|Plasma Fists|p2a: Scizor
|-damage|p2a: Scizor|66/100
|-fieldactivate|move: Ion Deluge
|-hint|Normal-type moves become Electric-type after using Plasma Fists.
|
|upkeep
|turn|5
|
|t:|1646360784
|switch|p1a: Toxapex|Toxapex, M, shiny|100/100
|move|p2a: Scizor|Roost|p2a: Scizor
|-heal|p2a: Scizor|100/100
|-singleturn|p2a: Scizor|move: Roost
|
|upkeep
|turn|6
|
|t:|1646360790
|switch|p2a: Tornadus|Tornadus-Therian, M|100/100
|move|p1a: Toxapex|Scald|p2a: Tornadus
|-damage|p2a: Tornadus|83/100
|
|upkeep
|turn|7
|
|t:|1646360796
|move|p2a: Tornadus|Knock Off|p1a: Toxapex
|-damage|p1a: Toxapex|88/100
|-enditem|p1a: Toxapex|Eject Button|[from] move: Knock Off|[of] p2a: Tornadus
|move|p1a: Toxapex|Knock Off|p2a: Tornadus
|-damage|p2a: Tornadus|67/100
|-enditem|p2a: Tornadus|Heavy-Duty Boots|[from] move: Knock Off|[of] p1a: Toxapex
|
|upkeep
|turn|8
|
|t:|1646360804
|move|p2a: Tornadus|Defog|p1a: Toxapex
|-unboost|p1a: Toxapex|evasion|1
|-sideend|p2: hdhdhd|Stealth Rock|[from] move: Defog|[of] p2a: Tornadus
|move|p1a: Toxapex|Scald|p2a: Tornadus
|-damage|p2a: Tornadus|48/100
|
|upkeep
|turn|9
|
|t:|1646360811
|switch|p1a: Landorus|Landorus-Therian, M, shiny|100/100
|-ability|p1a: Landorus|Intimidate|boost
|-unboost|p2a: Tornadus|atk|1
|move|p2a: Tornadus|Hurricane|p1a: Landorus
|-damage|p1a: Landorus|68/100
|
|-heal|p1a: Landorus|74/100|[from] item: Leftovers
|upkeep
|turn|10
|
|t:|1646360819
|move|p2a: Tornadus|Knock Off|p1a: Landorus
|-damage|p1a: Landorus|61/100
|-enditem|p1a: Landorus|Leftovers|[from] move: Knock Off|[of] p2a: Tornadus
|move|p1a: Landorus|Toxic|p2a: Tornadus
|-status|p2a: Tornadus|tox
|
|-damage|p2a: Tornadus|42/100 tox|[from] psn
|upkeep
|turn|11
|
|t:|1646360827
|switch|p1a: Tornadus|Tornadus-Therian, M, shiny|100/100
|move|p2a: Tornadus|U-turn|p1a: Tornadus
|-resisted|p1a: Tornadus
|-damage|p1a: Tornadus|96/100
|
|t:|1646360832
|switch|p2a: Heatran|Heatran, F|100/100|[from]move: U-turn
|
|upkeep
|turn|12
|
|t:|1646360838
|move|p1a: Tornadus|Knock Off|p2a: Heatran
|-damage|p2a: Heatran|83/100
|-enditem|p2a: Heatran|Leftovers|[from] move: Knock Off|[of] p1a: Tornadus
|move|p2a: Heatran|Magma Storm|p1a: Tornadus
|-damage|p1a: Tornadus|52/100
|-activate|p1a: Tornadus|move: Magma Storm|[of] p2a: Heatran
|
|-damage|p1a: Tornadus|40/100|[from] move: Magma Storm|[partiallytrapped]
|upkeep
|turn|13
|
|t:|1646360846
|move|p2a: Heatran|Protect|p2a: Heatran
|-singleturn|p2a: Heatran|Protect
|move|p1a: Tornadus|U-turn|p2a: Heatran
|-activate|p2a: Heatran|move: Protect
|
|-damage|p1a: Tornadus|27/100|[from] move: Magma Storm|[partiallytrapped]
|upkeep
|turn|14
|
|t:|1646360852
|move|p1a: Tornadus|U-turn|p2a: Heatran
|-resisted|p2a: Heatran
|-damage|p2a: Heatran|80/100
|
|t:|1646360859
|switch|p1a: Jirachi|Jirachi, shiny|50/100|[from]move: U-turn
|move|p2a: Heatran|Magma Storm|p1a: Jirachi
|-supereffective|p1a: Jirachi
|-damage|p1a: Jirachi|0 fnt
|faint|p1a: Jirachi
|
|upkeep
|
|t:|1646360866
|switch|p1a: Zapdos|Zapdos-Galar|100/100
|turn|15
|
|t:|1646360871
|switch|p2a: Slowking|Slowking, M|100/100
|move|p1a: Zapdos|Close Combat|p2a: Slowking
|-resisted|p2a: Slowking
|-damage|p2a: Slowking|55/100
|-unboost|p1a: Zapdos|def|1
|-unboost|p1a: Zapdos|spd|1
|
|-heal|p2a: Slowking|61/100|[from] item: Leftovers
|upkeep
|turn|16
|
|t:|1646360879
|move|p1a: Zapdos|Close Combat|p2a: Slowking
|-resisted|p2a: Slowking
|-damage|p2a: Slowking|10/100
|-unboost|p1a: Zapdos|def|1
|-unboost|p1a: Zapdos|spd|1
|move|p2a: Slowking|Teleport|p2a: Slowking
|
|t:|1646360885
|switch|p2a: Dragapult|Dragapult, M|100/100|[from]move: Teleport
|
|upkeep
|turn|17
|
|t:|1646360890
|switch|p1a: Toxapex|Toxapex, M, shiny|100/100
|move|p2a: Dragapult|Shadow Ball|p1a: Toxapex
|-damage|p1a: Toxapex|59/100
|
|upkeep
|turn|18
|
|t:|1646360916
|move|p2a: Dragapult|Shadow Ball|p1a: Toxapex
|-damage|p1a: Toxapex|19/100
|-unboost|p1a: Toxapex|spd|1
|move|p1a: Toxapex|Knock Off|p2a: Dragapult
|-supereffective|p2a: Dragapult
|-damage|p2a: Dragapult|59/100
|-enditem|p2a: Dragapult|Choice Specs|[from] move: Knock Off|[of] p1a: Toxapex
|
|upkeep
|turn|19
|
|t:|1646360943
|switch|p1a: Landorus|Landorus-Therian, M, shiny|61/100
|-ability|p1a: Landorus|Intimidate|boost
|-fail|p2a: Dragapult|unboost|[from] ability: Clear Body|[of] p2a: Dragapult
|move|p2a: Dragapult|Shadow Ball|p1a: Landorus
|-damage|p1a: Landorus|33/100
|
|upkeep
|turn|20
|
|t:|1646360952
|move|p2a: Dragapult|Draco Meteor|p1a: Landorus
|-damage|p1a: Landorus|0 fnt
|-unboost|p2a: Dragapult|spa|2
|faint|p1a: Landorus
|
|upkeep
|
|t:|1646360957
|switch|p1a: Zeraora|Zeraora, shiny|65/100
|turn|21
|
|t:|1646360963
|switch|p2a: Scizor|Scizor, F|100/100
|move|p1a: Zeraora|Volt Switch|p2a: Scizor
|-damage|p2a: Scizor|72/100
|
|t:|1646360965
|switch|p1a: Tornadus|Tornadus-Therian, M, shiny|61/100|[from]move: Volt Switch
|
|upkeep
|turn|22
|
|t:|1646360973
|switch|p2a: Heatran|Heatran, F|80/100
|move|p1a: Tornadus|U-turn|p2a: Heatran
|-resisted|p2a: Heatran
|-damage|p2a: Heatran|76/100
|
|t:|1646360977
|switch|p1a: Zapdos|Zapdos-Galar|100/100|[from]move: U-turn
|
|upkeep
|turn|23
|
|t:|1646360984
|move|p2a: Heatran|Protect|p2a: Heatran
|-singleturn|p2a: Heatran|Protect
|move|p1a: Zapdos|Stomping Tantrum|p2a: Heatran
|-activate|p2a: Heatran|move: Protect
|
|upkeep
|turn|24
|
|t:|1646360990
|switch|p1a: Zeraora|Zeraora, shiny|65/100
|switch|p2a: Tornadus|Tornadus-Therian, M|75/100 tox
|
|-damage|p2a: Tornadus|69/100 tox|[from] psn
|upkeep
|turn|25
|
|t:|1646360996
|switch|p2a: Heatran|Heatran, F|76/100
|move|p1a: Zeraora|Volt Switch|p2a: Heatran
|-damage|p2a: Heatran|63/100
|
|t:|1646361005
|switch|p1a: Zapdos|Zapdos-Galar|100/100|[from]move: Volt Switch
|
|upkeep
|turn|26
|
|t:|1646361010
|move|p2a: Heatran|Protect|p2a: Heatran
|-singleturn|p2a: Heatran|Protect
|move|p1a: Zapdos|Stomping Tantrum|p2a: Heatran
|-activate|p2a: Heatran|move: Protect
|
|upkeep
|turn|27
|
|t:|1646361016
|switch|p2a: Slowking|Slowking, M|43/100
|move|p1a: Zapdos|Stomping Tantrum|p2a: Slowking
|-damage|p2a: Slowking|2/100
|
|-heal|p2a: Slowking|8/100|[from] item: Leftovers
|upkeep
|turn|28
|
|t:|1646361025
|switch|p1a: Zeraora|Zeraora, shiny|65/100
|switch|p2a: Tornadus|Tornadus-Therian, M|100/100 tox
|
|-damage|p2a: Tornadus|94/100 tox|[from] psn
|upkeep
|turn|29
|
|t:|1646361032
|switch|p2a: Scizor|Scizor, F|72/100
|move|p1a: Zeraora|Plasma Fists|p2a: Scizor
|-damage|p2a: Scizor|37/100
|-fieldactivate|move: Ion Deluge
|-hint|Normal-type moves become Electric-type after using Plasma Fists.
|
|upkeep
|turn|30
|
|t:|1646361040
|move|p1a: Zeraora|Plasma Fists|p2a: Scizor
|-damage|p2a: Scizor|2/100
|-fieldactivate|move: Ion Deluge
|-hint|Normal-type moves become Electric-type after using Plasma Fists.
|move|p2a: Scizor|Roost|p2a: Scizor
|-heal|p2a: Scizor|52/100
|-singleturn|p2a: Scizor|move: Roost
|
|upkeep
|turn|31
|
|t:|1646361047
|move|p1a: Zeraora|Volt Switch|p2a: Scizor
|-damage|p2a: Scizor|27/100
|
|t:|1646361050
|switch|p1a: Tornadus|Tornadus-Therian, M, shiny|94/100|[from]move: Volt Switch
|move|p2a: Scizor|Roost|p2a: Scizor
|-heal|p2a: Scizor|77/100
|-singleturn|p2a: Scizor|move: Roost
|
|upkeep
|turn|32
|
|t:|1646361056
|switch|p2a: Slowking|Slowking, M|41/100
|move|p1a: Tornadus|U-turn|p2a: Slowking
|-supereffective|p2a: Slowking
|-damage|p2a: Slowking|9/100
|
|t:|1646361060
|switch|p1a: Zeraora|Zeraora, shiny|65/100|[from]move: U-turn
|
|-heal|p2a: Slowking|15/100|[from] item: Leftovers
|upkeep
|turn|33
|c|☆hdhdhd|thick daddy
|
|t:|1646361066
|switch|p2a: Scizor|Scizor, F|77/100
|move|p1a: Zeraora|Volt Switch|p2a: Scizor
|-damage|p2a: Scizor|51/100
|
|t:|1646361071
|switch|p1a: Zapdos|Zapdos-Galar|100/100|[from]move: Volt Switch
|
|upkeep
|turn|34
|
|t:|1646361080
|switch|p2a: Heatran|Heatran, F|63/100
|move|p1a: Zapdos|Brave Bird|p2a: Heatran
|-resisted|p2a: Heatran
|-damage|p2a: Heatran|25/100
|-damage|p1a: Zapdos|86/100|[from] Recoil
|
|upkeep
|turn|35
|
|t:|1646361090
|move|p2a: Heatran|Protect|p2a: Heatran
|-singleturn|p2a: Heatran|Protect
|move|p1a: Zapdos|Brave Bird|p2a: Heatran
|-activate|p2a: Heatran|move: Protect
|
|upkeep
|turn|36
|
|t:|1646361096
|switch|p2a: Tornadus|Tornadus-Therian, M|100/100 tox
|move|p1a: Zapdos|Brave Bird|p2a: Tornadus
|-damage|p2a: Tornadus|0 fnt
|faint|p2a: Tornadus
|-damage|p1a: Zapdos|48/100|[from] Recoil
|
|upkeep
|
|t:|1646361105
|switch|p2a: Dragapult|Dragapult, M|59/100
|turn|37
|
|t:|1646361111
|switch|p1a: Toxapex|Toxapex, M, shiny|52/100
|move|p2a: Dragapult|U-turn|p1a: Toxapex
|-resisted|p1a: Toxapex
|-damage|p1a: Toxapex|47/100
|
|t:|1646361115
|switch|p2a: Slowking|Slowking, M|48/100|[from]move: U-turn
|
|-heal|p2a: Slowking|54/100|[from] item: Leftovers
|upkeep
|turn|38
|
|t:|1646361124
|switch|p1a: Zeraora|Zeraora, shiny|65/100
|move|p2a: Slowking|Psyshock|p1a: Zeraora
|-damage|p1a: Zeraora|30/100
|
|-heal|p2a: Slowking|60/100|[from] item: Leftovers
|upkeep
|turn|39
|
|t:|1646361134
|switch|p2a: Scizor|Scizor, F|51/100
|move|p1a: Zeraora|Volt Switch|p2a: Scizor
|-damage|p2a: Scizor|24/100
|
|t:|1646361139
|switch|p1a: Zapdos|Zapdos-Galar|48/100|[from]move: Volt Switch
|
|upkeep
|turn|40
|
|t:|1646361143
|move|p2a: Scizor|Bullet Punch|p1a: Zapdos
|-damage|p1a: Zapdos|16/100
|move|p1a: Zapdos|Brave Bird|p2a: Scizor
|-damage|p2a: Scizor|0 fnt
|faint|p2a: Scizor
|-damage|p1a: Zapdos|8/100|[from] Recoil
|
|upkeep
|
|t:|1646361151
|switch|p2a: Dragapult|Dragapult, M|59/100
|turn|41
|
|t:|1646361155
|switch|p1a: Toxapex|Toxapex, M, shiny|80/100
|move|p2a: Dragapult|Shadow Ball|p1a: Toxapex
|-damage|p1a: Toxapex|51/100
|-unboost|p1a: Toxapex|spd|1
|
|upkeep
|turn|42
|
|t:|1646361166
|move|p2a: Dragapult|Shadow Ball|p1a: Toxapex
|-damage|p1a: Toxapex|11/100
|move|p1a: Toxapex|Recover|p1a: Toxapex
|-heal|p1a: Toxapex|61/100
|
|upkeep
|turn|43
|
|t:|1646361172
|move|p2a: Dragapult|Shadow Ball|p1a: Toxapex
|-damage|p1a: Toxapex|19/100
|-unboost|p1a: Toxapex|spd|1
|move|p1a: Toxapex|Recover|p1a: Toxapex
|-heal|p1a: Toxapex|69/100
|
|upkeep
|turn|44
|
|t:|1646361194
|switch|p1a: Tornadus|Tornadus-Therian, M, shiny|100/100
|move|p2a: Dragapult|Shadow Ball|p1a: Tornadus
|-damage|p1a: Tornadus|61/100
|
|upkeep
|turn|45
|
|t:|1646361200
|switch|p1a: Toxapex|Toxapex, M, shiny|100/100
|move|p2a: Dragapult|Draco Meteor|p1a: Toxapex|[miss]
|-miss|p2a: Dragapult|p1a: Toxapex
|
|upkeep
|turn|46
|
|t:|1646361213
|move|p2a: Dragapult|Shadow Ball|p1a: Toxapex
|-damage|p1a: Toxapex|69/100
|move|p1a: Toxapex|Scald|p2a: Dragapult
|-resisted|p2a: Dragapult
|-crit|p2a: Dragapult
|-damage|p2a: Dragapult|42/100
|
|upkeep
|turn|47
|
|t:|1646361219
|move|p2a: Dragapult|Shadow Ball|p1a: Toxapex
|-damage|p1a: Toxapex|39/100
|move|p1a: Toxapex|Scald|p2a: Dragapult
|-resisted|p2a: Dragapult
|-damage|p2a: Dragapult|30/100
|
|upkeep
|turn|48
|
|t:|1646361225
|switch|p1a: Tornadus|Tornadus-Therian, M, shiny|94/100
|move|p2a: Dragapult|Draco Meteor|p1a: Tornadus|[miss]
|-miss|p2a: Dragapult|p1a: Tornadus
|
|upkeep
|turn|49
|
|t:|1646361231
|switch|p1a: Toxapex|Toxapex, M, shiny|72/100
|move|p2a: Dragapult|U-turn|p1a: Toxapex
|-resisted|p1a: Toxapex
|-damage|p1a: Toxapex|67/100
|
|t:|1646361241
|switch|p2a: Heatran|Heatran, F|25/100|[from]move: U-turn
|
|upkeep
|turn|50
|
|t:|1646361244
|move|p2a: Heatran|Magma Storm|p1a: Toxapex
|-resisted|p1a: Toxapex
|-damage|p1a: Toxapex|50/100
|-activate|p1a: Toxapex|move: Magma Storm|[of] p2a: Heatran
|move|p1a: Toxapex|Scald|p2a: Heatran
|-supereffective|p2a: Heatran
|-damage|p2a: Heatran|5/100
|
|-damage|p1a: Toxapex|37/100|[from] move: Magma Storm|[partiallytrapped]
|upkeep
|turn|51
|
|t:|1646361255
|move|p2a: Heatran|Earth Power|p1a: Toxapex
|-supereffective|p1a: Toxapex
|-damage|p1a: Toxapex|0 fnt
|faint|p1a: Toxapex
|
|upkeep
|
|t:|1646361263
|switch|p1a: Tornadus|Tornadus-Therian, M, shiny|100/100
|turn|52
|
|t:|1646361266
|move|p2a: Heatran|Protect|p2a: Heatran
|-singleturn|p2a: Heatran|Protect
|move|p1a: Tornadus|Knock Off|p2a: Heatran
|-activate|p2a: Heatran|move: Protect
|
|upkeep
|turn|53
|
|t:|1646361272
|move|p2a: Heatran|Protect|p2a: Heatran
|-singleturn|p2a: Heatran|Protect
|move|p1a: Tornadus|Knock Off|p2a: Heatran
|-activate|p2a: Heatran|move: Protect
|
|upkeep
|turn|54
|
|t:|1646361277
|move|p1a: Tornadus|Knock Off|p2a: Heatran
|-damage|p2a: Heatran|0 fnt
|faint|p2a: Heatran
|
|upkeep
|
|t:|1646361283
|switch|p2a: Zapdos|Zapdos-Galar|100/100
|turn|55
|
|t:|1646361286
|move|p1a: Tornadus|Hurricane|p2a: Zapdos|[miss]
|-miss|p1a: Tornadus|p2a: Zapdos
|move|p2a: Zapdos|Agility|p2a: Zapdos
|-boost|p2a: Zapdos|spe|2
|
|upkeep
|turn|56
|
|t:|1646361292
|move|p2a: Zapdos|Bulk Up|p2a: Zapdos
|-boost|p2a: Zapdos|atk|1
|-boost|p2a: Zapdos|def|1
|move|p1a: Tornadus|Hurricane|p2a: Zapdos
|-supereffective|p2a: Zapdos
|-damage|p2a: Zapdos|38/100
|
|-heal|p2a: Zapdos|44/100|[from] item: Leftovers
|upkeep
|turn|57
|
|t:|1646361300
|move|p2a: Zapdos|Brave Bird|p1a: Tornadus
|-damage|p1a: Tornadus|26/100
|-damage|p2a: Zapdos|21/100|[from] Recoil
|move|p1a: Tornadus|Hurricane|p2a: Zapdos
|-supereffective|p2a: Zapdos
|-damage|p2a: Zapdos|0 fnt
|faint|p2a: Zapdos
|
|upkeep
|c|☆hdhdhd|nooo
|c|☆hdhdhd|too thicc
|c|☆hdhdhd|gg
|
|t:|1646361313
|switch|p2a: Dragapult|Dragapult, M|30/100
|turn|58
|
|t:|1646361317
|move|p2a: Dragapult|Shadow Ball|p1a: Tornadus
|-damage|p1a: Tornadus|0 fnt
|faint|p1a: Tornadus
|
|upkeep
|
|t:|1646361320
|switch|p1a: Zeraora|Zeraora, shiny|30/100
|turn|59
|
|t:|1646361324
|move|p1a: Zeraora|Knock Off|p2a: Dragapult
|-supereffective|p2a: Dragapult
|-damage|p2a: Dragapult|0 fnt
|faint|p2a: Dragapult
|
|upkeep
|-message|hdhdhd forfeited.
|
|win|PQPP214
|raw|PQPP214's rating: 1415 &rarr; <strong>1435</strong><br />(+20 for winning)
|raw|hdhdhd's rating: 1423 &rarr; <strong>1403</strong><br />(-20 for losing)
|l|☆hdhdhd
