|html|<div class="broadcast-blue"><strong>[Gen 8] OU is currently suspecting Melmetal! For information on how to participate check out the <a href="https://www.smogon.com/forums/threads/np-ss-ou-suspect-process-round-12-monster-mash.3709234/">suspect thread</a>.</strong></div>
|j|☆LizzyPark
|j|‽minimax_ai
|t:|1665708021
|gametype|singles
|player|p1|LizzyPark|doctor|1674
|player|p2|minimax_ai|101|1684
|teamsize|p1|6
|teamsize|p2|6
|gen|8
|tier|[Gen 8] OU
|rated|
|rule|Sleep Clause Mod: Limit one foe put to sleep
|rule|Species Clause: Limit one of each Pokémon
|rule|OHKO Clause: OHKO moves are banned
|rule|Evasion Items Clause: Evasion items are banned
|rule|Evasion Moves Clause: Evasion moves are banned
|rule|Endless Battle Clause: Forcing endless battles is banned
|rule|HP Percentage Mod: HP is shown in percentages
|rule|Dynamax Clause: You cannot dynamax
|clearpoke
|poke|p1|Weavile, M|
|poke|p1|Kartana|
|poke|p1|Zeraora|
|poke|p1|Rillaboom, M|
|poke|p1|Landorus-Therian, M|
|poke|p1|Melmetal|
|poke|p2|Rotom-Wash|
|poke|p2|Weavile, F|
|poke|p2|Landorus-Therian, M|
|poke|p2|Heatran, M|
|poke|p2|Tangrowth, F|
|poke|p2|Melmetal|
|teampreview
|inactive|Battle timer is ON: inactive players will automatically lose when time's up. (requested by minimax_ai)
|inactive|LizzyPark has 120 seconds left.
|inactive|LizzyPark has 90 seconds left.
|inactive|LizzyPark has 60 seconds left.
|
|t:|1665708144
|start
|switch|p1a: Weavile|Weavile, M|100/100
|switch|p2a: Heatran|Heatran, M|100/100
|-item|p2a: Heatran|Air Balloon
|turn|1
|
|t:|1665708150
|switch|p2a: Landorus|Landorus-Therian, M|100/100
|-ability|p2a: Landorus|Intimidate|boost
|-unboost|p1a: Weavile|atk|1
|move|p1a: Weavile|Beat Up|p2a: Landorus
|-damage|p2a: Landorus|95/100
|-damage|p2a: Landorus|87/100
|-damage|p2a: Landorus|81/100
|-damage|p2a: Landorus|75/100
|-damage|p2a: Landorus|68/100
|-damage|p2a: Landorus|61/100
|-hitcount|p2a: Landorus|6
|
|-heal|p2a: Landorus|67/100|[from] item: Leftovers
|upkeep
|turn|2
|
|t:|1665708152
|switch|p2a: Heatran|Heatran, M|100/100
|-item|p2a: Heatran|Air Balloon
|move|p1a: Weavile|Swords Dance|p1a: Weavile
|-boost|p1a: Weavile|atk|2
|
|upkeep
|turn|3
|
|t:|1665708154
|move|p1a: Weavile|Beat Up|p2a: Heatran
|-damage|p2a: Heatran|87/100
|-enditem|p2a: Heatran|Air Balloon
|-damage|p2a: Heatran|70/100
|-damage|p2a: Heatran|56/100
|-damage|p2a: Heatran|41/100
|-damage|p2a: Heatran|26/100
|-damage|p2a: Heatran|10/100
|-hitcount|p2a: Heatran|6
|move|p2a: Heatran|Eruption|p1a: Weavile
|-supereffective|p1a: Weavile
|-damage|p1a: Weavile|78/100
|
|upkeep
|turn|4
|inactive|LizzyPark has 120 seconds left.
|
|t:|1665708167
|switch|p2a: Melmetal|Melmetal|100/100
|move|p1a: Weavile|Beat Up|p2a: Melmetal
|-damage|p2a: Melmetal|92/100
|-damage|p2a: Melmetal|83/100
|-damage|p2a: Melmetal|75/100
|-damage|p2a: Melmetal|67/100
|-damage|p2a: Melmetal|57/100
|-crit|p2a: Melmetal
|-damage|p2a: Melmetal|44/100
|-hitcount|p2a: Melmetal|6
|
|upkeep
|turn|5
|
|t:|1665708169
|move|p1a: Weavile|Beat Up|p2a: Melmetal
|-damage|p2a: Melmetal|35/100
|-damage|p2a: Melmetal|25/100
|-damage|p2a: Melmetal|17/100
|-damage|p2a: Melmetal|9/100
|-damage|p2a: Melmetal|0 fnt
|faint|p2a: Melmetal
|-hitcount|p2: Melmetal|5
|
|upkeep
|
|t:|1665708169
|switch|p2a: Tangrowth|Tangrowth, F|100/100
|turn|6
|
|t:|1665708180
|move|p1a: Weavile|Icicle Crash|p2a: Tangrowth
|-supereffective|p2a: Tangrowth
|-damage|p2a: Tangrowth|24/100
|move|p2a: Tangrowth|Focus Blast|p1a: Weavile
|-supereffective|p1a: Weavile
|-damage|p1a: Weavile|0 fnt
|faint|p1a: Weavile
|
|upkeep
|
|t:|1665708199
|switch|p1a: Spice Girl|Kartana|100/100
|turn|7
|
|t:|1665708203
|switch|p2a: Landorus|Landorus-Therian, M|67/100
|-ability|p2a: Landorus|Intimidate|boost
|-unboost|p1a: Spice Girl|atk|1
|move|p1a: Spice Girl|Knock Off|p2a: Landorus
|-damage|p2a: Landorus|39/100
|-enditem|p2a: Landorus|Leftovers|[from] move: Knock Off|[of] p1a: Spice Girl
|
|upkeep
|turn|8
|
|t:|1665708207
|switch|p1a: Broken|Landorus-Therian, M|100/100
|-ability|p1a: Broken|Intimidate|boost
|-unboost|p2a: Landorus|atk|1
|move|p2a: Landorus|U-turn|p1a: Broken
|-resisted|p1a: Broken
|-damage|p1a: Broken|92/100
|-enditem|p1a: Broken|Eject Button
|
|t:|1665708217
|switch|p1a: Big E-stablished|Rillaboom, M|100/100
|-fieldstart|move: Grassy Terrain|[from] ability: Grassy Surge|[of] p1a: Big E-stablished
|
|upkeep
|turn|9
|
|t:|1665708222
|switch|p2a: Tangrowth|Tangrowth, F|57/100
|move|p1a: Big E-stablished|Swords Dance|p1a: Big E-stablished
|-boost|p1a: Big E-stablished|atk|2
|
|-heal|p2a: Tangrowth|64/100|[from] Grassy Terrain
|upkeep
|turn|10
|
|t:|1665708225
|switch|p2a: Heatran|Heatran, M|10/100
|move|p1a: Big E-stablished|Acrobatics|p2a: Heatran
|-resisted|p2a: Heatran
|-damage|p2a: Heatran|0 fnt
|faint|p2a: Heatran
|-damage|p1a: Big E-stablished|91/100|[from] item: Life Orb
|
|-heal|p1a: Big E-stablished|97/100|[from] Grassy Terrain
|upkeep
|
|t:|1665708225
|switch|p2a: Tangrowth|Tangrowth, F|97/100
|turn|11
|
|t:|1665708227
|move|p1a: Big E-stablished|Acrobatics|p2a: Tangrowth
|-supereffective|p2a: Tangrowth
|-damage|p2a: Tangrowth|43/100
|-damage|p1a: Big E-stablished|80/100|[from] item: Rocky Helmet|[of] p2a: Tangrowth
|-damage|p1a: Big E-stablished|70/100|[from] item: Life Orb
|move|p2a: Tangrowth|Giga Drain|p1a: Big E-stablished
|-resisted|p1a: Big E-stablished
|-damage|p1a: Big E-stablished|46/100
|-heal|p2a: Tangrowth|53/100|[from] drain|[of] p1a: Big E-stablished
|
|-heal|p1a: Big E-stablished|52/100|[from] Grassy Terrain
|-heal|p2a: Tangrowth|59/100|[from] Grassy Terrain
|upkeep
|turn|12
|
|t:|1665708253
|switch|p2a: Landorus|Landorus-Therian, M|39/100
|-ability|p2a: Landorus|Intimidate|boost
|-unboost|p1a: Big E-stablished|atk|1
|move|p1a: Big E-stablished|Acrobatics|p2a: Landorus
|-damage|p2a: Landorus|2/100
|-damage|p1a: Big E-stablished|42/100|[from] item: Life Orb
|
|-heal|p1a: Big E-stablished|48/100|[from] Grassy Terrain
|-fieldend|move: Grassy Terrain
|upkeep
|turn|13
|
|t:|1665708258
|switch|p2a: Tangrowth|Tangrowth, F|93/100
|move|p1a: Big E-stablished|Grassy Glide|p2a: Tangrowth
|-resisted|p2a: Tangrowth
|-damage|p2a: Tangrowth|74/100
|-damage|p1a: Big E-stablished|32/100|[from] item: Rocky Helmet|[of] p2a: Tangrowth
|-damage|p1a: Big E-stablished|22/100|[from] item: Life Orb
|
|upkeep
|turn|14
|j| BabyPigsAreLaughin
|
|t:|1665708262
|move|p1a: Big E-stablished|Acrobatics|p2a: Tangrowth
|-supereffective|p2a: Tangrowth
|-damage|p2a: Tangrowth|30/100
|-damage|p1a: Big E-stablished|5/100|[from] item: Rocky Helmet|[of] p2a: Tangrowth
|-damage|p1a: Big E-stablished|0 fnt|[from] item: Life Orb
|faint|p1a: Big E-stablished
|move|p2a: Tangrowth|Focus Blast|p1: Big E-stablished|[notarget]
|-fail|p2a: Tangrowth
|
|upkeep
|
|t:|1665708271
|switch|p1a: Spice Girl|Kartana|100/100
|turn|15
|
|t:|1665708272
|move|p1a: Spice Girl|Knock Off|p2a: Tangrowth
|-damage|p2a: Tangrowth|9/100
|-damage|p1a: Spice Girl|84/100|[from] item: Rocky Helmet|[of] p2a: Tangrowth
|-enditem|p2a: Tangrowth|Rocky Helmet|[from] move: Knock Off|[of] p1a: Spice Girl
|move|p2a: Tangrowth|Focus Blast|p1a: Spice Girl
|-supereffective|p1a: Spice Girl
|-damage|p1a: Spice Girl|0 fnt
|faint|p1a: Spice Girl
|
|upkeep
|inactive|LizzyPark has 120 seconds left.
|
|t:|1665708304
|switch|p1a: Zeraora|Zeraora|100/100
|turn|16
|
|t:|1665708314
|switch|p2a: Landorus|Landorus-Therian, M|2/100
|-ability|p2a: Landorus|Intimidate|boost
|-unboost|p1a: Zeraora|atk|1
|move|p1a: Zeraora|Bulk Up|p1a: Zeraora
|-boost|p1a: Zeraora|atk|1
|-boost|p1a: Zeraora|def|1
|
|upkeep
|turn|17
|
|t:|1665708327
|switch|p2a: Tangrowth|Tangrowth, F|42/100
|move|p1a: Zeraora|Drain Punch|p2a: Tangrowth
|-damage|p2a: Tangrowth|29/100
|
|upkeep
|turn|18
|
|t:|1665708332
|move|p1a: Zeraora|Bulk Up|p1a: Zeraora
|-boost|p1a: Zeraora|atk|1
|-boost|p1a: Zeraora|def|1
|move|p2a: Tangrowth|Giga Drain|p1a: Zeraora
|-damage|p1a: Zeraora|64/100
|-heal|p2a: Tangrowth|44/100|[from] drain|[of] p1a: Zeraora
|
|upkeep
|turn|19
|
|t:|1665708335
|move|p1a: Zeraora|Drain Punch|p2a: Tangrowth
|-damage|p2a: Tangrowth|25/100
|-heal|p1a: Zeraora|77/100|[from] drain|[of] p2a: Tangrowth
|move|p2a: Tangrowth|Giga Drain|p1a: Zeraora
|-damage|p1a: Zeraora|38/100
|-heal|p2a: Tangrowth|40/100|[from] drain|[of] p1a: Zeraora
|
|upkeep
|turn|20
|
|t:|1665708344
|switch|p1a: Broken 2|Melmetal|100/100
|move|p2a: Tangrowth|Giga Drain|p1a: Broken 2
|-resisted|p1a: Broken 2
|-crit|p1a: Broken 2
|-damage|p1a: Broken 2|80/100
|-heal|p2a: Tangrowth|50/100|[from] drain|[of] p1a: Broken 2
|-enditem|p1a: Broken 2|Eject Button
|
|t:|1665708346
|switch|p1a: Broken|Landorus-Therian, M|92/100
|-ability|p1a: Broken|Intimidate|boost
|-unboost|p2a: Tangrowth|atk|1
|
|upkeep
|turn|21
|
|t:|1665708348
|switch|p2a: Rotom|Rotom-Wash|100/100
|move|p1a: Broken|Explosion|p2a: Rotom
|-damage|p2a: Rotom|5/100
|faint|p1a: Broken
|
|-heal|p2a: Rotom|11/100|[from] item: Leftovers
|upkeep
|
|t:|1665708352
|switch|p1a: Zeraora|Zeraora|38/100
|turn|22
|
|t:|1665708359
|switch|p2a: Tangrowth|Tangrowth, F|84/100
|move|p1a: Zeraora|Knock Off|p2a: Tangrowth
|-damage|p2a: Tangrowth|72/100
|
|upkeep
|turn|23
|
|t:|1665708362
|switch|p1a: Broken 2|Melmetal|80/100
|move|p2a: Tangrowth|Focus Blast|p1a: Broken 2|[miss]
|-miss|p2a: Tangrowth|p1a: Broken 2
|
|upkeep
|turn|24
|
|t:|1665708364
|move|p1a: Broken 2|Thunder Wave|p2a: Tangrowth
|-status|p2a: Tangrowth|par
|move|p2a: Tangrowth|Focus Blast|p1a: Broken 2
|-supereffective|p1a: Broken 2
|-damage|p1a: Broken 2|19/100
|-unboost|p1a: Broken 2|spd|1
|
|upkeep
|turn|25
|
|t:|1665708366
|move|p1a: Broken 2|Double Iron Bash|p2a: Tangrowth
|-damage|p2a: Tangrowth|49/100 par
|-damage|p2a: Tangrowth|27/100 par
|-hitcount|p2a: Tangrowth|2
|cant|p2a: Tangrowth|flinch
|
|upkeep
|turn|26
|
|t:|1665708368
|switch|p2a: Landorus|Landorus-Therian, M|2/100
|-ability|p2a: Landorus|Intimidate|boost
|-unboost|p1a: Broken 2|atk|1
|move|p1a: Broken 2|Double Iron Bash|p2a: Landorus
|-damage|p2a: Landorus|0 fnt
|faint|p2a: Landorus
|-hitcount|p2: Landorus|1
|
|upkeep
|
|t:|1665708368
|switch|p2a: Weavile|Weavile, F|100/100
|-ability|p2a: Weavile|Pressure
|turn|27
|
|t:|1665708372
|move|p2a: Weavile|Triple Axel|p1a: Broken 2
|-resisted|p1a: Broken 2
|-damage|p1a: Broken 2|15/100
|-resisted|p1a: Broken 2
|-crit|p1a: Broken 2
|-damage|p1a: Broken 2|0 fnt
|faint|p1a: Broken 2
|-hitcount|p1: Broken 2|2
|
|upkeep
|
|t:|1665708374
|switch|p1a: Zeraora|Zeraora|38/100
|turn|28
|
|t:|1665708376
|switch|p2a: Tangrowth|Tangrowth, F|61/100 par
|move|p1a: Zeraora|Drain Punch|p2a: Tangrowth
|-damage|p2a: Tangrowth|49/100 par
|-heal|p1a: Zeraora|45/100|[from] drain|[of] p2a: Tangrowth
|
|upkeep
|turn|29
|
|t:|1665708379
|move|p1a: Zeraora|Bulk Up|p1a: Zeraora
|-boost|p1a: Zeraora|atk|1
|-boost|p1a: Zeraora|def|1
|move|p2a: Tangrowth|Giga Drain|p1a: Zeraora
|-damage|p1a: Zeraora|12/100
|-heal|p2a: Tangrowth|62/100 par|[from] drain|[of] p1a: Zeraora
|
|upkeep
|turn|30
|
|t:|1665708381
|move|p1a: Zeraora|Drain Punch|p2a: Tangrowth
|-damage|p2a: Tangrowth|45/100 par
|-heal|p1a: Zeraora|23/100|[from] drain|[of] p2a: Tangrowth
|move|p2a: Tangrowth|Giga Drain|p1a: Zeraora
|-damage|p1a: Zeraora|0 fnt
|-heal|p2a: Tangrowth|54/100 par|[from] drain|[of] p1a: Zeraora
|faint|p1a: Zeraora
|
|win|minimax_ai
|raw|LizzyPark's rating: 1674 &rarr; <strong>1655</strong><br />(-19 for losing)
|raw|minimax_ai's rating: 1684 &rarr; <strong>1703</strong><br />(+19 for winning)
