|j|☆Le-Perpetrator
|j|☆Commando 55
|t:|1602683801
|player|p1|Le-Perpetrator|169|1663
|player|p2|Commando 55|iris-gen5bw2|1607
|teamsize|p1|6
|teamsize|p2|6
|gametype|singles
|gen|8
|tier|[Gen 8] OU
|rated|
|clearpoke
|poke|p1|Dragapult, M|
|poke|p1|Cloyster, M|
|poke|p1|Grimmsnarl, M|
|poke|p1|Togekiss, F|
|poke|p1|Ferrothorn, M|
|poke|p1|Terrakion|
|poke|p2|Zarude|
|poke|p2|Rillaboom, M|
|poke|p2|Dragapult, M|
|poke|p2|Salazzle, F|
|poke|p2|Clefable, F|
|poke|p2|Mantine, M|
|rule|Sleep Clause Mod: Limit one foe put to sleep
|rule|Species Clause: Limit one of each Pokémon
|rule|OHKO Clause: OHKO moves are banned
|rule|Evasion Moves Clause: Evasion moves are banned
|rule|Endless Battle Clause: Forcing endless battles is banned
|rule|HP Percentage Mod: HP is shown in percentages
|rule|Dynamax Clause: You cannot dynamax
|teampreview
|
|t:|1602683809
|start
|switch|p1a: Togekiss|Togekiss, F|100/100
|switch|p2a: Rillaboom|Rillaboom, M|100/100
|-fieldstart|move: Grassy Terrain|[from] ability: Grassy Surge|[of] p2a: Rillaboom
|turn|1
|inactive|Battle timer is ON: inactive players will automatically lose when time's up. (requested by Commando 55)
|
|t:|1602683816
|switch|p2a: Mantine|Mantine, M|100/100
|move|p1a: Togekiss|Air Slash|p2a: Mantine
|-damage|p2a: Mantine|77/100
|
|upkeep
|turn|2
|
|t:|1602683825
|switch|p1a: Ferrothorn|Ferrothorn, M|100/100
|move|p2a: Mantine|Scald|p1a: Ferrothorn
|-resisted|p1a: Ferrothorn
|-damage|p1a: Ferrothorn|93/100
|
|-heal|p1a: Ferrothorn|99/100|[from] Grassy Terrain
|upkeep
|turn|3
|
|t:|1602683833
|move|p2a: Mantine|Scald|p1a: Ferrothorn
|-resisted|p1a: Ferrothorn
|-damage|p1a: Ferrothorn|90/100
|move|p1a: Ferrothorn|Stealth Rock|p2a: Mantine
|-sidestart|p2: Commando 55|move: Stealth Rock
|
|-heal|p1a: Ferrothorn|97/100|[from] Grassy Terrain
|upkeep
|turn|4
|
|t:|1602683840
|move|p2a: Mantine|Scald|p1a: Ferrothorn
|-resisted|p1a: Ferrothorn
|-damage|p1a: Ferrothorn|89/100
|move|p1a: Ferrothorn|Leech Seed|p2a: Mantine
|-start|p2a: Mantine|move: Leech Seed
|
|-heal|p1a: Ferrothorn|96/100|[from] Grassy Terrain
|-damage|p2a: Mantine|65/100|[from] Leech Seed|[of] p1a: Ferrothorn
|-heal|p1a: Ferrothorn|100/100|[silent]
|upkeep
|turn|5
|
|t:|1602683849
|switch|p1a: Togekiss|Togekiss, F|100/100
|move|p2a: Mantine|Defog|p1a: Togekiss
|-unboost|p1a: Togekiss|evasion|1
|-sideend|p2: Commando 55|Stealth Rock|[from] move: Defog|[of] p2a: Mantine
|-fieldend|move: Grassy Terrain
|
|-damage|p2a: Mantine|52/100|[from] Leech Seed|[of] p1a: Togekiss
|upkeep
|turn|6
|
|t:|1602683856
|switch|p2a: Clefable|Clefable, F|100/100
|move|p1a: Togekiss|Air Slash|p2a: Clefable
|-damage|p2a: Clefable|65/100
|
|-heal|p2a: Clefable|71/100|[from] item: Leftovers
|upkeep
|turn|7
|
|t:|1602683862
|move|p2a: Clefable|Protect|p2a: Clefable
|-singleturn|p2a: Clefable|Protect
|move|p1a: Togekiss|Air Slash|p2a: Clefable
|-activate|p2a: Clefable|move: Protect
|
|-heal|p2a: Clefable|77/100|[from] item: Leftovers
|upkeep
|turn|8
|
|t:|1602683869
|move|p1a: Togekiss|Air Slash|p2a: Clefable
|-damage|p2a: Clefable|41/100
|move|p2a: Clefable|Wish|p2a: Clefable
|
|-heal|p2a: Clefable|47/100|[from] item: Leftovers
|upkeep
|turn|9
|
|t:|1602683875
|move|p1a: Togekiss|Nasty Plot|p1a: Togekiss
|-boost|p1a: Togekiss|spa|2
|move|p2a: Clefable|Stealth Rock|p1a: Togekiss
|-sidestart|p1: Le-Perpetrator|move: Stealth Rock
|
|-heal|p2a: Clefable|97/100|[from] move: Wish|[wisher] Clefable
|-heal|p2a: Clefable|100/100|[from] item: Leftovers
|upkeep
|turn|10
|inactive|Commando 55 has 120 seconds left.
|inactive|Commando 55 has 90 seconds left.
|l|☆Commando 55
|inactive|Commando 55 disconnected and has a minute to reconnect!
|player|p2|
|j|☆Commando 55
|inactive|Commando 55 reconnected and has 80 seconds left.
|player|p2|Commando 55|iris-gen5bw2
|
|t:|1602683950
|switch|p2a: Mantine|Mantine, M|52/100
|move|p1a: Togekiss|Air Slash|p2a: Mantine
|-damage|p2a: Mantine|3/100
|
|upkeep
|turn|11
|
|t:|1602683956
|move|p1a: Togekiss|Air Slash|p2a: Mantine
|-damage|p2a: Mantine|0 fnt
|faint|p2a: Mantine
|
|upkeep
|
|t:|1602683960
|switch|p2a: Salazzle|Salazzle, F, shiny|100/100
|turn|12
|
|t:|1602683964
|switch|p1a: Dragapult|Dragapult, M|100/100
|-damage|p1a: Dragapult|88/100|[from] Stealth Rock
|move|p2a: Salazzle|Toxic|p1a: Dragapult
|-status|p1a: Dragapult|tox
|
|-damage|p1a: Dragapult|82/100 tox|[from] psn
|upkeep
|turn|13
|
|t:|1602683972
|move|p2a: Salazzle|Protect|p2a: Salazzle
|-singleturn|p2a: Salazzle|Protect
|move|p1a: Dragapult|Shadow Ball|p2a: Salazzle
|-activate|p2a: Salazzle|move: Protect
|
|-damage|p1a: Dragapult|70/100 tox|[from] psn
|upkeep
|turn|14
|
|t:|1602683978
|switch|p2a: Zarude|Zarude|100/100
|move|p1a: Dragapult|Shadow Ball|p2a: Zarude
|-resisted|p2a: Zarude
|-damage|p2a: Zarude|70/100
|
|-damage|p1a: Dragapult|52/100 tox|[from] psn
|upkeep
|turn|15
|
|t:|1602683986
|switch|p1a: Ferrothorn|Ferrothorn, M|100/100
|-damage|p1a: Ferrothorn|94/100|[from] Stealth Rock
|move|p2a: Zarude|Bulk Up|p2a: Zarude
|-boost|p2a: Zarude|atk|1
|-boost|p2a: Zarude|def|1
|
|upkeep
|turn|16
|
|t:|1602683993
|move|p2a: Zarude|Bulk Up|p2a: Zarude
|-boost|p2a: Zarude|atk|1
|-boost|p2a: Zarude|def|1
|move|p1a: Ferrothorn|Stealth Rock|p2a: Zarude
|-sidestart|p2: Commando 55|move: Stealth Rock
|
|upkeep
|turn|17
|
|t:|1602683999
|switch|p1a: Terrakion|Terrakion|100/100
|-damage|p1a: Terrakion|94/100|[from] Stealth Rock
|move|p2a: Zarude|Bulk Up|p2a: Zarude
|-boost|p2a: Zarude|atk|1
|-boost|p2a: Zarude|def|1
|
|upkeep
|turn|18
|
|t:|1602684006
|move|p1a: Terrakion|Close Combat|p2a: Zarude
|-supereffective|p2a: Zarude
|-damage|p2a: Zarude|0 fnt
|-unboost|p1a: Terrakion|def|1
|-unboost|p1a: Terrakion|spd|1
|faint|p2a: Zarude
|
|upkeep
|
|t:|1602684014
|switch|p2a: Dragapult|Dragapult, M, shiny|100/100
|-damage|p2a: Dragapult|88/100|[from] Stealth Rock
|turn|19
|
|t:|1602684021
|switch|p1a: Grimmsnarl|Grimmsnarl, M|100/100
|-damage|p1a: Grimmsnarl|88/100|[from] Stealth Rock
|move|p2a: Dragapult|Fire Blast|p1a: Grimmsnarl
|-damage|p1a: Grimmsnarl|41/100
|
|upkeep
|turn|20
|
|t:|1602684029
|move|p1a: Grimmsnarl|Light Screen|p1a: Grimmsnarl
|-sidestart|p1: Le-Perpetrator|move: Light Screen
|move|p2a: Dragapult|Fire Blast|p1a: Grimmsnarl
|-damage|p1a: Grimmsnarl|0 fnt
|faint|p1a: Grimmsnarl
|
|upkeep
|
|t:|1602684035
|switch|p1a: Terrakion|Terrakion|94/100
|-damage|p1a: Terrakion|88/100|[from] Stealth Rock
|turn|21
|
|t:|1602684053
|switch|p2a: Rillaboom|Rillaboom, M|100/100
|-damage|p2a: Rillaboom|88/100|[from] Stealth Rock
|-fieldstart|move: Grassy Terrain|[from] ability: Grassy Surge|[of] p2a: Rillaboom
|move|p1a: Terrakion|Stone Edge|p2a: Rillaboom
|-damage|p2a: Rillaboom|14/100
|
|-heal|p1a: Terrakion|94/100|[from] Grassy Terrain
|-heal|p2a: Rillaboom|20/100|[from] Grassy Terrain
|upkeep
|turn|22
|
|t:|1602684064
|switch|p1a: Ferrothorn|Ferrothorn, M|94/100
|-damage|p1a: Ferrothorn|88/100|[from] Stealth Rock
|move|p2a: Rillaboom|Drum Beating|p1a: Ferrothorn
|-resisted|p1a: Ferrothorn
|-damage|p1a: Ferrothorn|77/100
|-unboost|p1a: Ferrothorn|spe|1
|
|-heal|p2a: Rillaboom|27/100|[from] Grassy Terrain
|-heal|p1a: Ferrothorn|84/100|[from] Grassy Terrain
|upkeep
|turn|23
|
|t:|1602684074
|switch|p2a: Salazzle|Salazzle, F, shiny|100/100
|-damage|p2a: Salazzle|75/100|[from] Stealth Rock
|move|p1a: Ferrothorn|Spikes|p2a: Salazzle
|-sidestart|p2: Commando 55|Spikes
|
|-heal|p2a: Salazzle|82/100|[from] item: Black Sludge
|-heal|p2a: Salazzle|88/100|[from] Grassy Terrain
|-heal|p1a: Ferrothorn|90/100|[from] Grassy Terrain
|upkeep
|turn|24
|
|t:|1602684092
|switch|p1a: Terrakion|Terrakion|94/100
|-damage|p1a: Terrakion|88/100|[from] Stealth Rock
|move|p2a: Salazzle|Flamethrower|p1a: Terrakion
|-resisted|p1a: Terrakion
|-damage|p1a: Terrakion|78/100
|
|-heal|p2a: Salazzle|94/100|[from] item: Black Sludge
|-heal|p2a: Salazzle|99/100|[from] Grassy Terrain
|-heal|p1a: Terrakion|84/100|[from] Grassy Terrain
|upkeep
|turn|25
|
|t:|1602684103
|move|p2a: Salazzle|Protect|p2a: Salazzle
|-singleturn|p2a: Salazzle|Protect
|move|p1a: Terrakion|Stone Edge|p2a: Salazzle
|-activate|p2a: Salazzle|move: Protect
|
|-heal|p2a: Salazzle|100/100|[from] item: Black Sludge
|-heal|p1a: Terrakion|90/100|[from] Grassy Terrain
|upkeep
|turn|26
|
|t:|1602684116
|move|p2a: Salazzle|Substitute|p2a: Salazzle
|-start|p2a: Salazzle|Substitute
|-damage|p2a: Salazzle|75/100
|move|p1a: Terrakion|Stone Edge|p2a: Salazzle
|-supereffective|p2a: Salazzle
|-end|p2a: Salazzle|Substitute
|
|-heal|p2a: Salazzle|82/100|[from] item: Black Sludge
|-heal|p2a: Salazzle|88/100|[from] Grassy Terrain
|-heal|p1a: Terrakion|96/100|[from] Grassy Terrain
|upkeep
|turn|27
|
|t:|1602684130
|switch|p1a: Dragapult|Dragapult, M|52/100 tox
|-damage|p1a: Dragapult|40/100 tox|[from] Stealth Rock
|move|p2a: Salazzle|Substitute|p2a: Salazzle
|-start|p2a: Salazzle|Substitute
|-damage|p2a: Salazzle|63/100
|
|-heal|p1a: Dragapult|46/100 tox|[from] Grassy Terrain
|-heal|p2a: Salazzle|69/100|[from] item: Black Sludge
|-heal|p2a: Salazzle|75/100|[from] Grassy Terrain
|-damage|p1a: Dragapult|40/100 tox|[from] psn
|-sideend|p1: Le-Perpetrator|move: Light Screen
|upkeep
|turn|28
|
|t:|1602684146
|move|p2a: Salazzle|Protect|p2a: Salazzle
|-singleturn|p2a: Salazzle|Protect
|move|p1a: Dragapult|Shadow Ball|p2a: Salazzle
|-activate|p2a: Salazzle|move: Protect
|
|-heal|p1a: Dragapult|46/100 tox|[from] Grassy Terrain
|-heal|p2a: Salazzle|81/100|[from] item: Black Sludge
|-heal|p2a: Salazzle|88/100|[from] Grassy Terrain
|-fieldend|move: Grassy Terrain
|-damage|p1a: Dragapult|34/100 tox|[from] psn
|upkeep
|turn|29
|
|t:|1602684159
|move|p1a: Dragapult|Shadow Ball|p2a: Salazzle
|-damage|p2a: Salazzle|0 fnt
|faint|p2a: Salazzle
|
|-damage|p1a: Dragapult|16/100 tox|[from] psn
|upkeep
|
|t:|1602684166
|switch|p2a: Clefable|Clefable, F|100/100
|turn|30
|
|t:|1602684184
|move|p2a: Clefable|Protect|p2a: Clefable
|-singleturn|p2a: Clefable|Protect
|move|p1a: Dragapult|Shadow Ball|p2a: Clefable
|-activate|p2a: Clefable|move: Protect
|
|-damage|p1a: Dragapult|0 fnt|[from] psn
|faint|p1a: Dragapult
|upkeep
|inactive|Le-Perpetrator has 120 seconds left.
|
|t:|1602684206
|switch|p1a: Togekiss|Togekiss, F|100/100
|-damage|p1a: Togekiss|75/100|[from] Stealth Rock
|turn|31
|inactive|Le-Perpetrator has 120 seconds left.
|
|t:|1602684226
|move|p1a: Togekiss|Thunder Wave|p2a: Clefable
|-status|p2a: Clefable|par
|move|p2a: Clefable|Moonblast|p1a: Togekiss
|-damage|p1a: Togekiss|44/100
|
|-heal|p1a: Togekiss|50/100|[from] item: Leftovers
|upkeep
|turn|32
|
|t:|1602684235
|move|p1a: Togekiss|Air Slash|p2a: Clefable
|-damage|p2a: Clefable|65/100 par
|cant|p2a: Clefable|flinch
|
|-heal|p1a: Togekiss|56/100|[from] item: Leftovers
|-heal|p2a: Clefable|71/100 par|[from] item: Leftovers
|upkeep
|turn|33
|inactive|Le-Perpetrator has 120 seconds left.
|
|t:|1602684242
|switch|p2a: Rillaboom|Rillaboom, M|27/100
|-damage|p2a: Rillaboom|14/100|[from] Spikes
|-damage|p2a: Rillaboom|2/100|[from] Stealth Rock
|-fieldstart|move: Grassy Terrain|[from] ability: Grassy Surge|[of] p2a: Rillaboom
|move|p1a: Togekiss|Air Slash|p2a: Rillaboom
|-supereffective|p2a: Rillaboom
|-damage|p2a: Rillaboom|0 fnt
|faint|p2a: Rillaboom
|
|-heal|p1a: Togekiss|62/100|[from] item: Leftovers
|upkeep
|
|t:|1602684244
|switch|p2a: Dragapult|Dragapult, M, shiny|88/100
|-damage|p2a: Dragapult|76/100|[from] Stealth Rock
|-damage|p2a: Dragapult|64/100|[from] Spikes
|turn|34
|
|t:|1602684259
|move|p2a: Dragapult|Shadow Ball|p1a: Togekiss
|-damage|p1a: Togekiss|9/100
|-unboost|p1a: Togekiss|spd|1
|move|p1a: Togekiss|Thunder Wave|p2a: Dragapult
|-status|p2a: Dragapult|par
|
|-heal|p1a: Togekiss|15/100|[from] item: Leftovers
|-heal|p2a: Dragapult|70/100 par|[from] Grassy Terrain
|upkeep
|turn|35
|
|t:|1602684270
|move|p1a: Togekiss|Air Slash|p2a: Dragapult
|-damage|p2a: Dragapult|21/100 par
|move|p2a: Dragapult|Shadow Ball|p1a: Togekiss
|-damage|p1a: Togekiss|0 fnt
|faint|p1a: Togekiss
|
|-heal|p2a: Dragapult|27/100 par|[from] Grassy Terrain
|upkeep
|
|t:|1602684279
|switch|p1a: Cloyster|Cloyster, M|100/100
|-damage|p1a: Cloyster|76/100|[from] Stealth Rock
|turn|36
|
|t:|1602684283
|move|p1a: Cloyster|Ice Shard|p2a: Dragapult
|-supereffective|p2a: Dragapult
|-damage|p2a: Dragapult|0 fnt
|faint|p2a: Dragapult
|
|-heal|p1a: Cloyster|82/100|[from] Grassy Terrain
|upkeep
|
|t:|1602684285
|switch|p2a: Clefable|Clefable, F|71/100 par
|turn|37
|
|t:|1602684290
|move|p1a: Cloyster|Icicle Spear|p2a: Clefable
|-damage|p2a: Clefable|62/100 par
|-damage|p2a: Clefable|54/100 par
|-damage|p2a: Clefable|44/100 par
|-damage|p2a: Clefable|35/100 par
|-damage|p2a: Clefable|27/100 par
|-hitcount|p2a: Clefable|5
|cant|p2a: Clefable|flinch
|
|-heal|p1a: Cloyster|88/100|[from] Grassy Terrain
|-heal|p2a: Clefable|33/100 par|[from] item: Leftovers
|-heal|p2a: Clefable|39/100 par|[from] Grassy Terrain
|upkeep
|turn|38
|
|t:|1602684302
|move|p2a: Clefable|Protect|p2a: Clefable
|-singleturn|p2a: Clefable|Protect
|move|p1a: Cloyster|Icicle Spear|p2a: Clefable
|-activate|p2a: Clefable|move: Protect
|
|-heal|p1a: Cloyster|94/100|[from] Grassy Terrain
|-heal|p2a: Clefable|45/100 par|[from] item: Leftovers
|-heal|p2a: Clefable|51/100 par|[from] Grassy Terrain
|upkeep
|turn|39
|
|t:|1602684311
|move|p1a: Cloyster|Icicle Spear|p2a: Clefable
|-damage|p2a: Clefable|43/100 par
|-damage|p2a: Clefable|33/100 par
|-damage|p2a: Clefable|25/100 par
|-damage|p2a: Clefable|16/100 par
|-damage|p2a: Clefable|8/100 par
|-hitcount|p2a: Clefable|5
|move|p2a: Clefable|Moonblast|p1a: Cloyster
|-damage|p1a: Cloyster|7/100
|
|-heal|p1a: Cloyster|13/100|[from] Grassy Terrain
|-heal|p2a: Clefable|14/100 par|[from] item: Leftovers
|-heal|p2a: Clefable|20/100 par|[from] Grassy Terrain
|upkeep
|turn|40
|-message|Commando 55 forfeited.
|
|win|Le-Perpetrator
|l|☆Commando 55
|raw|Le-Perpetrator's rating: 1664 &rarr; <strong>1680</strong><br />(+16 for winning)
|raw|Commando 55's rating: 1607 &rarr; <strong>1590</strong><br />(-17 for losing)
