|j|☆85792195wwww
|j|☆Draco09876
|t:|1603907055
|player|p1|85792195wwww|lady|1475
|player|p2|Draco09876|170|1527
|teamsize|p1|6
|teamsize|p2|6
|gametype|singles
|gen|8
|tier|[Gen 8] OU
|rated|
|clearpoke
|poke|p1|Urshifu-*, F|
|poke|p1|Genesect-Douse|
|poke|p1|Seismitoad, M|
|poke|p1|Shedinja|
|poke|p1|Zapdos|
|poke|p1|Pelipper, F|
|poke|p2|Landorus, M|
|poke|p2|Urshifu-*, M|
|poke|p2|Corviknight, F|
|poke|p2|Clefable, M|
|poke|p2|Genesect|
|poke|p2|Heatran, F|
|rule|Sleep Clause Mod: Limit one foe put to sleep
|rule|Species Clause: Limit one of each Pokémon
|rule|OHKO Clause: OHKO moves are banned
|rule|Evasion Moves Clause: Evasion moves are banned
|rule|Endless Battle Clause: Forcing endless battles is banned
|rule|HP Percentage Mod: HP is shown in percentages
|rule|Dynamax Clause: You cannot dynamax
|teampreview
|inactive|Battle timer is ON: inactive players will automatically lose when time's up. (requested by Draco09876)
|
|t:|1603907063
|start
|switch|p1a: Pelipper|Pelipper, F|100/100
|switch|p2a: Genesect|Genesect, shiny|100/100
|-ability|p2a: Genesect|Download|boost
|-boost|p2a: Genesect|spa|1
|-weather|RainDance|[from] ability: Drizzle|[of] p1a: Pelipper
|turn|1
|
|t:|1603907075
|switch|p1a: Seismitoad|Seismitoad, M|100/100
|move|p2a: Genesect|U-turn|p1a: Seismitoad
|-damage|p1a: Seismitoad|63/100
|
|t:|1603907084
|switch|p2a: Clefable|Clefable, M|100/100|[from]move: U-turn
|
|-weather|RainDance|[upkeep]
|upkeep
|turn|2
|
|t:|1603907091
|move|p1a: Seismitoad|Liquidation|p2a: Clefable
|-damage|p2a: Clefable|36/100
|-damage|p1a: Seismitoad|53/100|[from] item: Life Orb
|move|p2a: Clefable|Moonblast|p1a: Seismitoad
|-damage|p1a: Seismitoad|15/100
|
|-weather|RainDance|[upkeep]
|-heal|p2a: Clefable|42/100|[from] item: Leftovers
|upkeep
|turn|3
|
|t:|1603907101
|switch|p2a: Corviknight|Corviknight, F|100/100
|-ability|p2a: Corviknight|Pressure
|move|p1a: Seismitoad|Liquidation|p2a: Corviknight
|-damage|p2a: Corviknight|54/100
|-damage|p1a: Seismitoad|0 fnt|[from] item: Rocky Helmet|[of] p2a: Corviknight
|faint|p1a: Seismitoad
|
|-weather|RainDance|[upkeep]
|upkeep
|
|t:|1603907114
|switch|p1a: Genesect|Genesect-Douse|100/100
|-ability|p1a: Genesect|Download|boost
|-boost|p1a: Genesect|spa|1
|turn|4
|
|t:|1603907126
|move|p1a: Genesect|Rock Polish|p1a: Genesect
|-boost|p1a: Genesect|spe|2
|move|p2a: Corviknight|Roost|p2a: Corviknight
|-heal|p2a: Corviknight|100/100
|-singleturn|p2a: Corviknight|move: Roost
|
|-weather|RainDance|[upkeep]
|upkeep
|turn|5
|
|t:|1603907141
|move|p1a: Genesect|Thunder|p2a: Corviknight
|-supereffective|p2a: Corviknight
|-damage|p2a: Corviknight|0 fnt
|faint|p2a: Corviknight
|
|-weather|RainDance|[upkeep]
|upkeep
|
|t:|1603907147
|switch|p2a: Heatran|Heatran, F|100/100
|turn|6
|
|t:|1603907152
|move|p1a: Genesect|Techno Blast|p2a: Heatran
|-supereffective|p2a: Heatran
|-damage|p2a: Heatran|0 fnt
|faint|p2a: Heatran
|
|-weather|RainDance|[upkeep]
|upkeep
|
|t:|1603907159
|switch|p2a: Genesect|Genesect, shiny|100/100
|-ability|p2a: Genesect|Download|boost
|-boost|p2a: Genesect|spa|1
|turn|7
|
|t:|1603907163
|move|p1a: Genesect|Techno Blast|p2a: Genesect
|-damage|p2a: Genesect|0 fnt
|faint|p2a: Genesect
|
|-weather|RainDance|[upkeep]
|upkeep
|
|t:|1603907169
|switch|p2a: Clefable|Clefable, M|42/100
|turn|8
|
|t:|1603907173
|move|p1a: Genesect|Techno Blast|p2a: Clefable
|-damage|p2a: Clefable|0 fnt
|faint|p2a: Clefable
|
|-weather|none
|upkeep
|
|t:|1603907179
|switch|p2a: Urshifu|Urshifu, M|100/100
|turn|9
|
|t:|1603907186
|move|p1a: Genesect|Techno Blast|p2a: Urshifu
|-damage|p2a: Urshifu|9/100
|move|p2a: Urshifu|Wicked Blow|p1a: Genesect
|-crit|p1a: Genesect
|-damage|p1a: Genesect|0 fnt
|-damage|p2a: Urshifu|0 fnt|[from] item: Life Orb
|faint|p1a: Genesect
|faint|p2a: Urshifu
|
|upkeep
|
|t:|1603907202
|switch|p2a: Landorus|Landorus, M|100/100
|switch|p1a: Pelipper|Pelipper, F|100/100
|-weather|RainDance|[from] ability: Drizzle|[of] p1a: Pelipper
|turn|10
|
|t:|1603907209
|move|p2a: Landorus|Sludge Wave|p1a: Pelipper
|-crit|p1a: Pelipper
|-damage|p1a: Pelipper|0 fnt
|faint|p1a: Pelipper
|
|-weather|RainDance|[upkeep]
|upkeep
|
|t:|1603907215
|switch|p1a: Shedinja|Shedinja|100/100
|turn|11
|-message|Draco09876 forfeited.
|
|win|85792195wwww
|l|☆Draco09876
