|j|☆clifford
|j|☆quixana
|inactive|Battle timer is ON: inactive players will automatically lose when time's up.
|t:|1665180729
|gametype|singles
|player|p1|clifford|boarder|
|player|p2|quixana|ethan-pokeathlon|
|teamsize|p1|6
|teamsize|p2|6
|gen|8
|tier|[Gen 8] OU
|rated|Tournament battle
|rule|Sleep Clause Mod: Limit one foe put to sleep
|rule|Species Clause: Limit one of each Pokémon
|rule|OHKO Clause: OHKO moves are banned
|rule|Evasion Items Clause: Evasion items are banned
|rule|Evasion Moves Clause: Evasion moves are banned
|rule|Endless Battle Clause: Forcing endless battles is banned
|rule|HP Percentage Mod: HP is shown in percentages
|rule|Dynamax Clause: You cannot dynamax
|clearpoke
|poke|p1|Heatran, M|
|poke|p1|Celebi|
|poke|p1|Tyranitar, F|
|poke|p1|Tornadus-Therian, M|
|poke|p1|Clefable, F|
|poke|p1|Scizor, F|
|poke|p2|Snorlax, M|
|poke|p2|Weavile, F|
|poke|p2|Buzzwole|
|poke|p2|Tapu Lele|
|poke|p2|Seismitoad, F|
|poke|p2|Corviknight, F|
|teampreview
|c|☆quixana|hv
|inactive|clifford has 120 seconds left.
|inactive|quixana has 120 seconds left.
|j| novlovesyou
|inactive|quixana has 90 seconds left.
|
|t:|1665180803
|start
|switch|p1a: Heatran|Heatran, M|100/100
|switch|p2a: Snorlax|Snorlax, M, shiny|100/100
|turn|1
|
|t:|1665180813
|switch|p1a: Scizor|Scizor, F|100/100
|move|p2a: Snorlax|Earthquake|p1a: Scizor
|-crit|p1a: Scizor
|-damage|p1a: Scizor|70/100
|
|-heal|p1a: Scizor|76/100|[from] item: Leftovers
|upkeep
|turn|2
|
|t:|1665180821
|move|p1a: Scizor|Knock Off|p2a: Snorlax
|-damage|p2a: Snorlax|77/100
|-enditem|p2a: Snorlax|Custap Berry|[from] move: Knock Off|[of] p1a: Scizor
|move|p2a: Snorlax|Heat Crash|p1a: Scizor
|-supereffective|p1a: Scizor
|-damage|p1a: Scizor|18/100
|
|-heal|p1a: Scizor|24/100|[from] item: Leftovers
|upkeep
|turn|3
|
|t:|1665180838
|switch|p1a: Tyranitar|Tyranitar, F|100/100
|-weather|Sandstorm|[from] ability: Sand Stream|[of] p1a: Tyranitar
|move|p2a: Snorlax|Earthquake|p1a: Tyranitar
|-supereffective|p1a: Tyranitar
|-damage|p1a: Tyranitar|56/100
|
|-weather|Sandstorm|[upkeep]
|-damage|p2a: Snorlax|71/100|[from] Sandstorm
|-heal|p1a: Tyranitar|62/100|[from] item: Leftovers
|upkeep
|turn|4
|inactive|quixana has 120 seconds left.
|
|t:|1665180864
|switch|p2a: Sanji|Corviknight, F|100/100
|-ability|p2a: Sanji|Pressure
|move|p1a: Tyranitar|Superpower|p2a: Sanji
|-damage|p2a: Sanji|68/100
|-unboost|p1a: Tyranitar|atk|1
|-unboost|p1a: Tyranitar|def|1
|-damage|p1a: Tyranitar|46/100|[from] item: Rocky Helmet|[of] p2a: Sanji
|
|-weather|Sandstorm|[upkeep]
|-heal|p1a: Tyranitar|52/100|[from] item: Leftovers
|upkeep
|turn|5
|
|t:|1665180876
|switch|p1a: Heatran|Heatran, M|100/100
|move|p2a: Sanji|U-turn|p1a: Heatran
|-resisted|p1a: Heatran
|-damage|p1a: Heatran|97/100
|inactive|quixana has 120 seconds left.
|
|t:|1665180889
|switch|p2a: Franky|Seismitoad, F|100/100|[from]move: U-turn
|
|-weather|Sandstorm|[upkeep]
|upkeep
|turn|6
|inactive|quixana has 120 seconds left.
|
|t:|1665180903
|switch|p1a: Celebi|Celebi|100/100
|move|p2a: Franky|Stealth Rock|p1a: Celebi
|-sidestart|p1: clifford|move: Stealth Rock
|
|-weather|Sandstorm|[upkeep]
|-damage|p1a: Celebi|94/100|[from] Sandstorm
|upkeep
|turn|7
|inactive|quixana has 120 seconds left.
|
|t:|1665180923
|switch|p2a: Zoro|Weavile, F|100/100
|-ability|p2a: Zoro|Pressure
|move|p1a: Celebi|Nasty Plot|p1a: Celebi
|-boost|p1a: Celebi|spa|2
|
|-weather|none
|upkeep
|turn|8
|inactive|quixana has 120 seconds left.
|
|t:|1665180938
|move|p2a: Zoro|Triple Axel|p1a: Celebi
|-supereffective|p1a: Celebi
|-damage|p1a: Celebi|73/100
|-supereffective|p1a: Celebi
|-damage|p1a: Celebi|32/100
|-supereffective|p1a: Celebi
|-damage|p1a: Celebi|0 fnt
|faint|p1a: Celebi
|-hitcount|p1: Celebi|3
|
|upkeep
|
|t:|1665180946
|switch|p1a: Scizor|Scizor, F|24/100
|-damage|p1a: Scizor|11/100|[from] Stealth Rock
|turn|9
|inactive|quixana has 120 seconds left.
|
|t:|1665180966
|switch|p2a: Snorlax|Snorlax, M, shiny|71/100
|move|p1a: Scizor|Roost|p1a: Scizor
|-heal|p1a: Scizor|61/100
|-singleturn|p1a: Scizor|move: Roost
|
|-heal|p1a: Scizor|67/100|[from] item: Leftovers
|upkeep
|turn|10
|inactive|quixana has 120 seconds left.
|
|t:|1665180979
|switch|p1a: Clefable|Clefable, F|100/100
|move|p2a: Snorlax|Earthquake|p1a: Clefable
|-damage|p1a: Clefable|68/100
|
|upkeep
|turn|11
|inactive|quixana has 120 seconds left.
|
|t:|1665181005
|move|p1a: Clefable|Thunder Wave|p2a: Snorlax
|-status|p2a: Snorlax|par
|move|p2a: Snorlax|Self-Destruct|p1a: Clefable
|-damage|p1a: Clefable|0 fnt
|faint|p2a: Snorlax
|faint|p1a: Clefable
|
|upkeep
|inactive|quixana has 120 seconds left.
|inactive|clifford has 120 seconds left.
|
|t:|1665181029
|switch|p1a: Heatran|Heatran, M|97/100
|switch|p2a: Franky|Seismitoad, F|100/100
|-damage|p1a: Heatran|84/100|[from] Stealth Rock
|turn|12
|inactive|clifford has 120 seconds left.
|
|t:|1665181034
|switch|p1a: Scizor|Scizor, F|67/100
|-damage|p1a: Scizor|55/100|[from] Stealth Rock
|move|p2a: Franky|Scald|p1a: Scizor
|-crit|p1a: Scizor
|-damage|p1a: Scizor|11/100
|-status|p1a: Scizor|brn
|
|-heal|p1a: Scizor|17/100 brn|[from] item: Leftovers
|-damage|p1a: Scizor|11/100 brn|[from] brn
|upkeep
|turn|13
|c|☆quixana|mb
|inactive|quixana has 120 seconds left.
|
|t:|1665181055
|move|p1a: Scizor|Knock Off|p2a: Franky
|-damage|p2a: Franky|87/100
|-enditem|p2a: Franky|Leftovers|[from] move: Knock Off|[of] p1a: Scizor
|move|p2a: Franky|Earthquake|p1a: Scizor
|-damage|p1a: Scizor|0 fnt
|faint|p1a: Scizor
|
|upkeep
|inactive|clifford has 120 seconds left.
|
|t:|1665181076
|switch|p1a: Tornadus|Tornadus-Therian, M|100/100
|-damage|p1a: Tornadus|76/100|[from] Stealth Rock
|turn|14
|inactive|quixana has 120 seconds left.
|
|t:|1665181111
|switch|p2a: Sanji|Corviknight, F|68/100
|-ability|p2a: Sanji|Pressure
|move|p1a: Tornadus|Hurricane|p2a: Sanji
|-resisted|p2a: Sanji
|-damage|p2a: Sanji|37/100
|
|upkeep
|turn|15
|
|t:|1665181123
|move|p1a: Tornadus|Hurricane|p2a: Sanji
|-resisted|p2a: Sanji
|-damage|p2a: Sanji|5/100
|move|p2a: Sanji|U-turn|p1a: Tornadus
|-resisted|p1a: Tornadus
|-damage|p1a: Tornadus|66/100
|
|t:|1665181129
|switch|p2a: Zoro|Weavile, F|100/100|[from]move: U-turn
|-ability|p2a: Zoro|Pressure
|
|upkeep
|turn|16
|
|t:|1665181134
|switch|p1a: Tyranitar|Tyranitar, F|52/100
|-damage|p1a: Tyranitar|39/100|[from] Stealth Rock
|-weather|Sandstorm|[from] ability: Sand Stream|[of] p1a: Tyranitar
|move|p2a: Zoro|Triple Axel|p1a: Tyranitar
|-damage|p1a: Tyranitar|32/100
|-damage|p1a: Tyranitar|15/100
|-damage|p1a: Tyranitar|0 fnt
|faint|p1a: Tyranitar
|-hitcount|p1: Tyranitar|3
|
|-weather|Sandstorm|[upkeep]
|-damage|p2a: Zoro|94/100|[from] Sandstorm
|upkeep
|
|t:|1665181139
|switch|p1a: Heatran|Heatran, M|84/100
|-damage|p1a: Heatran|72/100|[from] Stealth Rock
|turn|17
|inactive|quixana has 120 seconds left.
|
|t:|1665181151
|switch|p2a: Sanji|Corviknight, F|5/100
|-ability|p2a: Sanji|Pressure
|move|p1a: Heatran|Fire Blast|p2a: Sanji|[miss]
|-miss|p1a: Heatran|p2a: Sanji
|
|-weather|Sandstorm|[upkeep]
|upkeep
|turn|18
|inactive|quixana has 120 seconds left.
|inactive|clifford has 120 seconds left.
|l| novlovesyou
|inactive|clifford has 90 seconds left.
|
|t:|1665181231
|move|p1a: Heatran|Fire Blast|p2a: Sanji
|-supereffective|p2a: Sanji
|-damage|p2a: Sanji|0 fnt
|faint|p2a: Sanji
|
|-weather|Sandstorm|[upkeep]
|upkeep
|inactive|quixana has 120 seconds left.
|j| hump
|inactive|quixana has 90 seconds left.
|
|t:|1665181275
|switch|p2a: Franky|Seismitoad, F|87/100
|turn|19
|inactive|quixana has 90 seconds left.
|
|t:|1665181282
|switch|p1a: Tornadus|Tornadus-Therian, M|99/100
|-damage|p1a: Tornadus|75/100|[from] Stealth Rock
|move|p2a: Franky|Scald|p1a: Tornadus
|-damage|p1a: Tornadus|47/100
|
|-weather|Sandstorm|[upkeep]
|-damage|p1a: Tornadus|41/100|[from] Sandstorm
|upkeep
|turn|20
|inactive|quixana has 90 seconds left.
|
|t:|1665181307
|switch|p2a: Usopp|Buzzwole|100/100
|move|p1a: Tornadus|Hurricane|p2a: Usopp
|-supereffective|p2a: Usopp
|-damage|p2a: Usopp|0 fnt
|faint|p2a: Usopp
|
|-weather|none
|upkeep
|
|t:|1665181311
|switch|p2a: Zoro|Weavile, F|94/100
|-ability|p2a: Zoro|Pressure
|turn|21
|
|t:|1665181317
|switch|p1a: Heatran|Heatran, M|72/100
|-damage|p1a: Heatran|60/100|[from] Stealth Rock
|move|p2a: Zoro|Knock Off|p1a: Heatran
|-damage|p1a: Heatran|10/100
|-enditem|p1a: Heatran|Choice Scarf|[from] move: Knock Off|[of] p2a: Zoro
|
|upkeep
|turn|22
|
|t:|1665181321
|move|p2a: Zoro|Knock Off|p1a: Heatran
|-damage|p1a: Heatran|0 fnt
|faint|p1a: Heatran
|
|upkeep
|
|t:|1665181323
|switch|p1a: Tornadus|Tornadus-Therian, M|74/100
|-damage|p1a: Tornadus|50/100|[from] Stealth Rock
|turn|23
|
|t:|1665181327
|move|p2a: Zoro|Knock Off|p1a: Tornadus
|-damage|p1a: Tornadus|0 fnt
|-enditem|p1a: Tornadus|Choice Specs|[from] move: Knock Off|[of] p2a: Zoro
|faint|p1a: Tornadus
|
|win|quixana
|n|☆clifford|clifford
|n|☆quixana|quixana
|n| hump|hump
|c|☆quixana|gg
