|j|‽Guest 5890168
|j|☆stopthreat
|t:|1664869955
|gametype|singles
|player|p1|Guest 5890168|170|1502
|player|p2|stopthreat|skier|1515
|teamsize|p1|6
|teamsize|p2|6
|gen|8
|tier|[Gen 8] OU
|rated|
|rule|Sleep Clause Mod: Limit one foe put to sleep
|rule|Species Clause: Limit one of each Pokémon
|rule|OHKO Clause: OHKO moves are banned
|rule|Evasion Items Clause: Evasion items are banned
|rule|Evasion Moves Clause: Evasion moves are banned
|rule|Endless Battle Clause: Forcing endless battles is banned
|rule|HP Percentage Mod: HP is shown in percentages
|rule|Dynamax Clause: You cannot dynamax
|clearpoke
|poke|p1|Rotom-Wash|
|poke|p1|Weavile, F|
|poke|p1|Landorus-Therian, M|
|poke|p1|Heatran, M|
|poke|p1|Tangrowth, M|
|poke|p1|Melmetal|
|poke|p2|Pelipper, M|
|poke|p2|Seismitoad, F|
|poke|p2|Ferrothorn, M|
|poke|p2|Barraskewda, M|
|poke|p2|Zapdos|
|poke|p2|Urshifu-*, M|
|teampreview
|inactive|Battle timer is ON: inactive players will automatically lose when time's up. (requested by Guest 5890168)
|
|t:|1664869971
|start
|switch|p1a: Tangrowth|Tangrowth, M|100/100
|switch|p2a: Pelipper|Pelipper, M|100/100
|-weather|RainDance|[from] ability: Drizzle|[of] p2a: Pelipper
|turn|1
|
|t:|1664869975
|switch|p1a: Rotom|Rotom-Wash|100/100
|move|p2a: Pelipper|Hurricane|p1a: Rotom
|-resisted|p1a: Rotom
|-damage|p1a: Rotom|80/100
|
|-weather|RainDance|[upkeep]
|-heal|p1a: Rotom|86/100|[from] item: Leftovers
|upkeep
|turn|2
|
|t:|1664869981
|switch|p2a: Ferrothorn|Ferrothorn, M|100/100
|move|p1a: Rotom|Hydro Pump|p2a: Ferrothorn
|-resisted|p2a: Ferrothorn
|-damage|p2a: Ferrothorn|71/100
|
|-weather|RainDance|[upkeep]
|-heal|p1a: Rotom|92/100|[from] item: Leftovers
|upkeep
|turn|3
|
|t:|1664869986
|switch|p1a: Tangrowth|Tangrowth, M|100/100
|move|p2a: Ferrothorn|Spikes|p1a: Tangrowth
|-sidestart|p1: Guest 5890168|Spikes
|
|-weather|RainDance|[upkeep]
|upkeep
|turn|4
|
|t:|1664869989
|switch|p2a: Zapdos|Zapdos|100/100
|move|p1a: Tangrowth|Focus Blast|p2a: Zapdos
|-resisted|p2a: Zapdos
|-damage|p2a: Zapdos|84/100
|
|-weather|RainDance|[upkeep]
|upkeep
|turn|5
|
|t:|1664869996
|switch|p1a: Landorus|Landorus-Therian, M|100/100
|-ability|p1a: Landorus|Intimidate|boost
|-unboost|p2a: Zapdos|atk|1
|move|p2a: Zapdos|Thunder|p1a: Landorus
|-immune|p1a: Landorus
|
|-weather|RainDance|[upkeep]
|upkeep
|turn|6
|
|t:|1664869999
|move|p2a: Zapdos|Hurricane|p1a: Landorus
|-damage|p1a: Landorus|57/100
|-start|p1a: Landorus|confusion
|-activate|p1a: Landorus|confusion
|move|p1a: Landorus|Defog|p2a: Zapdos
|-unboost|p2a: Zapdos|evasion|1
|-sideend|p1: Guest 5890168|Spikes|[from] move: Defog|[of] p1a: Landorus
|
|-weather|RainDance|[upkeep]
|-heal|p1a: Landorus|63/100|[from] item: Leftovers
|upkeep
|turn|7
|
|t:|1664870003
|switch|p1a: Melmetal|Melmetal|100/100
|move|p2a: Zapdos|Weather Ball|p1a: Melmetal
|-damage|p1a: Melmetal|74/100
|
|-weather|RainDance|[upkeep]
|upkeep
|turn|8
|
|t:|1664870005
|move|p2a: Zapdos|Thunder|p1a: Melmetal
|-damage|p1a: Melmetal|44/100
|move|p1a: Melmetal|Ice Punch|p2a: Zapdos
|-supereffective|p2a: Zapdos
|-damage|p2a: Zapdos|0 fnt
|faint|p2a: Zapdos
|
|-weather|none
|upkeep
|
|t:|1664870013
|switch|p2a: Urshifu|Urshifu-Rapid-Strike, M|100/100
|turn|9
|
|t:|1664870017
|switch|p1a: Tangrowth|Tangrowth, M|100/100
|move|p2a: Urshifu|Close Combat|p1a: Tangrowth
|-crit|p1a: Tangrowth
|-damage|p1a: Tangrowth|27/100
|-unboost|p2a: Urshifu|def|1
|-unboost|p2a: Urshifu|spd|1
|-damage|p2a: Urshifu|84/100|[from] item: Rocky Helmet|[of] p1a: Tangrowth
|
|upkeep
|turn|10
|
|t:|1664870019
|switch|p1a: Landorus|Landorus-Therian, M|63/100
|-ability|p1a: Landorus|Intimidate|boost
|-unboost|p2a: Urshifu|atk|1
|move|p2a: Urshifu|Close Combat|p1a: Landorus
|-resisted|p1a: Landorus
|-damage|p1a: Landorus|31/100
|-unboost|p2a: Urshifu|def|1
|-unboost|p2a: Urshifu|spd|1
|
|-heal|p1a: Landorus|37/100|[from] item: Leftovers
|upkeep
|turn|11
|
|t:|1664870022
|switch|p2a: Pelipper|Pelipper, M|100/100
|-weather|RainDance|[from] ability: Drizzle|[of] p2a: Pelipper
|move|p1a: Landorus|Earthquake|p2a: Pelipper
|-immune|p2a: Pelipper
|
|-weather|RainDance|[upkeep]
|-heal|p1a: Landorus|43/100|[from] item: Leftovers
|upkeep
|turn|12
|
|t:|1664870033
|move|p1a: Landorus|U-turn|p2a: Pelipper
|-resisted|p2a: Pelipper
|-damage|p2a: Pelipper|92/100
|
|t:|1664870033
|switch|p1a: Melmetal|Melmetal|44/100|[from]move: U-turn
|move|p2a: Pelipper|U-turn|p1a: Melmetal
|-resisted|p1a: Melmetal
|-damage|p1a: Melmetal|42/100
|
|t:|1664870037
|switch|p2a: Seismitoad|Seismitoad, F|100/100|[from]move: U-turn
|
|-weather|RainDance|[upkeep]
|upkeep
|turn|13
|
|t:|1664870042
|switch|p1a: Landorus|Landorus-Therian, M|43/100
|-ability|p1a: Landorus|Intimidate|boost
|-unboost|p2a: Seismitoad|atk|1
|move|p2a: Seismitoad|Surf|p1a: Landorus
|-supereffective|p1a: Landorus
|-damage|p1a: Landorus|0 fnt
|faint|p1a: Landorus
|-damage|p2a: Seismitoad|91/100|[from] item: Life Orb
|
|-weather|RainDance|[upkeep]
|upkeep
|
|t:|1664870042
|switch|p1a: Tangrowth|Tangrowth, M|60/100
|turn|14
|
|t:|1664870046
|switch|p2a: Ferrothorn|Ferrothorn, M|71/100
|switch|p1a: Rotom|Rotom-Wash|92/100
|
|-weather|RainDance|[upkeep]
|-heal|p1a: Rotom|99/100|[from] item: Leftovers
|upkeep
|turn|15
|
|t:|1664870050
|switch|p1a: Tangrowth|Tangrowth, M|93/100
|move|p2a: Ferrothorn|Leech Seed|p1a: Tangrowth
|-immune|p1a: Tangrowth
|
|-weather|RainDance|[upkeep]
|upkeep
|turn|16
|
|t:|1664870052
|move|p1a: Tangrowth|Focus Blast|p2a: Ferrothorn
|-supereffective|p2a: Ferrothorn
|-damage|p2a: Ferrothorn|20/100
|-unboost|p2a: Ferrothorn|spd|1
|move|p2a: Ferrothorn|Knock Off|p1a: Tangrowth
|-damage|p1a: Tangrowth|81/100
|-damage|p2a: Ferrothorn|4/100|[from] item: Rocky Helmet|[of] p1a: Tangrowth
|-enditem|p1a: Tangrowth|Rocky Helmet|[from] move: Knock Off|[of] p2a: Ferrothorn
|
|-weather|RainDance|[upkeep]
|upkeep
|turn|17
|
|t:|1664870056
|move|p1a: Tangrowth|Giga Drain|p2a: Ferrothorn
|-resisted|p2a: Ferrothorn
|-damage|p2a: Ferrothorn|0 fnt
|-heal|p1a: Tangrowth|82/100|[from] drain|[of] p2a: Ferrothorn
|faint|p2a: Ferrothorn
|
|-weather|RainDance|[upkeep]
|upkeep
|
|t:|1664870058
|switch|p2a: Pelipper|Pelipper, M|92/100
|turn|18
|
|t:|1664870062
|switch|p1a: Rotom|Rotom-Wash|99/100
|move|p2a: Pelipper|U-turn|p1a: Rotom
|-damage|p1a: Rotom|90/100
|
|t:|1664870066
|switch|p2a: Seismitoad|Seismitoad, F|91/100|[from]move: U-turn
|
|-weather|none
|-heal|p1a: Rotom|97/100|[from] item: Leftovers
|upkeep
|turn|19
|
|t:|1664870069
|move|p1a: Rotom|Nasty Plot|p1a: Rotom
|-boost|p1a: Rotom|spa|2
|move|p2a: Seismitoad|Stealth Rock|p1a: Rotom
|-sidestart|p1: Guest 5890168|move: Stealth Rock
|
|-heal|p1a: Rotom|100/100|[from] item: Leftovers
|upkeep
|turn|20
|
|t:|1664870071
|move|p1a: Rotom|Nasty Plot|p1a: Rotom
|-boost|p1a: Rotom|spa|2
|move|p2a: Seismitoad|Power Whip|p1a: Rotom
|-supereffective|p1a: Rotom
|-damage|p1a: Rotom|26/100
|-damage|p2a: Seismitoad|81/100|[from] item: Life Orb
|
|-heal|p1a: Rotom|32/100|[from] item: Leftovers
|upkeep
|turn|21
|
|t:|1664870078
|switch|p2a: Urshifu|Urshifu-Rapid-Strike, M|84/100
|move|p1a: Rotom|Hydro Pump|p2a: Urshifu
|-resisted|p2a: Urshifu
|-damage|p2a: Urshifu|0 fnt
|faint|p2a: Urshifu
|
|-heal|p1a: Rotom|39/100|[from] item: Leftovers
|upkeep
|
|t:|1664870083
|switch|p2a: Barraskewda|Barraskewda, M|100/100
|turn|22
|
|t:|1664870088
|switch|p1a: Tangrowth|Tangrowth, M|100/100
|-damage|p1a: Tangrowth|88/100|[from] Stealth Rock
|move|p2a: Barraskewda|Crunch|p1a: Tangrowth
|-damage|p1a: Tangrowth|65/100
|-unboost|p1a: Tangrowth|def|1
|
|upkeep
|turn|23
|
|t:|1664870091
|switch|p2a: Pelipper|Pelipper, M|92/100
|-weather|RainDance|[from] ability: Drizzle|[of] p2a: Pelipper
|move|p1a: Tangrowth|Giga Drain|p2a: Pelipper
|-damage|p2a: Pelipper|53/100
|-heal|p1a: Tangrowth|80/100|[from] drain|[of] p2a: Pelipper
|
|-weather|RainDance|[upkeep]
|upkeep
|turn|24
|
|t:|1664870098
|switch|p1a: Melmetal|Melmetal|42/100
|-damage|p1a: Melmetal|36/100|[from] Stealth Rock
|move|p2a: Pelipper|Hurricane|p1a: Melmetal
|-resisted|p1a: Melmetal
|-damage|p1a: Melmetal|26/100
|
|-weather|RainDance|[upkeep]
|upkeep
|turn|25
|
|t:|1664870100
|move|p2a: Pelipper|Weather Ball|p1a: Melmetal
|-damage|p1a: Melmetal|0 fnt
|faint|p1a: Melmetal
|
|-weather|RainDance|[upkeep]
|upkeep
|
|t:|1664870100
|switch|p1a: Weavile|Weavile, F|100/100
|-damage|p1a: Weavile|76/100|[from] Stealth Rock
|-ability|p1a: Weavile|Pressure
|turn|26
|
|t:|1664870104
|switch|p2a: Barraskewda|Barraskewda, M|100/100
|move|p1a: Weavile|Knock Off|p2a: Barraskewda
|-damage|p2a: Barraskewda|0 fnt
|-enditem|p2a: Barraskewda|Choice Band|[from] move: Knock Off|[of] p1a: Weavile
|faint|p2a: Barraskewda
|
|-weather|RainDance|[upkeep]
|upkeep
|
|t:|1664870108
|switch|p2a: Seismitoad|Seismitoad, F|81/100
|turn|27
|
|t:|1664870112
|switch|p1a: Rotom|Rotom-Wash|39/100
|-damage|p1a: Rotom|26/100|[from] Stealth Rock
|move|p2a: Seismitoad|Surf|p1a: Rotom
|-resisted|p1a: Rotom
|-damage|p1a: Rotom|0 fnt
|faint|p1a: Rotom
|-damage|p2a: Seismitoad|71/100|[from] item: Life Orb
|
|-weather|RainDance|[upkeep]
|upkeep
|
|t:|1664870112
|switch|p1a: Tangrowth|Tangrowth, M|100/100
|-damage|p1a: Tangrowth|88/100|[from] Stealth Rock
|turn|28
|
|t:|1664870115
|switch|p2a: Pelipper|Pelipper, M|53/100
|move|p1a: Tangrowth|Sleep Powder|p2a: Pelipper
|-status|p2a: Pelipper|slp|[from] move: Sleep Powder
|
|-weather|RainDance|[upkeep]
|upkeep
|turn|29
|
|t:|1664870120
|cant|p2a: Pelipper|slp
|move|p1a: Tangrowth|Giga Drain|p2a: Pelipper
|-damage|p2a: Pelipper|10/100 slp
|-heal|p1a: Tangrowth|100/100|[from] drain|[of] p2a: Pelipper
|
|-weather|RainDance|[upkeep]
|upkeep
|turn|30
|
|t:|1664870123
|-curestatus|p2a: Pelipper|slp|[msg]
|move|p2a: Pelipper|Roost|p2a: Pelipper
|-heal|p2a: Pelipper|61/100
|-singleturn|p2a: Pelipper|move: Roost
|move|p1a: Tangrowth|Giga Drain|p2a: Pelipper
|-supereffective|p2a: Pelipper
|-crit|p2a: Pelipper
|-damage|p2a: Pelipper|0 fnt
|faint|p2a: Pelipper
|
|-weather|none
|upkeep
|-message|stopthreat forfeited.
|
|win|Guest 5890168
|raw|Guest 5890168's rating: 1502 &rarr; <strong>1523</strong><br />(+21 for winning)
|raw|stopthreat's rating: 1515 &rarr; <strong>1494</strong><br />(-21 for losing)
|l|☆stopthreat
