|html|<div class="broadcast-blue"><strong>[Gen 8] OU is currently suspecting Melmetal! For information on how to participate check out the <a href="https://www.smogon.com/forums/threads/np-ss-ou-suspect-process-round-12-monster-mash.3709234/">suspect thread</a>.</strong></div>
|j|‽minimax_ai
|j|☆Thedebatablereaper
|t:|1665694301
|gametype|singles
|player|p1|minimax_ai|101|1629
|player|p2|Thedebatablereaper|1|1576
|teamsize|p1|6
|teamsize|p2|6
|gen|8
|tier|[Gen 8] OU
|rated|
|rule|Sleep Clause Mod: Limit one foe put to sleep
|rule|Species Clause: Limit one of each Pokémon
|rule|OHKO Clause: OHKO moves are banned
|rule|Evasion Items Clause: Evasion items are banned
|rule|Evasion Moves Clause: Evasion moves are banned
|rule|Endless Battle Clause: Forcing endless battles is banned
|rule|HP Percentage Mod: HP is shown in percentages
|rule|Dynamax Clause: You cannot dynamax
|clearpoke
|poke|p1|Rotom-Wash|
|poke|p1|Weavile, F|
|poke|p1|Landorus-Therian, M|
|poke|p1|Heatran, M|
|poke|p1|Tangrowth, F|
|poke|p1|Melmetal|
|poke|p2|Tapu Lele|
|poke|p2|Celesteela|
|poke|p2|Sharpedo, M|
|poke|p2|Rillaboom, M|
|poke|p2|Landorus-Therian, M|
|poke|p2|Weavile, M|
|teampreview
|inactive|Battle timer is ON: inactive players will automatically lose when time's up. (requested by minimax_ai)
|
|t:|1665694306
|start
|switch|p1a: Tangrowth|Tangrowth, F|100/100
|switch|p2a: Tapu Lele|Tapu Lele|100/100
|-fieldstart|move: Psychic Terrain|[from] ability: Psychic Surge|[of] p2a: Tapu Lele
|turn|1
|
|t:|1665694314
|switch|p1a: Melmetal|Melmetal|100/100
|move|p2a: Tapu Lele|Psychic|p1a: Melmetal
|-resisted|p1a: Melmetal
|-damage|p1a: Melmetal|77/100
|
|upkeep
|turn|2
|
|t:|1665694321
|switch|p2a: Celesteela|Celesteela|100/100
|move|p1a: Melmetal|Double Iron Bash|p2a: Celesteela
|-resisted|p2a: Celesteela
|-damage|p2a: Celesteela|84/100
|-resisted|p2a: Celesteela
|-damage|p2a: Celesteela|69/100
|-hitcount|p2a: Celesteela|2
|
|-heal|p2a: Celesteela|75/100|[from] item: Leftovers
|upkeep
|turn|3
|
|t:|1665694329
|move|p2a: Celesteela|Leech Seed|p1a: Melmetal
|-start|p1a: Melmetal|move: Leech Seed
|move|p1a: Melmetal|Thunder Punch|p2a: Celesteela
|-supereffective|p2a: Celesteela
|-damage|p2a: Celesteela|14/100
|-status|p2a: Celesteela|par
|
|-heal|p2a: Celesteela|20/100 par|[from] item: Leftovers
|-damage|p1a: Melmetal|64/100|[from] Leech Seed|[of] p2a: Celesteela
|-heal|p2a: Celesteela|33/100 par|[silent]
|upkeep
|turn|4
|
|t:|1665694338
|move|p2a: Celesteela|Protect|p2a: Celesteela
|-singleturn|p2a: Celesteela|Protect
|move|p1a: Melmetal|Double Iron Bash|p2a: Celesteela
|-activate|p2a: Celesteela|move: Protect
|
|-heal|p2a: Celesteela|40/100 par|[from] item: Leftovers
|-damage|p1a: Melmetal|52/100|[from] Leech Seed|[of] p2a: Celesteela
|-heal|p2a: Celesteela|53/100 par|[silent]
|upkeep
|turn|5
|
|t:|1665694345
|switch|p2a: Landorus|Landorus-Therian, M|100/100
|-ability|p2a: Landorus|Intimidate|boost
|-unboost|p1a: Melmetal|atk|1
|move|p1a: Melmetal|Thunder Punch|p2a: Landorus
|-immune|p2a: Landorus
|
|-damage|p1a: Melmetal|39/100|[from] Leech Seed|[of] p2a: Landorus
|-fieldend|move: Psychic Terrain
|upkeep
|turn|6
|
|t:|1665694354
|switch|p1a: Landorus|Landorus-Therian, M|100/100
|-ability|p1a: Landorus|Intimidate|boost
|-unboost|p2a: Landorus|atk|1
|move|p2a: Landorus|Stealth Rock|p1a: Landorus
|-sidestart|p1: minimax_ai|move: Stealth Rock
|
|upkeep
|turn|7
|
|t:|1665694359
|move|p2a: Landorus|Toxic|p1a: Landorus
|-status|p1a: Landorus|tox
|move|p1a: Landorus|Defog|p2a: Landorus
|-unboost|p2a: Landorus|evasion|1
|-sideend|p1: minimax_ai|Stealth Rock|[from] move: Defog|[of] p1a: Landorus
|
|-damage|p1a: Landorus|94/100 tox|[from] psn
|upkeep
|turn|8
|
|t:|1665694366
|move|p1a: Landorus|U-turn|p2a: Landorus
|-resisted|p2a: Landorus
|-damage|p2a: Landorus|92/100
|
|t:|1665694366
|switch|p1a: Heatran|Heatran, M|100/100|[from]move: U-turn
|-item|p1a: Heatran|Air Balloon
|move|p2a: Landorus|Stealth Rock|p1a: Heatran
|-sidestart|p1: minimax_ai|move: Stealth Rock
|
|-heal|p2a: Landorus|98/100|[from] item: Leftovers
|upkeep
|turn|9
|
|t:|1665694379
|switch|p2a: Celesteela|Celesteela|53/100 par
|move|p1a: Heatran|Eruption|p2a: Celesteela
|-supereffective|p2a: Celesteela
|-damage|p2a: Celesteela|0 fnt
|faint|p2a: Celesteela
|
|upkeep
|
|t:|1665694386
|switch|p2a: Sharpedo|Sharpedo, M|100/100
|turn|10
|
|t:|1665694390
|switch|p1a: Melmetal|Melmetal|39/100
|-damage|p1a: Melmetal|33/100|[from] Stealth Rock
|move|p2a: Sharpedo|Dark Pulse|p1a: Melmetal
|-damage|p1a: Melmetal|8/100
|-damage|p2a: Sharpedo|91/100|[from] item: Life Orb
|
|-ability|p2a: Sharpedo|Speed Boost|boost
|-boost|p2a: Sharpedo|spe|1
|upkeep
|turn|11
|
|t:|1665694398
|move|p2a: Sharpedo|Dark Pulse|p1a: Melmetal
|-damage|p1a: Melmetal|0 fnt
|faint|p1a: Melmetal
|-damage|p2a: Sharpedo|81/100|[from] item: Life Orb
|
|-ability|p2a: Sharpedo|Speed Boost|boost
|-boost|p2a: Sharpedo|spe|1
|upkeep
|
|t:|1665694399
|switch|p1a: Rotom|Rotom-Wash|100/100
|-damage|p1a: Rotom|88/100|[from] Stealth Rock
|turn|12
|
|t:|1665694413
|switch|p2a: Rillaboom|Rillaboom, M|100/100
|-fieldstart|move: Grassy Terrain|[from] ability: Grassy Surge|[of] p2a: Rillaboom
|move|p1a: Rotom|Thunderbolt|p2a: Rillaboom
|-resisted|p2a: Rillaboom
|-damage|p2a: Rillaboom|77/100
|
|-heal|p1a: Rotom|94/100|[from] item: Leftovers
|-heal|p2a: Rillaboom|83/100|[from] Grassy Terrain
|upkeep
|turn|13
|
|t:|1665694422
|switch|p1a: Tangrowth|Tangrowth, F|100/100
|-damage|p1a: Tangrowth|88/100|[from] Stealth Rock
|move|p2a: Rillaboom|Knock Off|p1a: Tangrowth
|-damage|p1a: Tangrowth|64/100
|-damage|p2a: Rillaboom|66/100|[from] item: Rocky Helmet|[of] p1a: Tangrowth
|-enditem|p1a: Tangrowth|Rocky Helmet|[from] move: Knock Off|[of] p2a: Rillaboom
|-damage|p2a: Rillaboom|57/100|[from] item: Life Orb
|
|-heal|p2a: Rillaboom|63/100|[from] Grassy Terrain
|-heal|p1a: Tangrowth|70/100|[from] Grassy Terrain
|upkeep
|turn|14
|
|t:|1665694436
|switch|p2a: Landorus|Landorus-Therian, M|98/100
|-ability|p2a: Landorus|Intimidate|boost
|-unboost|p1a: Tangrowth|atk|1
|move|p1a: Tangrowth|Sleep Powder|p2a: Landorus|[miss]
|-miss|p1a: Tangrowth|p2a: Landorus
|
|-heal|p2a: Landorus|100/100|[from] item: Leftovers
|-heal|p1a: Tangrowth|76/100|[from] Grassy Terrain
|upkeep
|turn|15
|
|t:|1665694447
|move|p2a: Landorus|Toxic|p1a: Tangrowth
|-status|p1a: Tangrowth|tox
|move|p1a: Tangrowth|Sleep Powder|p2a: Landorus
|-status|p2a: Landorus|slp|[from] move: Sleep Powder
|
|-heal|p1a: Tangrowth|83/100 tox|[from] Grassy Terrain
|-damage|p1a: Tangrowth|76/100 tox|[from] psn
|upkeep
|turn|16
|
|t:|1665694454
|cant|p2a: Landorus|slp
|move|p1a: Tangrowth|Giga Drain|p2a: Landorus
|-damage|p2a: Landorus|60/100 slp
|-heal|p1a: Tangrowth|96/100 tox|[from] drain|[of] p2a: Landorus
|
|-heal|p2a: Landorus|66/100 slp|[from] item: Leftovers
|-heal|p1a: Tangrowth|100/100 tox|[from] Grassy Terrain
|-damage|p1a: Tangrowth|88/100 tox|[from] psn
|-fieldend|move: Grassy Terrain
|upkeep
|turn|17
|
|t:|1665694463
|cant|p2a: Landorus|slp
|move|p1a: Tangrowth|Giga Drain|p2a: Landorus
|-damage|p2a: Landorus|36/100 slp
|-heal|p1a: Tangrowth|100/100 tox|[from] drain|[of] p2a: Landorus
|
|-heal|p2a: Landorus|42/100 slp|[from] item: Leftovers
|-damage|p1a: Tangrowth|82/100 tox|[from] psn
|upkeep
|turn|18
|
|t:|1665694475
|switch|p2a: Tapu Lele|Tapu Lele|100/100
|-fieldstart|move: Psychic Terrain|[from] ability: Psychic Surge|[of] p2a: Tapu Lele
|move|p1a: Tangrowth|Giga Drain|p2a: Tapu Lele
|-damage|p2a: Tapu Lele|71/100
|-heal|p1a: Tangrowth|92/100 tox|[from] drain|[of] p2a: Tapu Lele
|
|-damage|p1a: Tangrowth|68/100 tox|[from] psn
|upkeep
|turn|19
|
|t:|1665694488
|switch|p1a: Landorus|Landorus-Therian, M|94/100 tox
|-damage|p1a: Landorus|82/100 tox|[from] Stealth Rock
|-ability|p1a: Landorus|Intimidate|boost
|-unboost|p2a: Tapu Lele|atk|1
|move|p2a: Tapu Lele|Focus Blast|p1a: Landorus|[miss]
|-miss|p2a: Tapu Lele|p1a: Landorus
|
|-heal|p1a: Landorus|88/100 tox|[from] item: Leftovers
|-damage|p1a: Landorus|82/100 tox|[from] psn
|upkeep
|turn|20
|
|t:|1665694499
|switch|p2a: Landorus|Landorus-Therian, M|42/100 slp
|-ability|p2a: Landorus|Intimidate|boost
|-unboost|p1a: Landorus|atk|1
|move|p1a: Landorus|Earthquake|p2a: Landorus
|-immune|p2a: Landorus
|
|-heal|p1a: Landorus|88/100 tox|[from] item: Leftovers
|-heal|p2a: Landorus|48/100 slp|[from] item: Leftovers
|-damage|p1a: Landorus|76/100 tox|[from] psn
|upkeep
|turn|21
|
|t:|1665694509
|move|p1a: Landorus|Defog|p2a: Landorus
|-unboost|p2a: Landorus|evasion|1
|-sideend|p1: minimax_ai|Stealth Rock|[from] move: Defog|[of] p1a: Landorus
|-fieldend|move: Psychic Terrain
|-curestatus|p2a: Landorus|slp|[msg]
|move|p2a: Landorus|Stealth Rock|p1a: Landorus
|-sidestart|p1: minimax_ai|move: Stealth Rock
|
|-heal|p1a: Landorus|82/100 tox|[from] item: Leftovers
|-heal|p2a: Landorus|54/100|[from] item: Leftovers
|-damage|p1a: Landorus|64/100 tox|[from] psn
|upkeep
|turn|22
|
|t:|1665694519
|move|p1a: Landorus|Earthquake|p2a: Landorus
|-immune|p2a: Landorus
|move|p2a: Landorus|U-turn|p1a: Landorus
|-resisted|p1a: Landorus
|-damage|p1a: Landorus|53/100 tox
|
|t:|1665694530
|switch|p2a: Weavile|Weavile, M|100/100|[from]move: U-turn
|-ability|p2a: Weavile|Pressure
|
|-heal|p1a: Landorus|59/100 tox|[from] item: Leftovers
|-damage|p1a: Landorus|35/100 tox|[from] psn
|upkeep
|turn|23
|
|t:|1665694538
|move|p2a: Weavile|Triple Axel|p1a: Landorus
|-supereffective|p1a: Landorus
|-damage|p1a: Landorus|0 fnt
|faint|p1a: Landorus
|-hitcount|p1: Landorus|1
|
|upkeep
|
|t:|1665694538
|switch|p1a: Heatran|Heatran, M|100/100
|-damage|p1a: Heatran|88/100|[from] Stealth Rock
|-item|p1a: Heatran|Air Balloon
|turn|24
|
|t:|1665694547
|switch|p2a: Tapu Lele|Tapu Lele|71/100
|-fieldstart|move: Psychic Terrain|[from] ability: Psychic Surge|[of] p2a: Tapu Lele
|move|p1a: Heatran|Eruption|p2a: Tapu Lele
|-damage|p2a: Tapu Lele|0 fnt
|faint|p2a: Tapu Lele
|
|upkeep
|
|t:|1665694556
|switch|p2a: Sharpedo|Sharpedo, M|81/100
|turn|25
|
|t:|1665694560
|move|p2a: Sharpedo|Hydro Pump|p1a: Heatran
|-supereffective|p1a: Heatran
|-damage|p1a: Heatran|0 fnt
|-enditem|p1a: Heatran|Air Balloon
|faint|p1a: Heatran
|-damage|p2a: Sharpedo|71/100|[from] item: Life Orb
|
|-ability|p2a: Sharpedo|Speed Boost|boost
|-boost|p2a: Sharpedo|spe|1
|upkeep
|
|t:|1665694560
|switch|p1a: Rotom|Rotom-Wash|94/100
|-damage|p1a: Rotom|82/100|[from] Stealth Rock
|turn|26
|
|t:|1665694575
|move|p2a: Sharpedo|Dark Pulse|p1a: Rotom
|-damage|p1a: Rotom|30/100
|-damage|p2a: Sharpedo|61/100|[from] item: Life Orb
|move|p1a: Rotom|Thunderbolt|p2a: Sharpedo
|-supereffective|p2a: Sharpedo
|-damage|p2a: Sharpedo|0 fnt
|faint|p2a: Sharpedo
|
|-heal|p1a: Rotom|37/100|[from] item: Leftovers
|upkeep
|
|t:|1665694588
|switch|p2a: Weavile|Weavile, M|100/100
|-ability|p2a: Weavile|Pressure
|turn|27
|
|t:|1665694593
|move|p2a: Weavile|Knock Off|p1a: Rotom
|-damage|p1a: Rotom|0 fnt
|-enditem|p1a: Rotom|Leftovers|[from] move: Knock Off|[of] p2a: Weavile
|faint|p1a: Rotom
|
|upkeep
|
|t:|1665694593
|switch|p1a: Weavile|Weavile, F|100/100
|-damage|p1a: Weavile|76/100|[from] Stealth Rock
|-ability|p1a: Weavile|Pressure
|turn|28
|
|t:|1665694601
|switch|p2a: Landorus|Landorus-Therian, M|54/100
|-ability|p2a: Landorus|Intimidate|boost
|-unboost|p1a: Weavile|atk|1
|move|p1a: Weavile|Low Kick|p2a: Landorus
|-resisted|p2a: Landorus
|-damage|p2a: Landorus|44/100
|
|-heal|p2a: Landorus|50/100|[from] item: Leftovers
|-fieldend|move: Psychic Terrain
|upkeep
|turn|29
|
|t:|1665694609
|switch|p1a: Tangrowth|Tangrowth, F|100/100 tox
|-damage|p1a: Tangrowth|88/100 tox|[from] Stealth Rock
|move|p2a: Landorus|U-turn|p1a: Tangrowth
|-supereffective|p1a: Tangrowth
|-damage|p1a: Tangrowth|66/100 tox
|
|t:|1665694615
|switch|p2a: Weavile|Weavile, M|100/100|[from]move: U-turn
|-ability|p2a: Weavile|Pressure
|
|-damage|p1a: Tangrowth|60/100 tox|[from] psn
|upkeep
|turn|30
|
|t:|1665694621
|move|p2a: Weavile|Triple Axel|p1a: Tangrowth
|-supereffective|p1a: Tangrowth
|-damage|p1a: Tangrowth|45/100 tox
|-supereffective|p1a: Tangrowth
|-damage|p1a: Tangrowth|13/100 tox
|-supereffective|p1a: Tangrowth
|-damage|p1a: Tangrowth|0 fnt
|faint|p1a: Tangrowth
|-hitcount|p1: Tangrowth|3
|
|upkeep
|
|t:|1665694621
|switch|p1a: Weavile|Weavile, F|76/100
|-damage|p1a: Weavile|51/100|[from] Stealth Rock
|-ability|p1a: Weavile|Pressure
|turn|31
|
|t:|1665694633
|switch|p2a: Landorus|Landorus-Therian, M|50/100
|-ability|p2a: Landorus|Intimidate|boost
|-unboost|p1a: Weavile|atk|1
|move|p1a: Weavile|Knock Off|p2a: Landorus
|-damage|p2a: Landorus|16/100
|-enditem|p2a: Landorus|Leftovers|[from] move: Knock Off|[of] p1a: Weavile
|
|upkeep
|turn|32
|
|t:|1665694640
|move|p1a: Weavile|Knock Off|p2a: Landorus
|-damage|p2a: Landorus|0 fnt
|faint|p2a: Landorus
|
|upkeep
|
|t:|1665694644
|switch|p2a: Rillaboom|Rillaboom, M|63/100
|-fieldstart|move: Grassy Terrain|[from] ability: Grassy Surge|[of] p2a: Rillaboom
|turn|33
|
|t:|1665694648
|move|p2a: Rillaboom|Grassy Glide|p1a: Weavile
|-damage|p1a: Weavile|0 fnt
|faint|p1a: Weavile
|-damage|p2a: Rillaboom|53/100|[from] item: Life Orb
|
|win|Thedebatablereaper
|raw|minimax_ai's rating: 1629 &rarr; <strong>1606</strong><br />(-23 for losing)
|raw|Thedebatablereaper's rating: 1576 &rarr; <strong>1599</strong><br />(+23 for winning)
