|html|<div class="broadcast-blue"><strong>[Gen 8] OU is currently suspecting Melmetal! For information on how to participate check out the <a href="https://www.smogon.com/forums/threads/np-ss-ou-suspect-process-round-12-monster-mash.3709234/">suspect thread</a>.</strong></div>
|j|☆i know im horrible
|j|☆minimax_ai
|t:|1666362427
|gametype|singles
|player|p1|i know im horrible|170|1457
|player|p2|minimax_ai|lusamine-nihilego|1461
|teamsize|p1|6
|teamsize|p2|6
|gen|8
|tier|[Gen 8] OU
|rated|
|rule|Sleep Clause Mod: Limit one foe put to sleep
|rule|Species Clause: Limit one of each Pokémon
|rule|OHKO Clause: OHKO moves are banned
|rule|Evasion Items Clause: Evasion items are banned
|rule|Evasion Moves Clause: Evasion moves are banned
|rule|Endless Battle Clause: Forcing endless battles is banned
|rule|HP Percentage Mod: HP is shown in percentages
|rule|Dynamax Clause: You cannot dynamax
|clearpoke
|poke|p1|Tapu Koko|
|poke|p1|Hawlucha, M|
|poke|p1|Zeraora|
|poke|p1|Regieleki|
|poke|p1|Melmetal|
|poke|p1|Klefki, M|
|poke|p2|Rotom-Wash|
|poke|p2|Weavile, M|
|poke|p2|Landorus-Therian, M|
|poke|p2|Heatran, M|
|poke|p2|Tangrowth, F|
|poke|p2|Melmetal|
|teampreview
|
|t:|1666362430
|start
|switch|p1a: Klefki|Klefki, M|100/100
|switch|p2a: rotomwash|Rotom-Wash|100/100
|turn|1
|c|☆minimax_ai|hf
|inactive|Battle timer is ON: inactive players will automatically lose when time's up. (requested by minimax_ai)
|
|t:|1666362433
|move|p1a: Klefki|Spikes|p2a: rotomwash
|-sidestart|p2: minimax_ai|Spikes
|move|p2a: rotomwash|Nasty Plot|p2a: rotomwash
|-boost|p2a: rotomwash|spa|2
|
|upkeep
|turn|2
|
|t:|1666362442
|switch|p1a: Tapu Koko|Tapu Koko|100/100
|-fieldstart|move: Electric Terrain|[from] ability: Electric Surge|[of] p1a: Tapu Koko
|move|p2a: rotomwash|Hydro Pump|p1a: Tapu Koko
|-damage|p1a: Tapu Koko|0 fnt
|faint|p1a: Tapu Koko
|
|upkeep
|
|t:|1666362446
|switch|p1a: Regieleki|Regieleki|100/100
|turn|3
|
|t:|1666362449
|switch|p1a: Klefki|Klefki, M|100/100
|switch|p2a: landorustherian|Landorus-Therian, M|100/100
|-ability|p2a: landorustherian|Intimidate|boost
|-unboost|p1a: Klefki|atk|1
|
|upkeep
|turn|4
|
|t:|1666362451
|move|p1a: Klefki|Switcheroo|p2a: landorustherian
|-activate|p1a: Klefki|move: Trick|[of] p2a: landorustherian
|-item|p2a: landorustherian|Ring Target|[from] move: Switcheroo
|-item|p1a: Klefki|Leftovers|[from] move: Switcheroo
|move|p2a: landorustherian|Defog|p1a: Klefki
|-unboost|p1a: Klefki|evasion|1
|-sideend|p2: minimax_ai|Spikes|[from] move: Defog|[of] p2a: landorustherian
|-fieldend|move: Electric Terrain
|
|upkeep
|turn|5
|
|t:|1666362455
|switch|p2a: rotomwash|Rotom-Wash|100/100
|move|p1a: Klefki|Spikes|p2a: rotomwash
|-sidestart|p2: minimax_ai|Spikes
|
|upkeep
|turn|6
|
|t:|1666362467
|switch|p1a: Regieleki|Regieleki|100/100
|move|p2a: rotomwash|Hydro Pump|p1a: Regieleki
|-damage|p1a: Regieleki|18/100
|
|upkeep
|turn|7
|
|t:|1666362471
|switch|p2a: landorustherian|Landorus-Therian, M|100/100
|-ability|p2a: landorustherian|Intimidate|boost
|-unboost|p1a: Regieleki|atk|1
|move|p1a: Regieleki|Volt Switch|p2a: landorustherian
|-supereffective|p2a: landorustherian
|-damage|p2a: landorustherian|0 fnt
|faint|p2a: landorustherian
|
|t:|1666362478
|switch|p1a: Klefki|Klefki, M|100/100|[from]move: Volt Switch
|
|upkeep
|
|t:|1666362478
|switch|p2a: Heatran|Heatran, M|100/100
|-item|p2a: Heatran|Air Balloon
|turn|8
|
|t:|1666362481
|move|p1a: Klefki|Thunder Wave|p2a: Heatran
|-status|p2a: Heatran|par
|move|p2a: Heatran|Eruption|p1a: Klefki
|-supereffective|p1a: Klefki
|-damage|p1a: Klefki|0 fnt
|faint|p1a: Klefki
|
|upkeep
|
|t:|1666362485
|switch|p1a: Melmetal|Melmetal|100/100
|turn|9
|
|t:|1666362488
|move|p2a: Heatran|Eruption|p1a: Melmetal
|-supereffective|p1a: Melmetal
|-damage|p1a: Melmetal|0 fnt
|faint|p1a: Melmetal
|
|upkeep
|
|t:|1666362492
|switch|p1a: Hawlucha|Hawlucha, M|100/100
|turn|10
|
|t:|1666362493
|switch|p2a: Tangrowth|Tangrowth, F|100/100
|-damage|p2a: Tangrowth|88/100|[from] Spikes
|move|p1a: Hawlucha|Swords Dance|p1a: Hawlucha
|-boost|p1a: Hawlucha|atk|2
|
|upkeep
|turn|11
|
|t:|1666362495
|move|p1a: Hawlucha|Acrobatics|p2a: Tangrowth
|-supereffective|p2a: Tangrowth
|-damage|p2a: Tangrowth|34/100
|-damage|p1a: Hawlucha|84/100|[from] item: Rocky Helmet|[of] p2a: Tangrowth
|move|p2a: Tangrowth|Sleep Powder|p1a: Hawlucha
|-status|p1a: Hawlucha|slp|[from] move: Sleep Powder
|
|upkeep
|turn|12
|
|t:|1666362499
|switch|p1a: Zeraora|Zeraora|100/100
|switch|p2a: Weavile|Weavile, M|100/100
|-damage|p2a: Weavile|88/100|[from] Spikes
|-ability|p2a: Weavile|Pressure
|
|upkeep
|turn|13
|
|t:|1666362503
|switch|p2a: Tangrowth|Tangrowth, F|67/100
|-damage|p2a: Tangrowth|55/100|[from] Spikes
|move|p1a: Zeraora|Close Combat|p2a: Tangrowth
|-damage|p2a: Tangrowth|34/100
|-unboost|p1a: Zeraora|def|1
|-unboost|p1a: Zeraora|spd|1
|-damage|p1a: Zeraora|84/100|[from] item: Rocky Helmet|[of] p2a: Tangrowth
|
|upkeep
|turn|14
|
|t:|1666362506
|switch|p2a: Melmetal|Melmetal|100/100
|-damage|p2a: Melmetal|88/100|[from] Spikes
|move|p1a: Zeraora|Close Combat|p2a: Melmetal
|-supereffective|p2a: Melmetal
|-damage|p2a: Melmetal|45/100
|-unboost|p1a: Zeraora|def|1
|-unboost|p1a: Zeraora|spd|1
|
|upkeep
|turn|15
|
|t:|1666362508
|move|p1a: Zeraora|Close Combat|p2a: Melmetal
|-supereffective|p2a: Melmetal
|-damage|p2a: Melmetal|2/100
|-unboost|p1a: Zeraora|def|1
|-unboost|p1a: Zeraora|spd|1
|move|p2a: Melmetal|Double Iron Bash|p1a: Zeraora
|-resisted|p1a: Zeraora
|-damage|p1a: Zeraora|0 fnt
|faint|p1a: Zeraora
|-hitcount|p1: Zeraora|1
|
|upkeep
|
|t:|1666362512
|switch|p1a: Regieleki|Regieleki|18/100
|turn|16
|
|t:|1666362513
|move|p1a: Regieleki|Thunderbolt|p2a: Melmetal
|-damage|p2a: Melmetal|0 fnt
|faint|p2a: Melmetal
|
|upkeep
|
|t:|1666362513
|switch|p2a: Weavile|Weavile, M|88/100
|-damage|p2a: Weavile|76/100|[from] Spikes
|-ability|p2a: Weavile|Pressure
|turn|17
|
|t:|1666362515
|move|p2a: Weavile|Ice Shard|p1a: Regieleki
|-damage|p1a: Regieleki|0 fnt
|faint|p1a: Regieleki
|
|upkeep
|-message|i know im horrible forfeited.
|
|win|minimax_ai
|raw|i know im horrible's rating: 1457 &rarr; <strong>1437</strong><br />(-20 for losing)
|raw|minimax_ai's rating: 1461 &rarr; <strong>1481</strong><br />(+20 for winning)
|c|☆minimax_ai|gg
|l|☆i know im horrible
