|j|☆Unrelated96
|j|☆wsdfg
|t:|1604423596
|player|p1|Unrelated96|265|1735
|player|p2|wsdfg|burglar|1752
|teamsize|p1|6
|teamsize|p2|6
|gametype|singles
|gen|8
|tier|[Gen 8] OU
|rated|
|clearpoke
|poke|p1|Cinderace, M|
|poke|p1|Heatran, M|
|poke|p1|Latios, M|
|poke|p1|Tapu Fini|
|poke|p1|Landorus, M|
|poke|p1|Scizor, M|
|poke|p2|Kyurem-Black|
|poke|p2|Zygarde|
|poke|p2|Regieleki|
|poke|p2|Urshifu-*, F|
|poke|p2|Magearna|
|poke|p2|Landorus-Therian, M|
|rule|Sleep Clause Mod: Limit one foe put to sleep
|rule|Species Clause: Limit one of each Pokémon
|rule|OHKO Clause: OHKO moves are banned
|rule|Evasion Moves Clause: Evasion moves are banned
|rule|Endless Battle Clause: Forcing endless battles is banned
|rule|HP Percentage Mod: HP is shown in percentages
|rule|Dynamax Clause: You cannot dynamax
|teampreview
|j| Nathx33
|j| Disco Snake
|j| Donene
|j| vip10086
|j| testosadjwm
|
|t:|1604423609
|start
|switch|p1a: Latios|Latios, M|100/100
|switch|p2a: Regieleki|Regieleki, shiny|100/100
|turn|1
|j| Pokeninteman
|l| Donene
|
|t:|1604423619
|move|p2a: Regieleki|Light Screen|p2a: Regieleki
|-sidestart|p2: wsdfg|move: Light Screen
|move|p1a: Latios|Ice Beam|p2a: Regieleki
|-damage|p2a: Regieleki|68/100
|-damage|p1a: Latios|91/100|[from] item: Life Orb
|
|upkeep
|turn|2
|
|t:|1604423623
|switch|p1a: Cinderace|Cinderace, M|100/100
|move|p2a: Regieleki|Reflect|p2a: Regieleki
|-sidestart|p2: wsdfg|Reflect
|
|upkeep
|turn|3
|
|t:|1604423625
|move|p2a: Regieleki|Explosion|p1a: Cinderace
|-damage|p1a: Cinderace|11/100
|faint|p2a: Regieleki
|move|p1a: Cinderace|Court Change|p1a: Cinderace
|-start|p1a: Cinderace|typechange|Normal|[from] ability: Libero
|-sideend|p2: wsdfg|Light Screen|[silent]
|-sidestart|p1: Unrelated96|Light Screen|[silent]
|-sideend|p2: wsdfg|Reflect|[silent]
|-sidestart|p1: Unrelated96|Reflect|[silent]
|-activate|p1a: Cinderace|move: Court Change
|
|upkeep
|j| tungulus
|j| DoodleBugger
|
|t:|1604423637
|switch|p2a: Landorus|Landorus-Therian, M|100/100
|-ability|p2a: Landorus|Intimidate|boost
|-unboost|p1a: Cinderace|atk|1
|turn|4
|c| Nathx33|genuis
|j| Donene
|
|t:|1604423648
|switch|p1a: Latios|Latios, M|91/100
|move|p2a: Landorus|Stealth Rock|p1a: Latios
|-sidestart|p1: Unrelated96|move: Stealth Rock
|
|upkeep
|turn|5
|j| sadposting
|
|t:|1604423656
|switch|p2a: Magearna|Magearna|100/100
|move|p1a: Latios|Ice Beam|p2a: Magearna
|-resisted|p2a: Magearna
|-damage|p2a: Magearna|82/100
|-damage|p1a: Latios|81/100|[from] item: Life Orb
|
|-heal|p2a: Magearna|89/100|[from] item: Leftovers
|upkeep
|turn|6
|
|t:|1604423664
|switch|p1a: Heatran|Heatran, M|100/100
|-damage|p1a: Heatran|88/100|[from] Stealth Rock
|move|p2a: Magearna|Flash Cannon|p1a: Heatran
|-resisted|p1a: Heatran
|-crit|p1a: Heatran
|-damage|p1a: Heatran|74/100
|
|-heal|p1a: Heatran|80/100|[from] item: Leftovers
|-heal|p2a: Magearna|95/100|[from] item: Leftovers
|upkeep
|turn|7
|j| Hamlife
|
|t:|1604423672
|switch|p2a: Landorus|Landorus-Therian, M|100/100
|-ability|p2a: Landorus|Intimidate|boost
|-unboost|p1a: Heatran|atk|1
|move|p1a: Heatran|Stealth Rock|p2a: Landorus
|-sidestart|p2: wsdfg|move: Stealth Rock
|
|-heal|p1a: Heatran|86/100|[from] item: Leftovers
|upkeep
|turn|8
|l| sadposting
|
|t:|1604423686
|switch|p1a: Landorus|Landorus, M|100/100
|-damage|p1a: Landorus|88/100|[from] Stealth Rock
|move|p2a: Landorus|Knock Off|p1a: Landorus
|-damage|p1a: Landorus|66/100
|-enditem|p1a: Landorus|Life Orb|[from] move: Knock Off|[of] p2a: Landorus
|
|-sideend|p1: Unrelated96|move: Light Screen
|upkeep
|turn|9
|
|t:|1604423699
|move|p1a: Landorus|Psychic|p2a: Landorus
|-damage|p2a: Landorus|50/100
|move|p2a: Landorus|Knock Off|p1a: Landorus
|-damage|p1a: Landorus|50/100
|
|-sideend|p1: Unrelated96|Reflect
|upkeep
|turn|10
|
|t:|1604423702
|move|p1a: Landorus|Psychic|p2a: Landorus
|-damage|p2a: Landorus|3/100
|move|p2a: Landorus|Explosion|p1a: Landorus
|-crit|p1a: Landorus
|-damage|p1a: Landorus|0 fnt
|faint|p2a: Landorus
|faint|p1a: Landorus
|
|upkeep
|j| Khvv
|j| mo0_mo0
|l| Hamlife
|
|t:|1604423722
|switch|p1a: Latios|Latios, M|81/100
|switch|p2a: Urshifu|Urshifu, F|100/100
|-damage|p1a: Latios|68/100|[from] Stealth Rock
|-damage|p2a: Urshifu|94/100|[from] Stealth Rock
|turn|11
|
|t:|1604423726
|move|p1a: Latios|Draco Meteor|p2a: Urshifu
|-damage|p2a: Urshifu|0 fnt
|-unboost|p1a: Latios|spa|2
|-damage|p1a: Latios|58/100|[from] item: Life Orb
|faint|p2a: Urshifu
|
|upkeep
|j| roundpenguin
|
|t:|1604423732
|switch|p2a: Zygarde|Zygarde|100/100
|-damage|p2a: Zygarde|94/100|[from] Stealth Rock
|-ability|p2a: Zygarde|Aura Break
|turn|12
|
|t:|1604423734
|move|p1a: Latios|Ice Beam|p2a: Zygarde
|-supereffective|p2a: Zygarde
|-damage|p2a: Zygarde|16/100
|-damage|p1a: Latios|48/100|[from] item: Life Orb
|move|p2a: Zygarde|Dragon Dance|p2a: Zygarde
|-boost|p2a: Zygarde|atk|1
|-boost|p2a: Zygarde|spe|1
|
|upkeep
|turn|13
|j| Mcjizzletitties
|
|t:|1604423744
|switch|p1a: Cinderace|Cinderace, M|11/100
|move|p2a: Zygarde|Thousand Arrows|p1a: Cinderace
|-supereffective|p1a: Cinderace
|-damage|p1a: Cinderace|0 fnt
|faint|p1a: Cinderace
|
|upkeep
|
|t:|1604423746
|switch|p1a: Scizor|Scizor, M|100/100
|-damage|p1a: Scizor|88/100|[from] Stealth Rock
|turn|14
|j| GodHaskal
|j| AdamL6012
|l| GodHaskal
|j| Promii
|
|t:|1604423794
|move|p2a: Zygarde|Thousand Arrows|p1a: Scizor
|-damage|p1a: Scizor|0 fnt
|faint|p1a: Scizor
|
|upkeep
|
|t:|1604423804
|switch|p1a: Tapu Fini|Tapu Fini|100/100
|-damage|p1a: Tapu Fini|88/100|[from] Stealth Rock
|-fieldstart|move: Misty Terrain|[from] ability: Misty Surge|[of] p1a: Tapu Fini
|turn|15
|
|t:|1604423812
|move|p2a: Zygarde|Thousand Arrows|p1a: Tapu Fini
|-damage|p1a: Tapu Fini|39/100
|move|p1a: Tapu Fini|Surf|p2a: Zygarde
|-damage|p2a: Zygarde|0 fnt
|faint|p2a: Zygarde
|
|-heal|p1a: Tapu Fini|45/100|[from] item: Leftovers
|upkeep
|
|t:|1604423816
|switch|p2a: Kyurem|Kyurem-Black|100/100
|-ability|p2a: Kyurem|Teravolt
|turn|16
|
|t:|1604423828
|move|p2a: Kyurem|Dragon Dance|p2a: Kyurem
|-boost|p2a: Kyurem|atk|1
|-boost|p2a: Kyurem|spe|1
|move|p1a: Tapu Fini|Draining Kiss|p2a: Kyurem
|-supereffective|p2a: Kyurem
|-damage|p2a: Kyurem|62/100
|-heal|p1a: Tapu Fini|81/100|[from] drain|[of] p2a: Kyurem
|
|-heal|p1a: Tapu Fini|87/100|[from] item: Leftovers
|upkeep
|turn|17
|
|t:|1604423833
|move|p2a: Kyurem|Dragon Dance|p2a: Kyurem
|-boost|p2a: Kyurem|atk|1
|-boost|p2a: Kyurem|spe|1
|move|p1a: Tapu Fini|Draining Kiss|p2a: Kyurem
|-supereffective|p2a: Kyurem
|-crit|p2a: Kyurem
|-damage|p2a: Kyurem|11/100
|-heal|p1a: Tapu Fini|100/100|[from] drain|[of] p2a: Kyurem
|
|upkeep
|turn|18
|
|t:|1604423840
|move|p2a: Kyurem|Fusion Bolt|p1a: Tapu Fini
|-supereffective|p1a: Tapu Fini
|-damage|p1a: Tapu Fini|0 fnt
|faint|p1a: Tapu Fini
|
|upkeep
|
|t:|1604423842
|switch|p1a: Heatran|Heatran, M|86/100
|-damage|p1a: Heatran|74/100|[from] Stealth Rock
|turn|19
|
|t:|1604423844
|move|p2a: Kyurem|Fusion Bolt|p1a: Heatran
|-crit|p1a: Heatran
|-damage|p1a: Heatran|0 fnt
|faint|p1a: Heatran
|
|-fieldend|Misty Terrain
|upkeep
|j| GodHaskal
|-message|Unrelated96 forfeited.
|
|win|wsdfg
|l|☆Unrelated96
|l| DoodleBugger
|l|☆wsdfg
