|j|☆return nirvana
|j|☆HanumanBhakt
|inactive|Battle timer is ON: inactive players will automatically lose when time's up.
|t:|1655616073
|gametype|singles
|player|p1|return nirvana|gambler-gen1|
|player|p2|HanumanBhakt|hugh|
|teamsize|p1|6
|teamsize|p2|6
|gen|8
|tier|[Gen 8] OU
|rated|Tournament battle
|rule|Sleep Clause Mod: Limit one foe put to sleep
|rule|Species Clause: Limit one of each Pokémon
|rule|OHKO Clause: OHKO moves are banned
|rule|Evasion Moves Clause: Evasion moves are banned
|rule|Endless Battle Clause: Forcing endless battles is banned
|rule|HP Percentage Mod: HP is shown in percentages
|rule|Dynamax Clause: You cannot dynamax
|clearpoke
|poke|p1|Zamazenta-*|
|poke|p1|Naganadel|
|poke|p1|Landorus-Therian, M|
|poke|p1|Kyurem-Black|
|poke|p1|Magnezone|
|poke|p1|Toxapex, F|
|poke|p2|Melmetal|
|poke|p2|Kyurem-Black|
|poke|p2|Dracovish|
|poke|p2|Cinderace, M|
|poke|p2|Hippowdon, M|
|poke|p2|Garchomp, M|
|teampreview
|inactive|HanumanBhakt also wants the timer to be on.
|j| m comics am
|j| Trailblazer324
|c|☆HanumanBhakt|gl hf
|c|☆return nirvana|dracovish sprite looks scary af now lol
|
|t:|1655616095
|start
|switch|p1a: Kyurem|Kyurem-Black|100/100
|switch|p2a: Hippowdon|Hippowdon, M|100/100
|-ability|p1a: Kyurem|Teravolt
|-weather|Sandstorm|[from] ability: Sand Stream|[of] p2a: Hippowdon
|turn|1
|
|t:|1655616109
|move|p1a: Kyurem|Freeze-Dry|p2a: Hippowdon
|-supereffective|p2a: Hippowdon
|-damage|p2a: Hippowdon|43/100
|move|p2a: Hippowdon|Stealth Rock|p1a: Kyurem
|-sidestart|p1: return nirvana|move: Stealth Rock
|
|-weather|Sandstorm|[upkeep]
|-damage|p1a: Kyurem|94/100|[from] Sandstorm
|upkeep
|turn|2
|
|t:|1655616117
|move|p1a: Kyurem|Earth Power|p2a: Hippowdon
|-damage|p2a: Hippowdon|17/100
|move|p2a: Hippowdon|Slack Off|p2a: Hippowdon
|-heal|p2a: Hippowdon|67/100
|
|-weather|Sandstorm|[upkeep]
|-damage|p1a: Kyurem|88/100|[from] Sandstorm
|upkeep
|turn|3
|
|t:|1655616125
|move|p1a: Kyurem|Freeze-Dry|p2a: Hippowdon
|-supereffective|p2a: Hippowdon
|-damage|p2a: Hippowdon|3/100
|move|p2a: Hippowdon|Earthquake|p1a: Kyurem
|-damage|p1a: Kyurem|53/100
|
|-weather|Sandstorm|[upkeep]
|-damage|p1a: Kyurem|47/100|[from] Sandstorm
|upkeep
|turn|4
|
|t:|1655616133
|move|p1a: Kyurem|Roost|p1a: Kyurem
|-heal|p1a: Kyurem|97/100
|-singleturn|p1a: Kyurem|move: Roost
|move|p2a: Hippowdon|Slack Off|p2a: Hippowdon
|-heal|p2a: Hippowdon|53/100
|
|-weather|Sandstorm|[upkeep]
|-damage|p1a: Kyurem|91/100|[from] Sandstorm
|upkeep
|turn|5
|
|t:|1655616141
|switch|p2a: Dracovish|Dracovish|100/100
|move|p1a: Kyurem|Freeze-Dry|p2a: Dracovish
|-supereffective|p2a: Dracovish
|-damage|p2a: Dracovish|0 fnt
|faint|p2a: Dracovish
|
|-weather|Sandstorm|[upkeep]
|-damage|p1a: Kyurem|85/100|[from] Sandstorm
|upkeep
|
|t:|1655616150
|switch|p2a: Melmetal|Melmetal|100/100
|turn|6
|
|t:|1655616155
|switch|p1a: Toxapex|Toxapex, F|100/100
|-damage|p1a: Toxapex|88/100|[from] Stealth Rock
|move|p2a: Melmetal|Double Iron Bash|p1a: Toxapex
|-resisted|p1a: Toxapex
|-damage|p1a: Toxapex|75/100
|-resisted|p1a: Toxapex
|-damage|p1a: Toxapex|63/100
|-hitcount|p1a: Toxapex|2
|
|-weather|Sandstorm|[upkeep]
|-damage|p1a: Toxapex|56/100|[from] Sandstorm
|upkeep
|turn|7
|j| LRzooiq
|
|t:|1655616167
|switch|p1a: Magnezone|Magnezone|100/100
|-damage|p1a: Magnezone|94/100|[from] Stealth Rock
|-item|p1a: Magnezone|Air Balloon
|move|p2a: Melmetal|Thunder Punch|p1a: Magnezone
|-resisted|p1a: Magnezone
|-damage|p1a: Magnezone|78/100
|-enditem|p1a: Magnezone|Air Balloon
|
|-weather|Sandstorm|[upkeep]
|upkeep
|turn|8
|l| LRzooiq
|
|t:|1655616186
|move|p1a: Magnezone|Magnet Rise|p1a: Magnezone
|-start|p1a: Magnezone|Magnet Rise
|move|p2a: Melmetal|Double Iron Bash|p1a: Magnezone
|-resisted|p1a: Magnezone
|-damage|p1a: Magnezone|70/100
|-resisted|p1a: Magnezone
|-damage|p1a: Magnezone|61/100
|-hitcount|p1a: Magnezone|2
|
|-weather|none
|upkeep
|turn|9
|
|t:|1655616196
|move|p1a: Magnezone|Iron Defense|p1a: Magnezone
|-boost|p1a: Magnezone|def|2
|move|p2a: Melmetal|Mega Punch|p1a: Magnezone
|-resisted|p1a: Magnezone
|-damage|p1a: Magnezone|53/100
|
|upkeep
|turn|10
|
|t:|1655616202
|move|p1a: Magnezone|Body Press|p2a: Melmetal
|-supereffective|p2a: Melmetal
|-damage|p2a: Melmetal|37/100
|move|p2a: Melmetal|Double Iron Bash|p1a: Magnezone
|-resisted|p1a: Magnezone
|-damage|p1a: Magnezone|49/100
|-resisted|p1a: Magnezone
|-damage|p1a: Magnezone|45/100
|-hitcount|p1a: Magnezone|2
|
|upkeep
|turn|11
|
|t:|1655616213
|move|p1a: Magnezone|Body Press|p2a: Melmetal
|-supereffective|p2a: Melmetal
|-damage|p2a: Melmetal|0 fnt
|faint|p2a: Melmetal
|
|upkeep
|
|t:|1655616225
|switch|p2a: Hippowdon|Hippowdon, M|53/100
|-weather|Sandstorm|[from] ability: Sand Stream|[of] p2a: Hippowdon
|turn|12
|
|t:|1655616236
|move|p1a: Magnezone|Iron Defense|p1a: Magnezone
|-boost|p1a: Magnezone|def|2
|move|p2a: Hippowdon|Slack Off|p2a: Hippowdon
|-heal|p2a: Hippowdon|100/100
|
|-weather|Sandstorm|[upkeep]
|-end|p1a: Magnezone|Magnet Rise
|upkeep
|turn|13
|
|t:|1655616243
|move|p1a: Magnezone|Magnet Rise|p1a: Magnezone
|-start|p1a: Magnezone|Magnet Rise
|move|p2a: Hippowdon|Curse|p2a: Hippowdon
|-unboost|p2a: Hippowdon|spe|1
|-boost|p2a: Hippowdon|atk|1
|-boost|p2a: Hippowdon|def|1
|
|-weather|Sandstorm|[upkeep]
|upkeep
|turn|14
|
|t:|1655616251
|move|p1a: Magnezone|Iron Defense|p1a: Magnezone
|-boost|p1a: Magnezone|def|2
|move|p2a: Hippowdon|Curse|p2a: Hippowdon
|-unboost|p2a: Hippowdon|spe|1
|-boost|p2a: Hippowdon|atk|1
|-boost|p2a: Hippowdon|def|1
|
|-weather|Sandstorm|[upkeep]
|upkeep
|turn|15
|j|%Mimikyu Stardust
|
|t:|1655616262
|move|p1a: Magnezone|Body Press|p2a: Hippowdon
|-damage|p2a: Hippowdon|65/100
|move|p2a: Hippowdon|Slack Off|p2a: Hippowdon
|-heal|p2a: Hippowdon|100/100
|
|-weather|Sandstorm|[upkeep]
|upkeep
|turn|16
|
|t:|1655616269
|move|p1a: Magnezone|Body Press|p2a: Hippowdon
|-damage|p2a: Hippowdon|63/100
|move|p2a: Hippowdon|Curse|p2a: Hippowdon
|-unboost|p2a: Hippowdon|spe|1
|-boost|p2a: Hippowdon|atk|1
|-boost|p2a: Hippowdon|def|1
|
|-weather|Sandstorm|[upkeep]
|upkeep
|turn|17
|
|t:|1655616277
|move|p1a: Magnezone|Body Press|p2a: Hippowdon
|-damage|p2a: Hippowdon|30/100
|move|p2a: Hippowdon|Slack Off|p2a: Hippowdon
|-heal|p2a: Hippowdon|80/100
|
|-weather|Sandstorm|[upkeep]
|-end|p1a: Magnezone|Magnet Rise
|upkeep
|turn|18
|
|t:|1655616285
|move|p1a: Magnezone|Magnet Rise|p1a: Magnezone
|-start|p1a: Magnezone|Magnet Rise
|move|p2a: Hippowdon|Curse|p2a: Hippowdon
|-unboost|p2a: Hippowdon|spe|1
|-boost|p2a: Hippowdon|atk|1
|-boost|p2a: Hippowdon|def|1
|
|-weather|Sandstorm|[upkeep]
|upkeep
|turn|19
|
|t:|1655616306
|move|p1a: Magnezone|Body Press|p2a: Hippowdon
|-damage|p2a: Hippowdon|56/100
|move|p2a: Hippowdon|Slack Off|p2a: Hippowdon
|-heal|p2a: Hippowdon|100/100
|
|-weather|none
|upkeep
|turn|20
|
|t:|1655616317
|move|p1a: Magnezone|Body Press|p2a: Hippowdon
|-damage|p2a: Hippowdon|73/100
|move|p2a: Hippowdon|Curse|p2a: Hippowdon
|-unboost|p2a: Hippowdon|spe|1
|-boost|p2a: Hippowdon|atk|1
|-boost|p2a: Hippowdon|def|1
|
|upkeep
|turn|21
|
|t:|1655616331
|move|p1a: Magnezone|Body Press|p2a: Hippowdon
|-damage|p2a: Hippowdon|53/100
|move|p2a: Hippowdon|Earthquake|p1a: Magnezone
|-immune|p1a: Magnezone
|
|upkeep
|turn|22
|
|t:|1655616337
|move|p1a: Magnezone|Body Press|p2a: Hippowdon
|-damage|p2a: Hippowdon|32/100
|move|p2a: Hippowdon|Slack Off|p2a: Hippowdon
|-heal|p2a: Hippowdon|82/100
|
|-end|p1a: Magnezone|Magnet Rise
|upkeep
|turn|23
|
|t:|1655616345
|move|p1a: Magnezone|Magnet Rise|p1a: Magnezone
|-start|p1a: Magnezone|Magnet Rise
|move|p2a: Hippowdon|Curse|p2a: Hippowdon
|-unboost|p2a: Hippowdon|spe|1
|-boost|p2a: Hippowdon|atk|1
|-boost|p2a: Hippowdon|def|1
|
|upkeep
|turn|24
|j| DJDQ萌新
|
|t:|1655616373
|move|p1a: Magnezone|Body Press|p2a: Hippowdon
|-damage|p2a: Hippowdon|62/100
|move|p2a: Hippowdon|Slack Off|p2a: Hippowdon
|-heal|p2a: Hippowdon|100/100
|
|upkeep
|turn|25
|inactive|HanumanBhakt has 120 seconds left.
|
|t:|1655616402
|move|p1a: Magnezone|Body Press|p2a: Hippowdon
|-damage|p2a: Hippowdon|81/100
|move|p2a: Hippowdon|Earthquake|p1a: Magnezone
|-immune|p1a: Magnezone
|
|upkeep
|turn|26
|
|t:|1655616409
|move|p1a: Magnezone|Body Press|p2a: Hippowdon
|-damage|p2a: Hippowdon|63/100
|move|p2a: Hippowdon|Earthquake|p1a: Magnezone
|-immune|p1a: Magnezone
|
|upkeep
|turn|27
|inactive|HanumanBhakt has 120 seconds left.
|
|t:|1655616419
|move|p1a: Magnezone|Body Press|p2a: Hippowdon
|-damage|p2a: Hippowdon|44/100
|move|p2a: Hippowdon|Earthquake|p1a: Magnezone
|-immune|p1a: Magnezone
|
|-end|p1a: Magnezone|Magnet Rise
|upkeep
|turn|28
|
|t:|1655616426
|move|p1a: Magnezone|Magnet Rise|p1a: Magnezone
|-start|p1a: Magnezone|Magnet Rise
|move|p2a: Hippowdon|Slack Off|p2a: Hippowdon
|-heal|p2a: Hippowdon|94/100
|
|upkeep
|turn|29
|
|t:|1655616449
|move|p1a: Magnezone|Body Press|p2a: Hippowdon
|-crit|p2a: Hippowdon
|-damage|p2a: Hippowdon|0 fnt
|faint|p2a: Hippowdon
|
|upkeep
|c| m comics am|curse hippo
|c| m comics am|huh
|c|☆HanumanBhakt|wtf/
|
|t:|1655616457
|switch|p2a: Cinderace|Cinderace, M|100/100
|turn|30
|
|t:|1655616462
|move|p2a: Cinderace|Pyro Ball|p1a: Magnezone
|-supereffective|p1a: Magnezone
|-damage|p1a: Magnezone|14/100
|-damage|p2a: Cinderace|91/100|[from] item: Life Orb
|move|p1a: Magnezone|Body Press|p2a: Cinderace
|-damage|p2a: Cinderace|0 fnt
|faint|p2a: Cinderace
|
|upkeep
|
|t:|1655616470
|switch|p2a: Kyurem|Kyurem-Black|100/100
|-ability|p2a: Kyurem|Teravolt
|turn|31
|
|t:|1655616477
|move|p2a: Kyurem|Fusion Bolt|p1a: Magnezone
|-resisted|p1a: Magnezone
|-damage|p1a: Magnezone|10/100
|move|p1a: Magnezone|Body Press|p2a: Kyurem
|-supereffective|p2a: Kyurem
|-damage|p2a: Kyurem|0 fnt
|faint|p2a: Kyurem
|
|upkeep
|-message|HanumanBhakt forfeited.
|
|win|return nirvana
|n|☆return nirvana|returnnirvana
|n|☆HanumanBhakt|hanumanbhakt
|n| m comics am|mcomicsam
|n| Trailblazer324|trailblazer324
|n| Mimikyu Stardust|mimikyustardust
|n| DJDQ萌新|djdq
|l|☆HanumanBhakt
