|j|☆Gotmyvanson
|j|☆Zicofool
|t:|1656753696
|gametype|singles
|player|p1|Gotmyvanson|ghetsis|1427
|player|p2|Zicofool|iris-gen5bw2|1454
|teamsize|p1|6
|teamsize|p2|6
|gen|8
|tier|[Gen 8] OU
|rated|
|rule|Sleep Clause Mod: Limit one foe put to sleep
|rule|Species Clause: Limit one of each Pokémon
|rule|OHKO Clause: OHKO moves are banned
|rule|Evasion Moves Clause: Evasion moves are banned
|rule|Endless Battle Clause: Forcing endless battles is banned
|rule|HP Percentage Mod: HP is shown in percentages
|rule|Dynamax Clause: You cannot dynamax
|clearpoke
|poke|p1|Regieleki|
|poke|p1|Nidoking, M|
|poke|p1|Urshifu-*, F|
|poke|p1|Buzzwole|
|poke|p1|Blissey, F|
|poke|p1|Slowbro, F|
|poke|p2|Volcanion|
|poke|p2|Cresselia, F|
|poke|p2|Rhyperior, M|
|poke|p2|Tornadus-Therian, M|
|poke|p2|Melmetal|
|poke|p2|Hatterene, F|
|teampreview
|
|t:|1656753706
|start
|switch|p1a: Nidoking|Nidoking, M, shiny|100/100
|switch|p2a: Hatterene|Hatterene, F|100/100
|turn|1
|
|t:|1656753710
|move|p1a: Nidoking|Sludge Wave|p2a: Hatterene
|-supereffective|p2a: Hatterene
|-damage|p2a: Hatterene|0 fnt
|faint|p2a: Hatterene
|
|upkeep
|
|t:|1656753714
|switch|p2a: Rhyperior|Rhyperior, M|100/100
|turn|2
|
|t:|1656753748
|switch|p1a: Buzzwole|Buzzwole|100/100
|switch|p2a: Cresselia|Cresselia, F|100/100
|
|upkeep
|turn|3
|
|t:|1656753766
|switch|p2a: Tornadus|Tornadus-Therian, M|100/100
|move|p1a: Buzzwole|Toxic|p2a: Tornadus
|-status|p2a: Tornadus|tox
|
|-damage|p2a: Tornadus|94/100 tox|[from] psn
|upkeep
|turn|4
|
|t:|1656753771
|switch|p1a: Blissey|Blissey, F|100/100
|move|p2a: Tornadus|Knock Off|p1a: Blissey
|-damage|p1a: Blissey|82/100
|-enditem|p1a: Blissey|Heavy-Duty Boots|[from] move: Knock Off|[of] p2a: Tornadus
|
|-damage|p2a: Tornadus|82/100 tox|[from] psn
|upkeep
|turn|5
|
|t:|1656753773
|move|p2a: Tornadus|U-turn|p1a: Blissey
|-damage|p1a: Blissey|68/100
|
|t:|1656753778
|switch|p2a: Melmetal|Melmetal|100/100|[from]move: U-turn
|move|p1a: Blissey|Stealth Rock|p2a: Melmetal
|-sidestart|p2: Zicofool|move: Stealth Rock
|
|upkeep
|turn|6
|
|t:|1656753786
|switch|p1a: Buzzwole|Buzzwole|100/100
|move|p2a: Melmetal|Thunder Punch|p1a: Buzzwole
|-damage|p1a: Buzzwole|81/100
|-damage|p2a: Melmetal|84/100|[from] item: Rocky Helmet|[of] p1a: Buzzwole
|
|-heal|p2a: Melmetal|90/100|[from] item: Leftovers
|upkeep
|turn|7
|
|t:|1656753791
|switch|p2a: Tornadus|Tornadus-Therian, M|100/100 tox
|move|p1a: Buzzwole|Toxic|p2a: Tornadus|[miss]
|-miss|p1a: Buzzwole|p2a: Tornadus
|
|-damage|p2a: Tornadus|94/100 tox|[from] psn
|upkeep
|turn|8
|
|t:|1656753799
|switch|p1a: Regieleki|Regieleki|100/100
|move|p2a: Tornadus|Defog|p1a: Regieleki
|-unboost|p1a: Regieleki|evasion|1
|-sideend|p2: Zicofool|Stealth Rock|[from] move: Defog|[of] p2a: Tornadus
|
|-damage|p2a: Tornadus|82/100 tox|[from] psn
|upkeep
|turn|9
|
|t:|1656753805
|switch|p1a: Nidoking|Nidoking, M, shiny|100/100
|switch|p2a: Rhyperior|Rhyperior, M|100/100
|
|upkeep
|turn|10
|
|t:|1656753810
|move|p1a: Nidoking|Ice Beam|p2a: Rhyperior
|-supereffective|p2a: Rhyperior
|-damage|p2a: Rhyperior|24/100
|move|p2a: Rhyperior|Earthquake|p1a: Nidoking
|-supereffective|p1a: Nidoking
|-damage|p1a: Nidoking|0 fnt
|faint|p1a: Nidoking
|
|-heal|p2a: Rhyperior|31/100|[from] item: Leftovers
|upkeep
|
|t:|1656753818
|switch|p1a: Urshifu|Urshifu-Rapid-Strike, F|100/100
|turn|11
|
|t:|1656753821
|switch|p2a: Volcanion|Volcanion|100/100
|move|p1a: Urshifu|U-turn|p2a: Volcanion
|-resisted|p2a: Volcanion
|-damage|p2a: Volcanion|87/100
|
|t:|1656753827
|switch|p1a: Blissey|Blissey, F|68/100|[from]move: U-turn
|
|upkeep
|turn|12
|
|t:|1656753830
|switch|p2a: Melmetal|Melmetal|90/100
|move|p1a: Blissey|Stealth Rock|p2a: Melmetal
|-sidestart|p2: Zicofool|move: Stealth Rock
|
|-heal|p2a: Melmetal|96/100|[from] item: Leftovers
|upkeep
|turn|13
|
|t:|1656753833
|switch|p1a: Buzzwole|Buzzwole|81/100
|move|p2a: Melmetal|Double Iron Bash|p1a: Buzzwole
|-damage|p1a: Buzzwole|60/100
|-damage|p2a: Melmetal|79/100|[from] item: Rocky Helmet|[of] p1a: Buzzwole
|-damage|p1a: Buzzwole|36/100
|-damage|p2a: Melmetal|63/100|[from] item: Rocky Helmet|[of] p1a: Buzzwole
|-hitcount|p1a: Buzzwole|2
|
|-heal|p2a: Melmetal|69/100|[from] item: Leftovers
|upkeep
|turn|14
|
|t:|1656753836
|move|p1a: Buzzwole|Drain Punch|p2a: Melmetal
|-supereffective|p2a: Melmetal
|-damage|p2a: Melmetal|25/100
|-heal|p1a: Buzzwole|61/100|[from] drain|[of] p2a: Melmetal
|move|p2a: Melmetal|Double Iron Bash|p1a: Buzzwole
|-damage|p1a: Buzzwole|39/100
|-damage|p2a: Melmetal|9/100|[from] item: Rocky Helmet|[of] p1a: Buzzwole
|-damage|p1a: Buzzwole|14/100
|-damage|p2a: Melmetal|0 fnt|[from] item: Rocky Helmet|[of] p1a: Buzzwole
|faint|p2a: Melmetal
|-hitcount|p1a: Buzzwole|2
|
|upkeep
|
|t:|1656753842
|switch|p2a: Tornadus|Tornadus-Therian, M|100/100 tox
|turn|15
|
|t:|1656753849
|move|p2a: Tornadus|Defog|p1a: Buzzwole
|-unboost|p1a: Buzzwole|evasion|1
|-sideend|p2: Zicofool|Stealth Rock|[from] move: Defog|[of] p2a: Tornadus
|move|p1a: Buzzwole|Thunder Punch|p2a: Tornadus
|-supereffective|p2a: Tornadus
|-damage|p2a: Tornadus|39/100 tox
|
|-damage|p2a: Tornadus|33/100 tox|[from] psn
|upkeep
|turn|16
|
|t:|1656753858
|switch|p1a: Regieleki|Regieleki|100/100
|move|p2a: Tornadus|Hurricane|p1a: Regieleki
|-resisted|p1a: Regieleki
|-damage|p1a: Regieleki|59/100
|-start|p1a: Regieleki|confusion
|
|-damage|p2a: Tornadus|21/100 tox|[from] psn
|upkeep
|turn|17
|
|t:|1656753864
|switch|p1a: Urshifu|Urshifu-Rapid-Strike, F|100/100
|switch|p2a: Rhyperior|Rhyperior, M|31/100
|
|-heal|p2a: Rhyperior|37/100|[from] item: Leftovers
|upkeep
|turn|18
|
|t:|1656753868
|switch|p2a: Volcanion|Volcanion|87/100
|move|p1a: Urshifu|U-turn|p2a: Volcanion
|-resisted|p2a: Volcanion
|-damage|p2a: Volcanion|73/100
|
|t:|1656753876
|switch|p1a: Blissey|Blissey, F|68/100|[from]move: U-turn
|
|upkeep
|turn|19
|
|t:|1656753879
|move|p2a: Volcanion|Steam Eruption|p1a: Blissey
|-damage|p1a: Blissey|33/100
|move|p1a: Blissey|Soft-Boiled|p1a: Blissey
|-heal|p1a: Blissey|83/100
|
|upkeep
|turn|20
|
|t:|1656753885
|switch|p2a: Tornadus|Tornadus-Therian, M|54/100 tox
|move|p1a: Blissey|Stealth Rock|p2a: Tornadus
|-sidestart|p2: Zicofool|move: Stealth Rock
|
|-damage|p2a: Tornadus|48/100 tox|[from] psn
|upkeep
|turn|21
|
|t:|1656753893
|move|p2a: Tornadus|Defog|p1a: Blissey
|-unboost|p1a: Blissey|evasion|1
|-sideend|p2: Zicofool|Stealth Rock|[from] move: Defog|[of] p2a: Tornadus
|move|p1a: Blissey|Teleport|p1a: Blissey
|
|t:|1656753896
|switch|p1a: Urshifu|Urshifu-Rapid-Strike, F|100/100|[from]move: Teleport
|
|-damage|p2a: Tornadus|36/100 tox|[from] psn
|upkeep
|turn|22
|
|t:|1656753900
|switch|p1a: Blissey|Blissey, F|83/100
|move|p2a: Tornadus|Hurricane|p1a: Blissey
|-damage|p1a: Blissey|67/100
|
|-damage|p2a: Tornadus|18/100 tox|[from] psn
|upkeep
|turn|23
|
|t:|1656753903
|move|p2a: Tornadus|U-turn|p1a: Blissey
|-damage|p1a: Blissey|54/100
|
|t:|1656753906
|switch|p2a: Rhyperior|Rhyperior, M|37/100|[from]move: U-turn
|move|p1a: Blissey|Teleport|p1a: Blissey
|
|t:|1656753911
|switch|p1a: Urshifu|Urshifu-Rapid-Strike, F|100/100|[from]move: Teleport
|
|-heal|p2a: Rhyperior|43/100|[from] item: Leftovers
|upkeep
|turn|24
|
|t:|1656753914
|switch|p2a: Cresselia|Cresselia, F|100/100
|move|p1a: Urshifu|Close Combat|p2a: Cresselia
|-resisted|p2a: Cresselia
|-damage|p2a: Cresselia|72/100
|-unboost|p1a: Urshifu|def|1
|-unboost|p1a: Urshifu|spd|1
|
|-heal|p2a: Cresselia|78/100|[from] item: Leftovers
|upkeep
|turn|25
|
|t:|1656753920
|switch|p1a: Blissey|Blissey, F|54/100
|move|p2a: Cresselia|Toxic|p1a: Blissey
|-status|p1a: Blissey|tox
|
|-heal|p2a: Cresselia|84/100|[from] item: Leftovers
|-damage|p1a: Blissey|48/100 tox|[from] psn
|upkeep
|turn|26
|
|t:|1656753924
|switch|p2a: Tornadus|Tornadus-Therian, M|51/100 tox
|move|p1a: Blissey|Soft-Boiled|p1a: Blissey
|-heal|p1a: Blissey|98/100 tox
|
|-damage|p2a: Tornadus|45/100 tox|[from] psn
|-damage|p1a: Blissey|86/100 tox|[from] psn
|upkeep
|turn|27
|
|t:|1656753927
|move|p2a: Tornadus|U-turn|p1a: Blissey
|-damage|p1a: Blissey|70/100 tox
|
|t:|1656753930
|switch|p2a: Cresselia|Cresselia, F|84/100|[from]move: U-turn
|move|p1a: Blissey|Teleport|p1a: Blissey
|
|t:|1656753939
|-curestatus|p1a: Blissey|tox|[from] ability: Natural Cure
|switch|p1a: Urshifu|Urshifu-Rapid-Strike, F|100/100|[from]move: Teleport
|
|-heal|p2a: Cresselia|90/100|[from] item: Leftovers
|upkeep
|turn|28
|
|t:|1656753943
|move|p1a: Urshifu|U-turn|p2a: Cresselia
|-supereffective|p2a: Cresselia
|-damage|p2a: Cresselia|43/100
|
|t:|1656753946
|switch|p1a: Blissey|Blissey, F|70/100|[from]move: U-turn
|move|p2a: Cresselia|Psychic|p1a: Blissey
|-damage|p1a: Blissey|61/100
|-unboost|p1a: Blissey|spd|1
|
|-heal|p2a: Cresselia|49/100|[from] item: Leftovers
|upkeep
|turn|29
|
|t:|1656753949
|move|p2a: Cresselia|Moonlight|p2a: Cresselia
|-heal|p2a: Cresselia|99/100
|move|p1a: Blissey|Teleport|p1a: Blissey
|
|t:|1656753951
|switch|p1a: Urshifu|Urshifu-Rapid-Strike, F|100/100|[from]move: Teleport
|
|-heal|p2a: Cresselia|100/100|[from] item: Leftovers
|upkeep
|turn|30
|
|t:|1656753954
|move|p1a: Urshifu|U-turn|p2a: Cresselia
|-supereffective|p2a: Cresselia
|-damage|p2a: Cresselia|52/100
|
|t:|1656753956
|switch|p1a: Blissey|Blissey, F|61/100|[from]move: U-turn
|move|p2a: Cresselia|Toxic|p1a: Blissey
|-status|p1a: Blissey|tox
|
|-heal|p2a: Cresselia|58/100|[from] item: Leftovers
|-damage|p1a: Blissey|55/100 tox|[from] psn
|upkeep
|turn|31
|
|t:|1656753960
|move|p2a: Cresselia|Psychic|p1a: Blissey
|-damage|p1a: Blissey|46/100 tox
|move|p1a: Blissey|Toxic|p2a: Cresselia
|-status|p2a: Cresselia|tox
|
|-heal|p2a: Cresselia|64/100 tox|[from] item: Leftovers
|-damage|p2a: Cresselia|58/100 tox|[from] psn
|-damage|p1a: Blissey|33/100 tox|[from] psn
|upkeep
|turn|32
|
|t:|1656753966
|move|p2a: Cresselia|Moonlight|p2a: Cresselia
|-heal|p2a: Cresselia|100/100 tox
|move|p1a: Blissey|Soft-Boiled|p1a: Blissey
|-heal|p1a: Blissey|83/100 tox
|
|-damage|p2a: Cresselia|88/100 tox|[from] psn
|-damage|p1a: Blissey|65/100 tox|[from] psn
|upkeep
|turn|33
|
|t:|1656753976
|switch|p2a: Volcanion|Volcanion|73/100
|move|p1a: Blissey|Teleport|p1a: Blissey
|
|t:|1656753979
|-curestatus|p1a: Blissey|tox|[from] ability: Natural Cure
|switch|p1a: Regieleki|Regieleki|59/100|[from]move: Teleport
|
|upkeep
|turn|34
|
|t:|1656753987
|switch|p2a: Rhyperior|Rhyperior, M|43/100
|move|p1a: Regieleki|Volt Switch|p2a: Rhyperior
|-immune|p2a: Rhyperior
|
|-heal|p2a: Rhyperior|49/100|[from] item: Leftovers
|upkeep
|turn|35
|
|t:|1656753997
|switch|p1a: Slowbro|Slowbro, F, shiny|100/100
|move|p2a: Rhyperior|Toxic|p1a: Slowbro
|-status|p1a: Slowbro|tox
|
|-heal|p2a: Rhyperior|56/100|[from] item: Leftovers
|-damage|p1a: Slowbro|94/100 tox|[from] psn
|upkeep
|turn|36
|
|t:|1656754000
|switch|p2a: Cresselia|Cresselia, F|88/100 tox
|move|p1a: Slowbro|Future Sight|p2a: Cresselia
|-start|p1a: Slowbro|move: Future Sight
|
|-heal|p2a: Cresselia|94/100 tox|[from] item: Leftovers
|-damage|p2a: Cresselia|88/100 tox|[from] psn
|-damage|p1a: Slowbro|82/100 tox|[from] psn
|upkeep
|turn|37
|
|t:|1656754004
|switch|p2a: Tornadus|Tornadus-Therian, M|78/100 tox
|move|p1a: Slowbro|Teleport|p1a: Slowbro
|
|t:|1656754013
|switch|p1a: Blissey|Blissey, F|65/100|[from]move: Teleport
|
|-damage|p2a: Tornadus|72/100 tox|[from] psn
|upkeep
|turn|38
|
|t:|1656754016
|switch|p2a: Cresselia|Cresselia, F|88/100 tox
|move|p1a: Blissey|Stealth Rock|p2a: Cresselia
|-sidestart|p2: Zicofool|move: Stealth Rock
|
|-end|p2a: Cresselia|move: Future Sight
|-resisted|p2a: Cresselia
|-damage|p2a: Cresselia|78/100 tox
|-heal|p2a: Cresselia|84/100 tox|[from] item: Leftovers
|-damage|p2a: Cresselia|78/100 tox|[from] psn
|upkeep
|turn|39
|
|t:|1656754020
|switch|p2a: Tornadus|Tornadus-Therian, M|100/100 tox
|move|p1a: Blissey|Teleport|p1a: Blissey
|
|t:|1656754023
|switch|p1a: Regieleki|Regieleki|59/100|[from]move: Teleport
|
|-damage|p2a: Tornadus|94/100 tox|[from] psn
|upkeep
|turn|40
|
|t:|1656754028
|switch|p1a: Slowbro|Slowbro, F, shiny|100/100 tox
|move|p2a: Tornadus|Defog|p1a: Slowbro
|-unboost|p1a: Slowbro|evasion|1
|-sideend|p2: Zicofool|Stealth Rock|[from] move: Defog|[of] p2a: Tornadus
|
|-damage|p2a: Tornadus|82/100 tox|[from] psn
|-damage|p1a: Slowbro|94/100 tox|[from] psn
|upkeep
|turn|41
|
|t:|1656754031
|move|p2a: Tornadus|Knock Off|p1a: Slowbro
|-supereffective|p1a: Slowbro
|-damage|p1a: Slowbro|68/100 tox
|-enditem|p1a: Slowbro|Heavy-Duty Boots|[from] move: Knock Off|[of] p2a: Tornadus
|move|p1a: Slowbro|Scald|p2a: Tornadus
|-damage|p2a: Tornadus|54/100 tox
|
|-damage|p2a: Tornadus|36/100 tox|[from] psn
|-damage|p1a: Slowbro|56/100 tox|[from] psn
|upkeep
|turn|42
|
|t:|1656754037
|move|p2a: Tornadus|U-turn|p1a: Slowbro
|-supereffective|p1a: Slowbro
|-damage|p1a: Slowbro|37/100 tox
|
|t:|1656754041
|switch|p2a: Volcanion|Volcanion|73/100|[from]move: U-turn
|move|p1a: Slowbro|Future Sight|p2a: Volcanion
|-start|p1a: Slowbro|move: Future Sight
|
|-damage|p1a: Slowbro|18/100 tox|[from] psn
|upkeep
|turn|43
|
|t:|1656754046
|switch|p1a: Blissey|Blissey, F|65/100
|move|p2a: Volcanion|Steam Eruption|p1a: Blissey
|-damage|p1a: Blissey|32/100
|
|upkeep
|turn|44
|
|t:|1656754048
|move|p2a: Volcanion|Steam Eruption|p1a: Blissey
|-damage|p1a: Blissey|0 fnt
|faint|p1a: Blissey
|
|-end|p2a: Volcanion|move: Future Sight
|-damage|p2a: Volcanion|30/100
|upkeep
|
|t:|1656754058
|switch|p1a: Buzzwole|Buzzwole|14/100
|turn|45
|
|t:|1656754067
|switch|p2a: Tornadus|Tornadus-Therian, M|69/100 tox
|move|p1a: Buzzwole|Drain Punch|p2a: Tornadus
|-resisted|p2a: Tornadus
|-damage|p2a: Tornadus|46/100 tox
|-heal|p1a: Buzzwole|24/100|[from] drain|[of] p2a: Tornadus
|
|-damage|p2a: Tornadus|39/100 tox|[from] psn
|upkeep
|turn|46
|
|t:|1656754073
|move|p2a: Tornadus|U-turn|p1a: Buzzwole
|-resisted|p1a: Buzzwole
|-damage|p1a: Buzzwole|19/100
|-damage|p2a: Tornadus|23/100 tox|[from] item: Rocky Helmet|[of] p1a: Buzzwole
|
|t:|1656754075
|switch|p2a: Cresselia|Cresselia, F|78/100 tox|[from]move: U-turn
|move|p1a: Buzzwole|Thunder Punch|p2a: Cresselia
|-damage|p2a: Cresselia|62/100 tox
|
|-heal|p2a: Cresselia|68/100 tox|[from] item: Leftovers
|-damage|p2a: Cresselia|62/100 tox|[from] psn
|upkeep
|turn|47
|
|t:|1656754082
|switch|p1a: Slowbro|Slowbro, F, shiny|52/100 tox
|move|p2a: Cresselia|Psychic|p1a: Slowbro
|-resisted|p1a: Slowbro
|-damage|p1a: Slowbro|38/100 tox
|
|-heal|p2a: Cresselia|68/100 tox|[from] item: Leftovers
|-damage|p2a: Cresselia|56/100 tox|[from] psn
|-damage|p1a: Slowbro|32/100 tox|[from] psn
|upkeep
|turn|48
|
|t:|1656754086
|move|p2a: Cresselia|Moonlight|p2a: Cresselia
|-heal|p2a: Cresselia|100/100 tox
|move|p1a: Slowbro|Teleport|p1a: Slowbro
|
|t:|1656754089
|switch|p1a: Urshifu|Urshifu-Rapid-Strike, F|100/100|[from]move: Teleport
|
|-damage|p2a: Cresselia|82/100 tox|[from] psn
|upkeep
|turn|49
|
|t:|1656754095
|switch|p2a: Tornadus|Tornadus-Therian, M|56/100 tox
|move|p1a: Urshifu|U-turn|p2a: Tornadus
|-resisted|p2a: Tornadus
|-damage|p2a: Tornadus|31/100 tox
|
|t:|1656754098
|switch|p1a: Regieleki|Regieleki|59/100|[from]move: U-turn
|
|-damage|p2a: Tornadus|25/100 tox|[from] psn
|upkeep
|turn|50
|
|t:|1656754100
|switch|p2a: Rhyperior|Rhyperior, M|56/100
|move|p1a: Regieleki|Volt Switch|p2a: Rhyperior
|-immune|p2a: Rhyperior
|
|-heal|p2a: Rhyperior|62/100|[from] item: Leftovers
|upkeep
|turn|51
|
|t:|1656754107
|switch|p1a: Slowbro|Slowbro, F, shiny|65/100 tox
|move|p2a: Rhyperior|Earthquake|p1a: Slowbro
|-damage|p1a: Slowbro|31/100 tox
|
|-heal|p2a: Rhyperior|68/100|[from] item: Leftovers
|-damage|p1a: Slowbro|25/100 tox|[from] psn
|upkeep
|turn|52
|
|t:|1656754113
|switch|p1a: Buzzwole|Buzzwole|19/100
|move|p2a: Rhyperior|Earthquake|p1a: Buzzwole
|-resisted|p1a: Buzzwole
|-damage|p1a: Buzzwole|2/100
|
|-heal|p2a: Rhyperior|74/100|[from] item: Leftovers
|upkeep
|turn|53
|
|t:|1656754120
|switch|p2a: Tornadus|Tornadus-Therian, M|59/100 tox
|move|p1a: Buzzwole|Drain Punch|p2a: Tornadus
|-resisted|p2a: Tornadus
|-damage|p2a: Tornadus|34/100 tox
|-heal|p1a: Buzzwole|13/100|[from] drain|[of] p2a: Tornadus
|
|-damage|p2a: Tornadus|28/100 tox|[from] psn
|upkeep
|turn|54
|
|t:|1656754128
|switch|p1a: Regieleki|Regieleki|59/100
|move|p2a: Tornadus|Hurricane|p1a: Regieleki|[miss]
|-miss|p2a: Tornadus|p1a: Regieleki
|
|-damage|p2a: Tornadus|16/100 tox|[from] psn
|upkeep
|turn|55
|
|t:|1656754135
|move|p1a: Regieleki|Rapid Spin|p2a: Tornadus
|-damage|p2a: Tornadus|2/100 tox
|-boost|p1a: Regieleki|spe|1
|move|p2a: Tornadus|U-turn|p1a: Regieleki
|-damage|p1a: Regieleki|29/100
|
|t:|1656754140
|switch|p2a: Rhyperior|Rhyperior, M|74/100|[from]move: U-turn
|
|-heal|p2a: Rhyperior|80/100|[from] item: Leftovers
|upkeep
|turn|56
|
|t:|1656754144
|switch|p1a: Slowbro|Slowbro, F, shiny|58/100 tox
|move|p2a: Rhyperior|Earthquake|p1a: Slowbro
|-damage|p1a: Slowbro|23/100 tox
|
|-heal|p2a: Rhyperior|87/100|[from] item: Leftovers
|-damage|p1a: Slowbro|17/100 tox|[from] psn
|upkeep
|turn|57
|
|t:|1656754147
|switch|p1a: Buzzwole|Buzzwole|13/100
|move|p2a: Rhyperior|Earthquake|p1a: Buzzwole
|-resisted|p1a: Buzzwole
|-damage|p1a: Buzzwole|0 fnt
|faint|p1a: Buzzwole
|
|-heal|p2a: Rhyperior|93/100|[from] item: Leftovers
|upkeep
|
|t:|1656754149
|switch|p1a: Urshifu|Urshifu-Rapid-Strike, F|100/100
|turn|58
|
|t:|1656754173
|switch|p2a: Volcanion|Volcanion|30/100
|move|p1a: Urshifu|U-turn|p2a: Volcanion
|-resisted|p2a: Volcanion
|-damage|p2a: Volcanion|16/100
|
|t:|1656754175
|switch|p1a: Regieleki|Regieleki|29/100|[from]move: U-turn
|
|upkeep
|turn|59
|
|t:|1656754178
|switch|p1a: Urshifu|Urshifu-Rapid-Strike, F|100/100
|switch|p2a: Rhyperior|Rhyperior, M|93/100
|
|-heal|p2a: Rhyperior|99/100|[from] item: Leftovers
|upkeep
|turn|60
|
|t:|1656754183
|switch|p2a: Tornadus|Tornadus-Therian, M|35/100 tox
|move|p1a: Urshifu|Close Combat|p2a: Tornadus
|-resisted|p2a: Tornadus
|-damage|p2a: Tornadus|0 fnt
|-unboost|p1a: Urshifu|def|1
|-unboost|p1a: Urshifu|spd|1
|faint|p2a: Tornadus
|
|upkeep
|
|t:|1656754190
|switch|p2a: Cresselia|Cresselia, F|82/100 tox
|turn|61
|
|t:|1656754202
|switch|p1a: Regieleki|Regieleki|29/100
|move|p2a: Cresselia|Psychic|p1a: Regieleki
|-damage|p1a: Regieleki|0 fnt
|faint|p1a: Regieleki
|
|-heal|p2a: Cresselia|88/100 tox|[from] item: Leftovers
|-damage|p2a: Cresselia|82/100 tox|[from] psn
|upkeep
|
|t:|1656754205
|switch|p1a: Slowbro|Slowbro, F, shiny|50/100 tox
|turn|62
|
|t:|1656754210
|switch|p2a: Rhyperior|Rhyperior, M|99/100
|move|p1a: Slowbro|Slack Off|p1a: Slowbro
|-heal|p1a: Slowbro|100/100 tox
|
|-heal|p2a: Rhyperior|100/100|[from] item: Leftovers
|-damage|p1a: Slowbro|94/100 tox|[from] psn
|upkeep
|turn|63
|
|t:|1656754222
|move|p2a: Rhyperior|Earthquake|p1a: Slowbro
|-damage|p1a: Slowbro|62/100 tox
|move|p1a: Slowbro|Teleport|p1a: Slowbro
|
|t:|1656754224
|switch|p1a: Urshifu|Urshifu-Rapid-Strike, F|100/100|[from]move: Teleport
|
|upkeep
|turn|64
|
|t:|1656754230
|move|p1a: Urshifu|U-turn|p2a: Rhyperior
|-damage|p2a: Rhyperior|76/100
|
|t:|1656754232
|switch|p1a: Slowbro|Slowbro, F, shiny|95/100 tox|[from]move: U-turn
|move|p2a: Rhyperior|Earthquake|p1a: Slowbro
|-damage|p1a: Slowbro|63/100 tox
|
|-heal|p2a: Rhyperior|82/100|[from] item: Leftovers
|-damage|p1a: Slowbro|57/100 tox|[from] psn
|upkeep
|turn|65
|
|t:|1656754242
|move|p2a: Rhyperior|Earthquake|p1a: Slowbro
|-crit|p1a: Slowbro
|-damage|p1a: Slowbro|4/100 tox
|move|p1a: Slowbro|Teleport|p1a: Slowbro
|
|t:|1656754244
|switch|p1a: Urshifu|Urshifu-Rapid-Strike, F|100/100|[from]move: Teleport
|
|-heal|p2a: Rhyperior|88/100|[from] item: Leftovers
|upkeep
|turn|66
|
|t:|1656754247
|move|p1a: Urshifu|Close Combat|p2a: Rhyperior
|-supereffective|p2a: Rhyperior
|-damage|p2a: Rhyperior|0 fnt
|-unboost|p1a: Urshifu|def|1
|-unboost|p1a: Urshifu|spd|1
|faint|p2a: Rhyperior
|
|upkeep
|
|t:|1656754249
|switch|p2a: Cresselia|Cresselia, F|82/100 tox
|turn|67
|
|t:|1656754255
|switch|p1a: Slowbro|Slowbro, F, shiny|37/100 tox
|move|p2a: Cresselia|Lunar Dance|p2a: Cresselia
|faint|p2a: Cresselia
|
|-damage|p1a: Slowbro|31/100 tox|[from] psn
|upkeep
|
|t:|1656754258
|switch|p2a: Volcanion|Volcanion|16/100
|-heal|p2a: Volcanion|100/100|[from] move: Lunar Dance
|turn|68
|
|t:|1656754271
|move|p2a: Volcanion|Steam Eruption|p1a: Slowbro
|-resisted|p1a: Slowbro
|-damage|p1a: Slowbro|0 fnt
|faint|p1a: Slowbro
|
|upkeep
|
|t:|1656754273
|switch|p1a: Urshifu|Urshifu-Rapid-Strike, F|100/100
|turn|69
|
|t:|1656754275
|move|p1a: Urshifu|Close Combat|p2a: Volcanion
|-damage|p2a: Volcanion|20/100
|-unboost|p1a: Urshifu|def|1
|-unboost|p1a: Urshifu|spd|1
|move|p2a: Volcanion|Steam Eruption|p1a: Urshifu
|-resisted|p1a: Urshifu
|-damage|p1a: Urshifu|0 fnt
|faint|p1a: Urshifu
|
|win|Zicofool
|raw|Gotmyvanson's rating: 1427 &rarr; <strong>1409</strong><br />(-18 for losing)
|raw|Zicofool's rating: 1454 &rarr; <strong>1472</strong><br />(+18 for winning)
|c|☆Zicofool|gg
