|j|☆Steezy Does It
|j|☆rigmortus
|t:|1640581670
|gametype|singles
|player|p1|Steezy Does It|lance|1762
|player|p2|rigmortus|dawn|1875
|teamsize|p1|6
|teamsize|p2|6
|gen|8
|tier|[Gen 8] OU
|rated|
|rule|Sleep Clause Mod: Limit one foe put to sleep
|rule|Species Clause: Limit one of each Pokémon
|rule|OHKO Clause: OHKO moves are banned
|rule|Evasion Moves Clause: Evasion moves are banned
|rule|Endless Battle Clause: Forcing endless battles is banned
|rule|HP Percentage Mod: HP is shown in percentages
|rule|Dynamax Clause: You cannot dynamax
|clearpoke
|poke|p1|Dragapult, M|
|poke|p1|Zapdos|
|poke|p1|Swampert, M|
|poke|p1|Kartana|
|poke|p1|Mandibuzz, F|
|poke|p1|Tapu Lele|
|poke|p2|Landorus-Therian, M|
|poke|p2|Heatran, F|
|poke|p2|Ferrothorn, M|
|poke|p2|Clefable, M|
|poke|p2|Blacephalon|
|poke|p2|Weavile, M|
|teampreview
|inactive|Battle timer is ON: inactive players will automatically lose when time's up. (requested by rigmortus)
|j| Batataplays
|j| Galr 3
|j| baronvonumbreon
|j| JessieWessie
|inactive|Steezy Does It has 120 seconds left.
|
|t:|1640581706
|start
|switch|p1a: Toothless|Dragapult, M|100/100
|switch|p2a: Landorus|Landorus-Therian, M|100/100
|-ability|p2a: Landorus|Intimidate|boost
|-unboost|p1a: Toothless|atk|1
|turn|1
|
|t:|1640581712
|switch|p1a: Yzma|Mandibuzz, F|100/100
|move|p2a: Landorus|Earthquake|p1a: Yzma
|-immune|p1a: Yzma
|
|upkeep
|turn|2
|
|t:|1640581720
|switch|p2a: Clefable|Clefable, M|100/100
|move|p1a: Yzma|Toxic|p2a: Clefable|[miss]
|-miss|p1a: Yzma|p2a: Clefable
|
|upkeep
|turn|3
|j| Might Talk After
|j| Water Bender Lady
|
|t:|1640581726
|switch|p1a: Swamp Thing|Swampert, M|100/100
|move|p2a: Clefable|Knock Off|p1a: Swamp Thing
|-damage|p1a: Swamp Thing|86/100
|-enditem|p1a: Swamp Thing|Leftovers|[from] move: Knock Off|[of] p2a: Clefable
|
|upkeep
|turn|4
|
|t:|1640581732
|switch|p2a: Ferrothorn|Ferrothorn, M|100/100
|move|p1a: Swamp Thing|Stealth Rock|p2a: Ferrothorn
|-sidestart|p2: rigmortus|move: Stealth Rock
|
|upkeep
|turn|5
|
|t:|1640581737
|switch|p1a: Bolt|Zapdos|100/100
|move|p2a: Ferrothorn|Spikes|p1a: Bolt
|-sidestart|p1: Steezy Does It|Spikes
|
|upkeep
|turn|6
|
|t:|1640581746
|switch|p1a: Toothless|Dragapult, M|100/100
|move|p2a: Ferrothorn|Leech Seed|p1a: Toothless
|-start|p1a: Toothless|move: Leech Seed
|
|-damage|p1a: Toothless|88/100|[from] Leech Seed|[of] p2a: Ferrothorn
|upkeep
|turn|7
|j| clean cuts
|
|t:|1640581757
|switch|p2a: Clefable|Clefable, M|100/100
|move|p1a: Toothless|U-turn|p2a: Clefable
|-resisted|p2a: Clefable
|-damage|p2a: Clefable|93/100
|-damage|p1a: Toothless|72/100|[from] item: Rocky Helmet|[of] p2a: Clefable
|
|t:|1640581761
|switch|p1a: Vision|Tapu Lele|100/100|[from]move: U-turn
|-fieldstart|move: Psychic Terrain|[from] ability: Psychic Surge|[of] p1a: Vision
|
|upkeep
|turn|8
|
|t:|1640581766
|move|p1a: Vision|Future Sight|p2a: Clefable
|-start|p1a: Vision|move: Future Sight
|move|p2a: Clefable|Knock Off|p1a: Vision
|-damage|p1a: Vision|78/100
|-enditem|p1a: Vision|Heavy-Duty Boots|[from] move: Knock Off|[of] p2a: Clefable
|
|upkeep
|turn|9
|
|t:|1640581772
|move|p1a: Vision|Psyshock|p2a: Clefable
|-damage|p2a: Clefable|51/100
|move|p2a: Clefable|Moonblast|p1a: Vision
|-damage|p1a: Vision|45/100
|
|upkeep
|turn|10
|
|t:|1640581782
|switch|p2a: Ferrothorn|Ferrothorn, M|100/100
|-damage|p2a: Ferrothorn|94/100|[from] Stealth Rock
|move|p1a: Vision|Focus Blast|p2a: Ferrothorn
|-supereffective|p2a: Ferrothorn
|-damage|p2a: Ferrothorn|29/100
|
|-end|p2a: Ferrothorn|move: Future Sight
|-resisted|p2a: Ferrothorn
|-damage|p2a: Ferrothorn|0 fnt
|faint|p2a: Ferrothorn
|upkeep
|
|t:|1640581785
|switch|p2a: Blacephalon|Blacephalon|100/100
|-damage|p2a: Blacephalon|76/100|[from] Stealth Rock
|turn|11
|j| darkrows
|
|t:|1640581792
|switch|p1a: Yzma|Mandibuzz, F|100/100
|move|p2a: Blacephalon|Flamethrower|p1a: Yzma
|-damage|p1a: Yzma|63/100
|
|-fieldend|move: Psychic Terrain
|upkeep
|turn|12
|
|t:|1640581800
|switch|p2a: Clefable|Clefable, M|51/100
|move|p1a: Yzma|Roost|p1a: Yzma
|-heal|p1a: Yzma|100/100
|-singleturn|p1a: Yzma|move: Roost
|
|upkeep
|turn|13
|
|t:|1640581802
|move|p1a: Yzma|Defog|p2a: Clefable
|-unboost|p2a: Clefable|evasion|1
|-sideend|p2: rigmortus|Stealth Rock|[from] move: Defog|[of] p1a: Yzma
|-sideend|p1: Steezy Does It|Spikes|[from] move: Defog|[of] p1a: Yzma
|move|p2a: Clefable|Soft-Boiled|p2a: Clefable
|-heal|p2a: Clefable|100/100
|
|upkeep
|turn|14
|
|t:|1640581806
|switch|p1a: Swamp Thing|Swampert, M|86/100
|move|p2a: Clefable|Moonblast|p1a: Swamp Thing
|-damage|p1a: Swamp Thing|66/100
|
|upkeep
|turn|15
|
|t:|1640581811
|move|p2a: Clefable|Moonblast|p1a: Swamp Thing
|-damage|p1a: Swamp Thing|46/100
|move|p1a: Swamp Thing|Stealth Rock|p2a: Clefable
|-sidestart|p2: rigmortus|move: Stealth Rock
|
|upkeep
|turn|16
|
|t:|1640581817
|move|p2a: Clefable|Moonblast|p1a: Swamp Thing
|-damage|p1a: Swamp Thing|26/100
|-unboost|p1a: Swamp Thing|spa|1
|move|p1a: Swamp Thing|Flip Turn|p2a: Clefable
|-damage|p2a: Clefable|85/100
|-damage|p1a: Swamp Thing|9/100|[from] item: Rocky Helmet|[of] p2a: Clefable
|
|t:|1640581820
|switch|p1a: Dragon|Kartana|100/100|[from]move: Flip Turn
|
|upkeep
|turn|17
|
|t:|1640581827
|move|p1a: Dragon|Swords Dance|p1a: Dragon
|-boost|p1a: Dragon|atk|2
|move|p2a: Clefable|Thunder Wave|p1a: Dragon
|-status|p1a: Dragon|par
|
|upkeep
|turn|18
|
|t:|1640581838
|cant|p1a: Dragon|par
|move|p2a: Clefable|Moonblast|p1a: Dragon
|-resisted|p1a: Dragon
|-damage|p1a: Dragon|52/100 par
|-unboost|p1a: Dragon|spa|1
|
|upkeep
|turn|19
|
|t:|1640581842
|move|p1a: Dragon|Leaf Blade|p2a: Clefable
|-damage|p2a: Clefable|0 fnt
|-damage|p1a: Dragon|36/100 par|[from] item: Rocky Helmet|[of] p2a: Clefable
|faint|p2a: Clefable
|-ability|p1a: Dragon|Beast Boost|boost
|-boost|p1a: Dragon|atk|1
|
|upkeep
|
|t:|1640581858
|switch|p2a: Heatran|Heatran, F|100/100
|-damage|p2a: Heatran|88/100|[from] Stealth Rock
|-item|p2a: Heatran|Air Balloon
|turn|20
|
|t:|1640581863
|move|p2a: Heatran|Earth Power|p1a: Dragon
|-damage|p1a: Dragon|0 fnt
|faint|p1a: Dragon
|
|upkeep
|
|t:|1640581868
|switch|p1a: Toothless|Dragapult, M|72/100
|turn|21
|
|t:|1640581876
|move|p1a: Toothless|U-turn|p2a: Heatran
|-resisted|p2a: Heatran
|-damage|p2a: Heatran|83/100
|-enditem|p2a: Heatran|Air Balloon
|
|t:|1640581880
|switch|p1a: Swamp Thing|Swampert, M|9/100|[from]move: U-turn
|move|p2a: Heatran|Flash Cannon|p1a: Swamp Thing
|-resisted|p1a: Swamp Thing
|-damage|p1a: Swamp Thing|0 fnt
|faint|p1a: Swamp Thing
|
|upkeep
|
|t:|1640581887
|switch|p1a: Vision|Tapu Lele|45/100
|-fieldstart|move: Psychic Terrain|[from] ability: Psychic Surge|[of] p1a: Vision
|turn|22
|
|t:|1640581891
|move|p1a: Vision|Focus Blast|p2a: Heatran
|-supereffective|p2a: Heatran
|-damage|p2a: Heatran|0 fnt
|faint|p2a: Heatran
|
|upkeep
|
|t:|1640581903
|switch|p2a: Weavile|Weavile, M|100/100
|-ability|p2a: Weavile|Pressure
|turn|23
|
|t:|1640581912
|switch|p1a: Bolt|Zapdos|100/100
|move|p2a: Weavile|Knock Off|p1a: Bolt
|-damage|p1a: Bolt|63/100
|-enditem|p1a: Bolt|Heavy-Duty Boots|[from] move: Knock Off|[of] p2a: Weavile
|
|upkeep
|turn|24
|
|t:|1640581917
|move|p2a: Weavile|Swords Dance|p2a: Weavile
|-boost|p2a: Weavile|atk|2
|move|p1a: Bolt|Heat Wave|p2a: Weavile
|-supereffective|p2a: Weavile
|-damage|p2a: Weavile|23/100
|
|upkeep
|turn|25
|
|t:|1640581923
|move|p2a: Weavile|Ice Shard|p1a: Bolt
|-hint|Psychic Terrain doesn't affect Pokémon immune to Ground.
|-supereffective|p1a: Bolt
|-damage|p1a: Bolt|10/100
|move|p1a: Bolt|Discharge|p2a: Weavile
|-damage|p2a: Weavile|0 fnt
|faint|p2a: Weavile
|
|upkeep
|c| Water Bender Lady|gg
|c| Water Bender Lady|wut
|
|t:|1640581930
|switch|p2a: Blacephalon|Blacephalon|76/100
|-damage|p2a: Blacephalon|51/100|[from] Stealth Rock
|turn|26
|
|t:|1640581936
|switch|p1a: Yzma|Mandibuzz, F|100/100
|move|p2a: Blacephalon|Flamethrower|p1a: Yzma
|-damage|p1a: Yzma|61/100
|
|-fieldend|move: Psychic Terrain
|upkeep
|turn|27
|
|t:|1640581940
|move|p2a: Blacephalon|Flamethrower|p1a: Yzma
|-damage|p1a: Yzma|20/100
|move|p1a: Yzma|Foul Play|p2a: Blacephalon
|-supereffective|p2a: Blacephalon
|-damage|p2a: Blacephalon|0 fnt
|faint|p2a: Blacephalon
|
|upkeep
|
|t:|1640581942
|switch|p2a: Landorus|Landorus-Therian, M|100/100
|-damage|p2a: Landorus|88/100|[from] Stealth Rock
|-ability|p2a: Landorus|Intimidate|boost
|-unboost|p1a: Yzma|atk|1
|turn|28
|-message|rigmortus forfeited.
|
|win|Steezy Does It
|raw|Steezy Does It's rating: 1762 &rarr; <strong>1788</strong><br />(+26 for winning)
|raw|rigmortus's rating: 1875 &rarr; <strong>1849</strong><br />(-26 for losing)
|l|☆rigmortus
|l|☆Steezy Does It
|l| Batataplays
|l| baronvonumbreon
|l| Might Talk After
|l| clean cuts
|l| darkrows
