|j|☆Justin UA
|j|☆Suckerformetal
|t:|1613973598
|player|p1|Justin UA|ethan|1427
|player|p2|Suckerformetal|102|1439
|teamsize|p1|6
|teamsize|p2|6
|gametype|singles
|gen|8
|tier|[Gen 8] OU
|rated|
|clearpoke
|poke|p1|Sandaconda, M|
|poke|p1|Grimmsnarl, M|
|poke|p1|Excadrill, M|
|poke|p1|Dragapult, M|
|poke|p1|Garchomp, M|
|poke|p1|Cloyster, M|
|poke|p2|Gengar, M|
|poke|p2|Zapdos-Galar|
|poke|p2|Scizor, F|
|poke|p2|Flygon, M|
|poke|p2|Rotom-Wash|
|poke|p2|Heatran, M|
|rule|Sleep Clause Mod: Limit one foe put to sleep
|rule|Species Clause: Limit one of each Pokémon
|rule|OHKO Clause: OHKO moves are banned
|rule|Evasion Moves Clause: Evasion moves are banned
|rule|Endless Battle Clause: Forcing endless battles is banned
|rule|HP Percentage Mod: HP is shown in percentages
|rule|Dynamax Clause: You cannot dynamax
|teampreview
|inactive|Battle timer is ON: inactive players will automatically lose when time's up. (requested by Justin UA)
|
|t:|1613973608
|start
|switch|p1a: Sandaconda|Sandaconda, M|100/100
|switch|p2a: Rotom|Rotom-Wash|100/100
|turn|1
|
|t:|1613973615
|move|p2a: Rotom|Will-O-Wisp|p1a: Sandaconda
|-status|p1a: Sandaconda|brn
|move|p1a: Sandaconda|Glare|p2a: Rotom
|-immune|p2a: Rotom
|
|-damage|p1a: Sandaconda|94/100 brn|[from] brn
|upkeep
|turn|2
|
|t:|1613973624
|move|p2a: Rotom|Hydro Pump|p1a: Sandaconda
|-supereffective|p1a: Sandaconda
|-damage|p1a: Sandaconda|0 fnt
|-weather|Sandstorm|[from] ability: Sand Spit|[of] p1a: Sandaconda
|faint|p1a: Sandaconda
|
|-weather|Sandstorm|[upkeep]
|-damage|p2a: Rotom|94/100|[from] Sandstorm
|-heal|p2a: Rotom|100/100|[from] item: Leftovers
|upkeep
|
|t:|1613973628
|switch|p1a: Grimmsnarl|Grimmsnarl, M|100/100
|turn|3
|
|t:|1613973636
|move|p1a: Grimmsnarl|Reflect|p1a: Grimmsnarl
|-sidestart|p1: Justin UA|Reflect
|move|p2a: Rotom|Will-O-Wisp|p1a: Grimmsnarl
|-status|p1a: Grimmsnarl|brn
|
|-weather|Sandstorm|[upkeep]
|-damage|p2a: Rotom|94/100|[from] Sandstorm
|-damage|p1a: Grimmsnarl|94/100 brn|[from] Sandstorm
|-heal|p2a: Rotom|100/100|[from] item: Leftovers
|-damage|p1a: Grimmsnarl|88/100 brn|[from] brn
|upkeep
|turn|4
|
|t:|1613973646
|move|p1a: Grimmsnarl|Light Screen|p1a: Grimmsnarl
|-sidestart|p1: Justin UA|move: Light Screen
|move|p2a: Rotom|Volt Switch|p1a: Grimmsnarl
|-damage|p1a: Grimmsnarl|75/100 brn
|
|t:|1613973651
|switch|p2a: Gengar|Gengar, M, shiny|100/100|[from]move: Volt Switch
|
|-weather|Sandstorm|[upkeep]
|-damage|p2a: Gengar|94/100|[from] Sandstorm
|-damage|p1a: Grimmsnarl|69/100 brn|[from] Sandstorm
|-damage|p1a: Grimmsnarl|63/100 brn|[from] brn
|upkeep
|turn|5
|
|t:|1613973659
|move|p1a: Grimmsnarl|Thunder Wave|p2a: Gengar|[miss]
|-miss|p1a: Grimmsnarl|p2a: Gengar
|move|p2a: Gengar|Sludge Wave|p1a: Grimmsnarl
|-supereffective|p1a: Grimmsnarl
|-damage|p1a: Grimmsnarl|0 fnt
|faint|p1a: Grimmsnarl
|
|-weather|Sandstorm|[upkeep]
|-damage|p2a: Gengar|88/100|[from] Sandstorm
|upkeep
|
|t:|1613973664
|switch|p1a: Cloyster|Cloyster, M|100/100
|turn|6
|
|t:|1613973672
|move|p2a: Gengar|Sludge Wave|p1a: Cloyster
|-damage|p1a: Cloyster|3/100
|move|p1a: Cloyster|Shell Smash|p1a: Cloyster
|-unboost|p1a: Cloyster|def|1
|-unboost|p1a: Cloyster|spd|1
|-boost|p1a: Cloyster|atk|2
|-boost|p1a: Cloyster|spa|2
|-boost|p1a: Cloyster|spe|2
|
|-weather|none
|upkeep
|turn|7
|
|t:|1613973681
|move|p1a: Cloyster|Icicle Spear|p2a: Gengar
|-damage|p2a: Gengar|44/100
|-damage|p2a: Gengar|0 fnt
|-hitcount|p2a: Gengar|2
|faint|p2a: Gengar
|
|upkeep
|
|t:|1613973687
|switch|p2a: Scizor|Scizor, F|100/100
|turn|8
|
|t:|1613973691
|move|p1a: Cloyster|Ice Shard|p2a: Scizor
|-resisted|p2a: Scizor
|-damage|p2a: Scizor|81/100
|move|p2a: Scizor|Bullet Punch|p1a: Cloyster
|-damage|p1a: Cloyster|0 fnt
|-damage|p2a: Scizor|71/100|[from] item: Life Orb
|faint|p1a: Cloyster
|
|upkeep
|
|t:|1613973696
|switch|p1a: Garchomp|Garchomp, M|100/100
|turn|9
|
|t:|1613973704
|move|p1a: Garchomp|Swords Dance|p1a: Garchomp
|-boost|p1a: Garchomp|atk|2
|move|p2a: Scizor|Swords Dance|p2a: Scizor
|-boost|p2a: Scizor|atk|2
|
|upkeep
|turn|10
|
|t:|1613973713
|move|p2a: Scizor|Bullet Punch|p1a: Garchomp
|-damage|p1a: Garchomp|57/100
|-damage|p2a: Scizor|61/100|[from] item: Life Orb
|move|p1a: Garchomp|Fire Fang|p2a: Scizor
|-supereffective|p2a: Scizor
|-damage|p2a: Scizor|0 fnt
|faint|p2a: Scizor
|
|-sideend|p1: Justin UA|Reflect
|upkeep
|
|t:|1613973727
|switch|p2a: Rotom|Rotom-Wash|100/100
|turn|11
|
|t:|1613973732
|move|p1a: Garchomp|Scale Shot|p2a: Rotom
|-crit|p2a: Rotom
|-damage|p2a: Rotom|57/100
|-damage|p2a: Rotom|29/100
|-hitcount|p2a: Rotom|2
|-unboost|p1a: Garchomp|def|1
|-boost|p1a: Garchomp|spe|1
|move|p2a: Rotom|Will-O-Wisp|p1a: Garchomp
|-status|p1a: Garchomp|brn
|
|-heal|p2a: Rotom|35/100|[from] item: Leftovers
|-damage|p1a: Garchomp|51/100 brn|[from] brn
|-sideend|p1: Justin UA|move: Light Screen
|upkeep
|turn|12
|
|t:|1613973746
|move|p1a: Garchomp|Scale Shot|p2a: Rotom
|-damage|p2a: Rotom|21/100
|-damage|p2a: Rotom|6/100
|-hitcount|p2a: Rotom|2
|-unboost|p1a: Garchomp|def|1
|-boost|p1a: Garchomp|spe|1
|cant|p2a: Rotom|flinch
|
|-heal|p2a: Rotom|13/100|[from] item: Leftovers
|-damage|p1a: Garchomp|45/100 brn|[from] brn
|upkeep
|turn|13
|
|t:|1613973758
|move|p1a: Garchomp|Scale Shot|p2a: Rotom
|-damage|p2a: Rotom|0 fnt
|-hitcount|p2a: Rotom|1
|-unboost|p1a: Garchomp|def|1
|-boost|p1a: Garchomp|spe|1
|faint|p2a: Rotom
|
|-damage|p1a: Garchomp|39/100 brn|[from] brn
|upkeep
|
|t:|1613973769
|switch|p2a: Heatran|Heatran, M|100/100
|-item|p2a: Heatran|Air Balloon
|turn|14
|
|t:|1613973775
|move|p1a: Garchomp|Scale Shot|p2a: Heatran
|-resisted|p2a: Heatran
|-damage|p2a: Heatran|94/100
|-enditem|p2a: Heatran|Air Balloon
|-resisted|p2a: Heatran
|-damage|p2a: Heatran|87/100
|-resisted|p2a: Heatran
|-damage|p2a: Heatran|80/100
|-resisted|p2a: Heatran
|-damage|p2a: Heatran|73/100
|-resisted|p2a: Heatran
|-damage|p2a: Heatran|65/100
|-hitcount|p2a: Heatran|5
|-unboost|p1a: Garchomp|def|1
|-boost|p1a: Garchomp|spe|1
|move|p2a: Heatran|Earth Power|p1a: Garchomp
|-damage|p1a: Garchomp|4/100 brn
|
|-damage|p1a: Garchomp|0 fnt|[from] brn
|faint|p1a: Garchomp
|upkeep
|
|t:|1613973785
|switch|p1a: Excadrill|Excadrill, M|100/100
|turn|15
|
|t:|1613973799
|move|p1a: Excadrill|Earthquake|p2a: Heatran
|-supereffective|p2a: Heatran
|-damage|p2a: Heatran|0 fnt
|faint|p2a: Heatran
|
|upkeep
|
|t:|1613973804
|switch|p2a: Flygon|Flygon, M|100/100
|turn|16
|
|t:|1613973809
|move|p2a: Flygon|Earthquake|p1a: Excadrill
|-supereffective|p1a: Excadrill
|-damage|p1a: Excadrill|0 fnt
|faint|p1a: Excadrill
|
|upkeep
|
|t:|1613973812
|switch|p1a: Dragapult|Dragapult, M|100/100
|turn|17
|
|t:|1613973820
|move|p2a: Flygon|Earthquake|p1a: Dragapult
|-damage|p1a: Dragapult|39/100
|-start|p2a: Flygon|Disable|Earthquake|[from] ability: Cursed Body|[of] p1a: Dragapult
|move|p1a: Dragapult|Dragon Dance|p1a: Dragapult
|-boost|p1a: Dragapult|atk|1
|-boost|p1a: Dragapult|spe|1
|
|upkeep
|turn|18
|
|t:|1613973828
|move|p1a: Dragapult|Dragon Darts|p2a: Flygon
|-supereffective|p2a: Flygon
|-damage|p2a: Flygon|0 fnt
|faint|p2a: Flygon
|
|upkeep
|
|t:|1613973833
|switch|p2a: Zapdos|Zapdos-Galar|100/100
|turn|19
|
|t:|1613973850
|move|p1a: Dragapult|Dragon Darts|p2a: Zapdos
|-damage|p2a: Zapdos|56/100
|-anim|p1a: Dragapult|Dragon Darts|p2a: Zapdos
|-damage|p2a: Zapdos|5/100
|move|p2a: Zapdos|Stomping Tantrum|p1a: Dragapult
|-crit|p1a: Dragapult
|-damage|p1a: Dragapult|0 fnt
|faint|p1a: Dragapult
|
|win|Suckerformetal
|raw|Justin UA's rating: 1427 &rarr; <strong>1408</strong><br />(-19 for losing)
|raw|Suckerformetal's rating: 1439 &rarr; <strong>1458</strong><br />(+19 for winning)
|l|☆Justin UA
