|j|☆gaenisalbino
|j|☆46+46+hhh
|t:|1644155806
|gametype|singles
|player|p1|gaenisalbino|blue|1619
|player|p2|46+46+hhh|caitlin|1565
|teamsize|p1|6
|teamsize|p2|6
|gen|8
|tier|[Gen 8] OU
|rated|
|rule|Sleep Clause Mod: Limit one foe put to sleep
|rule|Species Clause: Limit one of each Pokémon
|rule|OHKO Clause: OHKO moves are banned
|rule|Evasion Moves Clause: Evasion moves are banned
|rule|Endless Battle Clause: Forcing endless battles is banned
|rule|HP Percentage Mod: HP is shown in percentages
|rule|Dynamax Clause: You cannot dynamax
|clearpoke
|poke|p1|Buzzwole|
|poke|p1|Tapu Lele|
|poke|p1|Tornadus-Therian, M|
|poke|p1|Blissey, F|
|poke|p1|Magnezone|
|poke|p1|Gastrodon, M|
|poke|p2|Zapdos|
|poke|p2|Landorus-Therian, M|
|poke|p2|Gengar, M|
|poke|p2|Urshifu-*, M|
|poke|p2|Ferrothorn, F|
|poke|p2|Clefable, F|
|teampreview
|inactive|Battle timer is ON: inactive players will automatically lose when time's up. (requested by 46+46+hhh)
|
|t:|1644155823
|start
|switch|p1a: Tornadus|Tornadus-Therian, M, shiny|100/100
|switch|p2a: Gengar|Gengar, M|100/100
|turn|1
|
|t:|1644155830
|switch|p2a: Clefable|Clefable, F, shiny|100/100
|move|p1a: Tornadus|Knock Off|p2a: Clefable
|-resisted|p2a: Clefable
|-damage|p2a: Clefable|91/100
|-enditem|p2a: Clefable|Sticky Barb|[from] move: Knock Off|[of] p1a: Tornadus
|
|upkeep
|turn|2
|
|t:|1644155838
|move|p1a: Tornadus|U-turn|p2a: Clefable
|-resisted|p2a: Clefable
|-damage|p2a: Clefable|83/100
|
|t:|1644155846
|switch|p1a: Tapu Lele|Tapu Lele|100/100|[from]move: U-turn
|-fieldstart|move: Psychic Terrain|[from] ability: Psychic Surge|[of] p1a: Tapu Lele
|move|p2a: Clefable|Stealth Rock|p1a: Tapu Lele
|-sidestart|p1: gaenisalbino|move: Stealth Rock
|
|upkeep
|turn|3
|
|t:|1644155863
|move|p1a: Tapu Lele|Psychic|p2a: Clefable
|-damage|p2a: Clefable|11/100
|move|p2a: Clefable|Soft-Boiled|p2a: Clefable
|-heal|p2a: Clefable|61/100
|
|upkeep
|turn|4
|
|t:|1644155870
|switch|p2a: Ferrothorn|Ferrothorn, F|100/100
|move|p1a: Tapu Lele|Psychic|p2a: Ferrothorn
|-resisted|p2a: Ferrothorn
|-damage|p2a: Ferrothorn|68/100
|
|-heal|p2a: Ferrothorn|74/100|[from] item: Leftovers
|upkeep
|turn|5
|
|t:|1644155875
|switch|p1a: Magnezone|Magnezone|100/100
|-damage|p1a: Magnezone|94/100|[from] Stealth Rock
|switch|p2a: Landorus|Landorus-Therian, M|100/100
|-ability|p2a: Landorus|Intimidate|boost
|-unboost|p1a: Magnezone|atk|1
|
|-heal|p1a: Magnezone|100/100|[from] item: Leftovers
|upkeep
|turn|6
|
|t:|1644155895
|switch|p2a: Zapdos|Zapdos, shiny|100/100
|switch|p1a: Tornadus|Tornadus-Therian, M, shiny|100/100
|
|-fieldend|move: Psychic Terrain
|upkeep
|turn|7
|
|t:|1644155907
|move|p1a: Tornadus|Defog|p2a: Zapdos
|-unboost|p2a: Zapdos|evasion|1
|-sideend|p1: gaenisalbino|Stealth Rock|[from] move: Defog|[of] p1a: Tornadus
|move|p2a: Zapdos|Hurricane|p1a: Tornadus
|-damage|p1a: Tornadus|55/100
|
|upkeep
|turn|8
|
|t:|1644155920
|switch|p1a: Blissey|Blissey, F|100/100
|move|p2a: Zapdos|Volt Switch|p1a: Blissey
|-damage|p1a: Blissey|90/100
|
|t:|1644155925
|switch|p2a: Urshifu|Urshifu-Rapid-Strike, M|100/100|[from]move: Volt Switch
|
|upkeep
|turn|9
|
|t:|1644155930
|switch|p1a: Buzzwole|Buzzwole|100/100
|move|p2a: Urshifu|U-turn|p1a: Buzzwole
|-resisted|p1a: Buzzwole
|-damage|p1a: Buzzwole|91/100
|-damage|p2a: Urshifu|84/100|[from] item: Rocky Helmet|[of] p1a: Buzzwole
|
|t:|1644155944
|switch|p2a: Clefable|Clefable, F, shiny|61/100|[from]move: U-turn
|
|upkeep
|turn|10
|
|t:|1644155952
|switch|p1a: Tapu Lele|Tapu Lele|100/100
|-fieldstart|move: Psychic Terrain|[from] ability: Psychic Surge|[of] p1a: Tapu Lele
|move|p2a: Clefable|Stealth Rock|p1a: Tapu Lele
|-sidestart|p1: gaenisalbino|move: Stealth Rock
|
|upkeep
|turn|11
|
|t:|1644155960
|switch|p2a: Ferrothorn|Ferrothorn, F|74/100
|move|p1a: Tapu Lele|Psychic|p2a: Ferrothorn
|-resisted|p2a: Ferrothorn
|-damage|p2a: Ferrothorn|39/100
|
|-heal|p2a: Ferrothorn|46/100|[from] item: Leftovers
|upkeep
|turn|12
|l|☆46+46+hhh
|inactive|46+46+hhh disconnected and has a minute to reconnect!
|player|p2|
|c|☆gaenisalbino|Bro
|j|☆46+46+hhh
|inactive|46+46+hhh reconnected and has 120 seconds left.
|player|p2|46+46+hhh|caitlin
|
|t:|1644155999
|switch|p1a: Magnezone|Magnezone|100/100
|-damage|p1a: Magnezone|94/100|[from] Stealth Rock
|move|p2a: Ferrothorn|Leech Seed|p1a: Magnezone
|-start|p1a: Magnezone|move: Leech Seed
|
|-heal|p1a: Magnezone|100/100|[from] item: Leftovers
|-heal|p2a: Ferrothorn|52/100|[from] item: Leftovers
|-damage|p1a: Magnezone|88/100|[from] Leech Seed|[of] p2a: Ferrothorn
|-heal|p2a: Ferrothorn|63/100|[silent]
|upkeep
|turn|13
|inactive|46+46+hhh has 120 seconds left.
|
|t:|1644156008
|move|p1a: Magnezone|Iron Defense|p1a: Magnezone
|-boost|p1a: Magnezone|def|2
|move|p2a: Ferrothorn|Knock Off|p1a: Magnezone
|-damage|p1a: Magnezone|80/100
|-enditem|p1a: Magnezone|Leftovers|[from] move: Knock Off|[of] p2a: Ferrothorn
|
|-heal|p2a: Ferrothorn|70/100|[from] item: Leftovers
|-damage|p1a: Magnezone|68/100|[from] Leech Seed|[of] p2a: Ferrothorn
|-heal|p2a: Ferrothorn|81/100|[silent]
|upkeep
|turn|14
|
|t:|1644156017
|move|p1a: Magnezone|Iron Defense|p1a: Magnezone
|-boost|p1a: Magnezone|def|2
|move|p2a: Ferrothorn|Gyro Ball|p1a: Magnezone
|-resisted|p1a: Magnezone
|-damage|p1a: Magnezone|66/100
|
|-heal|p2a: Ferrothorn|87/100|[from] item: Leftovers
|-damage|p1a: Magnezone|53/100|[from] Leech Seed|[of] p2a: Ferrothorn
|-heal|p2a: Ferrothorn|99/100|[silent]
|-fieldend|move: Psychic Terrain
|upkeep
|turn|15
|
|t:|1644156024
|move|p1a: Magnezone|Iron Defense|p1a: Magnezone
|-boost|p1a: Magnezone|def|2
|move|p2a: Ferrothorn|Spikes|p1a: Magnezone
|-sidestart|p1: gaenisalbino|Spikes
|
|-heal|p2a: Ferrothorn|100/100|[from] item: Leftovers
|-damage|p1a: Magnezone|41/100|[from] Leech Seed|[of] p2a: Ferrothorn
|upkeep
|turn|16
|
|t:|1644156032
|move|p1a: Magnezone|Body Press|p2a: Ferrothorn
|-supereffective|p2a: Ferrothorn
|-damage|p2a: Ferrothorn|0 fnt
|-damage|p1a: Magnezone|29/100|[from] ability: Iron Barbs|[of] p2a: Ferrothorn
|faint|p2a: Ferrothorn
|
|upkeep
|
|t:|1644156044
|switch|p2a: Landorus|Landorus-Therian, M|100/100
|-ability|p2a: Landorus|Intimidate|boost
|-unboost|p1a: Magnezone|atk|1
|turn|17
|
|t:|1644156050
|move|p2a: Landorus|Earthquake|p1a: Magnezone
|-supereffective|p1a: Magnezone
|-damage|p1a: Magnezone|0 fnt
|faint|p1a: Magnezone
|
|upkeep
|
|t:|1644156053
|switch|p1a: Tornadus|Tornadus-Therian, M, shiny|88/100
|turn|18
|
|t:|1644156058
|move|p1a: Tornadus|Defog|p2a: Landorus
|-unboost|p2a: Landorus|evasion|1
|-sideend|p1: gaenisalbino|Spikes|[from] move: Defog|[of] p1a: Tornadus
|-sideend|p1: gaenisalbino|Stealth Rock|[from] move: Defog|[of] p1a: Tornadus
|move|p2a: Landorus|Stone Edge|p1a: Tornadus
|-supereffective|p1a: Tornadus
|-damage|p1a: Tornadus|0 fnt
|faint|p1a: Tornadus
|
|upkeep
|inactive|gaenisalbino has 120 seconds left.
|j| Rhinotank93
|l| Rhinotank93
|
|t:|1644156096
|switch|p1a: Buzzwole|Buzzwole|91/100
|turn|19
|inactive|gaenisalbino has 120 seconds left.
|
|t:|1644156104
|switch|p2a: Clefable|Clefable, F, shiny|61/100
|move|p1a: Buzzwole|Ice Punch|p2a: Clefable
|-damage|p2a: Clefable|37/100
|
|upkeep
|turn|20
|
|t:|1644156114
|switch|p1a: Tapu Lele|Tapu Lele|100/100
|-fieldstart|move: Psychic Terrain|[from] ability: Psychic Surge|[of] p1a: Tapu Lele
|move|p2a: Clefable|Trick|p1a: Tapu Lele
|-activate|p2a: Clefable|move: Trick|[of] p1a: Tapu Lele
|-enditem|p1a: Tapu Lele|Choice Specs|[silent]|[from] move: Trick
|-item|p2a: Clefable|Choice Specs|[from] move: Trick
|
|upkeep
|turn|21
|
|t:|1644156127
|move|p1a: Tapu Lele|Psychic|p2a: Clefable
|-damage|p2a: Clefable|0 fnt
|faint|p2a: Clefable
|
|upkeep
|
|t:|1644156135
|switch|p2a: Gengar|Gengar, M|100/100
|turn|22
|
|t:|1644156141
|switch|p1a: Blissey|Blissey, F|90/100
|move|p2a: Gengar|Trick|p1a: Blissey
|-activate|p2a: Gengar|move: Trick|[of] p1a: Blissey
|-item|p1a: Blissey|Choice Scarf|[from] move: Trick
|-item|p2a: Gengar|Heavy-Duty Boots|[from] move: Trick
|
|upkeep
|turn|23
|
|t:|1644156149
|move|p2a: Gengar|Nasty Plot|p2a: Gengar
|-boost|p2a: Gengar|spa|2
|move|p1a: Blissey|Stealth Rock|p2a: Gengar
|-sidestart|p2: 46+46+hhh|move: Stealth Rock
|
|upkeep
|turn|24
|
|t:|1644156157
|switch|p1a: Gastrodon|Gastrodon, M|100/100
|move|p2a: Gengar|Nasty Plot|p2a: Gengar
|-boost|p2a: Gengar|spa|2
|
|-fieldend|move: Psychic Terrain
|upkeep
|turn|25
|
|t:|1644156162
|move|p2a: Gengar|Shadow Ball|p1a: Gastrodon
|-damage|p1a: Gastrodon|0 fnt
|faint|p1a: Gastrodon
|
|upkeep
|-message|gaenisalbino forfeited.
|
|win|46+46+hhh
|raw|gaenisalbino's rating: 1619 &rarr; <strong>1596</strong><br />(-23 for losing)
|raw|46+46+hhh's rating: 1565 &rarr; <strong>1588</strong><br />(+23 for winning)
|l|☆gaenisalbino
