|j|‽free rent
|j|☆wsdfg
|t:|1613078799
|player|p1|free rent|1|1840
|player|p2|wsdfg|burglar|1761
|teamsize|p1|6
|teamsize|p2|6
|gametype|singles
|gen|8
|tier|[Gen 8] OU
|rated|
|clearpoke
|poke|p1|Zeraora|
|poke|p1|Corviknight, M|
|poke|p1|Conkeldurr, M|
|poke|p1|Magearna|
|poke|p1|Mantine, F|
|poke|p1|Blissey, F|
|poke|p2|Cinderace, M|
|poke|p2|Volcarona, F|
|poke|p2|Swampert, F|
|poke|p2|Rillaboom, M|
|poke|p2|Dragapult, M|
|poke|p2|Kartana|
|rule|Sleep Clause Mod: Limit one foe put to sleep
|rule|Species Clause: Limit one of each Pokémon
|rule|OHKO Clause: OHKO moves are banned
|rule|Evasion Moves Clause: Evasion moves are banned
|rule|Endless Battle Clause: Forcing endless battles is banned
|rule|HP Percentage Mod: HP is shown in percentages
|rule|Dynamax Clause: You cannot dynamax
|teampreview
|
|t:|1613078814
|start
|switch|p1a: Conkeldurr|Conkeldurr, M|100/100
|switch|p2a: Cinderace|Cinderace, M|100/100
|turn|1
|j| assddff
|
|t:|1613078828
|move|p2a: Cinderace|U-turn|p1a: Conkeldurr
|-start|p2a: Cinderace|typechange|Bug|[from] ability: Libero
|-resisted|p1a: Conkeldurr
|-damage|p1a: Conkeldurr|81/100
|
|t:|1613078831
|switch|p2a: Volcarona|Volcarona, F|100/100|[from]move: U-turn
|move|p1a: Conkeldurr|Knock Off|p2a: Volcarona
|-damage|p2a: Volcarona|34/100
|-enditem|p2a: Volcarona|Heavy-Duty Boots|[from] move: Knock Off|[of] p1a: Conkeldurr
|
|-status|p1a: Conkeldurr|brn|[from] item: Flame Orb
|upkeep
|turn|2
|inactive|Battle timer is ON: inactive players will automatically lose when time's up. (requested by free rent)
|
|t:|1613078855
|move|p2a: Volcarona|Psychic|p1a: Conkeldurr
|-supereffective|p1a: Conkeldurr
|-damage|p1a: Conkeldurr|0 fnt
|faint|p1a: Conkeldurr
|
|upkeep
|
|t:|1613078860
|switch|p1a: Blissey|Blissey, F|100/100
|turn|3
|
|t:|1613078866
|move|p2a: Volcarona|Fiery Dance|p1a: Blissey
|-damage|p1a: Blissey|85/100
|move|p1a: Blissey|Stealth Rock|p2a: Volcarona
|-sidestart|p2: wsdfg|move: Stealth Rock
|
|upkeep
|turn|4
|
|t:|1613078872
|move|p2a: Volcarona|Fiery Dance|p1a: Blissey
|-damage|p1a: Blissey|70/100
|move|p1a: Blissey|Seismic Toss|p2a: Volcarona
|-damage|p2a: Volcarona|2/100
|
|upkeep
|turn|5
|
|t:|1613078877
|move|p2a: Volcarona|Fiery Dance|p1a: Blissey
|-damage|p1a: Blissey|54/100
|move|p1a: Blissey|Soft-Boiled|p1a: Blissey
|-heal|p1a: Blissey|100/100
|
|upkeep
|turn|6
|
|t:|1613078881
|move|p2a: Volcarona|Fiery Dance|p1a: Blissey
|-damage|p1a: Blissey|85/100
|move|p1a: Blissey|Seismic Toss|p2a: Volcarona
|-damage|p2a: Volcarona|0 fnt
|faint|p2a: Volcarona
|
|upkeep
|
|t:|1613078887
|switch|p2a: Kartana|Kartana|100/100
|-damage|p2a: Kartana|94/100|[from] Stealth Rock
|turn|7
|j| Poulet Miku
|
|t:|1613078899
|switch|p1a: Magearna|Magearna|100/100
|move|p2a: Kartana|Swords Dance|p2a: Kartana
|-boost|p2a: Kartana|atk|2
|
|upkeep
|turn|8
|
|t:|1613078914
|move|p2a: Kartana|Sacred Sword|p1a: Magearna
|-damage|p1a: Magearna|17/100
|-damage|p2a: Kartana|85/100|[from] item: Life Orb
|move|p1a: Magearna|Volt Switch|p2a: Kartana
|-resisted|p2a: Kartana
|-damage|p2a: Kartana|55/100
|
|t:|1613078918
|switch|p1a: Zeraora|Zeraora|100/100|[from]move: Volt Switch
|
|upkeep
|turn|9
|
|t:|1613078923
|switch|p2a: Swampert|Swampert, F|100/100
|-damage|p2a: Swampert|94/100|[from] Stealth Rock
|move|p1a: Zeraora|Close Combat|p2a: Swampert
|-damage|p2a: Swampert|59/100
|-unboost|p1a: Zeraora|def|1
|-unboost|p1a: Zeraora|spd|1
|
|-heal|p2a: Swampert|65/100|[from] item: Leftovers
|upkeep
|turn|10
|
|t:|1613078949
|move|p1a: Zeraora|Knock Off|p2a: Swampert
|-damage|p2a: Swampert|39/100
|-enditem|p2a: Swampert|Leftovers|[from] move: Knock Off|[of] p1a: Zeraora
|move|p2a: Swampert|Stealth Rock|p1a: Zeraora
|-sidestart|p1: free rent|move: Stealth Rock
|
|upkeep
|turn|11
|
|t:|1613078952
|switch|p1a: Mantine|Mantine, F|100/100
|move|p2a: Swampert|Earthquake|p1a: Mantine
|-immune|p1a: Mantine
|
|upkeep
|turn|12
|
|t:|1613078960
|move|p1a: Mantine|Scald|p2a: Swampert
|-damage|p2a: Swampert|22/100
|move|p2a: Swampert|Toxic|p1a: Mantine
|-status|p1a: Mantine|tox
|
|-damage|p1a: Mantine|94/100 tox|[from] psn
|upkeep
|turn|13
|
|t:|1613078965
|move|p1a: Mantine|Scald|p2a: Swampert
|-damage|p2a: Swampert|6/100
|move|p2a: Swampert|Stealth Rock||[still]
|-fail|p2a: Swampert
|
|-damage|p1a: Mantine|82/100 tox|[from] psn
|upkeep
|turn|14
|j| hypervortexreturns
|
|t:|1613078976
|move|p1a: Mantine|Scald|p2a: Swampert
|-damage|p2a: Swampert|0 fnt
|faint|p2a: Swampert
|
|-damage|p1a: Mantine|64/100 tox|[from] psn
|upkeep
|
|t:|1613078979
|switch|p2a: Rillaboom|Rillaboom, M|100/100
|-damage|p2a: Rillaboom|88/100|[from] Stealth Rock
|-fieldstart|move: Grassy Terrain|[from] ability: Grassy Surge|[of] p2a: Rillaboom
|turn|15
|
|t:|1613078985
|switch|p1a: Corviknight|Corviknight, M, shiny|100/100
|-damage|p1a: Corviknight|88/100|[from] Stealth Rock
|-ability|p1a: Corviknight|Pressure
|move|p2a: Rillaboom|U-turn|p1a: Corviknight
|-resisted|p1a: Corviknight
|-damage|p1a: Corviknight|82/100
|-damage|p2a: Rillaboom|72/100|[from] item: Rocky Helmet|[of] p1a: Corviknight
|
|t:|1613078987
|switch|p2a: Cinderace|Cinderace, M|100/100|[from]move: U-turn
|
|upkeep
|turn|16
|j| Tweety McTweet
|
|t:|1613078998
|switch|p1a: Magearna|Magearna|17/100
|-damage|p1a: Magearna|11/100|[from] Stealth Rock
|move|p2a: Cinderace|Pyro Ball|p1a: Magearna
|-supereffective|p1a: Magearna
|-damage|p1a: Magearna|0 fnt
|faint|p1a: Magearna
|
|upkeep
|
|t:|1613079007
|switch|p1a: Zeraora|Zeraora|100/100
|turn|17
|j| Team troll Only
|
|t:|1613079022
|move|p1a: Zeraora|Volt Switch|p2a: Cinderace
|-damage|p2a: Cinderace|69/100
|j| Die PIECHER
|
|t:|1613079024
|switch|p1a: Mantine|Mantine, F|64/100 tox|[from]move: Volt Switch
|move|p2a: Cinderace|U-turn|p1a: Mantine
|-start|p2a: Cinderace|typechange|Bug|[from] ability: Libero
|-resisted|p1a: Mantine
|-damage|p1a: Mantine|47/100 tox
|
|t:|1613079034
|switch|p2a: Kartana|Kartana|55/100|[from]move: U-turn
|-damage|p2a: Kartana|49/100|[from] Stealth Rock
|
|-heal|p2a: Kartana|55/100|[from] Grassy Terrain
|-damage|p1a: Mantine|41/100 tox|[from] psn
|upkeep
|turn|18
|
|t:|1613079037
|switch|p1a: Corviknight|Corviknight, M, shiny|82/100
|-damage|p1a: Corviknight|70/100|[from] Stealth Rock
|-ability|p1a: Corviknight|Pressure
|move|p2a: Kartana|Swords Dance|p2a: Kartana
|-boost|p2a: Kartana|atk|2
|
|-heal|p2a: Kartana|62/100|[from] Grassy Terrain
|upkeep
|turn|19
|inactive|free rent has 120 seconds left.
|
|t:|1613079075
|switch|p1a: Mantine|Mantine, F|41/100 tox
|move|p2a: Kartana|Knock Off|p1a: Mantine
|-crit|p1a: Mantine
|-damage|p1a: Mantine|0 fnt
|-enditem|p1a: Mantine|Heavy-Duty Boots|[from] move: Knock Off|[of] p2a: Kartana
|-damage|p2a: Kartana|52/100|[from] item: Life Orb
|faint|p1a: Mantine
|-ability|p2a: Kartana|Beast Boost|boost
|-boost|p2a: Kartana|atk|1
|
|-heal|p2a: Kartana|58/100|[from] Grassy Terrain
|-fieldend|move: Grassy Terrain
|upkeep
|
|t:|1613079077
|switch|p1a: Zeraora|Zeraora|100/100
|turn|20
|
|t:|1613079085
|switch|p2a: Dragapult|Dragapult, M|100/100
|move|p1a: Zeraora|Close Combat|p2a: Dragapult
|-immune|p2a: Dragapult
|
|upkeep
|turn|21
|inactive|free rent has 120 seconds left.
|j| uncool_loser
|
|t:|1613079112
|move|p1a: Zeraora|Volt Switch|p2a: Dragapult
|-resisted|p2a: Dragapult
|-damage|p2a: Dragapult|87/100
|
|t:|1613079113
|switch|p1a: Blissey|Blissey, F|85/100|[from]move: Volt Switch
|move|p2a: Dragapult|Draco Meteor|p1a: Blissey
|-damage|p1a: Blissey|64/100
|-unboost|p2a: Dragapult|spa|2
|
|upkeep
|turn|22
|inactive|free rent has 120 seconds left.
|
|t:|1613079128
|switch|p1a: Zeraora|Zeraora|100/100
|move|p2a: Dragapult|U-turn|p1a: Zeraora
|-damage|p1a: Zeraora|76/100
|
|t:|1613079145
|switch|p2a: Rillaboom|Rillaboom, M|72/100|[from]move: U-turn
|-damage|p2a: Rillaboom|59/100|[from] Stealth Rock
|-fieldstart|move: Grassy Terrain|[from] ability: Grassy Surge|[of] p2a: Rillaboom
|
|-heal|p1a: Zeraora|82/100|[from] Grassy Terrain
|-heal|p2a: Rillaboom|66/100|[from] Grassy Terrain
|upkeep
|turn|23
|
|t:|1613079151
|move|p1a: Zeraora|Volt Switch|p2a: Rillaboom
|-resisted|p2a: Rillaboom
|-damage|p2a: Rillaboom|50/100
|
|t:|1613079153
|switch|p1a: Corviknight|Corviknight, M, shiny|70/100|[from]move: Volt Switch
|-damage|p1a: Corviknight|58/100|[from] Stealth Rock
|-ability|p1a: Corviknight|Pressure
|move|p2a: Rillaboom|U-turn|p1a: Corviknight
|-resisted|p1a: Corviknight
|-damage|p1a: Corviknight|52/100
|-damage|p2a: Rillaboom|33/100|[from] item: Rocky Helmet|[of] p1a: Corviknight
|
|t:|1613079167
|switch|p2a: Cinderace|Cinderace, M|69/100|[from]move: U-turn
|
|-heal|p2a: Cinderace|75/100|[from] Grassy Terrain
|upkeep
|turn|24
|
|t:|1613079175
|switch|p1a: Blissey|Blissey, F|64/100
|move|p2a: Cinderace|Pyro Ball|p1a: Blissey
|-damage|p1a: Blissey|9/100
|
|-heal|p2a: Cinderace|81/100|[from] Grassy Terrain
|-heal|p1a: Blissey|16/100|[from] Grassy Terrain
|upkeep
|turn|25
|j| Soft223
|l| Tweety McTweet
|l| Soft223
|
|t:|1613079199
|switch|p1a: Corviknight|Corviknight, M, shiny|52/100
|-damage|p1a: Corviknight|40/100|[from] Stealth Rock
|-ability|p1a: Corviknight|Pressure
|move|p2a: Cinderace|Pyro Ball|p1a: Corviknight
|-supereffective|p1a: Corviknight
|-damage|p1a: Corviknight|0 fnt
|faint|p1a: Corviknight
|
|-heal|p2a: Cinderace|87/100|[from] Grassy Terrain
|upkeep
|
|t:|1613079201
|switch|p1a: Zeraora|Zeraora|82/100
|turn|26
|
|t:|1613079206
|move|p1a: Zeraora|Plasma Fists|p2a: Cinderace
|-damage|p2a: Cinderace|14/100
|-fieldactivate|move: Ion Deluge
|move|p2a: Cinderace|Pyro Ball|p1a: Zeraora
|-damage|p1a: Zeraora|0 fnt
|faint|p1a: Zeraora
|
|-heal|p2a: Cinderace|20/100|[from] Grassy Terrain
|-fieldend|move: Grassy Terrain
|upkeep
|-message|free rent forfeited.
|
|win|wsdfg
|l|‽free rent
|l| hypervortexreturns
|l|☆wsdfg
