|html|<div class="broadcast-blue"><strong>[Gen 8] OU is currently suspecting Melmetal! For information on how to participate check out the <a href="https://www.smogon.com/forums/threads/np-ss-ou-suspect-process-round-12-monster-mash.3709234/">suspect thread</a>.</strong></div>
|j|☆ywkkdzz
|j|☆iopkj09
|t:|1665751718
|gametype|singles
|player|p1|ywkkdzz|roxanne|1567
|player|p2|iopkj09|nate|1648
|teamsize|p1|6
|teamsize|p2|6
|gen|8
|tier|[Gen 8] OU
|rated|
|rule|Sleep Clause Mod: Limit one foe put to sleep
|rule|Species Clause: Limit one of each Pokémon
|rule|OHKO Clause: OHKO moves are banned
|rule|Evasion Items Clause: Evasion items are banned
|rule|Evasion Moves Clause: Evasion moves are banned
|rule|Endless Battle Clause: Forcing endless battles is banned
|rule|HP Percentage Mod: HP is shown in percentages
|rule|Dynamax Clause: You cannot dynamax
|clearpoke
|poke|p1|Blaziken, M|
|poke|p1|Darmanitan, M|
|poke|p1|Torkoal, M|
|poke|p1|Zapdos-Galar|
|poke|p1|Grimmsnarl, M|
|poke|p1|Garchomp, F|
|poke|p2|Garchomp, M|
|poke|p2|Zapdos|
|poke|p2|Rillaboom, M|
|poke|p2|Tapu Lele|
|poke|p2|Volcanion|
|poke|p2|Weavile, F|
|teampreview
|inactive|Battle timer is ON: inactive players will automatically lose when time's up. (requested by iopkj09)
|j| KangkongNation3
|
|t:|1665751747
|start
|switch|p1a: Torkoal|Torkoal, M|100/100
|switch|p2a: Volcanion|Volcanion|100/100
|-weather|SunnyDay|[from] ability: Drought|[of] p1a: Torkoal
|turn|1
|
|t:|1665751766
|move|p2a: Volcanion|Sludge Wave|p1a: Torkoal
|-damage|p1a: Torkoal|58/100
|-enditem|p1a: Torkoal|Eject Button
|
|t:|1665751770
|switch|p1a: Garchomp|Garchomp, F|100/100
|
|-weather|SunnyDay|[upkeep]
|upkeep
|turn|2
|
|t:|1665751779
|move|p1a: Garchomp|Stone Edge|p2a: Volcanion
|-supereffective|p2a: Volcanion
|-damage|p2a: Volcanion|35/100
|-damage|p1a: Garchomp|91/100|[from] item: Life Orb
|move|p2a: Volcanion|Earth Power|p1a: Garchomp
|-crit|p1a: Garchomp
|-damage|p1a: Garchomp|40/100
|
|-weather|SunnyDay|[upkeep]
|upkeep
|turn|3
|
|t:|1665751797
|move|p1a: Garchomp|Earthquake|p2a: Volcanion
|-supereffective|p2a: Volcanion
|-damage|p2a: Volcanion|0 fnt
|faint|p2a: Volcanion
|-damage|p1a: Garchomp|30/100|[from] item: Life Orb
|
|-weather|SunnyDay|[upkeep]
|upkeep
|
|t:|1665751799
|switch|p2a: Weavile|Weavile, F|100/100
|-ability|p2a: Weavile|Pressure
|turn|4
|
|t:|1665751807
|move|p2a: Weavile|Swords Dance|p2a: Weavile
|-boost|p2a: Weavile|atk|2
|move|p1a: Garchomp|Earthquake|p2a: Weavile
|-enditem|p2a: Weavile|Focus Sash
|-damage|p2a: Weavile|1/100
|-damage|p1a: Garchomp|21/100|[from] item: Life Orb
|
|-weather|SunnyDay|[upkeep]
|upkeep
|turn|5
|j| ArianaBlonde
|
|t:|1665751825
|move|p2a: Weavile|Ice Shard|p1a: Garchomp
|-supereffective|p1a: Garchomp
|-damage|p1a: Garchomp|0 fnt
|faint|p1a: Garchomp
|
|-weather|none
|upkeep
|
|t:|1665751832
|switch|p1a: Darmanitan|Darmanitan, M|100/100
|turn|6
|l| KangkongNation3
|
|t:|1665751837
|move|p2a: Weavile|Ice Shard|p1a: Darmanitan
|-resisted|p1a: Darmanitan
|-damage|p1a: Darmanitan|67/100
|move|p1a: Darmanitan|U-turn|p2a: Weavile
|-supereffective|p2a: Weavile
|-damage|p2a: Weavile|0 fnt
|faint|p2a: Weavile
|
|t:|1665751846
|switch|p1a: Torkoal|Torkoal, M|58/100|[from]move: U-turn
|-weather|SunnyDay|[from] ability: Drought|[of] p1a: Torkoal
|
|-weather|SunnyDay|[upkeep]
|upkeep
|
|t:|1665751850
|switch|p2a: Tapu Lele|Tapu Lele|100/100
|-fieldstart|move: Psychic Terrain|[from] ability: Psychic Surge|[of] p2a: Tapu Lele
|turn|7
|
|t:|1665751871
|move|p2a: Tapu Lele|Moonblast|p1a: Torkoal
|-resisted|p1a: Torkoal
|-damage|p1a: Torkoal|11/100
|move|p1a: Torkoal|Yawn|p2a: Tapu Lele
|-start|p2a: Tapu Lele|move: Yawn|[of] p1a: Torkoal
|
|-weather|SunnyDay|[upkeep]
|upkeep
|turn|8
|
|t:|1665751882
|switch|p2a: Garchomp|Garchomp, M, shiny|100/100
|switch|p1a: Darmanitan|Darmanitan, M|67/100
|
|-weather|SunnyDay|[upkeep]
|upkeep
|turn|9
|
|t:|1665751889
|move|p2a: Garchomp|Earthquake|p1a: Darmanitan
|-supereffective|p1a: Darmanitan
|-damage|p1a: Darmanitan|0 fnt
|faint|p1a: Darmanitan
|
|-weather|SunnyDay|[upkeep]
|upkeep
|
|t:|1665751894
|switch|p1a: Blaziken|Blaziken, M|100/100
|-item|p1a: Blaziken|Air Balloon
|turn|10
|
|t:|1665751899
|switch|p2a: Zapdos|Zapdos, shiny|100/100
|move|p1a: Blaziken|Swords Dance|p1a: Blaziken
|-boost|p1a: Blaziken|atk|2
|
|-weather|none
|-ability|p1a: Blaziken|Speed Boost|boost
|-boost|p1a: Blaziken|spe|1
|upkeep
|turn|11
|
|t:|1665751906
|move|p1a: Blaziken|Flare Blitz|p2a: Zapdos
|-damage|p2a: Zapdos|0 fnt
|faint|p2a: Zapdos
|-damage|p1a: Blaziken|65/100|[from] Recoil
|
|-fieldend|move: Psychic Terrain
|-ability|p1a: Blaziken|Speed Boost|boost
|-boost|p1a: Blaziken|spe|1
|upkeep
|-message|iopkj09 forfeited.
|
|win|ywkkdzz
|raw|ywkkdzz's rating: 1567 &rarr; <strong>1592</strong><br />(+25 for winning)
|raw|iopkj09's rating: 1648 &rarr; <strong>1623</strong><br />(-25 for losing)
|l|☆iopkj09
|l| ArianaBlonde
||Ladder isn't responding, score probably updated but might not have (Request timeout).
