|j|☆Commando 55
|j|☆Fusien
|t:|1602368443
|player|p1|Commando 55|iris-gen5bw2|1732
|player|p2|Fusien|roxie|1712
|teamsize|p1|6
|teamsize|p2|6
|gametype|singles
|gen|8
|tier|[Gen 8] OU
|rated|
|clearpoke
|poke|p1|Zarude|
|poke|p1|Clefable, M|
|poke|p1|Rillaboom, F|
|poke|p1|Dragapult, M|
|poke|p1|Rotom-Heat|
|poke|p1|Hippowdon, F|
|poke|p2|Urshifu-*, M|
|poke|p2|Rillaboom, M|
|poke|p2|Magnezone|
|poke|p2|Chansey, F|
|poke|p2|Weezing-Galar, M|
|poke|p2|Hydreigon, F|
|rule|Sleep Clause Mod: Limit one foe put to sleep
|rule|Species Clause: Limit one of each Pokémon
|rule|OHKO Clause: OHKO moves are banned
|rule|Evasion Moves Clause: Evasion moves are banned
|rule|Endless Battle Clause: Forcing endless battles is banned
|rule|HP Percentage Mod: HP is shown in percentages
|rule|Dynamax Clause: You cannot dynamax
|teampreview
|c|☆Fusien|Glhf
|c|☆Commando 55|Gl
|j| Stone777
|j| xoizzxizxixz
|j| niqquaa
|
|t:|1602368460
|start
|switch|p1a: Dragapult|Dragapult, M|100/100
|switch|p2a: Judge|Rillaboom, M|100/100
|-fieldstart|move: Grassy Terrain|[from] ability: Grassy Surge|[of] p2a: Judge
|turn|1
|inactive|Battle timer is ON: inactive players will automatically lose when time's up. (requested by Commando 55)
|
|t:|1602368469
|switch|p2a: Mia Fey|Chansey, F|100/100
|move|p1a: Dragapult|U-turn|p2a: Mia Fey
|-damage|p2a: Mia Fey|90/100
|
|t:|1602368476
|switch|p1a: Zarude|Zarude|100/100|[from]move: U-turn
|
|-heal|p2a: Mia Fey|96/100|[from] Grassy Terrain
|upkeep
|turn|2
|
|t:|1602368482
|move|p1a: Zarude|Power Whip|p2a: Mia Fey|[miss]
|-miss|p1a: Zarude|p2a: Mia Fey
|move|p2a: Mia Fey|Stealth Rock|p1a: Zarude
|-sidestart|p1: Commando 55|move: Stealth Rock
|
|-heal|p2a: Mia Fey|100/100|[from] Grassy Terrain
|upkeep
|turn|3
|c|☆Fusien|Mb
|
|t:|1602368493
|switch|p2a: Phoenix Wright|Weezing-Galar, M|100/100
|-ability|p2a: Phoenix Wright|Neutralizing Gas
|move|p1a: Zarude|Power Whip|p2a: Phoenix Wright
|-resisted|p2a: Phoenix Wright
|-damage|p2a: Phoenix Wright|64/100
|-damage|p1a: Zarude|91/100|[from] item: Life Orb
|
|-heal|p1a: Zarude|97/100|[from] Grassy Terrain
|-heal|p2a: Phoenix Wright|70/100|[from] item: Black Sludge
|-heal|p2a: Phoenix Wright|76/100|[from] Grassy Terrain
|upkeep
|turn|4
|
|t:|1602368503
|switch|p1a: Rotom|Rotom-Heat|100/100
|switch|p2a: Miles Edgeworth|Urshifu, M|100/100
|
|upkeep
|turn|5
|
|t:|1602368515
|switch|p1a: Clefable|Clefable, M|100/100
|move|p2a: Miles Edgeworth|Wicked Blow|p1a: Clefable
|-resisted|p1a: Clefable
|-crit|p1a: Clefable
|-damage|p1a: Clefable|59/100
|
|-heal|p1a: Clefable|65/100|[from] item: Leftovers
|-heal|p1a: Clefable|71/100|[from] Grassy Terrain
|-fieldend|move: Grassy Terrain
|upkeep
|turn|6
|
|t:|1602368526
|switch|p2a: Mia Fey|Chansey, F|100/100
|move|p1a: Clefable|Wish|p1a: Clefable
|
|-heal|p1a: Clefable|77/100|[from] item: Leftovers
|upkeep
|turn|7
|
|t:|1602368535
|move|p1a: Clefable|Teleport|p1a: Clefable
|
|t:|1602368539
|switch|p1a: Rillaboom|Rillaboom, F|100/100|[from]move: Teleport
|-damage|p1a: Rillaboom|88/100|[from] Stealth Rock
|-fieldstart|move: Grassy Terrain|[from] ability: Grassy Surge|[of] p1a: Rillaboom
|move|p2a: Mia Fey|Teleport|p2a: Mia Fey
|
|t:|1602368542
|switch|p2a: Miles Edgeworth|Urshifu, M|100/100|[from]move: Teleport
|
|-heal|p1a: Rillaboom|100/100|[from] move: Wish|[wisher] Clefable
|upkeep
|turn|8
|
|t:|1602368551
|move|p2a: Miles Edgeworth|U-turn|p1a: Rillaboom
|-supereffective|p1a: Rillaboom
|-damage|p1a: Rillaboom|44/100
|
|t:|1602368553
|switch|p2a: Phoenix Wright|Weezing-Galar, M|76/100|[from]move: U-turn
|-ability|p2a: Phoenix Wright|Neutralizing Gas
|move|p1a: Rillaboom|Knock Off|p2a: Phoenix Wright
|-resisted|p2a: Phoenix Wright
|-damage|p2a: Phoenix Wright|66/100
|-enditem|p2a: Phoenix Wright|Black Sludge|[from] move: Knock Off|[of] p1a: Rillaboom
|
|-heal|p1a: Rillaboom|50/100|[from] Grassy Terrain
|-heal|p2a: Phoenix Wright|72/100|[from] Grassy Terrain
|upkeep
|turn|9
|
|t:|1602368567
|switch|p2a: Miles Edgeworth|Urshifu, M|100/100
|move|p1a: Rillaboom|Protect||[still]
|-fail|p1a: Rillaboom
|
|-heal|p1a: Rillaboom|57/100|[from] Grassy Terrain
|upkeep
|turn|10
|
|t:|1602368574
|switch|p1a: Clefable|Clefable, M|77/100
|move|p2a: Miles Edgeworth|U-turn|p1a: Clefable
|-resisted|p1a: Clefable
|-damage|p1a: Clefable|61/100
|
|t:|1602368578
|switch|p2a: Judge|Rillaboom, M|100/100|[from]move: U-turn
|
|-heal|p1a: Clefable|68/100|[from] item: Leftovers
|-heal|p1a: Clefable|74/100|[from] Grassy Terrain
|upkeep
|turn|11
|
|t:|1602368588
|move|p1a: Clefable|Protect|p1a: Clefable
|-singleturn|p1a: Clefable|Protect
|move|p2a: Judge|Wood Hammer|p1a: Clefable
|-activate|p1a: Clefable|move: Protect
|
|-heal|p1a: Clefable|80/100|[from] item: Leftovers
|-heal|p1a: Clefable|86/100|[from] Grassy Terrain
|upkeep
|turn|12
|
|t:|1602368597
|switch|p1a: Rotom|Rotom-Heat|100/100
|move|p2a: Judge|Wood Hammer|p1a: Rotom
|-resisted|p1a: Rotom
|-damage|p1a: Rotom|36/100
|-damage|p2a: Judge|81/100|[from] Recoil
|
|-heal|p2a: Judge|88/100|[from] Grassy Terrain
|upkeep
|turn|13
|
|t:|1602368609
|switch|p2a: Phoenix Wright|Weezing-Galar, M|72/100
|-ability|p2a: Phoenix Wright|Neutralizing Gas
|move|p1a: Rotom|Defog|p2a: Phoenix Wright
|-unboost|p2a: Phoenix Wright|evasion|1
|-sideend|p1: Commando 55|Stealth Rock|[from] move: Defog|[of] p1a: Rotom
|-fieldend|move: Grassy Terrain
|
|upkeep
|turn|14
|
|t:|1602368614
|switch|p2a: Mia Fey|Chansey, F|100/100
|move|p1a: Rotom|Volt Switch|p2a: Mia Fey
|-damage|p2a: Mia Fey|93/100
|
|t:|1602368618
|switch|p1a: Rillaboom|Rillaboom, F|57/100|[from]move: Volt Switch
|-fieldstart|move: Grassy Terrain|[from] ability: Grassy Surge|[of] p1a: Rillaboom
|
|-heal|p1a: Rillaboom|63/100|[from] Grassy Terrain
|-heal|p2a: Mia Fey|99/100|[from] Grassy Terrain
|upkeep
|turn|15
|
|t:|1602368622
|move|p1a: Rillaboom|Knock Off|p2a: Mia Fey
|-damage|p2a: Mia Fey|81/100
|-enditem|p2a: Mia Fey|Eviolite|[from] move: Knock Off|[of] p1a: Rillaboom
|move|p2a: Mia Fey|Stealth Rock|p1a: Rillaboom
|-sidestart|p1: Commando 55|move: Stealth Rock
|
|-heal|p1a: Rillaboom|69/100|[from] Grassy Terrain
|-heal|p2a: Mia Fey|88/100|[from] Grassy Terrain
|upkeep
|turn|16
|
|t:|1602368629
|move|p1a: Rillaboom|Leech Seed|p2a: Mia Fey
|-start|p2a: Mia Fey|move: Leech Seed
|move|p2a: Mia Fey|Teleport|p2a: Mia Fey
|
|t:|1602368631
|switch|p2a: Miles Edgeworth|Urshifu, M|100/100|[from]move: Teleport
|
|-heal|p1a: Rillaboom|75/100|[from] Grassy Terrain
|upkeep
|turn|17
|
|t:|1602368649
|switch|p1a: Hippowdon|Hippowdon, F|100/100
|-damage|p1a: Hippowdon|94/100|[from] Stealth Rock
|-weather|Sandstorm|[from] ability: Sand Stream|[of] p1a: Hippowdon
|move|p2a: Miles Edgeworth|U-turn|p1a: Hippowdon
|-damage|p1a: Hippowdon|68/100
|
|t:|1602368652
|switch|p2a: Judge|Rillaboom, M|88/100|[from]move: U-turn
|
|-weather|Sandstorm|[upkeep]
|-damage|p2a: Judge|81/100|[from] Sandstorm
|-heal|p2a: Judge|88/100|[from] Grassy Terrain
|-heal|p1a: Hippowdon|74/100|[from] item: Leftovers
|-heal|p1a: Hippowdon|80/100|[from] Grassy Terrain
|upkeep
|turn|18
|
|t:|1602368658
|switch|p1a: Rillaboom|Rillaboom, F|75/100
|-damage|p1a: Rillaboom|63/100|[from] Stealth Rock
|move|p2a: Judge|Wood Hammer|p1a: Rillaboom
|-resisted|p1a: Rillaboom
|-damage|p1a: Rillaboom|22/100
|-damage|p2a: Judge|72/100|[from] Recoil
|
|-weather|Sandstorm|[upkeep]
|-damage|p2a: Judge|66/100|[from] Sandstorm
|-damage|p1a: Rillaboom|16/100|[from] Sandstorm
|-heal|p2a: Judge|72/100|[from] Grassy Terrain
|-heal|p1a: Rillaboom|22/100|[from] Grassy Terrain
|upkeep
|turn|19
|
|t:|1602368664
|move|p1a: Rillaboom|Protect|p1a: Rillaboom
|-singleturn|p1a: Rillaboom|Protect
|move|p2a: Judge|Wood Hammer|p1a: Rillaboom
|-activate|p1a: Rillaboom|move: Protect
|
|-weather|Sandstorm|[upkeep]
|-damage|p2a: Judge|66/100|[from] Sandstorm
|-damage|p1a: Rillaboom|16/100|[from] Sandstorm
|-heal|p2a: Judge|72/100|[from] Grassy Terrain
|-heal|p1a: Rillaboom|22/100|[from] Grassy Terrain
|upkeep
|turn|20
|l| Stone777
|j| prorick
|c| prorick|<3
|
|t:|1602368684
|move|p2a: Judge|Wood Hammer|p1a: Rillaboom
|-resisted|p1a: Rillaboom
|-damage|p1a: Rillaboom|0 fnt
|-damage|p2a: Judge|64/100|[from] Recoil
|faint|p1a: Rillaboom
|
|-weather|Sandstorm|[upkeep]
|-damage|p2a: Judge|57/100|[from] Sandstorm
|-heal|p2a: Judge|64/100|[from] Grassy Terrain
|upkeep
|
|t:|1602368685
|switch|p1a: Zarude|Zarude|97/100
|-damage|p1a: Zarude|84/100|[from] Stealth Rock
|turn|21
|j| AquaVanilla
|
|t:|1602368690
|switch|p2a: Phoenix Wright|Weezing-Galar, M|72/100
|-ability|p2a: Phoenix Wright|Neutralizing Gas
|move|p1a: Zarude|Power Whip|p2a: Phoenix Wright
|-resisted|p2a: Phoenix Wright
|-damage|p2a: Phoenix Wright|41/100
|-damage|p1a: Zarude|74/100|[from] item: Life Orb
|
|-weather|none
|-heal|p1a: Zarude|80/100|[from] Grassy Terrain
|-heal|p2a: Phoenix Wright|47/100|[from] Grassy Terrain
|-fieldend|move: Grassy Terrain
|upkeep
|turn|22
|
|t:|1602368706
|switch|p1a: Rotom|Rotom-Heat|36/100
|move|p2a: Phoenix Wright|Pain Split|p1a: Rotom
|-sethp|p1a: Rotom|44/100|[from] move: Pain Split|[silent]
|-sethp|p2a: Phoenix Wright|40/100|[from] move: Pain Split
|
|upkeep
|turn|23
|
|t:|1602368716
|switch|p2a: Mia Fey|Chansey, F|88/100
|move|p1a: Rotom|Defog|p2a: Mia Fey
|-unboost|p2a: Mia Fey|evasion|1
|-sideend|p1: Commando 55|Stealth Rock|[from] move: Defog|[of] p1a: Rotom
|
|upkeep
|turn|24
|
|t:|1602368721
|move|p1a: Rotom|Volt Switch|p2a: Mia Fey
|-damage|p2a: Mia Fey|75/100
|
|t:|1602368724
|switch|p1a: Zarude|Zarude|80/100|[from]move: Volt Switch
|move|p2a: Mia Fey|Toxic|p1a: Zarude
|-status|p1a: Zarude|tox
|
|-damage|p1a: Zarude|74/100 tox|[from] psn
|upkeep
|turn|25
|
|t:|1602368733
|switch|p2a: Phoenix Wright|Weezing-Galar, M|40/100
|-ability|p2a: Phoenix Wright|Neutralizing Gas
|move|p1a: Zarude|Jungle Healing|p1a: Zarude
|-heal|p1a: Zarude|99/100 tox
|-curestatus|p1a: Zarude|tox|[msg]
|
|upkeep
|turn|26
|
|t:|1602368743
|switch|p1a: Rotom|Rotom-Heat|44/100
|switch|p2a: Mia Fey|Chansey, F|75/100
|
|upkeep
|turn|27
|
|t:|1602368747
|move|p1a: Rotom|Volt Switch|p2a: Mia Fey
|-damage|p2a: Mia Fey|63/100
|
|t:|1602368748
|switch|p1a: Zarude|Zarude|99/100|[from]move: Volt Switch
|move|p2a: Mia Fey|Stealth Rock|p1a: Zarude
|-sidestart|p1: Commando 55|move: Stealth Rock
|
|upkeep
|turn|28
|
|t:|1602368753
|switch|p2a: Maya Fey|Hydreigon, F|100/100
|move|p1a: Zarude|Power Whip|p2a: Maya Fey
|-resisted|p2a: Maya Fey
|-damage|p2a: Maya Fey|53/100
|-damage|p1a: Zarude|89/100|[from] item: Life Orb
|
|upkeep
|turn|29
|
|t:|1602368769
|move|p2a: Maya Fey|U-turn|p1a: Zarude
|-supereffective|p1a: Zarude
|-damage|p1a: Zarude|34/100
|
|t:|1602368771
|switch|p2a: Phoenix Wright|Weezing-Galar, M|40/100|[from]move: U-turn
|-ability|p2a: Phoenix Wright|Neutralizing Gas
|move|p1a: Zarude|Bulk Up|p1a: Zarude
|-boost|p1a: Zarude|atk|1
|-boost|p1a: Zarude|def|1
|
|upkeep
|turn|30
|
|t:|1602368776
|move|p1a: Zarude|Power Whip|p2a: Phoenix Wright
|-resisted|p2a: Phoenix Wright
|-damage|p2a: Phoenix Wright|0 fnt
|-damage|p1a: Zarude|24/100|[from] item: Life Orb
|faint|p2a: Phoenix Wright
|
|upkeep
|
|t:|1602368779
|switch|p2a: Maya Fey|Hydreigon, F|53/100
|turn|31
|
|t:|1602368785
|switch|p1a: Clefable|Clefable, M|86/100
|move|p2a: Maya Fey|U-turn|p1a: Clefable
|-resisted|p1a: Clefable
|-damage|p1a: Clefable|80/100
|
|t:|1602368788
|switch|p2a: Judge|Rillaboom, M|64/100|[from]move: U-turn
|-fieldstart|move: Grassy Terrain|[from] ability: Grassy Surge|[of] p2a: Judge
|
|-heal|p2a: Judge|70/100|[from] Grassy Terrain
|-heal|p1a: Clefable|86/100|[from] item: Leftovers
|-heal|p1a: Clefable|92/100|[from] Grassy Terrain
|upkeep
|turn|32
|
|t:|1602368792
|move|p1a: Clefable|Protect|p1a: Clefable
|-singleturn|p1a: Clefable|Protect
|move|p2a: Judge|Wood Hammer|p1a: Clefable
|-activate|p1a: Clefable|move: Protect
|
|-heal|p2a: Judge|76/100|[from] Grassy Terrain
|-heal|p1a: Clefable|98/100|[from] item: Leftovers
|-heal|p1a: Clefable|100/100|[from] Grassy Terrain
|upkeep
|turn|33
|j| cypherstest
|inactive|Commando 55 has 120 seconds left.
|
|t:|1602368840
|switch|p1a: Rotom|Rotom-Heat|44/100
|move|p2a: Judge|Wood Hammer|p1a: Rotom
|-resisted|p1a: Rotom
|-crit|p1a: Rotom
|-damage|p1a: Rotom|0 fnt
|-damage|p2a: Judge|63/100|[from] Recoil
|faint|p1a: Rotom
|
|-heal|p2a: Judge|69/100|[from] Grassy Terrain
|upkeep
|
|t:|1602368842
|switch|p1a: Dragapult|Dragapult, M|100/100
|-damage|p1a: Dragapult|88/100|[from] Stealth Rock
|turn|34
|
|t:|1602368845
|switch|p2a: Mia Fey|Chansey, F|63/100
|move|p1a: Dragapult|U-turn|p2a: Mia Fey
|-damage|p2a: Mia Fey|47/100
|
|t:|1602368847
|switch|p1a: Zarude|Zarude|24/100|[from]move: U-turn
|-damage|p1a: Zarude|11/100|[from] Stealth Rock
|
|-heal|p1a: Zarude|17/100|[from] Grassy Terrain
|-heal|p2a: Mia Fey|53/100|[from] Grassy Terrain
|upkeep
|turn|35
|j| tungulus
|
|t:|1602368857
|move|p1a: Zarude|Power Whip|p2a: Mia Fey
|-damage|p2a: Mia Fey|0 fnt
|-damage|p1a: Zarude|7/100|[from] item: Life Orb
|faint|p2a: Mia Fey
|
|-heal|p1a: Zarude|13/100|[from] Grassy Terrain
|-fieldend|move: Grassy Terrain
|upkeep
|
|t:|1602368861
|switch|p2a: Maya Fey|Hydreigon, F|53/100
|turn|36
|
|t:|1602368871
|switch|p1a: Dragapult|Dragapult, M|88/100
|-damage|p1a: Dragapult|76/100|[from] Stealth Rock
|move|p2a: Maya Fey|U-turn|p1a: Dragapult
|-resisted|p1a: Dragapult
|-damage|p1a: Dragapult|66/100
|
|t:|1602368873
|switch|p2a: Miles Edgeworth|Urshifu, M|100/100|[from]move: U-turn
|
|upkeep
|turn|37
|
|t:|1602368879
|move|p2a: Miles Edgeworth|Sucker Punch|p1a: Dragapult
|-supereffective|p1a: Dragapult
|-damage|p1a: Dragapult|0 fnt
|faint|p1a: Dragapult
|
|upkeep
|
|t:|1602368893
|switch|p1a: Zarude|Zarude|13/100
|-damage|p1a: Zarude|1/100|[from] Stealth Rock
|turn|38
|
|t:|1602368897
|switch|p2a: Maya Fey|Hydreigon, F|53/100
|move|p1a: Zarude|Jungle Healing|p1a: Zarude
|-heal|p1a: Zarude|26/100
|
|upkeep
|turn|39
|
|t:|1602368901
|switch|p1a: Clefable|Clefable, M|100/100
|move|p2a: Maya Fey|U-turn|p1a: Clefable
|-resisted|p1a: Clefable
|-damage|p1a: Clefable|95/100
|
|t:|1602368903
|switch|p2a: Detective Gumshoe|Magnezone|100/100|[from]move: U-turn
|
|-heal|p1a: Clefable|100/100|[from] item: Leftovers
|upkeep
|turn|40
|
|t:|1602368907
|move|p1a: Clefable|Protect|p1a: Clefable
|-singleturn|p1a: Clefable|Protect
|move|p2a: Detective Gumshoe|Flash Cannon|p1a: Clefable
|-activate|p1a: Clefable|move: Protect
|
|upkeep
|turn|41
|
|t:|1602368909
|switch|p1a: Hippowdon|Hippowdon, F|80/100
|-damage|p1a: Hippowdon|74/100|[from] Stealth Rock
|-weather|Sandstorm|[from] ability: Sand Stream|[of] p1a: Hippowdon
|move|p2a: Detective Gumshoe|Flash Cannon|p1a: Hippowdon
|-damage|p1a: Hippowdon|15/100
|
|-weather|Sandstorm|[upkeep]
|-heal|p1a: Hippowdon|21/100|[from] item: Leftovers
|upkeep
|turn|42
|
|t:|1602368911
|move|p2a: Detective Gumshoe|Flash Cannon|p1a: Hippowdon
|-damage|p1a: Hippowdon|0 fnt
|faint|p1a: Hippowdon
|
|-weather|Sandstorm|[upkeep]
|upkeep
|-message|Commando 55 forfeited.
|
|win|Fusien
|l|☆Commando 55
|raw|Commando 55's rating: 1733 &rarr; <strong>1711</strong><br />(-22 for losing)
|raw|Fusien's rating: 1712 &rarr; <strong>1733</strong><br />(+21 for winning)
|c|☆Fusien|Gg
|l| xoizzxizxixz
|l| AquaVanilla
