|j|☆paco972
|j|☆A3720
|t:|1651294856
|gametype|singles
|player|p1|paco972|marshal|1621
|player|p2|A3720|101|1593
|teamsize|p1|6
|teamsize|p2|6
|gen|8
|tier|[Gen 8] OU
|rated|
|rule|Sleep Clause Mod: Limit one foe put to sleep
|rule|Species Clause: Limit one of each Pokémon
|rule|OHKO Clause: OHKO moves are banned
|rule|Evasion Moves Clause: Evasion moves are banned
|rule|Endless Battle Clause: Forcing endless battles is banned
|rule|HP Percentage Mod: HP is shown in percentages
|rule|Dynamax Clause: You cannot dynamax
|clearpoke
|poke|p1|Zapdos-Galar|
|poke|p1|Dragapult, F|
|poke|p1|Bisharp, F|
|poke|p1|Mew|
|poke|p1|Garchomp, M|
|poke|p1|Rillaboom, M|
|poke|p2|Hydreigon, M|
|poke|p2|Ferrothorn, M|
|poke|p2|Zeraora|
|poke|p2|Slowbro, F|
|poke|p2|Nihilego|
|poke|p2|Landorus-Therian, M|
|teampreview
|inactive|Battle timer is ON: inactive players will automatically lose when time's up. (requested by paco972)
|
|t:|1651294878
|start
|switch|p1a: Garchomp|Garchomp, M|100/100
|switch|p2a: Hydreigon|Hydreigon, M|100/100
|turn|1
|
|t:|1651294906
|switch|p1a: Bisharp|Bisharp, F|100/100
|move|p2a: Hydreigon|Dark Pulse|p1a: Bisharp
|-resisted|p1a: Bisharp
|-damage|p1a: Bisharp|57/100
|-damage|p2a: Hydreigon|91/100|[from] item: Life Orb
|
|upkeep
|turn|2
|inactive|paco972 has 120 seconds left.
|
|t:|1651294931
|switch|p2a: Ferrothorn|Ferrothorn, M|100/100
|move|p1a: Bisharp|Knock Off|p2a: Ferrothorn
|-damage|p2a: Ferrothorn|66/100
|-damage|p1a: Bisharp|45/100|[from] ability: Iron Barbs|[of] p2a: Ferrothorn
|-damage|p1a: Bisharp|29/100|[from] item: Rocky Helmet|[of] p2a: Ferrothorn
|-enditem|p2a: Ferrothorn|Rocky Helmet|[from] move: Knock Off|[of] p1a: Bisharp
|
|upkeep
|turn|3
|
|t:|1651294948
|move|p1a: Bisharp|Swords Dance|p1a: Bisharp
|-boost|p1a: Bisharp|atk|2
|move|p2a: Ferrothorn|Spikes|p1a: Bisharp
|-sidestart|p1: paco972|Spikes
|
|upkeep
|turn|4
|
|t:|1651294970
|move|p1a: Bisharp|Knock Off|p2a: Ferrothorn
|-damage|p2a: Ferrothorn|14/100
|-damage|p1a: Bisharp|16/100|[from] ability: Iron Barbs|[of] p2a: Ferrothorn
|move|p2a: Ferrothorn|Gyro Ball|p1a: Bisharp
|-resisted|p1a: Bisharp
|-damage|p1a: Bisharp|0 fnt
|faint|p1a: Bisharp
|
|upkeep
|j| call the crew
|l| call the crew
|inactive|paco972 has 90 seconds left.
|inactive|paco972 has 60 seconds left.
|
|t:|1651295015
|switch|p1a: Zapdos|Zapdos-Galar|100/100
|turn|5
|
|t:|1651295020
|move|p1a: Zapdos|U-turn|p2a: Ferrothorn
|-damage|p2a: Ferrothorn|0 fnt
|-damage|p1a: Zapdos|88/100|[from] ability: Iron Barbs|[of] p2a: Ferrothorn
|faint|p2a: Ferrothorn
|inactive|paco972 has 60 seconds left.
|
|t:|1651295030
|switch|p1a: Mew|Mew|100/100|[from]move: U-turn
|-damage|p1a: Mew|88/100|[from] Spikes
|
|upkeep
|
|t:|1651295060
|switch|p2a: Hydreigon|Hydreigon, M|91/100
|turn|6
|
|t:|1651295064
|move|p1a: Mew|Stealth Rock|p2a: Hydreigon
|-sidestart|p2: A3720|move: Stealth Rock
|move|p2a: Hydreigon|Dark Pulse|p1a: Mew
|-supereffective|p1a: Mew
|-damage|p1a: Mew|0 fnt
|faint|p1a: Mew
|-damage|p2a: Hydreigon|81/100|[from] item: Life Orb
|
|upkeep
|
|t:|1651295079
|switch|p1a: Dragapult|Dragapult, F|100/100
|-damage|p1a: Dragapult|88/100|[from] Spikes
|turn|7
|
|t:|1651295091
|switch|p2a: Nihilego|Nihilego|100/100
|-damage|p2a: Nihilego|88/100|[from] Stealth Rock
|move|p1a: Dragapult|Substitute|p1a: Dragapult
|-start|p1a: Dragapult|Substitute
|-damage|p1a: Dragapult|63/100
|
|-heal|p1a: Dragapult|69/100|[from] item: Leftovers
|-heal|p2a: Nihilego|94/100|[from] item: Black Sludge
|upkeep
|turn|8
|
|t:|1651295096
|move|p1a: Dragapult|Dragon Dance|p1a: Dragapult
|-boost|p1a: Dragapult|atk|1
|-boost|p1a: Dragapult|spe|1
|move|p2a: Nihilego|Knock Off|p1a: Dragapult
|-supereffective|p1a: Dragapult
|-end|p1a: Dragapult|Substitute
|
|-heal|p1a: Dragapult|75/100|[from] item: Leftovers
|-heal|p2a: Nihilego|100/100|[from] item: Black Sludge
|upkeep
|turn|9
|inactive|paco972 has 90 seconds left.
|
|t:|1651295106
|move|p1a: Dragapult|Dragon Darts|p2a: Nihilego
|-damage|p2a: Nihilego|41/100
|-anim|p1a: Dragapult|Dragon Darts|p2a: Nihilego
|-damage|p2a: Nihilego|0 fnt
|faint|p2a: Nihilego
|
|-heal|p1a: Dragapult|81/100|[from] item: Leftovers
|upkeep
|
|t:|1651295110
|switch|p2a: Landorus|Landorus-Therian, M|100/100
|-damage|p2a: Landorus|88/100|[from] Stealth Rock
|-ability|p2a: Landorus|Intimidate|boost
|-unboost|p1a: Dragapult|atk|1
|turn|10
|
|t:|1651295122
|switch|p1a: Zapdos|Zapdos-Galar|88/100
|move|p2a: Landorus|Knock Off|p1a: Zapdos
|-resisted|p1a: Zapdos
|-damage|p1a: Zapdos|63/100
|-enditem|p1a: Zapdos|Choice Band|[from] move: Knock Off|[of] p2a: Landorus
|
|-heal|p2a: Landorus|94/100|[from] item: Leftovers
|upkeep
|turn|11
|
|t:|1651295137
|move|p1a: Zapdos|Thunderous Kick|p2a: Landorus
|-resisted|p2a: Landorus
|-damage|p2a: Landorus|71/100
|-unboost|p2a: Landorus|def|1
|move|p2a: Landorus|U-turn|p1a: Zapdos
|-resisted|p1a: Zapdos
|-damage|p1a: Zapdos|55/100
|
|t:|1651295142
|switch|p2a: Zeraora|Zeraora|100/100|[from]move: U-turn
|
|upkeep
|turn|12
|
|t:|1651295162
|switch|p1a: Garchomp|Garchomp, M|100/100
|-damage|p1a: Garchomp|88/100|[from] Spikes
|move|p2a: Zeraora|Knock Off|p1a: Garchomp
|-damage|p1a: Garchomp|59/100
|-damage|p2a: Zeraora|88/100|[from] ability: Rough Skin|[of] p1a: Garchomp
|-enditem|p1a: Garchomp|Leftovers|[from] move: Knock Off|[of] p2a: Zeraora
|
|upkeep
|turn|13
|j| Noob 0_o
|inactive|paco972 has 90 seconds left.
|
|t:|1651295184
|move|p2a: Zeraora|Close Combat|p1a: Garchomp
|-damage|p1a: Garchomp|22/100
|-unboost|p2a: Zeraora|def|1
|-unboost|p2a: Zeraora|spd|1
|-damage|p2a: Zeraora|76/100|[from] ability: Rough Skin|[of] p1a: Garchomp
|move|p1a: Garchomp|Scale Shot|p2a: Zeraora
|-damage|p2a: Zeraora|47/100
|-damage|p2a: Zeraora|19/100
|-damage|p2a: Zeraora|0 fnt
|faint|p2a: Zeraora
|-hitcount|p2: Zeraora|3
|-unboost|p1a: Garchomp|def|1
|-boost|p1a: Garchomp|spe|1
|
|upkeep
|
|t:|1651295191
|switch|p2a: Slowbro|Slowbro, F|100/100
|-damage|p2a: Slowbro|88/100|[from] Stealth Rock
|turn|14
|inactive|paco972 has 90 seconds left.
|
|t:|1651295209
|move|p1a: Garchomp|Earthquake|p2a: Slowbro
|-damage|p2a: Slowbro|57/100
|move|p2a: Slowbro|Scald|p1a: Garchomp
|-damage|p1a: Garchomp|0 fnt
|faint|p1a: Garchomp
|
|upkeep
|inactive|paco972 has 90 seconds left.
|
|t:|1651295220
|switch|p1a: Dragapult|Dragapult, F|81/100
|-damage|p1a: Dragapult|69/100|[from] Spikes
|turn|15
|inactive|paco972 has 90 seconds left.
|
|t:|1651295228
|move|p1a: Dragapult|Substitute|p1a: Dragapult
|-start|p1a: Dragapult|Substitute
|-damage|p1a: Dragapult|44/100
|move|p2a: Slowbro|Teleport|p2a: Slowbro
|
|t:|1651295236
|switch|p2a: Landorus|Landorus-Therian, M|71/100|[from]move: Teleport
|-damage|p2a: Landorus|58/100|[from] Stealth Rock
|-ability|p2a: Landorus|Intimidate|boost
|-immune|p1a: Dragapult
|
|-heal|p1a: Dragapult|50/100|[from] item: Leftovers
|-heal|p2a: Landorus|64/100|[from] item: Leftovers
|upkeep
|turn|16
|
|t:|1651295246
|move|p1a: Dragapult|Dragon Dance|p1a: Dragapult
|-boost|p1a: Dragapult|atk|1
|-boost|p1a: Dragapult|spe|1
|move|p2a: Landorus|Knock Off|p1a: Dragapult
|-supereffective|p1a: Dragapult
|-end|p1a: Dragapult|Substitute
|
|-heal|p1a: Dragapult|56/100|[from] item: Leftovers
|-heal|p2a: Landorus|70/100|[from] item: Leftovers
|upkeep
|turn|17
|
|t:|1651295252
|move|p1a: Dragapult|Dragon Darts|p2a: Landorus
|-damage|p2a: Landorus|36/100
|-anim|p1a: Dragapult|Dragon Darts|p2a: Landorus
|-damage|p2a: Landorus|1/100
|move|p2a: Landorus|Knock Off|p1a: Dragapult
|-supereffective|p1a: Dragapult
|-damage|p1a: Dragapult|0 fnt
|-enditem|p1a: Dragapult|Leftovers|[from] move: Knock Off|[of] p2a: Landorus
|faint|p1a: Dragapult
|
|-heal|p2a: Landorus|7/100|[from] item: Leftovers
|upkeep
|
|t:|1651295265
|switch|p1a: Zapdos|Zapdos-Galar|55/100
|turn|18
|
|t:|1651295273
|move|p1a: Zapdos|Thunderous Kick|p2a: Landorus
|-resisted|p2a: Landorus
|-damage|p2a: Landorus|0 fnt
|faint|p2a: Landorus
|
|upkeep
|
|t:|1651295276
|switch|p2a: Slowbro|Slowbro, F|90/100
|-damage|p2a: Slowbro|77/100|[from] Stealth Rock
|turn|19
|
|t:|1651295288
|move|p1a: Zapdos|U-turn|p2a: Slowbro
|-supereffective|p2a: Slowbro
|-damage|p2a: Slowbro|49/100
|
|t:|1651295291
|switch|p1a: Rillaboom|Rillaboom, M|100/100|[from]move: U-turn
|-damage|p1a: Rillaboom|88/100|[from] Spikes
|-fieldstart|move: Grassy Terrain|[from] ability: Grassy Surge|[of] p1a: Rillaboom
|move|p2a: Slowbro|Teleport|p2a: Slowbro
|
|t:|1651295294
|switch|p2a: Hydreigon|Hydreigon, M|81/100|[from]move: Teleport
|-damage|p2a: Hydreigon|68/100|[from] Stealth Rock
|
|-heal|p1a: Rillaboom|94/100|[from] Grassy Terrain
|upkeep
|turn|20
|j| Bill CipherX
|
|t:|1651295305
|move|p2a: Hydreigon|Dark Pulse|p1a: Rillaboom
|-damage|p1a: Rillaboom|18/100
|-damage|p2a: Hydreigon|59/100|[from] item: Life Orb
|move|p1a: Rillaboom|Superpower|p2a: Hydreigon
|-supereffective|p2a: Hydreigon
|-damage|p2a: Hydreigon|0 fnt
|-unboost|p1a: Rillaboom|atk|1
|-unboost|p1a: Rillaboom|def|1
|faint|p2a: Hydreigon
|-damage|p1a: Rillaboom|8/100|[from] item: Life Orb
|
|-heal|p1a: Rillaboom|14/100|[from] Grassy Terrain
|upkeep
|
|t:|1651295309
|switch|p2a: Slowbro|Slowbro, F|82/100
|-damage|p2a: Slowbro|70/100|[from] Stealth Rock
|turn|21
|
|t:|1651295322
|move|p1a: Rillaboom|Knock Off|p2a: Slowbro
|-supereffective|p2a: Slowbro
|-enditem|p2a: Slowbro|Colbur Berry|[eat]
|-enditem|p2a: Slowbro|Colbur Berry|[weaken]
|-damage|p2a: Slowbro|54/100
|-damage|p1a: Rillaboom|4/100|[from] item: Life Orb
|move|p2a: Slowbro|Scald|p1a: Rillaboom
|-resisted|p1a: Rillaboom
|-damage|p1a: Rillaboom|0 fnt
|faint|p1a: Rillaboom
|
|-heal|p2a: Slowbro|60/100|[from] Grassy Terrain
|upkeep
|
|t:|1651295330
|switch|p1a: Zapdos|Zapdos-Galar|55/100
|turn|22
|
|t:|1651295340
|move|p1a: Zapdos|Thunderous Kick|p2a: Slowbro
|-resisted|p2a: Slowbro
|-damage|p2a: Slowbro|46/100
|-unboost|p2a: Slowbro|def|1
|move|p2a: Slowbro|Scald|p1a: Zapdos
|-damage|p1a: Zapdos|21/100
|
|-heal|p2a: Slowbro|52/100|[from] Grassy Terrain
|upkeep
|turn|23
|j| IcyHalls
|
|t:|1651295348
|move|p1a: Zapdos|U-turn|p2a: Slowbro
|-supereffective|p2a: Slowbro
|-damage|p2a: Slowbro|11/100
|move|p2a: Slowbro|Scald|p1a: Zapdos
|-damage|p1a: Zapdos|0 fnt
|faint|p1a: Zapdos
|
|win|A3720
|raw|paco972's rating: 1621 &rarr; <strong>1599</strong><br />(-22 for losing)
|raw|A3720's rating: 1593 &rarr; <strong>1615</strong><br />(+22 for winning)
|l|☆paco972
