|j|☆decafinal
|j|☆damorush
|t:|1602769981
|player|p1|decafinal|ethan|1451
|player|p2|damorush|iris-gen5bw2|1419
|teamsize|p1|6
|teamsize|p2|6
|gametype|singles
|gen|8
|tier|[Gen 8] OU
|rated|
|clearpoke
|poke|p1|Excadrill, F|
|poke|p1|Rillaboom, F|
|poke|p1|Magnezone|
|poke|p1|Crawdaunt, M|
|poke|p1|Clefable, M|
|poke|p1|Volcarona, M|
|poke|p2|Aegislash, F|
|poke|p2|Urshifu-*, F|
|poke|p2|Zeraora|
|poke|p2|Volcarona, F|
|poke|p2|Shuckle, F|
|poke|p2|Hydreigon, M|
|rule|Sleep Clause Mod: Limit one foe put to sleep
|rule|Species Clause: Limit one of each Pokémon
|rule|OHKO Clause: OHKO moves are banned
|rule|Evasion Moves Clause: Evasion moves are banned
|rule|Endless Battle Clause: Forcing endless battles is banned
|rule|HP Percentage Mod: HP is shown in percentages
|rule|Dynamax Clause: You cannot dynamax
|teampreview
|
|t:|1602769991
|start
|switch|p1a: Rillaboom|Rillaboom, F|100/100
|switch|p2a: Shuckle|Shuckle, F|100/100
|-fieldstart|move: Grassy Terrain|[from] ability: Grassy Surge|[of] p1a: Rillaboom
|turn|1
|
|t:|1602769999
|move|p1a: Rillaboom|Wood Hammer|p2a: Shuckle
|-damage|p2a: Shuckle|24/100
|-damage|p1a: Rillaboom|83/100|[from] Recoil
|-enditem|p2a: Shuckle|Red Card|[of] p1a: Rillaboom
|drag|p1a: Magnezone|Magnezone|100/100
|move|p2a: Shuckle|Sticky Web|p1a: Magnezone
|-sidestart|p1: decafinal|move: Sticky Web
|
|-heal|p2a: Shuckle|30/100|[from] Grassy Terrain
|upkeep
|turn|2
|
|t:|1602770009
|move|p1a: Magnezone|Substitute|p1a: Magnezone
|-start|p1a: Magnezone|Substitute
|-damage|p1a: Magnezone|76/100
|move|p2a: Shuckle|Stealth Rock|p1a: Magnezone
|-sidestart|p1: decafinal|move: Stealth Rock
|
|-heal|p1a: Magnezone|82/100|[from] Grassy Terrain
|-heal|p2a: Shuckle|37/100|[from] Grassy Terrain
|upkeep
|turn|3
|
|t:|1602770022
|move|p1a: Magnezone|Iron Defense|p1a: Magnezone
|-boost|p1a: Magnezone|def|2
|move|p2a: Shuckle|Encore|p1a: Magnezone
|-start|p1a: Magnezone|Encore
|
|-heal|p1a: Magnezone|88/100|[from] Grassy Terrain
|-heal|p2a: Shuckle|43/100|[from] Grassy Terrain
|upkeep
|turn|4
|
|t:|1602770029
|switch|p1a: Excadrill|Excadrill, F|100/100
|-activate|p1a: Excadrill|move: Sticky Web
|-unboost|p1a: Excadrill|spe|1
|-damage|p1a: Excadrill|97/100|[from] Stealth Rock
|-ability|p1a: Excadrill|Mold Breaker
|switch|p2a: Volcarona|Volcarona, F|100/100
|
|-heal|p1a: Excadrill|100/100|[from] Grassy Terrain
|upkeep
|turn|5
|
|t:|1602770040
|move|p2a: Volcarona|Flamethrower|p1a: Excadrill
|-supereffective|p1a: Excadrill
|-damage|p1a: Excadrill|16/100
|-damage|p2a: Volcarona|91/100|[from] item: Life Orb
|move|p1a: Excadrill|Rock Slide|p2a: Volcarona
|-supereffective|p2a: Volcarona
|-damage|p2a: Volcarona|0 fnt
|faint|p2a: Volcarona
|
|-heal|p1a: Excadrill|22/100|[from] Grassy Terrain
|-fieldend|move: Grassy Terrain
|upkeep
|
|t:|1602770051
|switch|p2a: Urshifu|Urshifu, F|100/100
|turn|6
|
|t:|1602770055
|switch|p1a: Clefable|Clefable, M|100/100
|-activate|p1a: Clefable|move: Sticky Web
|-unboost|p1a: Clefable|spe|1
|move|p2a: Urshifu|Iron Head|p1a: Clefable
|-supereffective|p1a: Clefable
|-damage|p1a: Clefable|52/100
|
|-heal|p1a: Clefable|58/100|[from] item: Leftovers
|upkeep
|turn|7
|
|t:|1602770065
|switch|p2a: Aegislash|Aegislash, F|100/100
|-item|p2a: Aegislash|Air Balloon
|move|p1a: Clefable|Stealth Rock|p2a: Aegislash
|-sidestart|p2: damorush|move: Stealth Rock
|
|-heal|p1a: Clefable|64/100|[from] item: Leftovers
|upkeep
|turn|8
|
|t:|1602770072
|switch|p1a: Magnezone|Magnezone|88/100
|-activate|p1a: Magnezone|move: Sticky Web
|-unboost|p1a: Magnezone|spe|1
|-damage|p1a: Magnezone|82/100|[from] Stealth Rock
|move|p2a: Aegislash|Swords Dance|p2a: Aegislash
|-boost|p2a: Aegislash|atk|2
|
|upkeep
|turn|9
|
|t:|1602770080
|-formechange|p2a: Aegislash|Aegislash-Blade||[from] ability: Stance Change
|move|p2a: Aegislash|Close Combat|p1a: Magnezone
|-supereffective|p1a: Magnezone
|-damage|p1a: Magnezone|0 fnt
|-unboost|p2a: Aegislash|def|1
|-unboost|p2a: Aegislash|spd|1
|-damage|p2a: Aegislash|84/100|[from] item: Rocky Helmet|[of] p1a: Magnezone
|faint|p1a: Magnezone
|
|upkeep
|
|t:|1602770087
|switch|p1a: Volcarona|Volcarona, M|100/100
|turn|10
|
|t:|1602770092
|move|p1a: Volcarona|Flamethrower|p2a: Aegislash
|-supereffective|p2a: Aegislash
|-damage|p2a: Aegislash|0 fnt
|-enditem|p2a: Aegislash|Air Balloon
|faint|p2a: Aegislash
|
|upkeep
|
|t:|1602770100
|switch|p2a: Urshifu|Urshifu, F|100/100
|-damage|p2a: Urshifu|94/100|[from] Stealth Rock
|turn|11
|
|t:|1602770120
|move|p2a: Urshifu|Wicked Blow|p1a: Volcarona
|-crit|p1a: Volcarona
|-damage|p1a: Volcarona|22/100
|move|p1a: Volcarona|Flamethrower|p2a: Urshifu
|-damage|p2a: Urshifu|39/100
|
|upkeep
|turn|12
|
|t:|1602770132
|move|p2a: Urshifu|Wicked Blow|p1a: Volcarona
|-crit|p1a: Volcarona
|-damage|p1a: Volcarona|0 fnt
|-status|p2a: Urshifu|brn|[from] ability: Flame Body|[of] p1a: Volcarona
|faint|p1a: Volcarona
|
|-damage|p2a: Urshifu|33/100 brn|[from] brn
|upkeep
|
|t:|1602770135
|switch|p1a: Clefable|Clefable, M|64/100
|-activate|p1a: Clefable|move: Sticky Web
|-unboost|p1a: Clefable|spe|1
|turn|13
|
|t:|1602770142
|move|p2a: Urshifu|Iron Head|p1a: Clefable
|-supereffective|p1a: Clefable
|-damage|p1a: Clefable|40/100
|move|p1a: Clefable|Moonblast|p2a: Urshifu
|-supereffective|p2a: Urshifu
|-crit|p2a: Urshifu
|-damage|p2a: Urshifu|0 fnt
|faint|p2a: Urshifu
|
|-heal|p1a: Clefable|46/100|[from] item: Leftovers
|upkeep
|
|t:|1602770151
|switch|p2a: Hydreigon|Hydreigon, M|100/100
|-damage|p2a: Hydreigon|88/100|[from] Stealth Rock
|turn|14
|
|t:|1602770158
|move|p2a: Hydreigon|Flash Cannon|p1a: Clefable
|-supereffective|p1a: Clefable
|-damage|p1a: Clefable|0 fnt
|-damage|p2a: Hydreigon|78/100|[from] item: Life Orb
|faint|p1a: Clefable
|
|upkeep
|
|t:|1602770166
|switch|p1a: Crawdaunt|Crawdaunt, M|100/100
|-activate|p1a: Crawdaunt|move: Sticky Web
|-unboost|p1a: Crawdaunt|spe|1
|-damage|p1a: Crawdaunt|88/100|[from] Stealth Rock
|turn|15
|
|t:|1602770171
|switch|p1a: Excadrill|Excadrill, F|22/100
|-damage|p1a: Excadrill|19/100|[from] Stealth Rock
|-activate|p1a: Excadrill|move: Sticky Web
|-unboost|p1a: Excadrill|spe|1
|-ability|p1a: Excadrill|Mold Breaker
|move|p2a: Hydreigon|Draco Meteor|p1a: Excadrill
|-resisted|p1a: Excadrill
|-damage|p1a: Excadrill|0 fnt
|-unboost|p2a: Hydreigon|spa|2
|-damage|p2a: Hydreigon|68/100|[from] item: Life Orb
|faint|p1a: Excadrill
|
|upkeep
|
|t:|1602770173
|switch|p1a: Crawdaunt|Crawdaunt, M|88/100
|-damage|p1a: Crawdaunt|76/100|[from] Stealth Rock
|-activate|p1a: Crawdaunt|move: Sticky Web
|-unboost|p1a: Crawdaunt|spe|1
|turn|16
|
|t:|1602770187
|move|p2a: Hydreigon|Draco Meteor|p1a: Crawdaunt
|-damage|p1a: Crawdaunt|0 fnt
|-unboost|p2a: Hydreigon|spa|2
|-damage|p2a: Hydreigon|59/100|[from] item: Life Orb
|faint|p1a: Crawdaunt
|
|upkeep
|
|t:|1602770190
|switch|p1a: Rillaboom|Rillaboom, F|83/100
|-activate|p1a: Rillaboom|move: Sticky Web
|-unboost|p1a: Rillaboom|spe|1
|-damage|p1a: Rillaboom|70/100|[from] Stealth Rock
|-fieldstart|move: Grassy Terrain|[from] ability: Grassy Surge|[of] p1a: Rillaboom
|turn|17
|
|t:|1602770198
|move|p1a: Rillaboom|Grassy Glide|p2a: Hydreigon
|-resisted|p2a: Hydreigon
|-damage|p2a: Hydreigon|13/100
|move|p2a: Hydreigon|Fire Blast|p1a: Rillaboom
|-supereffective|p1a: Rillaboom
|-damage|p1a: Rillaboom|23/100
|-damage|p2a: Hydreigon|3/100|[from] item: Life Orb
|
|-heal|p1a: Rillaboom|29/100|[from] Grassy Terrain
|upkeep
|turn|18
|
|t:|1602770258
|switch|p2a: Shuckle|Shuckle, F|43/100
|-damage|p2a: Shuckle|18/100|[from] Stealth Rock
|move|p1a: Rillaboom|Grassy Glide|p2a: Shuckle
|-damage|p2a: Shuckle|0 fnt
|faint|p2a: Shuckle
|
|-heal|p1a: Rillaboom|35/100|[from] Grassy Terrain
|upkeep
|c|☆decafinal|lord please give me this roll
|
|t:|1602770272
|switch|p2a: Zeraora|Zeraora|100/100
|-damage|p2a: Zeraora|88/100|[from] Stealth Rock
|turn|19
|
|t:|1602770277
|move|p1a: Rillaboom|Grassy Glide|p2a: Zeraora
|-crit|p2a: Zeraora
|-damage|p2a: Zeraora|0 fnt
|faint|p2a: Zeraora
|
|-heal|p1a: Rillaboom|42/100|[from] Grassy Terrain
|upkeep
|
|t:|1602770287
|switch|p2a: Hydreigon|Hydreigon, M|3/100
|-damage|p2a: Hydreigon|0 fnt|[from] Stealth Rock
|faint|p2a: Hydreigon
|
|win|decafinal
|c|☆decafinal|gg
