|j|☆andboy
|j|☆Shotintheheart
|t:|1651017515
|gametype|singles
|player|p1|andboy|plasmagrunt|1213
|player|p2|Shotintheheart|worker-gen4|1268
|teamsize|p1|6
|teamsize|p2|6
|gen|8
|tier|[Gen 8] OU
|rated|
|rule|Sleep Clause Mod: Limit one foe put to sleep
|rule|Species Clause: Limit one of each Pokémon
|rule|OHKO Clause: OHKO moves are banned
|rule|Evasion Moves Clause: Evasion moves are banned
|rule|Endless Battle Clause: Forcing endless battles is banned
|rule|HP Percentage Mod: HP is shown in percentages
|rule|Dynamax Clause: You cannot dynamax
|clearpoke
|poke|p1|Raichu, M|
|poke|p1|Rillaboom, M|
|poke|p1|Garchomp, F|
|poke|p1|Melmetal|
|poke|p1|Barraskewda, F|
|poke|p1|Volcarona, F|
|poke|p2|Heliolisk, F|
|poke|p2|Landorus-Therian, M|
|poke|p2|Torkoal, F|
|poke|p2|Heatran, M|
|poke|p2|Zoroark, F|
|poke|p2|Buzzwole|
|teampreview
|inactive|Battle timer is ON: inactive players will automatically lose when time's up. (requested by andboy)
|
|t:|1651017537
|start
|switch|p1a: Garchomp|Garchomp, F|100/100
|switch|p2a: Landorus|Landorus-Therian, M|100/100
|-ability|p2a: Landorus|Intimidate|boost
|-unboost|p1a: Garchomp|atk|1
|turn|1
|
|t:|1651017549
|move|p1a: Garchomp|Swords Dance|p1a: Garchomp
|-boost|p1a: Garchomp|atk|2
|move|p2a: Landorus|Swords Dance|p2a: Landorus
|-boost|p2a: Landorus|atk|2
|
|upkeep
|turn|2
|
|t:|1651017558
|move|p1a: Garchomp|Scale Shot|p2a: Landorus|[miss]
|-miss|p1a: Garchomp|p2a: Landorus
|move|p2a: Landorus|Earthquake|p1a: Garchomp
|-crit|p1a: Garchomp
|-damage|p1a: Garchomp|0 fnt
|faint|p1a: Garchomp
|
|upkeep
|
|t:|1651017568
|switch|p1a: Barraskewda|Barraskewda, F|100/100
|turn|3
|
|t:|1651017593
|switch|p2a: Buzzwole|Buzzwole|100/100
|move|p1a: Barraskewda|Aqua Jet|p2a: Buzzwole
|-damage|p2a: Buzzwole|81/100
|-damage|p1a: Barraskewda|84/100|[from] item: Rocky Helmet|[of] p2a: Buzzwole
|
|upkeep
|turn|4
|
|t:|1651017607
|switch|p1a: Volcarona|Volcarona, F|100/100
|switch|p2a: Torkoal|Torkoal, F|100/100
|-weather|SunnyDay|[from] ability: Drought|[of] p2a: Torkoal
|
|-weather|SunnyDay|[upkeep]
|upkeep
|turn|5
|
|t:|1651017615
|move|p1a: Volcarona|Quiver Dance|p1a: Volcarona
|-boost|p1a: Volcarona|spa|1
|-boost|p1a: Volcarona|spd|1
|-boost|p1a: Volcarona|spe|1
|move|p2a: Torkoal|Yawn|p1a: Volcarona
|-start|p1a: Volcarona|move: Yawn|[of] p2a: Torkoal
|
|-weather|SunnyDay|[upkeep]
|upkeep
|turn|6
|
|t:|1651017623
|move|p1a: Volcarona|Quiver Dance|p1a: Volcarona
|-boost|p1a: Volcarona|spa|1
|-boost|p1a: Volcarona|spd|1
|-boost|p1a: Volcarona|spe|1
|move|p2a: Torkoal|Shell Smash|p2a: Torkoal
|-unboost|p2a: Torkoal|def|1
|-unboost|p2a: Torkoal|spd|1
|-boost|p2a: Torkoal|atk|2
|-boost|p2a: Torkoal|spa|2
|-boost|p2a: Torkoal|spe|2
|-enditem|p2a: Torkoal|Eject Pack
|
|t:|1651017628
|switch|p2a: Heatran|Heatran, M|100/100
|
|-weather|SunnyDay|[upkeep]
|-end|p1a: Volcarona|move: Yawn|[silent]
|-status|p1a: Volcarona|slp
|upkeep
|turn|7
|
|t:|1651017638
|cant|p1a: Volcarona|slp
|move|p2a: Heatran|Copycat|p2a: Heatran
|move|p2a: Heatran|Shell Smash|p2a: Heatran|[from]move: Copycat
|-unboost|p2a: Heatran|def|1
|-unboost|p2a: Heatran|spd|1
|-boost|p2a: Heatran|atk|2
|-boost|p2a: Heatran|spa|2
|-boost|p2a: Heatran|spe|2
|
|-weather|SunnyDay|[upkeep]
|upkeep
|turn|8
|
|t:|1651017650
|move|p2a: Heatran|Copycat|p2a: Heatran
|move|p2a: Heatran|Shell Smash|p2a: Heatran|[from]move: Copycat
|-unboost|p2a: Heatran|def|1
|-unboost|p2a: Heatran|spd|1
|-boost|p2a: Heatran|atk|2
|-boost|p2a: Heatran|spa|2
|-boost|p2a: Heatran|spe|2
|-curestatus|p1a: Volcarona|slp|[msg]
|move|p1a: Volcarona|Psychic|p2a: Heatran
|-immune|p2a: Heatran
|
|-weather|none
|upkeep
|turn|9
|
|t:|1651017674
|move|p2a: Heatran|Dark Pulse|p1a: Volcarona
|-damage|p1a: Volcarona|26/100
|-damage|p2a: Heatran|91/100|[from] item: Life Orb
|cant|p1a: Volcarona|flinch
|
|upkeep
|turn|10
|
|t:|1651017683
|move|p2a: Heatran|Dark Pulse|p1a: Volcarona
|-damage|p1a: Volcarona|0 fnt
|faint|p1a: Volcarona
|-damage|p2a: Heatran|81/100|[from] item: Life Orb
|
|upkeep
|
|t:|1651017688
|switch|p1a: Barraskewda|Barraskewda, F|84/100
|turn|11
|
|t:|1651017693
|move|p1a: Barraskewda|Aqua Jet|p2a: Heatran
|-damage|p2a: Heatran|0 fnt
|replace|p2a: Zoroark|Zoroark, F
|-end|p2a: Zoroark|Illusion
|faint|p2a: Zoroark
|
|upkeep
|
|t:|1651017699
|switch|p2a: Torkoal|Torkoal, F|100/100
|-weather|SunnyDay|[from] ability: Drought|[of] p2a: Torkoal
|turn|12
|
|t:|1651017707
|switch|p1a: Raichu|Raichu, M|100/100
|move|p2a: Torkoal|Stealth Rock|p1a: Raichu
|-sidestart|p1: andboy|move: Stealth Rock
|
|-weather|SunnyDay|[upkeep]
|upkeep
|turn|13
|
|t:|1651017716
|switch|p2a: Landorus|Landorus-Therian, M|100/100
|-ability|p2a: Landorus|Intimidate|boost
|-unboost|p1a: Raichu|atk|1
|move|p1a: Raichu|Nuzzle|p2a: Landorus
|-immune|p2a: Landorus
|
|-weather|SunnyDay|[upkeep]
|upkeep
|turn|14
|c|☆andboy|you speak french
|
|t:|1651017737
|move|p1a: Raichu|Protect|p1a: Raichu
|-singleturn|p1a: Raichu|Protect
|move|p2a: Landorus|U-turn|p1a: Raichu
|-activate|p1a: Raichu|move: Protect
|
|-weather|SunnyDay|[upkeep]
|upkeep
|turn|15
|c|☆Shotintheheart|no
|c|☆andboy|ok
|n|!andboy|andboy
|inactive|andboy has 120 seconds left.
|l|!andboy
|inactive|andboy disconnected and has a minute to reconnect!
|player|p1|
|inactive|andboy has 30 seconds to reconnect!
|inactive|andboy has 20 seconds to reconnect!
|inactive|andboy has 15 seconds to reconnect!
|inactive|andboy has 10 seconds to reconnect!
|inactive|andboy has 5 seconds to reconnect!
|-message|andboy lost due to inactivity.
|
|win|Shotintheheart
|raw|andboy's rating: 1213 &rarr; <strong>1192</strong><br />(-21 for losing)
|raw|Shotintheheart's rating: 1268 &rarr; <strong>1289</strong><br />(+21 for winning)
||Ladder isn't responding, score probably updated but might not have (Request timeout).
