|j|☆Sadriver
|j|☆Sombra Diurna
|t:|1649736619
|gametype|singles
|player|p1|Sadriver|ghetsis|1791
|player|p2|Sombra Diurna|blue|1767
|teamsize|p1|6
|teamsize|p2|6
|gen|8
|tier|[Gen 8] OU
|rated|
|rule|Sleep Clause Mod: Limit one foe put to sleep
|rule|Species Clause: Limit one of each Pokémon
|rule|OHKO Clause: OHKO moves are banned
|rule|Evasion Moves Clause: Evasion moves are banned
|rule|Endless Battle Clause: Forcing endless battles is banned
|rule|HP Percentage Mod: HP is shown in percentages
|rule|Dynamax Clause: You cannot dynamax
|clearpoke
|poke|p1|Tyranitar, M|
|poke|p1|Clefable, M|
|poke|p1|Zapdos|
|poke|p1|Heatran, M|
|poke|p1|Garchomp, M|
|poke|p1|Rillaboom, M|
|poke|p2|Marowak-Alola, M|
|poke|p2|Slowbro, M|
|poke|p2|Hatterene, F|
|poke|p2|Garchomp, M|
|poke|p2|Ferrothorn, M|
|poke|p2|Drampa, M|
|teampreview
|j| trynabelikeblunder
|j| JJ09LIE
|inactive|Battle timer is ON: inactive players will automatically lose when time's up. (requested by Sadriver)
|
|t:|1649736650
|start
|switch|p1a: King boomer|Rillaboom, M, shiny|100/100
|switch|p2a: Falkor|Drampa, M|100/100
|-fieldstart|move: Grassy Terrain|[from] ability: Grassy Surge|[of] p1a: King boomer
|turn|1
|
|t:|1649736657
|switch|p1a: Bigbird|Zapdos, shiny|100/100
|switch|p2a: Sonso|Slowbro, M|100/100
|
|upkeep
|turn|2
|
|t:|1649736666
|switch|p2a: Thorns|Ferrothorn, M|100/100
|move|p1a: Bigbird|Thunderbolt|p2a: Thorns
|-resisted|p2a: Thorns
|-damage|p2a: Thorns|79/100
|
|-heal|p2a: Thorns|85/100|[from] Grassy Terrain
|-heal|p2a: Thorns|91/100|[from] item: Leftovers
|upkeep
|turn|3
|
|t:|1649736674
|switch|p1a: Magtranma|Heatran, M|100/100
|move|p2a: Thorns|Stealth Rock|p1a: Magtranma
|-sidestart|p1: Sadriver|move: Stealth Rock
|
|-heal|p2a: Thorns|97/100|[from] Grassy Terrain
|-heal|p2a: Thorns|100/100|[from] item: Leftovers
|upkeep
|turn|4
|
|t:|1649736682
|switch|p2a: Sharko|Garchomp, M|100/100
|move|p1a: Magtranma|Eruption|p2a: Sharko
|-resisted|p2a: Sharko
|-damage|p2a: Sharko|60/100
|
|-heal|p2a: Sharko|66/100|[from] Grassy Terrain
|-heal|p2a: Sharko|72/100|[from] item: Leftovers
|upkeep
|turn|5
|
|t:|1649736690
|switch|p1a: Pooh|Clefable, M, shiny|100/100
|move|p2a: Sharko|Swords Dance|p2a: Sharko
|-boost|p2a: Sharko|atk|2
|
|-heal|p2a: Sharko|78/100|[from] Grassy Terrain
|-heal|p2a: Sharko|85/100|[from] item: Leftovers
|-fieldend|move: Grassy Terrain
|upkeep
|turn|6
|
|t:|1649736698
|switch|p1a: Bigbird|Zapdos, shiny|100/100
|-damage|p1a: Bigbird|76/100|[from] Stealth Rock
|move|p2a: Sharko|Earthquake|p1a: Bigbird
|-immune|p1a: Bigbird
|
|-heal|p2a: Sharko|91/100|[from] item: Leftovers
|upkeep
|turn|7
|
|t:|1649736707
|move|p2a: Sharko|Stone Edge|p1a: Bigbird
|-supereffective|p1a: Bigbird
|-damage|p1a: Bigbird|0 fnt
|faint|p1a: Bigbird
|
|-heal|p2a: Sharko|97/100|[from] item: Leftovers
|upkeep
|
|t:|1649736714
|switch|p1a: Pooh|Clefable, M, shiny|100/100
|turn|8
|
|t:|1649736717
|move|p2a: Sharko|Earthquake|p1a: Pooh
|-damage|p1a: Pooh|24/100
|move|p1a: Pooh|Moonblast|p2a: Sharko
|-supereffective|p2a: Sharko
|-damage|p2a: Sharko|31/100
|
|-heal|p2a: Sharko|37/100|[from] item: Leftovers
|-heal|p1a: Pooh|30/100|[from] item: Leftovers
|upkeep
|turn|9
|
|t:|1649736726
|switch|p1a: King boomer|Rillaboom, M, shiny|100/100
|-damage|p1a: King boomer|88/100|[from] Stealth Rock
|-fieldstart|move: Grassy Terrain|[from] ability: Grassy Surge|[of] p1a: King boomer
|move|p2a: Sharko|Stone Edge|p1a: King boomer
|-damage|p1a: King boomer|21/100
|
|-heal|p2a: Sharko|44/100|[from] Grassy Terrain
|-heal|p2a: Sharko|50/100|[from] item: Leftovers
|-heal|p1a: King boomer|27/100|[from] Grassy Terrain
|upkeep
|turn|10
|
|t:|1649736737
|switch|p2a: Thorns|Ferrothorn, M|100/100
|move|p1a: King boomer|Swords Dance|p1a: King boomer
|-boost|p1a: King boomer|atk|2
|
|-heal|p1a: King boomer|33/100|[from] Grassy Terrain
|upkeep
|turn|11
|
|t:|1649736755
|switch|p2a: Sonso|Slowbro, M|100/100
|move|p1a: King boomer|Superpower|p2a: Sonso
|-resisted|p2a: Sonso
|-damage|p2a: Sonso|72/100
|-unboost|p1a: King boomer|atk|1
|-unboost|p1a: King boomer|def|1
|-damage|p1a: King boomer|23/100|[from] item: Life Orb
|
|-heal|p1a: King boomer|29/100|[from] Grassy Terrain
|-heal|p2a: Sonso|78/100|[from] Grassy Terrain
|upkeep
|turn|12
|j| TheInquisitor08
|
|t:|1649736773
|switch|p2a: Thorns|Ferrothorn, M|100/100
|move|p1a: King boomer|Knock Off|p2a: Thorns
|-damage|p2a: Thorns|49/100
|-damage|p1a: King boomer|17/100|[from] ability: Iron Barbs|[of] p2a: Thorns
|-enditem|p2a: Thorns|Leftovers|[from] move: Knock Off|[of] p1a: King boomer
|-damage|p1a: King boomer|7/100|[from] item: Life Orb
|
|-heal|p1a: King boomer|13/100|[from] Grassy Terrain
|-heal|p2a: Thorns|55/100|[from] Grassy Terrain
|upkeep
|turn|13
|
|t:|1649736784
|move|p1a: King boomer|Grassy Glide|p2a: Thorns
|-resisted|p2a: Thorns
|-damage|p2a: Thorns|39/100
|-damage|p1a: King boomer|0 fnt|[from] ability: Iron Barbs|[of] p2a: Thorns
|faint|p1a: King boomer
|move|p2a: Thorns|Gyro Ball|p1: King boomer|[notarget]
|-fail|p2a: Thorns
|
|-heal|p2a: Thorns|45/100|[from] Grassy Terrain
|-fieldend|move: Grassy Terrain
|upkeep
|l| TheInquisitor08
|
|t:|1649736791
|switch|p1a: Godzilla|Tyranitar, M, shiny|100/100
|-damage|p1a: Godzilla|88/100|[from] Stealth Rock
|-weather|Sandstorm|[from] ability: Sand Stream|[of] p1a: Godzilla
|turn|14
|j| TheInquisitor08
|
|t:|1649736797
|move|p1a: Godzilla|Fire Punch|p2a: Thorns
|-supereffective|p2a: Thorns
|-damage|p2a: Thorns|0 fnt
|-damage|p1a: Godzilla|76/100|[from] ability: Iron Barbs|[of] p2a: Thorns
|faint|p2a: Thorns
|
|-weather|Sandstorm|[upkeep]
|upkeep
|
|t:|1649736804
|switch|p2a: Sharko|Garchomp, M|50/100
|turn|15
|
|t:|1649736811
|move|p2a: Sharko|Earthquake|p1a: Godzilla
|-supereffective|p1a: Godzilla
|-damage|p1a: Godzilla|0 fnt
|faint|p1a: Godzilla
|
|-weather|Sandstorm|[upkeep]
|-heal|p2a: Sharko|56/100|[from] item: Leftovers
|upkeep
|j| Landon✘A21
|-message|Sadriver forfeited.
|
|win|Sombra Diurna
|raw|Sadriver's rating: 1791 &rarr; <strong>1770</strong><br />(-21 for losing)
|raw|Sombra Diurna's rating: 1767 &rarr; <strong>1788</strong><br />(+21 for winning)
|l|☆Sadriver
|l| TheInquisitor08
|l| JJ09LIE
|l| Landon✘A21
