|j|☆Swalotiscute
|j|☆Shotintheheart
|t:|1664583026
|gametype|singles
|player|p1|Swalotiscute|emma|1813
|player|p2|Shotintheheart|linebacker|1785
|teamsize|p1|6
|teamsize|p2|6
|gen|8
|tier|[Gen 8] OU
|rated|
|rule|Sleep Clause Mod: Limit one foe put to sleep
|rule|Species Clause: Limit one of each Pokémon
|rule|OHKO Clause: OHKO moves are banned
|rule|Evasion Items Clause: Evasion items are banned
|rule|Evasion Moves Clause: Evasion moves are banned
|rule|Endless Battle Clause: Forcing endless battles is banned
|rule|HP Percentage Mod: HP is shown in percentages
|rule|Dynamax Clause: You cannot dynamax
|clearpoke
|poke|p1|Scolipede, M|
|poke|p1|Necrozma|
|poke|p1|Volcarona, F|
|poke|p1|Stakataka|
|poke|p1|Dragapult, M|
|poke|p1|Kartana|
|poke|p2|Rillaboom, M|
|poke|p2|Zapdos|
|poke|p2|Obstagoon, F|
|poke|p2|Tapu Fini|
|poke|p2|Heatran, M|
|poke|p2|Mamoswine, F|
|teampreview
|j| pulsar512bs
|
|t:|1664583041
|start
|switch|p1a: Centisennin|Scolipede, M, shiny|100/100
|switch|p2a: Mamoswine|Mamoswine, F|100/100
|turn|1
|l|☆Swalotiscute
|player|p1|
|j|☆Swalotiscute
|player|p1|Swalotiscute|emma
|
|t:|1664583057
|move|p1a: Centisennin|Spikes|p2a: Mamoswine
|-sidestart|p2: Shotintheheart|Spikes
|move|p2a: Mamoswine|High Horsepower|p1a: Centisennin|[miss]
|-miss|p2a: Mamoswine|p1a: Centisennin
|
|-ability|p1a: Centisennin|Speed Boost|boost
|-boost|p1a: Centisennin|spe|1
|upkeep
|turn|2
|j| ImJustSpectating
|inactive|Battle timer is ON: inactive players will automatically lose when time's up. (requested by Swalotiscute)
|
|t:|1664583064
|move|p1a: Centisennin|Spikes|p2a: Mamoswine
|-sidestart|p2: Shotintheheart|Spikes
|move|p2a: Mamoswine|Icicle Spear|p1a: Centisennin
|-damage|p1a: Centisennin|87/100
|-damage|p1a: Centisennin|73/100
|-damage|p1a: Centisennin|58/100
|-damage|p1a: Centisennin|44/100
|-hitcount|p1a: Centisennin|4
|
|-ability|p1a: Centisennin|Speed Boost|boost
|-boost|p1a: Centisennin|spe|1
|upkeep
|turn|3
|
|t:|1664583074
|move|p1a: Centisennin|Endeavor|p2a: Mamoswine
|-damage|p2a: Mamoswine|38/100
|move|p2a: Mamoswine|High Horsepower|p1a: Centisennin
|-damage|p1a: Centisennin|0 fnt
|faint|p1a: Centisennin
|
|upkeep
|
|t:|1664583078
|switch|p1a: Can’t learn slash|Kartana, shiny|100/100
|turn|4
|
|t:|1664583085
|move|p1a: Can’t learn slash|Knock Off|p2a: Mamoswine
|-damage|p2a: Mamoswine|0 fnt
|-enditem|p2a: Mamoswine|Assault Vest|[from] move: Knock Off|[of] p1a: Can’t learn slash
|faint|p2a: Mamoswine
|-ability|p1a: Can’t learn slash|Beast Boost|boost
|-boost|p1a: Can’t learn slash|atk|1
|
|upkeep
|
|t:|1664583089
|switch|p2a: Zapdos|Zapdos|100/100
|turn|5
|
|t:|1664583094
|move|p1a: Can’t learn slash|Knock Off|p2a: Zapdos
|-damage|p2a: Zapdos|52/100
|-enditem|p2a: Zapdos|Heavy-Duty Boots|[from] move: Knock Off|[of] p1a: Can’t learn slash
|move|p2a: Zapdos|Defog|p1a: Can’t learn slash
|-unboost|p1a: Can’t learn slash|evasion|1
|-sideend|p2: Shotintheheart|Spikes|[from] move: Defog|[of] p2a: Zapdos
|
|upkeep
|turn|6
|
|t:|1664583101
|move|p1a: Can’t learn slash|Swords Dance|p1a: Can’t learn slash
|-boost|p1a: Can’t learn slash|atk|2
|move|p2a: Zapdos|Roost|p2a: Zapdos
|-heal|p2a: Zapdos|100/100
|-singleturn|p2a: Zapdos|move: Roost
|
|upkeep
|turn|7
|
|t:|1664583107
|move|p1a: Can’t learn slash|Knock Off|p2a: Zapdos
|-damage|p2a: Zapdos|48/100
|move|p2a: Zapdos|Heat Wave|p1a: Can’t learn slash
|-supereffective|p1a: Can’t learn slash
|-damage|p1a: Can’t learn slash|0 fnt
|faint|p1a: Can’t learn slash
|
|upkeep
|
|t:|1664583111
|switch|p1a: Alignak|Necrozma|100/100
|turn|8
|
|t:|1664583117
|switch|p2a: Obstagoon|Obstagoon, F|100/100
|move|p1a: Alignak|Dragon Dance|p1a: Alignak
|-boost|p1a: Alignak|atk|1
|-boost|p1a: Alignak|spe|1
|
|-status|p2a: Obstagoon|brn|[from] item: Flame Orb
|upkeep
|turn|9
|
|t:|1664583125
|move|p2a: Obstagoon|Obstruct|p2a: Obstagoon
|-singleturn|p2a: Obstagoon|Protect
|move|p1a: Alignak|Brick Break|p2a: Obstagoon
|-activate|p2a: Obstagoon|move: Protect
|-unboost|p1a: Alignak|def|2
|
|-damage|p2a: Obstagoon|95/100 brn|[from] brn
|upkeep
|turn|10
|
|t:|1664583137
|switch|p2a: Rillaboom|Rillaboom, M|100/100
|-fieldstart|move: Grassy Terrain|[from] ability: Grassy Surge|[of] p2a: Rillaboom
|move|p1a: Alignak|Brick Break|p2a: Rillaboom
|-damage|p2a: Rillaboom|65/100
|
|-heal|p2a: Rillaboom|71/100|[from] Grassy Terrain
|upkeep
|turn|11
|
|t:|1664583146
|switch|p1a: Ītzpāpālōtl|Volcarona, F|100/100
|move|p2a: Rillaboom|Grassy Glide|p1a: Ītzpāpālōtl
|-resisted|p1a: Ītzpāpālōtl
|-damage|p1a: Ītzpāpālōtl|72/100
|
|-heal|p1a: Ītzpāpālōtl|78/100|[from] Grassy Terrain
|-heal|p2a: Rillaboom|77/100|[from] Grassy Terrain
|upkeep
|turn|12
|j| beergoggles
|
|t:|1664583151
|switch|p2a: Heatran|Heatran, M|100/100
|move|p1a: Ītzpāpālōtl|Psychic|p2a: Heatran
|-resisted|p2a: Heatran
|-damage|p2a: Heatran|82/100
|-unboost|p2a: Heatran|spd|1
|
|-heal|p2a: Heatran|88/100|[from] Grassy Terrain
|-heal|p1a: Ītzpāpālōtl|84/100|[from] Grassy Terrain
|upkeep
|turn|13
|
|t:|1664583160
|move|p2a: Heatran|Toxic|p1a: Ītzpāpālōtl
|-status|p1a: Ītzpāpālōtl|tox
|move|p1a: Ītzpāpālōtl|Quiver Dance|p1a: Ītzpāpālōtl
|-boost|p1a: Ītzpāpālōtl|spa|1
|-boost|p1a: Ītzpāpālōtl|spd|1
|-boost|p1a: Ītzpāpālōtl|spe|1
|
|-heal|p1a: Ītzpāpālōtl|90/100 tox|[from] Grassy Terrain
|-heal|p2a: Heatran|94/100|[from] Grassy Terrain
|-damage|p1a: Ītzpāpālōtl|84/100 tox|[from] psn
|upkeep
|turn|14
|
|t:|1664583170
|switch|p2a: Obstagoon|Obstagoon, F|95/100 brn
|move|p1a: Ītzpāpālōtl|Giga Drain|p2a: Obstagoon
|-damage|p2a: Obstagoon|21/100 brn
|-heal|p1a: Ītzpāpālōtl|100/100 tox|[from] drain|[of] p2a: Obstagoon
|
|-heal|p2a: Obstagoon|27/100 brn|[from] Grassy Terrain
|-damage|p1a: Ītzpāpālōtl|88/100 tox|[from] psn
|-damage|p2a: Obstagoon|21/100 brn|[from] brn
|-fieldend|move: Grassy Terrain
|upkeep
|turn|15
|
|t:|1664583180
|move|p2a: Obstagoon|Obstruct|p2a: Obstagoon
|-singleturn|p2a: Obstagoon|Protect
|move|p1a: Ītzpāpālōtl|Quiver Dance|p1a: Ītzpāpālōtl
|-boost|p1a: Ītzpāpālōtl|spa|1
|-boost|p1a: Ītzpāpālōtl|spd|1
|-boost|p1a: Ītzpāpālōtl|spe|1
|
|-damage|p1a: Ītzpāpālōtl|70/100 tox|[from] psn
|-damage|p2a: Obstagoon|15/100 brn|[from] brn
|upkeep
|turn|16
|
|t:|1664583189
|switch|p2a: Heatran|Heatran, M|94/100
|move|p1a: Ītzpāpālōtl|Giga Drain|p2a: Heatran
|-resisted|p2a: Heatran
|-damage|p2a: Heatran|80/100
|-heal|p1a: Ītzpāpālōtl|77/100 tox|[from] drain|[of] p2a: Heatran
|
|-damage|p1a: Ītzpāpālōtl|53/100 tox|[from] psn
|upkeep
|turn|17
|l| ImJustSpectating
|
|t:|1664583197
|move|p1a: Ītzpāpālōtl|Psychic|p2a: Heatran
|-resisted|p2a: Heatran
|-damage|p2a: Heatran|46/100
|move|p2a: Heatran|Earth Power|p1a: Ītzpāpālōtl
|-damage|p1a: Ītzpāpālōtl|36/100 tox
|
|-damage|p1a: Ītzpāpālōtl|5/100 tox|[from] psn
|upkeep
|turn|18
|
|t:|1664583205
|switch|p1a: Zooids|Stakataka|100/100
|-item|p1a: Zooids|Air Balloon
|move|p2a: Heatran|Earth Power|p1a: Zooids
|-immune|p1a: Zooids
|
|upkeep
|turn|19
|
|t:|1664583219
|switch|p2a: Zapdos|Zapdos|48/100
|switch|p1a: Alignak|Necrozma|100/100
|
|upkeep
|turn|20
|
|t:|1664583225
|move|p1a: Alignak|Dragon Dance|p1a: Alignak
|-boost|p1a: Alignak|atk|1
|-boost|p1a: Alignak|spe|1
|move|p2a: Zapdos|Volt Switch|p1a: Alignak
|-damage|p1a: Alignak|70/100
|
|t:|1664583235
|switch|p2a: Rillaboom|Rillaboom, M|77/100|[from]move: Volt Switch
|-fieldstart|move: Grassy Terrain|[from] ability: Grassy Surge|[of] p2a: Rillaboom
|
|-heal|p1a: Alignak|76/100|[from] Grassy Terrain
|-heal|p2a: Rillaboom|83/100|[from] Grassy Terrain
|upkeep
|turn|21
|
|t:|1664583239
|move|p2a: Rillaboom|Grassy Glide|p1a: Alignak
|-damage|p1a: Alignak|0 fnt
|faint|p1a: Alignak
|
|-heal|p2a: Rillaboom|89/100|[from] Grassy Terrain
|upkeep
|
|t:|1664583243
|switch|p1a: Ītzpāpālōtl|Volcarona, F|5/100 tox
|turn|22
|
|t:|1664583246
|move|p2a: Rillaboom|Grassy Glide|p1a: Ītzpāpālōtl
|-resisted|p1a: Ītzpāpālōtl
|-damage|p1a: Ītzpāpālōtl|0 fnt
|faint|p1a: Ītzpāpālōtl
|
|-heal|p2a: Rillaboom|96/100|[from] Grassy Terrain
|upkeep
|
|t:|1664583266
|switch|p1a: B-2 Spirit|Dragapult, M|100/100
|turn|23
|
|t:|1664583272
|switch|p2a: Tapu Fini|Tapu Fini|100/100
|-fieldstart|move: Misty Terrain|[from] ability: Misty Surge|[of] p2a: Tapu Fini
|move|p1a: B-2 Spirit|Dragon Darts|p2a: Tapu Fini
|-immune|p2a: Tapu Fini
|
|upkeep
|turn|24
|l|☆Swalotiscute
|inactive|Swalotiscute disconnected and has a minute to reconnect!
|player|p1|
|c| beergoggles|ur too good man
|j|☆Swalotiscute
|inactive|Swalotiscute reconnected and has 140 seconds left.
|player|p1|Swalotiscute|emma
|
|t:|1664583288
|move|p1a: B-2 Spirit|Phantom Force||[still]
|-prepare|p1a: B-2 Spirit|Phantom Force
|move|p2a: Tapu Fini|Calm Mind|p2a: Tapu Fini
|-boost|p2a: Tapu Fini|spa|1
|-boost|p2a: Tapu Fini|spd|1
|
|upkeep
|turn|25
|-message|Swalotiscute forfeited.
|
|win|Shotintheheart
|raw|Swalotiscute's rating: 1813 &rarr; <strong>1791</strong><br />(-22 for losing)
|raw|Shotintheheart's rating: 1785 &rarr; <strong>1807</strong><br />(+22 for winning)
|l|☆Swalotiscute
|c|☆Shotintheheart|thx
|c|☆Shotintheheart|gg
||Ladder isn't responding, score probably updated but might not have (Request timeout).
