|j|☆Yui pureskill
|j|☆cets on creck
|t:|1662031572
|gametype|singles
|player|p1|Yui pureskill|rosa-masters|1689
|player|p2|cets on creck|bugcatcher-gen4dp|1920
|teamsize|p1|6
|teamsize|p2|6
|gen|8
|tier|[Gen 8] OU
|rated|
|rule|Sleep Clause Mod: Limit one foe put to sleep
|rule|Species Clause: Limit one of each Pokémon
|rule|OHKO Clause: OHKO moves are banned
|rule|Evasion Items Clause: Evasion items are banned
|rule|Evasion Moves Clause: Evasion moves are banned
|rule|Endless Battle Clause: Forcing endless battles is banned
|rule|HP Percentage Mod: HP is shown in percentages
|rule|Dynamax Clause: You cannot dynamax
|clearpoke
|poke|p1|Thundurus, M|
|poke|p1|Clefable, M|
|poke|p1|Dragonite, M|
|poke|p1|Pyukumuku, M|
|poke|p1|Slowbro-Galar, F|
|poke|p1|Excadrill, F|
|poke|p2|Clefable, F|
|poke|p2|Dragonite, M|
|poke|p2|Pelipper, M|
|poke|p2|Urshifu-*, M|
|poke|p2|Landorus-Therian, M|
|poke|p2|Ferrothorn, M|
|teampreview
|c|☆Yui pureskill|u2
|
|t:|1662031593
|start
|switch|p1a: steady chip|Thundurus, M|100/100
|switch|p2a: Pelipper|Pelipper, M|100/100
|-weather|RainDance|[from] ability: Drizzle|[of] p2a: Pelipper
|turn|1
|
|t:|1662031602
|switch|p2a: Ferrothorn|Ferrothorn, M|100/100
|move|p1a: steady chip|Volt Switch|p2a: Ferrothorn
|-resisted|p2a: Ferrothorn
|-crit|p2a: Ferrothorn
|-damage|p2a: Ferrothorn|81/100
|
|t:|1662031609
|switch|p1a: suicide mission|Clefable, M|100/100|[from]move: Volt Switch
|
|-weather|RainDance|[upkeep]
|-heal|p2a: Ferrothorn|88/100|[from] item: Leftovers
|upkeep
|turn|2
|
|t:|1662031612
|move|p1a: suicide mission|Stealth Rock|p2a: Ferrothorn
|-sidestart|p2: cets on creck|move: Stealth Rock
|move|p2a: Ferrothorn|Knock Off|p1a: suicide mission
|-resisted|p1a: suicide mission
|-damage|p1a: suicide mission|91/100
|-damage|p2a: Ferrothorn|71/100|[from] item: Rocky Helmet|[of] p1a: suicide mission
|-enditem|p1a: suicide mission|Rocky Helmet|[from] move: Knock Off|[of] p2a: Ferrothorn
|
|-weather|RainDance|[upkeep]
|-heal|p2a: Ferrothorn|77/100|[from] item: Leftovers
|upkeep
|turn|3
|
|t:|1662031618
|move|p1a: suicide mission|Knock Off|p2a: Ferrothorn
|-damage|p2a: Ferrothorn|67/100
|-activate|p2a: Ferrothorn|ability: Iron Barbs
|-enditem|p2a: Ferrothorn|Leftovers|[from] move: Knock Off|[of] p1a: suicide mission
|move|p2a: Ferrothorn|Gyro Ball|p1a: suicide mission
|-supereffective|p1a: suicide mission
|-damage|p1a: suicide mission|25/100
|
|-weather|RainDance|[upkeep]
|upkeep
|turn|4
|
|t:|1662031627
|switch|p1a: guap remnants|Slowbro-Galar, F|100/100
|move|p2a: Ferrothorn|Gyro Ball|p1a: guap remnants
|-damage|p1a: guap remnants|86/100
|
|-weather|RainDance|[upkeep]
|-heal|p1a: guap remnants|92/100|[from] item: Black Sludge
|upkeep
|turn|5
|
|t:|1662031632
|move|p1a: guap remnants|Nasty Plot|p1a: guap remnants
|-boost|p1a: guap remnants|spa|2
|move|p2a: Ferrothorn|Knock Off|p1a: guap remnants
|-supereffective|p1a: guap remnants
|-damage|p1a: guap remnants|58/100
|-enditem|p1a: guap remnants|Black Sludge|[from] move: Knock Off|[of] p2a: Ferrothorn
|
|-weather|none
|upkeep
|turn|6
|
|t:|1662031640
|switch|p2a: Landorus|Landorus-Therian, M|100/100
|-damage|p2a: Landorus|88/100|[from] Stealth Rock
|-ability|p2a: Landorus|Intimidate|boost
|-unboost|p1a: guap remnants|atk|1
|move|p1a: guap remnants|Psyshock|p2a: Landorus
|-damage|p2a: Landorus|41/100
|
|-heal|p2a: Landorus|47/100|[from] item: Leftovers
|upkeep
|turn|7
|
|t:|1662031648
|switch|p1a: steady chip|Thundurus, M|100/100
|move|p2a: Landorus|Earthquake|p1a: steady chip
|-immune|p1a: steady chip
|
|-heal|p2a: Landorus|53/100|[from] item: Leftovers
|upkeep
|turn|8
|
|t:|1662031653
|move|p1a: steady chip|Taunt|p2a: Landorus
|-start|p2a: Landorus|move: Taunt
|cant|p2a: Landorus|move: Taunt|Defog
|
|-heal|p2a: Landorus|59/100|[from] item: Leftovers
|upkeep
|turn|9
|
|t:|1662031657
|switch|p2a: Ferrothorn|Ferrothorn, M|67/100
|-damage|p2a: Ferrothorn|61/100|[from] Stealth Rock
|move|p1a: steady chip|Knock Off|p2a: Ferrothorn
|-damage|p2a: Ferrothorn|47/100
|-damage|p1a: steady chip|88/100|[from] ability: Iron Barbs|[of] p2a: Ferrothorn
|
|upkeep
|turn|10
|
|t:|1662031666
|move|p1a: steady chip|Volt Switch|p2a: Ferrothorn
|-resisted|p2a: Ferrothorn
|-damage|p2a: Ferrothorn|35/100
|
|t:|1662031668
|switch|p1a: suicide mission|Clefable, M|25/100|[from]move: Volt Switch
|move|p2a: Ferrothorn|Leech Seed|p1a: suicide mission|[miss]
|-miss|p2a: Ferrothorn|p1a: suicide mission
|
|upkeep
|turn|11
|
|t:|1662031672
|switch|p1a: guap remnants|Slowbro-Galar, F|91/100
|move|p2a: Ferrothorn|Gyro Ball|p1a: guap remnants
|-damage|p1a: guap remnants|76/100
|
|upkeep
|turn|12
|
|t:|1662031679
|switch|p2a: Landorus|Landorus-Therian, M|59/100
|-damage|p2a: Landorus|47/100|[from] Stealth Rock
|-ability|p2a: Landorus|Intimidate|boost
|-unboost|p1a: guap remnants|atk|1
|move|p1a: guap remnants|Flamethrower|p2a: Landorus
|-damage|p2a: Landorus|22/100
|
|-heal|p2a: Landorus|28/100|[from] item: Leftovers
|upkeep
|turn|13
|
|t:|1662031683
|switch|p1a: steady chip|Thundurus, M|88/100
|move|p2a: Landorus|Defog|p1a: steady chip
|-unboost|p1a: steady chip|evasion|1
|-ability|p1a: steady chip|Defiant
|-boost|p1a: steady chip|atk|2
|-sideend|p2: cets on creck|Stealth Rock|[from] move: Defog|[of] p2a: Landorus
|
|-heal|p2a: Landorus|34/100|[from] item: Leftovers
|upkeep
|turn|14
|
|t:|1662031690
|switch|p2a: Ferrothorn|Ferrothorn, M|35/100
|move|p1a: steady chip|Knock Off|p2a: Ferrothorn
|-damage|p2a: Ferrothorn|9/100
|-damage|p1a: steady chip|76/100|[from] ability: Iron Barbs|[of] p2a: Ferrothorn
|
|upkeep
|turn|15
|j| Jimmy Powka
|
|t:|1662031698
|move|p1a: steady chip|Volt Switch|p2a: Ferrothorn
|-resisted|p2a: Ferrothorn
|-damage|p2a: Ferrothorn|0 fnt
|faint|p2a: Ferrothorn
|
|t:|1662031709
|switch|p1a: bailed once|Dragonite, M|100/100|[from]move: Volt Switch
|
|upkeep
|
|t:|1662031711
|switch|p2a: Landorus|Landorus-Therian, M|34/100
|-ability|p2a: Landorus|Intimidate|boost
|-unboost|p1a: bailed once|atk|1
|turn|16
|
|t:|1662031722
|move|p2a: Landorus|U-turn|p1a: bailed once
|-resisted|p1a: bailed once
|-damage|p1a: bailed once|97/100
|
|t:|1662031725
|switch|p2a: Clefable|Clefable, F|100/100|[from]move: U-turn
|move|p1a: bailed once|Ice Beam|p2a: Clefable
|-damage|p2a: Clefable|82/100
|
|-heal|p2a: Clefable|88/100|[from] item: Leftovers
|upkeep
|turn|17
|
|t:|1662031732
|switch|p1a: suicide mission|Clefable, M|25/100
|switch|p2a: Pelipper|Pelipper, M|100/100
|-weather|RainDance|[from] ability: Drizzle|[of] p2a: Pelipper
|
|-weather|RainDance|[upkeep]
|upkeep
|turn|18
|
|t:|1662031738
|move|p2a: Pelipper|Hurricane|p1a: suicide mission
|-damage|p1a: suicide mission|0 fnt
|faint|p1a: suicide mission
|
|-weather|RainDance|[upkeep]
|upkeep
|
|t:|1662031745
|switch|p1a: steady chip|Thundurus, M|76/100
|turn|19
|
|t:|1662031750
|switch|p2a: Clefable|Clefable, F|88/100
|move|p1a: steady chip|Volt Switch|p2a: Clefable
|-damage|p2a: Clefable|54/100
|
|t:|1662031764
|switch|p1a: guap remnants|Slowbro-Galar, F|100/100|[from]move: Volt Switch
|
|-weather|RainDance|[upkeep]
|-heal|p2a: Clefable|60/100|[from] item: Leftovers
|upkeep
|turn|20
|
|t:|1662031774
|switch|p2a: Dragonite|Dragonite, M|100/100
|move|p1a: guap remnants|Nasty Plot|p1a: guap remnants
|-boost|p1a: guap remnants|spa|2
|
|-weather|RainDance|[upkeep]
|upkeep
|turn|21
|
|t:|1662031776
|move|p2a: Dragonite|Hurricane|p1a: guap remnants
|-damage|p1a: guap remnants|60/100
|move|p1a: guap remnants|Sludge Bomb|p2a: Dragonite
|-damage|p2a: Dragonite|69/100
|
|-weather|none
|upkeep
|turn|22
|
|t:|1662031783
|move|p2a: Dragonite|Hurricane|p1a: guap remnants
|-damage|p1a: guap remnants|15/100
|move|p1a: guap remnants|Sludge Bomb|p2a: Dragonite
|-damage|p2a: Dragonite|4/100
|-status|p2a: Dragonite|psn
|
|-damage|p2a: Dragonite|0 fnt|[from] psn
|faint|p2a: Dragonite
|upkeep
|
|t:|1662031793
|switch|p2a: Pelipper|Pelipper, M|100/100
|-weather|RainDance|[from] ability: Drizzle|[of] p2a: Pelipper
|turn|23
|
|t:|1662031796
|switch|p1a: on the edge|Excadrill, F|100/100
|-ability|p1a: on the edge|Mold Breaker
|move|p2a: Pelipper|Hurricane|p1a: on the edge
|-resisted|p1a: on the edge
|-damage|p1a: on the edge|71/100
|-start|p1a: on the edge|confusion
|
|-weather|RainDance|[upkeep]
|-heal|p1a: on the edge|78/100|[from] item: Leftovers
|upkeep
|turn|24
|
|t:|1662031802
|switch|p2a: Urshifu|Urshifu-Rapid-Strike, M|100/100
|-activate|p1a: on the edge|confusion
|-damage|p1a: on the edge|62/100|[from] confusion
|
|-weather|RainDance|[upkeep]
|-heal|p1a: on the edge|68/100|[from] item: Leftovers
|upkeep
|turn|25
|
|t:|1662031806
|switch|p1a: bailed twice|Pyukumuku, M|100/100
|move|p2a: Urshifu|U-turn|p1a: bailed twice
|-damage|p1a: bailed twice|86/100
|
|t:|1662031809
|switch|p2a: Pelipper|Pelipper, M|100/100|[from]move: U-turn
|
|-weather|RainDance|[upkeep]
|-heal|p1a: bailed twice|92/100|[from] item: Leftovers
|upkeep
|turn|26
|
|t:|1662031812
|move|p2a: Pelipper|Hurricane|p1a: bailed twice
|-damage|p1a: bailed twice|28/100
|move|p1a: bailed twice|Toxic|p2a: Pelipper
|-status|p2a: Pelipper|tox
|
|-weather|RainDance|[upkeep]
|-heal|p1a: bailed twice|34/100|[from] item: Leftovers
|-damage|p2a: Pelipper|94/100 tox|[from] psn
|upkeep
|turn|27
|
|t:|1662031819
|switch|p2a: Urshifu|Urshifu-Rapid-Strike, M|100/100
|move|p1a: bailed twice|Recover|p1a: bailed twice
|-heal|p1a: bailed twice|84/100
|
|-weather|none
|-heal|p1a: bailed twice|90/100|[from] item: Leftovers
|upkeep
|turn|28
|
|t:|1662031828
|switch|p1a: bailed once|Dragonite, M|97/100
|move|p2a: Urshifu|U-turn|p1a: bailed once
|-resisted|p1a: bailed once
|-damage|p1a: bailed once|89/100
|
|t:|1662031830
|switch|p2a: Clefable|Clefable, F|60/100|[from]move: U-turn
|
|-heal|p2a: Clefable|66/100|[from] item: Leftovers
|upkeep
|turn|29
|
|t:|1662031835
|switch|p1a: guap remnants|Slowbro-Galar, F|48/100
|move|p2a: Clefable|Calm Mind|p2a: Clefable
|-boost|p2a: Clefable|spa|1
|-boost|p2a: Clefable|spd|1
|
|-heal|p2a: Clefable|72/100|[from] item: Leftovers
|upkeep
|turn|30
|
|t:|1662031838
|move|p2a: Clefable|Calm Mind|p2a: Clefable
|-boost|p2a: Clefable|spa|1
|-boost|p2a: Clefable|spd|1
|move|p1a: guap remnants|Sludge Bomb|p2a: Clefable
|-supereffective|p2a: Clefable
|-damage|p2a: Clefable|38/100
|-status|p2a: Clefable|psn
|
|-heal|p2a: Clefable|44/100 psn|[from] item: Leftovers
|upkeep
|turn|31
|
|t:|1662031844
|move|p2a: Clefable|Moonblast|p1a: guap remnants
|-resisted|p1a: guap remnants
|-damage|p1a: guap remnants|10/100
|-unboost|p1a: guap remnants|spa|1
|move|p1a: guap remnants|Nasty Plot|p1a: guap remnants
|-boost|p1a: guap remnants|spa|2
|
|-heal|p2a: Clefable|50/100 psn|[from] item: Leftovers
|upkeep
|turn|32
|
|t:|1662031851
|switch|p1a: on the edge|Excadrill, F|68/100
|-ability|p1a: on the edge|Mold Breaker
|move|p2a: Clefable|Moonblast|p1a: on the edge
|-resisted|p1a: on the edge
|-damage|p1a: on the edge|45/100
|
|-heal|p1a: on the edge|51/100|[from] item: Leftovers
|-heal|p2a: Clefable|56/100 psn|[from] item: Leftovers
|upkeep
|turn|33
|
|t:|1662031853
|move|p1a: on the edge|Iron Head|p2a: Clefable
|-supereffective|p2a: Clefable
|-damage|p2a: Clefable|0 fnt
|faint|p2a: Clefable
|
|-heal|p1a: on the edge|58/100|[from] item: Leftovers
|upkeep
|-message|cets on creck forfeited.
|
|win|Yui pureskill
|raw|Yui pureskill's rating: 1670 &rarr; <strong>1702</strong><br />(+32 for winning)
|raw|cets on creck's rating: 1920 &rarr; <strong>1888</strong><br />(-32 for losing)
|l|☆cets on creck
||Ladder isn't responding, score probably updated but might not have (Request timeout).
