|j|☆Justin UA
|j|☆yaboiAshK.
|t:|1650650396
|gametype|singles
|player|p1|Justin UA|ethan|1582
|player|p2|yaboiAshK.|ash|1533
|teamsize|p1|6
|teamsize|p2|6
|gen|8
|tier|[Gen 8] OU
|rated|
|rule|Sleep Clause Mod: Limit one foe put to sleep
|rule|Species Clause: Limit one of each Pokémon
|rule|OHKO Clause: OHKO moves are banned
|rule|Evasion Moves Clause: Evasion moves are banned
|rule|Endless Battle Clause: Forcing endless battles is banned
|rule|HP Percentage Mod: HP is shown in percentages
|rule|Dynamax Clause: You cannot dynamax
|clearpoke
|poke|p1|Dragapult, M|
|poke|p1|Urshifu-*, F|
|poke|p1|Tapu Lele|
|poke|p1|Toxapex, M|
|poke|p1|Corviknight, F|
|poke|p1|Landorus-Therian, M|
|poke|p2|Dragapult, M|
|poke|p2|Tangrowth, F|
|poke|p2|Slowking-Galar, F|
|poke|p2|Mantine, F|
|poke|p2|Rotom-Heat|
|poke|p2|Kommo-o, F|
|teampreview
|inactive|Battle timer is ON: inactive players will automatically lose when time's up. (requested by yaboiAshK.)
|
|t:|1650650418
|start
|switch|p1a: Urshifu|Urshifu-Rapid-Strike, F|100/100
|switch|p2a: Worn out hoe|Kommo-o, F|100/100
|turn|1
|
|t:|1650650426
|move|p1a: Urshifu|U-turn|p2a: Worn out hoe
|-resisted|p2a: Worn out hoe
|-damage|p2a: Worn out hoe|88/100
|
|t:|1650650435
|switch|p1a: Toxapex|Toxapex, M|100/100|[from]move: U-turn
|move|p2a: Worn out hoe|Stealth Rock|p1a: Toxapex
|-sidestart|p1: Justin UA|move: Stealth Rock
|
|-heal|p2a: Worn out hoe|95/100|[from] item: Leftovers
|upkeep
|turn|2
|
|t:|1650650442
|move|p2a: Worn out hoe|Taunt|p1a: Toxapex
|-start|p1a: Toxapex|move: Taunt
|cant|p1a: Toxapex|move: Taunt|Toxic Spikes
|
|-heal|p2a: Worn out hoe|100/100|[from] item: Leftovers
|upkeep
|turn|3
|
|t:|1650650445
|switch|p2a: Slowqueen|Slowking-Galar, F|100/100
|move|p1a: Toxapex|Knock Off|p2a: Slowqueen
|-supereffective|p2a: Slowqueen
|-damage|p2a: Slowqueen|70/100
|-enditem|p2a: Slowqueen|Assault Vest|[from] move: Knock Off|[of] p1a: Toxapex
|
|upkeep
|turn|4
|
|t:|1650650456
|switch|p1a: Urshifu|Urshifu-Rapid-Strike, F|100/100
|-damage|p1a: Urshifu|94/100|[from] Stealth Rock
|move|p2a: Slowqueen|Future Sight|p1a: Urshifu
|-start|p2a: Slowqueen|move: Future Sight
|
|upkeep
|turn|5
|
|t:|1650650460
|switch|p2a: fat fuck|Tangrowth, F|100/100
|move|p1a: Urshifu|U-turn|p2a: fat fuck
|-supereffective|p2a: fat fuck
|-damage|p2a: fat fuck|64/100
|-damage|p1a: Urshifu|78/100|[from] item: Rocky Helmet|[of] p2a: fat fuck
|
|t:|1650650466
|switch|p1a: Toxapex|Toxapex, M|100/100|[from]move: U-turn
|-damage|p1a: Toxapex|88/100|[from] Stealth Rock
|
|-heal|p1a: Toxapex|94/100|[from] item: Black Sludge
|upkeep
|turn|6
|
|t:|1650650471
|switch|p1a: Corviknight|Corviknight, F|100/100
|-damage|p1a: Corviknight|88/100|[from] Stealth Rock
|-ability|p1a: Corviknight|Pressure
|move|p2a: fat fuck|Giga Drain|p1a: Corviknight
|-resisted|p1a: Corviknight
|-damage|p1a: Corviknight|82/100
|-heal|p2a: fat fuck|67/100|[from] drain|[of] p1a: Corviknight
|
|-end|p1a: Corviknight|move: Future Sight
|-resisted|p1a: Corviknight
|-damage|p1a: Corviknight|58/100
|-heal|p1a: Corviknight|65/100|[from] item: Leftovers
|upkeep
|turn|7
|
|t:|1650650477
|move|p1a: Corviknight|Defog|p2a: fat fuck
|-unboost|p2a: fat fuck|evasion|1
|-sideend|p1: Justin UA|Stealth Rock|[from] move: Defog|[of] p1a: Corviknight
|move|p2a: fat fuck|Stun Spore|p1a: Corviknight|[miss]
|-miss|p2a: fat fuck|p1a: Corviknight
|
|-heal|p1a: Corviknight|71/100|[from] item: Leftovers
|upkeep
|turn|8
|
|t:|1650650484
|switch|p1a: Toxapex|Toxapex, M|100/100
|move|p2a: fat fuck|Knock Off|p1a: Toxapex
|-damage|p1a: Toxapex|86/100
|-enditem|p1a: Toxapex|Black Sludge|[from] move: Knock Off|[of] p2a: fat fuck
|
|upkeep
|turn|9
|
|t:|1650650490
|switch|p2a: Worn out hoe|Kommo-o, F|100/100
|move|p1a: Toxapex|Toxic Spikes|p2a: Worn out hoe
|-sidestart|p2: yaboiAshK.|move: Toxic Spikes
|
|upkeep
|turn|10
|
|t:|1650650494
|move|p2a: Worn out hoe|Stealth Rock|p1a: Toxapex
|-sidestart|p1: Justin UA|move: Stealth Rock
|move|p1a: Toxapex|Knock Off|p2a: Worn out hoe
|-resisted|p2a: Worn out hoe
|-damage|p2a: Worn out hoe|96/100
|-enditem|p2a: Worn out hoe|Leftovers|[from] move: Knock Off|[of] p1a: Toxapex
|
|upkeep
|turn|11
|
|t:|1650650501
|switch|p2a: Slowqueen|Slowking-Galar, F|100/100
|-sideend|p2: yaboiAshK.|move: Toxic Spikes|[of] p2a: Slowqueen
|switch|p1a: Tapu Lele|Tapu Lele|100/100
|-damage|p1a: Tapu Lele|88/100|[from] Stealth Rock
|-fieldstart|move: Psychic Terrain|[from] ability: Psychic Surge|[of] p1a: Tapu Lele
|
|upkeep
|turn|12
|
|t:|1650650506
|move|p1a: Tapu Lele|Psyshock|p2a: Slowqueen
|-damage|p2a: Slowqueen|11/100
|move|p2a: Slowqueen|Sludge Bomb|p1a: Tapu Lele
|-supereffective|p1a: Tapu Lele
|-damage|p1a: Tapu Lele|13/100
|
|upkeep
|turn|13
|
|t:|1650650511
|switch|p2a: fat fuck|Tangrowth, F|100/100
|move|p1a: Tapu Lele|Psyshock|p2a: fat fuck
|-damage|p2a: fat fuck|53/100
|
|upkeep
|turn|14
|
|t:|1650650517
|switch|p1a: Corviknight|Corviknight, F|71/100
|-damage|p1a: Corviknight|58/100|[from] Stealth Rock
|-ability|p1a: Corviknight|Pressure
|move|p2a: fat fuck|Knock Off|p1a: Corviknight
|-damage|p1a: Corviknight|44/100
|-enditem|p1a: Corviknight|Leftovers|[from] move: Knock Off|[of] p2a: fat fuck
|
|upkeep
|turn|15
|
|t:|1650650520
|move|p1a: Corviknight|Roost|p1a: Corviknight
|-heal|p1a: Corviknight|94/100
|-singleturn|p1a: Corviknight|move: Roost
|move|p2a: fat fuck|Stun Spore|p1a: Corviknight
|-status|p1a: Corviknight|par
|
|-fieldend|move: Psychic Terrain
|upkeep
|turn|16
|
|t:|1650650523
|move|p2a: fat fuck|Leech Seed|p1a: Corviknight
|-start|p1a: Corviknight|move: Leech Seed
|move|p1a: Corviknight|Defog|p2a: fat fuck
|-unboost|p2a: fat fuck|evasion|1
|-sideend|p1: Justin UA|Stealth Rock|[from] move: Defog|[of] p1a: Corviknight
|
|-damage|p1a: Corviknight|81/100 par|[from] Leech Seed|[of] p2a: fat fuck
|-heal|p2a: fat fuck|66/100|[silent]
|upkeep
|turn|17
|
|t:|1650650530
|switch|p1a: Toxapex|Toxapex, M|100/100
|move|p2a: fat fuck|Leech Seed|p1a: Toxapex
|-start|p1a: Toxapex|move: Leech Seed
|
|-damage|p1a: Toxapex|88/100|[from] Leech Seed|[of] p2a: fat fuck
|-heal|p2a: fat fuck|75/100|[silent]
|upkeep
|turn|18
|
|t:|1650650535
|switch|p2a: Slowqueen|Slowking-Galar, F|45/100
|move|p1a: Toxapex|Knock Off|p2a: Slowqueen
|-supereffective|p2a: Slowqueen
|-damage|p2a: Slowqueen|25/100
|
|-damage|p1a: Toxapex|75/100|[from] Leech Seed|[of] p2a: Slowqueen
|-heal|p2a: Slowqueen|35/100|[silent]
|upkeep
|turn|19
|
|t:|1650650538
|switch|p1a: Landorus|Landorus-Therian, M|100/100
|-ability|p1a: Landorus|Intimidate|boost
|-unboost|p2a: Slowqueen|atk|1
|switch|p2a: Worn out hoe|Kommo-o, F|96/100
|
|upkeep
|turn|20
|
|t:|1650650544
|move|p1a: Landorus|Stealth Rock|p2a: Worn out hoe
|-sidestart|p2: yaboiAshK.|move: Stealth Rock
|move|p2a: Worn out hoe|Toxic|p1a: Landorus
|-status|p1a: Landorus|tox
|
|-damage|p1a: Landorus|94/100 tox|[from] psn
|upkeep
|turn|21
|
|t:|1650650548
|move|p1a: Landorus|U-turn|p2a: Worn out hoe
|-resisted|p2a: Worn out hoe
|-damage|p2a: Worn out hoe|89/100
|
|t:|1650650551
|switch|p1a: Tapu Lele|Tapu Lele|13/100|[from]move: U-turn
|-fieldstart|move: Psychic Terrain|[from] ability: Psychic Surge|[of] p1a: Tapu Lele
|move|p2a: Worn out hoe|Stealth Rock|p1a: Tapu Lele
|-sidestart|p1: Justin UA|move: Stealth Rock
|
|upkeep
|turn|22
|
|t:|1650650559
|switch|p2a: Sweet Pea|Mantine, F, shiny|100/100
|move|p1a: Tapu Lele|Psychic|p2a: Sweet Pea
|-damage|p2a: Sweet Pea|46/100
|
|upkeep
|turn|23
|
|t:|1650650563
|switch|p2a: Slowqueen|Slowking-Galar, F|68/100
|-damage|p2a: Slowqueen|55/100|[from] Stealth Rock
|move|p1a: Tapu Lele|Psychic|p2a: Slowqueen
|-damage|p2a: Slowqueen|0 fnt
|faint|p2a: Slowqueen
|
|upkeep
|
|t:|1650650570
|switch|p2a: Toastiana|Rotom-Heat|100/100
|turn|24
|
|t:|1650650576
|switch|p1a: Dragapult|Dragapult, M, shiny|100/100
|-damage|p1a: Dragapult|88/100|[from] Stealth Rock
|move|p2a: Toastiana|Discharge|p1a: Dragapult
|-resisted|p1a: Dragapult
|-damage|p1a: Dragapult|67/100
|
|upkeep
|turn|25
|
|t:|1650650582
|switch|p2a: Sweet Pea|Mantine, F, shiny|46/100
|move|p1a: Dragapult|Shadow Ball|p2a: Sweet Pea
|-damage|p2a: Sweet Pea|17/100
|
|-fieldend|move: Psychic Terrain
|upkeep
|turn|26
|
|t:|1650650585
|switch|p2a: Worn out hoe|Kommo-o, F|89/100
|-damage|p2a: Worn out hoe|83/100|[from] Stealth Rock
|move|p1a: Dragapult|Shadow Ball|p2a: Worn out hoe
|-immune|p2a: Worn out hoe|[from] ability: Bulletproof
|
|upkeep
|turn|27
|
|t:|1650650592
|switch|p1a: Corviknight|Corviknight, F|81/100 par
|-damage|p1a: Corviknight|69/100 par|[from] Stealth Rock
|-ability|p1a: Corviknight|Pressure
|switch|p2a: Sweet Pea|Mantine, F, shiny|17/100
|
|upkeep
|turn|28
|
|t:|1650650597
|move|p2a: Sweet Pea|Roost|p2a: Sweet Pea
|-heal|p2a: Sweet Pea|67/100
|-singleturn|p2a: Sweet Pea|move: Roost
|cant|p1a: Corviknight|par
|
|upkeep
|turn|29
|
|t:|1650650602
|switch|p2a: Toastiana|Rotom-Heat|100/100
|move|p1a: Corviknight|Defog|p2a: Toastiana
|-unboost|p2a: Toastiana|evasion|1
|-sideend|p2: yaboiAshK.|Stealth Rock|[from] move: Defog|[of] p1a: Corviknight
|-sideend|p1: Justin UA|Stealth Rock|[from] move: Defog|[of] p1a: Corviknight
|
|upkeep
|turn|30
|
|t:|1650650607
|switch|p1a: Dragapult|Dragapult, M, shiny|67/100
|move|p2a: Toastiana|Nasty Plot|p2a: Toastiana
|-boost|p2a: Toastiana|spa|2
|
|upkeep
|turn|31
|
|t:|1650650612
|move|p1a: Dragapult|Draco Meteor|p2a: Toastiana
|-damage|p2a: Toastiana|11/100
|-unboost|p1a: Dragapult|spa|2
|move|p2a: Toastiana|Overheat|p1a: Dragapult
|-resisted|p1a: Dragapult
|-crit|p1a: Dragapult
|-damage|p1a: Dragapult|0 fnt
|-unboost|p2a: Toastiana|spa|2
|faint|p1a: Dragapult
|
|upkeep
|
|t:|1650650623
|switch|p1a: Urshifu|Urshifu-Rapid-Strike, F|78/100
|turn|32
|
|t:|1650650628
|switch|p2a: Sweet Pea|Mantine, F, shiny|67/100
|move|p1a: Urshifu|U-turn|p2a: Sweet Pea
|-resisted|p2a: Sweet Pea
|-damage|p2a: Sweet Pea|47/100
|
|t:|1650650631
|switch|p1a: Tapu Lele|Tapu Lele|13/100|[from]move: U-turn
|-fieldstart|move: Psychic Terrain|[from] ability: Psychic Surge|[of] p1a: Tapu Lele
|
|upkeep
|turn|33
|
|t:|1650650644
|move|p1a: Tapu Lele|Psyshock|p2a: Sweet Pea
|-damage|p2a: Sweet Pea|0 fnt
|faint|p2a: Sweet Pea
|
|upkeep
|
|t:|1650650647
|switch|p2a: fat fuck|Tangrowth, F|100/100
|turn|34
|
|t:|1650650654
|switch|p1a: Toxapex|Toxapex, M|100/100
|move|p2a: fat fuck|Leech Seed|p1a: Toxapex
|-start|p1a: Toxapex|move: Leech Seed
|
|-damage|p1a: Toxapex|88/100|[from] Leech Seed|[of] p2a: fat fuck
|upkeep
|turn|35
|
|t:|1650650661
|switch|p2a: Worn out hoe|Kommo-o, F|83/100
|move|p1a: Toxapex|Toxic Spikes|p2a: Worn out hoe
|-sidestart|p2: yaboiAshK.|move: Toxic Spikes
|
|-damage|p1a: Toxapex|75/100|[from] Leech Seed|[of] p2a: Worn out hoe
|-heal|p2a: Worn out hoe|93/100|[silent]
|upkeep
|turn|36
|inactive|Justin UA has 120 seconds left.
|
|t:|1650650695
|switch|p1a: Urshifu|Urshifu-Rapid-Strike, F|78/100
|move|p2a: Worn out hoe|Toxic|p1a: Urshifu
|-status|p1a: Urshifu|tox
|
|-damage|p1a: Urshifu|72/100 tox|[from] psn
|-fieldend|move: Psychic Terrain
|upkeep
|turn|37
|
|t:|1650650702
|move|p1a: Urshifu|Close Combat|p2a: Worn out hoe
|-damage|p2a: Worn out hoe|41/100
|-unboost|p1a: Urshifu|def|1
|-unboost|p1a: Urshifu|spd|1
|move|p2a: Worn out hoe|Stealth Rock|p1a: Urshifu
|-sidestart|p1: Justin UA|move: Stealth Rock
|
|-damage|p1a: Urshifu|59/100 tox|[from] psn
|upkeep
|turn|38
|
|t:|1650650713
|switch|p1a: Landorus|Landorus-Therian, M|94/100 tox
|-damage|p1a: Landorus|82/100 tox|[from] Stealth Rock
|-ability|p1a: Landorus|Intimidate|boost
|-unboost|p2a: Worn out hoe|atk|1
|switch|p2a: Toothless|Dragapult, M|100/100
|-status|p2a: Toothless|psn
|
|-heal|p1a: Landorus|88/100 tox|[from] item: Leftovers
|-damage|p2a: Toothless|88/100 psn|[from] psn
|-damage|p1a: Landorus|82/100 tox|[from] psn
|upkeep
|turn|39
|
|t:|1650650717
|move|p2a: Toothless|Dragon Darts|p1a: Landorus
|-damage|p1a: Landorus|44/100 tox
|-anim|p2a: Toothless|Dragon Darts|p1a: Landorus
|-damage|p1a: Landorus|5/100 tox
|move|p1a: Landorus|Knock Off|p2a: Toothless
|-supereffective|p2a: Toothless
|-damage|p2a: Toothless|0 fnt
|-enditem|p2a: Toothless|Choice Band|[from] move: Knock Off|[of] p1a: Landorus
|faint|p2a: Toothless
|
|-heal|p1a: Landorus|11/100 tox|[from] item: Leftovers
|-damage|p1a: Landorus|0 fnt|[from] psn
|faint|p1a: Landorus
|upkeep
|
|t:|1650650724
|switch|p2a: Toastiana|Rotom-Heat|11/100
|switch|p1a: Urshifu|Urshifu-Rapid-Strike, F|59/100 tox
|-damage|p1a: Urshifu|53/100 tox|[from] Stealth Rock
|turn|40
|
|t:|1650650733
|switch|p2a: fat fuck|Tangrowth, F|100/100
|-status|p2a: fat fuck|psn
|move|p1a: Urshifu|U-turn|p2a: fat fuck
|-supereffective|p2a: fat fuck
|-damage|p2a: fat fuck|62/100 psn
|-damage|p1a: Urshifu|37/100 tox|[from] item: Rocky Helmet|[of] p2a: fat fuck
|
|t:|1650650745
|switch|p1a: Tapu Lele|Tapu Lele|13/100|[from]move: U-turn
|-damage|p1a: Tapu Lele|0 fnt|[from] Stealth Rock
|faint|p1a: Tapu Lele
|
|-damage|p2a: fat fuck|50/100 psn|[from] psn
|upkeep
|
|t:|1650650754
|switch|p1a: Toxapex|Toxapex, M|100/100
|-damage|p1a: Toxapex|88/100|[from] Stealth Rock
|turn|41
|
|t:|1650650760
|move|p2a: fat fuck|Stun Spore|p1a: Toxapex
|-status|p1a: Toxapex|par
|move|p1a: Toxapex|Toxic Spikes|p2a: fat fuck
|-sidestart|p2: yaboiAshK.|move: Toxic Spikes
|
|-damage|p2a: fat fuck|37/100 psn|[from] psn
|upkeep
|turn|42
|
|t:|1650650765
|switch|p1a: Corviknight|Corviknight, F|69/100 par
|-damage|p1a: Corviknight|57/100 par|[from] Stealth Rock
|-ability|p1a: Corviknight|Pressure
|move|p2a: fat fuck|Leech Seed|p1a: Corviknight
|-start|p1a: Corviknight|move: Leech Seed
|
|-damage|p1a: Corviknight|44/100 par|[from] Leech Seed|[of] p2a: fat fuck
|-heal|p2a: fat fuck|50/100 psn|[silent]
|-damage|p2a: fat fuck|37/100 psn|[from] psn
|upkeep
|turn|43
|
|t:|1650650776
|switch|p2a: Toastiana|Rotom-Heat|11/100
|move|p1a: Corviknight|Roost|p1a: Corviknight
|-heal|p1a: Corviknight|94/100 par
|-singleturn|p1a: Corviknight|move: Roost
|
|-damage|p1a: Corviknight|81/100 par|[from] Leech Seed|[of] p2a: Toastiana
|-heal|p2a: Toastiana|28/100|[silent]
|upkeep
|turn|44
|
|t:|1650650783
|switch|p1a: Toxapex|Toxapex, M|100/100 par
|-damage|p1a: Toxapex|88/100 par|[from] Stealth Rock
|move|p2a: Toastiana|Discharge|p1a: Toxapex
|-supereffective|p1a: Toxapex
|-damage|p1a: Toxapex|38/100 par
|
|upkeep
|turn|45
|
|t:|1650650787
|move|p2a: Toastiana|Discharge|p1a: Toxapex
|-supereffective|p1a: Toxapex
|-damage|p1a: Toxapex|0 fnt
|faint|p1a: Toxapex
|
|upkeep
|
|t:|1650650789
|switch|p1a: Urshifu|Urshifu-Rapid-Strike, F|37/100 tox
|-damage|p1a: Urshifu|31/100 tox|[from] Stealth Rock
|turn|46
|
|t:|1650650796
|switch|p1a: Corviknight|Corviknight, F|81/100 par
|-damage|p1a: Corviknight|69/100 par|[from] Stealth Rock
|-ability|p1a: Corviknight|Pressure
|switch|p2a: fat fuck|Tangrowth, F|70/100 psn
|
|-damage|p2a: fat fuck|58/100 psn|[from] psn
|upkeep
|turn|47
|
|t:|1650650801
|move|p2a: fat fuck|Leech Seed|p1a: Corviknight
|-start|p1a: Corviknight|move: Leech Seed
|cant|p1a: Corviknight|par
|
|-damage|p1a: Corviknight|57/100 par|[from] Leech Seed|[of] p2a: fat fuck
|-heal|p2a: fat fuck|70/100 psn|[silent]
|-damage|p2a: fat fuck|58/100 psn|[from] psn
|upkeep
|turn|48
|
|t:|1650650805
|switch|p2a: Toastiana|Rotom-Heat|28/100
|move|p1a: Corviknight|U-turn|p2a: Toastiana
|-resisted|p2a: Toastiana
|-crit|p2a: Toastiana
|-damage|p2a: Toastiana|16/100
|
|t:|1650650807
|switch|p1a: Urshifu|Urshifu-Rapid-Strike, F|31/100 tox|[from]move: U-turn
|-damage|p1a: Urshifu|25/100 tox|[from] Stealth Rock
|
|-damage|p1a: Urshifu|18/100 tox|[from] psn
|upkeep
|turn|49
|
|t:|1650650810
|switch|p1a: Corviknight|Corviknight, F|57/100 par
|-damage|p1a: Corviknight|44/100 par|[from] Stealth Rock
|-ability|p1a: Corviknight|Pressure
|switch|p2a: fat fuck|Tangrowth, F|91/100 psn
|
|-damage|p2a: fat fuck|79/100 psn|[from] psn
|upkeep
|turn|50
|
|t:|1650650812
|move|p2a: fat fuck|Leech Seed|p1a: Corviknight
|-start|p1a: Corviknight|move: Leech Seed
|move|p1a: Corviknight|Defog|p2a: fat fuck
|-unboost|p2a: fat fuck|evasion|1
|-sideend|p2: yaboiAshK.|Toxic Spikes|[from] move: Defog|[of] p1a: Corviknight
|-sideend|p1: Justin UA|Stealth Rock|[from] move: Defog|[of] p1a: Corviknight
|
|-damage|p1a: Corviknight|31/100 par|[from] Leech Seed|[of] p2a: fat fuck
|-heal|p2a: fat fuck|91/100 psn|[silent]
|-damage|p2a: fat fuck|79/100 psn|[from] psn
|upkeep
|turn|51
|
|t:|1650650819
|move|p2a: fat fuck|Leech Seed||[still]
|-fail|p2a: fat fuck
|cant|p1a: Corviknight|par
|
|-damage|p1a: Corviknight|19/100 par|[from] Leech Seed|[of] p2a: fat fuck
|-heal|p2a: fat fuck|91/100 psn|[silent]
|-damage|p2a: fat fuck|79/100 psn|[from] psn
|upkeep
|turn|52
|
|t:|1650650822
|move|p2a: fat fuck|Knock Off|p1a: Corviknight
|-damage|p1a: Corviknight|9/100 par
|move|p1a: Corviknight|Roost|p1a: Corviknight
|-heal|p1a: Corviknight|59/100 par
|-singleturn|p1a: Corviknight|move: Roost
|
|-damage|p1a: Corviknight|47/100 par|[from] Leech Seed|[of] p2a: fat fuck
|-heal|p2a: fat fuck|91/100 psn|[silent]
|-damage|p2a: fat fuck|79/100 psn|[from] psn
|upkeep
|turn|53
|
|t:|1650650827
|switch|p2a: Toastiana|Rotom-Heat|16/100
|move|p1a: Corviknight|U-turn|p2a: Toastiana
|-resisted|p2a: Toastiana
|-damage|p2a: Toastiana|8/100
|
|t:|1650650829
|switch|p1a: Urshifu|Urshifu-Rapid-Strike, F|18/100 tox|[from]move: U-turn
|
|-damage|p1a: Urshifu|12/100 tox|[from] psn
|upkeep
|turn|54
|
|t:|1650650832
|switch|p1a: Corviknight|Corviknight, F|47/100 par
|-ability|p1a: Corviknight|Pressure
|switch|p2a: fat fuck|Tangrowth, F|100/100 psn
|
|-damage|p2a: fat fuck|88/100 psn|[from] psn
|upkeep
|turn|55
|
|t:|1650650835
|switch|p2a: Toastiana|Rotom-Heat|8/100
|cant|p1a: Corviknight|par
|
|upkeep
|turn|56
|
|t:|1650650838
|move|p2a: Toastiana|Discharge|p1a: Corviknight
|-supereffective|p1a: Corviknight
|-damage|p1a: Corviknight|0 fnt
|faint|p1a: Corviknight
|
|upkeep
|-message|Justin UA forfeited.
|
|win|yaboiAshK.
|raw|Justin UA's rating: 1582 &rarr; <strong>1559</strong><br />(-23 for losing)
|raw|yaboiAshK.'s rating: 1533 &rarr; <strong>1556</strong><br />(+23 for winning)
|l|☆Justin UA
||Ladder isn't responding, score probably updated but might not have (Request timeout).
