|j|☆Loon999
|j|☆Forwards
|t:|1663094036
|gametype|singles
|player|p1|Loon999|emmet|1730
|player|p2|Forwards|rollerskater|1776
|teamsize|p1|6
|teamsize|p2|6
|gen|8
|tier|[Gen 8] OU
|rated|
|rule|Sleep Clause Mod: Limit one foe put to sleep
|rule|Species Clause: Limit one of each Pokémon
|rule|OHKO Clause: OHKO moves are banned
|rule|Evasion Items Clause: Evasion items are banned
|rule|Evasion Moves Clause: Evasion moves are banned
|rule|Endless Battle Clause: Forcing endless battles is banned
|rule|HP Percentage Mod: HP is shown in percentages
|rule|Dynamax Clause: You cannot dynamax
|clearpoke
|poke|p1|Clefable, F|
|poke|p1|Kartana|
|poke|p1|Hydreigon, M|
|poke|p1|Swampert, M|
|poke|p1|Slowking-Galar, M|
|poke|p1|Buzzwole|
|poke|p2|Tapu Koko|
|poke|p2|Moltres-Galar|
|poke|p2|Registeel|
|poke|p2|Hawlucha, M|
|poke|p2|Landorus-Therian, M|
|poke|p2|Mew|
|teampreview
|
|t:|1663094042
|start
|switch|p1a: Paper Cut|Kartana, shiny|100/100
|switch|p2a: Landorus|Landorus-Therian, M|100/100
|-ability|p2a: Landorus|Intimidate|boost
|-unboost|p1a: Paper Cut|atk|1
|turn|1
|
|t:|1663094048
|move|p1a: Paper Cut|Leaf Blade|p2a: Landorus
|-damage|p2a: Landorus|26/100
|move|p2a: Landorus|Stealth Rock|p1a: Paper Cut
|-sidestart|p1: Loon999|move: Stealth Rock
|
|upkeep
|turn|2
|
|t:|1663094057
|switch|p2a: Moltres|Moltres-Galar|100/100
|move|p1a: Paper Cut|Leaf Blade|p2a: Moltres
|-resisted|p2a: Moltres
|-crit|p2a: Moltres
|-damage|p2a: Moltres|36/100
|-ability|p2a: Moltres|Berserk|boost
|-boost|p2a: Moltres|spa|1
|
|upkeep
|turn|3
|
|t:|1663094064
|move|p1a: Paper Cut|Leaf Blade|p2a: Moltres
|-resisted|p2a: Moltres
|-damage|p2a: Moltres|3/100
|move|p2a: Moltres|Air Slash|p1a: Paper Cut
|-damage|p1a: Paper Cut|0 fnt
|faint|p1a: Paper Cut
|
|upkeep
|
|t:|1663094073
|switch|p1a: Clefooble|Clefable, F, shiny|100/100
|-damage|p1a: Clefooble|88/100|[from] Stealth Rock
|turn|4
|
|t:|1663094080
|move|p2a: Moltres|Air Slash|p1a: Clefooble
|-damage|p1a: Clefooble|67/100
|move|p1a: Clefooble|Moonblast|p2a: Moltres
|-supereffective|p2a: Moltres
|-damage|p2a: Moltres|0 fnt
|faint|p2a: Moltres
|
|-heal|p1a: Clefooble|73/100|[from] item: Leftovers
|upkeep
|
|t:|1663094082
|switch|p2a: Landorus|Landorus-Therian, M|26/100
|-ability|p2a: Landorus|Intimidate|boost
|-unboost|p1a: Clefooble|atk|1
|turn|5
|
|t:|1663094086
|switch|p1a: Buzz Swole|Buzzwole, shiny|100/100
|-damage|p1a: Buzz Swole|88/100|[from] Stealth Rock
|move|p2a: Landorus|Explosion|p1a: Buzz Swole
|-damage|p1a: Buzz Swole|41/100
|faint|p2a: Landorus
|
|upkeep
|
|t:|1663094089
|switch|p2a: Tapu Koko|Tapu Koko|100/100
|-fieldstart|move: Electric Terrain|[from] ability: Electric Surge|[of] p2a: Tapu Koko
|turn|6
|
|t:|1663094092
|switch|p1a: Slowking-Galaxy|Slowking-Galar, M|100/100
|-damage|p1a: Slowking-Galaxy|88/100|[from] Stealth Rock
|move|p2a: Tapu Koko|Taunt|p1a: Slowking-Galaxy
|-start|p1a: Slowking-Galaxy|move: Taunt
|
|upkeep
|turn|7
|
|t:|1663094094
|move|p2a: Tapu Koko|Light Screen|p2a: Tapu Koko
|-sidestart|p2: Forwards|move: Light Screen
|move|p1a: Slowking-Galaxy|Future Sight|p2a: Tapu Koko
|-start|p1a: Slowking-Galaxy|move: Future Sight
|
|upkeep
|turn|8
|
|t:|1663094098
|move|p2a: Tapu Koko|Reflect|p2a: Tapu Koko
|-sidestart|p2: Forwards|Reflect
|move|p1a: Slowking-Galaxy|Flamethrower|p2a: Tapu Koko
|-damage|p2a: Tapu Koko|82/100
|
|-end|p1a: Slowking-Galaxy|move: Taunt
|upkeep
|turn|9
|
|t:|1663094100
|move|p2a: Tapu Koko|U-turn|p1a: Slowking-Galaxy
|-damage|p1a: Slowking-Galaxy|69/100
|
|t:|1663094105
|switch|p2a: Registeel|Registeel|100/100|[from]move: U-turn
|move|p1a: Slowking-Galaxy|Sludge Wave|p2a: Registeel
|-immune|p2a: Registeel
|
|-end|p2a: Registeel|move: Future Sight
|-resisted|p2a: Registeel
|-damage|p2a: Registeel|90/100
|upkeep
|turn|10
|inactive|Battle timer is ON: inactive players will automatically lose when time's up. (requested by Loon999)
|
|t:|1663094113
|move|p2a: Registeel|Amnesia|p2a: Registeel
|-boost|p2a: Registeel|spd|2
|move|p1a: Slowking-Galaxy|Flamethrower|p2a: Registeel
|-supereffective|p2a: Registeel
|-damage|p2a: Registeel|81/100
|
|-fieldend|move: Electric Terrain
|upkeep
|turn|11
|
|t:|1663094116
|switch|p1a: Hydration|Hydreigon, M, shiny|100/100
|-damage|p1a: Hydration|88/100|[from] Stealth Rock
|move|p2a: Registeel|Amnesia|p2a: Registeel
|-boost|p2a: Registeel|spd|2
|
|-heal|p1a: Hydration|94/100|[from] item: Leftovers
|upkeep
|turn|12
|
|t:|1663094119
|move|p1a: Hydration|Nasty Plot|p1a: Hydration
|-boost|p1a: Hydration|spa|2
|move|p2a: Registeel|Body Press|p1a: Hydration
|-supereffective|p1a: Hydration
|-damage|p1a: Hydration|26/100
|
|-heal|p1a: Hydration|32/100|[from] item: Leftovers
|upkeep
|turn|13
|
|t:|1663094122
|move|p1a: Hydration|Dark Pulse|p2a: Registeel
|-damage|p2a: Registeel|70/100
|cant|p2a: Registeel|flinch
|
|-heal|p1a: Hydration|39/100|[from] item: Leftovers
|upkeep
|turn|14
|
|t:|1663094129
|move|p1a: Hydration|Roost|p1a: Hydration
|-heal|p1a: Hydration|89/100
|-singleturn|p1a: Hydration|move: Roost
|move|p2a: Registeel|Body Press|p1a: Hydration
|-supereffective|p1a: Hydration
|-damage|p1a: Hydration|28/100
|
|-heal|p1a: Hydration|34/100|[from] item: Leftovers
|-sideend|p2: Forwards|move: Light Screen
|upkeep
|turn|15
|
|t:|1663094133
|move|p1a: Hydration|Dark Pulse|p2a: Registeel
|-damage|p2a: Registeel|50/100
|move|p2a: Registeel|Iron Defense|p2a: Registeel
|-boost|p2a: Registeel|def|2
|
|-heal|p1a: Hydration|40/100|[from] item: Leftovers
|-sideend|p2: Forwards|Reflect
|upkeep
|turn|16
|
|t:|1663094139
|move|p1a: Hydration|Dark Pulse|p2a: Registeel
|-damage|p2a: Registeel|32/100
|cant|p2a: Registeel|flinch
|
|-heal|p1a: Hydration|46/100|[from] item: Leftovers
|upkeep
|turn|17
|
|t:|1663094143
|move|p1a: Hydration|Dark Pulse|p2a: Registeel
|-damage|p2a: Registeel|14/100
|move|p2a: Registeel|Body Press|p1a: Hydration
|-supereffective|p1a: Hydration
|-damage|p1a: Hydration|0 fnt
|faint|p1a: Hydration
|
|upkeep
|
|t:|1663094150
|switch|p1a: Buzz Swole|Buzzwole, shiny|41/100
|-damage|p1a: Buzz Swole|28/100|[from] Stealth Rock
|turn|18
|j| JoleneFreezu
|
|t:|1663094154
|move|p1a: Buzz Swole|Close Combat|p2a: Registeel
|-supereffective|p2a: Registeel
|-damage|p2a: Registeel|0 fnt
|-unboost|p1a: Buzz Swole|def|1
|-unboost|p1a: Buzz Swole|spd|1
|faint|p2a: Registeel
|-ability|p1a: Buzz Swole|Beast Boost|boost
|-boost|p1a: Buzz Swole|atk|1
|
|upkeep
|
|t:|1663094158
|switch|p2a: Tapu Koko|Tapu Koko|82/100
|-fieldstart|move: Electric Terrain|[from] ability: Electric Surge|[of] p2a: Tapu Koko
|turn|19
|
|t:|1663094160
|move|p2a: Tapu Koko|Reflect|p2a: Tapu Koko
|-sidestart|p2: Forwards|Reflect
|move|p1a: Buzz Swole|Roost|p1a: Buzz Swole
|-heal|p1a: Buzz Swole|78/100
|-singleturn|p1a: Buzz Swole|move: Roost
|
|upkeep
|turn|20
|
|t:|1663094162
|switch|p1a: Gilbert|Swampert, M, shiny|100/100
|-damage|p1a: Gilbert|94/100|[from] Stealth Rock
|move|p2a: Tapu Koko|Taunt|p1a: Gilbert
|-start|p1a: Gilbert|move: Taunt
|
|-heal|p1a: Gilbert|100/100|[from] item: Leftovers
|upkeep
|turn|21
|
|t:|1663094164
|move|p2a: Tapu Koko|Light Screen|p2a: Tapu Koko
|-sidestart|p2: Forwards|move: Light Screen
|move|p1a: Gilbert|Earthquake|p2a: Tapu Koko
|-supereffective|p2a: Tapu Koko
|-damage|p2a: Tapu Koko|27/100
|
|upkeep
|turn|22
|j| Kzah
|
|t:|1663094166
|move|p2a: Tapu Koko|U-turn|p1a: Gilbert
|-damage|p1a: Gilbert|83/100
|
|t:|1663094168
|switch|p2a: Mew|Mew|100/100|[from]move: U-turn
|move|p1a: Gilbert|Liquidation|p2a: Mew
|-damage|p2a: Mew|82/100
|
|-heal|p1a: Gilbert|89/100|[from] item: Leftovers
|-end|p1a: Gilbert|move: Taunt
|upkeep
|turn|23
|
|t:|1663094175
|switch|p1a: Clefooble|Clefable, F, shiny|73/100
|-damage|p1a: Clefooble|61/100|[from] Stealth Rock
|move|p2a: Mew|Cosmic Power|p2a: Mew
|-boost|p2a: Mew|def|1
|-boost|p2a: Mew|spd|1
|
|-heal|p1a: Clefooble|67/100|[from] item: Leftovers
|-fieldend|move: Electric Terrain
|upkeep
|turn|24
|
|t:|1663094180
|move|p2a: Mew|Taunt|p1a: Clefooble
|-start|p1a: Clefooble|move: Taunt
|cant|p1a: Clefooble|move: Taunt|Wish
|
|-heal|p1a: Clefooble|73/100|[from] item: Leftovers
|upkeep
|turn|25
|
|t:|1663094182
|move|p2a: Mew|Cosmic Power|p2a: Mew
|-boost|p2a: Mew|def|1
|-boost|p2a: Mew|spd|1
|move|p1a: Clefooble|Moonblast|p2a: Mew
|-damage|p2a: Mew|69/100
|-unboost|p2a: Mew|spa|1
|
|-heal|p1a: Clefooble|79/100|[from] item: Leftovers
|upkeep
|turn|26
|
|t:|1663094187
|move|p2a: Mew|Soft-Boiled|p2a: Mew
|-heal|p2a: Mew|100/100
|move|p1a: Clefooble|Moonblast|p2a: Mew
|-damage|p2a: Mew|88/100
|
|-heal|p1a: Clefooble|85/100|[from] item: Leftovers
|-end|p1a: Clefooble|move: Taunt
|-sideend|p2: Forwards|Reflect
|upkeep
|turn|27
|
|t:|1663094190
|move|p2a: Mew|Taunt|p1a: Clefooble
|-start|p1a: Clefooble|move: Taunt
|cant|p1a: Clefooble|move: Taunt|Toxic
|
|-heal|p1a: Clefooble|91/100|[from] item: Leftovers
|upkeep
|turn|28
|
|t:|1663094194
|move|p2a: Mew|Cosmic Power|p2a: Mew
|-boost|p2a: Mew|def|1
|-boost|p2a: Mew|spd|1
|move|p1a: Clefooble|Moonblast|p2a: Mew
|-damage|p2a: Mew|75/100
|
|-heal|p1a: Clefooble|97/100|[from] item: Leftovers
|-sideend|p2: Forwards|move: Light Screen
|upkeep
|turn|29
|
|t:|1663094198
|move|p2a: Mew|Cosmic Power|p2a: Mew
|-boost|p2a: Mew|def|1
|-boost|p2a: Mew|spd|1
|move|p1a: Clefooble|Moonblast|p2a: Mew
|-damage|p2a: Mew|49/100
|-unboost|p2a: Mew|spa|1
|
|-heal|p1a: Clefooble|100/100|[from] item: Leftovers
|-end|p1a: Clefooble|move: Taunt
|upkeep
|turn|30
|
|t:|1663094201
|move|p2a: Mew|Taunt|p1a: Clefooble
|-start|p1a: Clefooble|move: Taunt
|move|p1a: Clefooble|Moonblast|p2a: Mew
|-damage|p2a: Mew|24/100
|-unboost|p2a: Mew|spa|1
|
|upkeep
|turn|31
|
|t:|1663094205
|move|p2a: Mew|Soft-Boiled|p2a: Mew
|-heal|p2a: Mew|74/100
|move|p1a: Clefooble|Moonblast|p2a: Mew
|-damage|p2a: Mew|47/100
|-unboost|p2a: Mew|spa|1
|
|upkeep
|turn|32
|-message|Loon999 forfeited.
|
|win|Forwards
|raw|Loon999's rating: 1730 &rarr; <strong>1713</strong><br />(-17 for losing)
|raw|Forwards's rating: 1776 &rarr; <strong>1793</strong><br />(+17 for winning)
|l|☆Loon999
|l|☆Forwards
||Ladder isn't responding, score probably updated but might not have (Request timeout).
