|j|☆LECH24
|j|☆twin flame bruise
|t:|1656907638
|gametype|singles
|player|p1|LECH24|102|1739
|player|p2|twin flame bruise|harlequin|1741
|teamsize|p1|6
|teamsize|p2|6
|gen|8
|tier|[Gen 8] OU
|rated|
|rule|Sleep Clause Mod: Limit one foe put to sleep
|rule|Species Clause: Limit one of each Pokémon
|rule|OHKO Clause: OHKO moves are banned
|rule|Evasion Moves Clause: Evasion moves are banned
|rule|Endless Battle Clause: Forcing endless battles is banned
|rule|HP Percentage Mod: HP is shown in percentages
|rule|Dynamax Clause: You cannot dynamax
|clearpoke
|poke|p1|Blacephalon|
|poke|p1|Tornadus-Therian, M|
|poke|p1|Landorus-Therian, M|
|poke|p1|Volcarona, F|
|poke|p1|Rillaboom, F|
|poke|p1|Melmetal|
|poke|p2|Obstagoon, F|
|poke|p2|Heatran, M|
|poke|p2|Landorus-Therian, M|
|poke|p2|Volcanion|
|poke|p2|Tapu Lele|
|poke|p2|Clefable, M|
|teampreview
|inactive|Battle timer is ON: inactive players will automatically lose when time's up. (requested by twin flame bruise)
|inactive|LECH24 has 120 seconds left.
|
|t:|1656907670
|start
|switch|p1a: Tornadus|Tornadus-Therian, M|100/100
|switch|p2a: Landorus|Landorus-Therian, M|100/100
|-ability|p2a: Landorus|Intimidate|boost
|-unboost|p1a: Tornadus|atk|1
|turn|1
|
|t:|1656907673
|move|p1a: Tornadus|Knock Off|p2a: Landorus
|-damage|p2a: Landorus|87/100
|-damage|p1a: Tornadus|84/100|[from] item: Rocky Helmet|[of] p2a: Landorus
|-enditem|p2a: Landorus|Rocky Helmet|[from] move: Knock Off|[of] p1a: Tornadus
|move|p2a: Landorus|Toxic|p1a: Tornadus
|-status|p1a: Tornadus|tox
|
|-damage|p1a: Tornadus|78/100 tox|[from] psn
|upkeep
|turn|2
|
|t:|1656907679
|move|p1a: Tornadus|Hurricane|p2a: Landorus
|-damage|p2a: Landorus|57/100
|-start|p2a: Landorus|confusion
|-activate|p2a: Landorus|confusion
|move|p2a: Landorus|Stealth Rock|p1a: Tornadus
|-sidestart|p1: LECH24|move: Stealth Rock
|
|-damage|p1a: Tornadus|66/100 tox|[from] psn
|upkeep
|turn|3
|
|t:|1656907688
|move|p1a: Tornadus|Defog|p2a: Landorus
|-unboost|p2a: Landorus|evasion|1
|-sideend|p1: LECH24|Stealth Rock|[from] move: Defog|[of] p1a: Tornadus
|-activate|p2a: Landorus|confusion
|-damage|p2a: Landorus|44/100|[from] confusion
|
|-damage|p1a: Tornadus|47/100 tox|[from] psn
|upkeep
|turn|4
|
|t:|1656907694
|move|p1a: Tornadus|Hurricane|p2a: Landorus
|-damage|p2a: Landorus|16/100
|-end|p2a: Landorus|confusion
|move|p2a: Landorus|Stealth Rock|p1a: Tornadus
|-sidestart|p1: LECH24|move: Stealth Rock
|
|-damage|p1a: Tornadus|23/100 tox|[from] psn
|upkeep
|turn|5
|
|t:|1656907702
|move|p1a: Tornadus|U-turn|p2a: Landorus
|-resisted|p2a: Landorus
|-damage|p2a: Landorus|11/100
|
|t:|1656907712
|switch|p1a: Melmetal|Melmetal|100/100|[from]move: U-turn
|-damage|p1a: Melmetal|94/100|[from] Stealth Rock
|move|p2a: Landorus|Stealth Rock||[still]
|-fail|p2a: Landorus
|
|-heal|p1a: Melmetal|100/100|[from] item: Leftovers
|upkeep
|turn|6
|
|t:|1656907724
|move|p2a: Landorus|Earthquake|p1a: Melmetal
|-supereffective|p1a: Melmetal
|-damage|p1a: Melmetal|52/100
|move|p1a: Melmetal|Double Iron Bash|p2a: Landorus
|-damage|p2a: Landorus|0 fnt
|faint|p2a: Landorus
|-hitcount|p2: Landorus|1
|
|-heal|p1a: Melmetal|58/100|[from] item: Leftovers
|upkeep
|
|t:|1656907735
|switch|p2a: Volcanion|Volcanion|100/100
|turn|7
|
|t:|1656907749
|move|p1a: Melmetal|Protect|p1a: Melmetal
|-singleturn|p1a: Melmetal|Protect
|move|p2a: Volcanion|Flamethrower|p1a: Melmetal
|-activate|p1a: Melmetal|move: Protect
|
|-heal|p1a: Melmetal|64/100|[from] item: Leftovers
|upkeep
|turn|8
|
|t:|1656907764
|switch|p1a: Landorus|Landorus-Therian, M|100/100
|-damage|p1a: Landorus|88/100|[from] Stealth Rock
|-ability|p1a: Landorus|Intimidate|boost
|-unboost|p2a: Volcanion|atk|1
|move|p2a: Volcanion|Flamethrower|p1a: Landorus
|-damage|p1a: Landorus|7/100
|
|-heal|p1a: Landorus|13/100|[from] item: Leftovers
|upkeep
|turn|9
|c|☆twin flame bruise|nice team
|c|☆twin flame bruise|6-0 by scarf victini
|
|t:|1656907778
|move|p2a: Volcanion|Flamethrower|p1a: Landorus
|-damage|p1a: Landorus|0 fnt
|faint|p1a: Landorus
|
|upkeep
|j| Fitzcarraldo
|
|t:|1656907784
|switch|p1a: Blacephalon|Blacephalon|100/100
|-damage|p1a: Blacephalon|76/100|[from] Stealth Rock
|turn|10
|
|t:|1656907797
|move|p1a: Blacephalon|Overheat|p2a: Volcanion
|-resisted|p2a: Volcanion
|-damage|p2a: Volcanion|68/100
|-unboost|p1a: Blacephalon|spa|2
|move|p2a: Volcanion|Flamethrower|p1a: Blacephalon
|-resisted|p1a: Blacephalon
|-damage|p1a: Blacephalon|8/100
|
|upkeep
|turn|11
|c|☆twin flame bruise|good call
|c|☆twin flame bruise|i only quad resist
|c|☆LECH24|Damn u good bro
|inactive|LECH24 has 120 seconds left.
|c|☆LECH24|Like chill out
|c|☆twin flame bruise|could be worse i could be water bubble volcanion
|
|t:|1656907839
|move|p1a: Blacephalon|Overheat|p2a: Volcanion
|-resisted|p2a: Volcanion
|-damage|p2a: Volcanion|51/100
|-unboost|p1a: Blacephalon|spa|2
|move|p2a: Volcanion|Flamethrower|p1a: Blacephalon
|-resisted|p1a: Blacephalon
|-crit|p1a: Blacephalon
|-damage|p1a: Blacephalon|0 fnt
|faint|p1a: Blacephalon
|
|upkeep
|j| paulcdejean
|inactive|LECH24 has 90 seconds left.
|
|t:|1656907868
|switch|p1a: Rillaboom|Rillaboom, F|100/100
|-damage|p1a: Rillaboom|88/100|[from] Stealth Rock
|-fieldstart|move: Grassy Terrain|[from] ability: Grassy Surge|[of] p1a: Rillaboom
|turn|12
|l| paulcdejean
|
|t:|1656907873
|switch|p2a: Clefable|Clefable, M|100/100
|move|p1a: Rillaboom|Grassy Glide|p2a: Clefable
|-damage|p2a: Clefable|52/100
|-damage|p1a: Rillaboom|72/100|[from] item: Rocky Helmet|[of] p2a: Clefable
|-damage|p1a: Rillaboom|62/100|[from] item: Life Orb
|
|-heal|p1a: Rillaboom|68/100|[from] Grassy Terrain
|-heal|p2a: Clefable|58/100|[from] Grassy Terrain
|upkeep
|turn|13
|c|☆twin flame bruise|do you have any leads on the location of the gremlins?
|
|t:|1656907903
|switch|p1a: Melmetal|Melmetal|64/100
|-damage|p1a: Melmetal|58/100|[from] Stealth Rock
|move|p2a: Clefable|Teleport|p2a: Clefable
|inactive|twin flame bruise has 120 seconds left.
|c|☆twin flame bruise|how u get outplayed every single turn
|c|☆twin flame bruise|it’s honestly an art form
|j| nagafurion
|
|t:|1656907929
|switch|p2a: Heatran|Heatran, M|100/100|[from]move: Teleport
|-item|p2a: Heatran|Air Balloon
|
|-heal|p1a: Melmetal|64/100|[from] Grassy Terrain
|-heal|p1a: Melmetal|70/100|[from] item: Leftovers
|upkeep
|turn|14
|
|t:|1656907938
|move|p1a: Melmetal|Protect|p1a: Melmetal
|-singleturn|p1a: Melmetal|Protect
|move|p2a: Heatran|Eruption|p1a: Melmetal
|-activate|p1a: Melmetal|move: Protect
|
|-heal|p1a: Melmetal|76/100|[from] Grassy Terrain
|-heal|p1a: Melmetal|82/100|[from] item: Leftovers
|upkeep
|turn|15
|j| ACEIPULI
|inactive|twin flame bruise has 120 seconds left.
|
|t:|1656907949
|move|p2a: Heatran|Eruption|p1a: Melmetal
|-supereffective|p1a: Melmetal
|-damage|p1a: Melmetal|0 fnt
|faint|p1a: Melmetal
|
|upkeep
|c|☆twin flame bruise|btw i love you
|
|t:|1656907953
|switch|p1a: Rillaboom|Rillaboom, F|68/100
|-damage|p1a: Rillaboom|56/100|[from] Stealth Rock
|turn|16
|
|t:|1656907968
|switch|p2a: Volcanion|Volcanion|51/100
|move|p1a: Rillaboom|Superpower|p2a: Volcanion
|-damage|p2a: Volcanion|0 fnt
|-unboost|p1a: Rillaboom|atk|1
|-unboost|p1a: Rillaboom|def|1
|faint|p2a: Volcanion
|-damage|p1a: Rillaboom|46/100|[from] item: Life Orb
|
|-heal|p1a: Rillaboom|52/100|[from] Grassy Terrain
|-fieldend|move: Grassy Terrain
|upkeep
|
|t:|1656907969
|switch|p2a: Tapu Lele|Tapu Lele|100/100
|-fieldstart|move: Psychic Terrain|[from] ability: Psychic Surge|[of] p2a: Tapu Lele
|turn|17
|c|☆twin flame bruise|also can you swipe me in
|inactive|LECH24 has 120 seconds left.
|c|☆LECH24|Bro tweaking on the net
|c|☆twin flame bruise|to the nyu cafeteria
|c|☆LECH24|its a shame to see
|c|☆twin flame bruise|happy pride from Amazon!
|
|t:|1656908004
|switch|p1a: Tornadus|Tornadus-Therian, M|56/100 tox
|move|p2a: Tapu Lele|Psychic|p1a: Tornadus
|-damage|p1a: Tornadus|0 fnt
|faint|p1a: Tornadus
|
|upkeep
|
|t:|1656908008
|switch|p1a: Rillaboom|Rillaboom, F|52/100
|-damage|p1a: Rillaboom|40/100|[from] Stealth Rock
|-fieldstart|move: Grassy Terrain|[from] ability: Grassy Surge|[of] p1a: Rillaboom
|turn|18
|
|t:|1656908012
|switch|p2a: Clefable|Clefable, M|58/100
|move|p1a: Rillaboom|Grassy Glide|p2a: Clefable
|-damage|p2a: Clefable|12/100
|-damage|p1a: Rillaboom|23/100|[from] item: Rocky Helmet|[of] p2a: Clefable
|-damage|p1a: Rillaboom|13/100|[from] item: Life Orb
|
|-heal|p1a: Rillaboom|19/100|[from] Grassy Terrain
|-heal|p2a: Clefable|18/100|[from] Grassy Terrain
|upkeep
|turn|19
|
|t:|1656908020
|move|p1a: Rillaboom|Grassy Glide|p2a: Clefable
|-damage|p2a: Clefable|0 fnt
|-damage|p1a: Rillaboom|3/100|[from] item: Rocky Helmet|[of] p2a: Clefable
|faint|p2a: Clefable
|-damage|p1a: Rillaboom|0 fnt|[from] item: Life Orb
|faint|p1a: Rillaboom
|
|upkeep
|j| Dadshirt
|c|☆twin flame bruise|u should’ve doubled there
|c|☆twin flame bruise|and the last time
|
|t:|1656908043
|switch|p1a: Volcarona|Volcarona, F|100/100
|switch|p2a: Tapu Lele|Tapu Lele|100/100
|-fieldstart|move: Psychic Terrain|[from] ability: Psychic Surge|[of] p2a: Tapu Lele
|turn|20
|c|☆twin flame bruise|u r not good
|c|☆LECH24|Outplaying what u click two moves with volc
|inactive|LECH24 has 120 seconds left.
|c|☆twin flame bruise|ur grrrrreat
|
|t:|1656908064
|move|p2a: Tapu Lele|Psyshock|p1a: Volcarona
|-damage|p1a: Volcarona|7/100
|move|p1a: Volcarona|Quiver Dance|p1a: Volcarona
|-boost|p1a: Volcarona|spa|1
|-boost|p1a: Volcarona|spd|1
|-boost|p1a: Volcarona|spe|1
|
|upkeep
|turn|21
|c| Dadshirt|hello fellas
|
|t:|1656908072
|move|p1a: Volcarona|Flamethrower|p2a: Tapu Lele
|-damage|p2a: Tapu Lele|26/100
|move|p2a: Tapu Lele|Psyshock|p1a: Volcarona
|-damage|p1a: Volcarona|0 fnt
|faint|p1a: Volcarona
|
|win|twin flame bruise
|raw|LECH24's rating: 1739 &rarr; <strong>1719</strong><br />(-20 for losing)
|raw|twin flame bruise's rating: 1741 &rarr; <strong>1761</strong><br />(+20 for winning)
|c|☆twin flame bruise|what up fam
|c| Dadshirt|welp
|l| Dadshirt
|c|☆LECH24|Tf
|c|☆twin flame bruise|what time is practice
|c|☆LECH24|Same time I was with ur mom
|l| nagafurion
|c|☆twin flame bruise|つは?
|l|☆LECH24
