|j|☆DaikiMaster
|j|☆X-Wing Fighter
|player|p1|DaikiMaster|lance|1329
|player|p2|X-Wing Fighter|ethan|1377
|teamsize|p1|6
|teamsize|p2|6
|gametype|singles
|gen|8
|tier|[Gen 8] OU
|rated|
|clearpoke
|poke|p1|Zeraora|
|poke|p1|Clefable, F|
|poke|p1|Rotom-Heat|
|poke|p1|Kommo-o, M|
|poke|p1|Corviknight, M|
|poke|p1|Dragapult, F|
|poke|p2|Hatterene, F|
|poke|p2|Appletun, M|
|poke|p2|Mandibuzz, F|
|poke|p2|Lucario, M|
|poke|p2|Vaporeon, M|
|poke|p2|Toxtricity, F|
|rule|Sleep Clause Mod: Limit one foe put to sleep
|rule|Species Clause: Limit one of each Pokémon
|rule|OHKO Clause: OHKO moves are banned
|rule|Evasion Moves Clause: Evasion moves are banned
|rule|Endless Battle Clause: Forcing endless battles is banned
|rule|HP Percentage Mod: HP is shown in percentages
|rule|Dynamax Clause: You cannot dynamax
|teampreview
|
|start
|switch|p1a: Kommo-o|Kommo-o, M|100/100
|switch|p2a: Lucario|Lucario, M|100/100
|turn|1
|
|switch|p2a: Hatterene|Hatterene, F|100/100
|move|p1a: Kommo-o|Substitute|p1a: Kommo-o
|-start|p1a: Kommo-o|Substitute
|-damage|p1a: Kommo-o|75/100
|
|upkeep
|turn|2
|
|move|p1a: Kommo-o|Belly Drum|p1a: Kommo-o
|-damage|p1a: Kommo-o|25/100
|-setboost|p1a: Kommo-o|atk|6|[from] move: Belly Drum
|-enditem|p1a: Kommo-o|Salac Berry|[eat]
|-boost|p1a: Kommo-o|spe|1|[from] item: Salac Berry
|move|p2a: Hatterene|Draining Kiss|p1a: Kommo-o
|-supereffective|p1a: Kommo-o
|-end|p1a: Kommo-o|Substitute
|
|upkeep
|turn|3
|
|move|p1a: Kommo-o|Earthquake|p2a: Hatterene
|-damage|p2a: Hatterene|0 fnt
|faint|p2a: Hatterene
|
|upkeep
|
|switch|p2a: Appletun|Appletun, M|100/100
|turn|4
|
|move|p1a: Kommo-o|Drain Punch|p2a: Appletun
|-damage|p2a: Appletun|3/100
|-heal|p1a: Kommo-o|94/100|[from] drain|[of] p2a: Appletun
|move|p2a: Appletun|Leech Seed|p1a: Kommo-o
|-start|p1a: Kommo-o|move: Leech Seed
|
|-heal|p2a: Appletun|9/100|[from] item: Leftovers
|-damage|p1a: Kommo-o|81/100|[from] Leech Seed|[of] p2a: Appletun
|-heal|p2a: Appletun|18/100|[silent]
|upkeep
|turn|5
|
|move|p1a: Kommo-o|Drain Punch|p2a: Appletun
|-damage|p2a: Appletun|0 fnt
|-heal|p1a: Kommo-o|93/100|[from] drain|[of] p2a: Appletun
|faint|p2a: Appletun
|
|upkeep
|
|switch|p2a: Lucario|Lucario, M|100/100
|turn|6
|-message|X-Wing Fighter forfeited.
|
|win|DaikiMaster
|l|☆X-Wing Fighter
