|j|☆O Capo'
|j|☆cump6
|t:|1652988714
|gametype|singles
|player|p1|O Capo'|ruinmaniac|1393
|player|p2|cump6|265|1378
|teamsize|p1|6
|teamsize|p2|6
|gen|8
|tier|[Gen 8] OU
|rated|
|rule|Sleep Clause Mod: Limit one foe put to sleep
|rule|Species Clause: Limit one of each Pokémon
|rule|OHKO Clause: OHKO moves are banned
|rule|Evasion Moves Clause: Evasion moves are banned
|rule|Endless Battle Clause: Forcing endless battles is banned
|rule|HP Percentage Mod: HP is shown in percentages
|rule|Dynamax Clause: You cannot dynamax
|clearpoke
|poke|p1|Dragapult, F|
|poke|p1|Urshifu-*, M|
|poke|p1|Landorus-Therian, M|
|poke|p1|Toxtricity, M|
|poke|p1|Umbreon, M|
|poke|p1|Corviknight, F|
|poke|p2|Landorus-Therian, M|
|poke|p2|Corviknight, F|
|poke|p2|Slowbro, M|
|poke|p2|Blissey, F|
|poke|p2|Metagross|
|poke|p2|Tapu Koko|
|teampreview
|
|t:|1652988726
|start
|switch|p1a: Urshifu|Urshifu-Rapid-Strike, M|100/100
|switch|p2a: Landorus|Landorus-Therian, M|100/100
|-ability|p2a: Landorus|Intimidate|boost
|-unboost|p1a: Urshifu|atk|1
|turn|1
|
|t:|1652988733
|switch|p2a: Slowbro|Slowbro, M, shiny|100/100
|move|p1a: Urshifu|U-turn|p2a: Slowbro
|-supereffective|p2a: Slowbro
|-damage|p2a: Slowbro|81/100
|
|t:|1652988739
|switch|p1a: Toxtricity|Toxtricity, M|100/100|[from]move: U-turn
|
|upkeep
|turn|2
|
|t:|1652988743
|switch|p2a: Blissey|Blissey, F|100/100
|move|p1a: Toxtricity|Boomburst|p2a: Blissey
|-damage|p2a: Blissey|67/100
|
|upkeep
|turn|3
|
|t:|1652988751
|switch|p1a: Urshifu|Urshifu-Rapid-Strike, M|100/100
|move|p2a: Blissey|Soft-Boiled|p2a: Blissey
|-heal|p2a: Blissey|100/100
|
|upkeep
|turn|4
|
|t:|1652988757
|switch|p2a: Slowbro|Slowbro, M, shiny|100/100
|move|p1a: Urshifu|U-turn|p2a: Slowbro
|-supereffective|p2a: Slowbro
|-damage|p2a: Slowbro|74/100
|
|t:|1652988763
|switch|p1a: Toxtricity|Toxtricity, M|100/100|[from]move: U-turn
|
|upkeep
|turn|5
|
|t:|1652988767
|switch|p2a: Blissey|Blissey, F|100/100
|move|p1a: Toxtricity|Volt Switch|p2a: Blissey
|-damage|p2a: Blissey|79/100
|
|t:|1652988780
|switch|p1a: Urshifu|Urshifu-Rapid-Strike, M|100/100|[from]move: Volt Switch
|
|upkeep
|turn|6
|
|t:|1652988785
|switch|p2a: Slowbro|Slowbro, M, shiny|100/100
|move|p1a: Urshifu|U-turn|p2a: Slowbro
|-supereffective|p2a: Slowbro
|-damage|p2a: Slowbro|71/100
|
|t:|1652988790
|switch|p1a: Toxtricity|Toxtricity, M|100/100|[from]move: U-turn
|
|upkeep
|turn|7
|
|t:|1652988795
|switch|p2a: Blissey|Blissey, F|79/100
|move|p1a: Toxtricity|Boomburst|p2a: Blissey
|-damage|p2a: Blissey|44/100
|
|upkeep
|turn|8
|
|t:|1652988802
|switch|p1a: Urshifu|Urshifu-Rapid-Strike, M|100/100
|move|p2a: Blissey|Soft-Boiled|p2a: Blissey
|-heal|p2a: Blissey|94/100
|
|upkeep
|turn|9
|
|t:|1652988808
|switch|p2a: Corviknight|Corviknight, F, shiny|100/100
|-ability|p2a: Corviknight|Pressure
|move|p1a: Urshifu|U-turn|p2a: Corviknight
|-resisted|p2a: Corviknight
|-damage|p2a: Corviknight|96/100
|
|t:|1652988815
|switch|p1a: Toxtricity|Toxtricity, M|100/100|[from]move: U-turn
|
|-heal|p2a: Corviknight|100/100|[from] item: Leftovers
|upkeep
|turn|10
|
|t:|1652988822
|switch|p2a: Landorus|Landorus-Therian, M|100/100
|-ability|p2a: Landorus|Intimidate|boost
|-unboost|p1a: Toxtricity|atk|1
|move|p1a: Toxtricity|Boomburst|p2a: Landorus
|-damage|p2a: Landorus|0 fnt
|faint|p2a: Landorus
|
|upkeep
|
|t:|1652988827
|switch|p2a: Blissey|Blissey, F|94/100
|turn|11
|
|t:|1652988835
|switch|p1a: Corviknight|Corviknight, F|100/100
|move|p2a: Blissey|Teleport|p2a: Blissey
|
|t:|1652988837
|switch|p2a: Tapu Koko|Tapu Koko|100/100|[from]move: Teleport
|-fieldstart|move: Electric Terrain|[from] ability: Electric Surge|[of] p2a: Tapu Koko
|
|upkeep
|turn|12
|
|t:|1652988844
|switch|p1a: Landorus|Landorus-Therian, M|100/100
|-ability|p1a: Landorus|Intimidate|boost
|-unboost|p2a: Tapu Koko|atk|1
|move|p2a: Tapu Koko|U-turn|p1a: Landorus
|-resisted|p1a: Landorus
|-crit|p1a: Landorus
|-damage|p1a: Landorus|90/100
|inactive|Battle timer is ON: inactive players will automatically lose when time's up. (requested by O Capo')
|
|t:|1652988900
|switch|p2a: Slowbro|Slowbro, M, shiny|100/100|[from]move: U-turn
|
|-heal|p1a: Landorus|96/100|[from] item: Leftovers
|upkeep
|turn|13
|
|t:|1652988913
|move|p1a: Landorus|Toxic|p2a: Slowbro
|-status|p2a: Slowbro|tox
|move|p2a: Slowbro|Ice Beam|p1a: Landorus
|-supereffective|p1a: Landorus
|-damage|p1a: Landorus|24/100
|-status|p1a: Landorus|frz
|
|-heal|p1a: Landorus|30/100 frz|[from] item: Leftovers
|-damage|p2a: Slowbro|94/100 tox|[from] psn
|upkeep
|turn|14
|
|t:|1652988927
|switch|p1a: Umbreon|Umbreon, M|100/100
|move|p2a: Slowbro|Teleport|p2a: Slowbro
|
|t:|1652988935
|switch|p2a: Blissey|Blissey, F|94/100|[from]move: Teleport
|
|upkeep
|turn|15
|
|t:|1652988939
|move|p1a: Umbreon|Wish|p1a: Umbreon
|move|p2a: Blissey|Toxic|p1a: Umbreon
|-status|p1a: Umbreon|tox
|-activate|p1a: Umbreon|ability: Synchronize
|-status|p2a: Blissey|tox
|
|-damage|p1a: Umbreon|94/100 tox|[from] psn
|-damage|p2a: Blissey|88/100 tox|[from] psn
|-fieldend|move: Electric Terrain
|upkeep
|turn|16
|
|t:|1652988950
|switch|p1a: Landorus|Landorus-Therian, M|30/100 frz
|-ability|p1a: Landorus|Intimidate|boost
|-unboost|p2a: Blissey|atk|1
|move|p2a: Blissey|Toxic|p1a: Landorus|[miss]
|-miss|p2a: Blissey|p1a: Landorus
|
|-heal|p1a: Landorus|81/100 frz|[from] move: Wish|[wisher] Umbreon
|-heal|p1a: Landorus|87/100 frz|[from] item: Leftovers
|-damage|p2a: Blissey|75/100 tox|[from] psn
|upkeep
|turn|17
|
|t:|1652988962
|-curestatus|p2a: Blissey|tox|[from] ability: Natural Cure
|switch|p2a: Corviknight|Corviknight, F, shiny|100/100
|-ability|p2a: Corviknight|Pressure
|cant|p1a: Landorus|frz
|
|-heal|p1a: Landorus|93/100 frz|[from] item: Leftovers
|upkeep
|turn|18
|
|t:|1652988972
|switch|p1a: Toxtricity|Toxtricity, M|100/100
|move|p2a: Corviknight|U-turn|p1a: Toxtricity
|-resisted|p1a: Toxtricity
|-damage|p1a: Toxtricity|90/100
|
|t:|1652988982
|switch|p2a: Blissey|Blissey, F|75/100|[from]move: U-turn
|
|upkeep
|turn|19
|
|t:|1652988988
|move|p1a: Toxtricity|Volt Switch|p2a: Blissey
|-damage|p2a: Blissey|53/100
|
|t:|1652988992
|switch|p1a: Landorus|Landorus-Therian, M|93/100 frz|[from]move: Volt Switch
|-ability|p1a: Landorus|Intimidate|boost
|-unboost|p2a: Blissey|atk|1
|move|p2a: Blissey|Soft-Boiled|p2a: Blissey
|-heal|p2a: Blissey|100/100
|
|-heal|p1a: Landorus|99/100 frz|[from] item: Leftovers
|upkeep
|turn|20
|
|t:|1652989003
|switch|p2a: Metagross|Metagross, shiny|100/100
|cant|p1a: Landorus|frz
|
|-heal|p1a: Landorus|100/100 frz|[from] item: Leftovers
|upkeep
|turn|21
|
|t:|1652989011
|move|p2a: Metagross|Zen Headbutt|p1a: Landorus
|-damage|p1a: Landorus|44/100 frz
|cant|p1a: Landorus|frz
|
|-heal|p1a: Landorus|50/100 frz|[from] item: Leftovers
|upkeep
|turn|22
|
|t:|1652989021
|switch|p1a: Corviknight|Corviknight, F|100/100
|move|p2a: Metagross|Zen Headbutt|p1a: Corviknight
|-resisted|p1a: Corviknight
|-damage|p1a: Corviknight|77/100
|
|-heal|p1a: Corviknight|83/100|[from] item: Leftovers
|upkeep
|turn|23
|
|t:|1652989030
|move|p2a: Metagross|Zen Headbutt|p1a: Corviknight
|-resisted|p1a: Corviknight
|-damage|p1a: Corviknight|62/100
|cant|p1a: Corviknight|flinch
|
|-heal|p1a: Corviknight|69/100|[from] item: Leftovers
|upkeep
|turn|24
|
|t:|1652989039
|switch|p2a: Tapu Koko|Tapu Koko|100/100
|-fieldstart|move: Electric Terrain|[from] ability: Electric Surge|[of] p2a: Tapu Koko
|move|p1a: Corviknight|Roost|p1a: Corviknight
|-heal|p1a: Corviknight|100/100
|-singleturn|p1a: Corviknight|move: Roost
|
|upkeep
|turn|25
|c|☆O Capo'|Haxx
|
|t:|1652989051
|switch|p1a: Landorus|Landorus-Therian, M|50/100 frz
|-ability|p1a: Landorus|Intimidate|boost
|-unboost|p2a: Tapu Koko|atk|1
|move|p2a: Tapu Koko|U-turn|p1a: Landorus
|-resisted|p1a: Landorus
|-damage|p1a: Landorus|46/100 frz
|
|t:|1652989054
|switch|p2a: Metagross|Metagross, shiny|100/100|[from]move: U-turn
|
|-heal|p1a: Landorus|52/100 frz|[from] item: Leftovers
|upkeep
|turn|26
|
|t:|1652989065
|switch|p1a: Corviknight|Corviknight, F|100/100
|move|p2a: Metagross|Thunder Punch|p1a: Corviknight
|-supereffective|p1a: Corviknight
|-damage|p1a: Corviknight|21/100
|
|-heal|p1a: Corviknight|28/100|[from] item: Leftovers
|upkeep
|turn|27
|
|t:|1652989074
|switch|p1a: Landorus|Landorus-Therian, M|52/100 frz
|-ability|p1a: Landorus|Intimidate|boost
|-fail|p2a: Metagross|unboost|[from] ability: Clear Body|[of] p2a: Metagross
|move|p2a: Metagross|Thunder Punch|p1a: Landorus
|-immune|p1a: Landorus
|
|-heal|p1a: Landorus|58/100 frz|[from] item: Leftovers
|upkeep
|turn|28
|
|t:|1652989086
|switch|p2a: Corviknight|Corviknight, F, shiny|100/100
|-ability|p2a: Corviknight|Pressure
|cant|p1a: Landorus|frz
|
|-heal|p1a: Landorus|64/100 frz|[from] item: Leftovers
|-fieldend|move: Electric Terrain
|upkeep
|turn|29
|
|t:|1652989095
|cant|p1a: Landorus|frz
|move|p2a: Corviknight|U-turn|p1a: Landorus
|-resisted|p1a: Landorus
|-damage|p1a: Landorus|58/100 frz
|
|t:|1652989105
|switch|p2a: Metagross|Metagross, shiny|100/100|[from]move: U-turn
|
|-heal|p1a: Landorus|64/100 frz|[from] item: Leftovers
|upkeep
|turn|30
|
|t:|1652989113
|move|p2a: Metagross|Zen Headbutt|p1a: Landorus
|-damage|p1a: Landorus|6/100 frz
|-curestatus|p1a: Landorus|frz|[msg]
|cant|p1a: Landorus|flinch
|
|-heal|p1a: Landorus|12/100|[from] item: Leftovers
|upkeep
|turn|31
|
|t:|1652989123
|switch|p2a: Tapu Koko|Tapu Koko|100/100
|-fieldstart|move: Electric Terrain|[from] ability: Electric Surge|[of] p2a: Tapu Koko
|switch|p1a: Umbreon|Umbreon, M|94/100 tox
|
|-heal|p1a: Umbreon|100/100 tox|[from] item: Leftovers
|-damage|p1a: Umbreon|94/100 tox|[from] psn
|upkeep
|turn|32
|
|t:|1652989137
|move|p2a: Tapu Koko|Dazzling Gleam|p1a: Umbreon
|-supereffective|p1a: Umbreon
|-damage|p1a: Umbreon|52/100 tox
|move|p1a: Umbreon|Wish|p1a: Umbreon
|
|-heal|p1a: Umbreon|58/100 tox|[from] item: Leftovers
|-damage|p1a: Umbreon|46/100 tox|[from] psn
|upkeep
|turn|33
|c|☆O Capo'|Haxxxx
|
|t:|1652989149
|switch|p1a: Toxtricity|Toxtricity, M|90/100
|move|p2a: Tapu Koko|Thunderbolt|p1a: Toxtricity
|-resisted|p1a: Toxtricity
|-damage|p1a: Toxtricity|53/100
|
|-heal|p1a: Toxtricity|100/100|[from] move: Wish|[wisher] Umbreon
|upkeep
|turn|34
|
|t:|1652989160
|switch|p2a: Blissey|Blissey, F|100/100
|move|p1a: Toxtricity|Volt Switch|p2a: Blissey
|-damage|p2a: Blissey|73/100
|
|t:|1652989166
|switch|p1a: Urshifu|Urshifu-Rapid-Strike, M|100/100|[from]move: Volt Switch
|
|upkeep
|turn|35
|
|t:|1652989171
|switch|p2a: Slowbro|Slowbro, M, shiny|100/100 tox
|move|p1a: Urshifu|U-turn|p2a: Slowbro
|-supereffective|p2a: Slowbro
|-damage|p2a: Slowbro|74/100 tox
|
|t:|1652989178
|switch|p1a: Toxtricity|Toxtricity, M|100/100|[from]move: U-turn
|
|-damage|p2a: Slowbro|68/100 tox|[from] psn
|-fieldend|move: Electric Terrain
|upkeep
|turn|36
|
|t:|1652989185
|switch|p2a: Blissey|Blissey, F|73/100
|move|p1a: Toxtricity|Volt Switch|p2a: Blissey
|-damage|p2a: Blissey|52/100
|
|t:|1652989192
|switch|p1a: Urshifu|Urshifu-Rapid-Strike, M|100/100|[from]move: Volt Switch
|
|upkeep
|turn|37
|
|t:|1652989197
|move|p1a: Urshifu|U-turn|p2a: Blissey
|-damage|p2a: Blissey|32/100
|
|t:|1652989201
|switch|p1a: Umbreon|Umbreon, M|46/100 tox|[from]move: U-turn
|move|p2a: Blissey|Soft-Boiled|p2a: Blissey
|-heal|p2a: Blissey|82/100
|
|-heal|p1a: Umbreon|52/100 tox|[from] item: Leftovers
|-damage|p1a: Umbreon|46/100 tox|[from] psn
|upkeep
|turn|38
|
|t:|1652989212
|move|p1a: Umbreon|Wish|p1a: Umbreon
|move|p2a: Blissey|Seismic Toss|p1a: Umbreon
|-damage|p1a: Umbreon|20/100 tox
|
|-heal|p1a: Umbreon|26/100 tox|[from] item: Leftovers
|-damage|p1a: Umbreon|14/100 tox|[from] psn
|upkeep
|turn|39
|
|t:|1652989220
|move|p1a: Umbreon|Protect|p1a: Umbreon
|-singleturn|p1a: Umbreon|Protect
|move|p2a: Blissey|Teleport|p2a: Blissey
|
|t:|1652989231
|switch|p2a: Tapu Koko|Tapu Koko|100/100|[from]move: Teleport
|-fieldstart|move: Electric Terrain|[from] ability: Electric Surge|[of] p2a: Tapu Koko
|
|-heal|p1a: Umbreon|64/100 tox|[from] move: Wish|[wisher] Umbreon
|-heal|p1a: Umbreon|70/100 tox|[from] item: Leftovers
|-damage|p1a: Umbreon|52/100 tox|[from] psn
|upkeep
|turn|40
|
|t:|1652989250
|switch|p1a: Corviknight|Corviknight, F|28/100
|move|p2a: Tapu Koko|U-turn|p1a: Corviknight
|-resisted|p1a: Corviknight
|-crit|p1a: Corviknight
|-damage|p1a: Corviknight|24/100
|
|t:|1652989255
|switch|p2a: Metagross|Metagross, shiny|100/100|[from]move: U-turn
|
|-heal|p1a: Corviknight|30/100|[from] item: Leftovers
|upkeep
|turn|41
|
|t:|1652989262
|move|p2a: Metagross|Zen Headbutt|p1a: Corviknight
|-resisted|p1a: Corviknight
|-damage|p1a: Corviknight|8/100
|move|p1a: Corviknight|Roost|p1a: Corviknight
|-heal|p1a: Corviknight|58/100
|-singleturn|p1a: Corviknight|move: Roost
|
|-heal|p1a: Corviknight|64/100|[from] item: Leftovers
|upkeep
|turn|42
|
|t:|1652989272
|switch|p2a: Tapu Koko|Tapu Koko|100/100
|move|p1a: Corviknight|U-turn|p2a: Tapu Koko
|-resisted|p2a: Tapu Koko
|-damage|p2a: Tapu Koko|91/100
|
|t:|1652989278
|switch|p1a: Toxtricity|Toxtricity, M|100/100|[from]move: U-turn
|
|upkeep
|turn|43
|
|t:|1652989283
|switch|p2a: Blissey|Blissey, F|82/100
|move|p1a: Toxtricity|Volt Switch|p2a: Blissey
|-crit|p2a: Blissey
|-damage|p2a: Blissey|42/100
|
|t:|1652989296
|switch|p1a: Landorus|Landorus-Therian, M|12/100|[from]move: Volt Switch
|-ability|p1a: Landorus|Intimidate|boost
|-unboost|p2a: Blissey|atk|1
|
|-heal|p1a: Landorus|18/100|[from] item: Leftovers
|-fieldend|move: Electric Terrain
|upkeep
|turn|44
|
|t:|1652989304
|move|p1a: Landorus|Stealth Rock|p2a: Blissey
|-sidestart|p2: cump6|move: Stealth Rock
|move|p2a: Blissey|Soft-Boiled|p2a: Blissey
|-heal|p2a: Blissey|92/100
|
|-heal|p1a: Landorus|24/100|[from] item: Leftovers
|upkeep
|turn|45
|
|t:|1652989313
|switch|p1a: Corviknight|Corviknight, F|64/100
|move|p2a: Blissey|Seismic Toss|p1a: Corviknight
|-damage|p1a: Corviknight|39/100
|
|-heal|p1a: Corviknight|45/100|[from] item: Leftovers
|upkeep
|turn|46
|
|t:|1652989322
|move|p1a: Corviknight|U-turn|p2a: Blissey
|-damage|p2a: Blissey|80/100
|
|t:|1652989329
|switch|p1a: Dragapult|Dragapult, F|100/100|[from]move: U-turn
|move|p2a: Blissey|Teleport|p2a: Blissey
|
|t:|1652989335
|switch|p2a: Corviknight|Corviknight, F, shiny|100/100|[from]move: Teleport
|-damage|p2a: Corviknight|88/100|[from] Stealth Rock
|-ability|p2a: Corviknight|Pressure
|
|-heal|p2a: Corviknight|94/100|[from] item: Leftovers
|upkeep
|turn|47
|
|t:|1652989344
|move|p1a: Dragapult|Flamethrower|p2a: Corviknight
|-supereffective|p2a: Corviknight
|-damage|p2a: Corviknight|40/100
|move|p2a: Corviknight|Defog|p1a: Dragapult
|-unboost|p1a: Dragapult|evasion|1
|-sideend|p2: cump6|Stealth Rock|[from] move: Defog|[of] p2a: Corviknight
|
|-heal|p2a: Corviknight|46/100|[from] item: Leftovers
|upkeep
|turn|48
|
|t:|1652989353
|switch|p1a: Toxtricity|Toxtricity, M|100/100
|move|p2a: Corviknight|Roost|p2a: Corviknight
|-heal|p2a: Corviknight|96/100
|-singleturn|p2a: Corviknight|move: Roost
|
|-heal|p2a: Corviknight|100/100|[from] item: Leftovers
|upkeep
|turn|49
|
|t:|1652989363
|switch|p2a: Blissey|Blissey, F|80/100
|move|p1a: Toxtricity|Volt Switch|p2a: Blissey
|-damage|p2a: Blissey|59/100
|
|t:|1652989369
|switch|p1a: Urshifu|Urshifu-Rapid-Strike, M|100/100|[from]move: Volt Switch
|
|upkeep
|turn|50
|
|t:|1652989377
|switch|p2a: Slowbro|Slowbro, M, shiny|100/100 tox
|move|p1a: Urshifu|U-turn|p2a: Slowbro
|-supereffective|p2a: Slowbro
|-damage|p2a: Slowbro|70/100 tox
|
|t:|1652989383
|switch|p1a: Toxtricity|Toxtricity, M|100/100|[from]move: U-turn
|
|-damage|p2a: Slowbro|63/100 tox|[from] psn
|upkeep
|turn|51
|
|t:|1652989390
|switch|p2a: Blissey|Blissey, F|59/100
|move|p1a: Toxtricity|Boomburst|p2a: Blissey
|-damage|p2a: Blissey|22/100
|
|upkeep
|turn|52
|
|t:|1652989397
|switch|p2a: Corviknight|Corviknight, F, shiny|100/100
|-ability|p2a: Corviknight|Pressure
|move|p1a: Toxtricity|Boomburst|p2a: Corviknight
|-resisted|p2a: Corviknight
|-damage|p2a: Corviknight|61/100
|
|-heal|p2a: Corviknight|67/100|[from] item: Leftovers
|upkeep
|turn|53
|
|t:|1652989410
|switch|p1a: Landorus|Landorus-Therian, M|24/100
|-ability|p1a: Landorus|Intimidate|boost
|-unboost|p2a: Corviknight|atk|1
|move|p2a: Corviknight|Roost|p2a: Corviknight
|-heal|p2a: Corviknight|100/100
|-singleturn|p2a: Corviknight|move: Roost
|
|-heal|p1a: Landorus|30/100|[from] item: Leftovers
|upkeep
|turn|54
|
|t:|1652989421
|switch|p1a: Toxtricity|Toxtricity, M|100/100
|move|p2a: Corviknight|Brave Bird|p1a: Toxtricity
|-resisted|p1a: Toxtricity
|-damage|p1a: Toxtricity|80/100
|-damage|p2a: Corviknight|96/100|[from] Recoil
|
|-heal|p2a: Corviknight|100/100|[from] item: Leftovers
|upkeep
|turn|55
|
|t:|1652989431
|switch|p2a: Blissey|Blissey, F|22/100
|move|p1a: Toxtricity|Overdrive|p2a: Blissey
|-damage|p2a: Blissey|0 fnt
|faint|p2a: Blissey
|
|upkeep
|
|t:|1652989437
|switch|p2a: Tapu Koko|Tapu Koko|91/100
|-fieldstart|move: Electric Terrain|[from] ability: Electric Surge|[of] p2a: Tapu Koko
|turn|56
|
|t:|1652989442
|switch|p1a: Landorus|Landorus-Therian, M|30/100
|-ability|p1a: Landorus|Intimidate|boost
|-unboost|p2a: Tapu Koko|atk|1
|move|p2a: Tapu Koko|Thunderbolt|p1a: Landorus
|-immune|p1a: Landorus
|
|-heal|p1a: Landorus|36/100|[from] item: Leftovers
|upkeep
|turn|57
|
|t:|1652989459
|move|p2a: Tapu Koko|Dazzling Gleam|p1a: Landorus
|-damage|p1a: Landorus|8/100
|move|p1a: Landorus|Earthquake|p2a: Tapu Koko
|-supereffective|p2a: Tapu Koko
|-damage|p2a: Tapu Koko|0 fnt
|faint|p2a: Tapu Koko
|
|-heal|p1a: Landorus|14/100|[from] item: Leftovers
|upkeep
|c|☆cump6|gg
|-message|cump6 forfeited.
|
|win|O Capo'
|raw|O Capo&apos;'s rating: 1393 &rarr; <strong>1412</strong><br />(+19 for winning)
|raw|cump6's rating: 1378 &rarr; <strong>1359</strong><br />(-19 for losing)
|l|☆cump6
||Ladder isn't responding, score probably updated but might not have (Request timeout).
