|j|☆gaenisalbino
|j|☆Sir Chasm 27
|t:|1630156243
|gametype|singles
|player|p1|gaenisalbino|101|1482
|player|p2|Sir Chasm 27|gentleman|1523
|teamsize|p1|6
|teamsize|p2|6
|gen|8
|tier|[Gen 8] OU
|rated|
|rule|Sleep Clause Mod: Limit one foe put to sleep
|rule|Species Clause: Limit one of each Pokémon
|rule|OHKO Clause: OHKO moves are banned
|rule|Evasion Moves Clause: Evasion moves are banned
|rule|Endless Battle Clause: Forcing endless battles is banned
|rule|HP Percentage Mod: HP is shown in percentages
|rule|Dynamax Clause: You cannot dynamax
|clearpoke
|poke|p1|Blacephalon|
|poke|p1|Weavile, F|
|poke|p1|Slowking-Galar, M|
|poke|p1|Buzzwole|
|poke|p1|Landorus-Therian, M|
|poke|p1|Hydreigon, F|
|poke|p2|Landorus-Therian, M|
|poke|p2|Ninetales-Alola, M|
|poke|p2|Arctozolt|
|poke|p2|Kommo-o, F|
|poke|p2|Bisharp, M|
|poke|p2|Volcarona, M|
|teampreview
|inactive|Battle timer is ON: inactive players will automatically lose when time's up. (requested by Sir Chasm 27)
|
|t:|1630156265
|start
|switch|p1a: Blacephalon|Blacephalon|100/100
|switch|p2a: Landorus|Landorus-Therian, M|100/100
|-ability|p2a: Landorus|Intimidate|boost
|-unboost|p1a: Blacephalon|atk|1
|turn|1
|
|t:|1630156273
|move|p1a: Blacephalon|Overheat|p2a: Landorus
|-enditem|p2a: Landorus|Focus Sash
|-damage|p2a: Landorus|1/100
|-unboost|p1a: Blacephalon|spa|2
|move|p2a: Landorus|Rock Tomb|p1a: Blacephalon|[miss]
|-miss|p2a: Landorus|p1a: Blacephalon
|
|upkeep
|turn|2
|
|t:|1630156283
|move|p1a: Blacephalon|Overheat|p2a: Landorus
|-damage|p2a: Landorus|0 fnt
|-unboost|p1a: Blacephalon|spa|2
|faint|p2a: Landorus
|-ability|p1a: Blacephalon|Beast Boost|boost
|-boost|p1a: Blacephalon|spa|1
|
|upkeep
|
|t:|1630156287
|switch|p2a: Ninetales|Ninetales-Alola, M|100/100
|-weather|Hail|[from] ability: Snow Warning|[of] p2a: Ninetales
|turn|3
|
|t:|1630156292
|switch|p1a: Slowking|Slowking-Galar, M|100/100
|move|p2a: Ninetales|Aurora Veil|p2a: Ninetales
|-sidestart|p2: Sir Chasm 27|move: Aurora Veil
|
|-weather|Hail|[upkeep]
|-damage|p1a: Slowking|94/100|[from] Hail
|upkeep
|turn|4
|
|t:|1630156302
|switch|p2a: Bisharp|Bisharp, M|100/100
|move|p1a: Slowking|Future Sight|p2a: Bisharp
|-start|p1a: Slowking|move: Future Sight
|
|-weather|Hail|[upkeep]
|-damage|p2a: Bisharp|95/100|[from] Hail
|-damage|p1a: Slowking|88/100|[from] Hail
|upkeep
|turn|5
|
|t:|1630156309
|switch|p1a: Buzzwole|Buzzwole|100/100
|move|p2a: Bisharp|Swords Dance|p2a: Bisharp
|-boost|p2a: Bisharp|atk|2
|
|-weather|Hail|[upkeep]
|-damage|p2a: Bisharp|89/100|[from] Hail
|-damage|p1a: Buzzwole|94/100|[from] Hail
|upkeep
|turn|6
|
|t:|1630156314
|move|p2a: Bisharp|Iron Head|p1a: Buzzwole
|-damage|p1a: Buzzwole|37/100
|-damage|p2a: Bisharp|72/100|[from] item: Rocky Helmet|[of] p1a: Buzzwole
|move|p1a: Buzzwole|Close Combat|p2a: Bisharp
|-supereffective|p2a: Bisharp
|-damage|p2a: Bisharp|0 fnt
|-unboost|p1a: Buzzwole|def|1
|-unboost|p1a: Buzzwole|spd|1
|faint|p2a: Bisharp
|-ability|p1a: Buzzwole|Beast Boost|boost
|-boost|p1a: Buzzwole|atk|1
|
|-weather|Hail|[upkeep]
|-damage|p1a: Buzzwole|31/100|[from] Hail
|-hint|Future Sight did not hit because the target is fainted.
|upkeep
|
|t:|1630156322
|switch|p2a: Kommo-o|Kommo-o, F|100/100
|turn|7
|
|t:|1630156325
|move|p2a: Kommo-o|Substitute|p2a: Kommo-o
|-start|p2a: Kommo-o|Substitute
|-damage|p2a: Kommo-o|75/100
|move|p1a: Buzzwole|Ice Punch|p2a: Kommo-o
|-supereffective|p2a: Kommo-o
|-end|p2a: Kommo-o|Substitute
|
|-weather|none
|upkeep
|turn|8
|
|t:|1630156330
|move|p2a: Kommo-o|Belly Drum|p2a: Kommo-o
|-damage|p2a: Kommo-o|25/100
|-setboost|p2a: Kommo-o|atk|6|[from] move: Belly Drum
|-enditem|p2a: Kommo-o|Salac Berry|[eat]
|-boost|p2a: Kommo-o|spe|1|[from] item: Salac Berry
|move|p1a: Buzzwole|Ice Punch|p2a: Kommo-o
|-supereffective|p2a: Kommo-o
|-damage|p2a: Kommo-o|0 fnt
|faint|p2a: Kommo-o
|-ability|p1a: Buzzwole|Beast Boost|boost
|-boost|p1a: Buzzwole|atk|1
|
|upkeep
|
|t:|1630156333
|switch|p2a: Volcarona|Volcarona, M|100/100
|turn|9
|
|t:|1630156355
|switch|p1a: Landorus|Landorus-Therian, M|100/100
|-ability|p1a: Landorus|Intimidate|boost
|-unboost|p2a: Volcarona|atk|1
|move|p2a: Volcarona|Quiver Dance|p2a: Volcarona
|-boost|p2a: Volcarona|spa|1
|-boost|p2a: Volcarona|spd|1
|-boost|p2a: Volcarona|spe|1
|
|upkeep
|turn|10
|
|t:|1630156363
|move|p2a: Volcarona|Flamethrower|p1a: Landorus
|-damage|p1a: Landorus|36/100
|move|p1a: Landorus|Toxic|p2a: Volcarona|[miss]
|-miss|p1a: Landorus|p2a: Volcarona
|
|-heal|p1a: Landorus|42/100|[from] item: Leftovers
|-sideend|p2: Sir Chasm 27|move: Aurora Veil
|upkeep
|turn|11
|
|t:|1630156373
|move|p2a: Volcarona|Flamethrower|p1a: Landorus
|-damage|p1a: Landorus|0 fnt
|faint|p1a: Landorus
|
|upkeep
|
|t:|1630156380
|switch|p1a: Blacephalon|Blacephalon|100/100
|turn|12
|
|t:|1630156388
|switch|p1a: Hydreigon|Hydreigon, F|100/100
|move|p2a: Volcarona|Psychic|p1a: Hydreigon
|-immune|p1a: Hydreigon
|
|upkeep
|turn|13
|
|t:|1630156410
|switch|p1a: Slowking|Slowking-Galar, M|100/100
|move|p2a: Volcarona|Quiver Dance|p2a: Volcarona
|-boost|p2a: Volcarona|spa|1
|-boost|p2a: Volcarona|spd|1
|-boost|p2a: Volcarona|spe|1
|
|upkeep
|turn|14
|
|t:|1630156418
|move|p2a: Volcarona|Flamethrower|p1a: Slowking
|-damage|p1a: Slowking|58/100
|move|p1a: Slowking|Sludge Bomb|p2a: Volcarona
|-damage|p2a: Volcarona|78/100
|-status|p2a: Volcarona|psn
|
|-damage|p2a: Volcarona|66/100 psn|[from] psn
|upkeep
|turn|15
|
|t:|1630156426
|move|p2a: Volcarona|Flamethrower|p1a: Slowking
|-damage|p1a: Slowking|12/100
|move|p1a: Slowking|Sludge Bomb|p2a: Volcarona
|-damage|p2a: Volcarona|46/100 psn
|
|-damage|p2a: Volcarona|34/100 psn|[from] psn
|upkeep
|turn|16
|
|t:|1630156429
|switch|p1a: Hydreigon|Hydreigon, F|100/100
|move|p2a: Volcarona|Flamethrower|p1a: Hydreigon
|-resisted|p1a: Hydreigon
|-damage|p1a: Hydreigon|49/100
|
|-damage|p2a: Volcarona|22/100 psn|[from] psn
|upkeep
|turn|17
|inactive|gaenisalbino has 120 seconds left.
|
|t:|1630156486
|move|p2a: Volcarona|Flamethrower|p1a: Hydreigon
|-resisted|p1a: Hydreigon
|-damage|p1a: Hydreigon|0 fnt
|faint|p1a: Hydreigon
|
|-damage|p2a: Volcarona|10/100 psn|[from] psn
|upkeep
|inactive|gaenisalbino has 90 seconds left.
|
|t:|1630156505
|switch|p1a: Weavile|Weavile, F|100/100
|-ability|p1a: Weavile|Pressure
|turn|18
|
|t:|1630156511
|move|p1a: Weavile|Ice Shard|p2a: Volcarona
|-resisted|p2a: Volcarona
|-damage|p2a: Volcarona|0 fnt
|faint|p2a: Volcarona
|
|upkeep
|
|t:|1630156514
|switch|p2a: Ninetales|Ninetales-Alola, M|100/100
|-weather|Hail|[from] ability: Snow Warning|[of] p2a: Ninetales
|turn|19
|
|t:|1630156518
|switch|p1a: Slowking|Slowking-Galar, M|45/100
|move|p2a: Ninetales|Aurora Veil|p2a: Ninetales
|-sidestart|p2: Sir Chasm 27|move: Aurora Veil
|
|-weather|Hail|[upkeep]
|-damage|p1a: Slowking|39/100|[from] Hail
|upkeep
|turn|20
|
|t:|1630156525
|switch|p2a: Arctozolt|Arctozolt|100/100
|move|p1a: Slowking|Sludge Bomb|p2a: Arctozolt
|-damage|p2a: Arctozolt|74/100
|
|-weather|Hail|[upkeep]
|-damage|p1a: Slowking|33/100|[from] Hail
|upkeep
|turn|21
|inactive|gaenisalbino has 120 seconds left.
|inactive|gaenisalbino has 90 seconds left.
|
|t:|1630156572
|move|p2a: Arctozolt|Bolt Beak|p1a: Slowking
|-crit|p1a: Slowking
|-damage|p1a: Slowking|0 fnt
|faint|p1a: Slowking
|
|-weather|Hail|[upkeep]
|upkeep
|
|t:|1630156581
|switch|p1a: Buzzwole|Buzzwole|31/100
|turn|22
|
|t:|1630156585
|move|p2a: Arctozolt|Bolt Beak|p1a: Buzzwole
|-damage|p1a: Buzzwole|0 fnt
|-damage|p2a: Arctozolt|58/100|[from] item: Rocky Helmet|[of] p1a: Buzzwole
|faint|p1a: Buzzwole
|
|-weather|Hail|[upkeep]
|upkeep
|
|t:|1630156588
|switch|p1a: Blacephalon|Blacephalon|100/100
|turn|23
|
|t:|1630156592
|move|p2a: Arctozolt|Bolt Beak|p1a: Blacephalon
|-damage|p1a: Blacephalon|0 fnt
|faint|p1a: Blacephalon
|
|-weather|none
|upkeep
|
|t:|1630156596
|switch|p1a: Weavile|Weavile, F|100/100
|-ability|p1a: Weavile|Pressure
|turn|24
|
|t:|1630156604
|switch|p2a: Ninetales|Ninetales-Alola, M|100/100
|-weather|Hail|[from] ability: Snow Warning|[of] p2a: Ninetales
|move|p1a: Weavile|Low Kick|p2a: Ninetales
|-damage|p2a: Ninetales|85/100
|
|-weather|Hail|[upkeep]
|upkeep
|turn|25
|-message|gaenisalbino forfeited.
|
|win|Sir Chasm 27
|raw|gaenisalbino's rating: 1482 &rarr; <strong>1464</strong><br />(-18 for losing)
|raw|Sir Chasm 27's rating: 1523 &rarr; <strong>1541</strong><br />(+18 for winning)
|l|☆gaenisalbino
