|j|☆CoconutCrabs
|j|☆Ctannn
|t:|1649229737
|gametype|singles
|player|p1|CoconutCrabs|chuck|1901
|player|p2|Ctannn|101|1846
|teamsize|p1|6
|teamsize|p2|6
|gen|8
|tier|[Gen 8] OU
|rated|
|rule|Sleep Clause Mod: Limit one foe put to sleep
|rule|Species Clause: Limit one of each Pokémon
|rule|OHKO Clause: OHKO moves are banned
|rule|Evasion Moves Clause: Evasion moves are banned
|rule|Endless Battle Clause: Forcing endless battles is banned
|rule|HP Percentage Mod: HP is shown in percentages
|rule|Dynamax Clause: You cannot dynamax
|clearpoke
|poke|p1|Tyranitar, M|
|poke|p1|Excadrill, F|
|poke|p1|Tornadus-Therian, M|
|poke|p1|Toxapex, F|
|poke|p1|Heatran, M|
|poke|p1|Tangrowth, F|
|poke|p2|Tapu Koko|
|poke|p2|Landorus-Therian, M|
|poke|p2|Pelipper, M|
|poke|p2|Slowking-Galar, F|
|poke|p2|Rillaboom, F|
|poke|p2|Melmetal|
|teampreview
|inactive|Battle timer is ON: inactive players will automatically lose when time's up. (requested by CoconutCrabs)
|
|t:|1649229755
|start
|switch|p1a: Paloma|Tornadus-Therian, M|100/100
|switch|p2a: Slowking|Slowking-Galar, F|100/100
|turn|1
|
|t:|1649229761
|switch|p1a: Boogers|Tyranitar, M|100/100
|-weather|Sandstorm|[from] ability: Sand Stream|[of] p1a: Boogers
|switch|p2a: Landorus|Landorus-Therian, M|100/100
|-ability|p2a: Landorus|Intimidate|boost
|-unboost|p1a: Boogers|atk|1
|
|-weather|Sandstorm|[upkeep]
|upkeep
|turn|2
|
|t:|1649229769
|move|p2a: Landorus|Stealth Rock|p1a: Boogers
|-sidestart|p1: CoconutCrabs|move: Stealth Rock
|move|p1a: Boogers|Stealth Rock|p2a: Landorus
|-sidestart|p2: Ctannn|move: Stealth Rock
|
|-weather|Sandstorm|[upkeep]
|upkeep
|turn|3
|
|t:|1649229773
|switch|p1a: Baby|Toxapex, F|100/100
|-damage|p1a: Baby|88/100|[from] Stealth Rock
|move|p2a: Landorus|Knock Off|p1a: Baby
|-damage|p1a: Baby|71/100
|-damage|p2a: Landorus|84/100|[from] item: Rocky Helmet|[of] p1a: Baby
|-enditem|p1a: Baby|Rocky Helmet|[from] move: Knock Off|[of] p2a: Landorus
|
|-weather|Sandstorm|[upkeep]
|-damage|p1a: Baby|65/100|[from] Sandstorm
|-heal|p2a: Landorus|90/100|[from] item: Leftovers
|upkeep
|turn|4
|
|t:|1649229778
|switch|p1a: Paloma|Tornadus-Therian, M|100/100
|-damage|p1a: Paloma|76/100|[from] Stealth Rock
|move|p2a: Landorus|Knock Off|p1a: Paloma
|-damage|p1a: Paloma|31/100
|-enditem|p1a: Paloma|Choice Specs|[from] move: Knock Off|[of] p2a: Landorus
|
|-weather|Sandstorm|[upkeep]
|-damage|p1a: Paloma|25/100|[from] Sandstorm
|-heal|p2a: Landorus|96/100|[from] item: Leftovers
|upkeep
|turn|5
|
|t:|1649229785
|move|p1a: Paloma|Icy Wind|p2a: Landorus
|-supereffective|p2a: Landorus
|-damage|p2a: Landorus|44/100
|-unboost|p2a: Landorus|spe|1
|move|p2a: Landorus|Knock Off|p1a: Paloma
|-damage|p1a: Paloma|0 fnt
|faint|p1a: Paloma
|
|-weather|none
|-heal|p2a: Landorus|50/100|[from] item: Leftovers
|upkeep
|
|t:|1649229789
|switch|p1a: Little Man|Heatran, M|100/100
|-damage|p1a: Little Man|88/100|[from] Stealth Rock
|turn|6
|
|t:|1649229799
|switch|p2a: Pelipper|Pelipper, M|100/100
|-weather|RainDance|[from] ability: Drizzle|[of] p2a: Pelipper
|move|p1a: Little Man|Eruption|p2a: Pelipper
|-resisted|p2a: Pelipper
|-crit|p2a: Pelipper
|-damage|p2a: Pelipper|75/100
|
|-weather|RainDance|[upkeep]
|upkeep
|turn|7
|
|t:|1649229804
|switch|p1a: Boogers|Tyranitar, M|100/100
|-damage|p1a: Boogers|88/100|[from] Stealth Rock
|-weather|Sandstorm|[from] ability: Sand Stream|[of] p1a: Boogers
|move|p2a: Pelipper|U-turn|p1a: Boogers
|-supereffective|p1a: Boogers
|-damage|p1a: Boogers|74/100
|
|t:|1649229809
|switch|p2a: Landorus|Landorus-Therian, M|50/100|[from]move: U-turn
|-damage|p2a: Landorus|37/100|[from] Stealth Rock
|-ability|p2a: Landorus|Intimidate|boost
|-unboost|p1a: Boogers|atk|1
|
|-weather|Sandstorm|[upkeep]
|-heal|p2a: Landorus|43/100|[from] item: Leftovers
|-heal|p1a: Boogers|80/100|[from] item: Leftovers
|upkeep
|turn|8
|
|t:|1649229812
|switch|p1a: Baby|Toxapex, F|98/100
|-damage|p1a: Baby|86/100|[from] Stealth Rock
|move|p2a: Landorus|Earthquake|p1a: Baby
|-supereffective|p1a: Baby
|-damage|p1a: Baby|25/100
|
|-weather|Sandstorm|[upkeep]
|-damage|p1a: Baby|19/100|[from] Sandstorm
|-heal|p2a: Landorus|49/100|[from] item: Leftovers
|upkeep
|turn|9
|
|t:|1649229815
|switch|p1a: Pretty|Tangrowth, F|100/100
|-damage|p1a: Pretty|88/100|[from] Stealth Rock
|move|p2a: Landorus|Earthquake|p1a: Pretty
|-resisted|p1a: Pretty
|-crit|p1a: Pretty
|-damage|p1a: Pretty|70/100
|
|-weather|Sandstorm|[upkeep]
|-damage|p1a: Pretty|64/100|[from] Sandstorm
|-heal|p2a: Landorus|55/100|[from] item: Leftovers
|upkeep
|turn|10
|
|t:|1649229822
|switch|p2a: Slowking|Slowking-Galar, F|100/100
|-damage|p2a: Slowking|88/100|[from] Stealth Rock
|move|p1a: Pretty|Knock Off|p2a: Slowking
|-supereffective|p2a: Slowking
|-damage|p2a: Slowking|59/100
|-enditem|p2a: Slowking|Black Sludge|[from] move: Knock Off|[of] p1a: Pretty
|
|-weather|Sandstorm|[upkeep]
|-damage|p1a: Pretty|57/100|[from] Sandstorm
|-damage|p2a: Slowking|53/100|[from] Sandstorm
|upkeep
|turn|11
|
|t:|1649229826
|move|p1a: Pretty|Sleep Powder|p2a: Slowking|[miss]
|-miss|p1a: Pretty|p2a: Slowking
|move|p2a: Slowking|Trick|p1a: Pretty
|-activate|p2a: Slowking|move: Trick|[of] p1a: Pretty
|-enditem|p1a: Pretty|Rocky Helmet|[silent]|[from] move: Trick
|-item|p2a: Slowking|Rocky Helmet|[from] move: Trick
|
|-weather|none
|upkeep
|turn|12
|
|t:|1649229830
|move|p1a: Pretty|Sleep Powder|p2a: Slowking
|-status|p2a: Slowking|slp|[from] move: Sleep Powder
|cant|p2a: Slowking|slp
|
|upkeep
|turn|13
|
|t:|1649229835
|move|p1a: Pretty|Knock Off|p2a: Slowking
|-supereffective|p2a: Slowking
|-damage|p2a: Slowking|26/100 slp
|-damage|p1a: Pretty|41/100|[from] item: Rocky Helmet|[of] p2a: Slowking
|-enditem|p2a: Slowking|Rocky Helmet|[from] move: Knock Off|[of] p1a: Pretty
|cant|p2a: Slowking|slp
|
|upkeep
|turn|14
|
|t:|1649229840
|move|p1a: Pretty|Knock Off|p2a: Slowking
|-supereffective|p2a: Slowking
|-damage|p2a: Slowking|5/100 slp
|cant|p2a: Slowking|slp
|
|upkeep
|turn|15
|
|t:|1649229846
|switch|p2a: Landorus|Landorus-Therian, M|55/100
|-damage|p2a: Landorus|43/100|[from] Stealth Rock
|-ability|p2a: Landorus|Intimidate|boost
|-unboost|p1a: Pretty|atk|1
|move|p1a: Pretty|Giga Drain|p2a: Landorus
|-damage|p2a: Landorus|23/100
|-heal|p1a: Pretty|50/100|[from] drain|[of] p2a: Landorus
|
|-heal|p2a: Landorus|29/100|[from] item: Leftovers
|upkeep
|turn|16
|
|t:|1649229851
|move|p2a: Landorus|U-turn|p1a: Pretty
|-supereffective|p1a: Pretty
|-damage|p1a: Pretty|28/100
|
|t:|1649229854
|switch|p2a: Slowking|Slowking-Galar, F|39/100 slp|[from]move: U-turn
|-damage|p2a: Slowking|26/100 slp|[from] Stealth Rock
|move|p1a: Pretty|Knock Off|p2a: Slowking
|-supereffective|p2a: Slowking
|-damage|p2a: Slowking|12/100 slp
|
|upkeep
|turn|17
|
|t:|1649229858
|switch|p2a: Landorus|Landorus-Therian, M|29/100
|-damage|p2a: Landorus|17/100|[from] Stealth Rock
|-ability|p2a: Landorus|Intimidate|boost
|-unboost|p1a: Pretty|atk|1
|move|p1a: Pretty|Knock Off|p2a: Landorus
|-damage|p2a: Landorus|8/100
|-enditem|p2a: Landorus|Leftovers|[from] move: Knock Off|[of] p1a: Pretty
|
|upkeep
|turn|18
|
|t:|1649229861
|switch|p1a: Baby|Toxapex, F|52/100
|-damage|p1a: Baby|40/100|[from] Stealth Rock
|move|p2a: Landorus|U-turn|p1a: Baby
|-resisted|p1a: Baby
|-damage|p1a: Baby|33/100
|
|t:|1649229865
|switch|p2a: Slowking|Slowking-Galar, F|46/100 slp|[from]move: U-turn
|-damage|p2a: Slowking|33/100 slp|[from] Stealth Rock
|
|upkeep
|turn|19
|
|t:|1649229869
|switch|p1a: Mole Man|Excadrill, F|100/100
|-damage|p1a: Mole Man|97/100|[from] Stealth Rock
|-curestatus|p2a: Slowking|slp|[msg]
|move|p2a: Slowking|Psychic|p1a: Mole Man
|-resisted|p1a: Mole Man
|-damage|p1a: Mole Man|77/100
|
|-heal|p1a: Mole Man|83/100|[from] item: Leftovers
|upkeep
|turn|20
|
|t:|1649229874
|switch|p2a: Pelipper|Pelipper, M|75/100
|-weather|RainDance|[from] ability: Drizzle|[of] p2a: Pelipper
|move|p1a: Mole Man|Rapid Spin|p2a: Pelipper
|-damage|p2a: Pelipper|56/100
|-boost|p1a: Mole Man|spe|1
|-sideend|p1: CoconutCrabs|Stealth Rock|[from] move: Rapid Spin|[of] p1a: Mole Man
|
|-weather|RainDance|[upkeep]
|-heal|p1a: Mole Man|89/100|[from] item: Leftovers
|upkeep
|turn|21
|
|t:|1649229883
|move|p1a: Mole Man|Iron Head|p2a: Pelipper
|-resisted|p2a: Pelipper
|-damage|p2a: Pelipper|33/100
|cant|p2a: Pelipper|flinch
|
|-weather|RainDance|[upkeep]
|-heal|p1a: Mole Man|95/100|[from] item: Leftovers
|upkeep
|turn|22
|
|t:|1649229886
|switch|p1a: Boogers|Tyranitar, M|80/100
|-weather|Sandstorm|[from] ability: Sand Stream|[of] p1a: Boogers
|move|p2a: Pelipper|Roost|p2a: Pelipper
|-heal|p2a: Pelipper|83/100
|-singleturn|p2a: Pelipper|move: Roost
|
|-weather|Sandstorm|[upkeep]
|-damage|p2a: Pelipper|77/100|[from] Sandstorm
|-heal|p1a: Boogers|86/100|[from] item: Leftovers
|upkeep
|turn|23
|
|t:|1649229890
|move|p2a: Pelipper|U-turn|p1a: Boogers
|-supereffective|p1a: Boogers
|-damage|p1a: Boogers|71/100
|
|t:|1649229893
|switch|p2a: Melmetal|Melmetal|100/100|[from]move: U-turn
|-damage|p2a: Melmetal|94/100|[from] Stealth Rock
|move|p1a: Boogers|Rock Blast|p2a: Melmetal
|-resisted|p2a: Melmetal
|-damage|p2a: Melmetal|91/100
|-resisted|p2a: Melmetal
|-damage|p2a: Melmetal|88/100
|-resisted|p2a: Melmetal
|-damage|p2a: Melmetal|85/100
|-resisted|p2a: Melmetal
|-damage|p2a: Melmetal|81/100
|-resisted|p2a: Melmetal
|-crit|p2a: Melmetal
|-damage|p2a: Melmetal|76/100
|-hitcount|p2a: Melmetal|5
|
|-weather|Sandstorm|[upkeep]
|-heal|p1a: Boogers|77/100|[from] item: Leftovers
|-heal|p2a: Melmetal|82/100|[from] item: Leftovers
|upkeep
|turn|24
|
|t:|1649229898
|switch|p1a: Baby|Toxapex, F|67/100
|move|p2a: Melmetal|Double Iron Bash|p1a: Baby
|-resisted|p1a: Baby
|-crit|p1a: Baby
|-damage|p1a: Baby|46/100
|-resisted|p1a: Baby
|-damage|p1a: Baby|33/100
|-hitcount|p1a: Baby|2
|
|-weather|Sandstorm|[upkeep]
|-damage|p1a: Baby|27/100|[from] Sandstorm
|-heal|p2a: Melmetal|88/100|[from] item: Leftovers
|upkeep
|turn|25
|
|t:|1649229901
|switch|p1a: Pretty|Tangrowth, F|62/100
|move|p2a: Melmetal|Double Iron Bash|p1a: Pretty
|-damage|p1a: Pretty|38/100
|-damage|p1a: Pretty|17/100
|-hitcount|p1a: Pretty|2
|
|-weather|Sandstorm|[upkeep]
|-damage|p1a: Pretty|10/100|[from] Sandstorm
|-heal|p2a: Melmetal|94/100|[from] item: Leftovers
|upkeep
|turn|26
|
|t:|1649229905
|move|p1a: Pretty|Sleep Powder|p2a: Melmetal
|-status|p2a: Melmetal|slp|[from] move: Sleep Powder
|cant|p2a: Melmetal|slp
|
|-weather|none
|-heal|p2a: Melmetal|100/100 slp|[from] item: Leftovers
|upkeep
|turn|27
|j| supahotnicememe
|
|t:|1649229908
|switch|p1a: Little Man|Heatran, M|88/100
|-curestatus|p2a: Melmetal|slp|[msg]
|move|p2a: Melmetal|Double Iron Bash|p1a: Little Man
|-resisted|p1a: Little Man
|-damage|p1a: Little Man|78/100
|-resisted|p1a: Little Man
|-damage|p1a: Little Man|66/100
|-hitcount|p1a: Little Man|2
|
|upkeep
|turn|28
|
|t:|1649229912
|switch|p2a: Pelipper|Pelipper, M|77/100
|-weather|RainDance|[from] ability: Drizzle|[of] p2a: Pelipper
|move|p1a: Little Man|Eruption|p2a: Pelipper
|-resisted|p2a: Pelipper
|-damage|p2a: Pelipper|64/100
|
|-weather|RainDance|[upkeep]
|upkeep
|turn|29
|
|t:|1649229917
|switch|p1a: Boogers|Tyranitar, M|77/100
|-weather|Sandstorm|[from] ability: Sand Stream|[of] p1a: Boogers
|move|p2a: Pelipper|Defog|p1a: Boogers
|-unboost|p1a: Boogers|evasion|1
|-sideend|p2: Ctannn|Stealth Rock|[from] move: Defog|[of] p2a: Pelipper
|
|-weather|Sandstorm|[upkeep]
|-damage|p2a: Pelipper|58/100|[from] Sandstorm
|-heal|p1a: Boogers|84/100|[from] item: Leftovers
|upkeep
|turn|30
|
|t:|1649229920
|move|p2a: Pelipper|U-turn|p1a: Boogers
|-supereffective|p1a: Boogers
|-damage|p1a: Boogers|70/100
|j| Marquesa-10%
|
|t:|1649229923
|switch|p2a: Melmetal|Melmetal|100/100|[from]move: U-turn
|move|p1a: Boogers|Stealth Rock|p2a: Melmetal
|-sidestart|p2: Ctannn|move: Stealth Rock
|
|-weather|Sandstorm|[upkeep]
|-heal|p1a: Boogers|76/100|[from] item: Leftovers
|upkeep
|turn|31
|
|t:|1649229933
|switch|p1a: Little Man|Heatran, M|66/100
|move|p2a: Melmetal|Double Iron Bash|p1a: Little Man
|-resisted|p1a: Little Man
|-damage|p1a: Little Man|56/100
|-resisted|p1a: Little Man
|-crit|p1a: Little Man
|-damage|p1a: Little Man|41/100
|-hitcount|p1a: Little Man|2
|
|-weather|Sandstorm|[upkeep]
|upkeep
|turn|32
|
|t:|1649229939
|switch|p1a: Boogers|Tyranitar, M|76/100
|move|p2a: Melmetal|Protect||[still]
|-fail|p2a: Melmetal
|
|-weather|Sandstorm|[upkeep]
|-heal|p1a: Boogers|83/100|[from] item: Leftovers
|upkeep
|turn|33
|
|t:|1649229944
|switch|p1a: Baby|Toxapex, F|60/100
|move|p2a: Melmetal|Double Iron Bash|p1a: Baby
|-resisted|p1a: Baby
|-damage|p1a: Baby|46/100
|-resisted|p1a: Baby
|-damage|p1a: Baby|32/100
|-hitcount|p1a: Baby|2
|
|-weather|none
|upkeep
|turn|34
|
|t:|1649229947
|move|p2a: Melmetal|Earthquake|p1a: Baby
|-supereffective|p1a: Baby
|-damage|p1a: Baby|0 fnt
|faint|p1a: Baby
|
|upkeep
|
|t:|1649229950
|switch|p1a: Pretty|Tangrowth, F|44/100
|turn|35
|
|t:|1649229954
|switch|p2a: Tapu Koko|Tapu Koko|100/100
|-fieldstart|move: Electric Terrain|[from] ability: Electric Surge|[of] p2a: Tapu Koko
|move|p1a: Pretty|Sleep Powder|p2a: Tapu Koko|[miss]
|-miss|p1a: Pretty|p2a: Tapu Koko
|
|upkeep
|turn|36
|
|t:|1649229959
|switch|p1a: Mole Man|Excadrill, F|95/100
|move|p2a: Tapu Koko|U-turn|p1a: Mole Man
|-resisted|p1a: Mole Man
|-damage|p1a: Mole Man|84/100
|
|t:|1649229968
|switch|p2a: Pelipper|Pelipper, M|58/100|[from]move: U-turn
|-weather|RainDance|[from] ability: Drizzle|[of] p2a: Pelipper
|
|-weather|RainDance|[upkeep]
|-heal|p1a: Mole Man|90/100|[from] item: Leftovers
|upkeep
|turn|37
|j| ikoero
|
|t:|1649229973
|switch|p1a: Boogers|Tyranitar, M|83/100
|-weather|Sandstorm|[from] ability: Sand Stream|[of] p1a: Boogers
|move|p2a: Pelipper|Scald|p1a: Boogers
|-supereffective|p1a: Boogers
|-damage|p1a: Boogers|61/100
|
|-weather|Sandstorm|[upkeep]
|-damage|p2a: Pelipper|52/100|[from] Sandstorm
|-heal|p1a: Boogers|68/100|[from] item: Leftovers
|upkeep
|turn|38
|
|t:|1649229978
|move|p2a: Pelipper|Roost|p2a: Pelipper
|-heal|p2a: Pelipper|100/100
|-singleturn|p2a: Pelipper|move: Roost
|move|p1a: Boogers|Rock Blast|p2a: Pelipper
|-damage|p2a: Pelipper|88/100
|-damage|p2a: Pelipper|76/100
|-damage|p2a: Pelipper|65/100
|-damage|p2a: Pelipper|54/100
|-hitcount|p2a: Pelipper|4
|
|-weather|Sandstorm|[upkeep]
|-damage|p2a: Pelipper|48/100|[from] Sandstorm
|-heal|p1a: Boogers|74/100|[from] item: Leftovers
|upkeep
|turn|39
|
|t:|1649229981
|move|p2a: Pelipper|Roost|p2a: Pelipper
|-heal|p2a: Pelipper|98/100
|-singleturn|p2a: Pelipper|move: Roost
|move|p1a: Boogers|Rock Blast|p2a: Pelipper|[miss]
|-miss|p1a: Boogers|p2a: Pelipper
|
|-weather|Sandstorm|[upkeep]
|-damage|p2a: Pelipper|92/100|[from] Sandstorm
|-heal|p1a: Boogers|80/100|[from] item: Leftovers
|-fieldend|move: Electric Terrain
|upkeep
|turn|40
|
|t:|1649229986
|move|p2a: Pelipper|U-turn|p1a: Boogers
|-supereffective|p1a: Boogers
|-damage|p1a: Boogers|66/100
|j| rffydsdhh
|
|t:|1649229990
|switch|p2a: Melmetal|Melmetal|100/100|[from]move: U-turn
|-damage|p2a: Melmetal|94/100|[from] Stealth Rock
|move|p1a: Boogers|Thunder Wave|p2a: Melmetal|[miss]
|-miss|p1a: Boogers|p2a: Melmetal
|
|-weather|Sandstorm|[upkeep]
|-heal|p1a: Boogers|72/100|[from] item: Leftovers
|-heal|p2a: Melmetal|100/100|[from] item: Leftovers
|upkeep
|turn|41
|l| rffydsdhh
|
|t:|1649229997
|switch|p1a: Pretty|Tangrowth, F|77/100
|move|p2a: Melmetal|Earthquake|p1a: Pretty
|-resisted|p1a: Pretty
|-damage|p1a: Pretty|66/100
|
|-weather|none
|upkeep
|turn|42
|
|t:|1649230003
|move|p1a: Pretty|Knock Off|p2a: Melmetal
|-damage|p2a: Melmetal|89/100
|-enditem|p2a: Melmetal|Leftovers|[from] move: Knock Off|[of] p1a: Pretty
|move|p2a: Melmetal|Double Iron Bash|p1a: Pretty
|-damage|p1a: Pretty|42/100
|-damage|p1a: Pretty|17/100
|-hitcount|p1a: Pretty|2
|
|upkeep
|turn|43
|
|t:|1649230007
|move|p1a: Pretty|Sleep Powder|p2a: Melmetal
|-status|p2a: Melmetal|slp|[from] move: Sleep Powder
|cant|p2a: Melmetal|slp
|
|upkeep
|turn|44
|
|t:|1649230011
|switch|p1a: Little Man|Heatran, M|41/100
|-curestatus|p2a: Melmetal|slp|[msg]
|move|p2a: Melmetal|Earthquake|p1a: Little Man
|-supereffective|p1a: Little Man
|-damage|p1a: Little Man|0 fnt
|faint|p1a: Little Man
|
|upkeep
|-message|CoconutCrabs forfeited.
|
|win|Ctannn
|raw|CoconutCrabs's rating: 1901 &rarr; <strong>1878</strong><br />(-23 for losing)
|raw|Ctannn's rating: 1846 &rarr; <strong>1869</strong><br />(+23 for winning)
|l|☆CoconutCrabs
