|j|☆2(H2O)-Alt
|j|☆Xd kokopants4939
|t:|1655428810
|gametype|singles
|player|p1|2(H2O)-Alt|youngster|1714
|player|p2|Xd kokopants4939|hilbert|1650
|teamsize|p1|6
|teamsize|p2|6
|gen|8
|tier|[Gen 8] OU
|rated|
|rule|Sleep Clause Mod: Limit one foe put to sleep
|rule|Species Clause: Limit one of each Pokémon
|rule|OHKO Clause: OHKO moves are banned
|rule|Evasion Moves Clause: Evasion moves are banned
|rule|Endless Battle Clause: Forcing endless battles is banned
|rule|HP Percentage Mod: HP is shown in percentages
|rule|Dynamax Clause: You cannot dynamax
|clearpoke
|poke|p1|Kartana|
|poke|p1|Tapu Lele|
|poke|p1|Toxapex, M|
|poke|p1|Mandibuzz, F|
|poke|p1|Magnezone|
|poke|p1|Landorus-Therian, M|
|poke|p2|Landorus-Therian, M|
|poke|p2|Blissey, F|
|poke|p2|Toxapex, M|
|poke|p2|Corviknight, F|
|poke|p2|Dragapult, F|
|poke|p2|Kartana|
|teampreview
|
|t:|1655428840
|start
|switch|p1a: Landorus|Landorus-Therian, M|100/100
|switch|p2a: Landorus|Landorus-Therian, M|100/100
|-ability|p1a: Landorus|Intimidate|boost
|-unboost|p2a: Landorus|atk|1
|-ability|p2a: Landorus|Intimidate|boost
|-unboost|p1a: Landorus|atk|1
|turn|1
|inactive|Battle timer is ON: inactive players will automatically lose when time's up. (requested by Xd kokopants4939)
|inactive|2(H2O)-Alt also wants the timer to be on.
|
|t:|1655428846
|move|p1a: Landorus|Toxic|p2a: Landorus
|-status|p2a: Landorus|tox
|move|p2a: Landorus|Toxic|p1a: Landorus
|-status|p1a: Landorus|tox
|
|-damage|p2a: Landorus|94/100 tox|[from] psn
|-damage|p1a: Landorus|94/100 tox|[from] psn
|upkeep
|turn|2
|
|t:|1655428853
|move|p1a: Landorus|Stealth Rock|p2a: Landorus
|-sidestart|p2: Xd kokopants4939|move: Stealth Rock
|move|p2a: Landorus|Stealth Rock|p1a: Landorus
|-sidestart|p1: 2(H2O)-Alt|move: Stealth Rock
|
|-heal|p2a: Landorus|100/100 tox|[from] item: Leftovers
|-heal|p1a: Landorus|100/100 tox|[from] item: Leftovers
|-damage|p2a: Landorus|88/100 tox|[from] psn
|-damage|p1a: Landorus|88/100 tox|[from] psn
|upkeep
|turn|3
|
|t:|1655428862
|move|p2a: Landorus|U-turn|p1a: Landorus
|-resisted|p1a: Landorus
|-damage|p1a: Landorus|81/100 tox
|
|t:|1655428866
|switch|p2a: Toxapex|Toxapex, M|100/100|[from]move: U-turn
|-damage|p2a: Toxapex|88/100|[from] Stealth Rock
|move|p1a: Landorus|U-turn|p2a: Toxapex
|-resisted|p2a: Toxapex
|-damage|p2a: Toxapex|84/100
|-damage|p1a: Landorus|64/100 tox|[from] item: Rocky Helmet|[of] p2a: Toxapex
|
|t:|1655428874
|switch|p1a: Tapu Lele|Tapu Lele, shiny|100/100|[from]move: U-turn
|-damage|p1a: Tapu Lele|88/100|[from] Stealth Rock
|-fieldstart|move: Psychic Terrain|[from] ability: Psychic Surge|[of] p1a: Tapu Lele
|
|upkeep
|turn|4
|
|t:|1655428880
|switch|p2a: Corviknight|Corviknight, F|100/100
|-damage|p2a: Corviknight|88/100|[from] Stealth Rock
|-ability|p2a: Corviknight|Pressure
|move|p1a: Tapu Lele|Psyshock|p2a: Corviknight
|-resisted|p2a: Corviknight
|-damage|p2a: Corviknight|69/100
|
|-heal|p2a: Corviknight|75/100|[from] item: Leftovers
|upkeep
|turn|5
|
|t:|1655428883
|switch|p1a: Toxapex|Toxapex, M|100/100
|-damage|p1a: Toxapex|88/100|[from] Stealth Rock
|move|p2a: Corviknight|U-turn|p1a: Toxapex
|-resisted|p1a: Toxapex
|-damage|p1a: Toxapex|84/100
|-enditem|p1a: Toxapex|Eject Button
|
|t:|1655428889
|switch|p1a: Magnezone|Magnezone|100/100
|-damage|p1a: Magnezone|94/100|[from] Stealth Rock
|
|-heal|p1a: Magnezone|100/100|[from] item: Leftovers
|-heal|p2a: Corviknight|82/100|[from] item: Leftovers
|upkeep
|turn|6
|j| zelduxe
|
|t:|1655428899
|move|p1a: Magnezone|Thunderbolt|p2a: Corviknight
|-supereffective|p2a: Corviknight
|-damage|p2a: Corviknight|5/100
|move|p2a: Corviknight|U-turn|p1a: Magnezone
|-resisted|p1a: Magnezone
|-crit|p1a: Magnezone
|-damage|p1a: Magnezone|90/100
|
|t:|1655428914
|switch|p2a: Kartana|Kartana|100/100|[from]move: U-turn
|-damage|p2a: Kartana|94/100|[from] Stealth Rock
|
|-heal|p1a: Magnezone|96/100|[from] item: Leftovers
|upkeep
|turn|7
|
|t:|1655428920
|switch|p1a: Mandibuzz|Mandibuzz, F|100/100
|move|p2a: Kartana|Swords Dance|p2a: Kartana
|-boost|p2a: Kartana|atk|2
|
|-fieldend|move: Psychic Terrain
|upkeep
|turn|8
|
|t:|1655428926
|move|p2a: Kartana|Sacred Sword|p1a: Mandibuzz
|-damage|p1a: Mandibuzz|30/100
|-damage|p2a: Kartana|85/100|[from] item: Life Orb
|move|p1a: Mandibuzz|Foul Play|p2a: Kartana
|-damage|p2a: Kartana|0 fnt
|faint|p2a: Kartana
|
|upkeep
|
|t:|1655428930
|switch|p2a: Dragapult|Dragapult, F|100/100
|-damage|p2a: Dragapult|88/100|[from] Stealth Rock
|turn|9
|j| crosschampion
|
|t:|1655428937
|switch|p1a: Landorus|Landorus-Therian, M|64/100 tox
|-damage|p1a: Landorus|52/100 tox|[from] Stealth Rock
|-ability|p1a: Landorus|Intimidate|boost
|-unboost|p2a: Dragapult|atk|1
|move|p2a: Dragapult|Draco Meteor|p1a: Landorus
|-damage|p1a: Landorus|0 fnt
|-unboost|p2a: Dragapult|spa|2
|faint|p1a: Landorus
|
|upkeep
|
|t:|1655428945
|switch|p1a: Tapu Lele|Tapu Lele, shiny|88/100
|-damage|p1a: Tapu Lele|76/100|[from] Stealth Rock
|-fieldstart|move: Psychic Terrain|[from] ability: Psychic Surge|[of] p1a: Tapu Lele
|turn|10
|
|t:|1655428948
|switch|p2a: Corviknight|Corviknight, F|5/100
|-damage|p2a: Corviknight|0 fnt|[from] Stealth Rock
|faint|p2a: Corviknight
|move|p1a: Tapu Lele|Psyshock|p2: Corviknight|[notarget]
|-fail|p1a: Tapu Lele
|
|upkeep
|
|t:|1655428963
|switch|p2a: Blissey|Blissey, F|100/100
|turn|11
|
|t:|1655428969
|switch|p1a: Mandibuzz|Mandibuzz, F|30/100
|move|p2a: Blissey|Seismic Toss|p1a: Mandibuzz
|-damage|p1a: Mandibuzz|6/100
|
|upkeep
|turn|12
|
|t:|1655428974
|move|p1a: Mandibuzz|Roost|p1a: Mandibuzz
|-heal|p1a: Mandibuzz|56/100
|-singleturn|p1a: Mandibuzz|move: Roost
|move|p2a: Blissey|Toxic|p1a: Mandibuzz
|-status|p1a: Mandibuzz|tox
|
|-damage|p1a: Mandibuzz|50/100 tox|[from] psn
|upkeep
|turn|13
|
|t:|1655428983
|move|p1a: Mandibuzz|Roost|p1a: Mandibuzz
|-heal|p1a: Mandibuzz|99/100 tox
|-singleturn|p1a: Mandibuzz|move: Roost
|move|p2a: Blissey|Teleport|p2a: Blissey
|
|t:|1655428989
|switch|p2a: Toxapex|Toxapex, M|100/100|[from]move: Teleport
|-damage|p2a: Toxapex|88/100|[from] Stealth Rock
|
|-damage|p1a: Mandibuzz|88/100 tox|[from] psn
|upkeep
|turn|14
|
|t:|1655428992
|switch|p1a: Magnezone|Magnezone|96/100
|-damage|p1a: Magnezone|90/100|[from] Stealth Rock
|move|p2a: Toxapex|Knock Off|p1a: Magnezone
|-damage|p1a: Magnezone|76/100
|-enditem|p1a: Magnezone|Leftovers|[from] move: Knock Off|[of] p2a: Toxapex
|
|-fieldend|move: Psychic Terrain
|upkeep
|turn|15
|
|t:|1655428998
|switch|p2a: Blissey|Blissey, F|100/100
|move|p1a: Magnezone|Thunderbolt|p2a: Blissey
|-damage|p2a: Blissey|86/100
|
|upkeep
|turn|16
|
|t:|1655429003
|move|p1a: Magnezone|Body Press|p2a: Blissey
|-supereffective|p2a: Blissey
|-damage|p2a: Blissey|34/100
|move|p2a: Blissey|Teleport|p2a: Blissey
|
|t:|1655429007
|switch|p2a: Dragapult|Dragapult, F|88/100|[from]move: Teleport
|-damage|p2a: Dragapult|76/100|[from] Stealth Rock
|
|upkeep
|turn|17
|
|t:|1655429012
|switch|p1a: Mandibuzz|Mandibuzz, F|88/100 tox
|move|p2a: Dragapult|Shadow Ball|p1a: Mandibuzz
|-resisted|p1a: Mandibuzz
|-damage|p1a: Mandibuzz|66/100 tox
|
|-damage|p1a: Mandibuzz|60/100 tox|[from] psn
|upkeep
|turn|18
|
|t:|1655429016
|switch|p2a: Blissey|Blissey, F|34/100
|move|p1a: Mandibuzz|U-turn|p2a: Blissey
|-damage|p2a: Blissey|24/100
|
|t:|1655429021
|switch|p1a: Kartana|Kartana|100/100|[from]move: U-turn
|-damage|p1a: Kartana|94/100|[from] Stealth Rock
|
|upkeep
|turn|19
|
|t:|1655429024
|switch|p2a: Toxapex|Toxapex, M|100/100
|-damage|p2a: Toxapex|88/100|[from] Stealth Rock
|move|p1a: Kartana|Leaf Blade|p2a: Toxapex
|-damage|p2a: Toxapex|38/100
|-damage|p1a: Kartana|78/100|[from] item: Rocky Helmet|[of] p2a: Toxapex
|
|upkeep
|turn|20
|
|t:|1655429036
|switch|p2a: Landorus|Landorus-Therian, M|88/100 tox
|-damage|p2a: Landorus|76/100 tox|[from] Stealth Rock
|-ability|p2a: Landorus|Intimidate|boost
|-unboost|p1a: Kartana|atk|1
|move|p1a: Kartana|Leaf Blade|p2a: Landorus
|-crit|p2a: Landorus
|-damage|p2a: Landorus|0 fnt
|faint|p2a: Landorus
|-ability|p1a: Kartana|Beast Boost|boost
|-boost|p1a: Kartana|atk|1
|
|upkeep
|
|t:|1655429039
|switch|p2a: Dragapult|Dragapult, F|76/100
|-damage|p2a: Dragapult|64/100|[from] Stealth Rock
|turn|21
|
|t:|1655429048
|switch|p1a: Magnezone|Magnezone|76/100
|-damage|p1a: Magnezone|70/100|[from] Stealth Rock
|move|p2a: Dragapult|Draco Meteor|p1a: Magnezone|[miss]
|-miss|p2a: Dragapult|p1a: Magnezone
|
|upkeep
|turn|22
|
|t:|1655429054
|switch|p2a: Blissey|Blissey, F|24/100
|move|p1a: Magnezone|Flash Cannon|p2a: Blissey
|-damage|p2a: Blissey|13/100
|
|upkeep
|turn|23
|
|t:|1655429058
|move|p1a: Magnezone|Body Press|p2a: Blissey
|-supereffective|p2a: Blissey
|-damage|p2a: Blissey|0 fnt
|faint|p2a: Blissey
|
|upkeep
|
|t:|1655429060
|switch|p2a: Dragapult|Dragapult, F|64/100
|-damage|p2a: Dragapult|51/100|[from] Stealth Rock
|turn|24
|
|t:|1655429065
|switch|p1a: Mandibuzz|Mandibuzz, F|60/100 tox
|move|p2a: Dragapult|Shadow Ball|p1a: Mandibuzz
|-resisted|p1a: Mandibuzz
|-damage|p1a: Mandibuzz|39/100 tox
|-unboost|p1a: Mandibuzz|spd|1
|
|-damage|p1a: Mandibuzz|33/100 tox|[from] psn
|upkeep
|turn|25
|
|t:|1655429069
|move|p2a: Dragapult|Shadow Ball|p1a: Mandibuzz
|-resisted|p1a: Mandibuzz
|-damage|p1a: Mandibuzz|0 fnt
|faint|p1a: Mandibuzz
|
|upkeep
|
|t:|1655429075
|switch|p1a: Tapu Lele|Tapu Lele, shiny|76/100
|-damage|p1a: Tapu Lele|63/100|[from] Stealth Rock
|-fieldstart|move: Psychic Terrain|[from] ability: Psychic Surge|[of] p1a: Tapu Lele
|turn|26
|
|t:|1655429078
|move|p1a: Tapu Lele|Psyshock|p2a: Dragapult
|-damage|p2a: Dragapult|0 fnt
|faint|p2a: Dragapult
|
|upkeep
|c|☆Xd kokopants4939|Gg
|-message|Xd kokopants4939 forfeited.
|
|win|2(H2O)-Alt
|raw|2(H2O)-Alt's rating: 1714 &rarr; <strong>1730</strong><br />(+16 for winning)
|raw|Xd kokopants4939's rating: 1650 &rarr; <strong>1634</strong><br />(-16 for losing)
|l|☆Xd kokopants4939
|l| crosschampion
||Ladder isn't responding, score probably updated but might not have (Request timeout).
