|j|☆early_human
|j|☆Justamente
|t:|1603432665
|player|p1|early_human|1|1635
|player|p2|Justamente|zinnia|1635
|teamsize|p1|6
|teamsize|p2|6
|gametype|singles
|gen|8
|tier|[Gen 8] OU
|rated|
|clearpoke
|poke|p1|Regieleki|
|poke|p1|Tapu Koko|
|poke|p1|Pelipper, F|
|poke|p1|Kingdra, F|
|poke|p1|Kyurem-Black|
|poke|p1|Ferrothorn, F|
|poke|p2|Regieleki|
|poke|p2|Urshifu-*, M|
|poke|p2|Tapu Koko|
|poke|p2|Hawlucha, F|
|poke|p2|Pheromosa|
|poke|p2|Volcarona, M|
|rule|Sleep Clause Mod: Limit one foe put to sleep
|rule|Species Clause: Limit one of each Pokémon
|rule|OHKO Clause: OHKO moves are banned
|rule|Evasion Moves Clause: Evasion moves are banned
|rule|Endless Battle Clause: Forcing endless battles is banned
|rule|HP Percentage Mod: HP is shown in percentages
|rule|Dynamax Clause: You cannot dynamax
|teampreview
|j| Vessev
|j| Tfgpcjv
|j| keep6ftplaya
|j| Galar Magikarp
|j|+Chloe
|j| Los Amigos
|j| I'M AT MY LIMIT!
|
|t:|1603432689
|start
|switch|p1a: Pelipper|Pelipper, F|100/100
|switch|p2a: Tapu Koko|Tapu Koko|100/100
|-fieldstart|move: Electric Terrain|[from] ability: Electric Surge|[of] p2a: Tapu Koko
|-weather|RainDance|[from] ability: Drizzle|[of] p1a: Pelipper
|turn|1
|j| Cupid's Curse
|
|t:|1603432698
|switch|p1a: Ferrothorn|Ferrothorn, F|100/100
|move|p2a: Tapu Koko|U-turn|p1a: Ferrothorn
|-crit|p1a: Ferrothorn
|-damage|p1a: Ferrothorn|83/100
|-damage|p2a: Tapu Koko|88/100|[from] ability: Iron Barbs|[of] p1a: Ferrothorn
|-damage|p2a: Tapu Koko|72/100|[from] item: Rocky Helmet|[of] p1a: Ferrothorn
|
|t:|1603432701
|switch|p2a: Urshifu|Urshifu, M|100/100|[from]move: U-turn
|
|-weather|RainDance|[upkeep]
|upkeep
|turn|2
|
|t:|1603432708
|move|p2a: Urshifu|Bulk Up|p2a: Urshifu
|-boost|p2a: Urshifu|atk|1
|-boost|p2a: Urshifu|def|1
|move|p1a: Ferrothorn|Body Press|p2a: Urshifu
|-supereffective|p2a: Urshifu
|-damage|p2a: Urshifu|62/100
|
|-weather|RainDance|[upkeep]
|upkeep
|turn|3
|
|t:|1603432712
|move|p2a: Urshifu|Close Combat|p1a: Ferrothorn
|-supereffective|p1a: Ferrothorn
|-damage|p1a: Ferrothorn|0 fnt
|-unboost|p2a: Urshifu|def|1
|-unboost|p2a: Urshifu|spd|1
|-damage|p2a: Urshifu|50/100|[from] ability: Iron Barbs|[of] p1a: Ferrothorn
|-damage|p2a: Urshifu|34/100|[from] item: Rocky Helmet|[of] p1a: Ferrothorn
|-damage|p2a: Urshifu|24/100|[from] item: Life Orb
|faint|p1a: Ferrothorn
|
|-weather|RainDance|[upkeep]
|upkeep
|j|+akiamara
|
|t:|1603432721
|switch|p1a: Tapu Koko|Tapu Koko|100/100
|turn|4
|
|t:|1603432724
|move|p2a: Urshifu|Sucker Punch|p1a: Tapu Koko
|-resisted|p1a: Tapu Koko
|-damage|p1a: Tapu Koko|45/100
|-damage|p2a: Urshifu|14/100|[from] item: Life Orb
|move|p1a: Tapu Koko|Thunderbolt|p2a: Urshifu
|-damage|p2a: Urshifu|0 fnt
|faint|p2a: Urshifu
|
|-weather|RainDance|[upkeep]
|upkeep
|
|t:|1603432728
|switch|p2a: Regieleki|Regieleki|100/100
|turn|5
|l| I'M AT MY LIMIT!
|c| Cupid's Curse|damn O.o
|
|t:|1603432736
|move|p2a: Regieleki|Light Screen|p2a: Regieleki
|-sidestart|p2: Justamente|move: Light Screen
|move|p1a: Tapu Koko|U-turn|p2a: Regieleki
|-damage|p2a: Regieleki|76/100
|j| normie123
|j| Harshal~08
|j| Sahki
|
|t:|1603432742
|switch|p1a: Kyurem|Kyurem-Black|100/100|[from]move: U-turn
|-ability|p1a: Kyurem|Teravolt
|
|-weather|RainDance|[upkeep]
|-fieldend|move: Electric Terrain
|upkeep
|turn|6
|
|t:|1603432750
|move|p2a: Regieleki|Reflect|p2a: Regieleki
|-sidestart|p2: Justamente|Reflect
|move|p1a: Kyurem|Dragon Dance|p1a: Kyurem
|-boost|p1a: Kyurem|atk|1
|-boost|p1a: Kyurem|spe|1
|
|-weather|RainDance|[upkeep]
|upkeep
|turn|7
|
|t:|1603432752
|move|p2a: Regieleki|Volt Switch|p1a: Kyurem
|-resisted|p1a: Kyurem
|-damage|p1a: Kyurem|84/100
|
|t:|1603432757
|switch|p2a: Tapu Koko|Tapu Koko|72/100|[from]move: Volt Switch
|-fieldstart|move: Electric Terrain|[from] ability: Electric Surge|[of] p2a: Tapu Koko
|move|p1a: Kyurem|Dragon Dance|p1a: Kyurem
|-boost|p1a: Kyurem|atk|1
|-boost|p1a: Kyurem|spe|1
|
|-weather|RainDance|[upkeep]
|upkeep
|turn|8
|j| langolango
|
|t:|1603432771
|move|p1a: Kyurem|Icicle Spear|p2a: Tapu Koko
|-damage|p2a: Tapu Koko|47/100
|-damage|p2a: Tapu Koko|17/100
|-damage|p2a: Tapu Koko|0 fnt
|-hitcount|p2a: Tapu Koko|3
|faint|p2a: Tapu Koko
|
|-weather|none
|upkeep
|
|t:|1603432773
|switch|p2a: Hawlucha|Hawlucha, F|100/100
|-enditem|p2a: Hawlucha|Electric Seed
|-boost|p2a: Hawlucha|def|1|[from] item: Electric Seed
|turn|9
|
|t:|1603432786
|switch|p1a: Pelipper|Pelipper, F|100/100
|-weather|RainDance|[from] ability: Drizzle|[of] p1a: Pelipper
|move|p2a: Hawlucha|Swords Dance|p2a: Hawlucha
|-boost|p2a: Hawlucha|atk|2
|
|-weather|RainDance|[upkeep]
|upkeep
|turn|10
|
|t:|1603432792
|move|p2a: Hawlucha|Acrobatics|p1a: Pelipper
|-damage|p1a: Pelipper|18/100
|move|p1a: Pelipper|Scald|p2a: Hawlucha
|-damage|p2a: Hawlucha|67/100
|-status|p2a: Hawlucha|brn
|
|-weather|RainDance|[upkeep]
|-damage|p2a: Hawlucha|61/100 brn|[from] brn
|upkeep
|turn|11
|j| Scizor Boladao
|
|t:|1603432799
|move|p2a: Hawlucha|Acrobatics|p1a: Pelipper
|-damage|p1a: Pelipper|0 fnt
|faint|p1a: Pelipper
|
|-weather|RainDance|[upkeep]
|-damage|p2a: Hawlucha|55/100 brn|[from] brn
|-fieldend|move: Electric Terrain
|upkeep
|
|t:|1603432805
|switch|p1a: Regieleki|Regieleki|100/100
|turn|12
|
|t:|1603432808
|move|p2a: Hawlucha|Close Combat|p1a: Regieleki
|-damage|p1a: Regieleki|3/100
|-unboost|p2a: Hawlucha|def|1
|-unboost|p2a: Hawlucha|spd|1
|move|p1a: Regieleki|Thunder|p2a: Hawlucha
|-supereffective|p2a: Hawlucha
|-damage|p2a: Hawlucha|0 fnt
|faint|p2a: Hawlucha
|
|-weather|RainDance|[upkeep]
|-sideend|p2: Justamente|move: Light Screen
|upkeep
|
|t:|1603432815
|switch|p2a: Regieleki|Regieleki|76/100
|turn|13
|
|t:|1603432818
|move|p1a: Regieleki|Thunder|p2a: Regieleki
|-resisted|p2a: Regieleki
|-damage|p2a: Regieleki|0 fnt
|faint|p2a: Regieleki
|
|-weather|RainDance|[upkeep]
|-sideend|p2: Justamente|Reflect
|upkeep
|l| Vessev
|c|☆early_human|gg dork
|j| Vessev
|c|☆early_human|foh with that hawlucha shit
|j| Shellnuts
|j| Galarianartiscrens
|inactive|Battle timer is ON: inactive players will automatically lose when time's up. (requested by early_human)
|c| Cupid's Curse|"dork" lmao
|c|☆Justamente|Lol
|
|t:|1603432877
|switch|p2a: Pheromosa|Pheromosa|100/100
|turn|14
|j| Discoii
|
|t:|1603432881
|move|p1a: Regieleki|Thunder|p2a: Pheromosa
|-damage|p2a: Pheromosa|0 fnt
|faint|p2a: Pheromosa
|
|-weather|RainDance|[upkeep]
|upkeep
|
|t:|1603432882
|switch|p2a: Volcarona|Volcarona, M|100/100
|turn|15
|
|t:|1603432884
|move|p1a: Regieleki|Thunder|p2a: Volcarona
|-damage|p2a: Volcarona|0 fnt
|faint|p2a: Volcarona
|
|win|early_human
|raw|early_human's rating: 1635 &rarr; <strong>1655</strong><br />(+20 for winning)
|raw|Justamente's rating: 1635 &rarr; <strong>1615</strong><br />(-20 for losing)
|c| Discoii|Woah
|l| Scizor Boladao
|l|+akiamara
|l| Harshal~08
|c| Cupid's Curse|power
|l| keep6ftplaya
|l|+Chloe
