|j|☆Pinkacross
|j|☆El Hueco Mundo
|inactive|Battle timer is ON: inactive players will automatically lose when time's up.
|t:|1662257237
|gametype|singles
|player|p1|Pinkacross|artist|
|player|p2|El Hueco Mundo|170|
|teamsize|p1|6
|teamsize|p2|6
|gen|8
|tier|[Gen 8] OU
|rated|Tournament battle
|rule|Sleep Clause Mod: Limit one foe put to sleep
|rule|Species Clause: Limit one of each Pokémon
|rule|OHKO Clause: OHKO moves are banned
|rule|Evasion Items Clause: Evasion items are banned
|rule|Evasion Moves Clause: Evasion moves are banned
|rule|Endless Battle Clause: Forcing endless battles is banned
|rule|HP Percentage Mod: HP is shown in percentages
|rule|Dynamax Clause: You cannot dynamax
|clearpoke
|poke|p1|Magnezone|
|poke|p1|Tapu Koko|
|poke|p1|Landorus-Therian, M|
|poke|p1|Slowbro, M|
|poke|p1|Tornadus-Therian, M|
|poke|p1|Tyranitar, M|
|poke|p2|Gastrodon, F|
|poke|p2|Blissey, F|
|poke|p2|Slowking-Galar, M|
|poke|p2|Toxapex, M|
|poke|p2|Clefable, M|
|poke|p2|Corviknight, M|
|teampreview
|j| strangestger
|c|☆El Hueco Mundo|oh shit Koko
|c|☆Pinkacross|ye
|j| Pokemon Hates Me
|j| Lord Xen VII
|c|☆El Hueco Mundo|damn
|j| AmygdalanResponse
|c|☆El Hueco Mundo|glhf
|j| Juni01
|c|☆Pinkacross|u2
|c|☆El Hueco Mundo|wait fuck I wanted to use
|j| Pikablu007
|inactive|Pinkacross has 120 seconds left.
|inactive|El Hueco Mundo has 120 seconds left.
|c|☆El Hueco Mundo|ur sample for this
|l| Pikablu007
|c|☆El Hueco Mundo|too late rip
|j|%Sww-Suwa
|c|☆Pinkacross|what sample?
|c|☆Pinkacross|oh oh
|c|☆El Hueco Mundo|didnt u make one
|c|☆Pinkacross|the spikestack
|c|☆Pinkacross|yea yea
|c|☆El Hueco Mundo|yeah
|
|t:|1662257295
|start
|switch|p1a: Magnezone|Magnezone|100/100
|switch|p2a: Toxapex|Toxapex, M|100/100
|turn|1
|c|☆Pinkacross|hmm ye the MU woulda been diff thats for sure
|
|t:|1662257301
|switch|p2a: Slowking|Slowking-Galar, M|100/100
|move|p1a: Magnezone|Volt Switch|p2a: Slowking
|-damage|p2a: Slowking|69/100
|
|t:|1662257302
|switch|p1a: Landorus|Landorus-Therian, M|100/100|[from]move: Volt Switch
|-ability|p1a: Landorus|Intimidate|boost
|-unboost|p2a: Slowking|atk|1
|
|upkeep
|turn|2
|c|☆El Hueco Mundo|oh shit is that
|c|☆El Hueco Mundo|specs
|
|t:|1662257317
|switch|p2a: Corviknight|Corviknight, M|100/100
|-ability|p2a: Corviknight|Pressure
|move|p1a: Landorus|Substitute|p1a: Landorus
|-start|p1a: Landorus|Substitute
|-damage|p1a: Landorus|76/100
|
|-heal|p1a: Landorus|82/100|[from] item: Leftovers
|upkeep
|turn|3
|
|t:|1662257324
|move|p1a: Landorus|Knock Off|p2a: Corviknight
|-damage|p2a: Corviknight|75/100
|-enditem|p2a: Corviknight|Shed Shell|[from] move: Knock Off|[of] p1a: Landorus
|move|p2a: Corviknight|Iron Defense|p2a: Corviknight
|-boost|p2a: Corviknight|def|2
|
|-heal|p1a: Landorus|88/100|[from] item: Leftovers
|upkeep
|turn|4
|
|t:|1662257330
|move|p1a: Landorus|Knock Off|p2a: Corviknight
|-damage|p2a: Corviknight|67/100
|move|p2a: Corviknight|Body Press|p1a: Landorus
|-resisted|p1a: Landorus
|-end|p1a: Landorus|Substitute
|
|-heal|p1a: Landorus|94/100|[from] item: Leftovers
|upkeep
|turn|5
|j| xpgn_
|
|t:|1662257335
|switch|p1a: Slowbro|Slowbro, M|100/100
|move|p2a: Corviknight|Roost|p2a: Corviknight
|-heal|p2a: Corviknight|100/100
|-singleturn|p2a: Corviknight|move: Roost
|
|upkeep
|turn|6
|
|t:|1662257345
|switch|p2a: Toxapex|Toxapex, M|100/100
|move|p1a: Slowbro|Teleport|p1a: Slowbro
|
|t:|1662257349
|switch|p1a: Tapu Koko|Tapu Koko|100/100|[from]move: Teleport
|-fieldstart|move: Electric Terrain|[from] ability: Electric Surge|[of] p1a: Tapu Koko
|
|upkeep
|turn|7
|
|t:|1662257354
|switch|p2a: Gastrodon|Gastrodon, F|100/100
|move|p1a: Tapu Koko|Thunderbolt|p2a: Gastrodon
|-immune|p2a: Gastrodon
|
|upkeep
|turn|8
|
|t:|1662257362
|switch|p1a: Tornadus|Tornadus-Therian, M|100/100
|move|p2a: Gastrodon|Scald|p1a: Tornadus
|-damage|p1a: Tornadus|78/100
|
|upkeep
|turn|9
|
|t:|1662257376
|switch|p2a: Toxapex|Toxapex, M|100/100
|move|p1a: Tornadus|U-turn|p2a: Toxapex
|-resisted|p2a: Toxapex
|-damage|p2a: Toxapex|96/100
|
|t:|1662257400
|switch|p1a: Tapu Koko|Tapu Koko|100/100|[from]move: U-turn
|
|upkeep
|turn|10
|
|t:|1662257404
|switch|p2a: Slowking|Slowking-Galar, M|100/100
|move|p1a: Tapu Koko|Thunderbolt|p2a: Slowking
|-damage|p2a: Slowking|63/100
|
|-fieldend|move: Electric Terrain
|upkeep
|turn|11
|
|t:|1662257417
|switch|p1a: Tyranitar|Tyranitar, M|100/100
|-weather|Sandstorm|[from] ability: Sand Stream|[of] p1a: Tyranitar
|move|p2a: Slowking|Future Sight|p1a: Tyranitar
|-start|p2a: Slowking|move: Future Sight
|
|-weather|Sandstorm|[upkeep]
|-damage|p2a: Slowking|57/100|[from] Sandstorm
|upkeep
|turn|12
|
|t:|1662257421
|switch|p2a: Corviknight|Corviknight, M|100/100
|-ability|p2a: Corviknight|Pressure
|move|p1a: Tyranitar|Stealth Rock|p2a: Corviknight
|-sidestart|p2: El Hueco Mundo|move: Stealth Rock
|
|-weather|Sandstorm|[upkeep]
|upkeep
|turn|13
|j| Chocman
|
|t:|1662257430
|switch|p1a: Slowbro|Slowbro, M|100/100
|move|p2a: Corviknight|Body Press|p1a: Slowbro
|-resisted|p1a: Slowbro
|-damage|p1a: Slowbro|93/100
|
|-weather|Sandstorm|[upkeep]
|-damage|p1a: Slowbro|87/100|[from] Sandstorm
|-end|p1a: Slowbro|move: Future Sight
|-resisted|p1a: Slowbro
|-damage|p1a: Slowbro|55/100
|upkeep
|turn|14
|
|t:|1662257433
|move|p2a: Corviknight|Defog|p1a: Slowbro
|-unboost|p1a: Slowbro|evasion|1
|-sideend|p2: El Hueco Mundo|Stealth Rock|[from] move: Defog|[of] p2a: Corviknight
|move|p1a: Slowbro|Teleport|p1a: Slowbro
|
|t:|1662257435
|switch|p1a: Magnezone|Magnezone|100/100|[from]move: Teleport
|
|-weather|Sandstorm|[upkeep]
|upkeep
|turn|15
|c|☆El Hueco Mundo|ah shit
|c|☆El Hueco Mundo|lmao I lose now right
|
|t:|1662257448
|move|p1a: Magnezone|Rising Voltage|p2a: Corviknight
|-supereffective|p2a: Corviknight
|-damage|p2a: Corviknight|0 fnt
|faint|p2a: Corviknight
|
|-weather|none
|upkeep
|j| lags
|c|☆Pinkacross|ye it aint lookin good
|
|t:|1662257455
|switch|p2a: Slowking|Slowking-Galar, M|90/100
|turn|16
|
|t:|1662257459
|switch|p1a: Tyranitar|Tyranitar, M|100/100
|-weather|Sandstorm|[from] ability: Sand Stream|[of] p1a: Tyranitar
|move|p2a: Slowking|Scald|p1a: Tyranitar
|-supereffective|p1a: Tyranitar
|-damage|p1a: Tyranitar|80/100
|
|-weather|Sandstorm|[upkeep]
|-damage|p2a: Slowking|84/100|[from] Sandstorm
|-heal|p1a: Tyranitar|86/100|[from] item: Leftovers
|upkeep
|turn|17
|c| lags|is hippo better then gastro
|c|☆El Hueco Mundo|no
|c|☆Pinkacross|depends on the team
|
|t:|1662257472
|move|p1a: Tyranitar|Earthquake|p2a: Slowking
|-supereffective|p2a: Slowking
|-damage|p2a: Slowking|20/100
|move|p2a: Slowking|Scald|p1a: Tyranitar
|-supereffective|p1a: Tyranitar
|-damage|p1a: Tyranitar|65/100
|
|-weather|Sandstorm|[upkeep]
|-damage|p2a: Slowking|14/100|[from] Sandstorm
|-heal|p1a: Tyranitar|71/100|[from] item: Leftovers
|upkeep
|turn|18
|c|☆Pinkacross|hippo has rocks
|c|☆Pinkacross|gastro is immune to water
|
|t:|1662257479
|switch|p2a: Gastrodon|Gastrodon, F|100/100
|move|p1a: Tyranitar|Stealth Rock|p2a: Gastrodon
|-sidestart|p2: El Hueco Mundo|move: Stealth Rock
|
|-weather|Sandstorm|[upkeep]
|-heal|p1a: Tyranitar|77/100|[from] item: Leftovers
|upkeep
|turn|19
|
|t:|1662257488
|switch|p1a: Tornadus|Tornadus-Therian, M|100/100
|move|p2a: Gastrodon|Protect||[still]
|-fail|p2a: Gastrodon
|
|-weather|Sandstorm|[upkeep]
|-damage|p1a: Tornadus|94/100|[from] Sandstorm
|upkeep
|turn|20
|c| lags|but toxa can cover water
|
|t:|1662257491
|switch|p2a: Slowking|Slowking-Galar, M|47/100
|-damage|p2a: Slowking|35/100|[from] Stealth Rock
|move|p1a: Tornadus|U-turn|p2a: Slowking
|-damage|p2a: Slowking|19/100
|
|t:|1662257494
|switch|p1a: Landorus|Landorus-Therian, M|94/100|[from]move: U-turn
|-ability|p1a: Landorus|Intimidate|boost
|-unboost|p2a: Slowking|atk|1
|
|-weather|none
|-heal|p1a: Landorus|99/100|[from] item: Leftovers
|upkeep
|turn|21
|
|t:|1662257502
|switch|p2a: Clefable|Clefable, M|100/100
|-damage|p2a: Clefable|88/100|[from] Stealth Rock
|move|p1a: Landorus|Earthquake|p2a: Clefable
|-damage|p2a: Clefable|44/100
|
|-heal|p1a: Landorus|100/100|[from] item: Leftovers
|-heal|p2a: Clefable|50/100|[from] item: Leftovers
|upkeep
|turn|22
|
|t:|1662257506
|move|p1a: Landorus|Knock Off|p2a: Clefable
|-resisted|p2a: Clefable
|-damage|p2a: Clefable|35/100
|-enditem|p2a: Clefable|Leftovers|[from] move: Knock Off|[of] p1a: Landorus
|move|p2a: Clefable|Soft-Boiled|p2a: Clefable
|-heal|p2a: Clefable|85/100
|
|upkeep
|turn|23
|
|t:|1662257515
|switch|p2a: Slowking|Slowking-Galar, M|52/100
|-damage|p2a: Slowking|40/100|[from] Stealth Rock
|move|p1a: Landorus|Earthquake|p2a: Slowking
|-supereffective|p2a: Slowking
|-damage|p2a: Slowking|0 fnt
|faint|p2a: Slowking
|
|upkeep
|c|☆Pinkacross|gg
|j| abowlofvegies
|-message|El Hueco Mundo forfeited.
|
|win|Pinkacross
|n|☆Pinkacross|pinkacross
|n|☆El Hueco Mundo|elhuecomundo
|n| strangestger|strangestger
|n| Pokemon Hates Me|pokemonhatesme
|n| Lord Xen VII|lordxenvii
|n| AmygdalanResponse|amygdalanresponse
|n| Juni01|juni01
|n| Sww-Suwa|swwsuwa
|n| xpgn_|xpgn
|n| Chocman|chocman
|n| lags|lags
|n| abowlofvegies|abowlofvegies
|c|☆El Hueco Mundo|gg
|c|☆Pinkacross|I brought this team with stall in mind
|j| honest heartz
|c|☆Pinkacross|there was basically no way for u to win
|c|☆Pinkacross|in this MU
|l| Juni01
|l| Pokemon Hates Me
|c| honest heartz|based
|c|☆El Hueco Mundo|dude I was almost gonna use the HO sample
|c|☆El Hueco Mundo|for that reason lmao
|l| abowlofvegies
|c|☆El Hueco Mundo|wp tho
|l| honest heartz
|c|☆Pinkacross|ye fair enough
|c|☆Pinkacross|thx u2
|l| lags
|l|☆El Hueco Mundo
