|j|☆Lopi is toxic
|j|☆AlphaTherai
|t:|1667254829
|gametype|singles
|player|p1|Lopi is toxic|sabrina|1659
|player|p2|AlphaTherai|lucas|1706
|teamsize|p1|6
|teamsize|p2|6
|gen|8
|tier|[Gen 8] OU
|rated|
|rule|Sleep Clause Mod: Limit one foe put to sleep
|rule|Species Clause: Limit one of each Pokémon
|rule|OHKO Clause: OHKO moves are banned
|rule|Evasion Items Clause: Evasion items are banned
|rule|Evasion Moves Clause: Evasion moves are banned
|rule|Endless Battle Clause: Forcing endless battles is banned
|rule|HP Percentage Mod: HP is shown in percentages
|rule|Dynamax Clause: You cannot dynamax
|clearpoke
|poke|p1|Dragapult, M|
|poke|p1|Urshifu-*, M|
|poke|p1|Tapu Lele|
|poke|p1|Landorus-Therian, M|
|poke|p1|Zapdos|
|poke|p1|Melmetal|
|poke|p2|Kartana|
|poke|p2|Ferrothorn, M|
|poke|p2|Toxapex, M|
|poke|p2|Mandibuzz, F|
|poke|p2|Garchomp, F|
|poke|p2|Dragapult, F|
|teampreview
|j| Jongruenwald
|
|t:|1667254844
|start
|switch|p1a: Dragapult|Dragapult, M|100/100
|switch|p2a: Ferrothorn|Ferrothorn, M|100/100
|turn|1
|
|t:|1667254852
|switch|p2a: Garchomp|Garchomp, F|100/100
|move|p1a: Dragapult|Flamethrower|p2a: Garchomp
|-resisted|p2a: Garchomp
|-damage|p2a: Garchomp|85/100
|
|-heal|p2a: Garchomp|91/100|[from] item: Leftovers
|upkeep
|turn|2
|inactive|Battle timer is ON: inactive players will automatically lose when time's up. (requested by Lopi is toxic)
|
|t:|1667254856
|switch|p1a: Landorus|Landorus-Therian, M|100/100
|-ability|p1a: Landorus|Intimidate|boost
|-unboost|p2a: Garchomp|atk|1
|move|p2a: Garchomp|Stealth Rock|p1a: Landorus
|-sidestart|p1: Lopi is toxic|move: Stealth Rock
|
|-heal|p2a: Garchomp|97/100|[from] item: Leftovers
|upkeep
|turn|3
|
|t:|1667254860
|move|p2a: Garchomp|Toxic|p1a: Landorus
|-status|p1a: Landorus|tox
|move|p1a: Landorus|Stealth Rock|p2a: Garchomp
|-sidestart|p2: AlphaTherai|move: Stealth Rock
|
|-heal|p2a: Garchomp|100/100|[from] item: Leftovers
|-damage|p1a: Landorus|94/100 tox|[from] psn
|upkeep
|turn|4
|
|t:|1667254864
|switch|p2a: Ferrothorn|Ferrothorn, M|100/100
|-damage|p2a: Ferrothorn|94/100|[from] Stealth Rock
|move|p1a: Landorus|U-turn|p2a: Ferrothorn
|-damage|p2a: Ferrothorn|80/100
|-damage|p1a: Landorus|82/100 tox|[from] ability: Iron Barbs|[of] p2a: Ferrothorn
|
|t:|1667254867
|switch|p1a: Urshifu|Urshifu-Rapid-Strike, M|100/100|[from]move: U-turn
|-damage|p1a: Urshifu|94/100|[from] Stealth Rock
|
|-heal|p2a: Ferrothorn|86/100|[from] item: Leftovers
|upkeep
|turn|5
|
|t:|1667254871
|switch|p2a: Toxapex|Toxapex, M|100/100
|-damage|p2a: Toxapex|88/100|[from] Stealth Rock
|move|p1a: Urshifu|Close Combat|p2a: Toxapex
|-resisted|p2a: Toxapex
|-damage|p2a: Toxapex|52/100
|-unboost|p1a: Urshifu|def|1
|-unboost|p1a: Urshifu|spd|1
|-enditem|p2a: Toxapex|Eject Button
|
|t:|1667254874
|switch|p2a: Dragapult|Dragapult, F|100/100
|-damage|p2a: Dragapult|88/100|[from] Stealth Rock
|
|-heal|p2a: Dragapult|94/100|[from] item: Leftovers
|upkeep
|turn|6
|
|t:|1667254881
|switch|p1a: Landorus|Landorus-Therian, M|82/100 tox
|-damage|p1a: Landorus|70/100 tox|[from] Stealth Rock
|-ability|p1a: Landorus|Intimidate|boost
|-fail|p2a: Dragapult|unboost|[from] ability: Clear Body|[of] p2a: Dragapult
|move|p2a: Dragapult|Fire Blast|p1a: Landorus
|-damage|p1a: Landorus|50/100 tox
|
|-heal|p2a: Dragapult|99/100|[from] item: Leftovers
|-heal|p1a: Landorus|56/100 tox|[from] item: Leftovers
|-damage|p1a: Landorus|50/100 tox|[from] psn
|upkeep
|turn|7
|j| Oh So Cynical
|
|t:|1667254888
|move|p2a: Dragapult|Dragon Darts|p1a: Landorus
|-damage|p1a: Landorus|25/100 tox
|-anim|p2a: Dragapult|Dragon Darts|p1a: Landorus
|-damage|p1a: Landorus|0 fnt
|faint|p1a: Landorus
|
|-heal|p2a: Dragapult|100/100|[from] item: Leftovers
|upkeep
|
|t:|1667254891
|switch|p1a: Tapu Lele|Tapu Lele|100/100
|-damage|p1a: Tapu Lele|88/100|[from] Stealth Rock
|-fieldstart|move: Psychic Terrain|[from] ability: Psychic Surge|[of] p1a: Tapu Lele
|turn|8
|
|t:|1667254895
|switch|p2a: Ferrothorn|Ferrothorn, M|86/100
|-damage|p2a: Ferrothorn|80/100|[from] Stealth Rock
|move|p1a: Tapu Lele|Future Sight|p2a: Ferrothorn
|-start|p1a: Tapu Lele|move: Future Sight
|
|-heal|p2a: Ferrothorn|86/100|[from] item: Leftovers
|upkeep
|turn|9
|
|t:|1667254899
|switch|p1a: Dragapult|Dragapult, M|100/100
|-damage|p1a: Dragapult|88/100|[from] Stealth Rock
|move|p2a: Ferrothorn|Knock Off|p1a: Dragapult
|-supereffective|p1a: Dragapult
|-crit|p1a: Dragapult
|-damage|p1a: Dragapult|0 fnt
|-enditem|p1a: Dragapult|Choice Specs|[from] move: Knock Off|[of] p2a: Ferrothorn
|faint|p1a: Dragapult
|
|-heal|p2a: Ferrothorn|93/100|[from] item: Leftovers
|upkeep
|
|t:|1667254901
|switch|p1a: Urshifu|Urshifu-Rapid-Strike, M|94/100
|-damage|p1a: Urshifu|88/100|[from] Stealth Rock
|turn|10
|
|t:|1667254905
|switch|p2a: Mandibuzz|Mandibuzz, F|100/100
|move|p1a: Urshifu|U-turn|p2a: Mandibuzz
|-damage|p2a: Mandibuzz|79/100
|
|t:|1667254907
|switch|p1a: Zapdos|Zapdos|100/100|[from]move: U-turn
|
|-end|p2a: Mandibuzz|move: Future Sight
|-immune|p2a: Mandibuzz
|upkeep
|turn|11
|
|t:|1667254909
|switch|p2a: Garchomp|Garchomp, F|100/100
|-damage|p2a: Garchomp|94/100|[from] Stealth Rock
|move|p1a: Zapdos|Hurricane|p2a: Garchomp|[miss]
|-miss|p1a: Zapdos|p2a: Garchomp
|
|-heal|p2a: Garchomp|100/100|[from] item: Leftovers
|upkeep
|turn|12
|
|t:|1667254912
|move|p1a: Zapdos|Hurricane|p2a: Garchomp
|-damage|p2a: Garchomp|64/100
|move|p2a: Garchomp|Toxic|p1a: Zapdos
|-status|p1a: Zapdos|tox
|
|-heal|p2a: Garchomp|70/100|[from] item: Leftovers
|-damage|p1a: Zapdos|94/100 tox|[from] psn
|-fieldend|move: Psychic Terrain
|upkeep
|turn|13
|
|t:|1667254918
|move|p1a: Zapdos|Hurricane|p2a: Garchomp
|-damage|p2a: Garchomp|29/100
|-start|p2a: Garchomp|confusion
|-activate|p2a: Garchomp|confusion
|move|p2a: Garchomp|Earthquake|p1a: Zapdos
|-immune|p1a: Zapdos
|
|-heal|p2a: Garchomp|35/100|[from] item: Leftovers
|-damage|p1a: Zapdos|82/100 tox|[from] psn
|upkeep
|turn|14
|
|t:|1667254923
|move|p1a: Zapdos|Hurricane|p2a: Garchomp
|-damage|p2a: Garchomp|0 fnt
|faint|p2a: Garchomp
|
|-damage|p1a: Zapdos|63/100 tox|[from] psn
|upkeep
|
|t:|1667254926
|switch|p2a: Kartana|Kartana|100/100
|-damage|p2a: Kartana|94/100|[from] Stealth Rock
|turn|15
|
|t:|1667254928
|move|p2a: Kartana|Knock Off|p1a: Zapdos
|-damage|p1a: Zapdos|0 fnt
|-enditem|p1a: Zapdos|Heavy-Duty Boots|[from] move: Knock Off|[of] p2a: Kartana
|faint|p1a: Zapdos
|-ability|p2a: Kartana|Beast Boost|boost
|-boost|p2a: Kartana|atk|1
|
|upkeep
|j| monkaSaur
|
|t:|1667254931
|switch|p1a: Urshifu|Urshifu-Rapid-Strike, M|88/100
|-damage|p1a: Urshifu|82/100|[from] Stealth Rock
|turn|16
|
|t:|1667254938
|move|p2a: Kartana|Knock Off|p1a: Urshifu
|-resisted|p1a: Urshifu
|-damage|p1a: Urshifu|37/100
|-enditem|p1a: Urshifu|Choice Band|[from] move: Knock Off|[of] p2a: Kartana
|move|p1a: Urshifu|U-turn|p2a: Kartana
|-crit|p2a: Kartana
|-damage|p2a: Kartana|57/100
|
|t:|1667254940
|switch|p1a: Melmetal|Melmetal|100/100|[from]move: U-turn
|-damage|p1a: Melmetal|94/100|[from] Stealth Rock
|
|-heal|p1a: Melmetal|100/100|[from] item: Leftovers
|upkeep
|turn|17
|
|t:|1667254943
|move|p2a: Kartana|Knock Off|p1a: Melmetal
|-damage|p1a: Melmetal|36/100
|-enditem|p1a: Melmetal|Leftovers|[from] move: Knock Off|[of] p2a: Kartana
|move|p1a: Melmetal|Earthquake|p2a: Kartana
|-damage|p2a: Kartana|13/100
|
|upkeep
|turn|18
|l| monkaSaur
|
|t:|1667254946
|move|p2a: Kartana|Knock Off|p1a: Melmetal
|-damage|p1a: Melmetal|0 fnt
|faint|p1a: Melmetal
|-ability|p2a: Kartana|Beast Boost|boost
|-boost|p2a: Kartana|atk|1
|
|upkeep
|
|t:|1667254948
|switch|p1a: Urshifu|Urshifu-Rapid-Strike, M|37/100
|-damage|p1a: Urshifu|31/100|[from] Stealth Rock
|turn|19
|
|t:|1667254951
|move|p1a: Urshifu|Aqua Jet|p2a: Kartana
|-resisted|p2a: Kartana
|-damage|p2a: Kartana|2/100
|move|p2a: Kartana|Knock Off|p1a: Urshifu
|-resisted|p1a: Urshifu
|-damage|p1a: Urshifu|0 fnt
|faint|p1a: Urshifu
|-ability|p2a: Kartana|Beast Boost|boost
|-boost|p2a: Kartana|atk|1
|
|upkeep
|inactive|Lopi is toxic has 120 seconds left.
|-message|Lopi is toxic forfeited.
|
|win|AlphaTherai
|raw|Lopi is toxic's rating: 1659 &rarr; <strong>1642</strong><br />(-17 for losing)
|raw|AlphaTherai's rating: 1706 &rarr; <strong>1723</strong><br />(+17 for winning)
