|j|☆TheonReekGreyjoy
|j|☆jeanmilapipe
|t:|1629980577
|gametype|singles
|player|p1|TheonReekGreyjoy|7|1932
|player|p2|jeanmilapipe|n|1867
|teamsize|p1|6
|teamsize|p2|6
|gen|8
|tier|[Gen 8] OU
|rated|
|rule|Sleep Clause Mod: Limit one foe put to sleep
|rule|Species Clause: Limit one of each Pokémon
|rule|OHKO Clause: OHKO moves are banned
|rule|Evasion Moves Clause: Evasion moves are banned
|rule|Endless Battle Clause: Forcing endless battles is banned
|rule|HP Percentage Mod: HP is shown in percentages
|rule|Dynamax Clause: You cannot dynamax
|clearpoke
|poke|p1|Melmetal|
|poke|p1|Dragapult, F|
|poke|p1|Ninetales-Alola, F|
|poke|p1|Vanilluxe, F|
|poke|p1|Arctozolt|
|poke|p1|Landorus-Therian, M|
|poke|p2|Toxtricity, F|
|poke|p2|Crawdaunt, M|
|poke|p2|Aegislash, M|
|poke|p2|Corviknight, M|
|poke|p2|Dragapult, M|
|poke|p2|Swampert, M|
|teampreview
|
|t:|1629980587
|start
|switch|p1a: Vanilluxe|Vanilluxe, F|100/100
|switch|p2a: Dragapult|Dragapult, M|100/100
|-weather|Hail|[from] ability: Snow Warning|[of] p1a: Vanilluxe
|turn|1
|
|t:|1629980604
|move|p2a: Dragapult|Dragon Darts|p1a: Vanilluxe
|-damage|p1a: Vanilluxe|51/100
|-anim|p2a: Dragapult|Dragon Darts|p1a: Vanilluxe
|-damage|p1a: Vanilluxe|7/100
|-damage|p2a: Dragapult|91/100|[from] item: Life Orb
|move|p1a: Vanilluxe|Blizzard|p2a: Dragapult
|-supereffective|p2a: Dragapult
|-damage|p2a: Dragapult|0 fnt
|faint|p2a: Dragapult
|
|-weather|Hail|[upkeep]
|upkeep
|
|t:|1629980631
|switch|p2a: Crawdaunt|Crawdaunt, M|100/100
|turn|2
|
|t:|1629980642
|switch|p1a: Landorus|Landorus-Therian, M|100/100
|-ability|p1a: Landorus|Intimidate|boost
|-unboost|p2a: Crawdaunt|atk|1
|move|p2a: Crawdaunt|Aqua Jet|p1a: Landorus
|-supereffective|p1a: Landorus
|-damage|p1a: Landorus|63/100
|-damage|p2a: Crawdaunt|84/100|[from] item: Rocky Helmet|[of] p1a: Landorus
|
|-weather|Hail|[upkeep]
|-damage|p1a: Landorus|57/100|[from] Hail
|-damage|p2a: Crawdaunt|78/100|[from] Hail
|upkeep
|turn|3
|j| breakthru89
|l| breakthru89
|j| Marquesa-10%
|j| 3512etgasbgbdaszg
|
|t:|1629980653
|move|p2a: Crawdaunt|Aqua Jet|p1a: Landorus
|-supereffective|p1a: Landorus
|-damage|p1a: Landorus|17/100
|-damage|p2a: Crawdaunt|62/100|[from] item: Rocky Helmet|[of] p1a: Landorus
|move|p1a: Landorus|U-turn|p2a: Crawdaunt
|-supereffective|p2a: Crawdaunt
|-damage|p2a: Crawdaunt|0 fnt
|faint|p2a: Crawdaunt
|
|t:|1629980670
|switch|p1a: Melmetal|Melmetal|100/100|[from]move: U-turn
|
|-weather|Hail|[upkeep]
|-damage|p1a: Melmetal|94/100|[from] Hail
|-heal|p1a: Melmetal|100/100|[from] item: Leftovers
|upkeep
|
|t:|1629980677
|switch|p2a: Swampert|Swampert, M|100/100
|turn|4
|
|t:|1629980691
|switch|p1a: Vanilluxe|Vanilluxe, F|7/100
|move|p2a: Swampert|Stealth Rock|p1a: Vanilluxe
|-sidestart|p1: TheonReekGreyjoy|move: Stealth Rock
|
|-weather|Hail|[upkeep]
|-damage|p2a: Swampert|94/100|[from] Hail
|-heal|p2a: Swampert|100/100|[from] item: Leftovers
|upkeep
|turn|5
|j| her feels
|
|t:|1629980703
|switch|p2a: Aegislash|Aegislash, M|100/100
|move|p1a: Vanilluxe|Freeze-Dry|p2a: Aegislash
|-resisted|p2a: Aegislash
|-damage|p2a: Aegislash|85/100
|
|-weather|none
|-heal|p2a: Aegislash|91/100|[from] item: Leftovers
|upkeep
|turn|6
|
|t:|1629980713
|switch|p1a: Melmetal|Melmetal|100/100
|-damage|p1a: Melmetal|94/100|[from] Stealth Rock
|move|p2a: Aegislash|Swords Dance|p2a: Aegislash
|-boost|p2a: Aegislash|atk|2
|
|-heal|p2a: Aegislash|97/100|[from] item: Leftovers
|-heal|p1a: Melmetal|100/100|[from] item: Leftovers
|upkeep
|turn|7
|
|t:|1629980724
|switch|p2a: Corviknight|Corviknight, M|100/100
|-ability|p2a: Corviknight|Pressure
|move|p1a: Melmetal|Earthquake|p2a: Corviknight
|-immune|p2a: Corviknight
|
|upkeep
|turn|8
|
|t:|1629980751
|move|p2a: Corviknight|Brave Bird|p1a: Melmetal
|-resisted|p1a: Melmetal
|-damage|p1a: Melmetal|89/100
|-damage|p2a: Corviknight|96/100|[from] Recoil
|move|p1a: Melmetal|Substitute|p1a: Melmetal
|-start|p1a: Melmetal|Substitute
|-damage|p1a: Melmetal|64/100
|
|-heal|p1a: Melmetal|70/100|[from] item: Leftovers
|upkeep
|turn|9
|j| Gghtrfgj
|j| sendpais
|
|t:|1629980765
|move|p2a: Corviknight|Brave Bird|p1a: Melmetal
|-resisted|p1a: Melmetal
|-activate|p1a: Melmetal|move: Substitute|[damage]
|-damage|p2a: Corviknight|92/100|[from] Recoil|[of] p1a: Melmetal
|move|p1a: Melmetal|Double Iron Bash|p2a: Corviknight
|-resisted|p2a: Corviknight
|-damage|p2a: Corviknight|79/100
|-damage|p1a: Melmetal|53/100|[from] item: Rocky Helmet|[of] p2a: Corviknight
|-resisted|p2a: Corviknight
|-damage|p2a: Corviknight|67/100
|-damage|p1a: Melmetal|37/100|[from] item: Rocky Helmet|[of] p2a: Corviknight
|-hitcount|p2a: Corviknight|2
|
|-heal|p1a: Melmetal|43/100|[from] item: Leftovers
|upkeep
|turn|10
|
|t:|1629980784
|switch|p1a: Ninetales|Ninetales-Alola, F|100/100
|-damage|p1a: Ninetales|76/100|[from] Stealth Rock
|-weather|Hail|[from] ability: Snow Warning|[of] p1a: Ninetales
|move|p2a: Corviknight|Brave Bird|p1a: Ninetales
|-damage|p1a: Ninetales|31/100
|-damage|p2a: Corviknight|54/100|[from] Recoil
|
|-weather|Hail|[upkeep]
|-damage|p2a: Corviknight|48/100|[from] Hail
|upkeep
|turn|11
|
|t:|1629980796
|move|p1a: Ninetales|Aurora Veil|p1a: Ninetales
|-sidestart|p1: TheonReekGreyjoy|move: Aurora Veil
|move|p2a: Corviknight|Roost|p2a: Corviknight
|-heal|p2a: Corviknight|98/100
|-singleturn|p2a: Corviknight|move: Roost
|
|-weather|Hail|[upkeep]
|-damage|p2a: Corviknight|92/100|[from] Hail
|upkeep
|turn|12
|
|t:|1629980811
|switch|p1a: Arctozolt|Arctozolt|100/100
|move|p2a: Corviknight|U-turn|p1a: Arctozolt
|-damage|p1a: Arctozolt|93/100
|
|t:|1629980822
|switch|p2a: Swampert|Swampert, M|100/100|[from]move: U-turn
|
|-weather|Hail|[upkeep]
|-damage|p2a: Swampert|94/100|[from] Hail
|-heal|p2a: Swampert|100/100|[from] item: Leftovers
|upkeep
|turn|13
|
|t:|1629980833
|switch|p1a: Dragapult|Dragapult, F|100/100
|-damage|p1a: Dragapult|88/100|[from] Stealth Rock
|switch|p2a: Corviknight|Corviknight, M|92/100
|-ability|p2a: Corviknight|Pressure
|
|-weather|Hail|[upkeep]
|-damage|p1a: Dragapult|82/100|[from] Hail
|-damage|p2a: Corviknight|86/100|[from] Hail
|-heal|p1a: Dragapult|88/100|[from] item: Leftovers
|upkeep
|turn|14
|l| Gghtrfgj
|
|t:|1629980845
|move|p1a: Dragapult|Dragon Dance|p1a: Dragapult
|-boost|p1a: Dragapult|atk|1
|-boost|p1a: Dragapult|spe|1
|move|p2a: Corviknight|Brave Bird|p1a: Dragapult
|-damage|p1a: Dragapult|59/100
|-damage|p2a: Corviknight|79/100|[from] Recoil
|
|-weather|none
|-heal|p1a: Dragapult|65/100|[from] item: Leftovers
|upkeep
|turn|15
|
|t:|1629980859
|move|p1a: Dragapult|Dragon Dance|p1a: Dragapult
|-boost|p1a: Dragapult|atk|1
|-boost|p1a: Dragapult|spe|1
|move|p2a: Corviknight|Brave Bird|p1a: Dragapult
|-damage|p1a: Dragapult|37/100
|-damage|p2a: Corviknight|72/100|[from] Recoil
|
|-heal|p1a: Dragapult|43/100|[from] item: Leftovers
|upkeep
|turn|16
|
|t:|1629980870
|move|p1a: Dragapult|Dragon Darts|p2a: Corviknight
|-resisted|p2a: Corviknight
|-damage|p2a: Corviknight|57/100
|-anim|p1a: Dragapult|Dragon Darts|p2a: Corviknight
|-resisted|p2a: Corviknight
|-damage|p2a: Corviknight|43/100
|move|p2a: Corviknight|Roost|p2a: Corviknight
|-heal|p2a: Corviknight|93/100
|-singleturn|p2a: Corviknight|move: Roost
|
|-heal|p1a: Dragapult|49/100|[from] item: Leftovers
|upkeep
|turn|17
|
|t:|1629980883
|move|p1a: Dragapult|Dragon Darts|p2a: Corviknight
|-resisted|p2a: Corviknight
|-damage|p2a: Corviknight|80/100
|-anim|p1a: Dragapult|Dragon Darts|p2a: Corviknight
|-resisted|p2a: Corviknight
|-damage|p2a: Corviknight|66/100
|move|p2a: Corviknight|Brave Bird|p1a: Dragapult
|-damage|p1a: Dragapult|20/100
|-damage|p2a: Corviknight|58/100|[from] Recoil
|
|-heal|p1a: Dragapult|26/100|[from] item: Leftovers
|upkeep
|turn|18
|
|t:|1629980895
|switch|p1a: Landorus|Landorus-Therian, M|17/100
|-damage|p1a: Landorus|4/100|[from] Stealth Rock
|-ability|p1a: Landorus|Intimidate|boost
|-unboost|p2a: Corviknight|atk|1
|move|p2a: Corviknight|Roost|p2a: Corviknight
|-heal|p2a: Corviknight|100/100
|-singleturn|p2a: Corviknight|move: Roost
|
|-sideend|p1: TheonReekGreyjoy|move: Aurora Veil
|upkeep
|turn|19
|
|t:|1629980906
|move|p1a: Landorus|Defog|p2a: Corviknight
|-unboost|p2a: Corviknight|evasion|1
|-sideend|p1: TheonReekGreyjoy|Stealth Rock|[from] move: Defog|[of] p1a: Landorus
|move|p2a: Corviknight|U-turn|p1a: Landorus
|-resisted|p1a: Landorus
|-damage|p1a: Landorus|0 fnt
|-damage|p2a: Corviknight|84/100|[from] item: Rocky Helmet|[of] p1a: Landorus
|faint|p1a: Landorus
|
|t:|1629980915
|switch|p2a: Swampert|Swampert, M|100/100|[from]move: U-turn
|
|upkeep
|j| Lightchanseyy
|
|t:|1629980922
|switch|p1a: Vanilluxe|Vanilluxe, F|7/100
|-weather|Hail|[from] ability: Snow Warning|[of] p1a: Vanilluxe
|turn|20
|j| Tobiaszek
|
|t:|1629980931
|switch|p2a: Aegislash|Aegislash, M|97/100
|move|p1a: Vanilluxe|Blizzard|p2a: Aegislash
|-resisted|p2a: Aegislash
|-damage|p2a: Aegislash|72/100
|
|-weather|Hail|[upkeep]
|-damage|p2a: Aegislash|66/100|[from] Hail
|-heal|p2a: Aegislash|72/100|[from] item: Leftovers
|upkeep
|turn|21
|
|t:|1629980987
|switch|p1a: Dragapult|Dragapult, F|26/100
|-formechange|p2a: Aegislash|Aegislash-Blade||[from] ability: Stance Change
|move|p2a: Aegislash|Shadow Sneak|p1a: Dragapult
|-supereffective|p1a: Dragapult
|-damage|p1a: Dragapult|0 fnt
|faint|p1a: Dragapult
|
|-weather|Hail|[upkeep]
|-damage|p2a: Aegislash|66/100|[from] Hail
|-heal|p2a: Aegislash|72/100|[from] item: Leftovers
|upkeep
|
|t:|1629980993
|switch|p1a: Arctozolt|Arctozolt|93/100
|turn|22
|
|t:|1629981001
|-formechange|p2a: Aegislash|Aegislash||[from] ability: Stance Change
|move|p2a: Aegislash|King's Shield|p2a: Aegislash
|-singleturn|p2a: Aegislash|Protect
|move|p1a: Arctozolt|Blizzard|p2a: Aegislash
|-activate|p2a: Aegislash|move: Protect
|
|-weather|Hail|[upkeep]
|-damage|p2a: Aegislash|66/100|[from] Hail
|-heal|p2a: Aegislash|72/100|[from] item: Leftovers
|upkeep
|turn|23
|
|t:|1629981016
|switch|p2a: Swampert|Swampert, M|100/100
|move|p1a: Arctozolt|Bolt Beak|p2a: Swampert
|-immune|p2a: Swampert
|
|-weather|Hail|[upkeep]
|-damage|p2a: Swampert|94/100|[from] Hail
|-heal|p2a: Swampert|100/100|[from] item: Leftovers
|upkeep
|turn|24
|
|t:|1629981026
|switch|p1a: Vanilluxe|Vanilluxe, F|7/100
|move|p2a: Swampert|Earthquake|p1a: Vanilluxe
|-damage|p1a: Vanilluxe|0 fnt
|faint|p1a: Vanilluxe
|
|-weather|none
|upkeep
|
|t:|1629981032
|switch|p1a: Ninetales|Ninetales-Alola, F|31/100
|-weather|Hail|[from] ability: Snow Warning|[of] p1a: Ninetales
|turn|25
|
|t:|1629981038
|move|p1a: Ninetales|Hypnosis|p2a: Swampert
|-status|p2a: Swampert|slp|[from] move: Hypnosis
|cant|p2a: Swampert|slp
|
|-weather|Hail|[upkeep]
|-damage|p2a: Swampert|94/100 slp|[from] Hail
|-heal|p2a: Swampert|100/100 slp|[from] item: Leftovers
|upkeep
|turn|26
|
|t:|1629981046
|move|p1a: Ninetales|Moonblast|p2a: Swampert
|-damage|p2a: Swampert|84/100 slp
|cant|p2a: Swampert|slp
|
|-weather|Hail|[upkeep]
|-damage|p2a: Swampert|78/100 slp|[from] Hail
|-heal|p2a: Swampert|84/100 slp|[from] item: Leftovers
|upkeep
|turn|27
|
|t:|1629981055
|move|p1a: Ninetales|Aurora Veil|p1a: Ninetales
|-sidestart|p1: TheonReekGreyjoy|move: Aurora Veil
|-curestatus|p2a: Swampert|slp|[msg]
|move|p2a: Swampert|Earthquake|p1a: Ninetales
|-damage|p1a: Ninetales|7/100
|
|-weather|Hail|[upkeep]
|-damage|p2a: Swampert|78/100|[from] Hail
|-heal|p2a: Swampert|84/100|[from] item: Leftovers
|upkeep
|turn|28
|j| cvkfx
|
|t:|1629981066
|move|p1a: Ninetales|Hypnosis|p2a: Swampert
|-status|p2a: Swampert|slp|[from] move: Hypnosis
|cant|p2a: Swampert|slp
|
|-weather|Hail|[upkeep]
|-damage|p2a: Swampert|78/100 slp|[from] Hail
|-heal|p2a: Swampert|84/100 slp|[from] item: Leftovers
|upkeep
|turn|29
|
|t:|1629981074
|move|p1a: Ninetales|Moonblast|p2a: Swampert
|-damage|p2a: Swampert|66/100 slp
|-curestatus|p2a: Swampert|slp|[msg]
|move|p2a: Swampert|Earthquake|p1a: Ninetales
|-damage|p1a: Ninetales|0 fnt
|faint|p1a: Ninetales
|
|-weather|none
|-heal|p2a: Swampert|72/100|[from] item: Leftovers
|upkeep
|
|t:|1629981083
|switch|p1a: Arctozolt|Arctozolt|93/100
|turn|30
|
|t:|1629981087
|move|p1a: Arctozolt|Blizzard|p2a: Swampert
|-damage|p2a: Swampert|49/100
|-status|p2a: Swampert|frz
|cant|p2a: Swampert|frz
|
|-heal|p2a: Swampert|55/100 frz|[from] item: Leftovers
|upkeep
|turn|31
|
|t:|1629981096
|move|p1a: Arctozolt|Low Kick|p2a: Swampert
|-damage|p2a: Swampert|34/100 frz
|-curestatus|p2a: Swampert|frz|[msg]
|move|p2a: Swampert|Earthquake|p1a: Arctozolt
|-supereffective|p1a: Arctozolt
|-damage|p1a: Arctozolt|48/100
|
|-heal|p2a: Swampert|40/100|[from] item: Leftovers
|upkeep
|turn|32
|
|t:|1629981110
|move|p1a: Arctozolt|Blizzard|p2a: Swampert|[miss]
|-miss|p1a: Arctozolt|p2a: Swampert
|move|p2a: Swampert|Earthquake|p1a: Arctozolt
|-supereffective|p1a: Arctozolt
|-damage|p1a: Arctozolt|5/100
|
|-heal|p2a: Swampert|47/100|[from] item: Leftovers
|upkeep
|turn|33
|-message|TheonReekGreyjoy forfeited.
|
|win|jeanmilapipe
|raw|TheonReekGreyjoy's rating: 1932 &rarr; <strong>1908</strong><br />(-24 for losing)
|raw|jeanmilapipe's rating: 1867 &rarr; <strong>1891</strong><br />(+24 for winning)
|l|☆TheonReekGreyjoy
|l| Marquesa-10%
|l| her feels
|l| sendpais
