|j|☆JimikkiKammal
|j|☆Mutako Z
|t:|1655844444
|gametype|singles
|player|p1|JimikkiKammal|bellelba|1660
|player|p2|Mutako Z|cynthia-gen4|1693
|teamsize|p1|6
|teamsize|p2|6
|gen|8
|tier|[Gen 8] OU
|rated|
|rule|Sleep Clause Mod: Limit one foe put to sleep
|rule|Species Clause: Limit one of each Pokémon
|rule|OHKO Clause: OHKO moves are banned
|rule|Evasion Moves Clause: Evasion moves are banned
|rule|Endless Battle Clause: Forcing endless battles is banned
|rule|HP Percentage Mod: HP is shown in percentages
|rule|Dynamax Clause: You cannot dynamax
|clearpoke
|poke|p1|Regieleki|
|poke|p1|Tornadus-Therian, M|
|poke|p1|Latios, M|
|poke|p1|Landorus-Therian, M|
|poke|p1|Heatran, M|
|poke|p1|Urshifu-*, M|
|poke|p2|Hippowdon, M|
|poke|p2|Tyranitar, F|
|poke|p2|Excadrill, M|
|poke|p2|Dracozolt|
|poke|p2|Zapdos|
|poke|p2|Toxapex, F|
|teampreview
|
|t:|1655844452
|start
|switch|p1a: Tornadus|Tornadus-Therian, M|100/100
|switch|p2a: Zapdos|Zapdos|100/100
|turn|1
|
|t:|1655844457
|switch|p1a: Landorus|Landorus-Therian, M|100/100
|-ability|p1a: Landorus|Intimidate|boost
|-unboost|p2a: Zapdos|atk|1
|move|p2a: Zapdos|Hurricane|p1a: Landorus
|-damage|p1a: Landorus|51/100
|
|-heal|p1a: Landorus|57/100|[from] item: Leftovers
|upkeep
|turn|2
|
|t:|1655844465
|move|p2a: Zapdos|Hurricane|p1a: Landorus
|-damage|p1a: Landorus|9/100
|move|p1a: Landorus|Toxic|p2a: Zapdos|[miss]
|-miss|p1a: Landorus|p2a: Zapdos
|
|-heal|p1a: Landorus|15/100|[from] item: Leftovers
|upkeep
|turn|3
|
|t:|1655844472
|move|p2a: Zapdos|Volt Switch|p1a: Landorus
|-immune|p1a: Landorus
|move|p1a: Landorus|Knock Off|p2a: Zapdos
|-damage|p2a: Zapdos|71/100
|-enditem|p2a: Zapdos|Heavy-Duty Boots|[from] move: Knock Off|[of] p1a: Landorus
|
|-heal|p1a: Landorus|21/100|[from] item: Leftovers
|upkeep
|turn|4
|
|t:|1655844480
|move|p2a: Zapdos|Hurricane|p1a: Landorus
|-damage|p1a: Landorus|0 fnt
|faint|p1a: Landorus
|
|upkeep
|
|t:|1655844486
|switch|p1a: Latios|Latios, M|100/100
|turn|5
|
|t:|1655844504
|switch|p1a: Urshifu|Urshifu-Rapid-Strike, M|100/100
|switch|p2a: Tyranitar|Tyranitar, F|100/100
|-weather|Sandstorm|[from] ability: Sand Stream|[of] p2a: Tyranitar
|
|-weather|Sandstorm|[upkeep]
|-damage|p1a: Urshifu|94/100|[from] Sandstorm
|upkeep
|turn|6
|j| clflucker
|
|t:|1655844520
|switch|p1a: Heatran|Heatran, M|100/100
|-item|p1a: Heatran|Air Balloon
|switch|p2a: Toxapex|Toxapex, F|100/100
|
|-weather|Sandstorm|[upkeep]
|-damage|p2a: Toxapex|95/100|[from] Sandstorm
|upkeep
|turn|7
|
|t:|1655844531
|switch|p2a: Zapdos|Zapdos|71/100
|move|p1a: Heatran|Magma Storm|p2a: Zapdos
|-damage|p2a: Zapdos|40/100
|-activate|p2a: Zapdos|move: Magma Storm|[of] p1a: Heatran
|
|-weather|Sandstorm|[upkeep]
|-damage|p2a: Zapdos|34/100|[from] Sandstorm
|-damage|p2a: Zapdos|21/100|[from] move: Magma Storm|[partiallytrapped]
|upkeep
|turn|8
|
|t:|1655844538
|move|p2a: Zapdos|Volt Switch|p1a: Heatran
|-damage|p1a: Heatran|84/100
|-enditem|p1a: Heatran|Air Balloon
|
|t:|1655844544
|switch|p2a: Dracozolt|Dracozolt|100/100|[from]move: Volt Switch
|move|p1a: Heatran|Magma Storm|p2a: Dracozolt|[miss]
|-miss|p1a: Heatran|p2a: Dracozolt
|
|-weather|Sandstorm|[upkeep]
|upkeep
|turn|9
|j| Atom198
|
|t:|1655844554
|move|p2a: Dracozolt|Earthquake|p1a: Heatran
|-supereffective|p1a: Heatran
|-damage|p1a: Heatran|0 fnt
|faint|p1a: Heatran
|-damage|p2a: Dracozolt|91/100|[from] item: Life Orb
|
|-weather|none
|upkeep
|
|t:|1655844560
|switch|p1a: Latios|Latios, M|100/100
|turn|10
|
|t:|1655844575
|switch|p2a: Hippowdon|Hippowdon, M|100/100
|-weather|Sandstorm|[from] ability: Sand Stream|[of] p2a: Hippowdon
|move|p1a: Latios|Ice Beam|p2a: Hippowdon
|-supereffective|p2a: Hippowdon
|-damage|p2a: Hippowdon|19/100
|-damage|p1a: Latios|91/100|[from] item: Life Orb
|
|-weather|Sandstorm|[upkeep]
|-damage|p1a: Latios|85/100|[from] Sandstorm
|upkeep
|turn|11
|
|t:|1655844584
|move|p1a: Latios|Ice Beam|p2a: Hippowdon
|-supereffective|p2a: Hippowdon
|-damage|p2a: Hippowdon|0 fnt
|faint|p2a: Hippowdon
|-damage|p1a: Latios|75/100|[from] item: Life Orb
|
|-weather|Sandstorm|[upkeep]
|-damage|p1a: Latios|69/100|[from] Sandstorm
|upkeep
|
|t:|1655844596
|switch|p2a: Excadrill|Excadrill, M|100/100
|turn|12
|
|t:|1655844604
|move|p2a: Excadrill|Iron Head|p1a: Latios
|-damage|p1a: Latios|0 fnt
|faint|p1a: Latios
|-damage|p2a: Excadrill|91/100|[from] item: Life Orb
|
|-weather|Sandstorm|[upkeep]
|upkeep
|
|t:|1655844606
|switch|p1a: Tornadus|Tornadus-Therian, M|100/100
|turn|13
|
|t:|1655844611
|move|p2a: Excadrill|Rock Slide|p1a: Tornadus
|-supereffective|p1a: Tornadus
|-damage|p1a: Tornadus|0 fnt
|faint|p1a: Tornadus
|-damage|p2a: Excadrill|81/100|[from] item: Life Orb
|
|-weather|Sandstorm|[upkeep]
|upkeep
|
|t:|1655844618
|switch|p1a: Urshifu|Urshifu-Rapid-Strike, M|94/100
|turn|14
|
|t:|1655844621
|move|p2a: Excadrill|Earthquake|p1a: Urshifu
|-damage|p1a: Urshifu|23/100
|-damage|p2a: Excadrill|71/100|[from] item: Life Orb
|move|p1a: Urshifu|Surging Strikes|p2a: Excadrill
|-supereffective|p2a: Excadrill
|-crit|p2a: Excadrill
|-damage|p2a: Excadrill|0 fnt
|faint|p2a: Excadrill
|-hitcount|p2: Excadrill|1
|
|-weather|Sandstorm|[upkeep]
|-damage|p1a: Urshifu|17/100|[from] Sandstorm
|upkeep
|
|t:|1655844640
|switch|p2a: Dracozolt|Dracozolt|91/100
|turn|15
|
|t:|1655844643
|move|p2a: Dracozolt|Earthquake|p1a: Urshifu
|-damage|p1a: Urshifu|0 fnt
|faint|p1a: Urshifu
|-damage|p2a: Dracozolt|81/100|[from] item: Life Orb
|
|-weather|Sandstorm|[upkeep]
|upkeep
|
|t:|1655844644
|switch|p1a: Regieleki|Regieleki|100/100
|turn|16
|
|t:|1655844650
|move|p2a: Dracozolt|Earthquake|p1a: Regieleki
|-supereffective|p1a: Regieleki
|-damage|p1a: Regieleki|0 fnt
|faint|p1a: Regieleki
|-damage|p2a: Dracozolt|71/100|[from] item: Life Orb
|
|win|Mutako Z
|raw|JimikkiKammal's rating: 1660 &rarr; <strong>1642</strong><br />(-18 for losing)
|raw|Mutako Z's rating: 1693 &rarr; <strong>1711</strong><br />(+18 for winning)
|l|☆JimikkiKammal
||Ladder isn't responding, score probably updated but might not have (Request timeout).
|l| Atom198
