|j|☆IIIodyne
|j|‽Guest 5890168
|t:|1664865287
|gametype|singles
|player|p1|IIIodyne|2|1841
|player|p2|Guest 5890168|170|1773
|teamsize|p1|6
|teamsize|p2|6
|gen|8
|tier|[Gen 8] OU
|rated|
|rule|Sleep Clause Mod: Limit one foe put to sleep
|rule|Species Clause: Limit one of each Pokémon
|rule|OHKO Clause: OHKO moves are banned
|rule|Evasion Items Clause: Evasion items are banned
|rule|Evasion Moves Clause: Evasion moves are banned
|rule|Endless Battle Clause: Forcing endless battles is banned
|rule|HP Percentage Mod: HP is shown in percentages
|rule|Dynamax Clause: You cannot dynamax
|clearpoke
|poke|p1|Snorlax, M|
|poke|p1|Suicune|
|poke|p1|Melmetal|
|poke|p1|Victini|
|poke|p1|Landorus-Therian, M|
|poke|p1|Zapdos|
|poke|p2|Rotom-Wash|
|poke|p2|Weavile, F|
|poke|p2|Landorus-Therian, M|
|poke|p2|Heatran, M|
|poke|p2|Tangrowth, F|
|poke|p2|Melmetal|
|teampreview
|inactive|Battle timer is ON: inactive players will automatically lose when time's up. (requested by Guest 5890168)
|
|t:|1664865299
|start
|switch|p1a: Suicune|Suicune|100/100
|switch|p2a: Landorus|Landorus-Therian, M|100/100
|-ability|p2a: Landorus|Intimidate|boost
|-unboost|p1a: Suicune|atk|1
|-ability|p1a: Suicune|Pressure
|turn|1
|
|t:|1664865302
|switch|p2a: Rotom|Rotom-Wash|100/100
|move|p1a: Suicune|Ice Beam|p2a: Rotom
|-resisted|p2a: Rotom
|-damage|p2a: Rotom|90/100
|
|-heal|p2a: Rotom|97/100|[from] item: Leftovers
|upkeep
|turn|2
|
|t:|1664865306
|switch|p1a: Landorus|Landorus-Therian, M|100/100
|-ability|p1a: Landorus|Intimidate|boost
|-unboost|p2a: Rotom|atk|1
|move|p2a: Rotom|Nasty Plot|p2a: Rotom
|-boost|p2a: Rotom|spa|2
|
|-heal|p2a: Rotom|100/100|[from] item: Leftovers
|upkeep
|turn|3
|
|t:|1664865310
|move|p1a: Landorus|U-turn|p2a: Rotom
|-damage|p2a: Rotom|73/100
|
|t:|1664865313
|switch|p1a: Snorlax|Snorlax, M|100/100|[from]move: U-turn
|move|p2a: Rotom|Hydro Pump|p1a: Snorlax
|-damage|p1a: Snorlax|64/100
|
|-heal|p2a: Rotom|79/100|[from] item: Leftovers
|-heal|p1a: Snorlax|70/100|[from] item: Leftovers
|upkeep
|turn|4
|
|t:|1664865318
|move|p2a: Rotom|Nasty Plot|p2a: Rotom
|-boost|p2a: Rotom|spa|2
|move|p1a: Snorlax|Body Slam|p2a: Rotom
|-damage|p2a: Rotom|45/100
|
|-heal|p2a: Rotom|51/100|[from] item: Leftovers
|-heal|p1a: Snorlax|76/100|[from] item: Leftovers
|upkeep
|turn|5
|
|t:|1664865320
|move|p2a: Rotom|Pain Split|p1a: Snorlax
|-sethp|p1a: Snorlax|53/100|[from] move: Pain Split|[silent]
|-sethp|p2a: Rotom|91/100|[from] move: Pain Split
|move|p1a: Snorlax|Body Slam|p2a: Rotom
|-crit|p2a: Rotom
|-damage|p2a: Rotom|45/100
|
|-heal|p2a: Rotom|51/100|[from] item: Leftovers
|-heal|p1a: Snorlax|59/100|[from] item: Leftovers
|upkeep
|turn|6
|
|t:|1664865322
|move|p2a: Rotom|Hydro Pump|p1a: Snorlax
|-damage|p1a: Snorlax|5/100
|move|p1a: Snorlax|Body Slam|p2a: Rotom
|-damage|p2a: Rotom|17/100
|
|-heal|p2a: Rotom|24/100|[from] item: Leftovers
|-heal|p1a: Snorlax|11/100|[from] item: Leftovers
|upkeep
|turn|7
|
|t:|1664865324
|move|p2a: Rotom|Hydro Pump|p1a: Snorlax
|-damage|p1a: Snorlax|0 fnt
|faint|p1a: Snorlax
|
|-heal|p2a: Rotom|30/100|[from] item: Leftovers
|upkeep
|
|t:|1664865326
|switch|p1a: Landorus|Landorus-Therian, M|100/100
|-ability|p1a: Landorus|Intimidate|boost
|-unboost|p2a: Rotom|atk|1
|turn|8
|
|t:|1664865327
|move|p1a: Landorus|Knock Off|p2a: Rotom
|-damage|p2a: Rotom|0 fnt
|-enditem|p2a: Rotom|Leftovers|[from] move: Knock Off|[of] p1a: Landorus
|faint|p2a: Rotom
|
|upkeep
|
|t:|1664865327
|switch|p2a: Melmetal|Melmetal|100/100
|turn|9
|
|t:|1664865331
|switch|p1a: Suicune|Suicune|100/100
|-ability|p1a: Suicune|Pressure
|move|p2a: Melmetal|Ice Punch|p1a: Suicune
|-resisted|p1a: Suicune
|-damage|p1a: Suicune|91/100
|
|-heal|p1a: Suicune|97/100|[from] item: Leftovers
|upkeep
|turn|10
|
|t:|1664865339
|move|p1a: Suicune|Scald|p2a: Melmetal
|-damage|p2a: Melmetal|87/100
|move|p2a: Melmetal|Double Iron Bash|p1a: Suicune
|-resisted|p1a: Suicune
|-damage|p1a: Suicune|87/100
|-resisted|p1a: Suicune
|-damage|p1a: Suicune|75/100
|-hitcount|p1a: Suicune|2
|
|-heal|p1a: Suicune|82/100|[from] item: Leftovers
|upkeep
|turn|11
|
|t:|1664865343
|move|p1a: Suicune|Scald|p2a: Melmetal
|-damage|p2a: Melmetal|74/100
|move|p2a: Melmetal|Thunder Punch|p1a: Suicune
|-supereffective|p1a: Suicune
|-damage|p1a: Suicune|46/100
|
|-heal|p1a: Suicune|52/100|[from] item: Leftovers
|upkeep
|turn|12
|
|t:|1664865347
|move|p1a: Suicune|Scald|p2a: Melmetal
|-damage|p2a: Melmetal|61/100
|move|p2a: Melmetal|Thunder Punch|p1a: Suicune
|-supereffective|p1a: Suicune
|-damage|p1a: Suicune|16/100
|
|-heal|p1a: Suicune|22/100|[from] item: Leftovers
|upkeep
|turn|13
|j| Kyurem
|
|t:|1664865352
|move|p1a: Suicune|Rest|p1a: Suicune
|-status|p1a: Suicune|slp|[from] move: Rest
|-heal|p1a: Suicune|100/100 slp|[silent]
|move|p2a: Melmetal|Double Iron Bash|p1a: Suicune
|-resisted|p1a: Suicune
|-damage|p1a: Suicune|88/100 slp
|-resisted|p1a: Suicune
|-crit|p1a: Suicune
|-damage|p1a: Suicune|71/100 slp
|-hitcount|p1a: Suicune|2
|
|-heal|p1a: Suicune|77/100 slp|[from] item: Leftovers
|upkeep
|turn|14
|
|t:|1664865360
|cant|p1a: Suicune|slp
|move|p2a: Melmetal|Thunder Punch|p1a: Suicune
|-supereffective|p1a: Suicune
|-damage|p1a: Suicune|37/100 slp
|
|-heal|p1a: Suicune|44/100 slp|[from] item: Leftovers
|upkeep
|turn|15
|
|t:|1664865364
|cant|p1a: Suicune|slp
|move|p2a: Melmetal|Thunder Punch|p1a: Suicune
|-supereffective|p1a: Suicune
|-damage|p1a: Suicune|7/100 slp
|
|-heal|p1a: Suicune|13/100 slp|[from] item: Leftovers
|upkeep
|turn|16
|
|t:|1664865366
|-curestatus|p1a: Suicune|slp|[msg]
|move|p1a: Suicune|Rest|p1a: Suicune
|-status|p1a: Suicune|slp|[from] move: Rest
|-heal|p1a: Suicune|100/100 slp|[silent]
|move|p2a: Melmetal|Double Iron Bash|p1a: Suicune
|-resisted|p1a: Suicune
|-damage|p1a: Suicune|89/100 slp
|-resisted|p1a: Suicune
|-damage|p1a: Suicune|78/100 slp
|-hitcount|p1a: Suicune|2
|
|-heal|p1a: Suicune|84/100 slp|[from] item: Leftovers
|upkeep
|turn|17
|
|t:|1664865367
|cant|p1a: Suicune|slp
|move|p2a: Melmetal|Thunder Punch|p1a: Suicune
|-supereffective|p1a: Suicune
|-damage|p1a: Suicune|45/100 slp
|
|-heal|p1a: Suicune|52/100 slp|[from] item: Leftovers
|upkeep
|turn|18
|
|t:|1664865371
|cant|p1a: Suicune|slp
|move|p2a: Melmetal|Thunder Punch|p1a: Suicune
|-supereffective|p1a: Suicune
|-damage|p1a: Suicune|17/100 slp
|
|-heal|p1a: Suicune|23/100 slp|[from] item: Leftovers
|upkeep
|turn|19
|
|t:|1664865374
|-curestatus|p1a: Suicune|slp|[msg]
|move|p1a: Suicune|Rest|p1a: Suicune
|-status|p1a: Suicune|slp|[from] move: Rest
|-heal|p1a: Suicune|100/100 slp|[silent]
|move|p2a: Melmetal|Ice Punch|p1a: Suicune
|-resisted|p1a: Suicune
|-damage|p1a: Suicune|91/100 slp
|
|-heal|p1a: Suicune|98/100 slp|[from] item: Leftovers
|upkeep
|turn|20
|
|t:|1664865380
|cant|p1a: Suicune|slp
|move|p2a: Melmetal|Thunder Punch|p1a: Suicune
|-supereffective|p1a: Suicune
|-damage|p1a: Suicune|57/100 slp
|
|-heal|p1a: Suicune|63/100 slp|[from] item: Leftovers
|upkeep
|turn|21
|
|t:|1664865384
|cant|p1a: Suicune|slp
|move|p2a: Melmetal|Thunder Punch|p1a: Suicune
|-supereffective|p1a: Suicune
|-damage|p1a: Suicune|27/100 slp
|
|-heal|p1a: Suicune|33/100 slp|[from] item: Leftovers
|upkeep
|turn|22
|
|t:|1664865388
|-curestatus|p1a: Suicune|slp|[msg]
|move|p1a: Suicune|Rest|p1a: Suicune
|-status|p1a: Suicune|slp|[from] move: Rest
|-heal|p1a: Suicune|100/100 slp|[silent]
|move|p2a: Melmetal|Double Iron Bash|p1a: Suicune
|-resisted|p1a: Suicune
|-damage|p1a: Suicune|90/100 slp
|-resisted|p1a: Suicune
|-damage|p1a: Suicune|79/100 slp
|-hitcount|p1a: Suicune|2
|
|-heal|p1a: Suicune|85/100 slp|[from] item: Leftovers
|upkeep
|turn|23
|
|t:|1664865393
|cant|p1a: Suicune|slp
|move|p2a: Melmetal|Thunder Punch|p1a: Suicune
|-supereffective|p1a: Suicune
|-damage|p1a: Suicune|44/100 slp
|
|-heal|p1a: Suicune|50/100 slp|[from] item: Leftovers
|upkeep
|turn|24
|
|t:|1664865397
|cant|p1a: Suicune|slp
|move|p2a: Melmetal|Thunder Punch|p1a: Suicune
|-supereffective|p1a: Suicune
|-damage|p1a: Suicune|14/100 slp
|
|-heal|p1a: Suicune|20/100 slp|[from] item: Leftovers
|upkeep
|turn|25
|
|t:|1664865400
|-curestatus|p1a: Suicune|slp|[msg]
|move|p1a: Suicune|Rest|p1a: Suicune
|-status|p1a: Suicune|slp|[from] move: Rest
|-heal|p1a: Suicune|100/100 slp|[silent]
|move|p2a: Melmetal|Thunder Punch|p1a: Suicune
|-supereffective|p1a: Suicune
|-damage|p1a: Suicune|60/100 slp
|
|-heal|p1a: Suicune|66/100 slp|[from] item: Leftovers
|upkeep
|turn|26
|
|t:|1664865404
|cant|p1a: Suicune|slp
|move|p2a: Melmetal|Thunder Punch|p1a: Suicune
|-supereffective|p1a: Suicune
|-damage|p1a: Suicune|27/100 slp
|
|-heal|p1a: Suicune|34/100 slp|[from] item: Leftovers
|upkeep
|turn|27
|
|t:|1664865409
|cant|p1a: Suicune|slp
|move|p2a: Melmetal|Earthquake|p1a: Suicune
|-damage|p1a: Suicune|14/100 slp
|
|-heal|p1a: Suicune|20/100 slp|[from] item: Leftovers
|upkeep
|turn|28
|
|t:|1664865413
|-curestatus|p1a: Suicune|slp|[msg]
|move|p1a: Suicune|Rest|p1a: Suicune
|-status|p1a: Suicune|slp|[from] move: Rest
|-heal|p1a: Suicune|100/100 slp|[silent]
|move|p2a: Melmetal|Earthquake|p1a: Suicune
|-damage|p1a: Suicune|81/100 slp
|
|-heal|p1a: Suicune|87/100 slp|[from] item: Leftovers
|upkeep
|turn|29
|
|t:|1664865421
|cant|p1a: Suicune|slp
|move|p2a: Melmetal|Earthquake|p1a: Suicune
|-crit|p1a: Suicune
|-damage|p1a: Suicune|56/100 slp
|
|-heal|p1a: Suicune|63/100 slp|[from] item: Leftovers
|upkeep
|turn|30
|
|t:|1664865423
|cant|p1a: Suicune|slp
|move|p2a: Melmetal|Earthquake|p1a: Suicune
|-damage|p1a: Suicune|41/100 slp
|
|-heal|p1a: Suicune|47/100 slp|[from] item: Leftovers
|upkeep
|turn|31
|
|t:|1664865425
|-curestatus|p1a: Suicune|slp|[msg]
|move|p1a: Suicune|Calm Mind|p1a: Suicune
|-boost|p1a: Suicune|spa|1
|-boost|p1a: Suicune|spd|1
|move|p2a: Melmetal|Earthquake|p1a: Suicune
|-damage|p1a: Suicune|27/100
|
|-heal|p1a: Suicune|34/100|[from] item: Leftovers
|upkeep
|turn|32
|
|t:|1664865427
|switch|p2a: Weavile|Weavile, F|100/100
|-ability|p2a: Weavile|Pressure
|move|p1a: Suicune|Rest|p1a: Suicune
|-status|p1a: Suicune|slp|[from] move: Rest
|-heal|p1a: Suicune|100/100 slp|[silent]
|
|upkeep
|turn|33
|
|t:|1664865430
|move|p2a: Weavile|Knock Off|p1a: Suicune
|-damage|p1a: Suicune|58/100 slp
|-enditem|p1a: Suicune|Leftovers|[from] move: Knock Off|[of] p2a: Weavile
|cant|p1a: Suicune|slp
|
|upkeep
|turn|34
|
|t:|1664865432
|switch|p2a: Melmetal|Melmetal|61/100
|cant|p1a: Suicune|slp
|
|upkeep
|turn|35
|
|t:|1664865434
|-curestatus|p1a: Suicune|slp|[msg]
|move|p1a: Suicune|Scald|p2a: Melmetal
|-damage|p2a: Melmetal|41/100
|move|p2a: Melmetal|Earthquake|p1a: Suicune
|-damage|p1a: Suicune|35/100
|
|upkeep
|turn|36
|
|t:|1664865440
|move|p1a: Suicune|Scald|p2a: Melmetal
|-damage|p2a: Melmetal|21/100
|move|p2a: Melmetal|Earthquake|p1a: Suicune
|-damage|p1a: Suicune|14/100
|
|upkeep
|turn|37
|
|t:|1664865445
|switch|p2a: Landorus|Landorus-Therian, M|100/100
|-ability|p2a: Landorus|Intimidate|boost
|-unboost|p1a: Suicune|atk|1
|move|p1a: Suicune|Rest|p1a: Suicune
|-status|p1a: Suicune|slp|[from] move: Rest
|-heal|p1a: Suicune|100/100 slp|[silent]
|
|upkeep
|turn|38
|
|t:|1664865447
|move|p2a: Landorus|Earthquake|p1a: Suicune
|-damage|p1a: Suicune|74/100 slp
|cant|p1a: Suicune|slp
|
|upkeep
|turn|39
|
|t:|1664865449
|move|p2a: Landorus|Earthquake|p1a: Suicune
|-damage|p1a: Suicune|49/100 slp
|cant|p1a: Suicune|slp
|
|upkeep
|turn|40
|
|t:|1664865451
|move|p2a: Landorus|Earthquake|p1a: Suicune
|-crit|p1a: Suicune
|-damage|p1a: Suicune|11/100 slp
|-curestatus|p1a: Suicune|slp|[msg]
|move|p1a: Suicune|Ice Beam|p2a: Landorus
|-supereffective|p2a: Landorus
|-damage|p2a: Landorus|22/100
|
|-heal|p2a: Landorus|28/100|[from] item: Leftovers
|upkeep
|turn|41
|
|t:|1664865455
|switch|p1a: Landorus|Landorus-Therian, M|100/100
|-ability|p1a: Landorus|Intimidate|boost
|-unboost|p2a: Landorus|atk|1
|move|p2a: Landorus|U-turn|p1a: Landorus
|-resisted|p1a: Landorus
|-damage|p1a: Landorus|92/100
|
|t:|1664865455
|switch|p2a: Weavile|Weavile, F|100/100|[from]move: U-turn
|-ability|p2a: Weavile|Pressure
|
|upkeep
|turn|42
|
|t:|1664865468
|switch|p1a: Melmetal|Melmetal|100/100
|move|p2a: Weavile|Triple Axel|p1a: Melmetal
|-resisted|p1a: Melmetal
|-damage|p1a: Melmetal|95/100
|-resisted|p1a: Melmetal
|-damage|p1a: Melmetal|87/100
|-resisted|p1a: Melmetal
|-damage|p1a: Melmetal|73/100
|-hitcount|p1a: Melmetal|3
|
|upkeep
|turn|43
|
|t:|1664865487
|switch|p2a: Tangrowth|Tangrowth, F|100/100
|move|p1a: Melmetal|Ice Punch|p2a: Tangrowth
|-supereffective|p2a: Tangrowth
|-damage|p2a: Tangrowth|64/100
|-damage|p1a: Melmetal|56/100|[from] item: Rocky Helmet|[of] p2a: Tangrowth
|
|upkeep
|turn|44
|
|t:|1664865501
|switch|p1a: Zapdos|Zapdos|100/100
|switch|p2a: Heatran|Heatran, M|100/100
|-item|p2a: Heatran|Air Balloon
|
|upkeep
|turn|45
|
|t:|1664865505
|move|p2a: Heatran|Eruption|p1a: Zapdos
|-damage|p1a: Zapdos|19/100
|move|p1a: Zapdos|Volt Switch|p2a: Heatran
|-damage|p2a: Heatran|63/100
|-enditem|p2a: Heatran|Air Balloon
|j| gold bottle
|inactive|IIIodyne has 120 seconds left.
|j| CCCCold
|inactive|IIIodyne has 90 seconds left.
|
|t:|1664865566
|switch|p1a: Landorus|Landorus-Therian, M|92/100|[from]move: Volt Switch
|-ability|p1a: Landorus|Intimidate|boost
|-unboost|p2a: Heatran|atk|1
|
|upkeep
|turn|46
|inactive|IIIodyne has 90 seconds left.
|
|t:|1664865578
|switch|p2a: Landorus|Landorus-Therian, M|28/100
|-ability|p2a: Landorus|Intimidate|boost
|-unboost|p1a: Landorus|atk|1
|move|p1a: Landorus|Knock Off|p2a: Landorus
|-damage|p2a: Landorus|5/100
|-enditem|p2a: Landorus|Leftovers|[from] move: Knock Off|[of] p1a: Landorus
|
|upkeep
|turn|47
|
|t:|1664865580
|switch|p2a: Tangrowth|Tangrowth, F|97/100
|move|p1a: Landorus|Knock Off|p2a: Tangrowth
|-damage|p2a: Tangrowth|84/100
|-damage|p1a: Landorus|75/100|[from] item: Rocky Helmet|[of] p2a: Tangrowth
|-enditem|p2a: Tangrowth|Rocky Helmet|[from] move: Knock Off|[of] p1a: Landorus
|
|upkeep
|turn|48
|
|t:|1664865584
|switch|p1a: Zapdos|Zapdos|19/100
|move|p2a: Tangrowth|Giga Drain|p1a: Zapdos
|-resisted|p1a: Zapdos
|-damage|p1a: Zapdos|4/100
|-heal|p2a: Tangrowth|90/100|[from] drain|[of] p1a: Zapdos
|
|upkeep
|turn|49
|
|t:|1664865591
|switch|p2a: Weavile|Weavile, F|100/100
|-ability|p2a: Weavile|Pressure
|move|p1a: Zapdos|Hurricane|p2a: Weavile
|-damage|p2a: Weavile|24/100
|
|upkeep
|turn|50
|
|t:|1664865593
|move|p2a: Weavile|Knock Off|p1a: Zapdos
|-damage|p1a: Zapdos|0 fnt
|-status|p2a: Weavile|par|[from] ability: Static|[of] p1a: Zapdos
|-enditem|p1a: Zapdos|Heavy-Duty Boots|[from] move: Knock Off|[of] p2a: Weavile
|faint|p1a: Zapdos
|
|upkeep
|inactive|IIIodyne has 120 seconds left.
|
|t:|1664865607
|switch|p1a: Suicune|Suicune|11/100
|-ability|p1a: Suicune|Pressure
|turn|51
|
|t:|1664865608
|switch|p2a: Landorus|Landorus-Therian, M|5/100
|-ability|p2a: Landorus|Intimidate|boost
|-unboost|p1a: Suicune|atk|1
|move|p1a: Suicune|Rest|p1a: Suicune
|-status|p1a: Suicune|slp|[from] move: Rest
|-heal|p1a: Suicune|100/100 slp|[silent]
|
|upkeep
|turn|52
|
|t:|1664865611
|switch|p1a: Landorus|Landorus-Therian, M|75/100
|-ability|p1a: Landorus|Intimidate|boost
|-unboost|p2a: Landorus|atk|1
|move|p2a: Landorus|U-turn|p1a: Landorus
|-resisted|p1a: Landorus
|-damage|p1a: Landorus|67/100
|
|t:|1664865612
|switch|p2a: Weavile|Weavile, F|24/100 par|[from]move: U-turn
|-ability|p2a: Weavile|Pressure
|
|upkeep
|turn|53
|
|t:|1664865619
|switch|p1a: Suicune|Suicune|100/100 slp
|-ability|p1a: Suicune|Pressure
|move|p2a: Weavile|Ice Shard|p1a: Suicune
|-resisted|p1a: Suicune
|-damage|p1a: Suicune|93/100 slp
|
|upkeep
|turn|54
|
|t:|1664865624
|switch|p2a: Tangrowth|Tangrowth, F|100/100
|cant|p1a: Suicune|slp
|
|upkeep
|turn|55
|
|t:|1664865629
|switch|p1a: Melmetal|Melmetal|56/100
|move|p2a: Tangrowth|Giga Drain|p1a: Melmetal
|-resisted|p1a: Melmetal
|-damage|p1a: Melmetal|47/100
|
|upkeep
|turn|56
|
|t:|1664865633
|move|p1a: Melmetal|Double Iron Bash|p2a: Tangrowth
|-damage|p2a: Tangrowth|76/100
|-damage|p2a: Tangrowth|54/100
|-hitcount|p2a: Tangrowth|2
|move|p2a: Tangrowth|Knock Off|p1a: Melmetal
|-damage|p1a: Melmetal|33/100
|-enditem|p1a: Melmetal|Assault Vest|[from] move: Knock Off|[of] p2a: Tangrowth
|
|upkeep
|turn|57
|
|t:|1664865638
|switch|p2a: Landorus|Landorus-Therian, M|5/100
|-ability|p2a: Landorus|Intimidate|boost
|-unboost|p1a: Melmetal|atk|1
|move|p1a: Melmetal|Double Iron Bash|p2a: Landorus
|-damage|p2a: Landorus|0 fnt
|faint|p2a: Landorus
|-hitcount|p2: Landorus|1
|
|upkeep
|
|t:|1664865638
|switch|p2a: Heatran|Heatran, M|63/100
|turn|58
|
|t:|1664865646
|switch|p1a: Victini|Victini|100/100
|move|p2a: Heatran|Magma Storm|p1a: Victini|[miss]
|-miss|p2a: Heatran|p1a: Victini
|
|upkeep
|turn|59
|
|t:|1664865649
|move|p1a: Victini|Bolt Strike|p2a: Heatran
|-damage|p2a: Heatran|10/100
|move|p2a: Heatran|Earth Power|p1a: Victini
|-supereffective|p1a: Victini
|-damage|p1a: Victini|32/100
|
|upkeep
|turn|60
|
|t:|1664865655
|move|p1a: Victini|Bolt Strike|p2a: Heatran
|-damage|p2a: Heatran|0 fnt
|faint|p2a: Heatran
|
|upkeep
|
|t:|1664865655
|switch|p2a: Tangrowth|Tangrowth, F|87/100
|turn|61
|
|t:|1664865663
|switch|p1a: Melmetal|Melmetal|33/100
|move|p2a: Tangrowth|Knock Off|p1a: Melmetal
|-damage|p1a: Melmetal|24/100
|
|upkeep
|turn|62
|
|t:|1664865667
|move|p1a: Melmetal|Double Iron Bash|p2a: Tangrowth
|-damage|p2a: Tangrowth|66/100
|-damage|p2a: Tangrowth|44/100
|-hitcount|p2a: Tangrowth|2
|cant|p2a: Tangrowth|flinch
|
|upkeep
|turn|63
|
|t:|1664865671
|switch|p2a: Weavile|Weavile, F|24/100 par
|-ability|p2a: Weavile|Pressure
|move|p1a: Melmetal|Double Iron Bash|p2a: Weavile
|-supereffective|p2a: Weavile
|-damage|p2a: Weavile|0 fnt
|faint|p2a: Weavile
|-hitcount|p2: Weavile|1
|
|upkeep
|
|t:|1664865671
|switch|p2a: Tangrowth|Tangrowth, F|77/100
|turn|64
|
|t:|1664865673
|move|p1a: Melmetal|Double Iron Bash|p2a: Tangrowth
|-damage|p2a: Tangrowth|54/100
|-damage|p2a: Tangrowth|32/100
|-hitcount|p2a: Tangrowth|2
|move|p2a: Tangrowth|Focus Blast|p1a: Melmetal
|-supereffective|p1a: Melmetal
|-damage|p1a: Melmetal|0 fnt
|faint|p1a: Melmetal
|
|upkeep
|
|t:|1664865680
|switch|p1a: Landorus|Landorus-Therian, M|67/100
|-ability|p1a: Landorus|Intimidate|boost
|-unboost|p2a: Tangrowth|atk|1
|turn|65
|
|t:|1664865682
|move|p1a: Landorus|U-turn|p2a: Tangrowth
|-supereffective|p2a: Tangrowth
|-damage|p2a: Tangrowth|3/100
|
|t:|1664865687
|switch|p1a: Suicune|Suicune|93/100 slp|[from]move: U-turn
|-ability|p1a: Suicune|Pressure
|move|p2a: Tangrowth|Knock Off|p1a: Suicune
|-damage|p1a: Suicune|88/100 slp
|
|upkeep
|turn|66
|
|t:|1664865694
|switch|p1a: Landorus|Landorus-Therian, M|67/100
|-ability|p1a: Landorus|Intimidate|boost
|-unboost|p2a: Tangrowth|atk|1
|move|p2a: Tangrowth|Giga Drain|p1a: Landorus
|-damage|p1a: Landorus|32/100
|-heal|p2a: Tangrowth|17/100|[from] drain|[of] p1a: Landorus
|
|upkeep
|turn|67
|
|t:|1664865699
|switch|p2a: Melmetal|Melmetal|21/100
|move|p1a: Landorus|U-turn|p2a: Melmetal
|-resisted|p2a: Melmetal
|-crit|p2a: Melmetal
|-damage|p2a: Melmetal|10/100
|
|t:|1664865703
|switch|p1a: Victini|Victini|32/100|[from]move: U-turn
|
|upkeep
|turn|68
|
|t:|1664865707
|move|p1a: Victini|V-create|p2a: Melmetal
|-supereffective|p2a: Melmetal
|-damage|p2a: Melmetal|0 fnt
|-unboost|p1a: Victini|spe|1
|-unboost|p1a: Victini|def|1
|-unboost|p1a: Victini|spd|1
|faint|p2a: Melmetal
|
|upkeep
|
|t:|1664865707
|switch|p2a: Tangrowth|Tangrowth, F|50/100
|turn|69
|
|t:|1664865708
|move|p1a: Victini|V-create|p2a: Tangrowth
|-supereffective|p2a: Tangrowth
|-damage|p2a: Tangrowth|0 fnt
|-unboost|p1a: Victini|spe|1
|-unboost|p1a: Victini|def|1
|-unboost|p1a: Victini|spd|1
|faint|p2a: Tangrowth
|
|win|IIIodyne
|raw|IIIodyne's rating: 1841 &rarr; <strong>1857</strong><br />(+16 for winning)
|raw|Guest 5890168's rating: 1773 &rarr; <strong>1757</strong><br />(-16 for losing)
|l|‽Guest 5890168
|c|☆IIIodyne|gg
|l| CCCCold
|l| Kyurem
