|j|☆lowtiergod007
|j|☆DJ CRIB DEF
|t:|1647033964
|gametype|singles
|player|p1|lowtiergod007|blackbelt|1665
|player|p2|DJ CRIB DEF|cynthia|1778
|teamsize|p1|6
|teamsize|p2|6
|gen|8
|tier|[Gen 8] OU
|rated|
|rule|Sleep Clause Mod: Limit one foe put to sleep
|rule|Species Clause: Limit one of each Pokémon
|rule|OHKO Clause: OHKO moves are banned
|rule|Evasion Moves Clause: Evasion moves are banned
|rule|Endless Battle Clause: Forcing endless battles is banned
|rule|HP Percentage Mod: HP is shown in percentages
|rule|Dynamax Clause: You cannot dynamax
|clearpoke
|poke|p1|Skarmory, M|
|poke|p1|Espeon, F|
|poke|p1|Politoed, M|
|poke|p1|Ninetales-Alola, F|
|poke|p1|Seismitoad, M|
|poke|p1|Scizor, M|
|poke|p2|Nihilego|
|poke|p2|Necrozma|
|poke|p2|Celesteela|
|poke|p2|Landorus-Therian, M|
|poke|p2|Kartana|
|poke|p2|Zapdos-Galar|
|teampreview
|inactive|Battle timer is ON: inactive players will automatically lose when time's up. (requested by DJ CRIB DEF)
|inactive|lowtiergod007 also wants the timer to be on.
|j| Xthapu
|inactive|lowtiergod007 has 120 seconds left.
|
|t:|1647033998
|start
|switch|p1a: Espionage|Espeon, F|100/100
|switch|p2a: Necrozma|Necrozma|100/100
|turn|1
|l| Xthapu
|
|t:|1647034007
|move|p1a: Espionage|Trick|p2a: Necrozma
|-activate|p1a: Espionage|move: Trick|[of] p2a: Necrozma
|-item|p2a: Necrozma|Choice Scarf|[from] move: Trick
|-item|p1a: Espionage|Power Herb|[from] move: Trick
|move|p2a: Necrozma|Autotomize|p2a: Necrozma
|-boost|p2a: Necrozma|spe|2
|-start|p2a: Necrozma|Autotomize
|
|upkeep
|turn|2
|
|t:|1647034029
|switch|p2a: Celesteela|Celesteela|100/100
|switch|p1a: Make it rain|Politoed, M|100/100
|-weather|RainDance|[from] ability: Drizzle|[of] p1a: Make it rain
|
|-weather|RainDance|[upkeep]
|upkeep
|turn|3
|
|t:|1647034037
|move|p2a: Celesteela|Autotomize|p2a: Celesteela
|-boost|p2a: Celesteela|spe|2
|-start|p2a: Celesteela|Autotomize
|move|p1a: Make it rain|Whirlpool|p2a: Celesteela
|-damage|p2a: Celesteela|80/100
|-activate|p2a: Celesteela|move: Whirlpool|[of] p1a: Make it rain
|
|-weather|RainDance|[upkeep]
|-damage|p2a: Celesteela|67/100|[from] move: Whirlpool|[partiallytrapped]
|upkeep
|turn|4
|j| jfredsq
|
|t:|1647034049
|move|p2a: Celesteela|Meteor Beam||[still]
|-prepare|p2a: Celesteela|Meteor Beam
|-boost|p2a: Celesteela|spa|1
|-enditem|p2a: Celesteela|Power Herb
|-anim|p2a: Celesteela|Meteor Beam|p1a: Make it rain
|-damage|p1a: Make it rain|53/100
|move|p1a: Make it rain|Encore|p2a: Celesteela
|-start|p2a: Celesteela|Encore
|
|-weather|RainDance|[upkeep]
|-damage|p2a: Celesteela|55/100|[from] move: Whirlpool|[partiallytrapped]
|upkeep
|turn|5
|
|t:|1647034062
|move|p2a: Celesteela|Meteor Beam||[still]
|-prepare|p2a: Celesteela|Meteor Beam
|-boost|p2a: Celesteela|spa|1
|move|p1a: Make it rain|Scald|p2a: Celesteela
|-damage|p2a: Celesteela|8/100
|
|-weather|RainDance|[upkeep]
|-damage|p2a: Celesteela|0 fnt|[from] move: Whirlpool|[partiallytrapped]
|faint|p2a: Celesteela
|upkeep
|
|t:|1647034066
|switch|p2a: Zapdos|Zapdos-Galar|100/100
|turn|6
|
|t:|1647034080
|switch|p1a: Skarface|Skarmory, M|100/100
|move|p2a: Zapdos|Close Combat|p1a: Skarface
|-damage|p1a: Skarface|33/100
|-unboost|p2a: Zapdos|def|1
|-unboost|p2a: Zapdos|spd|1
|-damage|p2a: Zapdos|84/100|[from] item: Rocky Helmet|[of] p1a: Skarface
|
|-weather|RainDance|[upkeep]
|upkeep
|turn|7
|j| Xthapu
|inactive|lowtiergod007 has 120 seconds left.
|
|t:|1647034128
|move|p2a: Zapdos|Close Combat|p1a: Skarface
|-damage|p1a: Skarface|0 fnt
|-unboost|p2a: Zapdos|def|1
|-unboost|p2a: Zapdos|spd|1
|-damage|p2a: Zapdos|67/100|[from] item: Rocky Helmet|[of] p1a: Skarface
|faint|p1a: Skarface
|
|-weather|RainDance|[upkeep]
|upkeep
|inactive|lowtiergod007 has 90 seconds left.
|
|t:|1647034149
|switch|p1a: Sage mode|Seismitoad, M|100/100
|turn|8
|
|t:|1647034156
|move|p1a: Sage mode|Scald|p2a: Zapdos
|-damage|p2a: Zapdos|0 fnt
|faint|p2a: Zapdos
|
|-weather|RainDance|[upkeep]
|upkeep
|
|t:|1647034158
|switch|p2a: Landorus|Landorus-Therian, M|100/100
|-ability|p2a: Landorus|Intimidate|boost
|-unboost|p1a: Sage mode|atk|1
|turn|9
|inactive|lowtiergod007 has 90 seconds left.
|
|t:|1647034190
|switch|p1a: Snow white|Ninetales-Alola, F|100/100
|-weather|Hail|[from] ability: Snow Warning|[of] p1a: Snow white
|move|p2a: Landorus|Explosion|p1a: Snow white
|-damage|p1a: Snow white|0 fnt
|faint|p2a: Landorus
|faint|p1a: Snow white
|
|-weather|Hail|[upkeep]
|upkeep
|
|t:|1647034209
|switch|p1a: Circumscizor|Scizor, M|100/100
|switch|p2a: Kartana|Kartana|100/100
|turn|10
|
|t:|1647034215
|move|p2a: Kartana|Swords Dance|p2a: Kartana
|-boost|p2a: Kartana|atk|2
|move|p1a: Circumscizor|Knock Off|p2a: Kartana
|-damage|p2a: Kartana|62/100
|-enditem|p2a: Kartana|Adrenaline Orb|[from] move: Knock Off|[of] p1a: Circumscizor
|
|-weather|Hail|[upkeep]
|-damage|p2a: Kartana|55/100|[from] Hail
|-damage|p1a: Circumscizor|94/100|[from] Hail
|-heal|p1a: Circumscizor|100/100|[from] item: Leftovers
|upkeep
|turn|11
|inactive|lowtiergod007 has 90 seconds left.
|
|t:|1647034234
|move|p2a: Kartana|Knock Off|p1a: Circumscizor
|-damage|p1a: Circumscizor|8/100
|-enditem|p1a: Circumscizor|Leftovers|[from] move: Knock Off|[of] p2a: Kartana
|move|p1a: Circumscizor|Knock Off|p2a: Kartana
|-damage|p2a: Kartana|29/100
|
|-weather|Hail|[upkeep]
|-damage|p2a: Kartana|23/100|[from] Hail
|-damage|p1a: Circumscizor|2/100|[from] Hail
|upkeep
|turn|12
|
|t:|1647034245
|move|p1a: Circumscizor|Bullet Punch|p2a: Kartana
|-resisted|p2a: Kartana
|-damage|p2a: Kartana|4/100
|move|p2a: Kartana|Sacred Sword|p1a: Circumscizor
|-damage|p1a: Circumscizor|0 fnt
|faint|p1a: Circumscizor
|-ability|p2a: Kartana|Beast Boost|boost
|-boost|p2a: Kartana|atk|1
|
|-weather|Hail|[upkeep]
|-damage|p2a: Kartana|0 fnt|[from] Hail
|faint|p2a: Kartana
|upkeep
|
|t:|1647034267
|switch|p2a: Nihilego|Nihilego|100/100
|switch|p1a: Make it rain|Politoed, M|53/100
|-weather|RainDance|[from] ability: Drizzle|[of] p1a: Make it rain
|turn|13
|
|t:|1647034281
|move|p2a: Nihilego|Meteor Beam||[still]
|-prepare|p2a: Nihilego|Meteor Beam
|-boost|p2a: Nihilego|spa|1
|-enditem|p2a: Nihilego|Power Herb
|-anim|p2a: Nihilego|Meteor Beam|p1a: Make it rain
|-damage|p1a: Make it rain|0 fnt
|faint|p1a: Make it rain
|-ability|p2a: Nihilego|Beast Boost|boost
|-boost|p2a: Nihilego|spe|1
|
|-weather|RainDance|[upkeep]
|upkeep
|
|t:|1647034289
|switch|p1a: Sage mode|Seismitoad, M|100/100
|turn|14
|
|t:|1647034295
|move|p2a: Nihilego|Power Gem|p1a: Sage mode
|-resisted|p1a: Sage mode
|-damage|p1a: Sage mode|65/100
|move|p1a: Sage mode|Earth Power|p2a: Nihilego
|-supereffective|p2a: Nihilego
|-damage|p2a: Nihilego|0 fnt
|faint|p2a: Nihilego
|
|-weather|RainDance|[upkeep]
|-heal|p1a: Sage mode|71/100|[from] item: Leftovers
|upkeep
|
|t:|1647034298
|switch|p2a: Necrozma|Necrozma|100/100
|turn|15
|
|t:|1647034313
|move|p1a: Sage mode|Scald|p2a: Necrozma
|-damage|p2a: Necrozma|38/100
|move|p2a: Necrozma|Photon Geyser|p1a: Sage mode
|-damage|p1a: Sage mode|8/100
|
|-weather|RainDance|[upkeep]
|-heal|p1a: Sage mode|14/100|[from] item: Leftovers
|upkeep
|turn|16
|c|☆DJ CRIB DEF|gg
|
|t:|1647034322
|move|p1a: Sage mode|Scald|p2a: Necrozma
|-damage|p2a: Necrozma|0 fnt
|faint|p2a: Necrozma
|
|win|lowtiergod007
|raw|lowtiergod007's rating: 1665 &rarr; <strong>1691</strong><br />(+26 for winning)
|raw|DJ CRIB DEF's rating: 1778 &rarr; <strong>1752</strong><br />(-26 for losing)
|l|☆DJ CRIB DEF
||Ladder isn't responding, score probably updated but might not have (Request timeout).
