|j|☆thomas9779
|j|☆FleetFoxxx
|t:|1662859963
|gametype|singles
|player|p1|thomas9779|101|1570
|player|p2|FleetFoxxx|flannery|1555
|teamsize|p1|6
|teamsize|p2|6
|gen|8
|tier|[Gen 8] OU
|rated|
|rule|Sleep Clause Mod: Limit one foe put to sleep
|rule|Species Clause: Limit one of each Pokémon
|rule|OHKO Clause: OHKO moves are banned
|rule|Evasion Items Clause: Evasion items are banned
|rule|Evasion Moves Clause: Evasion moves are banned
|rule|Endless Battle Clause: Forcing endless battles is banned
|rule|HP Percentage Mod: HP is shown in percentages
|rule|Dynamax Clause: You cannot dynamax
|clearpoke
|poke|p1|Kartana|
|poke|p1|Heatran, F|
|poke|p1|Landorus-Therian, M|
|poke|p1|Slowbro, F|
|poke|p1|Umbreon, M|
|poke|p1|Tapu Koko|
|poke|p2|Nidoking, M|
|poke|p2|Hydreigon, M|
|poke|p2|Ferrothorn, F|
|poke|p2|Tapu Lele|
|poke|p2|Urshifu-*, F|
|poke|p2|Blacephalon|
|teampreview
|j| Dodolul
|
|t:|1662859979
|start
|switch|p1a: Slowbro|Slowbro, F|100/100
|switch|p2a: Nidoking|Nidoking, M|100/100
|turn|1
|
|t:|1662859983
|move|p2a: Nidoking|Thunderbolt|p1a: Slowbro
|-supereffective|p1a: Slowbro
|-damage|p1a: Slowbro|48/100
|move|p1a: Slowbro|Scald|p2a: Nidoking
|-supereffective|p2a: Nidoking
|-damage|p2a: Nidoking|25/100
|
|upkeep
|turn|2
|
|t:|1662859988
|move|p2a: Nidoking|Thunderbolt|p1a: Slowbro
|-supereffective|p1a: Slowbro
|-damage|p1a: Slowbro|0 fnt
|faint|p1a: Slowbro
|
|upkeep
|
|t:|1662859992
|switch|p1a: Kartana|Kartana|100/100
|turn|3
|
|t:|1662859998
|switch|p2a: Ferrothorn|Ferrothorn, F|100/100
|move|p1a: Kartana|Knock Off|p2a: Ferrothorn
|-damage|p2a: Ferrothorn|55/100
|-damage|p1a: Kartana|88/100|[from] ability: Iron Barbs|[of] p2a: Ferrothorn
|-damage|p1a: Kartana|72/100|[from] item: Rocky Helmet|[of] p2a: Ferrothorn
|-enditem|p2a: Ferrothorn|Rocky Helmet|[from] move: Knock Off|[of] p1a: Kartana
|
|upkeep
|turn|4
|
|t:|1662860003
|switch|p1a: Heatran|Heatran, F|100/100
|move|p2a: Ferrothorn|Body Press|p1a: Heatran
|-supereffective|p1a: Heatran
|-damage|p1a: Heatran|74/100
|
|-heal|p1a: Heatran|80/100|[from] item: Leftovers
|upkeep
|turn|5
|
|t:|1662860009
|switch|p2a: Urshifu|Urshifu-Rapid-Strike, F|100/100
|move|p1a: Heatran|Stealth Rock|p2a: Urshifu
|-sidestart|p2: FleetFoxxx|move: Stealth Rock
|
|-heal|p1a: Heatran|86/100|[from] item: Leftovers
|upkeep
|turn|6
|
|t:|1662860015
|move|p2a: Urshifu|Surging Strikes|p1a: Heatran
|-supereffective|p1a: Heatran
|-crit|p1a: Heatran
|-damage|p1a: Heatran|52/100
|-supereffective|p1a: Heatran
|-crit|p1a: Heatran
|-damage|p1a: Heatran|17/100
|-supereffective|p1a: Heatran
|-crit|p1a: Heatran
|-damage|p1a: Heatran|0 fnt
|faint|p1a: Heatran
|-hitcount|p1: Heatran|3
|
|upkeep
|
|t:|1662860025
|switch|p1a: Tapu Koko|Tapu Koko|100/100
|-fieldstart|move: Electric Terrain|[from] ability: Electric Surge|[of] p1a: Tapu Koko
|turn|7
|
|t:|1662860041
|switch|p2a: Ferrothorn|Ferrothorn, F|55/100
|-damage|p2a: Ferrothorn|49/100|[from] Stealth Rock
|move|p1a: Tapu Koko|Thunderbolt|p2a: Ferrothorn
|-resisted|p2a: Ferrothorn
|-damage|p2a: Ferrothorn|34/100
|
|upkeep
|turn|8
|
|t:|1662860051
|switch|p1a: Landorus|Landorus-Therian, M|100/100
|-ability|p1a: Landorus|Intimidate|boost
|-unboost|p2a: Ferrothorn|atk|1
|move|p2a: Ferrothorn|Leech Seed|p1a: Landorus
|-start|p1a: Landorus|move: Leech Seed
|
|-damage|p1a: Landorus|88/100|[from] Leech Seed|[of] p2a: Ferrothorn
|-heal|p2a: Ferrothorn|47/100|[silent]
|upkeep
|turn|9
|
|t:|1662860056
|move|p1a: Landorus|Earthquake|p2a: Ferrothorn
|-damage|p2a: Ferrothorn|8/100
|move|p2a: Ferrothorn|Iron Defense|p2a: Ferrothorn
|-boost|p2a: Ferrothorn|def|2
|
|-heal|p1a: Landorus|94/100|[from] item: Leftovers
|-damage|p1a: Landorus|82/100|[from] Leech Seed|[of] p2a: Ferrothorn
|-heal|p2a: Ferrothorn|22/100|[silent]
|upkeep
|turn|10
|
|t:|1662860060
|move|p1a: Landorus|Earthquake|p2a: Ferrothorn
|-damage|p2a: Ferrothorn|3/100
|move|p2a: Ferrothorn|Iron Defense|p2a: Ferrothorn
|-boost|p2a: Ferrothorn|def|2
|
|-heal|p1a: Landorus|88/100|[from] item: Leftovers
|-damage|p1a: Landorus|76/100|[from] Leech Seed|[of] p2a: Ferrothorn
|-heal|p2a: Ferrothorn|16/100|[silent]
|upkeep
|turn|11
|
|t:|1662860071
|switch|p1a: Kartana|Kartana|72/100
|move|p2a: Ferrothorn|Gyro Ball|p1a: Kartana
|-resisted|p1a: Kartana
|-damage|p1a: Kartana|55/100
|
|-fieldend|move: Electric Terrain
|upkeep
|turn|12
|
|t:|1662860080
|move|p1a: Kartana|Knock Off|p2a: Ferrothorn
|-damage|p2a: Ferrothorn|6/100
|-damage|p1a: Kartana|42/100|[from] ability: Iron Barbs|[of] p2a: Ferrothorn
|move|p2a: Ferrothorn|Body Press|p1a: Kartana
|-supereffective|p1a: Kartana
|-damage|p1a: Kartana|0 fnt
|faint|p1a: Kartana
|
|upkeep
|
|t:|1662860084
|switch|p1a: Tapu Koko|Tapu Koko|100/100
|-fieldstart|move: Electric Terrain|[from] ability: Electric Surge|[of] p1a: Tapu Koko
|turn|13
|
|t:|1662860095
|move|p1a: Tapu Koko|Thunderbolt|p2a: Ferrothorn
|-resisted|p2a: Ferrothorn
|-damage|p2a: Ferrothorn|0 fnt
|faint|p2a: Ferrothorn
|
|upkeep
|
|t:|1662860098
|switch|p2a: Tapu Lele|Tapu Lele|100/100
|-damage|p2a: Tapu Lele|88/100|[from] Stealth Rock
|-fieldstart|move: Psychic Terrain|[from] ability: Psychic Surge|[of] p2a: Tapu Lele
|turn|14
|
|t:|1662860103
|switch|p1a: Umbreon|Umbreon, M|100/100
|move|p2a: Tapu Lele|Moonblast|p1a: Umbreon
|-supereffective|p1a: Umbreon
|-damage|p1a: Umbreon|3/100
|
|-heal|p1a: Umbreon|9/100|[from] item: Leftovers
|upkeep
|turn|15
|
|t:|1662860107
|move|p1a: Umbreon|Protect|p1a: Umbreon
|-singleturn|p1a: Umbreon|Protect
|move|p2a: Tapu Lele|Moonblast|p1a: Umbreon
|-activate|p1a: Umbreon|move: Protect
|
|-heal|p1a: Umbreon|15/100|[from] item: Leftovers
|upkeep
|turn|16
|
|t:|1662860110
|move|p2a: Tapu Lele|Moonblast|p1a: Umbreon
|-supereffective|p1a: Umbreon
|-damage|p1a: Umbreon|0 fnt
|faint|p1a: Umbreon
|
|upkeep
|
|t:|1662860112
|switch|p1a: Landorus|Landorus-Therian, M|76/100
|-ability|p1a: Landorus|Intimidate|boost
|-unboost|p2a: Tapu Lele|atk|1
|turn|17
|
|t:|1662860117
|move|p2a: Tapu Lele|Moonblast|p1a: Landorus
|-damage|p1a: Landorus|22/100
|move|p1a: Landorus|Earthquake|p2a: Tapu Lele
|-damage|p2a: Tapu Lele|15/100
|
|-heal|p1a: Landorus|28/100|[from] item: Leftovers
|upkeep
|turn|18
|
|t:|1662860121
|move|p2a: Tapu Lele|Moonblast|p1a: Landorus
|-damage|p1a: Landorus|0 fnt
|faint|p1a: Landorus
|
|-fieldend|move: Psychic Terrain
|upkeep
|
|t:|1662860124
|switch|p1a: Tapu Koko|Tapu Koko|100/100
|-fieldstart|move: Electric Terrain|[from] ability: Electric Surge|[of] p1a: Tapu Koko
|turn|19
|
|t:|1662860131
|move|p1a: Tapu Koko|Thunderbolt|p2a: Tapu Lele
|-damage|p2a: Tapu Lele|0 fnt
|faint|p2a: Tapu Lele
|
|upkeep
|
|t:|1662860137
|switch|p2a: Nidoking|Nidoking, M|25/100
|-damage|p2a: Nidoking|19/100|[from] Stealth Rock
|turn|20
|
|t:|1662860139
|move|p1a: Tapu Koko|Dazzling Gleam|p2a: Nidoking
|-resisted|p2a: Nidoking
|-damage|p2a: Nidoking|0 fnt
|faint|p2a: Nidoking
|
|upkeep
|
|t:|1662860146
|switch|p2a: Hydreigon|Hydreigon, M|100/100
|-damage|p2a: Hydreigon|88/100|[from] Stealth Rock
|turn|21
|
|t:|1662860151
|move|p2a: Hydreigon|Earth Power|p1a: Tapu Koko
|-supereffective|p1a: Tapu Koko
|-damage|p1a: Tapu Koko|12/100
|move|p1a: Tapu Koko|Calm Mind|p1a: Tapu Koko
|-boost|p1a: Tapu Koko|spa|1
|-boost|p1a: Tapu Koko|spd|1
|
|upkeep
|turn|22
|
|t:|1662860155
|move|p2a: Hydreigon|Earth Power|p1a: Tapu Koko
|-supereffective|p1a: Tapu Koko
|-damage|p1a: Tapu Koko|0 fnt
|faint|p1a: Tapu Koko
|
|win|FleetFoxxx
|raw|thomas9779's rating: 1570 &rarr; <strong>1549</strong><br />(-21 for losing)
|raw|FleetFoxxx's rating: 1555 &rarr; <strong>1576</strong><br />(+21 for winning)
|l| Dodolul
|l|☆thomas9779
||Ladder isn't responding, score probably updated but might not have (Request timeout).
