|raw|<div class="broadcast-blue"><strong>This battle is required to be public due to a player having a name starting with 'lt91bb'.</div>
|j|☆LT91BB Dasmer
|j|☆JooshP
|t:|1659001767
|gametype|singles
|player|p1|LT91BB Dasmer|rei|1844
|player|p2|JooshP|red|1824
|teamsize|p1|6
|teamsize|p2|6
|gen|8
|tier|[Gen 8] OU
|rated|
|rule|Sleep Clause Mod: Limit one foe put to sleep
|rule|Species Clause: Limit one of each Pokémon
|rule|OHKO Clause: OHKO moves are banned
|rule|Evasion Moves Clause: Evasion moves are banned
|rule|Endless Battle Clause: Forcing endless battles is banned
|rule|HP Percentage Mod: HP is shown in percentages
|rule|Dynamax Clause: You cannot dynamax
|clearpoke
|poke|p1|Buzzwole|
|poke|p1|Weavile, M|
|poke|p1|Heatran, F|
|poke|p1|Ferrothorn, M|
|poke|p1|Landorus-Therian, M|
|poke|p1|Slowbro, F|
|poke|p2|Porygon-Z|
|poke|p2|Dragonite, F|
|poke|p2|Landorus-Therian, M|
|poke|p2|Tapu Fini|
|poke|p2|Volcarona, M|
|poke|p2|Ferrothorn, F|
|teampreview
|
|t:|1659001792
|start
|switch|p1a: Fuel|Heatran, F|100/100
|switch|p2a: Tapu Fini|Tapu Fini|100/100
|-fieldstart|move: Misty Terrain|[from] ability: Misty Surge|[of] p2a: Tapu Fini
|turn|1
|
|t:|1659001801
|switch|p1a: WhiskyInTheJar|Slowbro, F|100/100
|move|p2a: Tapu Fini|Scald|p1a: WhiskyInTheJar
|-resisted|p1a: WhiskyInTheJar
|-damage|p1a: WhiskyInTheJar|88/100
|
|upkeep
|turn|2
|
|t:|1659001807
|move|p2a: Tapu Fini|Taunt|p1a: WhiskyInTheJar
|-start|p1a: WhiskyInTheJar|move: Taunt
|move|p1a: WhiskyInTheJar|Future Sight|p2a: Tapu Fini
|-start|p1a: WhiskyInTheJar|move: Future Sight
|
|upkeep
|turn|3
|
|t:|1659001812
|switch|p1a: Unforgiven|Ferrothorn, M|100/100
|move|p2a: Tapu Fini|Moonblast|p1a: Unforgiven
|-resisted|p1a: Unforgiven
|-damage|p1a: Unforgiven|90/100
|
|-heal|p1a: Unforgiven|97/100|[from] item: Leftovers
|upkeep
|turn|4
|
|t:|1659001817
|switch|p2a: Ferrothorn|Ferrothorn, F|100/100
|move|p1a: Unforgiven|Spikes|p2a: Ferrothorn
|-sidestart|p2: JooshP|Spikes
|
|-end|p2a: Ferrothorn|move: Future Sight
|-resisted|p2a: Ferrothorn
|-damage|p2a: Ferrothorn|84/100
|-heal|p1a: Unforgiven|100/100|[from] item: Leftovers
|-heal|p2a: Ferrothorn|91/100|[from] item: Leftovers
|upkeep
|turn|5
|j| LT91BB Indulge
|
|t:|1659001823
|switch|p1a: EnterSandman|Buzzwole|100/100
|move|p2a: Ferrothorn|Spikes|p1a: EnterSandman
|-sidestart|p1: LT91BB Dasmer|Spikes
|
|-heal|p2a: Ferrothorn|97/100|[from] item: Leftovers
|-fieldend|Misty Terrain
|upkeep
|turn|6
|j| LT91BB Sicario
|j| ClumsyClefable
|
|t:|1659001827
|switch|p2a: Landorus|Landorus-Therian, M|100/100
|-ability|p2a: Landorus|Intimidate|boost
|-unboost|p1a: EnterSandman|atk|1
|move|p1a: EnterSandman|Thunder Punch|p2a: Landorus
|-immune|p2a: Landorus
|
|upkeep
|turn|7
|l| LT91BB Sicario
|j| antarctozolt
|
|t:|1659001838
|move|p2a: Landorus|Knock Off|p1a: EnterSandman
|-resisted|p1a: EnterSandman
|-damage|p1a: EnterSandman|90/100
|-enditem|p1a: EnterSandman|Heavy-Duty Boots|[from] move: Knock Off|[of] p2a: Landorus
|move|p1a: EnterSandman|Ice Punch|p2a: Landorus
|-supereffective|p2a: Landorus
|-damage|p2a: Landorus|41/100
|
|-heal|p2a: Landorus|47/100|[from] item: Leftovers
|upkeep
|turn|8
|
|t:|1659001855
|move|p1a: EnterSandman|Ice Punch|p2a: Landorus
|-supereffective|p2a: Landorus
|-damage|p2a: Landorus|0 fnt
|faint|p2a: Landorus
|-ability|p1a: EnterSandman|Beast Boost|boost
|-boost|p1a: EnterSandman|atk|1
|
|upkeep
|
|t:|1659001859
|switch|p2a: Volcarona|Volcarona, M|100/100
|turn|9
|
|t:|1659001861
|switch|p2a: Dragonite|Dragonite, F|100/100
|switch|p1a: Fuel|Heatran, F|100/100
|-damage|p1a: Fuel|88/100|[from] Spikes
|
|-heal|p1a: Fuel|94/100|[from] item: Leftovers
|upkeep
|turn|10
|j| F3rrari450
|
|t:|1659001870
|switch|p1a: WhiskyInTheJar|Slowbro, F|100/100
|move|p2a: Dragonite|Fire Punch|p1a: WhiskyInTheJar
|-resisted|p1a: WhiskyInTheJar
|-damage|p1a: WhiskyInTheJar|89/100
|-status|p1a: WhiskyInTheJar|brn
|
|-damage|p1a: WhiskyInTheJar|82/100 brn|[from] brn
|upkeep
|turn|11
|
|t:|1659001876
|switch|p2a: Tapu Fini|Tapu Fini|100/100
|-damage|p2a: Tapu Fini|88/100|[from] Spikes
|-fieldstart|move: Misty Terrain|[from] ability: Misty Surge|[of] p2a: Tapu Fini
|move|p1a: WhiskyInTheJar|Future Sight|p2a: Tapu Fini
|-start|p1a: WhiskyInTheJar|move: Future Sight
|
|-heal|p2a: Tapu Fini|94/100|[from] item: Leftovers
|-damage|p1a: WhiskyInTheJar|76/100 brn|[from] brn
|upkeep
|turn|12
|
|t:|1659001882
|switch|p1a: Unforgiven|Ferrothorn, M|100/100
|-damage|p1a: Unforgiven|88/100|[from] Spikes
|move|p2a: Tapu Fini|Moonblast|p1a: Unforgiven
|-resisted|p1a: Unforgiven
|-damage|p1a: Unforgiven|79/100
|
|-heal|p2a: Tapu Fini|99/100|[from] item: Leftovers
|-heal|p1a: Unforgiven|85/100|[from] item: Leftovers
|upkeep
|turn|13
|
|t:|1659001888
|switch|p2a: Ferrothorn|Ferrothorn, F|97/100
|-damage|p2a: Ferrothorn|84/100|[from] Spikes
|move|p1a: Unforgiven|Knock Off|p2a: Ferrothorn
|-damage|p2a: Ferrothorn|71/100
|-damage|p1a: Unforgiven|72/100|[from] ability: Iron Barbs|[of] p2a: Ferrothorn
|-enditem|p2a: Ferrothorn|Leftovers|[from] move: Knock Off|[of] p1a: Unforgiven
|
|-end|p2a: Ferrothorn|move: Future Sight
|-resisted|p2a: Ferrothorn
|-damage|p2a: Ferrothorn|53/100
|-heal|p1a: Unforgiven|79/100|[from] item: Leftovers
|upkeep
|turn|14
|
|t:|1659001892
|switch|p1a: EnterSandman|Buzzwole|90/100
|-damage|p1a: EnterSandman|77/100|[from] Spikes
|move|p2a: Ferrothorn|Knock Off|p1a: EnterSandman
|-resisted|p1a: EnterSandman
|-damage|p1a: EnterSandman|73/100
|
|upkeep
|turn|15
|
|t:|1659001896
|switch|p2a: Tapu Fini|Tapu Fini|99/100
|-damage|p2a: Tapu Fini|88/100|[from] Spikes
|move|p1a: EnterSandman|Close Combat|p2a: Tapu Fini
|-resisted|p2a: Tapu Fini
|-damage|p2a: Tapu Fini|57/100
|-unboost|p1a: EnterSandman|def|1
|-unboost|p1a: EnterSandman|spd|1
|
|-heal|p2a: Tapu Fini|64/100|[from] item: Leftovers
|-fieldend|Misty Terrain
|upkeep
|turn|16
|
|t:|1659001906
|switch|p1a: WhiskyInTheJar|Slowbro, F|100/100 brn
|move|p2a: Tapu Fini|Scald|p1a: WhiskyInTheJar
|-resisted|p1a: WhiskyInTheJar
|-damage|p1a: WhiskyInTheJar|87/100 brn
|
|-heal|p2a: Tapu Fini|70/100|[from] item: Leftovers
|-damage|p1a: WhiskyInTheJar|81/100 brn|[from] brn
|upkeep
|turn|17
|
|t:|1659001911
|switch|p2a: Porygon-Z|Porygon-Z|100/100
|-damage|p2a: Porygon-Z|88/100|[from] Spikes
|move|p1a: WhiskyInTheJar|Scald|p2a: Porygon-Z
|-damage|p2a: Porygon-Z|51/100
|-status|p2a: Porygon-Z|brn
|
|-damage|p2a: Porygon-Z|45/100 brn|[from] brn
|-damage|p1a: WhiskyInTheJar|75/100 brn|[from] brn
|upkeep
|turn|18
|j| supahotnicememe
|j| Barracades
|j| Akany
|
|t:|1659001928
|switch|p1a: EnterSandman|Buzzwole|73/100
|-damage|p1a: EnterSandman|61/100|[from] Spikes
|move|p2a: Porygon-Z|Nasty Plot|p2a: Porygon-Z
|-boost|p2a: Porygon-Z|spa|2
|
|-damage|p2a: Porygon-Z|38/100 brn|[from] brn
|upkeep
|turn|19
|
|t:|1659001931
|move|p2a: Porygon-Z|Tri Attack|p1a: EnterSandman
|-damage|p1a: EnterSandman|0 fnt
|faint|p1a: EnterSandman
|-damage|p2a: Porygon-Z|28/100 brn|[from] item: Life Orb
|
|-damage|p2a: Porygon-Z|22/100 brn|[from] brn
|upkeep
|
|t:|1659001934
|switch|p1a: One|Weavile, M|100/100
|-ability|p1a: One|Pressure
|turn|20
|j| Mimikyu Stardust
|
|t:|1659001938
|switch|p2a: Ferrothorn|Ferrothorn, F|53/100
|-damage|p2a: Ferrothorn|40/100|[from] Spikes
|move|p1a: One|Knock Off|p2a: Ferrothorn
|-damage|p2a: Ferrothorn|22/100
|-damage|p1a: One|88/100|[from] ability: Iron Barbs|[of] p2a: Ferrothorn
|
|upkeep
|turn|21
|
|t:|1659001948
|switch|p1a: WhiskyInTheJar|Slowbro, F|100/100 brn
|move|p2a: Ferrothorn|Gyro Ball|p1a: WhiskyInTheJar
|-resisted|p1a: WhiskyInTheJar
|-damage|p1a: WhiskyInTheJar|97/100 brn
|
|-damage|p1a: WhiskyInTheJar|91/100 brn|[from] brn
|upkeep
|turn|22
|
|t:|1659001952
|move|p2a: Ferrothorn|Knock Off|p1a: WhiskyInTheJar
|-supereffective|p1a: WhiskyInTheJar
|-damage|p1a: WhiskyInTheJar|67/100 brn
|-enditem|p1a: WhiskyInTheJar|Heavy-Duty Boots|[from] move: Knock Off|[of] p2a: Ferrothorn
|move|p1a: WhiskyInTheJar|Teleport|p1a: WhiskyInTheJar
|
|t:|1659001953
|switch|p1a: Fuel|Heatran, F|94/100|[from]move: Teleport
|-damage|p1a: Fuel|82/100|[from] Spikes
|
|-heal|p1a: Fuel|88/100|[from] item: Leftovers
|upkeep
|turn|23
|
|t:|1659001961
|move|p1a: Fuel|Earth Power|p2a: Ferrothorn
|-crit|p2a: Ferrothorn
|-damage|p2a: Ferrothorn|0 fnt
|faint|p2a: Ferrothorn
|
|-heal|p1a: Fuel|94/100|[from] item: Leftovers
|upkeep
|
|t:|1659001963
|switch|p2a: Dragonite|Dragonite, F|100/100
|turn|24
|
|t:|1659001967
|switch|p1a: Seek&Destroy|Landorus-Therian, M|100/100
|-ability|p1a: Seek&Destroy|Intimidate|boost
|-unboost|p2a: Dragonite|atk|1
|move|p2a: Dragonite|Outrage|p1a: Seek&Destroy
|-damage|p1a: Seek&Destroy|38/100
|
|-heal|p1a: Seek&Destroy|44/100|[from] item: Leftovers
|upkeep
|turn|25
|l| Barracades
|
|t:|1659001975
|switch|p1a: WhiskyInTheJar|Slowbro, F|99/100 brn
|-damage|p1a: WhiskyInTheJar|88/100 brn|[from] Spikes
|move|p2a: Dragonite|Outrage|p1a: WhiskyInTheJar|[from]lockedmove
|-damage|p1a: WhiskyInTheJar|44/100 brn
|-start|p2a: Dragonite|confusion|[fatigue]
|
|-damage|p1a: WhiskyInTheJar|38/100 brn|[from] brn
|upkeep
|turn|26
|
|t:|1659001982
|switch|p2a: Volcarona|Volcarona, M|100/100
|switch|p1a: Unforgiven|Ferrothorn, M|79/100
|-damage|p1a: Unforgiven|66/100|[from] Spikes
|
|-heal|p1a: Unforgiven|72/100|[from] item: Leftovers
|upkeep
|turn|27
|
|t:|1659001988
|switch|p1a: Fuel|Heatran, F|94/100
|-damage|p1a: Fuel|81/100|[from] Spikes
|move|p2a: Volcarona|Flamethrower|p1a: Fuel
|-start|p1a: Fuel|ability: Flash Fire
|
|-heal|p1a: Fuel|88/100|[from] item: Leftovers
|upkeep
|turn|28
|
|t:|1659001992
|switch|p2a: Tapu Fini|Tapu Fini|70/100
|-damage|p2a: Tapu Fini|57/100|[from] Spikes
|-fieldstart|move: Misty Terrain|[from] ability: Misty Surge|[of] p2a: Tapu Fini
|move|p1a: Fuel|Magma Storm|p2a: Tapu Fini
|-resisted|p2a: Tapu Fini
|-damage|p2a: Tapu Fini|32/100
|-activate|p2a: Tapu Fini|move: Magma Storm|[of] p1a: Fuel
|
|-heal|p1a: Fuel|94/100|[from] item: Leftovers
|-heal|p2a: Tapu Fini|38/100|[from] item: Leftovers
|-damage|p2a: Tapu Fini|25/100|[from] move: Magma Storm|[partiallytrapped]
|upkeep
|turn|29
|
|t:|1659001995
|-end|p1a: Fuel|ability: Flash Fire|[silent]
|switch|p1a: Unforgiven|Ferrothorn, M|72/100
|-damage|p1a: Unforgiven|60/100|[from] Spikes
|move|p2a: Tapu Fini|Scald|p1a: Unforgiven
|-resisted|p1a: Unforgiven
|-damage|p1a: Unforgiven|52/100
|
|-heal|p2a: Tapu Fini|32/100|[from] item: Leftovers
|-heal|p1a: Unforgiven|58/100|[from] item: Leftovers
|-end|p2a: Tapu Fini|Magma Storm|[partiallytrapped]|[silent]
|upkeep
|turn|30
|
|t:|1659002015
|move|p2a: Tapu Fini|Moonblast|p1a: Unforgiven
|-resisted|p1a: Unforgiven
|-damage|p1a: Unforgiven|49/100
|move|p1a: Unforgiven|Leech Seed|p2a: Tapu Fini
|-start|p2a: Tapu Fini|move: Leech Seed
|
|-heal|p2a: Tapu Fini|38/100|[from] item: Leftovers
|-heal|p1a: Unforgiven|55/100|[from] item: Leftovers
|-damage|p2a: Tapu Fini|25/100|[from] Leech Seed|[of] p1a: Unforgiven
|-heal|p1a: Unforgiven|67/100|[silent]
|upkeep
|turn|31
|
|t:|1659002019
|switch|p2a: Volcarona|Volcarona, M|100/100
|move|p1a: Unforgiven|Knock Off|p2a: Volcarona
|-damage|p2a: Volcarona|66/100
|-enditem|p2a: Volcarona|Heavy-Duty Boots|[from] move: Knock Off|[of] p1a: Unforgiven
|
|-heal|p1a: Unforgiven|73/100|[from] item: Leftovers
|upkeep
|turn|32
|
|t:|1659002024
|switch|p2a: Dragonite|Dragonite, F|100/100
|switch|p1a: Fuel|Heatran, F|94/100
|-damage|p1a: Fuel|81/100|[from] Spikes
|
|-heal|p1a: Fuel|87/100|[from] item: Leftovers
|-fieldend|Misty Terrain
|upkeep
|turn|33
|j| liiw
|
|t:|1659002031
|switch|p1a: Seek&Destroy|Landorus-Therian, M|44/100
|-ability|p1a: Seek&Destroy|Intimidate|boost
|-unboost|p2a: Dragonite|atk|1
|move|p2a: Dragonite|Outrage|p1a: Seek&Destroy
|-damage|p1a: Seek&Destroy|0 fnt
|faint|p1a: Seek&Destroy
|
|upkeep
|
|t:|1659002034
|switch|p1a: Unforgiven|Ferrothorn, M|73/100
|-damage|p1a: Unforgiven|61/100|[from] Spikes
|turn|34
|
|t:|1659002037
|move|p2a: Dragonite|Outrage|p1a: Unforgiven|[from]lockedmove
|-resisted|p1a: Unforgiven
|-damage|p1a: Unforgiven|34/100
|-damage|p2a: Dragonite|88/100|[from] ability: Iron Barbs|[of] p1a: Unforgiven
|-start|p2a: Dragonite|confusion|[fatigue]
|move|p1a: Unforgiven|Knock Off|p2a: Dragonite
|-damage|p2a: Dragonite|66/100
|-enditem|p2a: Dragonite|Choice Band|[from] move: Knock Off|[of] p1a: Unforgiven
|
|-heal|p1a: Unforgiven|40/100|[from] item: Leftovers
|upkeep
|turn|35
|
|t:|1659002045
|switch|p2a: Porygon-Z|Porygon-Z|22/100 brn
|-damage|p2a: Porygon-Z|10/100 brn|[from] Spikes
|switch|p1a: WhiskyInTheJar|Slowbro, F|71/100 brn
|-damage|p1a: WhiskyInTheJar|59/100 brn|[from] Spikes
|
|-damage|p2a: Porygon-Z|4/100 brn|[from] brn
|-damage|p1a: WhiskyInTheJar|53/100 brn|[from] brn
|upkeep
|turn|36
|
|t:|1659002053
|move|p2a: Porygon-Z|Hyper Beam|p1a: WhiskyInTheJar
|-damage|p1a: WhiskyInTheJar|0 fnt
|-mustrecharge|p2a: Porygon-Z
|faint|p1a: WhiskyInTheJar
|-damage|p2a: Porygon-Z|0 fnt|[from] item: Life Orb
|faint|p2a: Porygon-Z
|
|upkeep
|c|☆LT91BB Dasmer|missclick
|
|t:|1659002064
|switch|p2a: Dragonite|Dragonite, F|66/100
|switch|p1a: One|Weavile, M|88/100
|-ability|p1a: One|Pressure
|turn|37
|
|t:|1659002069
|move|p2a: Dragonite|Extreme Speed|p1a: One
|-damage|p1a: One|38/100
|move|p1a: One|Ice Shard|p2a: Dragonite
|-supereffective|p2a: Dragonite
|-damage|p2a: Dragonite|0 fnt
|faint|p2a: Dragonite
|
|upkeep
|c|☆JooshP|Didn’t matter
|c|☆JooshP|gg
|
|t:|1659002087
|switch|p2a: Volcarona|Volcarona, M|66/100
|-damage|p2a: Volcarona|54/100|[from] Spikes
|turn|38
|
|t:|1659002091
|switch|p1a: Fuel|Heatran, F|87/100
|-damage|p1a: Fuel|75/100|[from] Spikes
|move|p2a: Volcarona|Quiver Dance|p2a: Volcarona
|-boost|p2a: Volcarona|spa|1
|-boost|p2a: Volcarona|spd|1
|-boost|p2a: Volcarona|spe|1
|
|-heal|p1a: Fuel|81/100|[from] item: Leftovers
|upkeep
|turn|39
|
|t:|1659002092
|move|p2a: Volcarona|Psychic|p1a: Fuel
|-resisted|p1a: Fuel
|-damage|p1a: Fuel|60/100
|move|p1a: Fuel|Taunt|p2a: Volcarona
|-start|p2a: Volcarona|move: Taunt
|
|-heal|p1a: Fuel|66/100|[from] item: Leftovers
|upkeep
|turn|40
|
|t:|1659002095
|move|p2a: Volcarona|Psychic|p1a: Fuel
|-resisted|p1a: Fuel
|-damage|p1a: Fuel|43/100
|move|p1a: Fuel|Magma Storm|p2a: Volcarona
|-damage|p2a: Volcarona|17/100
|-activate|p2a: Volcarona|move: Magma Storm|[of] p1a: Fuel
|
|-heal|p1a: Fuel|49/100|[from] item: Leftovers
|-damage|p2a: Volcarona|5/100|[from] move: Magma Storm|[partiallytrapped]
|upkeep
|turn|41
|
|t:|1659002099
|move|p2a: Volcarona|Psychic|p1a: Fuel
|-resisted|p1a: Fuel
|-damage|p1a: Fuel|27/100
|-unboost|p1a: Fuel|spd|1
|move|p1a: Fuel|Earth Power|p2a: Volcarona
|-damage|p2a: Volcarona|0 fnt
|faint|p2a: Volcarona
|
|-heal|p1a: Fuel|33/100|[from] item: Leftovers
|upkeep
|
|t:|1659002101
|switch|p2a: Tapu Fini|Tapu Fini|25/100
|-damage|p2a: Tapu Fini|13/100|[from] Spikes
|-fieldstart|move: Misty Terrain|[from] ability: Misty Surge|[of] p2a: Tapu Fini
|turn|42
|
|t:|1659002103
|move|p1a: Fuel|Earth Power|p2a: Tapu Fini
|-damage|p2a: Tapu Fini|0 fnt
|faint|p2a: Tapu Fini
|
|win|LT91BB Dasmer
|raw|LT91BB Dasmer's rating: 1844 &rarr; <strong>1863</strong><br />(+19 for winning)
|raw|JooshP's rating: 1824 &rarr; <strong>1805</strong><br />(-19 for losing)
|l| Akany
|j| egal★vanc
|l| F3rrari450
|l|☆JooshP
|l| egal★vanc
|l|☆LT91BB Dasmer
|l| supahotnicememe
||Ladder isn't responding, score probably updated but might not have (Request timeout).
