|j|☆frouug
|j|☆cump3
|t:|1629175222
|gametype|singles
|player|p1|frouug|spenser-gen3|1439
|player|p2|cump3|volkner|1390
|teamsize|p1|6
|teamsize|p2|6
|gen|8
|tier|[Gen 8] OU
|rated|
|rule|Sleep Clause Mod: Limit one foe put to sleep
|rule|Species Clause: Limit one of each Pokémon
|rule|OHKO Clause: OHKO moves are banned
|rule|Evasion Moves Clause: Evasion moves are banned
|rule|Endless Battle Clause: Forcing endless battles is banned
|rule|HP Percentage Mod: HP is shown in percentages
|rule|Dynamax Clause: You cannot dynamax
|clearpoke
|poke|p1|Dragapult, F|
|poke|p1|Weavile, F|
|poke|p1|Rotom-Wash|
|poke|p1|Heatran, M|
|poke|p1|Tapu Fini|
|poke|p1|Ferrothorn, M|
|poke|p2|Garchomp, F|
|poke|p2|Urshifu-*, M|
|poke|p2|Tapu Lele|
|poke|p2|Kartana|
|poke|p2|Celesteela|
|poke|p2|Blacephalon|
|teampreview
|inactive|Battle timer is ON: inactive players will automatically lose when time's up. (requested by frouug)
|
|t:|1629175247
|start
|switch|p1a: 80 Degrees|Heatran, M|100/100
|switch|p2a: Blacephalon|Blacephalon|100/100
|turn|1
|
|t:|1629175255
|switch|p2a: Garchomp|Garchomp, F|100/100
|move|p1a: 80 Degrees|Stealth Rock|p2a: Garchomp
|-sidestart|p2: cump3|move: Stealth Rock
|
|upkeep
|turn|2
|
|t:|1629175262
|switch|p1a: Lightning Beach|Rotom-Wash|100/100
|move|p2a: Garchomp|Stealth Rock|p1a: Lightning Beach
|-sidestart|p1: frouug|move: Stealth Rock
|
|upkeep
|turn|3
|
|t:|1629175271
|move|p2a: Garchomp|Toxic|p1a: Lightning Beach|[miss]
|-miss|p2a: Garchomp|p1a: Lightning Beach
|move|p1a: Lightning Beach|Will-O-Wisp|p2a: Garchomp
|-status|p2a: Garchomp|brn
|
|-damage|p2a: Garchomp|94/100 brn|[from] brn
|upkeep
|turn|4
|
|t:|1629175279
|switch|p1a: Walk on Water|Tapu Fini|100/100
|-damage|p1a: Walk on Water|88/100|[from] Stealth Rock
|-fieldstart|move: Misty Terrain|[from] ability: Misty Surge|[of] p1a: Walk on Water
|move|p2a: Garchomp|Dragon Tail|p1a: Walk on Water
|-immune|p1a: Walk on Water
|
|-damage|p2a: Garchomp|88/100 brn|[from] brn
|upkeep
|turn|5
|
|t:|1629175293
|switch|p2a: Tapu Lele|Tapu Lele, shiny|100/100
|-damage|p2a: Tapu Lele|88/100|[from] Stealth Rock
|-fieldstart|move: Psychic Terrain|[from] ability: Psychic Surge|[of] p2a: Tapu Lele
|move|p1a: Walk on Water|Surf|p2a: Tapu Lele
|-damage|p2a: Tapu Lele|41/100
|
|upkeep
|turn|6
|
|t:|1629175301
|move|p2a: Tapu Lele|Thunderbolt|p1a: Walk on Water
|-supereffective|p1a: Walk on Water
|-damage|p1a: Walk on Water|19/100
|move|p1a: Walk on Water|Surf|p2a: Tapu Lele
|-damage|p2a: Tapu Lele|0 fnt
|faint|p2a: Tapu Lele
|
|upkeep
|
|t:|1629175318
|switch|p2a: Blacephalon|Blacephalon|100/100
|-damage|p2a: Blacephalon|76/100|[from] Stealth Rock
|turn|7
|
|t:|1629175324
|switch|p1a: Lights Out|Weavile, F|100/100
|-ability|p1a: Lights Out|Pressure
|move|p2a: Blacephalon|Shadow Ball|p1a: Lights Out
|-resisted|p1a: Lights Out
|-damage|p1a: Lights Out|65/100
|
|upkeep
|turn|8
|
|t:|1629175341
|switch|p2a: Urshifu|Urshifu-Rapid-Strike, M|100/100
|-damage|p2a: Urshifu|94/100|[from] Stealth Rock
|move|p1a: Lights Out|Knock Off|p2a: Urshifu
|-resisted|p2a: Urshifu
|-crit|p2a: Urshifu
|-damage|p2a: Urshifu|59/100
|-enditem|p2a: Urshifu|Choice Band|[from] move: Knock Off|[of] p1a: Lights Out
|
|upkeep
|turn|9
|
|t:|1629175348
|switch|p1a: Lightning Beach|Rotom-Wash|100/100
|-damage|p1a: Lightning Beach|88/100|[from] Stealth Rock
|move|p2a: Urshifu|U-turn|p1a: Lightning Beach
|-damage|p1a: Lightning Beach|70/100
|
|t:|1629175352
|switch|p2a: Kartana|Kartana, shiny|100/100|[from]move: U-turn
|-damage|p2a: Kartana|94/100|[from] Stealth Rock
|
|-heal|p1a: Lightning Beach|76/100|[from] item: Leftovers
|-fieldend|move: Psychic Terrain
|upkeep
|turn|10
|
|t:|1629175359
|move|p2a: Kartana|Swords Dance|p2a: Kartana
|-boost|p2a: Kartana|atk|2
|move|p1a: Lightning Beach|Will-O-Wisp|p2a: Kartana
|-status|p2a: Kartana|brn
|
|-heal|p1a: Lightning Beach|82/100|[from] item: Leftovers
|-damage|p2a: Kartana|88/100 brn|[from] brn
|upkeep
|turn|11
|
|t:|1629175368
|move|p2a: Kartana|Swords Dance|p2a: Kartana
|-boost|p2a: Kartana|atk|2
|move|p1a: Lightning Beach|Volt Switch|p2a: Kartana
|-resisted|p2a: Kartana
|-damage|p2a: Kartana|58/100 brn
|
|t:|1629175374
|switch|p1a: See this in 3D|Dragapult, F|100/100|[from]move: Volt Switch
|-damage|p1a: See this in 3D|88/100|[from] Stealth Rock
|
|-damage|p2a: Kartana|52/100 brn|[from] brn
|upkeep
|turn|12
|
|t:|1629175381
|move|p1a: See this in 3D|Shadow Ball|p2a: Kartana
|-damage|p2a: Kartana|0 fnt
|faint|p2a: Kartana
|
|upkeep
|
|t:|1629175385
|switch|p2a: Blacephalon|Blacephalon|76/100
|-damage|p2a: Blacephalon|51/100|[from] Stealth Rock
|turn|13
|
|t:|1629175400
|switch|p1a: 80 Degrees|Heatran, M|100/100
|-damage|p1a: 80 Degrees|88/100|[from] Stealth Rock
|move|p2a: Blacephalon|Shadow Ball|p1a: 80 Degrees
|-damage|p1a: 80 Degrees|56/100
|
|-heal|p1a: 80 Degrees|62/100|[from] item: Leftovers
|upkeep
|turn|14
|
|t:|1629175414
|switch|p2a: Garchomp|Garchomp, F|88/100 brn
|-damage|p2a: Garchomp|82/100 brn|[from] Stealth Rock
|move|p1a: 80 Degrees|Earth Power|p2a: Garchomp
|-damage|p2a: Garchomp|58/100 brn
|
|-heal|p1a: 80 Degrees|69/100|[from] item: Leftovers
|-damage|p2a: Garchomp|52/100 brn|[from] brn
|upkeep
|turn|15
|
|t:|1629175434
|switch|p1a: Walk on Water|Tapu Fini|19/100
|-damage|p1a: Walk on Water|7/100|[from] Stealth Rock
|-fieldstart|move: Misty Terrain|[from] ability: Misty Surge|[of] p1a: Walk on Water
|move|p2a: Garchomp|Dragon Tail|p1a: Walk on Water
|-immune|p1a: Walk on Water
|
|-damage|p2a: Garchomp|46/100 brn|[from] brn
|upkeep
|turn|16
|
|t:|1629175453
|move|p1a: Walk on Water|Moonblast|p2a: Garchomp
|-supereffective|p2a: Garchomp
|-damage|p2a: Garchomp|0 fnt
|faint|p2a: Garchomp
|
|upkeep
|
|t:|1629175458
|switch|p2a: Celesteela|Celesteela|100/100
|-damage|p2a: Celesteela|88/100|[from] Stealth Rock
|turn|17
|
|t:|1629175466
|switch|p1a: 80 Degrees|Heatran, M|69/100
|-damage|p1a: 80 Degrees|56/100|[from] Stealth Rock
|move|p2a: Celesteela|Autotomize|p2a: Celesteela
|-boost|p2a: Celesteela|spe|2
|-start|p2a: Celesteela|Autotomize
|
|-heal|p1a: 80 Degrees|62/100|[from] item: Leftovers
|upkeep
|turn|18
|
|t:|1629175470
|move|p2a: Celesteela|Meteor Beam||[still]
|-prepare|p2a: Celesteela|Meteor Beam
|-boost|p2a: Celesteela|spa|1
|-enditem|p2a: Celesteela|Power Herb
|-anim|p2a: Celesteela|Meteor Beam|p1a: 80 Degrees|[miss]
|-miss|p2a: Celesteela|p1a: 80 Degrees
|move|p1a: 80 Degrees|Magma Storm|p2a: Celesteela
|-supereffective|p2a: Celesteela
|-crit|p2a: Celesteela
|-damage|p2a: Celesteela|0 fnt
|faint|p2a: Celesteela
|
|-heal|p1a: 80 Degrees|69/100|[from] item: Leftovers
|upkeep
|c|☆frouug|unlucky
|
|t:|1629175478
|switch|p2a: Urshifu|Urshifu-Rapid-Strike, M|59/100
|-damage|p2a: Urshifu|53/100|[from] Stealth Rock
|turn|19
|
|t:|1629175486
|move|p2a: Urshifu|U-turn|p1a: 80 Degrees
|-resisted|p1a: 80 Degrees
|-damage|p1a: 80 Degrees|63/100
|
|t:|1629175488
|switch|p2a: Blacephalon|Blacephalon|51/100|[from]move: U-turn
|-damage|p2a: Blacephalon|26/100|[from] Stealth Rock
|move|p1a: 80 Degrees|Earth Power|p2a: Blacephalon
|-supereffective|p2a: Blacephalon
|-damage|p2a: Blacephalon|0 fnt
|faint|p2a: Blacephalon
|
|-heal|p1a: 80 Degrees|70/100|[from] item: Leftovers
|-fieldend|Misty Terrain
|upkeep
|-message|cump3 forfeited.
|
|win|frouug
|raw|frouug's rating: 1439 &rarr; <strong>1456</strong><br />(+17 for winning)
|raw|cump3's rating: 1390 &rarr; <strong>1373</strong><br />(-17 for losing)
|l|☆cump3
