|raw|<div class="broadcast-blue"><strong>This battle is required to be public due to a player having a name starting with 'lt91bb'.</div>
|j|‽lt91bb 3d
|j|☆xyz anxiety
|t:|1659538052
|gametype|singles
|player|p1|lt91bb 3d|skierf|1899
|player|p2|xyz anxiety|byron|1969
|teamsize|p1|6
|teamsize|p2|6
|gen|8
|tier|[Gen 8] OU
|rated|
|rule|Sleep Clause Mod: Limit one foe put to sleep
|rule|Species Clause: Limit one of each Pokémon
|rule|OHKO Clause: OHKO moves are banned
|rule|Evasion Moves Clause: Evasion moves are banned
|rule|Endless Battle Clause: Forcing endless battles is banned
|rule|HP Percentage Mod: HP is shown in percentages
|rule|Dynamax Clause: You cannot dynamax
|clearpoke
|poke|p1|Tapu Lele|
|poke|p1|Tornadus-Therian, M|
|poke|p1|Ferrothorn, M|
|poke|p1|Mandibuzz, F|
|poke|p1|Garchomp, M|
|poke|p1|Toxapex, M|
|poke|p2|Mew|
|poke|p2|Landorus-Therian, M|
|poke|p2|Celesteela|
|poke|p2|Nihilego|
|poke|p2|Zeraora|
|poke|p2|Dragapult, F|
|teampreview
|inactive|Battle timer is ON: inactive players will automatically lose when time's up. (requested by lt91bb 3d)
|
|t:|1659538067
|start
|switch|p1a: Tornadus|Tornadus-Therian, M|100/100
|switch|p2a: Mew|Mew|100/100
|turn|1
|j| Cocomelon Esports
|
|t:|1659538072
|move|p1a: Tornadus|Knock Off|p2a: Mew
|-supereffective|p2a: Mew
|-damage|p2a: Mew|65/100
|-enditem|p2a: Mew|Mental Herb|[from] move: Knock Off|[of] p1a: Tornadus
|move|p2a: Mew|Thunder Wave|p1a: Tornadus
|-status|p1a: Tornadus|par
|
|upkeep
|turn|2
|
|t:|1659538083
|move|p2a: Mew|Taunt|p1a: Tornadus
|-start|p1a: Tornadus|move: Taunt
|cant|p1a: Tornadus|move: Taunt|Taunt
|
|upkeep
|turn|3
|
|t:|1659538090
|switch|p1a: Tapu Lele|Tapu Lele|100/100
|-fieldstart|move: Psychic Terrain|[from] ability: Psychic Surge|[of] p1a: Tapu Lele
|move|p2a: Mew|Stealth Rock|p1a: Tapu Lele
|-sidestart|p1: lt91bb 3d|move: Stealth Rock
|
|upkeep
|turn|4
|j| horsehunter
|j| gei
|j| LT91BB bigstomp
|j| CCLM
|j| animefan fan
|j| KFC Chizza
|
|t:|1659538098
|move|p2a: Mew|Thunder Wave|p1a: Tapu Lele
|-status|p1a: Tapu Lele|par
|move|p1a: Tapu Lele|Moonblast|p2a: Mew
|-damage|p2a: Mew|0 fnt
|faint|p2a: Mew
|
|upkeep
|j| rozfu
|j| LT91BB Ox
|j| egal★vanc
|l| KFC Chizza
|
|t:|1659538114
|switch|p2a: Nihilego|Nihilego|100/100
|turn|5
|j| oqo the hunter
|
|t:|1659538122
|switch|p1a: Ferrothorn|Ferrothorn, M|100/100
|-damage|p1a: Ferrothorn|94/100|[from] Stealth Rock
|move|p2a: Nihilego|Sludge Bomb|p1a: Ferrothorn
|-immune|p1a: Ferrothorn
|
|-heal|p1a: Ferrothorn|100/100|[from] item: Leftovers
|upkeep
|turn|6
|j| LT91BB dranb
|l| rozfu
|j|+pichus
|
|t:|1659538130
|switch|p2a: Landorus|Landorus-Therian, M|100/100
|-ability|p2a: Landorus|Intimidate|boost
|-unboost|p1a: Ferrothorn|atk|1
|move|p1a: Ferrothorn|Knock Off|p2a: Landorus
|-damage|p2a: Landorus|85/100
|-enditem|p2a: Landorus|Soft Sand|[from] move: Knock Off|[of] p1a: Ferrothorn
|
|upkeep
|turn|7
|
|t:|1659538137
|switch|p1a: Mandibuzz|Mandibuzz, F|100/100
|move|p2a: Landorus|Swords Dance|p2a: Landorus
|-boost|p2a: Landorus|atk|2
|
|-fieldend|move: Psychic Terrain
|upkeep
|turn|8
|
|t:|1659538149
|move|p2a: Landorus|Stone Edge|p1a: Mandibuzz
|-supereffective|p1a: Mandibuzz
|-damage|p1a: Mandibuzz|0 fnt
|faint|p1a: Mandibuzz
|
|upkeep
|-message|lt91bb 3d forfeited.
|
|win|xyz anxiety
|raw|lt91bb 3d's rating: 1899 &rarr; <strong>1883</strong><br />(-16 for losing)
|raw|xyz anxiety's rating: 1969 &rarr; <strong>1985</strong><br />(+16 for winning)
|l|‽lt91bb 3d
|c|☆xyz anxiety|gg
|j| lt91bbe
