|raw|<div class="broadcast-blue"><strong>This battle is required to be public due to a player having a name starting with 'lt92pf'.</div>
|j|☆LT92PF El Mainer
|j|‽BLOODCLAT
|t:|1660051326
|gametype|singles
|player|p1|LT92PF El Mainer|265|1962
|player|p2|BLOODCLAT|hoopster|1989
|teamsize|p1|6
|teamsize|p2|6
|gen|8
|tier|[Gen 8] OU
|rated|
|rule|Sleep Clause Mod: Limit one foe put to sleep
|rule|Species Clause: Limit one of each Pokémon
|rule|OHKO Clause: OHKO moves are banned
|rule|Evasion Items Clause: Evasion items are banned
|rule|Evasion Moves Clause: Evasion moves are banned
|rule|Endless Battle Clause: Forcing endless battles is banned
|rule|HP Percentage Mod: HP is shown in percentages
|rule|Dynamax Clause: You cannot dynamax
|clearpoke
|poke|p1|Slowking-Galar, M|
|poke|p1|Rotom-Wash|
|poke|p1|Garchomp, M|
|poke|p1|Tornadus-Therian, M|
|poke|p1|Ferrothorn, M|
|poke|p1|Weavile, F|
|poke|p2|Tyranitar, M|
|poke|p2|Clefable, M|
|poke|p2|Excadrill, M|
|poke|p2|Tangrowth, M|
|poke|p2|Slowking-Galar, M|
|poke|p2|Rotom-Wash|
|teampreview
|j| Noob Killah
|j| playingaround987
|j| supahotnicememe
|j| Misterioussaint
|j| Separation
|j| LT92PF PDC
|j| RNN YasuKe
|l|☆LT92PF El Mainer
|player|p1|
|j|@ironwater
|j| LT92P Fever
|j| lt92pf velcro
|j| trumps convoy
|j| whoghohou
|l| whoghohou
|j| Blop_Le_Slime
|inactive|Battle timer is ON: inactive players will automatically lose when time's up. (requested by BLOODCLAT)
|j| Tilt Puppet
|j| Master Origami♕
|j|☆LT92PF El Mainer
|inactive|LT92PF El Mainer reconnected and has 140 seconds left.
|player|p1|LT92PF El Mainer|265
|
|t:|1660051410
|start
|switch|p1a: Rotom|Rotom-Wash|100/100
|switch|p2a: Rotom|Rotom-Wash|100/100
|turn|1
|j| Mollymiltoast
|j| hassams
|
|t:|1660051421
|switch|p1a: Slowking|Slowking-Galar, M|100/100
|move|p2a: Rotom|Toxic|p1a: Slowking
|-immune|p1a: Slowking
|
|upkeep
|turn|2
|
|t:|1660051427
|move|p2a: Rotom|Volt Switch|p1a: Slowking
|-damage|p1a: Slowking|77/100
|
|t:|1660051429
|switch|p2a: Slowking|Slowking-Galar, M|100/100|[from]move: Volt Switch
|move|p1a: Slowking|Sludge Bomb|p2a: Slowking
|-resisted|p2a: Slowking
|-damage|p2a: Slowking|87/100
|
|-heal|p2a: Slowking|94/100|[from] item: Black Sludge
|-heal|p1a: Slowking|83/100|[from] item: Black Sludge
|upkeep
|turn|3
|j| dorapult
|
|t:|1660051440
|switch|p1a: Garchomp|Garchomp, M|100/100
|move|p2a: Slowking|Nasty Plot|p2a: Slowking
|-boost|p2a: Slowking|spa|2
|
|-heal|p2a: Slowking|99/100|[from] item: Black Sludge
|upkeep
|turn|4
|j| lead woat
|j| xuwuhanjun
|
|t:|1660051447
|switch|p1a: Slowking|Slowking-Galar, M|100/100
|move|p2a: Slowking|Trick|p1a: Slowking
|-activate|p2a: Slowking|move: Trick|[of] p1a: Slowking
|-item|p1a: Slowking|Black Sludge|[from] move: Trick
|-item|p2a: Slowking|Black Sludge|[from] move: Trick
|
|-heal|p2a: Slowking|100/100|[from] item: Black Sludge
|upkeep
|turn|5
|
|t:|1660051451
|switch|p1a: Weavile|Weavile, F|100/100
|-ability|p1a: Weavile|Pressure
|move|p2a: Slowking|Sludge Bomb|p1a: Weavile
|-damage|p1a: Weavile|14/100
|
|upkeep
|turn|6
|
|t:|1660051459
|switch|p1a: Ferrothorn|Ferrothorn, M|100/100
|switch|p2a: Clefable|Clefable, M|100/100
|
|upkeep
|turn|7
|j| lt92pf pieds
|j| Stall Sucks Bro✞
|j| Pais
|
|t:|1660051463
|move|p2a: Clefable|Knock Off|p1a: Ferrothorn
|-damage|p1a: Ferrothorn|92/100
|-activate|p1a: Ferrothorn|ability: Iron Barbs
|-enditem|p1a: Ferrothorn|Rocky Helmet|[from] move: Knock Off|[of] p2a: Clefable
|move|p1a: Ferrothorn|Stealth Rock|p2a: Clefable
|-sidestart|p2: BLOODCLAT|move: Stealth Rock
|
|upkeep
|turn|8
|j| Lunala
|j| Anonymous43567
|j| LT92PF croo
|
|t:|1660051467
|move|p2a: Clefable|Stealth Rock|p1a: Ferrothorn
|-sidestart|p1: LT92PF El Mainer|move: Stealth Rock
|move|p1a: Ferrothorn|Knock Off|p2a: Clefable
|-resisted|p2a: Clefable
|-damage|p2a: Clefable|92/100
|-damage|p1a: Ferrothorn|76/100|[from] item: Rocky Helmet|[of] p2a: Clefable
|-enditem|p2a: Clefable|Rocky Helmet|[from] move: Knock Off|[of] p1a: Ferrothorn
|
|upkeep
|turn|9
|l| Anonymous43567
|j| rheysali
|j| AlIoutdragadarts
|inactive|LT92PF El Mainer has 120 seconds left.
|
|t:|1660051509
|move|p2a: Clefable|Knock Off|p1a: Ferrothorn
|-damage|p1a: Ferrothorn|70/100
|-activate|p1a: Ferrothorn|ability: Iron Barbs
|move|p1a: Ferrothorn|Gyro Ball|p2a: Clefable
|-supereffective|p2a: Clefable
|-crit|p2a: Clefable
|-damage|p2a: Clefable|19/100
|
|upkeep
|turn|10
|j| samurott champloo
|
|t:|1660051521
|switch|p2a: Tangrowth|Tangrowth, M|100/100
|-damage|p2a: Tangrowth|88/100|[from] Stealth Rock
|move|p1a: Ferrothorn|Gyro Ball|p2a: Tangrowth
|-damage|p2a: Tangrowth|75/100
|-damage|p1a: Ferrothorn|53/100|[from] item: Rocky Helmet|[of] p2a: Tangrowth
|
|upkeep
|turn|11
|j| aro nova
|inactive|LT92PF El Mainer has 120 seconds left.
|j| Ahsan-219
|
|t:|1660051529
|switch|p1a: Tornadus|Tornadus-Therian, M|100/100
|move|p2a: Tangrowth|Focus Blast|p1a: Tornadus|[miss]
|-miss|p2a: Tangrowth|p1a: Tornadus
|
|upkeep
|turn|12
|j| Ultimate ou
|
|t:|1660051537
|switch|p2a: Rotom|Rotom-Wash|100/100
|-damage|p2a: Rotom|88/100|[from] Stealth Rock
|move|p1a: Tornadus|Knock Off|p2a: Rotom
|-damage|p2a: Rotom|67/100
|-enditem|p2a: Rotom|Leftovers|[from] move: Knock Off|[of] p1a: Tornadus
|
|upkeep
|turn|13
|
|t:|1660051543
|move|p1a: Tornadus|U-turn|p2a: Rotom
|-damage|p2a: Rotom|52/100
|
|t:|1660051546
|switch|p1a: Slowking|Slowking-Galar, M|100/100|[from]move: U-turn
|-damage|p1a: Slowking|88/100|[from] Stealth Rock
|move|p2a: Rotom|Hydro Pump|p1a: Slowking
|-damage|p1a: Slowking|55/100
|
|-heal|p1a: Slowking|62/100|[from] item: Black Sludge
|upkeep
|turn|14
|
|t:|1660051549
|move|p2a: Rotom|Volt Switch|p1a: Slowking
|-damage|p1a: Slowking|42/100
|j| HereForFrens
|
|t:|1660051553
|switch|p2a: Slowking|Slowking-Galar, M|100/100|[from]move: Volt Switch
|-damage|p2a: Slowking|88/100|[from] Stealth Rock
|move|p1a: Slowking|Trick|p2a: Slowking
|-activate|p1a: Slowking|move: Trick|[of] p2a: Slowking
|-item|p2a: Slowking|Black Sludge|[from] move: Trick
|-item|p1a: Slowking|Black Sludge|[from] move: Trick
|
|-heal|p1a: Slowking|48/100|[from] item: Black Sludge
|-heal|p2a: Slowking|94/100|[from] item: Black Sludge
|upkeep
|turn|15
|j| SmartInResults
|
|t:|1660051559
|switch|p1a: Weavile|Weavile, F|14/100
|-ability|p1a: Weavile|Pressure
|move|p2a: Slowking|Nasty Plot|p2a: Slowking
|-boost|p2a: Slowking|spa|2
|
|-heal|p2a: Slowking|100/100|[from] item: Black Sludge
|upkeep
|turn|16
|c| HereForFrens|based
|
|t:|1660051564
|switch|p2a: Tangrowth|Tangrowth, M|100/100
|-damage|p2a: Tangrowth|88/100|[from] Stealth Rock
|move|p1a: Weavile|Knock Off|p2a: Tangrowth
|-damage|p2a: Tangrowth|61/100
|-damage|p1a: Weavile|0 fnt|[from] item: Rocky Helmet|[of] p2a: Tangrowth
|faint|p1a: Weavile
|
|upkeep
|
|t:|1660051567
|switch|p1a: Tornadus|Tornadus-Therian, M|100/100
|turn|17
|
|t:|1660051574
|move|p1a: Tornadus|Hurricane|p2a: Tangrowth
|-supereffective|p2a: Tangrowth
|-damage|p2a: Tangrowth|0 fnt
|faint|p2a: Tangrowth
|
|upkeep
|j| Brenik
|j| Ghhshdhd
|
|t:|1660051578
|switch|p2a: Excadrill|Excadrill, M|100/100
|-damage|p2a: Excadrill|97/100|[from] Stealth Rock
|turn|18
|
|t:|1660051582
|move|p1a: Tornadus|Defog|p2a: Excadrill
|-unboost|p2a: Excadrill|evasion|1
|-sideend|p2: BLOODCLAT|Stealth Rock|[from] move: Defog|[of] p1a: Tornadus
|-sideend|p1: LT92PF El Mainer|Stealth Rock|[from] move: Defog|[of] p1a: Tornadus
|move|p2a: Excadrill|Rapid Spin|p1a: Tornadus
|-damage|p1a: Tornadus|76/100
|-boost|p2a: Excadrill|spe|1
|
|-heal|p2a: Excadrill|100/100|[from] item: Leftovers
|upkeep
|turn|19
|
|t:|1660051586
|switch|p1a: Rotom|Rotom-Wash|100/100
|move|p2a: Excadrill|Swords Dance|p2a: Excadrill
|-boost|p2a: Excadrill|atk|2
|
|upkeep
|turn|20
|j| Altaria Love
|
|t:|1660051593
|switch|p2a: Slowking|Slowking-Galar, M|100/100
|move|p1a: Rotom|Will-O-Wisp|p2a: Slowking
|-status|p2a: Slowking|brn
|
|-damage|p2a: Slowking|94/100 brn|[from] brn
|upkeep
|turn|21
|
|t:|1660051598
|move|p1a: Rotom|Volt Switch|p2a: Slowking
|-damage|p2a: Slowking|72/100 brn
|
|t:|1660051603
|switch|p1a: Ferrothorn|Ferrothorn, M|53/100|[from]move: Volt Switch
|move|p2a: Slowking|Nasty Plot|p2a: Slowking
|-boost|p2a: Slowking|spa|2
|
|-heal|p2a: Slowking|78/100 brn|[from] item: Black Sludge
|-damage|p2a: Slowking|72/100 brn|[from] brn
|upkeep
|turn|22
|
|t:|1660051606
|move|p2a: Slowking|Trick|p1a: Ferrothorn
|-activate|p2a: Slowking|move: Trick|[of] p1a: Ferrothorn
|-item|p1a: Ferrothorn|Black Sludge|[from] move: Trick
|-enditem|p2a: Slowking|Black Sludge|[silent]|[from] move: Trick
|move|p1a: Ferrothorn|Stealth Rock|p2a: Slowking
|-sidestart|p2: BLOODCLAT|move: Stealth Rock
|
|-damage|p1a: Ferrothorn|41/100|[from] item: Black Sludge
|-damage|p2a: Slowking|66/100 brn|[from] brn
|upkeep
|turn|23
|l| Lunala
|j| tapu moxo
|
|t:|1660051615
|switch|p2a: Clefable|Clefable, M|19/100
|move|p1a: Ferrothorn|Gyro Ball|p2a: Clefable
|-supereffective|p2a: Clefable
|-damage|p2a: Clefable|0 fnt
|faint|p2a: Clefable
|
|-damage|p1a: Ferrothorn|29/100|[from] item: Black Sludge
|upkeep
|
|t:|1660051618
|switch|p2a: Tyranitar|Tyranitar, M|100/100
|-damage|p2a: Tyranitar|88/100|[from] Stealth Rock
|-weather|Sandstorm|[from] ability: Sand Stream|[of] p2a: Tyranitar
|turn|24
|
|t:|1660051622
|move|p2a: Tyranitar|Crunch|p1a: Ferrothorn
|-damage|p1a: Ferrothorn|0 fnt
|-damage|p2a: Tyranitar|76/100|[from] ability: Iron Barbs|[of] p1a: Ferrothorn
|faint|p1a: Ferrothorn
|
|-weather|Sandstorm|[upkeep]
|upkeep
|
|t:|1660051624
|switch|p1a: Garchomp|Garchomp, M|100/100
|turn|25
|
|t:|1660051627
|move|p1a: Garchomp|Earthquake|p2a: Tyranitar
|-supereffective|p2a: Tyranitar
|-damage|p2a: Tyranitar|0 fnt
|faint|p2a: Tyranitar
|
|-weather|Sandstorm|[upkeep]
|upkeep
|
|t:|1660051632
|switch|p2a: Excadrill|Excadrill, M|100/100
|-damage|p2a: Excadrill|97/100|[from] Stealth Rock
|turn|26
|inactive|LT92PF El Mainer has 120 seconds left.
|j| fishous friend ☻
|
|t:|1660051679
|move|p2a: Excadrill|Swords Dance|p2a: Excadrill
|-boost|p2a: Excadrill|atk|2
|move|p1a: Garchomp|Earthquake|p2a: Excadrill
|-supereffective|p2a: Excadrill
|-damage|p2a: Excadrill|0 fnt
|faint|p2a: Excadrill
|
|-weather|Sandstorm|[upkeep]
|upkeep
|c|☆LT92PF El Mainer|Gg
|-message|BLOODCLAT forfeited.
|
|win|LT92PF El Mainer
|raw|LT92PF El Mainer's rating: 1962 &rarr; <strong>1984</strong><br />(+22 for winning)
|raw|BLOODCLAT's rating: 1989 &rarr; <strong>1967</strong><br />(-22 for losing)
|l|‽BLOODCLAT
|j| HLTL1
|l| Altaria Love
|l| lt92pf velcro
|l| SmartInResults
|l|@ironwater
|l| lead woat
|l| Brenik
|l| Noob Killah
|l| HereForFrens
|l| trumps convoy
|l| Master Origami♕
|l| HLTL1
|l| Mollymiltoast
|j| Master Origami♕
|l| Master Origami♕
|l| hassams
|l| AlIoutdragadarts
|j| mitana
||Ladder isn't responding, score probably updated but might not have (Request timeout).
|l| mitana
