|j|☆gaenisalbino
|j|☆Aurinko_Test
|t:|1629205298
|gametype|singles
|player|p1|gaenisalbino|101|1632
|player|p2|Aurinko_Test|hugh|1615
|teamsize|p1|6
|teamsize|p2|6
|gen|8
|tier|[Gen 8] OU
|rated|
|rule|Sleep Clause Mod: Limit one foe put to sleep
|rule|Species Clause: Limit one of each Pokémon
|rule|OHKO Clause: OHKO moves are banned
|rule|Evasion Moves Clause: Evasion moves are banned
|rule|Endless Battle Clause: Forcing endless battles is banned
|rule|HP Percentage Mod: HP is shown in percentages
|rule|Dynamax Clause: You cannot dynamax
|clearpoke
|poke|p1|Dragonite, M|
|poke|p1|Landorus-Therian, M|
|poke|p1|Weavile, M|
|poke|p1|Scizor, F|
|poke|p1|Tapu Fini|
|poke|p1|Nidoking, M|
|poke|p2|Latias, F|
|poke|p2|Incineroar, M|
|poke|p2|Grimmsnarl, M|
|poke|p2|Azelf|
|poke|p2|Clefable, F|
|poke|p2|Zapdos-Galar|
|teampreview
|inactive|Battle timer is ON: inactive players will automatically lose when time's up. (requested by Aurinko_Test)
|
|t:|1629205380
|start
|switch|p1a: Nidoking|Nidoking, M|100/100
|switch|p2a: Azelf|Azelf|100/100
|turn|1
|
|t:|1629205389
|move|p2a: Azelf|Stealth Rock|p1a: Nidoking
|-sidestart|p1: gaenisalbino|move: Stealth Rock
|move|p1a: Nidoking|Ice Beam|p2a: Azelf
|-damage|p2a: Azelf|38/100
|
|upkeep
|turn|2
|
|t:|1629205396
|switch|p1a: Landorus|Landorus-Therian, M|100/100
|-damage|p1a: Landorus|88/100|[from] Stealth Rock
|-ability|p1a: Landorus|Intimidate|boost
|-unboost|p2a: Azelf|atk|1
|move|p2a: Azelf|Explosion|p1a: Landorus
|-damage|p1a: Landorus|47/100
|faint|p2a: Azelf
|
|-heal|p1a: Landorus|53/100|[from] item: Leftovers
|upkeep
|
|t:|1629205408
|switch|p2a: Grimmsnarl|Grimmsnarl, M|100/100
|turn|3
|
|t:|1629205419
|move|p2a: Grimmsnarl|Taunt|p1a: Landorus
|-start|p1a: Landorus|move: Taunt
|move|p1a: Landorus|U-turn|p2a: Grimmsnarl
|-damage|p2a: Grimmsnarl|74/100
|
|t:|1629205426
|switch|p1a: Nidoking|Nidoking, M|100/100|[from]move: U-turn
|-damage|p1a: Nidoking|95/100|[from] Stealth Rock
|
|upkeep
|turn|4
|j| RWaver
|
|t:|1629205446
|move|p2a: Grimmsnarl|Light Screen|p2a: Grimmsnarl
|-sidestart|p2: Aurinko_Test|move: Light Screen
|move|p1a: Nidoking|Ice Beam|p2a: Grimmsnarl
|-damage|p2a: Grimmsnarl|57/100
|
|upkeep
|turn|5
|
|t:|1629205458
|switch|p1a: Scizor|Scizor, F|100/100
|-damage|p1a: Scizor|88/100|[from] Stealth Rock
|move|p2a: Grimmsnarl|Reflect|p2a: Grimmsnarl
|-sidestart|p2: Aurinko_Test|Reflect
|
|upkeep
|turn|6
|
|t:|1629205465
|move|p2a: Grimmsnarl|Taunt|p1a: Scizor
|-start|p1a: Scizor|move: Taunt
|cant|p1a: Scizor|move: Taunt|Swords Dance
|
|upkeep
|turn|7
|
|t:|1629205470
|switch|p2a: Incineroar|Incineroar, M|100/100
|-ability|p2a: Incineroar|Intimidate|boost
|-unboost|p1a: Scizor|atk|1
|move|p1a: Scizor|Knock Off|p2a: Incineroar
|-resisted|p2a: Incineroar
|-damage|p2a: Incineroar|94/100
|-enditem|p2a: Incineroar|Weakness Policy|[from] move: Knock Off|[of] p1a: Scizor
|
|upkeep
|turn|8
|
|t:|1629205480
|switch|p1a: Landorus|Landorus-Therian, M|53/100
|-damage|p1a: Landorus|41/100|[from] Stealth Rock
|-ability|p1a: Landorus|Intimidate|boost
|-unboost|p2a: Incineroar|atk|1
|move|p2a: Incineroar|Bulk Up|p2a: Incineroar
|-boost|p2a: Incineroar|atk|1
|-boost|p2a: Incineroar|def|1
|
|-heal|p1a: Landorus|47/100|[from] item: Leftovers
|upkeep
|turn|9
|
|t:|1629205500
|move|p2a: Incineroar|Bulk Up|p2a: Incineroar
|-boost|p2a: Incineroar|atk|1
|-boost|p2a: Incineroar|def|1
|move|p1a: Landorus|Toxic|p2a: Incineroar
|-status|p2a: Incineroar|tox
|
|-heal|p1a: Landorus|53/100|[from] item: Leftovers
|-damage|p2a: Incineroar|88/100 tox|[from] psn
|upkeep
|turn|10
|
|t:|1629205510
|move|p2a: Incineroar|Flame Charge|p1a: Landorus
|-damage|p1a: Landorus|27/100
|-boost|p2a: Incineroar|spe|1
|move|p1a: Landorus|Earthquake|p2a: Incineroar
|-supereffective|p2a: Incineroar
|-damage|p2a: Incineroar|59/100 tox
|
|-heal|p1a: Landorus|33/100|[from] item: Leftovers
|-damage|p2a: Incineroar|47/100 tox|[from] psn
|upkeep
|turn|11
|
|t:|1629205521
|move|p2a: Incineroar|Power Trip|p1a: Landorus
|-damage|p1a: Landorus|0 fnt
|faint|p1a: Landorus
|
|-damage|p2a: Incineroar|29/100 tox|[from] psn
|-sideend|p2: Aurinko_Test|move: Light Screen
|upkeep
|inactive|gaenisalbino has 120 seconds left.
|
|t:|1629205554
|switch|p1a: Tapu Fini|Tapu Fini|100/100
|-damage|p1a: Tapu Fini|88/100|[from] Stealth Rock
|-fieldstart|move: Misty Terrain|[from] ability: Misty Surge|[of] p1a: Tapu Fini
|turn|12
|
|t:|1629205567
|move|p2a: Incineroar|Power Trip|p1a: Tapu Fini
|-resisted|p1a: Tapu Fini
|-damage|p1a: Tapu Fini|64/100
|move|p1a: Tapu Fini|Draining Kiss|p2a: Incineroar
|-damage|p2a: Incineroar|10/100 tox
|-heal|p1a: Tapu Fini|77/100|[from] drain|[of] p2a: Incineroar
|
|-heal|p1a: Tapu Fini|83/100|[from] item: Leftovers
|-damage|p2a: Incineroar|0 fnt|[from] psn
|faint|p2a: Incineroar
|-sideend|p2: Aurinko_Test|Reflect
|upkeep
|
|t:|1629205580
|switch|p2a: Grimmsnarl|Grimmsnarl, M|57/100
|turn|13
|inactive|gaenisalbino has 120 seconds left.
|
|t:|1629205605
|move|p2a: Grimmsnarl|Reflect|p2a: Grimmsnarl
|-sidestart|p2: Aurinko_Test|Reflect
|move|p1a: Tapu Fini|Calm Mind|p1a: Tapu Fini
|-boost|p1a: Tapu Fini|spa|1
|-boost|p1a: Tapu Fini|spd|1
|
|-heal|p1a: Tapu Fini|89/100|[from] item: Leftovers
|upkeep
|turn|14
|
|t:|1629205613
|move|p2a: Grimmsnarl|Light Screen|p2a: Grimmsnarl
|-sidestart|p2: Aurinko_Test|move: Light Screen
|move|p1a: Tapu Fini|Scald|p2a: Grimmsnarl
|-damage|p2a: Grimmsnarl|41/100
|
|-heal|p1a: Tapu Fini|96/100|[from] item: Leftovers
|upkeep
|turn|15
|
|t:|1629205620
|move|p2a: Grimmsnarl|Taunt|p1a: Tapu Fini
|-start|p1a: Tapu Fini|move: Taunt
|cant|p1a: Tapu Fini|move: Taunt|Calm Mind
|
|-heal|p1a: Tapu Fini|100/100|[from] item: Leftovers
|upkeep
|turn|16
|
|t:|1629205628
|switch|p2a: Latias|Latias, F|100/100
|move|p1a: Tapu Fini|Scald|p2a: Latias
|-resisted|p2a: Latias
|-damage|p2a: Latias|93/100
|
|-fieldend|Misty Terrain
|upkeep
|turn|17
|
|t:|1629205650
|move|p2a: Latias|Calm Mind|p2a: Latias
|-boost|p2a: Latias|spa|1
|-boost|p2a: Latias|spd|1
|move|p1a: Tapu Fini|Draining Kiss|p2a: Latias
|-supereffective|p2a: Latias
|-damage|p2a: Latias|78/100
|-enditem|p2a: Latias|Weakness Policy
|-boost|p2a: Latias|atk|2|[from] item: Weakness Policy
|-boost|p2a: Latias|spa|2|[from] item: Weakness Policy
|
|-end|p1a: Tapu Fini|move: Taunt
|upkeep
|turn|18
|
|t:|1629205660
|move|p2a: Latias|Agility|p2a: Latias
|-boost|p2a: Latias|spe|2
|move|p1a: Tapu Fini|Calm Mind|p1a: Tapu Fini
|-boost|p1a: Tapu Fini|spa|1
|-boost|p1a: Tapu Fini|spd|1
|
|upkeep
|turn|19
|
|t:|1629205668
|move|p2a: Latias|Stored Power|p1a: Tapu Fini
|-damage|p1a: Tapu Fini|12/100
|move|p1a: Tapu Fini|Draining Kiss|p2a: Latias
|-supereffective|p2a: Latias
|-damage|p2a: Latias|58/100
|-heal|p1a: Tapu Fini|25/100|[from] drain|[of] p2a: Latias
|
|-heal|p1a: Tapu Fini|31/100|[from] item: Leftovers
|upkeep
|turn|20
|
|t:|1629205677
|move|p2a: Latias|Stored Power|p1a: Tapu Fini
|-damage|p1a: Tapu Fini|0 fnt
|faint|p1a: Tapu Fini
|
|-sideend|p2: Aurinko_Test|Reflect
|upkeep
|
|t:|1629205686
|switch|p1a: Weavile|Weavile, M|100/100
|-ability|p1a: Weavile|Pressure
|turn|21
|
|t:|1629205691
|move|p1a: Weavile|Ice Shard|p2a: Latias
|-supereffective|p2a: Latias
|-damage|p2a: Latias|8/100
|move|p2a: Latias|Aura Sphere|p1a: Weavile
|-supereffective|p1a: Weavile
|-damage|p1a: Weavile|0 fnt
|faint|p1a: Weavile
|
|-sideend|p2: Aurinko_Test|move: Light Screen
|upkeep
|
|t:|1629205693
|switch|p1a: Scizor|Scizor, F|88/100
|-damage|p1a: Scizor|76/100|[from] Stealth Rock
|turn|22
|
|t:|1629205703
|switch|p2a: Zapdos|Zapdos-Galar|100/100
|move|p1a: Scizor|Bullet Punch|p2a: Zapdos
|-damage|p2a: Zapdos|60/100
|
|upkeep
|turn|23
|
|t:|1629205711
|move|p2a: Zapdos|Blaze Kick|p1a: Scizor
|-supereffective|p1a: Scizor
|-damage|p1a: Scizor|0 fnt
|faint|p1a: Scizor
|
|upkeep
|
|t:|1629205718
|switch|p1a: Dragonite|Dragonite, M, shiny|100/100
|turn|24
|
|t:|1629205722
|switch|p2a: Clefable|Clefable, F|100/100
|move|p1a: Dragonite|Dragon Dance|p1a: Dragonite
|-boost|p1a: Dragonite|atk|1
|-boost|p1a: Dragonite|spe|1
|
|upkeep
|turn|25
|
|t:|1629205730
|move|p1a: Dragonite|Earthquake|p2a: Clefable
|-damage|p2a: Clefable|74/100
|move|p2a: Clefable|Wish|p2a: Clefable
|
|-heal|p2a: Clefable|80/100|[from] item: Leftovers
|upkeep
|turn|26
|
|t:|1629205750
|move|p1a: Dragonite|Ice Punch|p2a: Clefable
|-damage|p2a: Clefable|60/100
|move|p2a: Clefable|Teleport|p2a: Clefable
|
|t:|1629205755
|switch|p2a: Latias|Latias, F|8/100|[from]move: Teleport
|
|-heal|p2a: Latias|73/100|[from] move: Wish|[wisher] Clefable
|upkeep
|turn|27
|
|t:|1629205763
|switch|p2a: Clefable|Clefable, F|60/100
|move|p1a: Dragonite|Dragon Dance|p1a: Dragonite
|-boost|p1a: Dragonite|atk|1
|-boost|p1a: Dragonite|spe|1
|
|-heal|p2a: Clefable|66/100|[from] item: Leftovers
|upkeep
|turn|28
|
|t:|1629205772
|move|p1a: Dragonite|Ice Punch|p2a: Clefable
|-damage|p2a: Clefable|44/100
|move|p2a: Clefable|Wish|p2a: Clefable
|
|-heal|p2a: Clefable|50/100|[from] item: Leftovers
|upkeep
|turn|29
|
|t:|1629205779
|move|p1a: Dragonite|Ice Punch|p2a: Clefable
|-damage|p2a: Clefable|31/100
|move|p2a: Clefable|Moonblast|p1a: Dragonite
|-supereffective|p1a: Dragonite
|-damage|p1a: Dragonite|69/100
|-unboost|p1a: Dragonite|spa|1
|
|-heal|p2a: Clefable|81/100|[from] move: Wish|[wisher] Clefable
|-heal|p2a: Clefable|87/100|[from] item: Leftovers
|upkeep
|turn|30
|
|t:|1629205792
|move|p1a: Dragonite|Ice Punch|p2a: Clefable
|-damage|p2a: Clefable|66/100
|move|p2a: Clefable|Wish|p2a: Clefable
|
|-heal|p2a: Clefable|72/100|[from] item: Leftovers
|upkeep
|turn|31
|
|t:|1629205800
|move|p1a: Dragonite|Ice Punch|p2a: Clefable
|-damage|p2a: Clefable|52/100
|move|p2a: Clefable|Teleport|p2a: Clefable
|
|t:|1629205806
|switch|p2a: Grimmsnarl|Grimmsnarl, M|41/100|[from]move: Teleport
|
|-heal|p2a: Grimmsnarl|91/100|[from] move: Wish|[wisher] Clefable
|upkeep
|turn|32
|
|t:|1629205819
|switch|p2a: Clefable|Clefable, F|52/100
|move|p1a: Dragonite|Superpower|p2a: Clefable
|-resisted|p2a: Clefable
|-damage|p2a: Clefable|36/100
|-unboost|p1a: Dragonite|atk|1
|-unboost|p1a: Dragonite|def|1
|
|-heal|p2a: Clefable|42/100|[from] item: Leftovers
|upkeep
|turn|33
|
|t:|1629205830
|move|p1a: Dragonite|Ice Punch|p2a: Clefable
|-damage|p2a: Clefable|22/100
|-status|p2a: Clefable|frz
|cant|p2a: Clefable|frz
|
|-heal|p2a: Clefable|28/100 frz|[from] item: Leftovers
|upkeep
|turn|34
|
|t:|1629205841
|move|p1a: Dragonite|Ice Punch|p2a: Clefable
|-damage|p2a: Clefable|9/100 frz
|cant|p2a: Clefable|frz
|
|-heal|p2a: Clefable|15/100 frz|[from] item: Leftovers
|upkeep
|turn|35
|
|t:|1629205849
|move|p1a: Dragonite|Dragon Dance|p1a: Dragonite
|-boost|p1a: Dragonite|atk|1
|-boost|p1a: Dragonite|spe|1
|cant|p2a: Clefable|frz
|
|-heal|p2a: Clefable|21/100 frz|[from] item: Leftovers
|upkeep
|turn|36
|
|t:|1629205857
|move|p1a: Dragonite|Earthquake|p2a: Clefable
|-damage|p2a: Clefable|0 fnt
|faint|p2a: Clefable
|
|upkeep
|
|t:|1629205862
|switch|p2a: Grimmsnarl|Grimmsnarl, M|91/100
|turn|37
|
|t:|1629205876
|move|p2a: Grimmsnarl|Reflect|p2a: Grimmsnarl
|-sidestart|p2: Aurinko_Test|Reflect
|move|p1a: Dragonite|Earthquake|p2a: Grimmsnarl
|-damage|p2a: Grimmsnarl|48/100
|
|upkeep
|turn|38
|
|t:|1629205893
|move|p1a: Dragonite|Earthquake|p2a: Grimmsnarl
|-damage|p2a: Grimmsnarl|3/100
|move|p2a: Grimmsnarl|Spirit Break|p1a: Dragonite
|-supereffective|p1a: Dragonite
|-damage|p1a: Dragonite|0 fnt
|faint|p1a: Dragonite
|
|upkeep
|
|t:|1629205896
|switch|p1a: Nidoking|Nidoking, M|95/100
|-damage|p1a: Nidoking|89/100|[from] Stealth Rock
|turn|39
|
|t:|1629205904
|move|p2a: Grimmsnarl|Light Screen|p2a: Grimmsnarl
|-sidestart|p2: Aurinko_Test|move: Light Screen
|move|p1a: Nidoking|Ice Beam|p2a: Grimmsnarl
|-damage|p2a: Grimmsnarl|0 fnt
|faint|p2a: Grimmsnarl
|
|upkeep
|j| Licor43
|l| Licor43
|
|t:|1629205910
|switch|p2a: Latias|Latias, F|73/100
|turn|40
|
|t:|1629205913
|move|p2a: Latias|Calm Mind|p2a: Latias
|-boost|p2a: Latias|spa|1
|-boost|p2a: Latias|spd|1
|move|p1a: Nidoking|Ice Beam|p2a: Latias
|-supereffective|p2a: Latias
|-damage|p2a: Latias|47/100
|
|upkeep
|turn|41
|
|t:|1629205920
|move|p2a: Latias|Stored Power|p1a: Nidoking
|-supereffective|p1a: Nidoking
|-damage|p1a: Nidoking|0 fnt
|faint|p1a: Nidoking
|
|win|Aurinko_Test
|raw|gaenisalbino's rating: 1632 &rarr; <strong>1611</strong><br />(-21 for losing)
|raw|Aurinko_Test's rating: 1615 &rarr; <strong>1636</strong><br />(+21 for winning)
