|j|☆A3720
|j|☆thesky12321
|t:|1649651468
|gametype|singles
|player|p1|A3720|1|1613
|player|p2|thesky12321|169|1695
|teamsize|p1|6
|teamsize|p2|6
|gen|8
|tier|[Gen 8] OU
|rated|
|rule|Sleep Clause Mod: Limit one foe put to sleep
|rule|Species Clause: Limit one of each Pokémon
|rule|OHKO Clause: OHKO moves are banned
|rule|Evasion Moves Clause: Evasion moves are banned
|rule|Endless Battle Clause: Forcing endless battles is banned
|rule|HP Percentage Mod: HP is shown in percentages
|rule|Dynamax Clause: You cannot dynamax
|clearpoke
|poke|p1|Hydreigon, F|
|poke|p1|Slowbro-Galar, F|
|poke|p1|Kartana|
|poke|p1|Garchomp, M|
|poke|p1|Mew|
|poke|p1|Blaziken, F|
|poke|p2|Buzzwole|
|poke|p2|Melmetal|
|poke|p2|Volcanion|
|poke|p2|Clefable, M|
|poke|p2|Victini|
|poke|p2|Landorus-Therian, M|
|teampreview
|
|t:|1649651475
|start
|switch|p1a: Mew|Mew|100/100
|switch|p2a: Landorus|Landorus-Therian, M|100/100
|-ability|p2a: Landorus|Intimidate|boost
|-unboost|p1a: Mew|atk|1
|turn|1
|j| trynabelikeblunder
|l| trynabelikeblunder
|j| Girly Girl Coff
|
|t:|1649651482
|switch|p2a: Volcanion|Volcanion|100/100
|move|p1a: Mew|Stealth Rock|p2a: Volcanion
|-sidestart|p2: thesky12321|move: Stealth Rock
|
|upkeep
|turn|2
|l| Girly Girl Coff
|
|t:|1649651495
|move|p1a: Mew|Taunt|p2a: Volcanion
|-start|p2a: Volcanion|move: Taunt
|move|p2a: Volcanion|Steam Eruption|p1a: Mew
|-damage|p1a: Mew|52/100
|
|upkeep
|turn|3
|
|t:|1649651499
|move|p1a: Mew|Spikes|p2a: Volcanion
|-sidestart|p2: thesky12321|Spikes
|move|p2a: Volcanion|Steam Eruption|p1a: Mew
|-damage|p1a: Mew|0 fnt
|faint|p1a: Mew
|
|upkeep
|
|t:|1649651518
|switch|p1a: Hydreigon|Hydreigon, F|100/100
|turn|4
|
|t:|1649651521
|switch|p2a: Clefable|Clefable, M|100/100
|move|p1a: Hydreigon|Nasty Plot|p1a: Hydreigon
|-boost|p1a: Hydreigon|spa|2
|
|upkeep
|turn|5
|
|t:|1649651523
|move|p1a: Hydreigon|Flash Cannon|p2a: Clefable
|-supereffective|p2a: Clefable
|-damage|p2a: Clefable|10/100
|-damage|p1a: Hydreigon|91/100|[from] item: Life Orb
|move|p2a: Clefable|Moonblast|p1a: Hydreigon
|-supereffective|p1a: Hydreigon
|-damage|p1a: Hydreigon|0 fnt
|faint|p1a: Hydreigon
|
|-heal|p2a: Clefable|16/100|[from] item: Leftovers
|upkeep
|
|t:|1649651547
|switch|p1a: Slowbro|Slowbro-Galar, F|100/100
|turn|6
|
|t:|1649651556
|move|p2a: Clefable|Knock Off|p1a: Slowbro
|-supereffective|p1a: Slowbro
|-damage|p1a: Slowbro|74/100
|-enditem|p1a: Slowbro|Quick Claw|[from] move: Knock Off|[of] p2a: Clefable
|move|p1a: Slowbro|Belly Drum|p1a: Slowbro
|-damage|p1a: Slowbro|24/100
|-setboost|p1a: Slowbro|atk|6|[from] move: Belly Drum
|
|-heal|p2a: Clefable|22/100|[from] item: Leftovers
|upkeep
|turn|7
|
|t:|1649651563
|move|p2a: Clefable|Knock Off|p1a: Slowbro
|-supereffective|p1a: Slowbro
|-damage|p1a: Slowbro|5/100
|move|p1a: Slowbro|Shell Side Arm|p2a: Clefable|[anim] Shell Side Arm Physical
|-supereffective|p2a: Clefable
|-damage|p2a: Clefable|0 fnt
|-hint|Physical Shell Side Arm
|faint|p2a: Clefable
|
|upkeep
|
|t:|1649651576
|switch|p2a: Buzzwole|Buzzwole|100/100
|turn|8
|j| ItJustSamX
|-activate|p1a: Slowbro|ability: Quick Draw
|
|t:|1649651580
|move|p1a: Slowbro|Zen Headbutt|p2a: Buzzwole
|-supereffective|p2a: Buzzwole
|-damage|p2a: Buzzwole|0 fnt
|faint|p2a: Buzzwole
|
|upkeep
|
|t:|1649651585
|switch|p2a: Landorus|Landorus-Therian, M|100/100
|-damage|p2a: Landorus|88/100|[from] Stealth Rock
|-ability|p2a: Landorus|Intimidate|boost
|-unboost|p1a: Slowbro|atk|1
|turn|9
|j| deepesh1
|-activate|p1a: Slowbro|ability: Quick Draw
|
|t:|1649651589
|move|p1a: Slowbro|Zen Headbutt|p2a: Landorus
|-damage|p2a: Landorus|0 fnt
|faint|p2a: Landorus
|
|upkeep
|
|t:|1649651594
|switch|p2a: Volcanion|Volcanion|100/100
|turn|10
|-activate|p1a: Slowbro|ability: Quick Draw
|
|t:|1649651599
|move|p1a: Slowbro|Shell Side Arm|p2a: Volcanion|[anim] Shell Side Arm Physical
|-damage|p2a: Volcanion|0 fnt
|-hint|Physical Shell Side Arm
|faint|p2a: Volcanion
|
|upkeep
|j| CloseCombatChansey
|j| bike mike
|c|☆A3720|im sorry
|c|☆thesky12321|.dt quick draw
|-message|thesky12321 forfeited.
|
|win|A3720
|raw|A3720's rating: 1613 &rarr; <strong>1638</strong><br />(+25 for winning)
|raw|thesky12321's rating: 1695 &rarr; <strong>1670</strong><br />(-25 for losing)
|c|☆A3720|i should stop using this
|l|☆thesky12321
