|j|☆Arnaud senju vgc
|j|☆Christo
|player|p1|Arnaud senju vgc|alder|1812
|player|p2|Christo|#christothegr8|1786
|teamsize|p1|6
|teamsize|p2|6
|gametype|singles
|gen|8
|tier|[Gen 8] OU
|rated|
|clearpoke
|poke|p1|Ribombee, M|
|poke|p1|Togekiss, M|
|poke|p1|Excadrill, M|
|poke|p1|Cloyster, F|
|poke|p1|Necrozma|
|poke|p1|Magearna|
|poke|p2|Marowak-Alola, F|
|poke|p2|Clefable, M|
|poke|p2|Zeraora|
|poke|p2|Hydreigon, F|
|poke|p2|Excadrill, M|
|poke|p2|Cinderace, F|
|rule|Sleep Clause Mod: Limit one foe put to sleep
|rule|Species Clause: Limit one of each Pokémon
|rule|OHKO Clause: OHKO moves are banned
|rule|Evasion Moves Clause: Evasion moves are banned
|rule|Endless Battle Clause: Forcing endless battles is banned
|rule|HP Percentage Mod: HP is shown in percentages
|rule|Dynamax Clause: You cannot dynamax
|teampreview
|j| Dylanronpa
|j| ShadowTash
|
|start
|switch|p1a: Cloyster|Cloyster, F|100/100
|switch|p2a: Zeraora|Zeraora|100/100
|turn|1
|j| suksuk9
|inactive|Battle timer is ON: inactive players will automatically lose when time's up. (requested by Arnaud senju vgc)
|j|+Stallion
|
|move|p2a: Zeraora|Volt Switch|p1a: Cloyster
|-supereffective|p1a: Cloyster
|-damage|p1a: Cloyster|0 fnt
|faint|p1a: Cloyster
|j| Isabela Top Ladder
|j| bad battie
|
|switch|p2a: Cinderace|Cinderace, F|100/100|[from]move: Volt Switch
|
|upkeep
|j| x555
|j| Cridentials-
|
|switch|p1a: Ribombee|Ribombee, M|100/100
|turn|2
|l| Cridentials-
|
|switch|p2a: Excadrill|Excadrill, M|100/100
|-ability|p2a: Excadrill|Mold Breaker
|move|p1a: Ribombee|Sticky Web|p2a: Excadrill
|-sidestart|p2: Christo|move: Sticky Web
|
|upkeep
|turn|3
|j| 19964user
|j| Billy Billyson
|
|move|p1a: Ribombee|Stun Spore|p2a: Excadrill
|-status|p2a: Excadrill|par
|move|p2a: Excadrill|Rapid Spin|p1a: Ribombee
|-damage|p1a: Ribombee|65/100
|-boost|p2a: Excadrill|spe|1
|-sideend|p2: Christo|Sticky Web|[from] move: Rapid Spin|[of] p2a: Excadrill
|
|upkeep
|turn|4
|j| Pineco is hot
|
|switch|p1a: Necrozma|Necrozma|100/100
|move|p2a: Excadrill|Rapid Spin|p1a: Necrozma
|-damage|p1a: Necrozma|88/100
|-boost|p2a: Excadrill|spe|1
|
|upkeep
|turn|5
|
|switch|p1a: Ribombee|Ribombee, M|65/100
|cant|p2a: Excadrill|par
|
|upkeep
|turn|6
|j| MegaCurtEvolved
|j| Adicire
|
|move|p1a: Ribombee|Moonblast|p2a: Excadrill
|-resisted|p2a: Excadrill
|-damage|p2a: Excadrill|76/100 par
|cant|p2a: Excadrill|par
|
|-heal|p2a: Excadrill|82/100 par|[from] item: Leftovers
|upkeep
|turn|7
|j| Sksks and I oop
|
|move|p1a: Ribombee|Moonblast|p2a: Excadrill
|-resisted|p2a: Excadrill
|-damage|p2a: Excadrill|54/100 par
|move|p2a: Excadrill|Rapid Spin|p1a: Ribombee
|-damage|p1a: Ribombee|26/100
|-boost|p2a: Excadrill|spe|1
|
|-heal|p2a: Excadrill|60/100 par|[from] item: Leftovers
|upkeep
|turn|8
|j| kitikitikiti
|
|switch|p1a: Necrozma|Necrozma|88/100
|cant|p2a: Excadrill|par
|
|-heal|p2a: Excadrill|66/100 par|[from] item: Leftovers
|upkeep
|turn|9
|
|move|p2a: Excadrill|Earthquake|p1a: Necrozma
|-damage|p1a: Necrozma|53/100
|move|p1a: Necrozma|Iron Defense|p1a: Necrozma
|-boost|p1a: Necrozma|def|2
|
|-heal|p2a: Excadrill|73/100 par|[from] item: Leftovers
|upkeep
|turn|10
|l| Dylanronpa
|
|switch|p2a: Hydreigon|Hydreigon, F|100/100
|move|p1a: Necrozma|Rest|p1a: Necrozma
|-status|p1a: Necrozma|slp|[from] move: Rest
|-heal|p1a: Necrozma|100/100 slp|[silent]
|-enditem|p1a: Necrozma|Chesto Berry|[eat]
|-curestatus|p1a: Necrozma|slp|[msg]
|
|upkeep
|turn|11
|
|move|p2a: Hydreigon|Dark Pulse|p1a: Necrozma
|-supereffective|p1a: Necrozma
|-damage|p1a: Necrozma|50/100
|move|p1a: Necrozma|Calm Mind|p1a: Necrozma
|-boost|p1a: Necrozma|spa|1
|-boost|p1a: Necrozma|spd|1
|
|upkeep
|turn|12
|
|move|p2a: Hydreigon|Dark Pulse|p1a: Necrozma
|-supereffective|p1a: Necrozma
|-damage|p1a: Necrozma|16/100
|move|p1a: Necrozma|Rest|p1a: Necrozma
|-status|p1a: Necrozma|slp|[from] move: Rest
|-heal|p1a: Necrozma|100/100 slp|[silent]
|
|upkeep
|turn|13
|
|switch|p2a: Marowak|Marowak-Alola, F|100/100
|switch|p1a: Togekiss|Togekiss, M|100/100
|
|upkeep
|turn|14
|j| OUTZ don3
|l| Sksks and I oop
|
|switch|p2a: Zeraora|Zeraora|100/100
|move|p1a: Togekiss|Air Slash|p2a: Zeraora
|-resisted|p2a: Zeraora
|-damage|p2a: Zeraora|74/100
|
|upkeep
|turn|15
|j| seven starsss
|
|switch|p1a: Excadrill|Excadrill, M|100/100
|-ability|p1a: Excadrill|Mold Breaker
|move|p2a: Zeraora|Knock Off|p1a: Excadrill
|-damage|p1a: Excadrill|60/100
|-enditem|p1a: Excadrill|Focus Sash|[from] move: Knock Off|[of] p2a: Zeraora
|
|upkeep
|turn|16
|l| seven starsss
|j| Dylanronpa
|
|move|p2a: Zeraora|Knock Off|p1a: Excadrill
|-damage|p1a: Excadrill|33/100
|move|p1a: Excadrill|Rapid Spin|p2a: Zeraora
|-damage|p2a: Zeraora|50/100
|-boost|p1a: Excadrill|spe|1
|
|upkeep
|turn|17
|
|switch|p2a: Excadrill|Excadrill, M|73/100 par
|-ability|p2a: Excadrill|Mold Breaker
|move|p1a: Excadrill|Earthquake|p2a: Excadrill
|-supereffective|p2a: Excadrill
|-damage|p2a: Excadrill|0 fnt
|faint|p2a: Excadrill
|
|upkeep
|
|switch|p2a: Hydreigon|Hydreigon, F|100/100
|turn|18
|l| Pineco is hot
|
|move|p2a: Hydreigon|Flamethrower|p1a: Excadrill
|-supereffective|p1a: Excadrill
|-damage|p1a: Excadrill|0 fnt
|faint|p1a: Excadrill
|
|upkeep
|
|switch|p1a: Togekiss|Togekiss, M|100/100
|turn|19
|l| OUTZ don3
|
|switch|p2a: Zeraora|Zeraora|50/100
|move|p1a: Togekiss|Air Slash|p2a: Zeraora
|-resisted|p2a: Zeraora
|-damage|p2a: Zeraora|26/100
|
|upkeep
|turn|20
|
|move|p2a: Zeraora|Plasma Fists|p1a: Togekiss
|-supereffective|p1a: Togekiss
|-damage|p1a: Togekiss|0 fnt
|-fieldactivate|move: Ion Deluge
|faint|p1a: Togekiss
|
|upkeep
|
|switch|p1a: Magearna|Magearna|100/100
|turn|21
|j| sadKEK Sadge
|
|move|p2a: Zeraora|Volt Switch|p1a: Magearna
|-damage|p1a: Magearna|80/100
|
|switch|p2a: Marowak|Marowak-Alola, F|100/100|[from]move: Volt Switch
|move|p1a: Magearna|Iron Defense|p1a: Magearna
|-boost|p1a: Magearna|def|2
|
|-heal|p1a: Magearna|86/100|[from] item: Leftovers
|upkeep
|turn|22
|
|move|p1a: Magearna|Iron Defense|p1a: Magearna
|-boost|p1a: Magearna|def|2
|move|p2a: Marowak|Fire Punch|p1a: Magearna
|-supereffective|p1a: Magearna
|-damage|p1a: Magearna|56/100
|
|-heal|p1a: Magearna|62/100|[from] item: Leftovers
|upkeep
|turn|23
|j| Cridentials-
|
|move|p1a: Magearna|Iron Defense|p1a: Magearna
|-boost|p1a: Magearna|def|2
|move|p2a: Marowak|Fire Punch|p1a: Magearna
|-supereffective|p1a: Magearna
|-damage|p1a: Magearna|40/100
|
|-heal|p1a: Magearna|46/100|[from] item: Leftovers
|upkeep
|turn|24
|
|move|p1a: Magearna|Calm Mind|p1a: Magearna
|-boost|p1a: Magearna|spa|1
|-boost|p1a: Magearna|spd|1
|move|p2a: Marowak|Fire Punch|p1a: Magearna
|-supereffective|p1a: Magearna
|-damage|p1a: Magearna|22/100
|
|-heal|p1a: Magearna|29/100|[from] item: Leftovers
|upkeep
|turn|25
|
|move|p1a: Magearna|Draining Kiss|p2a: Marowak
|-resisted|p2a: Marowak
|-damage|p2a: Marowak|77/100
|-heal|p1a: Magearna|42/100|[from] drain|[of] p2a: Marowak
|move|p2a: Marowak|Fire Punch|p1a: Magearna
|-supereffective|p1a: Magearna
|-damage|p1a: Magearna|18/100
|-status|p1a: Magearna|brn
|
|-heal|p1a: Magearna|24/100 brn|[from] item: Leftovers
|-damage|p1a: Magearna|18/100 brn|[from] brn
|upkeep
|turn|26
|
|move|p1a: Magearna|Draining Kiss|p2a: Marowak
|-resisted|p2a: Marowak
|-damage|p2a: Marowak|52/100
|-heal|p1a: Magearna|32/100 brn|[from] drain|[of] p2a: Marowak
|move|p2a: Marowak|Fire Punch|p1a: Magearna
|-supereffective|p1a: Magearna
|-damage|p1a: Magearna|11/100 brn
|
|-heal|p1a: Magearna|17/100 brn|[from] item: Leftovers
|-damage|p1a: Magearna|11/100 brn|[from] brn
|upkeep
|turn|27
|j| ndlt 5m ouaf !!
|-message|Arnaud senju vgc forfeited.
|
|win|Christo
|l|☆Arnaud senju vgc
|l| Isabela Top Ladder
|raw|Arnaud senju vgc's rating: 1812 &rarr; <strong>1790</strong><br />(-22 for losing)
|raw|Christo's rating: 1786 &rarr; <strong>1808</strong><br />(+22 for winning)
|l| suksuk9
|l| Dylanronpa
|l|☆Christo
|l| Adicire
|l| kitikitikiti
|l|+Stallion
|l| ShadowTash
|l| Billy Billyson
|l| ndlt 5m ouaf !!
|l| sadKEK Sadge
|l| Cridentials-
|l| 19964user
