|j|☆jeremiah765
|j|☆user1_ou
|player|p1|jeremiah765|scientist-gen4dp|1578
|player|p2|user1_ou|eusine|1614
|teamsize|p1|6
|teamsize|p2|6
|gametype|singles
|gen|8
|tier|[Gen 8] OU
|rated|
|clearpoke
|poke|p1|Inteleon, M|
|poke|p1|Dragapult, F|
|poke|p1|Cloyster, M|
|poke|p1|Bisharp, F|
|poke|p1|Sylveon, M|
|poke|p1|Mew|
|poke|p2|Shuckle, F|
|poke|p2|Cinderace, F|
|poke|p2|Dragapult, M|
|poke|p2|Bisharp, F|
|poke|p2|Cloyster, M|
|poke|p2|Mew|
|rule|Sleep Clause Mod: Limit one foe put to sleep
|rule|Species Clause: Limit one of each Pokémon
|rule|OHKO Clause: OHKO moves are banned
|rule|Evasion Moves Clause: Evasion moves are banned
|rule|Endless Battle Clause: Forcing endless battles is banned
|rule|HP Percentage Mod: HP is shown in percentages
|rule|Dynamax Clause: You cannot dynamax
|teampreview
|
|start
|switch|p1a: Cloyster|Cloyster, M, shiny|100/100
|switch|p2a: Shuckle|Shuckle, F|100/100
|turn|1
|j| Mr Ponty
|inactive|Battle timer is ON: inactive players will automatically lose when time's up. (requested by user1_ou)
|
|move|p1a: Cloyster|Rock Blast|p2a: Shuckle
|-supereffective|p2a: Shuckle
|-damage|p2a: Shuckle|91/100
|-supereffective|p2a: Shuckle
|-damage|p2a: Shuckle|82/100
|-supereffective|p2a: Shuckle
|-damage|p2a: Shuckle|74/100
|-supereffective|p2a: Shuckle
|-damage|p2a: Shuckle|65/100
|-supereffective|p2a: Shuckle
|-damage|p2a: Shuckle|57/100
|-hitcount|p2a: Shuckle|5
|move|p2a: Shuckle|Encore|p1a: Cloyster
|-start|p1a: Cloyster|Encore
|
|upkeep
|turn|2
|
|switch|p2a: Bisharp|Bisharp, F|100/100
|move|p1a: Cloyster|Rock Blast|p2a: Bisharp
|-resisted|p2a: Bisharp
|-damage|p2a: Bisharp|96/100
|-resisted|p2a: Bisharp
|-damage|p2a: Bisharp|91/100
|-resisted|p2a: Bisharp
|-damage|p2a: Bisharp|87/100
|-resisted|p2a: Bisharp
|-damage|p2a: Bisharp|82/100
|-resisted|p2a: Bisharp
|-damage|p2a: Bisharp|77/100
|-hitcount|p2a: Bisharp|5
|
|upkeep
|turn|3
|
|switch|p1a: Inteleon|Inteleon, M|100/100
|move|p2a: Bisharp|Throat Chop|p1a: Inteleon
|-damage|p1a: Inteleon|20/100
|-start|p1a: Inteleon|Throat Chop|[silent]
|
|upkeep
|turn|4
|
|move|p2a: Bisharp|Sucker Punch||[still]
|-fail|p2a: Bisharp
|move|p1a: Inteleon|Reflect|p1a: Inteleon
|-sidestart|p1: jeremiah765|Reflect
|
|-end|p1a: Inteleon|Throat Chop|[silent]
|upkeep
|turn|5
|
|move|p1a: Inteleon|Snipe Shot|p2a: Bisharp
|-damage|p2a: Bisharp|0 fnt
|faint|p2a: Bisharp
|
|upkeep
|
|switch|p2a: Dragapult|Dragapult, M|100/100
|turn|6
|j| 2 weak to win
|
|move|p2a: Dragapult|Substitute|p2a: Dragapult
|-start|p2a: Dragapult|Substitute
|-damage|p2a: Dragapult|76/100
|move|p1a: Inteleon|U-turn|p2a: Dragapult
|-resisted|p2a: Dragapult
|-activate|p2a: Dragapult|move: Substitute|[damage]
|
|switch|p1a: Sylveon|Sylveon, M, shiny|100/100|[from]move: U-turn
|
|-heal|p2a: Dragapult|82/100|[from] item: Leftovers
|upkeep
|turn|7
|
|switch|p2a: Cinderace|Cinderace, F|100/100
|move|p1a: Sylveon|Hyper Voice|p2a: Cinderace
|-resisted|p2a: Cinderace
|-damage|p2a: Cinderace|63/100
|
|upkeep
|turn|8
|
|switch|p1a: Inteleon|Inteleon, M|20/100
|move|p2a: Cinderace|Court Change|p2a: Cinderace
|-sideend|p1: jeremiah765|Reflect|[silent]
|-sidestart|p2: user1_ou|Reflect|[silent]
|-activate|p2a: Cinderace|move: Court Change
|
|upkeep
|turn|9
|
|switch|p2a: Dragapult|Dragapult, M|82/100
|move|p1a: Inteleon|Reflect|p1a: Inteleon
|-sidestart|p1: jeremiah765|Reflect
|
|-heal|p2a: Dragapult|88/100|[from] item: Leftovers
|upkeep
|turn|10
|
|move|p2a: Dragapult|Substitute|p2a: Dragapult
|-start|p2a: Dragapult|Substitute
|-damage|p2a: Dragapult|63/100
|move|p1a: Inteleon|U-turn|p2a: Dragapult
|-resisted|p2a: Dragapult
|-activate|p2a: Dragapult|move: Substitute|[damage]
|
|switch|p1a: Sylveon|Sylveon, M, shiny|100/100|[from]move: U-turn
|
|-heal|p2a: Dragapult|69/100|[from] item: Leftovers
|upkeep
|turn|11
|
|switch|p2a: Cinderace|Cinderace, F|63/100
|move|p1a: Sylveon|Hyper Voice|p2a: Cinderace
|-resisted|p2a: Cinderace
|-damage|p2a: Cinderace|22/100
|
|-sideend|p2: user1_ou|Reflect
|upkeep
|turn|12
|
|switch|p1a: Inteleon|Inteleon, M|20/100
|move|p2a: Cinderace|Pyro Ball|p1a: Inteleon
|-resisted|p1a: Inteleon
|-damage|p1a: Inteleon|0 fnt
|faint|p1a: Inteleon
|
|upkeep
|
|switch|p1a: Dragapult|Dragapult, F|100/100
|turn|13
|
|move|p1a: Dragapult|Dragon Dance|p1a: Dragapult
|-boost|p1a: Dragapult|atk|1
|-boost|p1a: Dragapult|spe|1
|move|p2a: Cinderace|U-turn|p1a: Dragapult
|-resisted|p1a: Dragapult
|-damage|p1a: Dragapult|93/100
|
|switch|p2a: Cloyster|Cloyster, M|100/100|[from]move: U-turn
|
|-heal|p1a: Dragapult|99/100|[from] item: Leftovers
|upkeep
|turn|14
|
|move|p1a: Dragapult|Dragon Darts|p2a: Cloyster
|-damage|p2a: Cloyster|64/100
|-damage|p2a: Cloyster|29/100
|-hitcount|p2a: Cloyster|2
|move|p2a: Cloyster|Icicle Spear|p1a: Dragapult
|-supereffective|p1a: Dragapult
|-damage|p1a: Dragapult|83/100
|-supereffective|p1a: Dragapult
|-damage|p1a: Dragapult|69/100
|-supereffective|p1a: Dragapult
|-damage|p1a: Dragapult|53/100
|-supereffective|p1a: Dragapult
|-damage|p1a: Dragapult|37/100
|-supereffective|p1a: Dragapult
|-damage|p1a: Dragapult|21/100
|-hitcount|p1a: Dragapult|5
|
|-heal|p1a: Dragapult|27/100|[from] item: Leftovers
|upkeep
|turn|15
|
|move|p2a: Cloyster|Ice Shard|p1a: Dragapult
|-supereffective|p1a: Dragapult
|-damage|p1a: Dragapult|1/100
|move|p1a: Dragapult|Dragon Darts|p2a: Cloyster
|-damage|p2a: Cloyster|0 fnt
|-hitcount|p2a: Cloyster|1
|faint|p2a: Cloyster
|
|-heal|p1a: Dragapult|7/100|[from] item: Leftovers
|upkeep
|inactive|user1_ou has 120 seconds left.
|
|switch|p2a: Shuckle|Shuckle, F|57/100
|turn|16
|
|move|p1a: Dragapult|Dragon Darts|p2a: Shuckle
|-damage|p2a: Shuckle|35/100
|-damage|p2a: Shuckle|12/100
|-hitcount|p2a: Shuckle|2
|move|p2a: Shuckle|Encore|p1a: Dragapult
|-start|p1a: Dragapult|Encore
|
|-heal|p1a: Dragapult|13/100|[from] item: Leftovers
|-sideend|p1: jeremiah765|Reflect
|upkeep
|turn|17
|inactive|user1_ou has 120 seconds left.
|
|move|p1a: Dragapult|Dragon Darts|p2a: Shuckle
|-damage|p2a: Shuckle|0 fnt
|-hitcount|p2a: Shuckle|1
|faint|p2a: Shuckle
|
|-heal|p1a: Dragapult|19/100|[from] item: Leftovers
|upkeep
|
|switch|p2a: Mew|Mew|100/100
|turn|18
|
|move|p1a: Dragapult|Dragon Darts|p2a: Mew
|-damage|p2a: Mew|58/100
|-damage|p2a: Mew|19/100
|-hitcount|p2a: Mew|2
|move|p2a: Mew|Psychic|p1a: Dragapult
|-damage|p1a: Dragapult|0 fnt
|faint|p1a: Dragapult
|
|-heal|p2a: Mew|25/100|[from] item: Leftovers
|upkeep
|
|switch|p1a: Mew|Mew|100/100
|turn|19
|
|switch|p2a: Dragapult|Dragapult, M|69/100
|move|p1a: Mew|Nasty Plot|p1a: Mew
|-boost|p1a: Mew|spa|2
|
|-heal|p2a: Dragapult|75/100|[from] item: Leftovers
|upkeep
|turn|20
|
|move|p2a: Dragapult|Substitute|p2a: Dragapult
|-start|p2a: Dragapult|Substitute
|-damage|p2a: Dragapult|50/100
|move|p1a: Mew|Psychic|p2a: Dragapult
|-end|p2a: Dragapult|Substitute
|
|-heal|p2a: Dragapult|56/100|[from] item: Leftovers
|upkeep
|turn|21
|
|move|p2a: Dragapult|Hex|p1a: Mew
|-supereffective|p1a: Mew
|-damage|p1a: Mew|42/100
|move|p1a: Mew|Psychic|p2a: Dragapult
|-damage|p2a: Dragapult|0 fnt
|faint|p2a: Dragapult
|
|-heal|p1a: Mew|48/100|[from] item: Leftovers
|upkeep
|-message|user1_ou forfeited.
|
|win|jeremiah765
|l|☆user1_ou
