|raw|<div class="broadcast-blue"><strong>This battle is required to be public due to a player having a name starting with 'lt92pf'.</div>
|j|☆Lt92pf addicted
|j|☆Pinkacross
|t:|1660086983
|gametype|singles
|player|p1|Lt92pf addicted|266|1788
|player|p2|Pinkacross|artist|1836
|teamsize|p1|6
|teamsize|p2|6
|gen|8
|tier|[Gen 8] OU
|rated|
|rule|Sleep Clause Mod: Limit one foe put to sleep
|rule|Species Clause: Limit one of each Pokémon
|rule|OHKO Clause: OHKO moves are banned
|rule|Evasion Items Clause: Evasion items are banned
|rule|Evasion Moves Clause: Evasion moves are banned
|rule|Endless Battle Clause: Forcing endless battles is banned
|rule|HP Percentage Mod: HP is shown in percentages
|rule|Dynamax Clause: You cannot dynamax
|clearpoke
|poke|p1|Weavile, F|
|poke|p1|Heatran, F|
|poke|p1|Rotom-Wash|
|poke|p1|Tornadus-Therian, M|
|poke|p1|Clefable, F|
|poke|p1|Garchomp, M|
|poke|p2|Magnezone|
|poke|p2|Tapu Koko|
|poke|p2|Landorus-Therian, M|
|poke|p2|Slowbro, M|
|poke|p2|Ferrothorn, F|
|poke|p2|Mandibuzz, F|
|teampreview
|c|☆Pinkacross|hf
|c|☆Lt92pf addicted|u2
|inactive|Battle timer is ON: inactive players will automatically lose when time's up. (requested by Pinkacross)
|
|t:|1660086994
|start
|switch|p1a: Garchomp|Garchomp, M|100/100
|switch|p2a: Magnezone|Magnezone|100/100
|turn|1
|
|t:|1660086999
|switch|p2a: Slowbro|Slowbro, M|100/100
|move|p1a: Garchomp|Stealth Rock|p2a: Slowbro
|-sidestart|p2: Pinkacross|move: Stealth Rock
|
|upkeep
|turn|2
|
|t:|1660087001
|move|p1a: Garchomp|Toxic|p2a: Slowbro
|-status|p2a: Slowbro|tox
|move|p2a: Slowbro|Toxic|p1a: Garchomp
|-status|p1a: Garchomp|tox
|
|-damage|p1a: Garchomp|94/100 tox|[from] psn
|-damage|p2a: Slowbro|94/100 tox|[from] psn
|upkeep
|turn|3
|j| Zenadark
|
|t:|1660087008
|switch|p1a: Tornadus|Tornadus-Therian, M|100/100
|move|p2a: Slowbro|Teleport|p2a: Slowbro
|
|t:|1660087010
|switch|p2a: Tapu Koko|Tapu Koko|100/100|[from]move: Teleport
|-fieldstart|move: Electric Terrain|[from] ability: Electric Surge|[of] p2a: Tapu Koko
|
|upkeep
|turn|4
|
|t:|1660087013
|switch|p1a: Garchomp|Garchomp, M|94/100 tox
|move|p2a: Tapu Koko|Thunderbolt|p1a: Garchomp
|-immune|p1a: Garchomp
|
|-heal|p1a: Garchomp|100/100 tox|[from] item: Leftovers
|-damage|p1a: Garchomp|94/100 tox|[from] psn
|upkeep
|turn|5
|j| LegendaryC26
|j| LT92PF Hikozaru
|
|t:|1660087017
|switch|p2a: Slowbro|Slowbro, M|100/100 tox
|switch|p1a: Heatran|Heatran, F|100/100
|
|-damage|p2a: Slowbro|94/100 tox|[from] psn
|upkeep
|turn|6
|
|t:|1660087024
|switch|p1a: Rotom|Rotom-Wash|100/100
|move|p2a: Slowbro|Scald|p1a: Rotom
|-resisted|p1a: Rotom
|-damage|p1a: Rotom|88/100
|
|-heal|p1a: Rotom|95/100|[from] item: Leftovers
|-damage|p2a: Slowbro|82/100 tox|[from] psn
|upkeep
|turn|7
|
|t:|1660087035
|move|p1a: Rotom|Will-O-Wisp|p2a: Slowbro|[miss]
|-miss|p1a: Rotom|p2a: Slowbro
|move|p2a: Slowbro|Teleport|p2a: Slowbro
|
|t:|1660087038
|switch|p2a: Landorus|Landorus-Therian, M|100/100|[from]move: Teleport
|-damage|p2a: Landorus|88/100|[from] Stealth Rock
|-ability|p2a: Landorus|Intimidate|boost
|-unboost|p1a: Rotom|atk|1
|
|-heal|p2a: Landorus|94/100|[from] item: Leftovers
|-heal|p1a: Rotom|100/100|[from] item: Leftovers
|-fieldend|move: Electric Terrain
|upkeep
|turn|8
|
|t:|1660087041
|switch|p1a: Clefable|Clefable, F|100/100
|move|p2a: Landorus|Substitute|p2a: Landorus
|-start|p2a: Landorus|Substitute
|-damage|p2a: Landorus|69/100
|
|-heal|p2a: Landorus|75/100|[from] item: Leftovers
|upkeep
|turn|9
|
|t:|1660087045
|move|p2a: Landorus|Earthquake|p1a: Clefable
|-damage|p1a: Clefable|50/100
|move|p1a: Clefable|Moonblast|p2a: Landorus
|-end|p2a: Landorus|Substitute
|
|-heal|p2a: Landorus|81/100|[from] item: Leftovers
|upkeep
|turn|10
|
|t:|1660087053
|switch|p1a: Rotom|Rotom-Wash|100/100
|move|p2a: Landorus|Substitute|p2a: Landorus
|-start|p2a: Landorus|Substitute
|-damage|p2a: Landorus|57/100
|
|-heal|p2a: Landorus|63/100|[from] item: Leftovers
|upkeep
|turn|11
|
|t:|1660087057
|move|p2a: Landorus|Toxic|p1a: Rotom
|-status|p1a: Rotom|tox
|move|p1a: Rotom|Hydro Pump|p2a: Landorus
|-supereffective|p2a: Landorus
|-end|p2a: Landorus|Substitute
|
|-heal|p2a: Landorus|69/100|[from] item: Leftovers
|-damage|p1a: Rotom|94/100 tox|[from] psn
|upkeep
|turn|12
|
|t:|1660087062
|switch|p1a: Weavile|Weavile, F|100/100
|-ability|p1a: Weavile|Pressure
|move|p2a: Landorus|Substitute|p2a: Landorus
|-start|p2a: Landorus|Substitute
|-damage|p2a: Landorus|44/100
|
|-heal|p2a: Landorus|50/100|[from] item: Leftovers
|upkeep
|turn|13
|
|t:|1660087067
|switch|p1a: Heatran|Heatran, F|100/100
|switch|p2a: Ferrothorn|Ferrothorn, F|100/100
|-damage|p2a: Ferrothorn|95/100|[from] Stealth Rock
|
|-heal|p2a: Ferrothorn|100/100|[from] item: Leftovers
|upkeep
|turn|14
|j| shxwk
|
|t:|1660087078
|switch|p2a: Slowbro|Slowbro, M|100/100 tox
|move|p1a: Heatran|Magma Storm|p2a: Slowbro
|-resisted|p2a: Slowbro
|-damage|p2a: Slowbro|84/100 tox
|-activate|p2a: Slowbro|move: Magma Storm|[of] p1a: Heatran
|
|-damage|p2a: Slowbro|78/100 tox|[from] psn
|-damage|p2a: Slowbro|65/100 tox|[from] move: Magma Storm|[partiallytrapped]
|upkeep
|turn|15
|
|t:|1660087085
|move|p1a: Heatran|Earth Power|p2a: Slowbro
|-damage|p2a: Slowbro|48/100 tox
|move|p2a: Slowbro|Scald|p1a: Heatran
|-supereffective|p1a: Heatran
|-damage|p1a: Heatran|67/100
|
|-heal|p1a: Heatran|73/100|[from] item: Leftovers
|-damage|p2a: Slowbro|36/100 tox|[from] psn
|-damage|p2a: Slowbro|23/100 tox|[from] move: Magma Storm|[partiallytrapped]
|upkeep
|turn|16
|
|t:|1660087090
|move|p1a: Heatran|Earth Power|p2a: Slowbro
|-damage|p2a: Slowbro|5/100 tox
|move|p2a: Slowbro|Scald|p1a: Heatran
|-supereffective|p1a: Heatran
|-damage|p1a: Heatran|39/100
|
|-heal|p1a: Heatran|45/100|[from] item: Leftovers
|-damage|p2a: Slowbro|0 fnt|[from] psn
|faint|p2a: Slowbro
|upkeep
|
|t:|1660087094
|switch|p2a: Magnezone|Magnezone|100/100
|-damage|p2a: Magnezone|94/100|[from] Stealth Rock
|turn|17
|c|☆Lt92pf addicted|dont mirrorcoat me
|
|t:|1660087104
|move|p2a: Magnezone|Volt Switch|p1a: Heatran
|-damage|p1a: Heatran|8/100
|
|t:|1660087106
|switch|p2a: Landorus|Landorus-Therian, M|50/100|[from]move: Volt Switch
|-damage|p2a: Landorus|37/100|[from] Stealth Rock
|-ability|p2a: Landorus|Intimidate|boost
|-unboost|p1a: Heatran|atk|1
|move|p1a: Heatran|Earth Power|p2a: Landorus
|-immune|p2a: Landorus
|
|-heal|p2a: Landorus|43/100|[from] item: Leftovers
|-heal|p1a: Heatran|14/100|[from] item: Leftovers
|upkeep
|turn|18
|
|t:|1660087112
|move|p2a: Landorus|Knock Off|p1a: Heatran
|-damage|p1a: Heatran|0 fnt
|-enditem|p1a: Heatran|Leftovers|[from] move: Knock Off|[of] p2a: Landorus
|faint|p1a: Heatran
|
|-heal|p2a: Landorus|49/100|[from] item: Leftovers
|upkeep
|
|t:|1660087115
|switch|p1a: Weavile|Weavile, F|100/100
|-ability|p1a: Weavile|Pressure
|turn|19
|
|t:|1660087119
|switch|p2a: Ferrothorn|Ferrothorn, F|100/100
|-damage|p2a: Ferrothorn|95/100|[from] Stealth Rock
|move|p1a: Weavile|Knock Off|p2a: Ferrothorn
|-damage|p2a: Ferrothorn|63/100
|-damage|p1a: Weavile|88/100|[from] ability: Iron Barbs|[of] p2a: Ferrothorn
|-enditem|p2a: Ferrothorn|Leftovers|[from] move: Knock Off|[of] p1a: Weavile
|
|upkeep
|turn|20
|
|t:|1660087125
|switch|p1a: Clefable|Clefable, F|50/100
|move|p2a: Ferrothorn|Stealth Rock|p1a: Clefable
|-sidestart|p1: Lt92pf addicted|move: Stealth Rock
|
|upkeep
|turn|21
|j| leona misa
|
|t:|1660087131
|move|p1a: Clefable|Soft-Boiled|p1a: Clefable
|-heal|p1a: Clefable|99/100
|move|p2a: Ferrothorn|Gyro Ball|p1a: Clefable
|-supereffective|p1a: Clefable
|-damage|p1a: Clefable|53/100
|-damage|p2a: Ferrothorn|47/100|[from] item: Rocky Helmet|[of] p1a: Clefable
|
|upkeep
|turn|22
|
|t:|1660087134
|switch|p2a: Magnezone|Magnezone|94/100
|-damage|p2a: Magnezone|88/100|[from] Stealth Rock
|move|p1a: Clefable|Soft-Boiled|p1a: Clefable
|-heal|p1a: Clefable|100/100
|
|upkeep
|turn|23
|
|t:|1660087139
|switch|p1a: Rotom|Rotom-Wash|94/100 tox
|-damage|p1a: Rotom|82/100 tox|[from] Stealth Rock
|move|p2a: Magnezone|Flash Cannon|p1a: Rotom
|-resisted|p1a: Rotom
|-damage|p1a: Rotom|68/100 tox
|
|-heal|p1a: Rotom|75/100 tox|[from] item: Leftovers
|-damage|p1a: Rotom|68/100 tox|[from] psn
|upkeep
|turn|24
|
|t:|1660087145
|move|p2a: Magnezone|Flash Cannon|p1a: Rotom
|-resisted|p1a: Rotom
|-damage|p1a: Rotom|54/100 tox
|move|p1a: Rotom|Will-O-Wisp|p2a: Magnezone
|-status|p2a: Magnezone|brn
|
|-heal|p1a: Rotom|61/100 tox|[from] item: Leftovers
|-damage|p1a: Rotom|48/100 tox|[from] psn
|-damage|p2a: Magnezone|82/100 brn|[from] brn
|upkeep
|turn|25
|j| zReptar
|
|t:|1660087152
|switch|p2a: Landorus|Landorus-Therian, M|49/100
|-damage|p2a: Landorus|37/100|[from] Stealth Rock
|-ability|p2a: Landorus|Intimidate|boost
|-unboost|p1a: Rotom|atk|1
|move|p1a: Rotom|Pain Split|p2a: Landorus
|-sethp|p2a: Landorus|42/100|[from] move: Pain Split|[silent]
|-sethp|p1a: Rotom|44/100 tox|[from] move: Pain Split
|
|-heal|p2a: Landorus|48/100|[from] item: Leftovers
|-heal|p1a: Rotom|50/100 tox|[from] item: Leftovers
|-damage|p1a: Rotom|31/100 tox|[from] psn
|upkeep
|turn|26
|
|t:|1660087158
|move|p2a: Landorus|Knock Off|p1a: Rotom
|-damage|p1a: Rotom|0 fnt
|-enditem|p1a: Rotom|Leftovers|[from] move: Knock Off|[of] p2a: Landorus
|faint|p1a: Rotom
|
|-heal|p2a: Landorus|53/100|[from] item: Leftovers
|upkeep
|
|t:|1660087160
|switch|p1a: Weavile|Weavile, F|88/100
|-ability|p1a: Weavile|Pressure
|turn|27
|
|t:|1660087164
|switch|p2a: Ferrothorn|Ferrothorn, F|47/100
|-damage|p2a: Ferrothorn|41/100|[from] Stealth Rock
|move|p1a: Weavile|Swords Dance|p1a: Weavile
|-boost|p1a: Weavile|atk|2
|
|upkeep
|turn|28
|
|t:|1660087167
|move|p1a: Weavile|Knock Off|p2a: Ferrothorn
|-damage|p2a: Ferrothorn|2/100
|-damage|p1a: Weavile|76/100|[from] ability: Iron Barbs|[of] p2a: Ferrothorn
|move|p2a: Ferrothorn|Gyro Ball|p1a: Weavile
|-supereffective|p1a: Weavile
|-crit|p1a: Weavile
|-damage|p1a: Weavile|0 fnt
|faint|p1a: Weavile
|
|upkeep
|
|t:|1660087171
|switch|p1a: Tornadus|Tornadus-Therian, M|100/100
|turn|29
|
|t:|1660087173
|move|p1a: Tornadus|U-turn|p2a: Ferrothorn
|-damage|p2a: Ferrothorn|0 fnt
|-damage|p1a: Tornadus|88/100|[from] ability: Iron Barbs|[of] p2a: Ferrothorn
|faint|p2a: Ferrothorn
|
|t:|1660087175
|switch|p1a: Clefable|Clefable, F|100/100|[from]move: U-turn
|
|upkeep
|
|t:|1660087178
|switch|p2a: Magnezone|Magnezone|82/100 brn
|-damage|p2a: Magnezone|76/100 brn|[from] Stealth Rock
|turn|30
|-message|Lt92pf addicted forfeited.
|
|win|Pinkacross
|raw|Lt92pf addicted's rating: 1788 &rarr; <strong>1771</strong><br />(-17 for losing)
|raw|Pinkacross's rating: 1836 &rarr; <strong>1853</strong><br />(+17 for winning)
|c|☆Pinkacross|gg
|c|☆Lt92pf addicted|gg
|l| Zenadark
|l| zReptar
|l| leona misa
||Ladder isn't responding, score probably updated but might not have (Request timeout).
