|j|☆supersam10001
|j|☆CoolFlamez
|inactive|Battle timer is ON: inactive players will automatically lose when time's up.
|t:|1613130806
|player|p1|supersam10001|n|
|player|p2|CoolFlamez|266|
|teamsize|p1|6
|teamsize|p2|6
|gametype|singles
|gen|8
|tier|[Gen 8] OU
|rated|Tournament battle
|clearpoke
|poke|p1|Kyurem|
|poke|p1|Zeraora|
|poke|p1|Slowking-Galar, M|
|poke|p1|Slowbro, F|
|poke|p1|Mandibuzz, F|
|poke|p1|Cinderace, M|
|poke|p2|Cramorant, M|
|poke|p2|Ferrothorn, F|
|poke|p2|Landorus-Therian, M|
|poke|p2|Zeraora|
|poke|p2|Cinderace, F|
|poke|p2|Dragonite, M|
|rule|Sleep Clause Mod: Limit one foe put to sleep
|rule|Species Clause: Limit one of each Pokémon
|rule|OHKO Clause: OHKO moves are banned
|rule|Evasion Moves Clause: Evasion moves are banned
|rule|Endless Battle Clause: Forcing endless battles is banned
|rule|HP Percentage Mod: HP is shown in percentages
|rule|Dynamax Clause: You cannot dynamax
|teampreview
|inactive|supersam10001 also wants the timer to be on.
|inactive|supersam10001 has 120 seconds left.
|inactive|CoolFlamez has 120 seconds left.
|c|☆supersam10001|gf
|c|☆supersam10001|hf
|c|☆CoolFlamez|glhf
|j| Easy Come Up
|
|t:|1613130856
|start
|switch|p1a: Lord|Kyurem|100/100
|switch|p2a: Zeraora|Zeraora|100/100
|-ability|p1a: Lord|Pressure
|turn|1
|j| Ian_Yo
|j| bendoroid
|l| Easy Come Up
|inactive|supersam10001 has 120 seconds left.
|
|t:|1613130886
|switch|p1a: Vulture|Mandibuzz, F|100/100
|move|p2a: Zeraora|Volt Switch|p1a: Vulture
|-supereffective|p1a: Vulture
|-damage|p1a: Vulture|64/100
|l| bendoroid
|j| clapfest
|inactive|CoolFlamez has 120 seconds left.
|c| clapfest|u bettr win sam
|c| clapfest|i wanna use abra v u
|inactive|CoolFlamez has 90 seconds left.
|
|t:|1613130942
|switch|p2a: Cramorant|Cramorant, M|100/100|[from]move: Volt Switch
|
|upkeep
|turn|2
|c|☆supersam10001|wait
|c|☆supersam10001|what
|inactive|CoolFlamez has 90 seconds left.
|
|t:|1613130953
|switch|p1a: Lord|Kyurem|100/100
|-ability|p1a: Lord|Pressure
|move|p2a: Cramorant|Surf|p1a: Lord
|-formechange|p2a: Cramorant|Cramorant-Gulping|
|-resisted|p1a: Lord
|-damage|p1a: Lord|88/100
|
|upkeep
|turn|3
|inactive|CoolFlamez has 90 seconds left.
|
|t:|1613130967
|move|p2a: Cramorant|Endure|p2a: Cramorant
|-singleturn|p2a: Cramorant|move: Endure
|move|p1a: Lord|Substitute|p1a: Lord
|-start|p1a: Lord|Substitute
|-damage|p1a: Lord|63/100
|
|upkeep
|turn|4
|c| clapfest|yeah i made an abra for this tourn
|j|^Piyush21
|inactive|CoolFlamez has 90 seconds left.
|l|^Piyush21
|c| clapfest|im vsing u next
|c| clapfest|if u win
|
|t:|1613131006
|move|p1a: Lord|Freeze-Dry|p2a: Cramorant
|-supereffective|p2a: Cramorant
|-damage|p2a: Cramorant|0 fnt
|-damage|p1a: Lord|38/100|[from] ability: Gulp Missile|[of] p2a: Cramorant
|-unboost|p1a: Lord|def|1
|-formechange|p2a: Cramorant|Cramorant|
|faint|p2a: Cramorant
|
|upkeep
|inactive|CoolFlamez has 60 seconds left.
|c|☆supersam10001|cool :)
|
|t:|1613131024
|switch|p2a: Dragonite|Dragonite, M|100/100
|turn|5
|inactive|CoolFlamez has 60 seconds left.
|
|t:|1613131043
|move|p1a: Lord|Freeze-Dry|p2a: Dragonite
|-supereffective|p2a: Dragonite
|-damage|p2a: Dragonite|24/100
|-enditem|p2a: Dragonite|Weakness Policy
|-boost|p2a: Dragonite|atk|2|[from] item: Weakness Policy
|-boost|p2a: Dragonite|spa|2|[from] item: Weakness Policy
|move|p2a: Dragonite|Dual Wingbeat|p1a: Lord
|-end|p1a: Lord|Substitute
|-damage|p1a: Lord|0 fnt
|-hitcount|p1a: Lord|2
|faint|p1a: Lord
|
|upkeep
|
|t:|1613131053
|switch|p1a: Kat|Zeraora|100/100
|turn|6
|inactive|CoolFlamez has 60 seconds left.
|
|t:|1613131058
|move|p2a: Dragonite|Extreme Speed|p1a: Kat
|-damage|p1a: Kat|17/100
|move|p1a: Kat|Knock Off|p2a: Dragonite
|-damage|p2a: Dragonite|2/100
|
|upkeep
|turn|7
|c| clapfest|omf
|
|t:|1613131071
|move|p2a: Dragonite|Extreme Speed|p1a: Kat
|-damage|p1a: Kat|0 fnt
|faint|p1a: Kat
|
|upkeep
|c|☆CoolFlamez|f
|
|t:|1613131074
|switch|p1a: Cinderace|Cinderace, M|100/100
|turn|8
|c| clapfest|bulky
|
|t:|1613131082
|move|p2a: Dragonite|Extreme Speed|p1a: Cinderace
|-damage|p1a: Cinderace|25/100
|move|p1a: Cinderace|U-turn|p2a: Dragonite
|-start|p1a: Cinderace|typechange|Bug|[from] ability: Libero
|-resisted|p2a: Dragonite
|-damage|p2a: Dragonite|0 fnt
|faint|p2a: Dragonite
|
|t:|1613131087
|switch|p1a: Damn Witch|Slowking-Galar, M|100/100|[from]move: U-turn
|
|upkeep
|c|☆supersam10001|gonna go down to a speed tie watch
|inactive|CoolFlamez has 60 seconds left.
|c|☆supersam10001|ace vs ace
|
|t:|1613131115
|switch|p2a: Landorus|Landorus-Therian, M|100/100
|-ability|p2a: Landorus|Intimidate|boost
|-unboost|p1a: Damn Witch|atk|1
|turn|9
|inactive|CoolFlamez has 60 seconds left.
|
|t:|1613131132
|switch|p1a: 40%|Slowbro, F|100/100
|move|p2a: Landorus|Earthquake|p1a: 40%
|-damage|p1a: 40%|69/100
|
|upkeep
|turn|10
|inactive|CoolFlamez has 60 seconds left.
|
|t:|1613131142
|switch|p2a: Ferrothorn|Ferrothorn, F|100/100
|move|p1a: 40%|Teleport|p1a: 40%
|
|t:|1613131145
|switch|p1a: Cinderace|Cinderace, M|25/100|[from]move: Teleport
|
|upkeep
|turn|11
|inactive|CoolFlamez has 60 seconds left.
|
|t:|1613131156
|switch|p2a: Landorus|Landorus-Therian, M|100/100
|-ability|p2a: Landorus|Intimidate|boost
|-unboost|p1a: Cinderace|atk|1
|move|p1a: Cinderace|Pyro Ball|p2a: Landorus
|-damage|p2a: Landorus|56/100
|
|upkeep
|turn|12
|inactive|CoolFlamez has 60 seconds left.
|
|t:|1613131167
|move|p2a: Landorus|Knock Off|p1a: Cinderace
|-damage|p1a: Cinderace|0 fnt
|-enditem|p1a: Cinderace|Heavy-Duty Boots|[from] move: Knock Off|[of] p2a: Landorus
|faint|p1a: Cinderace
|
|upkeep
|c|☆supersam10001|oh
|
|t:|1613131174
|switch|p1a: Vulture|Mandibuzz, F|64/100
|turn|13
|
|t:|1613131181
|switch|p2a: Ferrothorn|Ferrothorn, F|100/100
|move|p1a: Vulture|Roost|p1a: Vulture
|-heal|p1a: Vulture|100/100
|-singleturn|p1a: Vulture|move: Roost
|
|upkeep
|turn|14
|
|t:|1613131188
|switch|p1a: 40%|Slowbro, F|100/100
|move|p2a: Ferrothorn|Thunder Wave|p1a: 40%
|-status|p1a: 40%|par
|
|upkeep
|turn|15
|l|clapfest
|
|t:|1613131203
|move|p2a: Ferrothorn|Power Whip|p1a: 40%
|-supereffective|p1a: 40%
|-damage|p1a: 40%|56/100 par
|cant|p1a: 40%|par
|
|upkeep
|turn|16
|
|t:|1613131219
|move|p2a: Ferrothorn|Power Whip|p1a: 40%
|-supereffective|p1a: 40%
|-damage|p1a: 40%|9/100 par
|move|p1a: 40%|Slack Off|p1a: 40%
|-heal|p1a: 40%|59/100 par
|
|upkeep
|turn|17
|inactive|CoolFlamez has 90 seconds left.
|
|t:|1613131233
|switch|p1a: Damn Witch|Slowking-Galar, M|100/100
|move|p2a: Ferrothorn|Power Whip|p1a: Damn Witch|[miss]
|-miss|p2a: Ferrothorn|p1a: Damn Witch
|
|upkeep
|turn|18
|inactive|CoolFlamez has 90 seconds left.
|
|t:|1613131240
|move|p2a: Ferrothorn|Thunder Wave|p1a: Damn Witch
|-status|p1a: Damn Witch|par
|cant|p1a: Damn Witch|par
|
|upkeep
|turn|19
|c|☆supersam10001|:/
|inactive|CoolFlamez has 90 seconds left.
|
|t:|1613131255
|switch|p2a: Cinderace|Cinderace, F|100/100
|move|p1a: Damn Witch|Flamethrower|p2a: Cinderace
|-resisted|p2a: Cinderace
|-damage|p2a: Cinderace|82/100
|
|upkeep
|turn|20
|inactive|CoolFlamez has 90 seconds left.
|
|t:|1613131275
|switch|p1a: Vulture|Mandibuzz, F|100/100
|move|p2a: Cinderace|U-turn|p1a: Vulture
|-start|p2a: Cinderace|typechange|Bug|[from] ability: Libero
|-damage|p1a: Vulture|79/100
|j| clapfest
|
|t:|1613131280
|switch|p2a: Zeraora|Zeraora|100/100|[from]move: U-turn
|
|upkeep
|turn|21
|
|t:|1613131285
|move|p2a: Zeraora|Plasma Fists|p1a: Vulture
|-supereffective|p1a: Vulture
|-damage|p1a: Vulture|0 fnt
|-fieldactivate|move: Ion Deluge
|faint|p1a: Vulture
|
|upkeep
|
|t:|1613131289
|switch|p1a: 40%|Slowbro, F|92/100 par
|turn|22
|c|☆supersam10001|gg
|c|☆supersam10001|zera weak
|c|☆supersam10001|there was a randquote about it lmao
|
|t:|1613131316
|move|p2a: Zeraora|Plasma Fists|p1a: 40%
|-supereffective|p1a: 40%
|-damage|p1a: 40%|11/100 par
|-fieldactivate|move: Ion Deluge
|move|p1a: 40%|Future Sight|p2a: Zeraora
|-start|p1a: 40%|move: Future Sight
|
|upkeep
|turn|23
|l| Ian_Yo
|
|t:|1613131322
|move|p2a: Zeraora|Plasma Fists|p1a: 40%
|-supereffective|p1a: 40%
|-damage|p1a: 40%|0 fnt
|-fieldactivate|move: Ion Deluge
|faint|p1a: 40%
|
|upkeep
|c|☆supersam10001|and that's band ?
|
|t:|1613131326
|switch|p1a: Damn Witch|Slowking-Galar, M|100/100 par
|turn|24
|c|☆CoolFlamez|mhm
|
|t:|1613131331
|move|p2a: Zeraora|Plasma Fists|p1a: Damn Witch
|-damage|p1a: Damn Witch|32/100 par
|-fieldactivate|move: Ion Deluge
|cant|p1a: Damn Witch|par
|
|-end|p2a: Zeraora|move: Future Sight
|-damage|p2a: Zeraora|42/100
|upkeep
|turn|25
|
|t:|1613131338
|move|p2a: Zeraora|Plasma Fists|p1a: Damn Witch
|-damage|p1a: Damn Witch|0 fnt
|-fieldactivate|move: Ion Deluge
|faint|p1a: Damn Witch
|
|win|CoolFlamez
|n|☆supersam10001|supersam10001
|n|☆CoolFlamez|coolflamez
|n| clapfest|clapfest
|l|☆supersam10001
|c|☆CoolFlamez|I'm so lucky with these para tho
|c|☆CoolFlamez|gg
