|j|☆Commando 55
|j|☆Fat Bastard
|t:|1603442526
|player|p1|Commando 55|iris-gen5bw2|1719
|player|p2|Fat Bastard|nate-dueldisk|1761
|teamsize|p1|6
|teamsize|p2|6
|gametype|singles
|gen|8
|tier|[Gen 8] OU
|rated|
|clearpoke
|poke|p1|Regieleki|
|poke|p1|Pelipper, M|
|poke|p1|Blissey, F|
|poke|p1|Kingdra, F|
|poke|p1|Urshifu-*, M|
|poke|p1|Ferrothorn, M|
|poke|p2|Articuno-Galar|
|poke|p2|Buzzwole|
|poke|p2|Lanturn, M|
|poke|p2|Magnezone|
|poke|p2|Heatran, M|
|poke|p2|Mandibuzz, F|
|rule|Sleep Clause Mod: Limit one foe put to sleep
|rule|Species Clause: Limit one of each Pokémon
|rule|OHKO Clause: OHKO moves are banned
|rule|Evasion Moves Clause: Evasion moves are banned
|rule|Endless Battle Clause: Forcing endless battles is banned
|rule|HP Percentage Mod: HP is shown in percentages
|rule|Dynamax Clause: You cannot dynamax
|teampreview
|inactive|Battle timer is ON: inactive players will automatically lose when time's up. (requested by Fat Bastard)
|
|t:|1603442537
|start
|switch|p1a: Pelipper|Pelipper, M|100/100
|switch|p2a: Articuno|Articuno-Galar|100/100
|-weather|RainDance|[from] ability: Drizzle|[of] p1a: Pelipper
|turn|1
|
|t:|1603442542
|switch|p1a: Blissey|Blissey, F|100/100
|move|p2a: Articuno|Hurricane|p1a: Blissey
|-damage|p1a: Blissey|76/100
|
|-weather|RainDance|[upkeep]
|upkeep
|turn|2
|
|t:|1603442547
|switch|p2a: Heatran|Heatran, M|100/100
|move|p1a: Blissey|Teleport|p1a: Blissey
|j| Hatter's Tea
|
|t:|1603442551
|switch|p1a: Urshifu|Urshifu-Rapid-Strike, M|100/100|[from]move: Teleport
|
|-weather|RainDance|[upkeep]
|upkeep
|turn|3
|
|t:|1603442554
|move|p1a: Urshifu|Surging Strikes|p2a: Heatran
|-supereffective|p2a: Heatran
|-crit|p2a: Heatran
|-damage|p2a: Heatran|29/100
|-supereffective|p2a: Heatran
|-crit|p2a: Heatran
|-damage|p2a: Heatran|0 fnt
|-hitcount|p2a: Heatran|2
|faint|p2a: Heatran
|
|-weather|RainDance|[upkeep]
|upkeep
|
|t:|1603442557
|switch|p2a: Lanturn|Lanturn, M|100/100
|turn|4
|j| Ylenia besame
|
|t:|1603442563
|switch|p1a: Blissey|Blissey, F|76/100
|move|p2a: Lanturn|Volt Switch|p1a: Blissey
|-damage|p1a: Blissey|69/100
|j| Fae Meteor
|
|t:|1603442566
|switch|p2a: Magnezone|Magnezone|100/100|[from]move: Volt Switch
|
|-weather|RainDance|[upkeep]
|upkeep
|turn|5
|
|t:|1603442571
|move|p2a: Magnezone|Body Press|p1a: Blissey
|-supereffective|p1a: Blissey
|-damage|p1a: Blissey|24/100
|move|p1a: Blissey|Teleport|p1a: Blissey
|j|+Snaquaza ◢ ◤
|
|t:|1603442574
|switch|p1a: Urshifu|Urshifu-Rapid-Strike, M|100/100|[from]move: Teleport
|
|-weather|RainDance|[upkeep]
|upkeep
|turn|6
|j| drivance
|j| yiyue
|
|t:|1603442578
|switch|p2a: Articuno|Articuno-Galar|100/100
|move|p1a: Urshifu|Surging Strikes|p2a: Articuno
|-crit|p2a: Articuno
|-damage|p2a: Articuno|43/100
|-crit|p2a: Articuno
|-damage|p2a: Articuno|0 fnt
|-hitcount|p2a: Articuno|2
|faint|p2a: Articuno
|
|-weather|RainDance|[upkeep]
|upkeep
|
|t:|1603442582
|switch|p2a: Lanturn|Lanturn, M|100/100
|turn|7
|
|t:|1603442586
|switch|p1a: Blissey|Blissey, F|24/100
|move|p2a: Lanturn|Volt Switch|p1a: Blissey
|-damage|p1a: Blissey|17/100
|j| broc38
|l|+Snaquaza ◢ ◤
|j| Jey2
|
|t:|1603442591
|switch|p2a: Magnezone|Magnezone|100/100|[from]move: Volt Switch
|
|-weather|RainDance|[upkeep]
|upkeep
|turn|8
|
|t:|1603442596
|move|p2a: Magnezone|Substitute|p2a: Magnezone
|-start|p2a: Magnezone|Substitute
|-damage|p2a: Magnezone|76/100
|move|p1a: Blissey|Soft-Boiled|p1a: Blissey
|-heal|p1a: Blissey|67/100
|
|-weather|none
|-heal|p2a: Magnezone|82/100|[from] item: Leftovers
|upkeep
|turn|9
|
|t:|1603442601
|move|p2a: Magnezone|Iron Defense|p2a: Magnezone
|-boost|p2a: Magnezone|def|2
|move|p1a: Blissey|Teleport|p1a: Blissey
|
|t:|1603442603
|switch|p1a: Regieleki|Regieleki|100/100|[from]move: Teleport
|
|-heal|p2a: Magnezone|88/100|[from] item: Leftovers
|upkeep
|turn|10
|
|t:|1603442605
|move|p1a: Regieleki|Volt Switch|p2a: Magnezone
|-resisted|p2a: Magnezone
|-end|p2a: Magnezone|Substitute
|
|t:|1603442607
|switch|p1a: Pelipper|Pelipper, M|100/100|[from]move: Volt Switch
|-weather|RainDance|[from] ability: Drizzle|[of] p1a: Pelipper
|move|p2a: Magnezone|Body Press|p1a: Pelipper
|-resisted|p1a: Pelipper
|-damage|p1a: Pelipper|78/100
|
|-weather|RainDance|[upkeep]
|-heal|p2a: Magnezone|94/100|[from] item: Leftovers
|upkeep
|turn|11
|j| highgxedoritos
|
|t:|1603442617
|move|p2a: Magnezone|Substitute|p2a: Magnezone
|-start|p2a: Magnezone|Substitute
|-damage|p2a: Magnezone|69/100
|move|p1a: Pelipper|U-turn|p2a: Magnezone
|-resisted|p2a: Magnezone
|-activate|p2a: Magnezone|move: Substitute|[damage]
|j| Citrix Orange
|l| Jey2
|
|t:|1603442624
|switch|p1a: Kingdra|Kingdra, F|100/100|[from]move: U-turn
|
|-weather|RainDance|[upkeep]
|-heal|p2a: Magnezone|76/100|[from] item: Leftovers
|upkeep
|turn|12
|
|t:|1603442626
|move|p1a: Kingdra|Surf|p2a: Magnezone
|-end|p2a: Magnezone|Substitute
|move|p2a: Magnezone|Body Press|p1a: Kingdra
|-damage|p1a: Kingdra|31/100
|
|-weather|RainDance|[upkeep]
|-heal|p2a: Magnezone|82/100|[from] item: Leftovers
|upkeep
|turn|13
|j| PRO - THE IX
|
|t:|1603442628
|switch|p2a: Lanturn|Lanturn, M|100/100
|move|p1a: Kingdra|Surf|p2a: Lanturn
|-resisted|p2a: Lanturn
|-damage|p2a: Lanturn|72/100
|
|-weather|RainDance|[upkeep]
|upkeep
|turn|14
|j| Claethit
|j| Brandon2321
|
|t:|1603442635
|switch|p1a: Blissey|Blissey, F|67/100
|move|p2a: Lanturn|Volt Switch|p1a: Blissey
|-damage|p1a: Blissey|59/100
|
|t:|1603442639
|switch|p2a: Buzzwole|Buzzwole|100/100|[from]move: Volt Switch
|
|-weather|RainDance|[upkeep]
|upkeep
|turn|15
|
|t:|1603442642
|switch|p2a: Lanturn|Lanturn, M|72/100
|move|p1a: Blissey|Teleport|p1a: Blissey
|
|t:|1603442647
|switch|p1a: Urshifu|Urshifu-Rapid-Strike, M|100/100|[from]move: Teleport
|
|-weather|RainDance|[upkeep]
|upkeep
|turn|16
|
|t:|1603442652
|switch|p2a: Buzzwole|Buzzwole|100/100
|move|p1a: Urshifu|Close Combat|p2a: Buzzwole
|-resisted|p2a: Buzzwole
|-damage|p2a: Buzzwole|69/100
|-unboost|p1a: Urshifu|def|1
|-unboost|p1a: Urshifu|spd|1
|
|-weather|RainDance|[upkeep]
|upkeep
|turn|17
|j| itsdilli
|l| Ylenia besame
|c| PRO - THE IX|lanturn interesting
|
|t:|1603442659
|switch|p1a: Pelipper|Pelipper, M|78/100
|move|p2a: Buzzwole|Superpower|p1a: Pelipper
|-resisted|p1a: Pelipper
|-damage|p1a: Pelipper|52/100
|-unboost|p2a: Buzzwole|atk|1
|-unboost|p2a: Buzzwole|def|1
|
|-weather|none
|upkeep
|turn|18
|j|+Cheir
|
|t:|1603442663
|switch|p2a: Lanturn|Lanturn, M|72/100
|move|p1a: Pelipper|Roost|p1a: Pelipper
|-heal|p1a: Pelipper|100/100
|-singleturn|p1a: Pelipper|move: Roost
|
|upkeep
|turn|19
|j| Jey2
|
|t:|1603442667
|switch|p1a: Ferrothorn|Ferrothorn, M|100/100
|move|p2a: Lanturn|Volt Switch|p1a: Ferrothorn
|-resisted|p1a: Ferrothorn
|-damage|p1a: Ferrothorn|92/100
|
|t:|1603442669
|switch|p2a: Magnezone|Magnezone|82/100|[from]move: Volt Switch
|
|-heal|p2a: Magnezone|88/100|[from] item: Leftovers
|upkeep
|turn|20
|
|t:|1603442674
|move|p2a: Magnezone|Substitute|p2a: Magnezone
|-start|p2a: Magnezone|Substitute
|-damage|p2a: Magnezone|63/100
|move|p1a: Ferrothorn|Body Press|p2a: Magnezone
|-supereffective|p2a: Magnezone
|-end|p2a: Magnezone|Substitute
|
|-heal|p2a: Magnezone|69/100|[from] item: Leftovers
|upkeep
|turn|21
|j| a little fool
|
|t:|1603442678
|move|p2a: Magnezone|Iron Defense|p2a: Magnezone
|-boost|p2a: Magnezone|def|2
|move|p1a: Ferrothorn|Knock Off|p2a: Magnezone
|-damage|p2a: Magnezone|61/100
|-enditem|p2a: Magnezone|Leftovers|[from] move: Knock Off|[of] p1a: Ferrothorn
|
|upkeep
|turn|22
|j| LowGxeDoritos
|
|t:|1603442682
|move|p2a: Magnezone|Substitute|p2a: Magnezone
|-start|p2a: Magnezone|Substitute
|-damage|p2a: Magnezone|37/100
|move|p1a: Ferrothorn|Stealth Rock|p2a: Magnezone
|-sidestart|p2: Fat Bastard|move: Stealth Rock
|
|upkeep
|turn|23
|j| OUTY 3iz
|
|t:|1603442684
|move|p2a: Magnezone|Iron Defense|p2a: Magnezone
|-boost|p2a: Magnezone|def|2
|move|p1a: Ferrothorn|Spikes|p2a: Magnezone
|-sidestart|p2: Fat Bastard|Spikes
|
|upkeep
|turn|24
|
|t:|1603442686
|move|p2a: Magnezone|Body Press|p1a: Ferrothorn
|-supereffective|p1a: Ferrothorn
|-damage|p1a: Ferrothorn|2/100
|-damage|p2a: Magnezone|24/100|[from] ability: Iron Barbs|[of] p1a: Ferrothorn
|-damage|p2a: Magnezone|8/100|[from] item: Rocky Helmet|[of] p1a: Ferrothorn
|move|p1a: Ferrothorn|Spikes|p2a: Magnezone
|-sidestart|p2: Fat Bastard|Spikes
|
|upkeep
|turn|25
|
|t:|1603442688
|move|p2a: Magnezone|Flash Cannon|p1a: Ferrothorn
|-resisted|p1a: Ferrothorn
|-damage|p1a: Ferrothorn|0 fnt
|faint|p1a: Ferrothorn
|
|upkeep
|
|t:|1603442691
|switch|p1a: Urshifu|Urshifu-Rapid-Strike, M|100/100
|turn|26
|j| bITe♦EN♦FEu火
|
|t:|1603442694
|move|p1a: Urshifu|Surging Strikes|p2a: Magnezone
|-crit|p2a: Magnezone
|-activate|p2a: Magnezone|move: Substitute|[damage]
|-crit|p2a: Magnezone
|-end|p2a: Magnezone|Substitute
|-crit|p2a: Magnezone
|-damage|p2a: Magnezone|0 fnt
|-hitcount|p2a: Magnezone|3
|faint|p2a: Magnezone
|
|upkeep
|
|t:|1603442695
|switch|p2a: Mandibuzz|Mandibuzz, F|100/100
|turn|27
|j| yuopier
|
|t:|1603442703
|switch|p1a: Pelipper|Pelipper, M|100/100
|-weather|RainDance|[from] ability: Drizzle|[of] p1a: Pelipper
|move|p2a: Mandibuzz|Defog|p1a: Pelipper
|-unboost|p1a: Pelipper|evasion|1
|-sideend|p2: Fat Bastard|Spikes|[from] move: Defog|[of] p2a: Mandibuzz
|-sideend|p2: Fat Bastard|Stealth Rock|[from] move: Defog|[of] p2a: Mandibuzz
|
|-weather|RainDance|[upkeep]
|upkeep
|turn|28
|
|t:|1603442705
|move|p2a: Mandibuzz|Toxic|p1a: Pelipper
|-status|p1a: Pelipper|tox
|move|p1a: Pelipper|U-turn|p2a: Mandibuzz
|-damage|p2a: Mandibuzz|95/100
|
|t:|1603442709
|switch|p1a: Urshifu|Urshifu-Rapid-Strike, M|100/100|[from]move: U-turn
|
|-weather|RainDance|[upkeep]
|upkeep
|turn|29
|j| OU Warrior69
|l| Claethit
|
|t:|1603442712
|move|p1a: Urshifu|Surging Strikes|p2a: Mandibuzz
|-crit|p2a: Mandibuzz
|-damage|p2a: Mandibuzz|68/100
|-crit|p2a: Mandibuzz
|-damage|p2a: Mandibuzz|42/100
|-crit|p2a: Mandibuzz
|-damage|p2a: Mandibuzz|15/100
|-hitcount|p2a: Mandibuzz|3
|move|p2a: Mandibuzz|Toxic|p1a: Urshifu
|-status|p1a: Urshifu|tox
|
|-weather|RainDance|[upkeep]
|-damage|p1a: Urshifu|94/100 tox|[from] psn
|upkeep
|turn|30
|j| AxTyZ2
|
|t:|1603442715
|move|p1a: Urshifu|Surging Strikes|p2a: Mandibuzz
|-crit|p2a: Mandibuzz
|-damage|p2a: Mandibuzz|0 fnt
|-hitcount|p2a: Mandibuzz|1
|faint|p2a: Mandibuzz
|
|-weather|RainDance|[upkeep]
|-damage|p1a: Urshifu|82/100 tox|[from] psn
|upkeep
|
|t:|1603442716
|switch|p2a: Buzzwole|Buzzwole|69/100
|turn|31
|
|t:|1603442721
|move|p2a: Buzzwole|Superpower|p1a: Urshifu
|-damage|p1a: Urshifu|15/100 tox
|-unboost|p2a: Buzzwole|atk|1
|-unboost|p2a: Buzzwole|def|1
|move|p1a: Urshifu|Surging Strikes|p2a: Buzzwole
|-crit|p2a: Buzzwole
|-damage|p2a: Buzzwole|24/100
|-crit|p2a: Buzzwole
|-damage|p2a: Buzzwole|0 fnt
|-hitcount|p2a: Buzzwole|2
|faint|p2a: Buzzwole
|
|-weather|RainDance|[upkeep]
|-damage|p1a: Urshifu|0 fnt|[from] psn
|faint|p1a: Urshifu
|upkeep
|l| a little fool
|-message|Fat Bastard forfeited.
|
|win|Commando 55
|c| yuopier|isn't close combat legal on buzzwole
|l|☆Fat Bastard
|l| bITe♦EN♦FEu火
|raw|Commando 55's rating: 1719 &rarr; <strong>1742</strong><br />(+23 for winning)
|raw|Fat Bastard's rating: 1761 &rarr; <strong>1739</strong><br />(-22 for losing)
|l| PRO - THE IX
|l| Brandon2321
|l|☆Commando 55
|l| LowGxeDoritos
|l| AxTyZ2
|l| OUTY 3iz
|l| yuopier
|l| yiyue
|l| itsdilli
|l| Citrix Orange
