|raw|<div class="broadcast-blue"><strong>This battle is required to be public due to a player having a name starting with 'lt82zw'.</div>
|j|☆LT82ZW PedroGreg
|j|☆Chickpiee
|t:|1626127622
|gametype|singles
|player|p1|LT82ZW PedroGreg|169|1858
|player|p2|Chickpiee|caitlin|1900
|teamsize|p1|6
|teamsize|p2|6
|gen|8
|tier|[Gen 8] OU
|rated|
|rule|Sleep Clause Mod: Limit one foe put to sleep
|rule|Species Clause: Limit one of each Pokémon
|rule|OHKO Clause: OHKO moves are banned
|rule|Evasion Moves Clause: Evasion moves are banned
|rule|Endless Battle Clause: Forcing endless battles is banned
|rule|HP Percentage Mod: HP is shown in percentages
|rule|Dynamax Clause: You cannot dynamax
|clearpoke
|poke|p1|Tapu Koko|
|poke|p1|Garchomp, F|
|poke|p1|Tornadus-Therian, M|
|poke|p1|Conkeldurr, F|
|poke|p1|Blissey, F|
|poke|p1|Melmetal|
|poke|p2|Tapu Koko|
|poke|p2|Melmetal|
|poke|p2|Ferrothorn, M|
|poke|p2|Landorus-Therian, M|
|poke|p2|Nihilego|
|poke|p2|Latios, M|
|teampreview
|inactive|Battle timer is ON: inactive players will automatically lose when time's up. (requested by Chickpiee)
|j| LT82ZW Siegfried
|l| LT82ZW Siegfried
|j|+ABR
|l|+ABR
|j| dmdkms
|
|t:|1626127651
|start
|switch|p1a: Garchomp|Garchomp, F|100/100
|switch|p2a: Quintessa|Tapu Koko|100/100
|-fieldstart|move: Electric Terrain|[from] ability: Electric Surge|[of] p2a: Quintessa
|turn|1
|
|t:|1626127660
|switch|p1a: Melmetal|Melmetal|100/100
|move|p2a: Quintessa|U-turn|p1a: Melmetal
|-resisted|p1a: Melmetal
|-damage|p1a: Melmetal|96/100
|j| MangoStyle
|
|t:|1626127665
|switch|p2a: Enten|Landorus-Therian, M|100/100|[from]move: U-turn
|-ability|p2a: Enten|Intimidate|boost
|-unboost|p1a: Melmetal|atk|1
|
|-heal|p1a: Melmetal|100/100|[from] item: Leftovers
|upkeep
|turn|2
|
|t:|1626127668
|move|p2a: Enten|U-turn|p1a: Melmetal
|-resisted|p1a: Melmetal
|-damage|p1a: Melmetal|94/100
|
|t:|1626127672
|switch|p2a: Temple|Ferrothorn, M|100/100|[from]move: U-turn
|move|p1a: Melmetal|Toxic|p2a: Temple
|-immune|p2a: Temple
|
|-heal|p1a: Melmetal|99/100|[from] item: Leftovers
|upkeep
|turn|3
|j| oakdeon
|
|t:|1626127675
|switch|p1a: Garchomp|Garchomp, F|100/100
|move|p2a: Temple|Knock Off|p1a: Garchomp
|-damage|p1a: Garchomp|79/100
|-damage|p2a: Temple|88/100|[from] ability: Rough Skin|[of] p1a: Garchomp
|-enditem|p1a: Garchomp|Life Orb|[from] move: Knock Off|[of] p2a: Temple
|
|-heal|p2a: Temple|94/100|[from] item: Leftovers
|upkeep
|turn|4
|l| oakdeon
|
|t:|1626127684
|switch|p2a: Enten|Landorus-Therian, M|100/100
|-ability|p2a: Enten|Intimidate|boost
|-unboost|p1a: Garchomp|atk|1
|move|p1a: Garchomp|Fire Blast|p2a: Enten
|-damage|p2a: Enten|79/100
|
|-heal|p2a: Enten|85/100|[from] item: Leftovers
|upkeep
|turn|5
|
|t:|1626127695
|switch|p1a: Conkeldurr|Conkeldurr, F|100/100
|move|p2a: Enten|Toxic|p1a: Conkeldurr
|-status|p1a: Conkeldurr|tox
|
|-heal|p2a: Enten|91/100|[from] item: Leftovers
|-damage|p1a: Conkeldurr|95/100 tox|[from] psn
|-fieldend|move: Electric Terrain
|upkeep
|turn|6
|
|t:|1626127717
|move|p2a: Enten|U-turn|p1a: Conkeldurr
|-resisted|p1a: Conkeldurr
|-damage|p1a: Conkeldurr|84/100 tox
|
|t:|1626127725
|switch|p2a: Quintessa|Tapu Koko|100/100|[from]move: U-turn
|-fieldstart|move: Electric Terrain|[from] ability: Electric Surge|[of] p2a: Quintessa
|move|p1a: Conkeldurr|Knock Off|p2a: Quintessa
|-resisted|p2a: Quintessa
|-damage|p2a: Quintessa|60/100
|-enditem|p2a: Quintessa|Heavy-Duty Boots|[from] move: Knock Off|[of] p1a: Conkeldurr
|
|-damage|p1a: Conkeldurr|72/100 tox|[from] psn
|upkeep
|turn|7
|
|t:|1626127732
|switch|p1a: Blissey|Blissey, F|100/100
|move|p2a: Quintessa|U-turn|p1a: Blissey
|-damage|p1a: Blissey|87/100
|
|t:|1626127737
|switch|p2a: Fate|Melmetal|100/100|[from]move: U-turn
|
|upkeep
|turn|8
|
|t:|1626127747
|switch|p1a: Melmetal|Melmetal|99/100
|move|p2a: Fate|Superpower|p1a: Melmetal
|-supereffective|p1a: Melmetal
|-damage|p1a: Melmetal|38/100
|-unboost|p2a: Fate|atk|1
|-unboost|p2a: Fate|def|1
|
|-heal|p1a: Melmetal|45/100|[from] item: Leftovers
|upkeep
|turn|9
|j| LT82ZW Kibo
|
|t:|1626127755
|switch|p2a: Temple|Ferrothorn, M|94/100
|switch|p1a: Garchomp|Garchomp, F|79/100
|
|-heal|p2a: Temple|99/100|[from] item: Leftovers
|upkeep
|turn|10
|
|t:|1626127759
|switch|p2a: Enten|Landorus-Therian, M|91/100
|-ability|p2a: Enten|Intimidate|boost
|-unboost|p1a: Garchomp|atk|1
|move|p1a: Garchomp|Fire Blast|p2a: Enten
|-damage|p2a: Enten|70/100
|
|-heal|p2a: Enten|76/100|[from] item: Leftovers
|-fieldend|move: Electric Terrain
|upkeep
|turn|11
|
|t:|1626127771
|move|p1a: Garchomp|Draco Meteor|p2a: Enten
|-damage|p2a: Enten|38/100
|-unboost|p1a: Garchomp|spa|2
|move|p2a: Enten|Earthquake|p1a: Garchomp
|-damage|p1a: Garchomp|29/100
|
|-heal|p2a: Enten|44/100|[from] item: Leftovers
|upkeep
|turn|12
|
|t:|1626127776
|switch|p1a: Tornadus|Tornadus-Therian, M|100/100
|move|p2a: Enten|Toxic|p1a: Tornadus
|-status|p1a: Tornadus|tox
|
|-heal|p2a: Enten|50/100|[from] item: Leftovers
|-damage|p1a: Tornadus|94/100 tox|[from] psn
|upkeep
|turn|13
|
|t:|1626127784
|move|p1a: Tornadus|U-turn|p2a: Enten
|-resisted|p2a: Enten
|-damage|p2a: Enten|43/100
|
|t:|1626127786
|switch|p1a: Garchomp|Garchomp, F|29/100|[from]move: U-turn
|move|p2a: Enten|U-turn|p1a: Garchomp
|-damage|p1a: Garchomp|7/100
|-damage|p2a: Enten|31/100|[from] ability: Rough Skin|[of] p1a: Garchomp
|
|t:|1626127799
|switch|p2a: Quintessa|Tapu Koko|60/100|[from]move: U-turn
|-fieldstart|move: Electric Terrain|[from] ability: Electric Surge|[of] p2a: Quintessa
|
|upkeep
|turn|14
|
|t:|1626127803
|switch|p1a: Tornadus|Tornadus-Therian, M|100/100 tox
|move|p2a: Quintessa|Dazzling Gleam|p1a: Tornadus
|-damage|p1a: Tornadus|67/100 tox
|
|-damage|p1a: Tornadus|61/100 tox|[from] psn
|upkeep
|turn|15
|
|t:|1626127808
|switch|p1a: Blissey|Blissey, F|87/100
|move|p2a: Quintessa|Roost|p2a: Quintessa
|-heal|p2a: Quintessa|100/100
|-singleturn|p2a: Quintessa|move: Roost
|
|upkeep
|turn|16
|
|t:|1626127813
|move|p2a: Quintessa|U-turn|p1a: Blissey
|-damage|p1a: Blissey|72/100
|
|t:|1626127816
|switch|p2a: Avalon|Latios, M|100/100|[from]move: U-turn
|move|p1a: Blissey|Teleport|p1a: Blissey
|
|t:|1626127819
|switch|p1a: Tapu Koko|Tapu Koko|100/100|[from]move: Teleport
|
|upkeep
|turn|17
|
|t:|1626127829
|move|p1a: Tapu Koko|Volt Switch|p2a: Avalon
|-resisted|p2a: Avalon
|-damage|p2a: Avalon|73/100
|
|t:|1626127834
|switch|p1a: Tornadus|Tornadus-Therian, M|94/100 tox|[from]move: Volt Switch
|move|p2a: Avalon|Mystical Fire|p1a: Tornadus
|-damage|p1a: Tornadus|54/100 tox
|-unboost|p1a: Tornadus|spa|1
|
|-damage|p1a: Tornadus|47/100 tox|[from] psn
|-fieldend|move: Electric Terrain
|upkeep
|turn|18
|
|t:|1626127843
|switch|p2a: Quintessa|Tapu Koko|100/100
|-fieldstart|move: Electric Terrain|[from] ability: Electric Surge|[of] p2a: Quintessa
|move|p1a: Tornadus|U-turn|p2a: Quintessa
|-resisted|p2a: Quintessa
|-damage|p2a: Quintessa|90/100
|
|t:|1626127849
|switch|p1a: Tapu Koko|Tapu Koko|100/100|[from]move: U-turn
|
|upkeep
|turn|19
|
|t:|1626127854
|move|p1a: Tapu Koko|Dazzling Gleam|p2a: Quintessa
|-damage|p2a: Quintessa|7/100
|move|p2a: Quintessa|U-turn|p1a: Tapu Koko
|-resisted|p1a: Tapu Koko
|-crit|p1a: Tapu Koko
|-damage|p1a: Tapu Koko|84/100
|
|t:|1626127865
|switch|p2a: Fate|Melmetal|100/100|[from]move: U-turn
|
|upkeep
|turn|20
|j| xergeomancy
|
|t:|1626127872
|switch|p1a: Melmetal|Melmetal|45/100
|move|p2a: Fate|Double Iron Bash|p1a: Melmetal
|-resisted|p1a: Melmetal
|-damage|p1a: Melmetal|32/100
|-resisted|p1a: Melmetal
|-damage|p1a: Melmetal|18/100
|-hitcount|p1a: Melmetal|2
|
|-heal|p1a: Melmetal|24/100|[from] item: Leftovers
|upkeep
|turn|21
|
|t:|1626127879
|move|p1a: Melmetal|Protect|p1a: Melmetal
|-singleturn|p1a: Melmetal|Protect
|move|p2a: Fate|Double Iron Bash|p1a: Melmetal
|-activate|p1a: Melmetal|move: Protect
|
|-heal|p1a: Melmetal|30/100|[from] item: Leftovers
|upkeep
|turn|22
|
|t:|1626127890
|move|p2a: Fate|Earthquake|p1a: Melmetal
|-supereffective|p1a: Melmetal
|-damage|p1a: Melmetal|0 fnt
|faint|p1a: Melmetal
|
|-fieldend|move: Electric Terrain
|upkeep
|
|t:|1626127893
|switch|p1a: Conkeldurr|Conkeldurr, F|72/100 tox
|turn|23
|
|t:|1626127904
|switch|p2a: Quintessa|Tapu Koko|7/100
|-fieldstart|move: Electric Terrain|[from] ability: Electric Surge|[of] p2a: Quintessa
|move|p1a: Conkeldurr|Close Combat|p2a: Quintessa
|-resisted|p2a: Quintessa
|-damage|p2a: Quintessa|0 fnt
|-unboost|p1a: Conkeldurr|def|1
|-unboost|p1a: Conkeldurr|spd|1
|faint|p2a: Quintessa
|
|-damage|p1a: Conkeldurr|66/100 tox|[from] psn
|upkeep
|
|t:|1626127907
|switch|p2a: Pinkacross|Nihilego, shiny|100/100
|turn|24
|
|t:|1626127911
|switch|p1a: Blissey|Blissey, F|72/100
|move|p2a: Pinkacross|Sludge Wave|p1a: Blissey
|-damage|p1a: Blissey|56/100
|
|upkeep
|turn|25
|
|t:|1626127918
|move|p2a: Pinkacross|Meteor Beam||[still]
|-prepare|p2a: Pinkacross|Meteor Beam
|-boost|p2a: Pinkacross|spa|1
|-enditem|p2a: Pinkacross|Power Herb
|-anim|p2a: Pinkacross|Meteor Beam|p1a: Blissey
|-damage|p1a: Blissey|24/100
|move|p1a: Blissey|Soft-Boiled|p1a: Blissey
|-heal|p1a: Blissey|74/100
|
|upkeep
|turn|26
|
|t:|1626127929
|move|p2a: Pinkacross|Meteor Beam||[still]
|-prepare|p2a: Pinkacross|Meteor Beam
|-boost|p2a: Pinkacross|spa|1
|move|p1a: Blissey|Seismic Toss|p2a: Pinkacross
|-damage|p2a: Pinkacross|73/100
|
|upkeep
|turn|27
|
|t:|1626127936
|switch|p1a: Garchomp|Garchomp, F|7/100
|move|p2a: Pinkacross|Meteor Beam|p1a: Garchomp|[from]lockedmove
|-resisted|p1a: Garchomp
|-damage|p1a: Garchomp|0 fnt
|faint|p1a: Garchomp
|-ability|p2a: Pinkacross|Beast Boost|boost
|-boost|p2a: Pinkacross|spe|1
|
|-fieldend|move: Electric Terrain
|upkeep
|
|t:|1626127939
|switch|p1a: Conkeldurr|Conkeldurr, F|66/100 tox
|turn|28
|
|t:|1626127945
|move|p2a: Pinkacross|Sludge Wave|p1a: Conkeldurr
|-damage|p1a: Conkeldurr|0 fnt
|faint|p1a: Conkeldurr
|-ability|p2a: Pinkacross|Beast Boost|boost
|-boost|p2a: Pinkacross|spe|1
|
|upkeep
|-message|LT82ZW PedroGreg forfeited.
|
|win|Chickpiee
|l|☆LT82ZW PedroGreg
|raw|LT82ZW PedroGreg's rating: 1859 &rarr; <strong>1841</strong><br />(-18 for losing)
|raw|Chickpiee's rating: 1900 &rarr; <strong>1918</strong><br />(+18 for winning)
|l| LT82ZW Kibo
|l| dmdkms
|j| forestcave
||Ladder isn't responding, score probably updated but might not have (Request timeout).
|l| forestcave
