|j|☆GBH123456789
|j|☆COMUNICADO OFICIAL
|inactive|Battle timer is ON: inactive players will automatically lose when time's up.
|t:|1643228447
|gametype|singles
|player|p1|GBH123456789|li|
|player|p2|COMUNICADO OFICIAL|101|
|teamsize|p1|6
|teamsize|p2|6
|gen|8
|tier|[Gen 8] OU
|rated|Tournament battle
|rule|Sleep Clause Mod: Limit one foe put to sleep
|rule|Species Clause: Limit one of each Pokémon
|rule|OHKO Clause: OHKO moves are banned
|rule|Evasion Moves Clause: Evasion moves are banned
|rule|Endless Battle Clause: Forcing endless battles is banned
|rule|HP Percentage Mod: HP is shown in percentages
|rule|Dynamax Clause: You cannot dynamax
|clearpoke
|poke|p1|Grimmsnarl, M|
|poke|p1|Mew|
|poke|p1|Rotom-Mow|
|poke|p1|Scyther, F|
|poke|p1|Tyranitar, M|
|poke|p1|Nihilego|
|poke|p2|Cresselia, F|
|poke|p2|Marowak-Alola, F|
|poke|p2|Hatterene, F|
|poke|p2|Melmetal|
|poke|p2|Porygon2|
|poke|p2|Volcanion|
|teampreview
|j| GalacticGod420
|
|t:|1643228454
|start
|switch|p1a: Scyther|Scyther, F|100/100
|switch|p2a: Volcanion|Volcanion|100/100
|turn|1
|l| GalacticGod420
|
|t:|1643228460
|move|p1a: Scyther|U-turn|p2a: Volcanion
|-resisted|p2a: Volcanion
|-damage|p2a: Volcanion|80/100
|
|t:|1643228468
|switch|p1a: Grimmsnarl|Grimmsnarl, M|100/100|[from]move: U-turn
|move|p2a: Volcanion|Steam Eruption|p1a: Grimmsnarl
|-damage|p1a: Grimmsnarl|32/100
|
|upkeep
|turn|2
|
|t:|1643228473
|move|p1a: Grimmsnarl|Light Screen|p1a: Grimmsnarl
|-sidestart|p1: GBH123456789|move: Light Screen
|move|p2a: Volcanion|Steam Eruption|p1a: Grimmsnarl
|-damage|p1a: Grimmsnarl|0 fnt
|faint|p1a: Grimmsnarl
|
|upkeep
|
|t:|1643228477
|switch|p1a: Mew|Mew|100/100
|turn|3
|
|t:|1643228481
|switch|p2a: Marowak|Marowak-Alola, F|100/100
|move|p1a: Mew|Cosmic Power|p1a: Mew
|-boost|p1a: Mew|def|1
|-boost|p1a: Mew|spd|1
|
|upkeep
|turn|4
|
|t:|1643228484
|move|p1a: Mew|Cosmic Power|p1a: Mew
|-boost|p1a: Mew|def|1
|-boost|p1a: Mew|spd|1
|move|p2a: Marowak|Poltergeist|p1a: Mew
|-activate|p1a: Mew|move: Poltergeist|Weakness Policy
|-supereffective|p1a: Mew
|-damage|p1a: Mew|20/100
|-enditem|p1a: Mew|Weakness Policy
|-boost|p1a: Mew|atk|2|[from] item: Weakness Policy
|-boost|p1a: Mew|spa|2|[from] item: Weakness Policy
|
|upkeep
|turn|5
|
|t:|1643228495
|switch|p2a: Porygon2|Porygon2|100/100
|-ability|p2a: Porygon2|Synchronize|[from] ability: Trace|[of] p1a: Mew
|move|p1a: Mew|Stored Power|p2a: Porygon2
|-damage|p2a: Porygon2|35/100
|
|upkeep
|turn|6
|
|t:|1643228503
|move|p1a: Mew|Stored Power|p2a: Porygon2
|-damage|p2a: Porygon2|0 fnt
|faint|p2a: Porygon2
|
|upkeep
|
|t:|1643228515
|switch|p2a: Hatterene|Hatterene, F|100/100
|turn|7
|j| TheNewBrends11
|
|t:|1643228519
|move|p1a: Mew|Roost|p1a: Mew
|-heal|p1a: Mew|70/100
|-singleturn|p1a: Mew|move: Roost
|move|p2a: Hatterene|Trick Room|p2a: Hatterene
|-fieldstart|move: Trick Room|[of] p2a: Hatterene
|
|upkeep
|turn|8
|
|t:|1643228528
|switch|p2a: Melmetal|Melmetal|100/100
|move|p1a: Mew|Roost|p1a: Mew
|-heal|p1a: Mew|100/100
|-singleturn|p1a: Mew|move: Roost
|
|upkeep
|turn|9
|
|t:|1643228532
|move|p2a: Melmetal|Double Iron Bash|p1a: Mew
|-damage|p1a: Mew|68/100
|-damage|p1a: Mew|37/100
|-hitcount|p1a: Mew|2
|move|p1a: Mew|Cosmic Power|p1a: Mew
|-boost|p1a: Mew|def|1
|-boost|p1a: Mew|spd|1
|
|-sideend|p1: GBH123456789|move: Light Screen
|upkeep
|turn|10
|j| marcokb24
|
|t:|1643228536
|move|p2a: Melmetal|Double Iron Bash|p1a: Mew
|-damage|p1a: Mew|14/100
|-damage|p1a: Mew|0 fnt
|faint|p1a: Mew
|-hitcount|p1: Mew|2
|
|upkeep
|
|t:|1643228539
|switch|p1a: Rotom|Rotom-Mow|100/100
|turn|11
|
|t:|1643228542
|move|p2a: Melmetal|Double Iron Bash|p1a: Rotom
|-resisted|p1a: Rotom
|-damage|p1a: Rotom|68/100
|-resisted|p1a: Rotom
|-damage|p1a: Rotom|39/100
|-hitcount|p1a: Rotom|2
|move|p1a: Rotom|Will-O-Wisp|p2a: Melmetal
|-status|p2a: Melmetal|brn
|
|-heal|p1a: Rotom|45/100|[from] item: Leftovers
|-damage|p2a: Melmetal|94/100 brn|[from] brn
|-fieldend|move: Trick Room
|upkeep
|turn|12
|-message|GBH123456789 forfeited.
|
|win|COMUNICADO OFICIAL
|n|☆GBH123456789|gbh123456789
|n|☆COMUNICADO OFICIAL|comunicadooficial
|n| TheNewBrends11|thenewbrends11
|n| marcokb24|marcokb24
|l|☆GBH123456789
