|j|☆batataplays
|j|☆Lemon Ginger
|t:|1662688830
|gametype|singles
|player|p1|batataplays|furisodegirl-blue|1543
|player|p2|Lemon Ginger|101|1742
|teamsize|p1|6
|teamsize|p2|6
|gen|8
|tier|[Gen 8] OU
|rated|
|rule|Sleep Clause Mod: Limit one foe put to sleep
|rule|Species Clause: Limit one of each Pokémon
|rule|OHKO Clause: OHKO moves are banned
|rule|Evasion Items Clause: Evasion items are banned
|rule|Evasion Moves Clause: Evasion moves are banned
|rule|Endless Battle Clause: Forcing endless battles is banned
|rule|HP Percentage Mod: HP is shown in percentages
|rule|Dynamax Clause: You cannot dynamax
|clearpoke
|poke|p1|Nihilego|
|poke|p1|Zapdos-Galar|
|poke|p1|Kartana|
|poke|p1|Celesteela|
|poke|p1|Garchomp, M|
|poke|p1|Tapu Fini|
|poke|p2|Blacephalon|
|poke|p2|Blissey, F|
|poke|p2|Jirachi|
|poke|p2|Torkoal, M|
|poke|p2|Dragonite, M|
|poke|p2|Tapu Bulu|
|teampreview
|
|t:|1662688846
|start
|switch|p1a: Garchomp|Garchomp, M|100/100
|switch|p2a: EGG|Blissey, F, shiny|100/100
|turn|1
|
|t:|1662688850
|move|p1a: Garchomp|Stealth Rock|p2a: EGG
|-sidestart|p2: Lemon Ginger|move: Stealth Rock
|move|p2a: EGG|Stealth Rock|p1a: Garchomp
|-sidestart|p1: batataplays|move: Stealth Rock
|
|upkeep
|turn|2
|
|t:|1662688852
|switch|p2a: Tapu Bulu|Tapu Bulu|100/100
|-damage|p2a: Tapu Bulu|88/100|[from] Stealth Rock
|-fieldstart|move: Grassy Terrain|[from] ability: Grassy Surge|[of] p2a: Tapu Bulu
|move|p1a: Garchomp|Swords Dance|p1a: Garchomp
|-boost|p1a: Garchomp|atk|2
|
|-heal|p2a: Tapu Bulu|94/100|[from] Grassy Terrain
|upkeep
|turn|3
|j| regenerates
|
|t:|1662688858
|switch|p1a: Zapdos|Zapdos-Galar|100/100
|-damage|p1a: Zapdos|88/100|[from] Stealth Rock
|move|p2a: Tapu Bulu|Horn Leech|p1a: Zapdos
|-resisted|p1a: Zapdos
|-damage|p1a: Zapdos|54/100
|-heal|p2a: Tapu Bulu|100/100|[from] drain|[of] p1a: Zapdos
|
|upkeep
|turn|4
|
|t:|1662688864
|move|p1a: Zapdos|U-turn|p2a: Tapu Bulu
|-damage|p2a: Tapu Bulu|66/100
|
|t:|1662688866
|switch|p1a: Celesteela|Celesteela|100/100|[from]move: U-turn
|-damage|p1a: Celesteela|88/100|[from] Stealth Rock
|move|p2a: Tapu Bulu|Horn Leech|p1a: Celesteela
|-resisted|p1a: Celesteela
|-damage|p1a: Celesteela|74/100
|-heal|p2a: Tapu Bulu|74/100|[from] drain|[of] p1a: Celesteela
|
|-heal|p2a: Tapu Bulu|80/100|[from] Grassy Terrain
|upkeep
|turn|5
|
|t:|1662688870
|switch|p2a: Sick Psychic Bro|Jirachi|100/100
|-damage|p2a: Sick Psychic Bro|94/100|[from] Stealth Rock
|switch|p1a: Zapdos|Zapdos-Galar|54/100
|-damage|p1a: Zapdos|42/100|[from] Stealth Rock
|
|-heal|p2a: Sick Psychic Bro|100/100|[from] Grassy Terrain
|upkeep
|turn|6
|
|t:|1662688873
|move|p2a: Sick Psychic Bro|Iron Head|p1a: Zapdos
|-damage|p1a: Zapdos|0 fnt
|faint|p1a: Zapdos
|
|-fieldend|move: Grassy Terrain
|upkeep
|
|t:|1662688876
|switch|p1a: Garchomp|Garchomp, M|100/100
|-damage|p1a: Garchomp|94/100|[from] Stealth Rock
|turn|7
|
|t:|1662688878
|switch|p2a: Tapu Bulu|Tapu Bulu|80/100
|-damage|p2a: Tapu Bulu|68/100|[from] Stealth Rock
|-fieldstart|move: Grassy Terrain|[from] ability: Grassy Surge|[of] p2a: Tapu Bulu
|move|p1a: Garchomp|Swords Dance|p1a: Garchomp
|-boost|p1a: Garchomp|atk|2
|
|-heal|p1a: Garchomp|100/100|[from] Grassy Terrain
|-heal|p2a: Tapu Bulu|74/100|[from] Grassy Terrain
|upkeep
|turn|8
|
|t:|1662688882
|switch|p1a: Celesteela|Celesteela|74/100
|-damage|p1a: Celesteela|62/100|[from] Stealth Rock
|move|p2a: Tapu Bulu|Horn Leech|p1a: Celesteela
|-resisted|p1a: Celesteela
|-damage|p1a: Celesteela|48/100
|-heal|p2a: Tapu Bulu|82/100|[from] drain|[of] p1a: Celesteela
|
|-heal|p2a: Tapu Bulu|88/100|[from] Grassy Terrain
|upkeep
|turn|9
|
|t:|1662688887
|switch|p2a: Sick Psychic Bro|Jirachi|100/100
|-damage|p2a: Sick Psychic Bro|94/100|[from] Stealth Rock
|switch|p1a: Kartana|Kartana|100/100
|-damage|p1a: Kartana|94/100|[from] Stealth Rock
|
|-heal|p1a: Kartana|100/100|[from] Grassy Terrain
|-heal|p2a: Sick Psychic Bro|100/100|[from] Grassy Terrain
|upkeep
|turn|10
|
|t:|1662688891
|switch|p2a: Moi?|Torkoal, M, shiny|100/100
|-weather|SunnyDay|[from] ability: Drought|[of] p2a: Moi?
|move|p1a: Kartana|Knock Off|p2a: Moi?
|-damage|p2a: Moi?|78/100
|-enditem|p2a: Moi?|Heavy-Duty Boots|[from] move: Knock Off|[of] p1a: Kartana
|
|-weather|SunnyDay|[upkeep]
|-heal|p2a: Moi?|84/100|[from] Grassy Terrain
|upkeep
|turn|11
|
|t:|1662688895
|switch|p1a: Nihilego|Nihilego|100/100
|-damage|p1a: Nihilego|88/100|[from] Stealth Rock
|move|p2a: Moi?|Rapid Spin|p1a: Nihilego
|-resisted|p1a: Nihilego
|-damage|p1a: Nihilego|81/100
|-boost|p2a: Moi?|spe|1
|-sideend|p2: Lemon Ginger|Stealth Rock|[from] move: Rapid Spin|[of] p2a: Moi?
|
|-weather|SunnyDay|[upkeep]
|-heal|p1a: Nihilego|87/100|[from] Grassy Terrain
|-heal|p2a: Moi?|90/100|[from] Grassy Terrain
|-fieldend|move: Grassy Terrain
|upkeep
|turn|12
|
|t:|1662688898
|switch|p1a: Garchomp|Garchomp, M|100/100
|-damage|p1a: Garchomp|94/100|[from] Stealth Rock
|switch|p2a: Sick Psychic Bro|Jirachi|100/100
|
|-weather|SunnyDay|[upkeep]
|-heal|p1a: Garchomp|100/100|[from] item: Leftovers
|upkeep
|turn|13
|
|t:|1662688903
|switch|p2a: Tapu Bulu|Tapu Bulu|88/100
|-fieldstart|move: Grassy Terrain|[from] ability: Grassy Surge|[of] p2a: Tapu Bulu
|move|p1a: Garchomp|Stealth Rock|p2a: Tapu Bulu
|-sidestart|p2: Lemon Ginger|move: Stealth Rock
|
|-weather|SunnyDay|[upkeep]
|-heal|p2a: Tapu Bulu|94/100|[from] Grassy Terrain
|upkeep
|turn|14
|
|t:|1662688905
|move|p1a: Garchomp|Swords Dance|p1a: Garchomp
|-boost|p1a: Garchomp|atk|2
|move|p2a: Tapu Bulu|Horn Leech|p1a: Garchomp
|-damage|p1a: Garchomp|46/100
|-heal|p2a: Tapu Bulu|100/100|[from] drain|[of] p1a: Garchomp
|-damage|p2a: Tapu Bulu|88/100|[from] ability: Rough Skin|[of] p1a: Garchomp
|
|-weather|none
|-heal|p1a: Garchomp|52/100|[from] Grassy Terrain
|-heal|p1a: Garchomp|58/100|[from] item: Leftovers
|-heal|p2a: Tapu Bulu|94/100|[from] Grassy Terrain
|upkeep
|turn|15
|
|t:|1662688910
|move|p1a: Garchomp|Swords Dance|p1a: Garchomp
|-boost|p1a: Garchomp|atk|2
|move|p2a: Tapu Bulu|Horn Leech|p1a: Garchomp
|-damage|p1a: Garchomp|0 fnt
|-heal|p2a: Tapu Bulu|100/100|[from] drain|[of] p1a: Garchomp
|-damage|p2a: Tapu Bulu|88/100|[from] ability: Rough Skin|[of] p1a: Garchomp
|faint|p1a: Garchomp
|
|-heal|p2a: Tapu Bulu|94/100|[from] Grassy Terrain
|upkeep
|
|t:|1662688915
|switch|p1a: Nihilego|Nihilego|87/100
|-damage|p1a: Nihilego|75/100|[from] Stealth Rock
|turn|16
|
|t:|1662688923
|switch|p1a: Kartana|Kartana|100/100
|-damage|p1a: Kartana|94/100|[from] Stealth Rock
|switch|p2a: Sick Psychic Bro|Jirachi|100/100
|-damage|p2a: Sick Psychic Bro|94/100|[from] Stealth Rock
|
|-heal|p1a: Kartana|100/100|[from] Grassy Terrain
|-heal|p2a: Sick Psychic Bro|100/100|[from] Grassy Terrain
|upkeep
|turn|17
|
|t:|1662688930
|switch|p2a: Moi?|Torkoal, M, shiny|90/100
|-damage|p2a: Moi?|65/100|[from] Stealth Rock
|-weather|SunnyDay|[from] ability: Drought|[of] p2a: Moi?
|move|p1a: Kartana|Knock Off|p2a: Moi?
|-crit|p2a: Moi?
|-damage|p2a: Moi?|38/100
|
|-weather|SunnyDay|[upkeep]
|-heal|p2a: Moi?|45/100|[from] Grassy Terrain
|-fieldend|move: Grassy Terrain
|upkeep
|turn|18
|
|t:|1662688938
|switch|p1a: Tapu Fini|Tapu Fini|100/100
|-damage|p1a: Tapu Fini|88/100|[from] Stealth Rock
|-fieldstart|move: Misty Terrain|[from] ability: Misty Surge|[of] p1a: Tapu Fini
|move|p2a: Moi?|Rapid Spin|p1a: Tapu Fini
|-damage|p1a: Tapu Fini|82/100
|-boost|p2a: Moi?|spe|1
|-sideend|p2: Lemon Ginger|Stealth Rock|[from] move: Rapid Spin|[of] p2a: Moi?
|
|-weather|SunnyDay|[upkeep]
|-heal|p1a: Tapu Fini|88/100|[from] item: Leftovers
|upkeep
|turn|19
|
|t:|1662688941
|switch|p2a: Tapu Bulu|Tapu Bulu|94/100
|-fieldstart|move: Grassy Terrain|[from] ability: Grassy Surge|[of] p2a: Tapu Bulu
|move|p1a: Tapu Fini|Calm Mind|p1a: Tapu Fini
|-boost|p1a: Tapu Fini|spa|1
|-boost|p1a: Tapu Fini|spd|1
|
|-weather|SunnyDay|[upkeep]
|-heal|p1a: Tapu Fini|94/100|[from] Grassy Terrain
|-heal|p1a: Tapu Fini|99/100|[from] item: Leftovers
|-heal|p2a: Tapu Bulu|100/100|[from] Grassy Terrain
|upkeep
|turn|20
|
|t:|1662688943
|move|p1a: Tapu Fini|Scald|p2a: Tapu Bulu
|-resisted|p2a: Tapu Bulu
|-damage|p2a: Tapu Bulu|89/100
|-status|p2a: Tapu Bulu|brn
|move|p2a: Tapu Bulu|Horn Leech|p1a: Tapu Fini
|-supereffective|p1a: Tapu Fini
|-damage|p1a: Tapu Fini|58/100
|-heal|p2a: Tapu Bulu|100/100 brn|[from] drain|[of] p1a: Tapu Fini
|
|-weather|SunnyDay|[upkeep]
|-heal|p1a: Tapu Fini|64/100|[from] Grassy Terrain
|-heal|p1a: Tapu Fini|70/100|[from] item: Leftovers
|-damage|p2a: Tapu Bulu|94/100 brn|[from] brn
|upkeep
|turn|21
|
|t:|1662688947
|move|p1a: Tapu Fini|Calm Mind|p1a: Tapu Fini
|-boost|p1a: Tapu Fini|spa|1
|-boost|p1a: Tapu Fini|spd|1
|move|p2a: Tapu Bulu|Swords Dance|p2a: Tapu Bulu
|-boost|p2a: Tapu Bulu|atk|2
|
|-weather|none
|-heal|p1a: Tapu Fini|77/100|[from] Grassy Terrain
|-heal|p1a: Tapu Fini|83/100|[from] item: Leftovers
|-heal|p2a: Tapu Bulu|100/100 brn|[from] Grassy Terrain
|-damage|p2a: Tapu Bulu|94/100 brn|[from] brn
|upkeep
|turn|22
|
|t:|1662688951
|move|p1a: Tapu Fini|Draining Kiss|p2a: Tapu Bulu
|-damage|p2a: Tapu Bulu|54/100 brn
|-heal|p1a: Tapu Fini|100/100|[from] drain|[of] p2a: Tapu Bulu
|move|p2a: Tapu Bulu|Horn Leech|p1a: Tapu Fini
|-supereffective|p1a: Tapu Fini
|-damage|p1a: Tapu Fini|9/100
|-heal|p2a: Tapu Bulu|100/100 brn|[from] drain|[of] p1a: Tapu Fini
|
|-heal|p1a: Tapu Fini|15/100|[from] Grassy Terrain
|-heal|p1a: Tapu Fini|21/100|[from] item: Leftovers
|-damage|p2a: Tapu Bulu|94/100 brn|[from] brn
|upkeep
|turn|23
|
|t:|1662688955
|move|p1a: Tapu Fini|Draining Kiss|p2a: Tapu Bulu
|-damage|p2a: Tapu Bulu|57/100 brn
|-heal|p1a: Tapu Fini|47/100|[from] drain|[of] p2a: Tapu Bulu
|move|p2a: Tapu Bulu|Horn Leech|p1a: Tapu Fini
|-supereffective|p1a: Tapu Fini
|-damage|p1a: Tapu Fini|0 fnt
|-heal|p2a: Tapu Bulu|83/100 brn|[from] drain|[of] p1a: Tapu Fini
|faint|p1a: Tapu Fini
|
|-heal|p2a: Tapu Bulu|89/100 brn|[from] Grassy Terrain
|-damage|p2a: Tapu Bulu|83/100 brn|[from] brn
|-fieldend|move: Grassy Terrain
|upkeep
|
|t:|1662688957
|switch|p1a: Kartana|Kartana|100/100
|-damage|p1a: Kartana|94/100|[from] Stealth Rock
|turn|24
|
|t:|1662688959
|move|p1a: Kartana|Smart Strike|p2a: Tapu Bulu
|-supereffective|p2a: Tapu Bulu
|-damage|p2a: Tapu Bulu|0 fnt
|faint|p2a: Tapu Bulu
|-ability|p1a: Kartana|Beast Boost|boost
|-boost|p1a: Kartana|atk|1
|
|upkeep
|
|t:|1662688965
|switch|p2a: Moi?|Torkoal, M, shiny|45/100
|-weather|SunnyDay|[from] ability: Drought|[of] p2a: Moi?
|turn|25
|
|t:|1662688968
|switch|p1a: Nihilego|Nihilego|75/100
|-damage|p1a: Nihilego|63/100|[from] Stealth Rock
|move|p2a: Moi?|Lava Plume|p1a: Nihilego
|-resisted|p1a: Nihilego
|-crit|p1a: Nihilego
|-damage|p1a: Nihilego|42/100
|
|-weather|SunnyDay|[upkeep]
|upkeep
|turn|26
|
|t:|1662688970
|switch|p1a: Kartana|Kartana|94/100
|-damage|p1a: Kartana|88/100|[from] Stealth Rock
|switch|p2a: Sick Psychic Bro|Jirachi|100/100
|
|-weather|SunnyDay|[upkeep]
|upkeep
|turn|27
|
|t:|1662688976
|switch|p2a: Ils ont changé|Dragonite, M, shiny|100/100
|move|p1a: Kartana|Knock Off|p2a: Ils ont changé
|-damage|p2a: Ils ont changé|85/100
|-enditem|p2a: Ils ont changé|Heavy-Duty Boots|[from] move: Knock Off|[of] p1a: Kartana
|
|-weather|SunnyDay|[upkeep]
|upkeep
|turn|28
|
|t:|1662688985
|switch|p1a: Celesteela|Celesteela|48/100
|-damage|p1a: Celesteela|36/100|[from] Stealth Rock
|switch|p2a: SUNNY DAYS|Blacephalon|100/100
|
|-weather|SunnyDay|[upkeep]
|upkeep
|turn|29
|-message|batataplays forfeited.
|
|win|Lemon Ginger
|raw|batataplays's rating: 1543 &rarr; <strong>1533</strong><br />(-10 for losing)
|raw|Lemon Ginger's rating: 1742 &rarr; <strong>1752</strong><br />(+10 for winning)
|l|☆batataplays
