|j|☆OUTD Musashi
|j|☆BillionthLadderAlt
|t:|1668009660
|gametype|singles
|player|p1|OUTD Musashi|guzma|1687
|player|p2|BillionthLadderAlt|guitarist-gen4|1760
|teamsize|p1|6
|teamsize|p2|6
|gen|8
|tier|[Gen 8] OU
|rated|
|rule|Sleep Clause Mod: Limit one foe put to sleep
|rule|Species Clause: Limit one of each Pokémon
|rule|OHKO Clause: OHKO moves are banned
|rule|Evasion Items Clause: Evasion items are banned
|rule|Evasion Moves Clause: Evasion moves are banned
|rule|Endless Battle Clause: Forcing endless battles is banned
|rule|HP Percentage Mod: HP is shown in percentages
|rule|Dynamax Clause: You cannot dynamax
|clearpoke
|poke|p1|Blacephalon|
|poke|p1|Landorus-Therian, M|
|poke|p1|Heatran, M|
|poke|p1|Kartana|
|poke|p1|Zapdos|
|poke|p1|Urshifu-*, M|
|poke|p2|Sandaconda, M|
|poke|p2|Togekiss, M|
|poke|p2|Jirachi|
|poke|p2|Corviknight, M|
|poke|p2|Melmetal|
|poke|p2|Slowbro-Galar, M|
|teampreview
|inactive|Battle timer is ON: inactive players will automatically lose when time's up. (requested by BillionthLadderAlt)
|
|t:|1668009677
|start
|switch|p1a: Landorus|Landorus-Therian, M|100/100
|switch|p2a: Mr. Sandman|Sandaconda, M|100/100
|-ability|p1a: Landorus|Intimidate|boost
|-unboost|p2a: Mr. Sandman|atk|1
|turn|1
|
|t:|1668009680
|move|p1a: Landorus|Toxic|p2a: Mr. Sandman
|-status|p2a: Mr. Sandman|tox
|move|p2a: Mr. Sandman|Glare|p1a: Landorus
|-status|p1a: Landorus|par
|
|-damage|p2a: Mr. Sandman|94/100 tox|[from] psn
|upkeep
|turn|2
|
|t:|1668009683
|move|p2a: Mr. Sandman|Stealth Rock|p1a: Landorus
|-sidestart|p1: OUTD Musashi|move: Stealth Rock
|cant|p1a: Landorus|par
|
|-heal|p2a: Mr. Sandman|100/100 tox|[from] item: Leftovers
|-damage|p2a: Mr. Sandman|88/100 tox|[from] psn
|upkeep
|turn|3
|
|t:|1668009692
|switch|p2a: Polaris|Jirachi|100/100
|move|p1a: Landorus|Knock Off|p2a: Polaris
|-supereffective|p2a: Polaris
|-damage|p2a: Polaris|46/100
|-enditem|p2a: Polaris|Protective Pads|[from] move: Knock Off|[of] p1a: Landorus
|
|upkeep
|turn|4
|
|t:|1668009699
|switch|p1a: Heatran|Heatran, M|100/100
|-damage|p1a: Heatran|88/100|[from] Stealth Rock
|move|p2a: Polaris|Iron Head|p1a: Heatran
|-resisted|p1a: Heatran
|-damage|p1a: Heatran|82/100
|
|-heal|p1a: Heatran|89/100|[from] item: Leftovers
|upkeep
|turn|5
|
|t:|1668009706
|switch|p2a: Mr. Sandman|Sandaconda, M|88/100 tox
|move|p1a: Heatran|Lava Plume|p2a: Mr. Sandman
|-damage|p2a: Mr. Sandman|57/100 tox
|
|-heal|p1a: Heatran|95/100|[from] item: Leftovers
|-heal|p2a: Mr. Sandman|63/100 tox|[from] item: Leftovers
|-damage|p2a: Mr. Sandman|57/100 tox|[from] psn
|upkeep
|turn|6
|
|t:|1668009715
|switch|p1a: Landorus|Landorus-Therian, M|100/100 par
|-damage|p1a: Landorus|88/100 par|[from] Stealth Rock
|-ability|p1a: Landorus|Intimidate|boost
|-unboost|p2a: Mr. Sandman|atk|1
|move|p2a: Mr. Sandman|Rest|p2a: Mr. Sandman
|-status|p2a: Mr. Sandman|slp|[from] move: Rest
|-heal|p2a: Mr. Sandman|100/100 slp|[silent]
|
|-activate|p2a: Mr. Sandman|ability: Shed Skin
|-curestatus|p2a: Mr. Sandman|slp|[msg]
|-heal|p1a: Landorus|94/100 par|[from] item: Leftovers
|upkeep
|turn|7
|
|t:|1668009723
|switch|p2a: Emo Dove|Corviknight, M|100/100
|-ability|p2a: Emo Dove|Pressure
|cant|p1a: Landorus|par
|
|-heal|p1a: Landorus|99/100 par|[from] item: Leftovers
|upkeep
|turn|8
|
|t:|1668009730
|move|p2a: Emo Dove|Iron Head|p1a: Landorus
|-damage|p1a: Landorus|74/100 par
|move|p1a: Landorus|Knock Off|p2a: Emo Dove
|-damage|p2a: Emo Dove|83/100
|-enditem|p2a: Emo Dove|Leftovers|[from] move: Knock Off|[of] p1a: Landorus
|
|-heal|p1a: Landorus|80/100 par|[from] item: Leftovers
|upkeep
|turn|9
|
|t:|1668009734
|switch|p1a: Zapdos|Zapdos|100/100
|move|p2a: Emo Dove|Iron Head|p1a: Zapdos
|-resisted|p1a: Zapdos
|-damage|p1a: Zapdos|86/100
|
|upkeep
|turn|10
|
|t:|1668009746
|switch|p2a: Bolt Beef|Melmetal|100/100
|move|p1a: Zapdos|Defog|p2a: Bolt Beef
|-unboost|p2a: Bolt Beef|evasion|1
|-sideend|p1: OUTD Musashi|Stealth Rock|[from] move: Defog|[of] p1a: Zapdos
|
|upkeep
|turn|11
|
|t:|1668009752
|move|p1a: Zapdos|Volt Switch|p2a: Bolt Beef
|-damage|p2a: Bolt Beef|66/100
|
|t:|1668009754
|switch|p1a: Heatran|Heatran, M|95/100|[from]move: Volt Switch
|move|p2a: Bolt Beef|Ice Punch|p1a: Heatran
|-resisted|p1a: Heatran
|-damage|p1a: Heatran|89/100
|-status|p2a: Bolt Beef|brn|[from] ability: Flame Body|[of] p1a: Heatran
|
|-heal|p1a: Heatran|96/100|[from] item: Leftovers
|-damage|p2a: Bolt Beef|60/100 brn|[from] brn
|upkeep
|turn|12
|
|t:|1668009759
|move|p1a: Heatran|Lava Plume|p2a: Bolt Beef
|-supereffective|p2a: Bolt Beef
|-damage|p2a: Bolt Beef|0 fnt
|faint|p2a: Bolt Beef
|
|-heal|p1a: Heatran|100/100|[from] item: Leftovers
|upkeep
|
|t:|1668009765
|switch|p2a: Mr. Sandman|Sandaconda, M|100/100
|turn|13
|
|t:|1668009773
|switch|p1a: Landorus|Landorus-Therian, M|80/100 par
|-ability|p1a: Landorus|Intimidate|boost
|-unboost|p2a: Mr. Sandman|atk|1
|move|p2a: Mr. Sandman|Stealth Rock|p1a: Landorus
|-sidestart|p1: OUTD Musashi|move: Stealth Rock
|
|-heal|p1a: Landorus|86/100 par|[from] item: Leftovers
|upkeep
|turn|14
|
|t:|1668009779
|switch|p2a: Emo Dove|Corviknight, M|83/100
|-ability|p2a: Emo Dove|Pressure
|move|p1a: Landorus|Knock Off|p2a: Emo Dove
|-damage|p2a: Emo Dove|71/100
|
|-heal|p1a: Landorus|92/100 par|[from] item: Leftovers
|upkeep
|turn|15
|
|t:|1668009784
|move|p2a: Emo Dove|Body Slam|p1a: Landorus
|-damage|p1a: Landorus|74/100 par
|move|p1a: Landorus|U-turn|p2a: Emo Dove
|-resisted|p2a: Emo Dove
|-crit|p2a: Emo Dove
|-damage|p2a: Emo Dove|67/100
|
|t:|1668009790
|switch|p1a: Zapdos|Zapdos|86/100|[from]move: U-turn
|
|upkeep
|turn|16
|
|t:|1668009793
|switch|p2a: Lucky Luke|Slowbro-Galar, M, shiny|100/100
|move|p1a: Zapdos|Defog|p2a: Lucky Luke
|-unboost|p2a: Lucky Luke|evasion|1
|-sideend|p1: OUTD Musashi|Stealth Rock|[from] move: Defog|[of] p1a: Zapdos
|
|upkeep
|turn|17
|
|t:|1668009801
|switch|p1a: Heatran|Heatran, M|100/100
|move|p2a: Lucky Luke|Nasty Plot|p2a: Lucky Luke
|-boost|p2a: Lucky Luke|spa|2
|
|upkeep
|turn|18
|-activate|p2a: Lucky Luke|ability: Quick Draw
|
|t:|1668009807
|move|p2a: Lucky Luke|Focus Blast|p1a: Heatran
|-supereffective|p1a: Heatran
|-damage|p1a: Heatran|0 fnt
|faint|p1a: Heatran
|
|upkeep
|
|t:|1668009815
|switch|p1a: Blacephalon|Blacephalon|100/100
|turn|19
|-activate|p2a: Lucky Luke|ability: Quick Draw
|
|t:|1668009819
|move|p2a: Lucky Luke|Psyshock|p1a: Blacephalon
|-damage|p1a: Blacephalon|0 fnt
|faint|p1a: Blacephalon
|
|upkeep
|
|t:|1668009829
|switch|p1a: Kartana|Kartana|100/100
|turn|20
|
|t:|1668009845
|move|p1a: Kartana|Knock Off|p2a: Lucky Luke
|-supereffective|p2a: Lucky Luke
|-damage|p2a: Lucky Luke|27/100
|-enditem|p2a: Lucky Luke|Quick Claw|[from] move: Knock Off|[of] p1a: Kartana
|move|p2a: Lucky Luke|Ice Beam|p1a: Kartana
|-damage|p1a: Kartana|0 fnt
|faint|p1a: Kartana
|
|upkeep
|
|t:|1668009860
|switch|p1a: Urshifu|Urshifu-Rapid-Strike, M|100/100
|turn|21
|-activate|p2a: Lucky Luke|ability: Quick Draw
|
|t:|1668009863
|move|p2a: Lucky Luke|Psyshock|p1a: Urshifu
|-supereffective|p1a: Urshifu
|-damage|p1a: Urshifu|0 fnt
|faint|p1a: Urshifu
|
|upkeep
|-message|OUTD Musashi forfeited.
|
|win|BillionthLadderAlt
|raw|OUTD Musashi's rating: 1687 &rarr; <strong>1671</strong><br />(-16 for losing)
|raw|BillionthLadderAlt's rating: 1760 &rarr; <strong>1776</strong><br />(+16 for winning)
|l|☆OUTD Musashi
