|j|☆smurf account 6969
|j|☆SMxVale
|t:|1624130789
|gametype|singles
|player|p1|smurf account 6969|colress|1525
|player|p2|SMxVale|bruno|1602
|teamsize|p1|6
|teamsize|p2|6
|gen|8
|tier|[Gen 8] OU
|rated|
|rule|Sleep Clause Mod: Limit one foe put to sleep
|rule|Species Clause: Limit one of each Pokémon
|rule|OHKO Clause: OHKO moves are banned
|rule|Evasion Moves Clause: Evasion moves are banned
|rule|Endless Battle Clause: Forcing endless battles is banned
|rule|HP Percentage Mod: HP is shown in percentages
|rule|Dynamax Clause: You cannot dynamax
|clearpoke
|poke|p1|Tapu Fini|
|poke|p1|Ferrothorn, F|
|poke|p1|Landorus-Therian, M|
|poke|p1|Hydreigon, M|
|poke|p1|Mew|
|poke|p1|Buzzwole|
|poke|p2|Tapu Lele|
|poke|p2|Garchomp, F|
|poke|p2|Urshifu-*, F|
|poke|p2|Magnezone|
|poke|p2|Corviknight, M|
|poke|p2|Blissey, F|
|teampreview
|j| Gab's team
|j| Inanana
|inactive|Battle timer is ON: inactive players will automatically lose when time's up. (requested by SMxVale)
|l| Gab's team
|inactive|smurf account 6969 has 120 seconds left.
|
|t:|1624130844
|start
|switch|p1a: Tapu Fini|Tapu Fini|100/100
|switch|p2a: Urshifu|Urshifu-Rapid-Strike, F|100/100
|-fieldstart|move: Misty Terrain|[from] ability: Misty Surge|[of] p1a: Tapu Fini
|turn|1
|c|☆SMxVale|why u smurfing these poor noob :(
|
|t:|1624130856
|move|p1a: Tapu Fini|Trick|p2a: Urshifu
|-activate|p1a: Tapu Fini|move: Trick|[of] p2a: Urshifu
|-item|p2a: Urshifu|Choice Scarf|[from] move: Trick
|-item|p1a: Tapu Fini|Choice Band|[from] move: Trick
|move|p2a: Urshifu|U-turn|p1a: Tapu Fini
|-resisted|p1a: Tapu Fini
|-damage|p1a: Tapu Fini|88/100
|c|☆smurf account 6969|issok im trash anyway
|inactive|SMxVale has 120 seconds left.
|
|t:|1624130883
|switch|p2a: Tapu Lele|Tapu Lele|100/100|[from]move: U-turn
|-fieldstart|move: Psychic Terrain|[from] ability: Psychic Surge|[of] p2a: Tapu Lele
|
|upkeep
|turn|2
|
|t:|1624130902
|switch|p1a: Ferrothorn|Ferrothorn, F|100/100
|move|p2a: Tapu Lele|Thunderbolt|p1a: Ferrothorn
|-resisted|p1a: Ferrothorn
|-damage|p1a: Ferrothorn|86/100
|
|-heal|p1a: Ferrothorn|92/100|[from] item: Leftovers
|upkeep
|turn|3
|
|t:|1624130914
|switch|p2a: Magnezone|Magnezone|100/100
|switch|p1a: Landorus|Landorus-Therian, M|100/100
|-ability|p1a: Landorus|Intimidate|boost
|-unboost|p2a: Magnezone|atk|1
|
|upkeep
|turn|4
|
|t:|1624130929
|switch|p2a: Garchomp|Garchomp, F|100/100
|move|p1a: Landorus|Stealth Rock|p2a: Garchomp
|-sidestart|p2: SMxVale|move: Stealth Rock
|
|upkeep
|turn|5
|inactive|smurf account 6969 has 120 seconds left.
|
|t:|1624130971
|switch|p1a: Tapu Fini|Tapu Fini|88/100
|-fieldstart|move: Misty Terrain|[from] ability: Misty Surge|[of] p1a: Tapu Fini
|move|p2a: Garchomp|Stealth Rock|p1a: Tapu Fini
|-sidestart|p1: smurf account 6969|move: Stealth Rock
|
|upkeep
|turn|6
|
|t:|1624130989
|move|p1a: Tapu Fini|Trick|p2a: Garchomp
|-activate|p1a: Tapu Fini|move: Trick|[of] p2a: Garchomp
|-item|p2a: Garchomp|Choice Band|[from] move: Trick
|-item|p1a: Tapu Fini|Rocky Helmet|[from] move: Trick
|move|p2a: Garchomp|Earthquake|p1a: Tapu Fini
|-damage|p1a: Tapu Fini|21/100
|
|upkeep
|turn|7
|inactive|SMxVale has 120 seconds left.
|
|t:|1624131009
|switch|p1a: Buzzwole|Buzzwole|100/100
|switch|p2a: Tapu Lele|Tapu Lele|100/100
|-damage|p2a: Tapu Lele|88/100|[from] Stealth Rock
|-fieldstart|move: Psychic Terrain|[from] ability: Psychic Surge|[of] p2a: Tapu Lele
|
|upkeep
|turn|8
|inactive|smurf account 6969 has 120 seconds left.
|inactive|SMxVale has 120 seconds left.
|
|t:|1624131021
|switch|p2a: Magnezone|Magnezone|100/100
|-damage|p2a: Magnezone|94/100|[from] Stealth Rock
|switch|p1a: Mew|Mew|100/100
|-damage|p1a: Mew|88/100|[from] Stealth Rock
|
|-heal|p1a: Mew|94/100|[from] item: Leftovers
|-heal|p2a: Magnezone|100/100|[from] item: Leftovers
|upkeep
|turn|9
|inactive|smurf account 6969 has 120 seconds left.
|inactive|SMxVale has 120 seconds left.
|
|t:|1624131035
|switch|p1a: Landorus|Landorus-Therian, M|100/100
|-damage|p1a: Landorus|88/100|[from] Stealth Rock
|-ability|p1a: Landorus|Intimidate|boost
|-unboost|p2a: Magnezone|atk|1
|move|p2a: Magnezone|Substitute|p2a: Magnezone
|-start|p2a: Magnezone|Substitute
|-damage|p2a: Magnezone|76/100
|
|-heal|p1a: Landorus|94/100|[from] item: Leftovers
|-heal|p2a: Magnezone|82/100|[from] item: Leftovers
|upkeep
|turn|10
|inactive|smurf account 6969 has 120 seconds left.
|inactive|SMxVale has 120 seconds left.
|
|t:|1624131054
|switch|p2a: Corviknight|Corviknight, M|100/100
|-damage|p2a: Corviknight|88/100|[from] Stealth Rock
|-ability|p2a: Corviknight|Pressure
|move|p1a: Landorus|Earthquake|p2a: Corviknight
|-immune|p2a: Corviknight
|
|-heal|p1a: Landorus|99/100|[from] item: Leftovers
|-heal|p2a: Corviknight|94/100|[from] item: Leftovers
|upkeep
|turn|11
|inactive|SMxVale has 120 seconds left.
|inactive|smurf account 6969 has 120 seconds left.
|j| Paiiz
|
|t:|1624131080
|move|p1a: Landorus|Defog|p2a: Corviknight
|-unboost|p2a: Corviknight|evasion|1
|-sideend|p2: SMxVale|Stealth Rock|[from] move: Defog|[of] p1a: Landorus
|-sideend|p1: smurf account 6969|Stealth Rock|[from] move: Defog|[of] p1a: Landorus
|-fieldend|move: Psychic Terrain
|move|p2a: Corviknight|Substitute|p2a: Corviknight
|-start|p2a: Corviknight|Substitute
|-damage|p2a: Corviknight|69/100
|
|-heal|p1a: Landorus|100/100|[from] item: Leftovers
|-heal|p2a: Corviknight|75/100|[from] item: Leftovers
|upkeep
|turn|12
|
|t:|1624131090
|switch|p1a: Ferrothorn|Ferrothorn, F|92/100
|move|p2a: Corviknight|Bulk Up|p2a: Corviknight
|-boost|p2a: Corviknight|atk|1
|-boost|p2a: Corviknight|def|1
|
|-heal|p2a: Corviknight|81/100|[from] item: Leftovers
|-heal|p1a: Ferrothorn|98/100|[from] item: Leftovers
|upkeep
|turn|13
|
|t:|1624131099
|move|p2a: Corviknight|Bulk Up|p2a: Corviknight
|-boost|p2a: Corviknight|atk|1
|-boost|p2a: Corviknight|def|1
|move|p1a: Ferrothorn|Curse|p1a: Ferrothorn
|-unboost|p1a: Ferrothorn|spe|1
|-boost|p1a: Ferrothorn|atk|1
|-boost|p1a: Ferrothorn|def|1
|
|-heal|p2a: Corviknight|87/100|[from] item: Leftovers
|-heal|p1a: Ferrothorn|100/100|[from] item: Leftovers
|upkeep
|turn|14
|c|☆SMxVale|lol
|
|t:|1624131109
|switch|p2a: Magnezone|Magnezone|82/100
|move|p1a: Ferrothorn|Curse|p1a: Ferrothorn
|-unboost|p1a: Ferrothorn|spe|1
|-boost|p1a: Ferrothorn|atk|1
|-boost|p1a: Ferrothorn|def|1
|
|-heal|p2a: Magnezone|88/100|[from] item: Leftovers
|upkeep
|turn|15
|
|t:|1624131120
|move|p2a: Magnezone|Iron Defense|p2a: Magnezone
|-boost|p2a: Magnezone|def|2
|move|p1a: Ferrothorn|Body Press|p2a: Magnezone
|-supereffective|p2a: Magnezone
|-crit|p2a: Magnezone
|-damage|p2a: Magnezone|0 fnt
|faint|p2a: Magnezone
|
|upkeep
|c| Inanana|Gottem
|c|☆SMxVale|:(
|c| Inanana|Truly a smurf.
|c|☆smurf account 6969|nah
|inactive|SMxVale has 120 seconds left.
|c|☆SMxVale|u crit lol
|
|t:|1624131155
|switch|p2a: Urshifu|Urshifu-Rapid-Strike, F|100/100
|turn|16
|c| Inanana|The real mark of a smurf.
|inactive|smurf account 6969 has 120 seconds left.
|inactive|smurf account 6969 has 90 seconds left.
|l| Paiiz
|
|t:|1624131231
|move|p2a: Urshifu|Close Combat|p1a: Ferrothorn
|-supereffective|p1a: Ferrothorn
|-damage|p1a: Ferrothorn|46/100
|-unboost|p2a: Urshifu|def|1
|-unboost|p2a: Urshifu|spd|1
|-damage|p2a: Urshifu|88/100|[from] ability: Iron Barbs|[of] p1a: Ferrothorn
|move|p1a: Ferrothorn|Curse|p1a: Ferrothorn
|-unboost|p1a: Ferrothorn|spe|1
|-boost|p1a: Ferrothorn|atk|1
|-boost|p1a: Ferrothorn|def|1
|
|-heal|p1a: Ferrothorn|53/100|[from] item: Leftovers
|upkeep
|turn|17
|
|t:|1624131243
|move|p2a: Urshifu|Close Combat|p1a: Ferrothorn
|-supereffective|p1a: Ferrothorn
|-damage|p1a: Ferrothorn|11/100
|-unboost|p2a: Urshifu|def|1
|-unboost|p2a: Urshifu|spd|1
|-damage|p2a: Urshifu|76/100|[from] ability: Iron Barbs|[of] p1a: Ferrothorn
|move|p1a: Ferrothorn|Body Press|p2a: Urshifu
|-damage|p2a: Urshifu|0 fnt
|faint|p2a: Urshifu
|
|-heal|p1a: Ferrothorn|17/100|[from] item: Leftovers
|upkeep
|j| Xephix
|
|t:|1624131262
|switch|p2a: Tapu Lele|Tapu Lele|88/100
|-fieldstart|move: Psychic Terrain|[from] ability: Psychic Surge|[of] p2a: Tapu Lele
|turn|18
|
|t:|1624131282
|switch|p1a: Mew|Mew|94/100
|move|p2a: Tapu Lele|Moonblast|p1a: Mew
|-damage|p1a: Mew|49/100
|
|-heal|p1a: Mew|55/100|[from] item: Leftovers
|upkeep
|turn|19
|
|t:|1624131293
|move|p2a: Tapu Lele|Moonblast|p1a: Mew
|-damage|p1a: Mew|11/100
|move|p1a: Mew|Cosmic Power|p1a: Mew
|-boost|p1a: Mew|def|1
|-boost|p1a: Mew|spd|1
|
|-heal|p1a: Mew|17/100|[from] item: Leftovers
|upkeep
|turn|20
|c|☆smurf account 6969|misclick :p
|inactive|smurf account 6969 has 60 seconds left.
|c|☆SMxVale|xD
|l| Xephix
|c| Inanana|*o*
|inactive|smurf account 6969 has 30 seconds left.
|inactive|smurf account 6969 has 20 seconds left.
|inactive|smurf account 6969 has 15 seconds left.
|
|t:|1624131363
|switch|p1a: Hydreigon|Hydreigon, M|100/100
|move|p2a: Tapu Lele|Moonblast|p1a: Hydreigon
|-supereffective|p1a: Hydreigon
|-damage|p1a: Hydreigon|0 fnt
|faint|p1a: Hydreigon
|
|upkeep
|inactive|smurf account 6969 has 20 seconds left this turn.
|
|t:|1624131367
|switch|p1a: Landorus|Landorus-Therian, M|100/100
|-ability|p1a: Landorus|Intimidate|boost
|-unboost|p2a: Tapu Lele|atk|1
|turn|21
|inactive|smurf account 6969 has 30 seconds left this turn.
|c|☆SMxVale|what
|inactive|smurf account 6969 has 20 seconds left.
|c|☆smurf account 6969|didnt have any good moveds
|inactive|smurf account 6969 has 15 seconds left.
|inactive|smurf account 6969 has 10 seconds left.
|
|t:|1624131389
|switch|p2a: Corviknight|Corviknight, M|87/100
|-ability|p2a: Corviknight|Pressure
|move|p1a: Landorus|Earthquake|p2a: Corviknight
|-immune|p2a: Corviknight
|
|-heal|p2a: Corviknight|93/100|[from] item: Leftovers
|upkeep
|turn|22
|inactive|smurf account 6969 has 20 seconds left this turn.
|c|☆SMxVale|kk
|inactive|smurf account 6969 has 15 seconds left.
|c| Inanana|:^)
|inactive|smurf account 6969 has 10 seconds left.
|c|☆smurf account 6969|i threw
|inactive|smurf account 6969 has 5 seconds left.
|
|t:|1624131408
|move|p1a: Landorus|U-turn|p2a: Corviknight
|-resisted|p2a: Corviknight
|-damage|p2a: Corviknight|89/100
|inactive|smurf account 6969 has 10 seconds left this turn.
|c|☆SMxVale|yeah u won
|j| Xephix
|
|t:|1624131412
|switch|p1a: Buzzwole|Buzzwole|100/100|[from]move: U-turn
|move|p2a: Corviknight|Bulk Up|p2a: Corviknight
|-boost|p2a: Corviknight|atk|1
|-boost|p2a: Corviknight|def|1
|
|-heal|p2a: Corviknight|95/100|[from] item: Leftovers
|-fieldend|move: Psychic Terrain
|upkeep
|turn|23
|inactive|smurf account 6969 has 20 seconds left this turn.
|inactive|smurf account 6969 has 15 seconds left.
|inactive|smurf account 6969 has 10 seconds left.
|
|t:|1624131426
|switch|p1a: Landorus|Landorus-Therian, M|100/100
|-ability|p1a: Landorus|Intimidate|boost
|-unboost|p2a: Corviknight|atk|1
|move|p2a: Corviknight|Bulk Up|p2a: Corviknight
|-boost|p2a: Corviknight|atk|1
|-boost|p2a: Corviknight|def|1
|
|-heal|p2a: Corviknight|100/100|[from] item: Leftovers
|upkeep
|turn|24
|inactive|smurf account 6969 has 20 seconds left this turn.
|inactive|smurf account 6969 has 15 seconds left.
|inactive|smurf account 6969 has 10 seconds left.
|
|t:|1624131436
|move|p1a: Landorus|Stealth Rock|p2a: Corviknight
|-sidestart|p2: SMxVale|move: Stealth Rock
|move|p2a: Corviknight|Bulk Up|p2a: Corviknight
|-boost|p2a: Corviknight|atk|1
|-boost|p2a: Corviknight|def|1
|
|upkeep
|turn|25
|inactive|smurf account 6969 has 20 seconds left this turn.
|c|☆smurf account 6969|gg
|inactive|smurf account 6969 has 15 seconds left.
|l| Xephix
|-message|smurf account 6969 forfeited.
|
|win|SMxVale
|inactive|smurf account 6969 has 25 seconds left this turn.
|raw|smurf account 6969's rating: 1525 &rarr; <strong>1509</strong><br />(-16 for losing)
|raw|SMxVale's rating: 1602 &rarr; <strong>1618</strong><br />(+16 for winning)
