|j|☆Draco09876
|j|☆Le-Perpetrator
|t:|1620424980
|gametype|singles
|player|p1|Draco09876|2|1645
|player|p2|Le-Perpetrator|170|1745
|teamsize|p1|6
|teamsize|p2|6
|gen|8
|tier|[Gen 8] OU
|rated|
|rule|Sleep Clause Mod: Limit one foe put to sleep
|rule|Species Clause: Limit one of each Pokémon
|rule|OHKO Clause: OHKO moves are banned
|rule|Evasion Moves Clause: Evasion moves are banned
|rule|Endless Battle Clause: Forcing endless battles is banned
|rule|HP Percentage Mod: HP is shown in percentages
|rule|Dynamax Clause: You cannot dynamax
|clearpoke
|poke|p1|Weavile, F|
|poke|p1|Dragapult, M|
|poke|p1|Ferrothorn, M|
|poke|p1|Swampert, F|
|poke|p1|Slowking-Galar, F|
|poke|p1|Mandibuzz, F|
|poke|p2|Hatterene, F|
|poke|p2|Ferrothorn, F|
|poke|p2|Kyurem|
|poke|p2|Toxapex, M|
|poke|p2|Landorus-Therian, M|
|poke|p2|Victini|
|teampreview
|inactive|Battle timer is ON: inactive players will automatically lose when time's up. (requested by Draco09876)
|
|t:|1620424996
|start
|switch|p1a: Dragapult|Dragapult, M|100/100
|switch|p2a: Kyurem|Kyurem|100/100
|-ability|p2a: Kyurem|Pressure
|turn|1
|
|t:|1620425005
|switch|p1a: Slowking|Slowking-Galar, F|100/100
|switch|p2a: Ferrothorn|Ferrothorn, F|100/100
|
|upkeep
|turn|2
|
|t:|1620425011
|move|p1a: Slowking|Flamethrower|p2a: Ferrothorn
|-supereffective|p2a: Ferrothorn
|-damage|p2a: Ferrothorn|8/100
|move|p2a: Ferrothorn|Stealth Rock|p1a: Slowking
|-sidestart|p1: Draco09876|move: Stealth Rock
|
|upkeep
|turn|3
|
|t:|1620425016
|switch|p2a: Victini|Victini|100/100
|move|p1a: Slowking|Surf|p2a: Victini
|-supereffective|p2a: Victini
|-damage|p2a: Victini|41/100
|
|upkeep
|turn|4
|
|t:|1620425022
|switch|p1a: Swampert|Swampert, F|100/100
|-damage|p1a: Swampert|94/100|[from] Stealth Rock
|move|p2a: Victini|V-create|p1a: Swampert
|-resisted|p1a: Swampert
|-damage|p1a: Swampert|37/100
|-unboost|p2a: Victini|spe|1
|-unboost|p2a: Victini|def|1
|-unboost|p2a: Victini|spd|1
|
|-heal|p1a: Swampert|43/100|[from] item: Leftovers
|upkeep
|turn|5
|
|t:|1620425048
|move|p2a: Victini|V-create|p1a: Swampert
|-resisted|p1a: Swampert
|-damage|p1a: Swampert|0 fnt
|-unboost|p2a: Victini|spe|1
|-unboost|p2a: Victini|def|1
|-unboost|p2a: Victini|spd|1
|faint|p1a: Swampert
|
|upkeep
|
|t:|1620425052
|switch|p1a: Dragapult|Dragapult, M|100/100
|-damage|p1a: Dragapult|88/100|[from] Stealth Rock
|turn|6
|
|t:|1620425058
|switch|p2a: Toxapex|Toxapex, M|100/100
|move|p1a: Dragapult|Shadow Ball|p2a: Toxapex
|-damage|p2a: Toxapex|64/100
|-unboost|p2a: Toxapex|spd|1
|
|-heal|p2a: Toxapex|70/100|[from] item: Black Sludge
|upkeep
|turn|7
|
|t:|1620425068
|switch|p1a: Ferrothorn|Ferrothorn, M|100/100
|-damage|p1a: Ferrothorn|95/100|[from] Stealth Rock
|move|p2a: Toxapex|Recover|p2a: Toxapex
|-heal|p2a: Toxapex|100/100
|
|upkeep
|turn|8
|
|t:|1620425075
|switch|p2a: Hatterene|Hatterene, F|100/100
|move|p1a: Ferrothorn|Knock Off|p2a: Hatterene
|-damage|p2a: Hatterene|77/100
|-enditem|p2a: Hatterene|Choice Specs|[from] move: Knock Off|[of] p1a: Ferrothorn
|
|upkeep
|turn|9
|
|t:|1620425082
|switch|p1a: Slowking|Slowking-Galar, F|100/100
|-damage|p1a: Slowking|88/100|[from] Stealth Rock
|move|p2a: Hatterene|Mystical Fire|p1a: Slowking
|-damage|p1a: Slowking|72/100
|-unboost|p1a: Slowking|spa|1
|
|upkeep
|turn|10
|
|t:|1620425092
|switch|p2a: Kyurem|Kyurem|100/100
|-ability|p2a: Kyurem|Pressure
|move|p1a: Slowking|Sludge Bomb|p2a: Kyurem
|-damage|p2a: Kyurem|74/100
|
|upkeep
|turn|11
|
|t:|1620425101
|switch|p1a: Ferrothorn|Ferrothorn, M|95/100
|-damage|p1a: Ferrothorn|89/100|[from] Stealth Rock
|move|p2a: Kyurem|Ice Beam|p1a: Ferrothorn
|-damage|p1a: Ferrothorn|29/100
|
|upkeep
|turn|12
|
|t:|1620425112
|switch|p1a: Slowking|Slowking-Galar, F|100/100
|-damage|p1a: Slowking|88/100|[from] Stealth Rock
|move|p2a: Kyurem|Ice Beam|p1a: Slowking
|-damage|p1a: Slowking|53/100
|
|upkeep
|turn|13
|
|t:|1620425118
|move|p2a: Kyurem|Ice Beam|p1a: Slowking
|-damage|p1a: Slowking|18/100
|-status|p1a: Slowking|frz
|cant|p1a: Slowking|frz
|
|upkeep
|turn|14
|c|☆Draco09876|why not
|c|☆Draco09876|lol
|
|t:|1620425130
|switch|p1a: Ferrothorn|Ferrothorn, M|29/100
|-damage|p1a: Ferrothorn|23/100|[from] Stealth Rock
|move|p2a: Kyurem|Ice Beam|p1a: Ferrothorn
|-damage|p1a: Ferrothorn|0 fnt
|faint|p1a: Ferrothorn
|
|upkeep
|
|t:|1620425132
|switch|p1a: Weavile|Weavile, F|100/100
|-ability|p1a: Weavile|Pressure
|turn|15
|c|☆Le-Perpetrator|lol
|
|t:|1620425142
|move|p1a: Weavile|Swords Dance|p1a: Weavile
|-boost|p1a: Weavile|atk|2
|move|p2a: Kyurem|Ice Beam|p1a: Weavile
|-resisted|p1a: Weavile
|-damage|p1a: Weavile|55/100
|
|upkeep
|turn|16
|
|t:|1620425151
|switch|p2a: Ferrothorn|Ferrothorn, F|8/100
|move|p1a: Weavile|Knock Off|p2a: Ferrothorn
|-damage|p2a: Ferrothorn|0 fnt
|-damage|p1a: Weavile|43/100|[from] ability: Iron Barbs|[of] p2a: Ferrothorn
|-damage|p1a: Weavile|26/100|[from] item: Rocky Helmet|[of] p2a: Ferrothorn
|-enditem|p2a: Ferrothorn|Rocky Helmet|[from] move: Knock Off|[of] p1a: Weavile
|faint|p2a: Ferrothorn
|
|upkeep
|
|t:|1620425163
|switch|p2a: Landorus|Landorus-Therian, M|100/100
|-ability|p2a: Landorus|Intimidate|boost
|-unboost|p1a: Weavile|atk|1
|turn|17
|
|t:|1620425169
|move|p2a: Landorus|U-turn|p1a: Weavile
|-supereffective|p1a: Weavile
|-damage|p1a: Weavile|0 fnt
|faint|p1a: Weavile
|c|☆Draco09876|is this a meme team?
|
|t:|1620425178
|switch|p2a: Kyurem|Kyurem|74/100|[from]move: U-turn
|-ability|p2a: Kyurem|Pressure
|
|upkeep
|c|☆Le-Perpetrator|lmao
|c|☆Draco09876|of just choiced and wall
|
|t:|1620425190
|switch|p1a: Dragapult|Dragapult, M|88/100
|-damage|p1a: Dragapult|76/100|[from] Stealth Rock
|turn|18
|
|t:|1620425200
|switch|p2a: Toxapex|Toxapex, M|100/100
|move|p1a: Dragapult|Draco Meteor|p2a: Toxapex
|-damage|p2a: Toxapex|39/100
|-unboost|p1a: Dragapult|spa|2
|
|-heal|p2a: Toxapex|45/100|[from] item: Black Sludge
|upkeep
|turn|19
|c|☆Le-Perpetrator|yup
|
|t:|1620425208
|switch|p1a: Slowking|Slowking-Galar, F|51/100 frz
|-damage|p1a: Slowking|39/100 frz|[from] Stealth Rock
|move|p2a: Toxapex|Recover|p2a: Toxapex
|-heal|p2a: Toxapex|95/100
|
|-heal|p2a: Toxapex|100/100|[from] item: Black Sludge
|upkeep
|turn|20
|
|t:|1620425218
|switch|p2a: Victini|Victini|41/100
|cant|p1a: Slowking|frz
|
|upkeep
|turn|21
|c|☆Draco09876|welp gg
|-message|Draco09876 forfeited.
|
|win|Le-Perpetrator
|l|☆Draco09876
|c|☆Le-Perpetrator|gg
|raw|Draco09876's rating: 1645 &rarr; <strong>1631</strong><br />(-14 for losing)
|raw|Le-Perpetrator's rating: 1745 &rarr; <strong>1759</strong><br />(+14 for winning)
