|j|☆Yungbattosai
|j|☆PQPP214
|t:|1649127907
|gametype|singles
|player|p1|Yungbattosai|silver|1577
|player|p2|PQPP214|266|1577
|teamsize|p1|6
|teamsize|p2|6
|gen|8
|tier|[Gen 8] OU
|rated|
|rule|Sleep Clause Mod: Limit one foe put to sleep
|rule|Species Clause: Limit one of each Pokémon
|rule|OHKO Clause: OHKO moves are banned
|rule|Evasion Moves Clause: Evasion moves are banned
|rule|Endless Battle Clause: Forcing endless battles is banned
|rule|HP Percentage Mod: HP is shown in percentages
|rule|Dynamax Clause: You cannot dynamax
|clearpoke
|poke|p1|Zapdos|
|poke|p1|Scizor, M|
|poke|p1|Suicune|
|poke|p1|Kartana|
|poke|p1|Blaziken, M|
|poke|p1|Landorus-Therian, M|
|poke|p2|Garchomp, F|
|poke|p2|Blaziken, M|
|poke|p2|Heatran, M|
|poke|p2|Dragapult, M|
|poke|p2|Ninetales-Alola, F|
|poke|p2|Arctozolt|
|teampreview
|
|t:|1649127928
|start
|switch|p1a: SlaughterGang|Scizor, M|100/100
|switch|p2a: Heatran|Heatran, M|100/100
|-item|p2a: Heatran|Air Balloon
|turn|1
|inactive|Battle timer is ON: inactive players will automatically lose when time's up. (requested by PQPP214)
|
|t:|1649127933
|move|p1a: SlaughterGang|Bullet Punch|p2a: Heatran
|-resisted|p2a: Heatran
|-damage|p2a: Heatran|92/100
|-status|p1a: SlaughterGang|brn|[from] ability: Flame Body|[of] p2a: Heatran
|-enditem|p2a: Heatran|Air Balloon
|move|p2a: Heatran|Stealth Rock|p1a: SlaughterGang
|-sidestart|p1: Yungbattosai|move: Stealth Rock
|
|-damage|p1a: SlaughterGang|94/100 brn|[from] brn
|upkeep
|turn|2
|
|t:|1649127941
|move|p2a: Heatran|Magma Storm|p1a: SlaughterGang
|-supereffective|p1a: SlaughterGang
|-damage|p1a: SlaughterGang|0 fnt
|faint|p1a: SlaughterGang
|
|upkeep
|
|t:|1649127945
|switch|p1a: BootieClappa|Blaziken, M, shiny|100/100
|-damage|p1a: BootieClappa|88/100|[from] Stealth Rock
|turn|3
|
|t:|1649127964
|switch|p2a: Garchomp|Garchomp, F|100/100
|move|p1a: BootieClappa|Swords Dance|p1a: BootieClappa
|-boost|p1a: BootieClappa|atk|2
|
|-ability|p1a: BootieClappa|Speed Boost|boost
|-boost|p1a: BootieClappa|spe|1
|upkeep
|turn|4
|
|t:|1649127969
|move|p1a: BootieClappa|Close Combat|p2a: Garchomp
|-damage|p2a: Garchomp|0 fnt
|-unboost|p1a: BootieClappa|def|1
|-unboost|p1a: BootieClappa|spd|1
|-activate|p2a: Garchomp|ability: Rough Skin
|-activate|p1a: BootieClappa|item: Protective Pads
|faint|p2a: Garchomp
|
|-ability|p1a: BootieClappa|Speed Boost|boost
|-boost|p1a: BootieClappa|spe|1
|upkeep
|
|t:|1649127981
|switch|p2a: Dragapult|Dragapult, M|100/100
|turn|5
|
|t:|1649127990
|move|p1a: BootieClappa|Flare Blitz|p2a: Dragapult
|-resisted|p2a: Dragapult
|-damage|p2a: Dragapult|7/100
|-damage|p1a: BootieClappa|56/100|[from] Recoil
|move|p2a: Dragapult|Dragon Darts|p1a: BootieClappa
|-damage|p1a: BootieClappa|0 fnt
|faint|p1a: BootieClappa
|
|upkeep
|
|t:|1649127997
|switch|p1a: KnifeTalk|Kartana, shiny|100/100
|-damage|p1a: KnifeTalk|95/100|[from] Stealth Rock
|turn|6
|
|t:|1649128002
|switch|p2a: Heatran|Heatran, M|92/100
|move|p1a: KnifeTalk|Swords Dance|p1a: KnifeTalk
|-boost|p1a: KnifeTalk|atk|2
|
|upkeep
|turn|7
|
|t:|1649128014
|switch|p2a: Dragapult|Dragapult, M|7/100
|move|p1a: KnifeTalk|Sacred Sword|p2a: Dragapult
|-immune|p2a: Dragapult
|
|upkeep
|turn|8
|
|t:|1649128023
|switch|p1a: SoulSnatcher|Suicune, shiny|100/100
|-damage|p1a: SoulSnatcher|88/100|[from] Stealth Rock
|-ability|p1a: SoulSnatcher|Pressure
|move|p2a: Dragapult|Phantom Force||[still]
|-prepare|p2a: Dragapult|Phantom Force
|
|upkeep
|turn|9
|j| 50 at max
|l| 50 at max
|
|t:|1649128030
|move|p2a: Dragapult|Phantom Force|p1a: SoulSnatcher|[from]lockedmove
|-damage|p1a: SoulSnatcher|49/100
|-damage|p2a: Dragapult|0 fnt|[from] item: Rocky Helmet|[of] p1a: SoulSnatcher
|faint|p2a: Dragapult
|move|p1a: SoulSnatcher|Calm Mind|p1a: SoulSnatcher
|-boost|p1a: SoulSnatcher|spa|1
|-boost|p1a: SoulSnatcher|spd|1
|
|upkeep
|
|t:|1649128037
|switch|p2a: Ninetales|Ninetales-Alola, F|100/100
|-weather|Hail|[from] ability: Snow Warning|[of] p2a: Ninetales
|turn|10
|
|t:|1649128041
|move|p2a: Ninetales|Hypnosis|p1a: SoulSnatcher|[miss]
|-miss|p2a: Ninetales|p1a: SoulSnatcher
|move|p1a: SoulSnatcher|Scald|p2a: Ninetales
|-damage|p2a: Ninetales|61/100
|-status|p2a: Ninetales|brn
|
|-weather|Hail|[upkeep]
|-damage|p1a: SoulSnatcher|43/100|[from] Hail
|-damage|p2a: Ninetales|55/100 brn|[from] brn
|upkeep
|turn|11
|
|t:|1649128044
|move|p2a: Ninetales|Hypnosis|p1a: SoulSnatcher
|-status|p1a: SoulSnatcher|slp|[from] move: Hypnosis
|cant|p1a: SoulSnatcher|slp
|
|-weather|Hail|[upkeep]
|-damage|p1a: SoulSnatcher|36/100 slp|[from] Hail
|-damage|p2a: Ninetales|49/100 brn|[from] brn
|upkeep
|turn|12
|
|t:|1649128052
|switch|p2a: Arctozolt|Arctozolt|100/100
|switch|p1a: KnifeTalk|Kartana, shiny|95/100
|-damage|p1a: KnifeTalk|89/100|[from] Stealth Rock
|
|-weather|Hail|[upkeep]
|-damage|p1a: KnifeTalk|83/100|[from] Hail
|upkeep
|turn|13
|
|t:|1649128057
|switch|p1a: SoulSnatcher|Suicune, shiny|36/100 slp
|-damage|p1a: SoulSnatcher|24/100 slp|[from] Stealth Rock
|-ability|p1a: SoulSnatcher|Pressure
|move|p2a: Arctozolt|Blizzard|p1a: SoulSnatcher
|-resisted|p1a: SoulSnatcher
|-damage|p1a: SoulSnatcher|11/100 slp
|
|-weather|Hail|[upkeep]
|-damage|p1a: SoulSnatcher|4/100 slp|[from] Hail
|upkeep
|turn|14
|
|t:|1649128065
|switch|p1a: Papi|Landorus-Therian, M|100/100
|-damage|p1a: Papi|88/100|[from] Stealth Rock
|-ability|p1a: Papi|Intimidate|boost
|-unboost|p2a: Arctozolt|atk|1
|move|p2a: Arctozolt|Bolt Beak|p1a: Papi
|-immune|p1a: Papi
|
|-weather|Hail|[upkeep]
|-damage|p1a: Papi|82/100|[from] Hail
|upkeep
|turn|15
|
|t:|1649128071
|move|p2a: Arctozolt|Blizzard|p1a: Papi
|-supereffective|p1a: Papi
|-damage|p1a: Papi|0 fnt
|faint|p1a: Papi
|
|-weather|Hail|[upkeep]
|upkeep
|
|t:|1649128074
|switch|p1a: Zapdos|Zapdos, shiny|100/100
|turn|16
|
|t:|1649128079
|move|p2a: Arctozolt|Blizzard|p1a: Zapdos
|-supereffective|p1a: Zapdos
|-damage|p1a: Zapdos|26/100
|move|p1a: Zapdos|Heat Wave|p2a: Arctozolt
|-supereffective|p2a: Arctozolt
|-damage|p2a: Arctozolt|13/100
|
|-weather|Hail|[upkeep]
|-damage|p1a: Zapdos|20/100|[from] Hail
|upkeep
|turn|17
|
|t:|1649128085
|move|p2a: Arctozolt|Blizzard|p1a: Zapdos
|-supereffective|p1a: Zapdos
|-damage|p1a: Zapdos|0 fnt
|faint|p1a: Zapdos
|
|-weather|none
|upkeep
|
|t:|1649128088
|switch|p1a: KnifeTalk|Kartana, shiny|83/100
|-damage|p1a: KnifeTalk|77/100|[from] Stealth Rock
|turn|18
|
|t:|1649128094
|move|p1a: KnifeTalk|Swords Dance|p1a: KnifeTalk
|-boost|p1a: KnifeTalk|atk|2
|move|p2a: Arctozolt|Blizzard|p1a: KnifeTalk
|-damage|p1a: KnifeTalk|0 fnt
|faint|p1a: KnifeTalk
|
|upkeep
|-message|Yungbattosai forfeited.
|
|win|PQPP214
|raw|Yungbattosai's rating: 1577 &rarr; <strong>1557</strong><br />(-20 for losing)
|raw|PQPP214's rating: 1577 &rarr; <strong>1597</strong><br />(+20 for winning)
|l|☆Yungbattosai
