|j|☆chokst du
|j|☆tanishq1
|t:|1653120048
|gametype|singles
|player|p1|chokst du|266|1851
|player|p2|tanishq1|170|1750
|teamsize|p1|6
|teamsize|p2|6
|gen|8
|tier|[Gen 8] OU
|rated|
|rule|Sleep Clause Mod: Limit one foe put to sleep
|rule|Species Clause: Limit one of each Pokémon
|rule|OHKO Clause: OHKO moves are banned
|rule|Evasion Moves Clause: Evasion moves are banned
|rule|Endless Battle Clause: Forcing endless battles is banned
|rule|HP Percentage Mod: HP is shown in percentages
|rule|Dynamax Clause: You cannot dynamax
|clearpoke
|poke|p1|Hippowdon, M|
|poke|p1|Zapdos-Galar|
|poke|p1|Weavile, F|
|poke|p1|Excadrill, F|
|poke|p1|Skarmory, F|
|poke|p1|Toxapex, F|
|poke|p2|Garchomp, M|
|poke|p2|Ferrothorn, M|
|poke|p2|Heatran, F|
|poke|p2|Zapdos|
|poke|p2|Tapu Fini|
|poke|p2|Weavile, F|
|teampreview
|inactive|Battle timer is ON: inactive players will automatically lose when time's up. (requested by tanishq1)
|j| vraferfarwefv
|
|t:|1653120061
|start
|switch|p1a: Toxapex|Toxapex, F|100/100
|switch|p2a: Tapu Fini|Tapu Fini|100/100
|-fieldstart|move: Misty Terrain|[from] ability: Misty Surge|[of] p2a: Tapu Fini
|turn|1
|
|t:|1653120064
|move|p2a: Tapu Fini|Whirlpool|p1a: Toxapex
|-resisted|p1a: Toxapex
|-damage|p1a: Toxapex|96/100
|-activate|p1a: Toxapex|move: Whirlpool|[of] p2a: Tapu Fini
|move|p1a: Toxapex|Knock Off|p2a: Tapu Fini
|-resisted|p2a: Tapu Fini
|-damage|p2a: Tapu Fini|96/100
|-enditem|p2a: Tapu Fini|Leftovers|[from] move: Knock Off|[of] p1a: Toxapex
|
|-damage|p1a: Toxapex|84/100|[from] move: Whirlpool|[partiallytrapped]
|upkeep
|turn|2
|
|t:|1653120068
|move|p2a: Tapu Fini|Nature's Madness|p1a: Toxapex
|-damage|p1a: Toxapex|42/100
|move|p1a: Toxapex|Toxic Spikes|p2a: Tapu Fini
|-sidestart|p2: tanishq1|move: Toxic Spikes
|
|-damage|p1a: Toxapex|30/100|[from] move: Whirlpool|[partiallytrapped]
|upkeep
|turn|3
|j| acxc
|
|t:|1653120074
|switch|p1a: Hippowdon|Hippowdon, M|100/100
|-weather|Sandstorm|[from] ability: Sand Stream|[of] p1a: Hippowdon
|move|p2a: Tapu Fini|Taunt|p1a: Hippowdon
|-start|p1a: Hippowdon|move: Taunt
|
|-weather|Sandstorm|[upkeep]
|-damage|p2a: Tapu Fini|90/100|[from] Sandstorm
|upkeep
|turn|4
|j| hendrxxxstan
|
|t:|1653120078
|switch|p1a: Toxapex|Toxapex, F|63/100
|move|p2a: Tapu Fini|Whirlpool|p1a: Toxapex
|-resisted|p1a: Toxapex
|-damage|p1a: Toxapex|59/100
|-activate|p1a: Toxapex|move: Whirlpool|[of] p2a: Tapu Fini
|
|-weather|Sandstorm|[upkeep]
|-damage|p2a: Tapu Fini|84/100|[from] Sandstorm
|-damage|p1a: Toxapex|52/100|[from] Sandstorm
|-damage|p1a: Toxapex|40/100|[from] move: Whirlpool|[partiallytrapped]
|upkeep
|turn|5
|
|t:|1653120081
|move|p2a: Tapu Fini|Whirlpool|p1a: Toxapex
|-resisted|p1a: Toxapex
|-damage|p1a: Toxapex|36/100
|move|p1a: Toxapex|Recover|p1a: Toxapex
|-heal|p1a: Toxapex|86/100
|
|-weather|Sandstorm|[upkeep]
|-damage|p2a: Tapu Fini|78/100|[from] Sandstorm
|-damage|p1a: Toxapex|79/100|[from] Sandstorm
|-damage|p1a: Toxapex|67/100|[from] move: Whirlpool|[partiallytrapped]
|-fieldend|Misty Terrain
|upkeep
|turn|6
|
|t:|1653120084
|move|p2a: Tapu Fini|Whirlpool|p1a: Toxapex
|-resisted|p1a: Toxapex
|-damage|p1a: Toxapex|63/100
|move|p1a: Toxapex|Recover|p1a: Toxapex
|-heal|p1a: Toxapex|100/100
|
|-weather|Sandstorm|[upkeep]
|-damage|p2a: Tapu Fini|71/100|[from] Sandstorm
|-damage|p1a: Toxapex|94/100|[from] Sandstorm
|-damage|p1a: Toxapex|82/100|[from] move: Whirlpool|[partiallytrapped]
|upkeep
|turn|7
|
|t:|1653120086
|move|p2a: Tapu Fini|Nature's Madness|p1a: Toxapex
|-damage|p1a: Toxapex|41/100
|move|p1a: Toxapex|Knock Off|p2a: Tapu Fini
|-resisted|p2a: Tapu Fini
|-damage|p2a: Tapu Fini|68/100
|
|-weather|none
|-damage|p1a: Toxapex|29/100|[from] move: Whirlpool|[partiallytrapped]
|upkeep
|turn|8
|
|t:|1653120090
|move|p2a: Tapu Fini|Whirlpool|p1a: Toxapex
|-resisted|p1a: Toxapex
|-damage|p1a: Toxapex|25/100
|move|p1a: Toxapex|Recover|p1a: Toxapex
|-heal|p1a: Toxapex|75/100
|
|-damage|p1a: Toxapex|62/100|[from] move: Whirlpool|[partiallytrapped]
|upkeep
|turn|9
|j| A1000dick
|
|t:|1653120092
|move|p2a: Tapu Fini|Taunt|p1a: Toxapex
|-start|p1a: Toxapex|move: Taunt
|cant|p1a: Toxapex|move: Taunt|Recover
|
|-end|p1a: Toxapex|Whirlpool|[partiallytrapped]
|upkeep
|turn|10
|
|t:|1653120095
|move|p2a: Tapu Fini|Whirlpool|p1a: Toxapex
|-resisted|p1a: Toxapex
|-damage|p1a: Toxapex|58/100
|-activate|p1a: Toxapex|move: Whirlpool|[of] p2a: Tapu Fini
|move|p1a: Toxapex|Knock Off|p2a: Tapu Fini
|-resisted|p2a: Tapu Fini
|-damage|p2a: Tapu Fini|65/100
|
|-damage|p1a: Toxapex|46/100|[from] move: Whirlpool|[partiallytrapped]
|upkeep
|turn|11
|
|t:|1653120098
|switch|p1a: Hippowdon|Hippowdon, M|100/100
|-weather|Sandstorm|[from] ability: Sand Stream|[of] p1a: Hippowdon
|move|p2a: Tapu Fini|Nature's Madness|p1a: Hippowdon
|-damage|p1a: Hippowdon|50/100
|
|-weather|Sandstorm|[upkeep]
|-damage|p2a: Tapu Fini|59/100|[from] Sandstorm
|-heal|p1a: Hippowdon|57/100|[from] item: Leftovers
|upkeep
|turn|12
|
|t:|1653120102
|move|p2a: Tapu Fini|Whirlpool|p1a: Hippowdon
|-supereffective|p1a: Hippowdon
|-damage|p1a: Hippowdon|41/100
|-activate|p1a: Hippowdon|move: Whirlpool|[of] p2a: Tapu Fini
|move|p1a: Hippowdon|Slack Off|p1a: Hippowdon
|-heal|p1a: Hippowdon|91/100
|
|-weather|Sandstorm|[upkeep]
|-damage|p2a: Tapu Fini|53/100|[from] Sandstorm
|-heal|p1a: Hippowdon|97/100|[from] item: Leftovers
|-damage|p1a: Hippowdon|85/100|[from] move: Whirlpool|[partiallytrapped]
|upkeep
|turn|13
|
|t:|1653120105
|move|p2a: Tapu Fini|Taunt|p1a: Hippowdon
|-start|p1a: Hippowdon|move: Taunt
|move|p1a: Hippowdon|Earthquake|p2a: Tapu Fini
|-damage|p2a: Tapu Fini|23/100
|
|-weather|Sandstorm|[upkeep]
|-damage|p2a: Tapu Fini|17/100|[from] Sandstorm
|-heal|p1a: Hippowdon|91/100|[from] item: Leftovers
|-damage|p1a: Hippowdon|79/100|[from] move: Whirlpool|[partiallytrapped]
|upkeep
|turn|14
|
|t:|1653120107
|move|p2a: Tapu Fini|Moonblast|p1a: Hippowdon
|-damage|p1a: Hippowdon|59/100
|-unboost|p1a: Hippowdon|spa|1
|move|p1a: Hippowdon|Earthquake|p2a: Tapu Fini
|-damage|p2a: Tapu Fini|0 fnt
|faint|p2a: Tapu Fini
|
|-weather|Sandstorm|[upkeep]
|-heal|p1a: Hippowdon|65/100|[from] item: Leftovers
|-end|p1a: Hippowdon|Whirlpool|[partiallytrapped]|[silent]
|upkeep
|
|t:|1653120112
|switch|p2a: Zapdos|Zapdos|100/100
|turn|15
|
|t:|1653120118
|switch|p1a: Weavile|Weavile, F|100/100
|-ability|p1a: Weavile|Pressure
|move|p2a: Zapdos|Defog|p1a: Weavile
|-unboost|p1a: Weavile|evasion|1
|-sideend|p2: tanishq1|Toxic Spikes|[from] move: Defog|[of] p2a: Zapdos
|
|-weather|none
|upkeep
|turn|16
|
|t:|1653120123
|switch|p1a: Hippowdon|Hippowdon, M|65/100
|-weather|Sandstorm|[from] ability: Sand Stream|[of] p1a: Hippowdon
|switch|p2a: Ferrothorn|Ferrothorn, M|100/100
|
|-weather|Sandstorm|[upkeep]
|-heal|p1a: Hippowdon|72/100|[from] item: Leftovers
|upkeep
|turn|17
|
|t:|1653120126
|switch|p2a: Weavile|Weavile, F|100/100
|-ability|p2a: Weavile|Pressure
|move|p1a: Hippowdon|Stealth Rock|p2a: Weavile
|-sidestart|p2: tanishq1|move: Stealth Rock
|
|-weather|Sandstorm|[upkeep]
|-damage|p2a: Weavile|94/100|[from] Sandstorm
|-heal|p1a: Hippowdon|78/100|[from] item: Leftovers
|upkeep
|turn|18
|
|t:|1653120129
|switch|p1a: Skarmory|Skarmory, F|100/100
|move|p2a: Weavile|Knock Off|p1a: Skarmory
|-damage|p1a: Skarmory|62/100
|-damage|p2a: Weavile|78/100|[from] item: Rocky Helmet|[of] p1a: Skarmory
|-enditem|p1a: Skarmory|Rocky Helmet|[from] move: Knock Off|[of] p2a: Weavile
|
|-weather|Sandstorm|[upkeep]
|-damage|p2a: Weavile|72/100|[from] Sandstorm
|upkeep
|turn|19
|
|t:|1653120131
|switch|p2a: Ferrothorn|Ferrothorn, M|100/100
|-damage|p2a: Ferrothorn|94/100|[from] Stealth Rock
|move|p1a: Skarmory|Roost|p1a: Skarmory
|-heal|p1a: Skarmory|100/100
|-singleturn|p1a: Skarmory|move: Roost
|
|-weather|Sandstorm|[upkeep]
|upkeep
|turn|20
|
|t:|1653120135
|switch|p1a: Zapdos|Zapdos-Galar|100/100
|move|p2a: Ferrothorn|Spikes|p1a: Zapdos
|-sidestart|p1: chokst du|Spikes
|
|-weather|none
|upkeep
|turn|21
|
|t:|1653120138
|switch|p2a: Zapdos|Zapdos|100/100
|move|p1a: Zapdos|Close Combat|p2a: Zapdos
|-resisted|p2a: Zapdos
|-damage|p2a: Zapdos|46/100
|-unboost|p1a: Zapdos|def|1
|-unboost|p1a: Zapdos|spd|1
|
|upkeep
|turn|22
|j| Ran Kob
|
|t:|1653120146
|move|p1a: Zapdos|Close Combat|p2a: Zapdos
|-resisted|p2a: Zapdos
|-damage|p2a: Zapdos|0 fnt
|-unboost|p1a: Zapdos|def|1
|-unboost|p1a: Zapdos|spd|1
|faint|p2a: Zapdos
|
|upkeep
|
|t:|1653120149
|switch|p2a: Garchomp|Garchomp, M|100/100
|-damage|p2a: Garchomp|94/100|[from] Stealth Rock
|turn|23
|
|t:|1653120152
|switch|p1a: Skarmory|Skarmory, F|100/100
|move|p2a: Garchomp|Swords Dance|p2a: Garchomp
|-boost|p2a: Garchomp|atk|2
|
|-heal|p2a: Garchomp|100/100|[from] item: Leftovers
|upkeep
|turn|24
|
|t:|1653120154
|move|p2a: Garchomp|Aqua Tail|p1a: Skarmory
|-damage|p1a: Skarmory|62/100
|move|p1a: Skarmory|Toxic|p2a: Garchomp|[miss]
|-miss|p1a: Skarmory|p2a: Garchomp
|
|upkeep
|turn|25
|
|t:|1653120158
|move|p2a: Garchomp|Aqua Tail|p1a: Skarmory|[miss]
|-miss|p2a: Garchomp|p1a: Skarmory
|move|p1a: Skarmory|Roost|p1a: Skarmory
|-heal|p1a: Skarmory|100/100
|-singleturn|p1a: Skarmory|move: Roost
|
|upkeep
|turn|26
|
|t:|1653120162
|switch|p2a: Heatran|Heatran, F|100/100
|-damage|p2a: Heatran|88/100|[from] Stealth Rock
|-item|p2a: Heatran|Air Balloon
|move|p1a: Skarmory|Toxic|p2a: Heatran
|-immune|p2a: Heatran
|
|upkeep
|turn|27
|j| 32cows
|
|t:|1653120167
|switch|p1a: Toxapex|Toxapex, F|79/100
|-damage|p1a: Toxapex|66/100|[from] Spikes
|move|p2a: Heatran|Magma Storm|p1a: Toxapex
|-resisted|p1a: Toxapex
|-damage|p1a: Toxapex|45/100
|-activate|p1a: Toxapex|move: Magma Storm|[of] p2a: Heatran
|
|-damage|p1a: Toxapex|33/100|[from] move: Magma Storm|[partiallytrapped]
|upkeep
|turn|28
|
|t:|1653120170
|switch|p1a: Zapdos|Zapdos-Galar|100/100
|move|p2a: Heatran|Magma Storm|p1a: Zapdos
|-damage|p1a: Zapdos|29/100
|-activate|p1a: Zapdos|move: Magma Storm|[of] p2a: Heatran
|
|-damage|p1a: Zapdos|16/100|[from] move: Magma Storm|[partiallytrapped]
|upkeep
|turn|29
|
|t:|1653120174
|switch|p2a: Ferrothorn|Ferrothorn, M|94/100
|-damage|p2a: Ferrothorn|88/100|[from] Stealth Rock
|move|p1a: Zapdos|Close Combat|p2a: Ferrothorn
|-supereffective|p2a: Ferrothorn
|-damage|p2a: Ferrothorn|0 fnt
|-unboost|p1a: Zapdos|def|1
|-unboost|p1a: Zapdos|spd|1
|-damage|p1a: Zapdos|4/100|[from] ability: Iron Barbs|[of] p2a: Ferrothorn
|-damage|p1a: Zapdos|0 fnt|[from] item: Rocky Helmet|[of] p2a: Ferrothorn
|faint|p2a: Ferrothorn
|faint|p1a: Zapdos
|
|upkeep
|
|t:|1653120184
|switch|p1a: Skarmory|Skarmory, F|100/100
|switch|p2a: Weavile|Weavile, F|72/100
|-damage|p2a: Weavile|47/100|[from] Stealth Rock
|-ability|p2a: Weavile|Pressure
|turn|30
|
|t:|1653120187
|move|p2a: Weavile|Triple Axel|p1a: Skarmory
|-damage|p1a: Skarmory|92/100
|-hitcount|p1a: Skarmory|1
|move|p1a: Skarmory|Body Press|p2a: Weavile
|-supereffective|p2a: Weavile
|-damage|p2a: Weavile|0 fnt
|faint|p2a: Weavile
|
|upkeep
|
|t:|1653120190
|switch|p2a: Heatran|Heatran, F|88/100
|-damage|p2a: Heatran|76/100|[from] Stealth Rock
|-item|p2a: Heatran|Air Balloon
|turn|31
|
|t:|1653120195
|switch|p1a: Toxapex|Toxapex, F|66/100
|-damage|p1a: Toxapex|53/100|[from] Spikes
|move|p2a: Heatran|Magma Storm|p1a: Toxapex
|-resisted|p1a: Toxapex
|-damage|p1a: Toxapex|33/100
|-activate|p1a: Toxapex|move: Magma Storm|[of] p2a: Heatran
|
|-damage|p1a: Toxapex|20/100|[from] move: Magma Storm|[partiallytrapped]
|upkeep
|turn|32
|
|t:|1653120199
|move|p2a: Heatran|Earth Power|p1a: Toxapex
|-supereffective|p1a: Toxapex
|-damage|p1a: Toxapex|0 fnt
|faint|p1a: Toxapex
|
|upkeep
|
|t:|1653120205
|switch|p1a: Excadrill|Excadrill, F|100/100
|-damage|p1a: Excadrill|88/100|[from] Spikes
|turn|33
|
|t:|1653120212
|move|p1a: Excadrill|Rapid Spin|p2a: Heatran
|-resisted|p2a: Heatran
|-damage|p2a: Heatran|66/100
|-boost|p1a: Excadrill|spe|1
|-enditem|p2a: Heatran|Air Balloon
|-sideend|p1: chokst du|Spikes|[from] move: Rapid Spin|[of] p1a: Excadrill
|move|p2a: Heatran|Earth Power|p1a: Excadrill
|-supereffective|p1a: Excadrill
|-damage|p1a: Excadrill|0 fnt
|faint|p1a: Excadrill
|
|upkeep
|
|t:|1653120214
|switch|p1a: Hippowdon|Hippowdon, M|78/100
|-weather|Sandstorm|[from] ability: Sand Stream|[of] p1a: Hippowdon
|turn|34
|
|t:|1653120216
|switch|p2a: Garchomp|Garchomp, M|100/100
|-damage|p2a: Garchomp|94/100|[from] Stealth Rock
|move|p1a: Hippowdon|Earthquake|p2a: Garchomp
|-damage|p2a: Garchomp|56/100
|
|-weather|Sandstorm|[upkeep]
|-heal|p2a: Garchomp|62/100|[from] item: Leftovers
|-heal|p1a: Hippowdon|84/100|[from] item: Leftovers
|upkeep
|turn|35
|
|t:|1653120219
|switch|p1a: Skarmory|Skarmory, F|92/100
|move|p2a: Garchomp|Swords Dance|p2a: Garchomp
|-boost|p2a: Garchomp|atk|2
|
|-weather|Sandstorm|[upkeep]
|-heal|p2a: Garchomp|68/100|[from] item: Leftovers
|upkeep
|turn|36
|
|t:|1653120223
|switch|p2a: Heatran|Heatran, F|66/100
|-damage|p2a: Heatran|53/100|[from] Stealth Rock
|move|p1a: Skarmory|Body Press|p2a: Heatran
|-supereffective|p2a: Heatran
|-crit|p2a: Heatran
|-damage|p2a: Heatran|0 fnt
|faint|p2a: Heatran
|
|-weather|Sandstorm|[upkeep]
|upkeep
|-message|tanishq1 forfeited.
|
|win|chokst du
|raw|chokst du's rating: 1851 &rarr; <strong>1865</strong><br />(+14 for winning)
|raw|tanishq1's rating: 1750 &rarr; <strong>1736</strong><br />(-14 for losing)
|l|☆tanishq1
|l| A1000dick
|l| 32cows
|l| hendrxxxstan
|l| acxc
|l| Ran Kob
|player|p1|chokst du|266
