|j|‽Guest 5890168
|j|☆gotsnsd
|t:|1664714763
|gametype|singles
|player|p1|Guest 5890168|170|1507
|player|p2|gotsnsd|beauty-gen2jp|1515
|teamsize|p1|6
|teamsize|p2|6
|gen|8
|tier|[Gen 8] OU
|rated|
|rule|Sleep Clause Mod: Limit one foe put to sleep
|rule|Species Clause: Limit one of each Pokémon
|rule|OHKO Clause: OHKO moves are banned
|rule|Evasion Items Clause: Evasion items are banned
|rule|Evasion Moves Clause: Evasion moves are banned
|rule|Endless Battle Clause: Forcing endless battles is banned
|rule|HP Percentage Mod: HP is shown in percentages
|rule|Dynamax Clause: You cannot dynamax
|clearpoke
|poke|p1|Rotom-Wash|
|poke|p1|Weavile, F|
|poke|p1|Landorus-Therian, M|
|poke|p1|Heatran, M|
|poke|p1|Tangrowth, M|
|poke|p1|Melmetal|
|poke|p2|Corviknight, M|
|poke|p2|Urshifu-*, F|
|poke|p2|Thundurus, M|
|poke|p2|Mamoswine, M|
|poke|p2|Clefable, M|
|poke|p2|Heatran, M|
|teampreview
|inactive|Battle timer is ON: inactive players will automatically lose when time's up. (requested by Guest 5890168)
|
|t:|1664714768
|start
|switch|p1a: Rotom|Rotom-Wash|100/100
|switch|p2a: Clefable|Clefable, M|100/100
|turn|1
|
|t:|1664714771
|move|p1a: Rotom|Nasty Plot|p1a: Rotom
|-boost|p1a: Rotom|spa|2
|move|p2a: Clefable|Trick|p1a: Rotom
|-activate|p2a: Clefable|move: Trick|[of] p1a: Rotom
|-item|p1a: Rotom|Sticky Barb|[from] move: Trick
|-item|p2a: Clefable|Leftovers|[from] move: Trick
|
|-damage|p1a: Rotom|88/100|[from] item: Sticky Barb
|upkeep
|turn|2
|
|t:|1664714776
|move|p1a: Rotom|Thunderbolt|p2a: Clefable
|-damage|p2a: Clefable|39/100
|move|p2a: Clefable|Stealth Rock|p1a: Rotom
|-sidestart|p1: Guest 5890168|move: Stealth Rock
|
|-heal|p2a: Clefable|45/100|[from] item: Leftovers
|-damage|p1a: Rotom|75/100|[from] item: Sticky Barb
|upkeep
|turn|3
|j| Kwaga
|
|t:|1664714783
|move|p1a: Rotom|Thunderbolt|p2a: Clefable
|-damage|p2a: Clefable|0 fnt
|faint|p2a: Clefable
|
|-damage|p1a: Rotom|63/100|[from] item: Sticky Barb
|upkeep
|
|t:|1664714799
|switch|p2a: Thundurus|Thundurus, M|100/100
|turn|4
|j| Quagshi
|
|t:|1664714808
|switch|p1a: Landorus|Landorus-Therian, M|100/100
|-damage|p1a: Landorus|88/100|[from] Stealth Rock
|-ability|p1a: Landorus|Intimidate|boost
|-unboost|p2a: Thundurus|atk|1
|-ability|p2a: Thundurus|Defiant
|-boost|p2a: Thundurus|atk|2
|move|p2a: Thundurus|Wild Charge|p1a: Landorus
|-immune|p1a: Landorus
|
|-heal|p1a: Landorus|94/100|[from] item: Leftovers
|upkeep
|turn|5
|
|t:|1664714816
|switch|p2a: Corviknight|Corviknight, M|100/100
|-ability|p2a: Corviknight|Pressure
|move|p1a: Landorus|Toxic|p2a: Corviknight
|-immune|p2a: Corviknight
|
|-heal|p1a: Landorus|99/100|[from] item: Leftovers
|upkeep
|turn|6
|
|t:|1664714819
|move|p1a: Landorus|Defog|p2a: Corviknight
|-unboost|p2a: Corviknight|evasion|1
|-sideend|p1: Guest 5890168|Stealth Rock|[from] move: Defog|[of] p1a: Landorus
|move|p2a: Corviknight|U-turn|p1a: Landorus
|-resisted|p1a: Landorus
|-damage|p1a: Landorus|94/100
|
|t:|1664714823
|switch|p2a: Mamoswine|Mamoswine, M|100/100|[from]move: U-turn
|
|-heal|p1a: Landorus|99/100|[from] item: Leftovers
|upkeep
|turn|7
|
|t:|1664714834
|switch|p1a: Tangrowth|Tangrowth, M|100/100
|move|p2a: Mamoswine|Substitute|p2a: Mamoswine
|-start|p2a: Mamoswine|Substitute
|-damage|p2a: Mamoswine|76/100
|
|upkeep
|turn|8
|
|t:|1664714836
|switch|p1a: Heatran|Heatran, M|100/100
|-item|p1a: Heatran|Air Balloon
|move|p2a: Mamoswine|Icicle Crash|p1a: Heatran|[miss]
|-miss|p2a: Mamoswine|p1a: Heatran
|
|upkeep
|turn|9
|
|t:|1664714845
|move|p1a: Heatran|Magma Storm|p2a: Mamoswine
|-supereffective|p2a: Mamoswine
|-end|p2a: Mamoswine|Substitute
|move|p2a: Mamoswine|Icicle Crash|p1a: Heatran
|-resisted|p1a: Heatran
|-damage|p1a: Heatran|88/100
|-enditem|p1a: Heatran|Air Balloon
|
|upkeep
|turn|10
|
|t:|1664714853
|switch|p2a: Urshifu|Urshifu-Rapid-Strike, F|100/100
|move|p1a: Heatran|Eruption|p2a: Urshifu
|-resisted|p2a: Urshifu
|-damage|p2a: Urshifu|49/100
|
|upkeep
|turn|11
|
|t:|1664714855
|switch|p1a: Tangrowth|Tangrowth, M|100/100
|move|p2a: Urshifu|U-turn|p1a: Tangrowth
|-supereffective|p1a: Tangrowth
|-damage|p1a: Tangrowth|74/100
|
|t:|1664714859
|switch|p2a: Mamoswine|Mamoswine, M|76/100|[from]move: U-turn
|
|upkeep
|turn|12
|
|t:|1664714862
|move|p2a: Mamoswine|Icicle Crash|p1a: Tangrowth
|-supereffective|p1a: Tangrowth
|-damage|p1a: Tangrowth|26/100
|move|p1a: Tangrowth|Focus Blast|p2a: Mamoswine|[miss]
|-miss|p1a: Tangrowth|p2a: Mamoswine
|
|upkeep
|turn|13
|
|t:|1664714868
|switch|p1a: Rotom|Rotom-Wash|63/100
|move|p2a: Mamoswine|Earthquake|p1a: Rotom
|-immune|p1a: Rotom|[from] ability: Levitate
|
|-damage|p1a: Rotom|50/100|[from] item: Sticky Barb
|upkeep
|turn|14
|
|t:|1664714871
|move|p1a: Rotom|Hydro Pump|p2a: Mamoswine
|-supereffective|p2a: Mamoswine
|-damage|p2a: Mamoswine|0 fnt
|faint|p2a: Mamoswine
|
|-damage|p1a: Rotom|38/100|[from] item: Sticky Barb
|upkeep
|
|t:|1664714876
|switch|p2a: Thundurus|Thundurus, M|100/100
|turn|15
|
|t:|1664714879
|switch|p1a: Melmetal|Melmetal|100/100
|move|p2a: Thundurus|Knock Off|p1a: Melmetal
|-damage|p1a: Melmetal|79/100
|-enditem|p1a: Melmetal|Assault Vest|[from] move: Knock Off|[of] p2a: Thundurus
|-damage|p2a: Thundurus|91/100|[from] item: Life Orb
|
|upkeep
|turn|16
|l| Kwaga
|
|t:|1664714885
|move|p2a: Thundurus|Superpower|p1a: Melmetal
|-supereffective|p1a: Melmetal
|-damage|p1a: Melmetal|22/100
|-unboost|p2a: Thundurus|atk|1
|-unboost|p2a: Thundurus|def|1
|-damage|p2a: Thundurus|81/100|[from] item: Life Orb
|move|p1a: Melmetal|Thunder Punch|p2a: Thundurus
|-damage|p2a: Thundurus|8/100
|
|upkeep
|turn|17
|
|t:|1664714889
|switch|p1a: Tangrowth|Tangrowth, M|59/100
|move|p2a: Thundurus|Knock Off|p1a: Tangrowth
|-damage|p1a: Tangrowth|45/100
|-damage|p2a: Thundurus|0 fnt|[from] item: Rocky Helmet|[of] p1a: Tangrowth
|faint|p2a: Thundurus
|
|upkeep
|
|t:|1664714900
|switch|p2a: Corviknight|Corviknight, M|100/100
|-ability|p2a: Corviknight|Pressure
|turn|18
|
|t:|1664714905
|move|p2a: Corviknight|Brave Bird|p1a: Tangrowth
|-supereffective|p1a: Tangrowth
|-damage|p1a: Tangrowth|4/100
|-damage|p2a: Corviknight|84/100|[from] item: Rocky Helmet|[of] p1a: Tangrowth
|-damage|p2a: Corviknight|70/100|[from] Recoil
|move|p1a: Tangrowth|Sleep Powder|p2a: Corviknight|[miss]
|-miss|p1a: Tangrowth|p2a: Corviknight
|
|-heal|p2a: Corviknight|76/100|[from] item: Leftovers
|upkeep
|turn|19
|
|t:|1664714909
|switch|p1a: Landorus|Landorus-Therian, M|99/100
|-ability|p1a: Landorus|Intimidate|boost
|-unboost|p2a: Corviknight|atk|1
|move|p2a: Corviknight|U-turn|p1a: Landorus
|-resisted|p1a: Landorus
|-damage|p1a: Landorus|95/100
|
|t:|1664714912
|switch|p2a: Urshifu|Urshifu-Rapid-Strike, F|49/100|[from]move: U-turn
|
|-heal|p1a: Landorus|100/100|[from] item: Leftovers
|upkeep
|turn|20
|
|t:|1664714916
|switch|p1a: Tangrowth|Tangrowth, M|37/100
|move|p2a: Urshifu|Surging Strikes|p1a: Tangrowth
|-resisted|p1a: Tangrowth
|-crit|p1a: Tangrowth
|-damage|p1a: Tangrowth|33/100
|-resisted|p1a: Tangrowth
|-crit|p1a: Tangrowth
|-damage|p1a: Tangrowth|28/100
|-resisted|p1a: Tangrowth
|-crit|p1a: Tangrowth
|-damage|p1a: Tangrowth|23/100
|-hitcount|p1a: Tangrowth|3
|
|upkeep
|turn|21
|
|t:|1664714921
|switch|p1a: Rotom|Rotom-Wash|38/100
|move|p2a: Urshifu|Close Combat|p1a: Rotom
|-damage|p1a: Rotom|0 fnt
|-unboost|p2a: Urshifu|def|1
|-unboost|p2a: Urshifu|spd|1
|faint|p1a: Rotom
|
|upkeep
|
|t:|1664714921
|switch|p1a: Weavile|Weavile, F|100/100
|-ability|p1a: Weavile|Pressure
|turn|22
|
|t:|1664714925
|switch|p2a: Heatran|Heatran, M|100/100
|move|p1a: Weavile|Knock Off|p2a: Heatran
|-damage|p2a: Heatran|45/100
|-enditem|p2a: Heatran|Leftovers|[from] move: Knock Off|[of] p1a: Weavile
|
|upkeep
|turn|23
|
|t:|1664714929
|switch|p1a: Landorus|Landorus-Therian, M|100/100
|-ability|p1a: Landorus|Intimidate|boost
|-unboost|p2a: Heatran|atk|1
|move|p2a: Heatran|Earth Power|p1a: Landorus
|-immune|p1a: Landorus
|
|upkeep
|turn|24
|
|t:|1664714932
|move|p2a: Heatran|Protect|p2a: Heatran
|-singleturn|p2a: Heatran|Protect
|move|p1a: Landorus|Earthquake|p2a: Heatran
|-activate|p2a: Heatran|move: Protect
|
|upkeep
|turn|25
|
|t:|1664714935
|switch|p2a: Corviknight|Corviknight, M|76/100
|-ability|p2a: Corviknight|Pressure
|move|p1a: Landorus|Earthquake|p2a: Corviknight
|-immune|p2a: Corviknight
|
|-heal|p2a: Corviknight|82/100|[from] item: Leftovers
|upkeep
|turn|26
|
|t:|1664714938
|switch|p1a: Tangrowth|Tangrowth, M|56/100
|move|p2a: Corviknight|U-turn|p1a: Tangrowth
|-supereffective|p1a: Tangrowth
|-damage|p1a: Tangrowth|40/100
|-damage|p2a: Corviknight|66/100|[from] item: Rocky Helmet|[of] p1a: Tangrowth
|
|t:|1664714941
|switch|p2a: Heatran|Heatran, M|45/100|[from]move: U-turn
|
|upkeep
|turn|27
|
|t:|1664714948
|switch|p2a: Corviknight|Corviknight, M|66/100
|-ability|p2a: Corviknight|Pressure
|switch|p1a: Landorus|Landorus-Therian, M|100/100
|-ability|p1a: Landorus|Intimidate|boost
|-unboost|p2a: Corviknight|atk|1
|
|-heal|p2a: Corviknight|72/100|[from] item: Leftovers
|upkeep
|turn|28
|
|t:|1664714951
|switch|p1a: Tangrowth|Tangrowth, M|73/100
|move|p2a: Corviknight|U-turn|p1a: Tangrowth
|-supereffective|p1a: Tangrowth
|-damage|p1a: Tangrowth|62/100
|-damage|p2a: Corviknight|55/100|[from] item: Rocky Helmet|[of] p1a: Tangrowth
|
|t:|1664714956
|switch|p2a: Urshifu|Urshifu-Rapid-Strike, F|49/100|[from]move: U-turn
|
|upkeep
|turn|29
|
|t:|1664714959
|move|p2a: Urshifu|U-turn|p1a: Tangrowth
|-supereffective|p1a: Tangrowth
|-damage|p1a: Tangrowth|38/100
|
|t:|1664714962
|switch|p2a: Corviknight|Corviknight, M|55/100|[from]move: U-turn
|-ability|p2a: Corviknight|Pressure
|move|p1a: Tangrowth|Sleep Powder|p2a: Corviknight
|-status|p2a: Corviknight|slp|[from] move: Sleep Powder
|
|-heal|p2a: Corviknight|61/100 slp|[from] item: Leftovers
|upkeep
|turn|30
|
|t:|1664714967
|switch|p2a: Urshifu|Urshifu-Rapid-Strike, F|49/100
|switch|p1a: Melmetal|Melmetal|22/100
|
|upkeep
|turn|31
|
|t:|1664714971
|switch|p1a: Tangrowth|Tangrowth, M|71/100
|move|p2a: Urshifu|Close Combat|p1a: Tangrowth
|-damage|p1a: Tangrowth|36/100
|-unboost|p2a: Urshifu|def|1
|-unboost|p2a: Urshifu|spd|1
|
|upkeep
|turn|32
|
|t:|1664714979
|move|p2a: Urshifu|U-turn|p1a: Tangrowth
|-supereffective|p1a: Tangrowth
|-damage|p1a: Tangrowth|10/100
|
|t:|1664714985
|switch|p2a: Corviknight|Corviknight, M|61/100 slp|[from]move: U-turn
|-ability|p2a: Corviknight|Pressure
|move|p1a: Tangrowth|Giga Drain|p2a: Corviknight
|-resisted|p2a: Corviknight
|-damage|p2a: Corviknight|55/100 slp
|-heal|p1a: Tangrowth|14/100|[from] drain|[of] p2a: Corviknight
|
|-heal|p2a: Corviknight|61/100 slp|[from] item: Leftovers
|upkeep
|turn|33
|
|t:|1664714988
|switch|p1a: Melmetal|Melmetal|22/100
|cant|p2a: Corviknight|slp
|
|-heal|p2a: Corviknight|67/100 slp|[from] item: Leftovers
|upkeep
|turn|34
|
|t:|1664714992
|switch|p2a: Heatran|Heatran, M|45/100
|move|p1a: Melmetal|Thunder Punch|p2a: Heatran
|-damage|p2a: Heatran|19/100
|
|upkeep
|turn|35
|
|t:|1664714994
|switch|p1a: Landorus|Landorus-Therian, M|100/100
|-ability|p1a: Landorus|Intimidate|boost
|-unboost|p2a: Heatran|atk|1
|move|p2a: Heatran|Magma Storm|p1a: Landorus|[miss]
|-miss|p2a: Heatran|p1a: Landorus
|
|upkeep
|turn|36
|
|t:|1664715000
|switch|p2a: Corviknight|Corviknight, M|67/100 slp
|-ability|p2a: Corviknight|Pressure
|move|p1a: Landorus|Earthquake|p2a: Corviknight
|-immune|p2a: Corviknight
|
|-heal|p2a: Corviknight|73/100 slp|[from] item: Leftovers
|upkeep
|turn|37
|
|t:|1664715002
|switch|p1a: Tangrowth|Tangrowth, M|47/100
|-curestatus|p2a: Corviknight|slp|[msg]
|move|p2a: Corviknight|U-turn|p1a: Tangrowth
|-supereffective|p1a: Tangrowth
|-damage|p1a: Tangrowth|31/100
|-damage|p2a: Corviknight|57/100|[from] item: Rocky Helmet|[of] p1a: Tangrowth
|
|t:|1664715005
|switch|p2a: Urshifu|Urshifu-Rapid-Strike, F|49/100|[from]move: U-turn
|
|upkeep
|turn|38
|
|t:|1664715010
|switch|p1a: Landorus|Landorus-Therian, M|100/100
|-ability|p1a: Landorus|Intimidate|boost
|-unboost|p2a: Urshifu|atk|1
|move|p2a: Urshifu|Close Combat|p1a: Landorus
|-resisted|p1a: Landorus
|-damage|p1a: Landorus|79/100
|-unboost|p2a: Urshifu|def|1
|-unboost|p2a: Urshifu|spd|1
|
|-heal|p1a: Landorus|85/100|[from] item: Leftovers
|upkeep
|turn|39
|
|t:|1664715014
|switch|p1a: Tangrowth|Tangrowth, M|64/100
|move|p2a: Urshifu|U-turn|p1a: Tangrowth
|-supereffective|p1a: Tangrowth
|-damage|p1a: Tangrowth|46/100
|
|t:|1664715018
|switch|p2a: Corviknight|Corviknight, M|57/100|[from]move: U-turn
|-ability|p2a: Corviknight|Pressure
|
|-heal|p2a: Corviknight|63/100|[from] item: Leftovers
|upkeep
|turn|40
|
|t:|1664715021
|move|p2a: Corviknight|Brave Bird|p1a: Tangrowth
|-supereffective|p1a: Tangrowth
|-damage|p1a: Tangrowth|4/100
|-damage|p2a: Corviknight|46/100|[from] item: Rocky Helmet|[of] p1a: Tangrowth
|-damage|p2a: Corviknight|32/100|[from] Recoil
|move|p1a: Tangrowth|Sleep Powder|p2a: Corviknight
|-status|p2a: Corviknight|slp|[from] move: Sleep Powder
|
|-heal|p2a: Corviknight|38/100 slp|[from] item: Leftovers
|upkeep
|turn|41
|
|t:|1664715025
|switch|p1a: Weavile|Weavile, F|100/100
|-ability|p1a: Weavile|Pressure
|cant|p2a: Corviknight|slp
|
|-heal|p2a: Corviknight|44/100 slp|[from] item: Leftovers
|upkeep
|turn|42
|
|t:|1664715029
|switch|p2a: Heatran|Heatran, M|19/100
|move|p1a: Weavile|Knock Off|p2a: Heatran
|-damage|p2a: Heatran|0 fnt
|faint|p2a: Heatran
|
|upkeep
|
|t:|1664715031
|switch|p2a: Urshifu|Urshifu-Rapid-Strike, F|49/100
|turn|43
|
|t:|1664715035
|switch|p1a: Tangrowth|Tangrowth, M|37/100
|move|p2a: Urshifu|Close Combat|p1a: Tangrowth
|-damage|p1a: Tangrowth|7/100
|-unboost|p2a: Urshifu|def|1
|-unboost|p2a: Urshifu|spd|1
|
|upkeep
|turn|44
|
|t:|1664715039
|switch|p1a: Melmetal|Melmetal|22/100
|move|p2a: Urshifu|Surging Strikes|p1a: Melmetal
|-crit|p1a: Melmetal
|-damage|p1a: Melmetal|11/100
|-crit|p1a: Melmetal
|-damage|p1a: Melmetal|0 fnt
|faint|p1a: Melmetal
|-hitcount|p1: Melmetal|2
|
|upkeep
|
|t:|1664715039
|switch|p1a: Weavile|Weavile, F|100/100
|-ability|p1a: Weavile|Pressure
|turn|45
|
|t:|1664715045
|move|p1a: Weavile|Low Kick|p2a: Urshifu
|-damage|p2a: Urshifu|0 fnt
|faint|p2a: Urshifu
|
|upkeep
|
|t:|1664715047
|switch|p2a: Corviknight|Corviknight, M|44/100 slp
|-ability|p2a: Corviknight|Pressure
|turn|46
|
|t:|1664715049
|switch|p1a: Heatran|Heatran, M|88/100
|cant|p2a: Corviknight|slp
|
|-heal|p2a: Corviknight|50/100 slp|[from] item: Leftovers
|upkeep
|turn|47
|-message|gotsnsd forfeited.
|
|win|Guest 5890168
|raw|Guest 5890168's rating: 1507 &rarr; <strong>1527</strong><br />(+20 for winning)
|raw|gotsnsd's rating: 1515 &rarr; <strong>1495</strong><br />(-20 for losing)
