|j|☆XFlame05
|j|☆Arcangel666
|t:|1654975266
|gametype|singles
|player|p1|XFlame05|ryuki|1559
|player|p2|Arcangel666|piers|1699
|teamsize|p1|6
|teamsize|p2|6
|gen|8
|tier|[Gen 8] OU
|rated|
|rule|Sleep Clause Mod: Limit one foe put to sleep
|rule|Species Clause: Limit one of each Pokémon
|rule|OHKO Clause: OHKO moves are banned
|rule|Evasion Moves Clause: Evasion moves are banned
|rule|Endless Battle Clause: Forcing endless battles is banned
|rule|HP Percentage Mod: HP is shown in percentages
|rule|Dynamax Clause: You cannot dynamax
|clearpoke
|poke|p1|Tapu Koko|
|poke|p1|Hawlucha, M|
|poke|p1|Moltres-Galar|
|poke|p1|Garchomp, F|
|poke|p1|Dragonite, F|
|poke|p1|Melmetal|
|poke|p2|Melmetal|
|poke|p2|Dragapult, M|
|poke|p2|Regieleki|
|poke|p2|Landorus-Therian, M|
|poke|p2|Hydreigon, M|
|poke|p2|Tapu Fini|
|teampreview
|c|☆XFlame05|sup
|c|☆XFlame05|glhf
|
|t:|1654975322
|start
|switch|p1a: Tapu Koko|Tapu Koko|100/100
|switch|p2a: Landorus|Landorus-Therian, M, shiny|100/100
|-fieldstart|move: Electric Terrain|[from] ability: Electric Surge|[of] p1a: Tapu Koko
|-ability|p2a: Landorus|Intimidate|boost
|-unboost|p1a: Tapu Koko|atk|1
|turn|1
|
|t:|1654975336
|move|p1a: Tapu Koko|Taunt|p2a: Landorus
|-start|p2a: Landorus|move: Taunt
|move|p2a: Landorus|U-turn|p1a: Tapu Koko
|-resisted|p1a: Tapu Koko
|-damage|p1a: Tapu Koko|88/100
|
|t:|1654975344
|switch|p2a: Tapu Fini|Tapu Fini, shiny|100/100|[from]move: U-turn
|-fieldstart|move: Misty Terrain|[from] ability: Misty Surge|[of] p2a: Tapu Fini
|
|upkeep
|turn|2
|
|t:|1654975347
|switch|p2a: Landorus|Landorus-Therian, M, shiny|100/100
|-ability|p2a: Landorus|Intimidate|boost
|-unboost|p1a: Tapu Koko|atk|1
|move|p1a: Tapu Koko|Light Screen|p1a: Tapu Koko
|-sidestart|p1: XFlame05|move: Light Screen
|
|upkeep
|turn|3
|
|t:|1654975351
|move|p1a: Tapu Koko|Reflect|p1a: Tapu Koko
|-sidestart|p1: XFlame05|Reflect
|move|p2a: Landorus|Earthquake|p1a: Tapu Koko
|-supereffective|p1a: Tapu Koko
|-damage|p1a: Tapu Koko|37/100
|
|upkeep
|turn|4
|
|t:|1654975355
|move|p1a: Tapu Koko|U-turn|p2a: Landorus
|-resisted|p2a: Landorus
|-damage|p2a: Landorus|97/100
|-damage|p1a: Tapu Koko|21/100|[from] item: Rocky Helmet|[of] p2a: Landorus
|
|t:|1654975358
|switch|p1a: Hawlucha|Hawlucha, M, shiny|100/100|[from]move: U-turn
|move|p2a: Landorus|U-turn|p1a: Hawlucha
|-resisted|p1a: Hawlucha
|-damage|p1a: Hawlucha|97/100
|
|t:|1654975361
|switch|p2a: Tapu Fini|Tapu Fini, shiny|100/100|[from]move: U-turn
|
|upkeep
|turn|5
|c|☆XFlame05|OH DAMMIT I FORGOR
|
|t:|1654975375
|move|p1a: Hawlucha|Taunt|p2a: Tapu Fini
|-start|p2a: Tapu Fini|move: Taunt
|cant|p2a: Tapu Fini|move: Taunt|Iron Defense
|
|-fieldend|Misty Terrain
|upkeep
|turn|6
|
|t:|1654975380
|switch|p1a: Tapu Koko|Tapu Koko|21/100
|-fieldstart|move: Electric Terrain|[from] ability: Electric Surge|[of] p1a: Tapu Koko
|switch|p2a: Landorus|Landorus-Therian, M, shiny|97/100
|-ability|p2a: Landorus|Intimidate|boost
|-unboost|p1a: Tapu Koko|atk|1
|
|upkeep
|turn|7
|
|t:|1654975385
|switch|p2a: Tapu Fini|Tapu Fini, shiny|100/100
|-fieldstart|move: Misty Terrain|[from] ability: Misty Surge|[of] p2a: Tapu Fini
|move|p1a: Tapu Koko|Taunt|p2a: Tapu Fini
|-start|p2a: Tapu Fini|move: Taunt
|
|upkeep
|turn|8
|
|t:|1654975392
|switch|p1a: Dragonite|Dragonite, F|100/100
|switch|p2a: Landorus|Landorus-Therian, M, shiny|97/100
|-ability|p2a: Landorus|Intimidate|boost
|-unboost|p1a: Dragonite|atk|1
|
|upkeep
|turn|9
|
|t:|1654975395
|move|p2a: Landorus|U-turn|p1a: Dragonite
|-resisted|p1a: Dragonite
|-damage|p1a: Dragonite|98/100
|
|t:|1654975398
|switch|p2a: Melmetal|Melmetal, shiny|100/100|[from]move: U-turn
|move|p1a: Dragonite|Dragon Dance|p1a: Dragonite
|-boost|p1a: Dragonite|atk|1
|-boost|p1a: Dragonite|spe|1
|
|-sideend|p1: XFlame05|move: Light Screen
|upkeep
|turn|10
|
|t:|1654975404
|move|p1a: Dragonite|Dragon Dance|p1a: Dragonite
|-boost|p1a: Dragonite|atk|1
|-boost|p1a: Dragonite|spe|1
|move|p2a: Melmetal|Double Iron Bash|p1a: Dragonite
|-damage|p1a: Dragonite|79/100
|-damage|p1a: Dragonite|60/100
|-hitcount|p1a: Dragonite|2
|
|-sideend|p1: XFlame05|Reflect
|upkeep
|turn|11
|
|t:|1654975414
|move|p1a: Dragonite|Roost|p1a: Dragonite
|-heal|p1a: Dragonite|100/100
|-singleturn|p1a: Dragonite|move: Roost
|move|p2a: Melmetal|Ice Punch|p1a: Dragonite
|-supereffective|p1a: Dragonite
|-damage|p1a: Dragonite|69/100
|
|-fieldend|Misty Terrain
|upkeep
|turn|12
|
|t:|1654975424
|move|p1a: Dragonite|Earthquake|p2a: Melmetal
|-supereffective|p2a: Melmetal
|-damage|p2a: Melmetal|45/100
|move|p2a: Melmetal|Ice Punch|p1a: Dragonite
|-supereffective|p1a: Dragonite
|-damage|p1a: Dragonite|0 fnt
|faint|p1a: Dragonite
|
|upkeep
|c|☆XFlame05|oof low roll to high roll
|
|t:|1654975437
|switch|p1a: Tapu Koko|Tapu Koko|21/100
|-fieldstart|move: Electric Terrain|[from] ability: Electric Surge|[of] p1a: Tapu Koko
|turn|13
|
|t:|1654975440
|switch|p2a: Tapu Fini|Tapu Fini, shiny|100/100
|-fieldstart|move: Misty Terrain|[from] ability: Misty Surge|[of] p2a: Tapu Fini
|move|p1a: Tapu Koko|Reflect|p1a: Tapu Koko
|-sidestart|p1: XFlame05|Reflect
|
|upkeep
|turn|14
|
|t:|1654975445
|switch|p2a: Landorus|Landorus-Therian, M, shiny|97/100
|-ability|p2a: Landorus|Intimidate|boost
|-unboost|p1a: Tapu Koko|atk|1
|move|p1a: Tapu Koko|Taunt|p2a: Landorus
|-start|p2a: Landorus|move: Taunt
|
|upkeep
|turn|15
|
|t:|1654975450
|move|p1a: Tapu Koko|U-turn|p2a: Landorus
|-resisted|p2a: Landorus
|-damage|p2a: Landorus|92/100
|-damage|p1a: Tapu Koko|4/100|[from] item: Rocky Helmet|[of] p2a: Landorus
|
|t:|1654975456
|switch|p1a: Moltres|Moltres-Galar|100/100|[from]move: U-turn
|move|p2a: Landorus|U-turn|p1a: Moltres
|-damage|p1a: Moltres|88/100
|
|t:|1654975460
|switch|p2a: Regieleki|Regieleki, shiny|100/100|[from]move: U-turn
|
|upkeep
|turn|16
|
|t:|1654975464
|move|p2a: Regieleki|Volt Switch|p1a: Moltres
|-supereffective|p1a: Moltres
|-damage|p1a: Moltres|0 fnt
|faint|p1a: Moltres
|
|t:|1654975475
|switch|p2a: Tapu Fini|Tapu Fini, shiny|100/100|[from]move: Volt Switch
|
|upkeep
|
|t:|1654975482
|switch|p1a: Tapu Koko|Tapu Koko|4/100
|-fieldstart|move: Electric Terrain|[from] ability: Electric Surge|[of] p1a: Tapu Koko
|turn|17
|
|t:|1654975488
|switch|p2a: Regieleki|Regieleki, shiny|100/100
|move|p1a: Tapu Koko|U-turn|p2a: Regieleki
|-damage|p2a: Regieleki|67/100
|
|t:|1654975491
|switch|p1a: Hawlucha|Hawlucha, M, shiny|97/100|[from]move: U-turn
|-enditem|p1a: Hawlucha|Electric Seed
|-boost|p1a: Hawlucha|def|1|[from] item: Electric Seed
|
|upkeep
|turn|18
|
|t:|1654975495
|move|p1a: Hawlucha|Close Combat|p2a: Regieleki
|-damage|p2a: Regieleki|0 fnt
|-unboost|p1a: Hawlucha|def|1
|-unboost|p1a: Hawlucha|spd|1
|faint|p2a: Regieleki
|
|upkeep
|
|t:|1654975498
|switch|p2a: Landorus|Landorus-Therian, M, shiny|92/100
|-ability|p2a: Landorus|Intimidate|boost
|-unboost|p1a: Hawlucha|atk|1
|turn|19
|
|t:|1654975502
|switch|p2a: Tapu Fini|Tapu Fini, shiny|100/100
|-fieldstart|move: Misty Terrain|[from] ability: Misty Surge|[of] p2a: Tapu Fini
|move|p1a: Hawlucha|Swords Dance|p1a: Hawlucha
|-boost|p1a: Hawlucha|atk|2
|
|upkeep
|turn|20
|
|t:|1654975530
|move|p1a: Hawlucha|Acrobatics|p2a: Tapu Fini
|-damage|p2a: Tapu Fini|30/100
|move|p2a: Tapu Fini|Draining Kiss|p1a: Hawlucha
|-supereffective|p1a: Hawlucha
|-damage|p1a: Hawlucha|23/100
|-heal|p2a: Tapu Fini|77/100|[from] drain|[of] p1a: Hawlucha
|
|-heal|p2a: Tapu Fini|83/100|[from] item: Leftovers
|-sideend|p1: XFlame05|Reflect
|upkeep
|turn|21
|
|t:|1654975536
|move|p1a: Hawlucha|Acrobatics|p2a: Tapu Fini
|-damage|p2a: Tapu Fini|20/100
|move|p2a: Tapu Fini|Draining Kiss|p1a: Hawlucha
|-supereffective|p1a: Hawlucha
|-damage|p1a: Hawlucha|0 fnt
|-heal|p2a: Tapu Fini|35/100|[from] drain|[of] p1a: Hawlucha
|faint|p1a: Hawlucha
|
|-heal|p2a: Tapu Fini|41/100|[from] item: Leftovers
|upkeep
|
|t:|1654975539
|switch|p1a: Tapu Koko|Tapu Koko|4/100
|-fieldstart|move: Electric Terrain|[from] ability: Electric Surge|[of] p1a: Tapu Koko
|turn|22
|
|t:|1654975542
|switch|p2a: Landorus|Landorus-Therian, M, shiny|92/100
|-ability|p2a: Landorus|Intimidate|boost
|-unboost|p1a: Tapu Koko|atk|1
|move|p1a: Tapu Koko|Light Screen|p1a: Tapu Koko
|-sidestart|p1: XFlame05|move: Light Screen
|
|upkeep
|turn|23
|
|t:|1654975546
|move|p1a: Tapu Koko|Reflect|p1a: Tapu Koko
|-sidestart|p1: XFlame05|Reflect
|move|p2a: Landorus|U-turn|p1a: Tapu Koko
|-resisted|p1a: Tapu Koko
|-damage|p1a: Tapu Koko|0 fnt
|faint|p1a: Tapu Koko
|
|t:|1654975551
|switch|p2a: Dragapult|Dragapult, M, shiny|100/100|[from]move: U-turn
|
|upkeep
|
|t:|1654975554
|switch|p1a: Melmetal|Melmetal|100/100
|turn|24
|
|t:|1654975560
|switch|p2a: Landorus|Landorus-Therian, M, shiny|92/100
|-ability|p2a: Landorus|Intimidate|boost
|-unboost|p1a: Melmetal|atk|1
|move|p1a: Melmetal|Thunder Wave|p2a: Landorus
|-immune|p2a: Landorus
|
|upkeep
|turn|25
|
|t:|1654975564
|move|p2a: Landorus|U-turn|p1a: Melmetal
|-resisted|p1a: Melmetal
|-damage|p1a: Melmetal|97/100
|
|t:|1654975567
|switch|p2a: Melmetal|Melmetal, shiny|45/100|[from]move: U-turn
|move|p1a: Melmetal|Double Iron Bash|p2a: Melmetal
|-resisted|p2a: Melmetal
|-damage|p2a: Melmetal|37/100
|-resisted|p2a: Melmetal
|-damage|p2a: Melmetal|30/100
|-hitcount|p2a: Melmetal|2
|
|upkeep
|turn|26
|
|t:|1654975573
|switch|p1a: Garchomp|Garchomp, F|100/100
|switch|p2a: Landorus|Landorus-Therian, M, shiny|92/100
|-ability|p2a: Landorus|Intimidate|boost
|-unboost|p1a: Garchomp|atk|1
|
|-fieldend|move: Electric Terrain
|upkeep
|turn|27
|
|t:|1654975576
|move|p1a: Garchomp|Swords Dance|p1a: Garchomp
|-boost|p1a: Garchomp|atk|2
|move|p2a: Landorus|U-turn|p1a: Garchomp
|-damage|p1a: Garchomp|89/100
|-damage|p2a: Landorus|80/100|[from] ability: Rough Skin|[of] p1a: Garchomp
|
|t:|1654975579
|switch|p2a: Melmetal|Melmetal, shiny|30/100|[from]move: U-turn
|
|-heal|p1a: Garchomp|95/100|[from] item: Leftovers
|upkeep
|turn|28
|
|t:|1654975598
|move|p1a: Garchomp|Swords Dance|p1a: Garchomp
|-boost|p1a: Garchomp|atk|2
|move|p2a: Melmetal|Ice Punch|p1a: Garchomp
|-supereffective|p1a: Garchomp
|-damage|p1a: Garchomp|19/100
|-damage|p2a: Melmetal|18/100|[from] ability: Rough Skin|[of] p1a: Garchomp
|
|-heal|p1a: Garchomp|25/100|[from] item: Leftovers
|upkeep
|turn|29
|
|t:|1654975603
|switch|p2a: Landorus|Landorus-Therian, M, shiny|80/100
|-ability|p2a: Landorus|Intimidate|boost
|-unboost|p1a: Garchomp|atk|1
|move|p1a: Garchomp|Scale Shot|p2a: Landorus
|-damage|p2a: Landorus|62/100
|-damage|p2a: Landorus|42/100
|-damage|p2a: Landorus|22/100
|-hitcount|p2a: Landorus|3
|-unboost|p1a: Garchomp|def|1
|-boost|p1a: Garchomp|spe|1
|
|-heal|p1a: Garchomp|31/100|[from] item: Leftovers
|-sideend|p1: XFlame05|move: Light Screen
|upkeep
|turn|30
|
|t:|1654975609
|move|p1a: Garchomp|Scale Shot|p2a: Landorus
|-damage|p2a: Landorus|1/100
|-damage|p2a: Landorus|0 fnt
|faint|p2a: Landorus
|-hitcount|p2: Landorus|2
|-unboost|p1a: Garchomp|def|1
|-boost|p1a: Garchomp|spe|1
|
|-heal|p1a: Garchomp|37/100|[from] item: Leftovers
|-sideend|p1: XFlame05|Reflect
|upkeep
|
|t:|1654975612
|switch|p2a: Dragapult|Dragapult, M, shiny|100/100
|turn|31
|j| Sww-Suwa
|
|t:|1654975616
|move|p1a: Garchomp|Scale Shot|p2a: Dragapult
|-supereffective|p2a: Dragapult
|-damage|p2a: Dragapult|23/100
|-supereffective|p2a: Dragapult
|-damage|p2a: Dragapult|0 fnt
|faint|p2a: Dragapult
|-hitcount|p2: Dragapult|2
|-unboost|p1a: Garchomp|def|1
|-boost|p1a: Garchomp|spe|1
|
|-heal|p1a: Garchomp|43/100|[from] item: Leftovers
|upkeep
|
|t:|1654975619
|switch|p2a: Tapu Fini|Tapu Fini, shiny|41/100
|-fieldstart|move: Misty Terrain|[from] ability: Misty Surge|[of] p2a: Tapu Fini
|turn|32
|
|t:|1654975622
|move|p1a: Garchomp|Earthquake|p2a: Tapu Fini
|-damage|p2a: Tapu Fini|0 fnt
|faint|p2a: Tapu Fini
|
|-heal|p1a: Garchomp|50/100|[from] item: Leftovers
|upkeep
|
|t:|1654975624
|switch|p2a: Hydreigon|Hydreigon, M, shiny|100/100
|turn|33
|
|t:|1654975626
|move|p1a: Garchomp|Scale Shot|p2a: Hydreigon
|-supereffective|p2a: Hydreigon
|-damage|p2a: Hydreigon|45/100
|-supereffective|p2a: Hydreigon
|-damage|p2a: Hydreigon|0 fnt
|faint|p2a: Hydreigon
|-hitcount|p2: Hydreigon|2
|-unboost|p1a: Garchomp|def|1
|-boost|p1a: Garchomp|spe|1
|
|-heal|p1a: Garchomp|56/100|[from] item: Leftovers
|upkeep
|
|t:|1654975629
|switch|p2a: Melmetal|Melmetal, shiny|18/100
|turn|34
|
|t:|1654975631
|move|p1a: Garchomp|Earthquake|p2a: Melmetal
|-supereffective|p2a: Melmetal
|-damage|p2a: Melmetal|0 fnt
|faint|p2a: Melmetal
|
|win|XFlame05
|raw|XFlame05's rating: 1559 &rarr; <strong>1587</strong><br />(+28 for winning)
|raw|Arcangel666's rating: 1699 &rarr; <strong>1671</strong><br />(-28 for losing)
|c|☆XFlame05|ggwp
|l|☆Arcangel666
|l| Sww-Suwa
