|j|☆minimax_ai
|j|☆order 66
|t:|1663461812
|gametype|singles
|player|p1|minimax_ai|lusamine-nihilego|1492
|player|p2|order 66|266|1535
|teamsize|p1|6
|teamsize|p2|6
|gen|8
|tier|[Gen 8] OU
|rated|
|rule|Sleep Clause Mod: Limit one foe put to sleep
|rule|Species Clause: Limit one of each Pokémon
|rule|OHKO Clause: OHKO moves are banned
|rule|Evasion Items Clause: Evasion items are banned
|rule|Evasion Moves Clause: Evasion moves are banned
|rule|Endless Battle Clause: Forcing endless battles is banned
|rule|HP Percentage Mod: HP is shown in percentages
|rule|Dynamax Clause: You cannot dynamax
|clearpoke
|poke|p1|Rotom-Wash|
|poke|p1|Weavile, F|
|poke|p1|Landorus-Therian, M|
|poke|p1|Heatran, M|
|poke|p1|Tangrowth, M|
|poke|p1|Melmetal|
|poke|p2|Tapu Lele|
|poke|p2|Zapdos-Galar|
|poke|p2|Klefki, F|
|poke|p2|Garchomp, M|
|poke|p2|Heatran, M|
|poke|p2|Rotom-Wash|
|teampreview
|
|t:|1663461814
|start
|switch|p1a: rotomwash|Rotom-Wash|100/100
|switch|p2a: Zapdos|Zapdos-Galar|100/100
|turn|1
|c|☆minimax_ai|hf
|inactive|Battle timer is ON: inactive players will automatically lose when time's up. (requested by minimax_ai)
|
|t:|1663461822
|move|p2a: Zapdos|U-turn|p1a: rotomwash
|-damage|p1a: rotomwash|64/100
|
|t:|1663461829
|switch|p2a: Rotom|Rotom-Wash|100/100|[from]move: U-turn
|move|p1a: rotomwash|Pain Split|p2a: Rotom
|-sethp|p2a: Rotom|82/100|[from] move: Pain Split|[silent]
|-sethp|p1a: rotomwash|82/100|[from] move: Pain Split
|
|-heal|p1a: rotomwash|88/100|[from] item: Leftovers
|-heal|p2a: Rotom|88/100|[from] item: Leftovers
|upkeep
|turn|2
|
|t:|1663461834
|move|p1a: rotomwash|Hydro Pump|p2a: Rotom
|-resisted|p2a: Rotom
|-damage|p2a: Rotom|72/100
|move|p2a: Rotom|Will-O-Wisp|p1a: rotomwash
|-status|p1a: rotomwash|brn
|
|-heal|p1a: rotomwash|95/100 brn|[from] item: Leftovers
|-heal|p2a: Rotom|78/100|[from] item: Leftovers
|-damage|p1a: rotomwash|88/100 brn|[from] brn
|upkeep
|turn|3
|
|t:|1663461839
|move|p1a: rotomwash|Thunderbolt|p2a: Rotom
|-damage|p2a: Rotom|50/100
|move|p2a: Rotom|Volt Switch|p1a: rotomwash
|-damage|p1a: rotomwash|62/100 brn
|
|t:|1663461855
|switch|p2a: Zapdos|Zapdos-Galar|100/100|[from]move: Volt Switch
|
|-heal|p1a: rotomwash|69/100 brn|[from] item: Leftovers
|-damage|p1a: rotomwash|62/100 brn|[from] brn
|upkeep
|turn|4
|
|t:|1663461857
|switch|p1a: Tangrowth|Tangrowth, M|100/100
|move|p2a: Zapdos|Close Combat|p1a: Tangrowth
|-damage|p1a: Tangrowth|49/100
|-unboost|p2a: Zapdos|def|1
|-unboost|p2a: Zapdos|spd|1
|-damage|p2a: Zapdos|84/100|[from] item: Rocky Helmet|[of] p1a: Tangrowth
|
|upkeep
|turn|5
|
|t:|1663461862
|move|p2a: Zapdos|Close Combat|p1a: Tangrowth
|-damage|p1a: Tangrowth|1/100
|-unboost|p2a: Zapdos|def|1
|-unboost|p2a: Zapdos|spd|1
|-damage|p2a: Zapdos|67/100|[from] item: Rocky Helmet|[of] p1a: Tangrowth
|move|p1a: Tangrowth|Sleep Powder|p2a: Zapdos
|-status|p2a: Zapdos|slp|[from] move: Sleep Powder
|
|upkeep
|turn|6
|
|t:|1663461871
|switch|p2a: Rotom|Rotom-Wash|50/100
|move|p1a: Tangrowth|Focus Blast|p2a: Rotom
|-damage|p2a: Rotom|25/100
|
|-heal|p2a: Rotom|32/100|[from] item: Leftovers
|upkeep
|turn|7
|
|t:|1663461874
|switch|p1a: rotomwash|Rotom-Wash|62/100 brn
|move|p2a: Rotom|Volt Switch|p1a: rotomwash
|-damage|p1a: rotomwash|37/100 brn
|
|t:|1663461884
|switch|p2a: Tapu Lele|Tapu Lele|100/100|[from]move: Volt Switch
|-fieldstart|move: Psychic Terrain|[from] ability: Psychic Surge|[of] p2a: Tapu Lele
|
|-heal|p1a: rotomwash|43/100 brn|[from] item: Leftovers
|-damage|p1a: rotomwash|37/100 brn|[from] brn
|upkeep
|turn|8
|
|t:|1663461886
|switch|p1a: Melmetal|Melmetal|100/100
|move|p2a: Tapu Lele|Focus Blast|p1a: Melmetal
|-supereffective|p1a: Melmetal
|-damage|p1a: Melmetal|53/100
|-unboost|p1a: Melmetal|spd|1
|
|upkeep
|turn|9
|
|t:|1663461893
|move|p2a: Tapu Lele|Focus Blast|p1a: Melmetal
|-supereffective|p1a: Melmetal
|-damage|p1a: Melmetal|0 fnt
|faint|p1a: Melmetal
|
|upkeep
|
|t:|1663461893
|switch|p1a: Tangrowth|Tangrowth, M|34/100
|turn|10
|
|t:|1663461896
|switch|p1a: landorustherian|Landorus-Therian, M|100/100
|-ability|p1a: landorustherian|Intimidate|boost
|-unboost|p2a: Tapu Lele|atk|1
|move|p2a: Tapu Lele|Focus Blast|p1a: landorustherian
|-resisted|p1a: landorustherian
|-damage|p1a: landorustherian|86/100
|
|-heal|p1a: landorustherian|92/100|[from] item: Leftovers
|upkeep
|turn|11
|
|t:|1663461901
|switch|p2a: Rotom|Rotom-Wash|32/100
|move|p1a: landorustherian|U-turn|p2a: Rotom
|-damage|p2a: Rotom|10/100
|
|t:|1663461901
|switch|p1a: rotomwash|Rotom-Wash|37/100 brn|[from]move: U-turn
|
|-heal|p1a: rotomwash|43/100 brn|[from] item: Leftovers
|-heal|p2a: Rotom|16/100|[from] item: Leftovers
|-damage|p1a: rotomwash|37/100 brn|[from] brn
|-fieldend|move: Psychic Terrain
|upkeep
|turn|12
|
|t:|1663461904
|move|p1a: rotomwash|Hydro Pump|p2a: Rotom|[miss]
|-miss|p1a: rotomwash|p2a: Rotom
|move|p2a: Rotom|Volt Switch|p1a: rotomwash
|-damage|p1a: rotomwash|11/100 brn
|
|t:|1663461912
|switch|p2a: Tapu Lele|Tapu Lele|100/100|[from]move: Volt Switch
|-fieldstart|move: Psychic Terrain|[from] ability: Psychic Surge|[of] p2a: Tapu Lele
|
|-heal|p1a: rotomwash|17/100 brn|[from] item: Leftovers
|-damage|p1a: rotomwash|11/100 brn|[from] brn
|upkeep
|turn|13
|
|t:|1663461914
|switch|p1a: landorustherian|Landorus-Therian, M|92/100
|-ability|p1a: landorustherian|Intimidate|boost
|-unboost|p2a: Tapu Lele|atk|1
|move|p2a: Tapu Lele|Moonblast|p1a: landorustherian
|-damage|p1a: landorustherian|56/100
|
|-heal|p1a: landorustherian|62/100|[from] item: Leftovers
|upkeep
|turn|14
|
|t:|1663461927
|switch|p2a: Zapdos|Zapdos-Galar|67/100 slp
|move|p1a: landorustherian|U-turn|p2a: Zapdos
|-resisted|p2a: Zapdos
|-damage|p2a: Zapdos|61/100 slp
|
|t:|1663461927
|switch|p1a: Weavile|Weavile, F|100/100|[from]move: U-turn
|-ability|p1a: Weavile|Pressure
|
|upkeep
|turn|15
|
|t:|1663461934
|switch|p2a: Klefki|Klefki, F|100/100
|move|p1a: Weavile|Triple Axel|p2a: Klefki
|-resisted|p2a: Klefki
|-damage|p2a: Klefki|95/100
|-resisted|p2a: Klefki
|-damage|p2a: Klefki|81/100
|-hitcount|p2a: Klefki|2
|
|upkeep
|turn|16
|
|t:|1663461943
|move|p2a: Klefki|Reflect|p2a: Klefki
|-sidestart|p2: order 66|Reflect
|move|p1a: Weavile|Triple Axel|p2a: Klefki
|-resisted|p2a: Klefki
|-damage|p2a: Klefki|78/100
|-resisted|p2a: Klefki
|-damage|p2a: Klefki|72/100
|-resisted|p2a: Klefki
|-damage|p2a: Klefki|64/100
|-hitcount|p2a: Klefki|3
|
|-fieldend|move: Psychic Terrain
|upkeep
|turn|17
|
|t:|1663461948
|switch|p1a: Heatran|Heatran, M|100/100
|-item|p1a: Heatran|Air Balloon
|move|p2a: Klefki|Spikes|p1a: Heatran
|-sidestart|p1: minimax_ai|Spikes
|
|upkeep
|turn|18
|
|t:|1663461955
|switch|p2a: Rotom|Rotom-Wash|16/100
|move|p1a: Heatran|Stealth Rock|p2a: Rotom
|-sidestart|p2: order 66|move: Stealth Rock
|
|-heal|p2a: Rotom|22/100|[from] item: Leftovers
|upkeep
|turn|19
|
|t:|1663461963
|move|p1a: Heatran|Eruption|p2a: Rotom
|-resisted|p2a: Rotom
|-damage|p2a: Rotom|0 fnt
|faint|p2a: Rotom
|
|upkeep
|
|t:|1663461969
|switch|p2a: Heatran|Heatran, M|100/100
|-damage|p2a: Heatran|88/100|[from] Stealth Rock
|-item|p2a: Heatran|Air Balloon
|turn|20
|
|t:|1663461971
|move|p1a: Heatran|Magma Storm|p2a: Heatran
|-start|p2a: Heatran|ability: Flash Fire
|move|p2a: Heatran|Flash Cannon|p1a: Heatran
|-resisted|p1a: Heatran
|-damage|p1a: Heatran|89/100
|-enditem|p1a: Heatran|Air Balloon
|
|upkeep
|turn|21
|
|t:|1663461976
|switch|p1a: rotomwash|Rotom-Wash|11/100 brn
|move|p2a: Heatran|Eruption|p1a: rotomwash
|-resisted|p1a: rotomwash
|-damage|p1a: rotomwash|0 fnt
|faint|p1a: rotomwash
|
|upkeep
|
|t:|1663461976
|switch|p1a: landorustherian|Landorus-Therian, M|62/100
|-ability|p1a: landorustherian|Intimidate|boost
|-unboost|p2a: Heatran|atk|1
|turn|22
|
|t:|1663461978
|move|p2a: Heatran|Eruption|p1a: landorustherian
|-damage|p1a: landorustherian|0 fnt
|faint|p1a: landorustherian
|
|upkeep
|
|t:|1663461978
|switch|p1a: Weavile|Weavile, F|100/100
|-damage|p1a: Weavile|88/100|[from] Spikes
|-ability|p1a: Weavile|Pressure
|turn|23
|
|t:|1663461982
|move|p1a: Weavile|Low Kick|p2a: Heatran
|-supereffective|p2a: Heatran
|-damage|p2a: Heatran|30/100
|-enditem|p2a: Heatran|Air Balloon
|move|p2a: Heatran|Eruption|p1a: Weavile
|-supereffective|p1a: Weavile
|-damage|p1a: Weavile|0 fnt
|faint|p1a: Weavile
|
|-sideend|p2: order 66|Reflect
|upkeep
|
|t:|1663461982
|switch|p1a: Heatran|Heatran, M|89/100
|-damage|p1a: Heatran|76/100|[from] Spikes
|turn|24
|
|t:|1663461985
|move|p1a: Heatran|Earth Power|p2a: Heatran
|-supereffective|p2a: Heatran
|-damage|p2a: Heatran|0 fnt
|faint|p2a: Heatran
|
|upkeep
|
|t:|1663462000
|switch|p2a: Klefki|Klefki, F|64/100
|-damage|p2a: Klefki|58/100|[from] Stealth Rock
|turn|25
|
|t:|1663462002
|move|p2a: Klefki|Light Screen|p2a: Klefki
|-sidestart|p2: order 66|move: Light Screen
|move|p1a: Heatran|Magma Storm|p2a: Klefki
|-supereffective|p2a: Klefki
|-damage|p2a: Klefki|0 fnt
|faint|p2a: Klefki
|
|upkeep
|
|t:|1663462008
|switch|p2a: Garchomp|Garchomp, M|100/100
|-damage|p2a: Garchomp|94/100|[from] Stealth Rock
|turn|26
|
|t:|1663462009
|move|p2a: Garchomp|Swords Dance|p2a: Garchomp
|-boost|p2a: Garchomp|atk|2
|move|p1a: Heatran|Magma Storm|p2a: Garchomp
|-resisted|p2a: Garchomp
|-damage|p2a: Garchomp|81/100
|-activate|p2a: Garchomp|move: Magma Storm|[of] p1a: Heatran
|
|-heal|p2a: Garchomp|87/100|[from] item: Leftovers
|-damage|p2a: Garchomp|75/100|[from] move: Magma Storm|[partiallytrapped]
|upkeep
|turn|27
|
|t:|1663462011
|move|p2a: Garchomp|Earthquake|p1a: Heatran
|-supereffective|p1a: Heatran
|-damage|p1a: Heatran|0 fnt
|faint|p1a: Heatran
|
|-heal|p2a: Garchomp|81/100|[from] item: Leftovers
|-end|p2a: Garchomp|Magma Storm|[partiallytrapped]|[silent]
|upkeep
|
|t:|1663462011
|switch|p1a: Tangrowth|Tangrowth, M|68/100
|-damage|p1a: Tangrowth|55/100|[from] Spikes
|turn|28
|
|t:|1663462017
|move|p2a: Garchomp|Scale Shot|p1a: Tangrowth|[miss]
|-miss|p2a: Garchomp|p1a: Tangrowth
|move|p1a: Tangrowth|Knock Off|p2a: Garchomp
|-damage|p2a: Garchomp|59/100
|-damage|p1a: Tangrowth|43/100|[from] ability: Rough Skin|[of] p2a: Garchomp
|-enditem|p2a: Garchomp|Leftovers|[from] move: Knock Off|[of] p1a: Tangrowth
|
|upkeep
|turn|29
|
|t:|1663462019
|move|p2a: Garchomp|Scale Shot|p1a: Tangrowth
|-damage|p1a: Tangrowth|30/100
|-damage|p1a: Tangrowth|17/100
|-damage|p1a: Tangrowth|2/100
|-damage|p1a: Tangrowth|0 fnt
|faint|p1a: Tangrowth
|-hitcount|p1: Tangrowth|4
|
|win|order 66
|raw|minimax_ai's rating: 1492 &rarr; <strong>1474</strong><br />(-18 for losing)
|raw|order 66's rating: 1535 &rarr; <strong>1553</strong><br />(+18 for winning)
|c|☆minimax_ai|gg
