|j|☆SoarApollo
|j|☆CoconutCrabs
|inactive|Battle timer is ON: inactive players will automatically lose when time's up.
|t:|1664301999
|gametype|singles
|player|p1|SoarApollo|rollerskater|
|player|p2|CoconutCrabs|1|
|teamsize|p1|6
|teamsize|p2|6
|gen|8
|tier|[Gen 8] OU
|rated|Tournament battle
|rule|Sleep Clause Mod: Limit one foe put to sleep
|rule|Species Clause: Limit one of each Pokémon
|rule|OHKO Clause: OHKO moves are banned
|rule|Evasion Items Clause: Evasion items are banned
|rule|Evasion Moves Clause: Evasion moves are banned
|rule|Endless Battle Clause: Forcing endless battles is banned
|rule|HP Percentage Mod: HP is shown in percentages
|rule|Dynamax Clause: You cannot dynamax
|clearpoke
|poke|p1|Pelipper, F|
|poke|p1|Urshifu-*, M|
|poke|p1|Kingdra, M|
|poke|p1|Ferrothorn, M|
|poke|p1|Aurorus, F|
|poke|p1|Clefable, F|
|poke|p2|Heatran, M|
|poke|p2|Excadrill, M|
|poke|p2|Tornadus-Therian, M|
|poke|p2|Toxapex, F|
|poke|p2|Tangrowth, F|
|poke|p2|Tyranitar, M|
|teampreview
|inactive|CoconutCrabs also wants the timer to be on.
|j| dsjcnds
|j| HarryBW247
|inactive|CoconutCrabs has 120 seconds left.
|
|t:|1664302039
|start
|switch|p1a: Hannibal|Aurorus, F|100/100
|switch|p2a: Tornadus|Tornadus-Therian, M|100/100
|turn|1
|j| Steez Ibanez
|
|t:|1664302049
|move|p2a: Tornadus|Focus Blast|p1a: Hannibal|[miss]
|-miss|p2a: Tornadus|p1a: Hannibal
|move|p1a: Hannibal|Freeze-Dry|p2a: Tornadus
|-supereffective|p2a: Tornadus
|-crit|p2a: Tornadus
|-damage|p2a: Tornadus|0 fnt
|faint|p2a: Tornadus
|
|upkeep
|
|t:|1664302065
|switch|p2a: Excadrill|Excadrill, M|100/100
|turn|2
|c| HarryBW247|now this is a turn 1
|
|t:|1664302072
|switch|p2a: Toxapex|Toxapex, F|100/100
|switch|p1a: Pelipper|Pelipper, F|100/100
|-weather|RainDance|[from] ability: Drizzle|[of] p1a: Pelipper
|
|-weather|RainDance|[upkeep]
|upkeep
|turn|3
|j| Oh So Cynical
|j|%Sww-Suwa
|
|t:|1664302081
|move|p1a: Pelipper|Knock Off|p2a: Toxapex
|-damage|p2a: Toxapex|94/100
|-damage|p1a: Pelipper|84/100|[from] item: Rocky Helmet|[of] p2a: Toxapex
|-enditem|p2a: Toxapex|Rocky Helmet|[from] move: Knock Off|[of] p1a: Pelipper
|move|p2a: Toxapex|Knock Off|p1a: Pelipper
|-damage|p1a: Pelipper|72/100
|-enditem|p1a: Pelipper|Damp Rock|[from] move: Knock Off|[of] p2a: Toxapex
|
|-weather|RainDance|[upkeep]
|upkeep
|turn|4
|
|t:|1664302092
|move|p1a: Pelipper|U-turn|p2a: Toxapex
|-resisted|p2a: Toxapex
|-damage|p2a: Toxapex|91/100
|j| RedDiamond1024
|
|t:|1664302097
|switch|p1a: Ferrothorn|Ferrothorn, M|100/100|[from]move: U-turn
|move|p2a: Toxapex|Knock Off|p1a: Ferrothorn
|-damage|p1a: Ferrothorn|92/100
|-damage|p2a: Toxapex|79/100|[from] ability: Iron Barbs|[of] p1a: Ferrothorn
|-enditem|p1a: Ferrothorn|Leftovers|[from] move: Knock Off|[of] p2a: Toxapex
|
|-weather|RainDance|[upkeep]
|upkeep
|turn|5
|
|t:|1664302103
|switch|p2a: Tangrowth|Tangrowth, F|100/100
|move|p1a: Ferrothorn|Stealth Rock|p2a: Tangrowth
|-sidestart|p2: CoconutCrabs|move: Stealth Rock
|
|-weather|RainDance|[upkeep]
|upkeep
|turn|6
|
|t:|1664302105
|move|p2a: Tangrowth|Focus Blast|p1a: Ferrothorn
|-supereffective|p1a: Ferrothorn
|-damage|p1a: Ferrothorn|39/100
|move|p1a: Ferrothorn|Knock Off|p2a: Tangrowth
|-damage|p2a: Tangrowth|89/100
|-damage|p1a: Ferrothorn|23/100|[from] item: Rocky Helmet|[of] p2a: Tangrowth
|-enditem|p2a: Tangrowth|Rocky Helmet|[from] move: Knock Off|[of] p1a: Ferrothorn
|
|-weather|RainDance|[upkeep]
|upkeep
|turn|7
|
|t:|1664302112
|switch|p1a: Clefable|Clefable, F|100/100
|move|p2a: Tangrowth|Focus Blast|p1a: Clefable
|-resisted|p1a: Clefable
|-damage|p1a: Clefable|86/100
|
|-weather|RainDance|[upkeep]
|upkeep
|turn|8
|
|t:|1664302119
|switch|p2a: Toxapex|Toxapex, F|100/100
|-damage|p2a: Toxapex|88/100|[from] Stealth Rock
|move|p1a: Clefable|Moonblast|p2a: Toxapex
|-resisted|p2a: Toxapex
|-damage|p2a: Toxapex|71/100
|
|-weather|RainDance|[upkeep]
|upkeep
|turn|9
|
|t:|1664302122
|move|p1a: Clefable|Thunder|p2a: Toxapex
|-supereffective|p2a: Toxapex
|-damage|p2a: Toxapex|22/100
|move|p2a: Toxapex|Scald|p1a: Clefable
|-damage|p1a: Clefable|65/100
|
|-weather|none
|upkeep
|turn|10
|
|t:|1664302127
|move|p1a: Clefable|Soft-Boiled|p1a: Clefable
|-heal|p1a: Clefable|100/100
|move|p2a: Toxapex|Recover|p2a: Toxapex
|-heal|p2a: Toxapex|72/100
|
|upkeep
|turn|11
|j| Osda12
|l| dsjcnds
|
|t:|1664302131
|switch|p1a: Ferrothorn|Ferrothorn, M|23/100
|switch|p2a: Excadrill|Excadrill, M|100/100
|-damage|p2a: Excadrill|97/100|[from] Stealth Rock
|
|-heal|p2a: Excadrill|100/100|[from] item: Leftovers
|upkeep
|turn|12
|l| Osda12
|
|t:|1664302135
|move|p2a: Excadrill|Rapid Spin|p1a: Ferrothorn
|-resisted|p1a: Ferrothorn
|-damage|p1a: Ferrothorn|18/100
|-boost|p2a: Excadrill|spe|1
|-damage|p2a: Excadrill|88/100|[from] ability: Iron Barbs|[of] p1a: Ferrothorn
|-sideend|p2: CoconutCrabs|Stealth Rock|[from] move: Rapid Spin|[of] p2a: Excadrill
|move|p1a: Ferrothorn|Knock Off|p2a: Excadrill
|-damage|p2a: Excadrill|59/100
|-enditem|p2a: Excadrill|Leftovers|[from] move: Knock Off|[of] p1a: Ferrothorn
|
|upkeep
|turn|13
|
|t:|1664302141
|switch|p2a: Tyranitar|Tyranitar, M|100/100
|-weather|Sandstorm|[from] ability: Sand Stream|[of] p2a: Tyranitar
|switch|p1a: Pelipper|Pelipper, F|72/100
|-weather|RainDance|[from] ability: Drizzle|[of] p1a: Pelipper
|
|-weather|RainDance|[upkeep]
|upkeep
|turn|14
|
|t:|1664302145
|switch|p1a: Ferrothorn|Ferrothorn, M|18/100
|move|p2a: Tyranitar|Stealth Rock|p1a: Ferrothorn
|-sidestart|p1: SoarApollo|move: Stealth Rock
|
|-weather|RainDance|[upkeep]
|upkeep
|turn|15
|j| IllegalGorilla
|
|t:|1664302147
|move|p2a: Tyranitar|Earthquake|p1a: Ferrothorn
|-damage|p1a: Ferrothorn|1/100
|move|p1a: Ferrothorn|Stealth Rock|p2a: Tyranitar
|-sidestart|p2: CoconutCrabs|move: Stealth Rock
|
|-weather|RainDance|[upkeep]
|upkeep
|turn|16
|
|t:|1664302152
|move|p2a: Tyranitar|Earthquake|p1a: Ferrothorn
|-damage|p1a: Ferrothorn|0 fnt
|faint|p1a: Ferrothorn
|
|-weather|RainDance|[upkeep]
|upkeep
|
|t:|1664302155
|switch|p1a: Kingdra|Kingdra, M|100/100
|-damage|p1a: Kingdra|88/100|[from] Stealth Rock
|turn|17
|
|t:|1664302159
|switch|p2a: Toxapex|Toxapex, F|100/100
|-damage|p2a: Toxapex|88/100|[from] Stealth Rock
|move|p1a: Kingdra|Hydro Pump|p2a: Toxapex
|-resisted|p2a: Toxapex
|-damage|p2a: Toxapex|39/100
|
|-weather|none
|upkeep
|turn|18
|
|t:|1664302161
|move|p1a: Kingdra|Hydro Pump|p2a: Toxapex
|-resisted|p2a: Toxapex
|-damage|p2a: Toxapex|8/100
|move|p2a: Toxapex|Recover|p2a: Toxapex
|-heal|p2a: Toxapex|58/100
|
|upkeep
|turn|19
|
|t:|1664302166
|switch|p1a: Hannibal|Aurorus, F|100/100
|-damage|p1a: Hannibal|76/100|[from] Stealth Rock
|switch|p2a: Excadrill|Excadrill, M|59/100
|-damage|p2a: Excadrill|56/100|[from] Stealth Rock
|
|upkeep
|turn|20
|
|t:|1664302172
|switch|p1a: Urshifu|Urshifu-Rapid-Strike, M|100/100
|-damage|p1a: Urshifu|94/100|[from] Stealth Rock
|move|p2a: Excadrill|Iron Head|p1a: Urshifu
|-resisted|p1a: Urshifu
|-damage|p1a: Urshifu|72/100
|
|upkeep
|turn|21
|c| Oh So Cynical|use SELENIUM
|
|t:|1664302179
|move|p1a: Urshifu|U-turn|p2a: Excadrill
|-resisted|p2a: Excadrill
|-damage|p2a: Excadrill|32/100
|
|t:|1664302182
|switch|p1a: Pelipper|Pelipper, F|72/100|[from]move: U-turn
|-damage|p1a: Pelipper|47/100|[from] Stealth Rock
|-weather|RainDance|[from] ability: Drizzle|[of] p1a: Pelipper
|move|p2a: Excadrill|Rapid Spin|p1a: Pelipper
|-crit|p1a: Pelipper
|-damage|p1a: Pelipper|25/100
|-boost|p2a: Excadrill|spe|1
|-sideend|p2: CoconutCrabs|Stealth Rock|[from] move: Rapid Spin|[of] p2a: Excadrill
|
|-weather|RainDance|[upkeep]
|upkeep
|turn|22
|
|t:|1664302187
|switch|p2a: Tyranitar|Tyranitar, M|100/100
|-weather|Sandstorm|[from] ability: Sand Stream|[of] p2a: Tyranitar
|switch|p1a: Urshifu|Urshifu-Rapid-Strike, M|72/100
|-damage|p1a: Urshifu|66/100|[from] Stealth Rock
|
|-weather|Sandstorm|[upkeep]
|-damage|p1a: Urshifu|60/100|[from] Sandstorm
|upkeep
|turn|23
|
|t:|1664302190
|switch|p2a: Toxapex|Toxapex, F|92/100
|move|p1a: Urshifu|U-turn|p2a: Toxapex
|-resisted|p2a: Toxapex
|-damage|p2a: Toxapex|81/100
|
|t:|1664302192
|switch|p1a: Hannibal|Aurorus, F|76/100|[from]move: U-turn
|-damage|p1a: Hannibal|51/100|[from] Stealth Rock
|
|-weather|Sandstorm|[upkeep]
|-damage|p2a: Toxapex|75/100|[from] Sandstorm
|upkeep
|turn|24
|
|t:|1664302196
|switch|p2a: Tyranitar|Tyranitar, M|100/100
|move|p1a: Hannibal|Earth Power|p2a: Tyranitar
|-supereffective|p2a: Tyranitar
|-damage|p2a: Tyranitar|65/100
|
|-weather|Sandstorm|[upkeep]
|-heal|p2a: Tyranitar|72/100|[from] item: Leftovers
|upkeep
|turn|25
|j| Down$hift
|
|t:|1664302199
|move|p1a: Hannibal|Earth Power|p2a: Tyranitar
|-supereffective|p2a: Tyranitar
|-crit|p2a: Tyranitar
|-damage|p2a: Tyranitar|20/100
|move|p2a: Tyranitar|Earthquake|p1a: Hannibal
|-supereffective|p1a: Hannibal
|-damage|p1a: Hannibal|0 fnt
|faint|p1a: Hannibal
|
|-weather|Sandstorm|[upkeep]
|-heal|p2a: Tyranitar|26/100|[from] item: Leftovers
|upkeep
|
|t:|1664302201
|switch|p1a: Urshifu|Urshifu-Rapid-Strike, M|60/100
|-damage|p1a: Urshifu|54/100|[from] Stealth Rock
|turn|26
|j| McFanOfFun1
|l| Steez Ibanez
|l| McFanOfFun1
|
|t:|1664302221
|switch|p2a: Toxapex|Toxapex, F|100/100
|move|p1a: Urshifu|U-turn|p2a: Toxapex
|-resisted|p2a: Toxapex
|-crit|p2a: Toxapex
|-damage|p2a: Toxapex|83/100
|
|t:|1664302224
|switch|p1a: Clefable|Clefable, F|100/100|[from]move: U-turn
|
|-weather|none
|upkeep
|turn|27
|
|t:|1664302228
|move|p1a: Clefable|Thunder|p2a: Toxapex
|-supereffective|p2a: Toxapex
|-damage|p2a: Toxapex|34/100
|-status|p2a: Toxapex|par
|move|p2a: Toxapex|Knock Off|p1a: Clefable
|-resisted|p1a: Clefable
|-damage|p1a: Clefable|95/100
|-enditem|p1a: Clefable|Life Orb|[from] move: Knock Off|[of] p2a: Toxapex
|
|upkeep
|turn|28
|
|t:|1664302239
|switch|p2a: Tyranitar|Tyranitar, M|26/100
|-weather|Sandstorm|[from] ability: Sand Stream|[of] p2a: Tyranitar
|move|p1a: Clefable|Moonblast|p2a: Tyranitar
|-supereffective|p2a: Tyranitar
|-damage|p2a: Tyranitar|0 fnt
|faint|p2a: Tyranitar
|
|-weather|Sandstorm|[upkeep]
|upkeep
|
|t:|1664302241
|switch|p2a: Excadrill|Excadrill, M|32/100
|turn|29
|
|t:|1664302245
|switch|p1a: Pelipper|Pelipper, F|25/100
|-damage|p1a: Pelipper|0 fnt|[from] Stealth Rock
|faint|p1a: Pelipper
|move|p2a: Excadrill|Iron Head|p1: Pelipper|[notarget]
|-fail|p2a: Excadrill
|
|-weather|Sandstorm|[upkeep]
|upkeep
|
|t:|1664302247
|switch|p1a: Urshifu|Urshifu-Rapid-Strike, M|54/100
|-damage|p1a: Urshifu|47/100|[from] Stealth Rock
|turn|30
|
|t:|1664302250
|switch|p2a: Tangrowth|Tangrowth, F|100/100
|move|p1a: Urshifu|Surging Strikes|p2a: Tangrowth
|-resisted|p2a: Tangrowth
|-crit|p2a: Tangrowth
|-damage|p2a: Tangrowth|93/100
|-resisted|p2a: Tangrowth
|-crit|p2a: Tangrowth
|-damage|p2a: Tangrowth|85/100
|-resisted|p2a: Tangrowth
|-crit|p2a: Tangrowth
|-damage|p2a: Tangrowth|77/100
|-hitcount|p2a: Tangrowth|3
|
|-weather|Sandstorm|[upkeep]
|-damage|p1a: Urshifu|41/100|[from] Sandstorm
|-damage|p2a: Tangrowth|71/100|[from] Sandstorm
|upkeep
|turn|31
|
|t:|1664302256
|switch|p1a: Clefable|Clefable, F|95/100
|move|p2a: Tangrowth|Giga Drain|p1a: Clefable
|-damage|p1a: Clefable|67/100
|-heal|p2a: Tangrowth|84/100|[from] drain|[of] p1a: Clefable
|
|-weather|Sandstorm|[upkeep]
|-damage|p2a: Tangrowth|78/100|[from] Sandstorm
|upkeep
|turn|32
|
|t:|1664302258
|move|p1a: Clefable|Soft-Boiled|p1a: Clefable
|-heal|p1a: Clefable|100/100
|move|p2a: Tangrowth|Sleep Powder|p1a: Clefable|[miss]
|-miss|p2a: Tangrowth|p1a: Clefable
|
|-weather|none
|upkeep
|turn|33
|
|t:|1664302263
|switch|p1a: Urshifu|Urshifu-Rapid-Strike, M|41/100
|-damage|p1a: Urshifu|35/100|[from] Stealth Rock
|move|p2a: Tangrowth|Sleep Powder|p1a: Urshifu|[miss]
|-miss|p2a: Tangrowth|p1a: Urshifu
|
|upkeep
|turn|34
|
|t:|1664302267
|move|p1a: Urshifu|U-turn|p2a: Tangrowth
|-supereffective|p2a: Tangrowth
|-damage|p2a: Tangrowth|42/100
|
|t:|1664302269
|switch|p1a: Kingdra|Kingdra, M|88/100|[from]move: U-turn
|-damage|p1a: Kingdra|76/100|[from] Stealth Rock
|move|p2a: Tangrowth|Giga Drain|p1a: Kingdra
|-damage|p1a: Kingdra|43/100
|-heal|p2a: Tangrowth|53/100|[from] drain|[of] p1a: Kingdra
|
|upkeep
|turn|35
|
|t:|1664302272
|switch|p2a: Toxapex|Toxapex, F|67/100 par
|move|p1a: Kingdra|Draco Meteor|p2a: Toxapex
|-damage|p2a: Toxapex|0 fnt
|-unboost|p1a: Kingdra|spa|2
|faint|p2a: Toxapex
|
|upkeep
|j| wolfwarrior
|
|t:|1664302276
|switch|p2a: Heatran|Heatran, M|100/100
|turn|36
|
|t:|1664302279
|move|p2a: Heatran|Earth Power|p1a: Kingdra
|-damage|p1a: Kingdra|4/100
|move|p1a: Kingdra|Draco Meteor|p2a: Heatran
|-resisted|p2a: Heatran
|-damage|p2a: Heatran|79/100
|-unboost|p1a: Kingdra|spa|2
|
|upkeep
|turn|37
|
|t:|1664302282
|move|p2a: Heatran|Earth Power|p1a: Kingdra
|-damage|p1a: Kingdra|0 fnt
|faint|p1a: Kingdra
|
|upkeep
|
|t:|1664302283
|switch|p1a: Urshifu|Urshifu-Rapid-Strike, M|35/100
|-damage|p1a: Urshifu|29/100|[from] Stealth Rock
|turn|38
|
|t:|1664302286
|switch|p2a: Tangrowth|Tangrowth, F|87/100
|move|p1a: Urshifu|Close Combat|p2a: Tangrowth
|-damage|p2a: Tangrowth|42/100
|-unboost|p1a: Urshifu|def|1
|-unboost|p1a: Urshifu|spd|1
|
|upkeep
|turn|39
|
|t:|1664302292
|move|p1a: Urshifu|Close Combat|p2a: Tangrowth
|-damage|p2a: Tangrowth|0 fnt
|-unboost|p1a: Urshifu|def|1
|-unboost|p1a: Urshifu|spd|1
|faint|p2a: Tangrowth
|
|upkeep
|
|t:|1664302293
|switch|p2a: Heatran|Heatran, M|79/100
|turn|40
|
|t:|1664302295
|move|p2a: Heatran|Flash Cannon|p1a: Urshifu
|-resisted|p1a: Urshifu
|-damage|p1a: Urshifu|0 fnt
|faint|p1a: Urshifu
|
|upkeep
|c|☆CoconutCrabs|gg
|
|t:|1664302299
|switch|p1a: Clefable|Clefable, F|100/100
|turn|41
|
|t:|1664302300
|move|p2a: Heatran|Flash Cannon|p1a: Clefable
|-supereffective|p1a: Clefable
|-damage|p1a: Clefable|27/100
|move|p1a: Clefable|Thunder|p2a: Heatran|[miss]
|-miss|p1a: Clefable|p2a: Heatran
|
|upkeep
|turn|42
|c|☆SoarApollo|gg
|j| therockena982
|
|t:|1664302304
|move|p2a: Heatran|Flash Cannon|p1a: Clefable
|-supereffective|p1a: Clefable
|-damage|p1a: Clefable|0 fnt
|faint|p1a: Clefable
|
|win|CoconutCrabs
|n|☆SoarApollo|soarapollo
|n|☆CoconutCrabs|coconutcrabs
|n| HarryBW247|harrybw247
|n| Oh So Cynical|ohsocynical
|n| Sww-Suwa|swwsuwa
|n| RedDiamond1024|reddiamond1024
|n| IllegalGorilla|illegalgorilla
|n| Down$hift|downhift
|n| wolfwarrior|wolfwarrior
|n| therockena982|therockena982
