|j|☆Lenape
|j|☆PikachuZappyZap
|t:|1595620837
|player|p1|Lenape|102|1859
|player|p2|PikachuZappyZap|2|1740
|teamsize|p1|6
|teamsize|p2|6
|gametype|singles
|gen|8
|tier|[Gen 8] OU
|rated|
|html|<div class="broadcast-blue"><strong>OU is currently suspecting Magearna! For information on how to participate check out the <a href="https://www.smogon.com/forums/threads/3667669/">suspect thread</a>.</strong></div>
|clearpoke
|poke|p1|Cinderace, F|
|poke|p1|Corviknight, M|
|poke|p1|Sylveon, M|
|poke|p1|Rhyperior, M|
|poke|p1|Toxapex, F|
|poke|p1|Umbreon, F|
|poke|p2|Magearna|
|poke|p2|Cinderace, F|
|poke|p2|Toxapex, M|
|poke|p2|Mandibuzz, F|
|poke|p2|Zeraora|
|poke|p2|Clefable, F|
|rule|Sleep Clause Mod: Limit one foe put to sleep
|rule|Species Clause: Limit one of each Pokémon
|rule|OHKO Clause: OHKO moves are banned
|rule|Evasion Moves Clause: Evasion moves are banned
|rule|Endless Battle Clause: Forcing endless battles is banned
|rule|HP Percentage Mod: HP is shown in percentages
|rule|Dynamax Clause: You cannot dynamax
|teampreview
|c|☆PikachuZappyZap|gl hf
|inactive|Battle timer is ON: inactive players will automatically lose when time's up. (requested by Lenape)
|j| Rising Tyranitar
|
|t:|1595620846
|start
|switch|p1a: Rhyperior|Rhyperior, M|100/100
|switch|p2a: Magearna|Magearna|100/100
|turn|1
|
|t:|1595620852
|move|p2a: Magearna|Fleur Cannon|p1a: Rhyperior
|-damage|p1a: Rhyperior|14/100
|-unboost|p2a: Magearna|spa|2
|move|p1a: Rhyperior|Earthquake|p2a: Magearna
|-supereffective|p2a: Magearna
|-damage|p2a: Magearna|11/100
|
|-heal|p1a: Rhyperior|20/100|[from] item: Leftovers
|upkeep
|turn|2
|j| egalvanc
|
|t:|1595620864
|switch|p2a: Zeraora|Zeraora|100/100
|switch|p1a: Toxapex|Toxapex, F|100/100
|
|upkeep
|turn|3
|
|t:|1595620872
|move|p2a: Zeraora|Volt Switch|p1a: Toxapex
|-supereffective|p1a: Toxapex
|-damage|p1a: Toxapex|64/100
|
|t:|1595620876
|switch|p2a: Clefable|Clefable, F|100/100|[from]move: Volt Switch
|move|p1a: Toxapex|Toxic|p2a: Clefable
|-status|p2a: Clefable|tox
|
|-heal|p1a: Toxapex|71/100|[from] item: Black Sludge
|upkeep
|turn|4
|
|t:|1595620882
|switch|p1a: Corviknight|Corviknight, M|100/100
|-ability|p1a: Corviknight|Pressure
|move|p2a: Clefable|Stealth Rock|p1a: Corviknight
|-sidestart|p1: Lenape|move: Stealth Rock
|
|upkeep
|turn|5
|
|t:|1595620885
|move|p1a: Corviknight|Substitute|p1a: Corviknight
|-start|p1a: Corviknight|Substitute
|-damage|p1a: Corviknight|75/100
|move|p2a: Clefable|Knock Off|p1a: Corviknight
|-activate|p1a: Corviknight|move: Substitute|[damage]
|
|-heal|p1a: Corviknight|82/100|[from] item: Leftovers
|upkeep
|turn|6
|
|t:|1595620888
|switch|p2a: Zeraora|Zeraora|100/100
|move|p1a: Corviknight|Bulk Up|p1a: Corviknight
|-boost|p1a: Corviknight|atk|1
|-boost|p1a: Corviknight|def|1
|
|-heal|p1a: Corviknight|88/100|[from] item: Leftovers
|upkeep
|turn|7
|
|t:|1595620895
|move|p2a: Zeraora|Volt Switch|p1a: Corviknight
|-supereffective|p1a: Corviknight
|-end|p1a: Corviknight|Substitute
|j| JolexSun
|
|t:|1595620898
|switch|p2a: Toxapex|Toxapex, M|100/100|[from]move: Volt Switch
|move|p1a: Corviknight|Substitute|p1a: Corviknight
|-start|p1a: Corviknight|Substitute
|-damage|p1a: Corviknight|63/100
|
|-heal|p1a: Corviknight|69/100|[from] item: Leftovers
|upkeep
|turn|8
|
|t:|1595620902
|move|p1a: Corviknight|Roost|p1a: Corviknight
|-heal|p1a: Corviknight|100/100
|-singleturn|p1a: Corviknight|move: Roost
|move|p2a: Toxapex|Haze|p2a: Toxapex
|-clearallboost
|
|upkeep
|turn|9
|
|t:|1595620904
|switch|p2a: Zeraora|Zeraora|100/100
|move|p1a: Corviknight|Bulk Up|p1a: Corviknight
|-boost|p1a: Corviknight|atk|1
|-boost|p1a: Corviknight|def|1
|
|upkeep
|turn|10
|j| Ndkdkdkdkd
|
|t:|1595620909
|move|p2a: Zeraora|Plasma Fists|p1a: Corviknight
|-supereffective|p1a: Corviknight
|-end|p1a: Corviknight|Substitute
|move|p1a: Corviknight|Brave Bird|p2a: Zeraora
|-resisted|p2a: Zeraora
|-damage|p2a: Zeraora|65/100
|-damage|p1a: Corviknight|91/100|[from] Recoil
|
|-heal|p1a: Corviknight|97/100|[from] item: Leftovers
|upkeep
|turn|11
|
|t:|1595620915
|move|p2a: Zeraora|Knock Off|p1a: Corviknight
|-damage|p1a: Corviknight|84/100
|-enditem|p1a: Corviknight|Leftovers|[from] move: Knock Off|[of] p2a: Zeraora
|move|p1a: Corviknight|Roost|p1a: Corviknight
|-heal|p1a: Corviknight|100/100
|-singleturn|p1a: Corviknight|move: Roost
|
|upkeep
|turn|12
|
|t:|1595620919
|move|p2a: Zeraora|Volt Switch|p1a: Corviknight
|-supereffective|p1a: Corviknight
|-damage|p1a: Corviknight|59/100
|
|t:|1595620922
|switch|p2a: Toxapex|Toxapex, M|100/100|[from]move: Volt Switch
|move|p1a: Corviknight|Brave Bird|p2a: Toxapex
|-damage|p2a: Toxapex|70/100
|-damage|p1a: Corviknight|52/100|[from] Recoil
|
|-heal|p2a: Toxapex|76/100|[from] item: Black Sludge
|upkeep
|turn|13
|
|t:|1595620930
|move|p1a: Corviknight|Substitute|p1a: Corviknight
|-start|p1a: Corviknight|Substitute
|-damage|p1a: Corviknight|27/100
|move|p2a: Toxapex|Haze|p2a: Toxapex
|-clearallboost
|
|-heal|p2a: Toxapex|82/100|[from] item: Black Sludge
|upkeep
|turn|14
|
|t:|1595620934
|switch|p2a: Cinderace|Cinderace, F|100/100
|move|p1a: Corviknight|Roost|p1a: Corviknight
|-heal|p1a: Corviknight|77/100
|-singleturn|p1a: Corviknight|move: Roost
|
|upkeep
|turn|15
|
|t:|1595620955
|move|p2a: Cinderace|Pyro Ball|p1a: Corviknight
|-supereffective|p1a: Corviknight
|-end|p1a: Corviknight|Substitute
|move|p1a: Corviknight|Brave Bird|p2a: Cinderace
|-damage|p2a: Cinderace|45/100
|-damage|p1a: Corviknight|63/100|[from] Recoil
|
|upkeep
|turn|16
|
|t:|1595620961
|switch|p1a: Rhyperior|Rhyperior, M|20/100
|-damage|p1a: Rhyperior|14/100|[from] Stealth Rock
|move|p2a: Cinderace|Pyro Ball|p1a: Rhyperior|[miss]
|-miss|p2a: Cinderace|p1a: Rhyperior
|
|-heal|p1a: Rhyperior|20/100|[from] item: Leftovers
|upkeep
|turn|17
|
|t:|1595620965
|move|p2a: Cinderace|Zen Headbutt|p1a: Rhyperior|[miss]
|-start|p2a: Cinderace|typechange|Psychic|[from] ability: Libero
|-miss|p2a: Cinderace|p1a: Rhyperior
|move|p1a: Rhyperior|Earthquake|p2a: Cinderace
|-damage|p2a: Cinderace|0 fnt
|faint|p2a: Cinderace
|
|-heal|p1a: Rhyperior|26/100|[from] item: Leftovers
|upkeep
|
|t:|1595620978
|switch|p2a: Zeraora|Zeraora|65/100
|turn|18
|
|t:|1595620987
|switch|p1a: Toxapex|Toxapex, F|100/100
|-damage|p1a: Toxapex|88/100|[from] Stealth Rock
|move|p2a: Zeraora|Knock Off|p1a: Toxapex
|-damage|p1a: Toxapex|70/100
|-enditem|p1a: Toxapex|Black Sludge|[from] move: Knock Off|[of] p2a: Zeraora
|
|upkeep
|turn|19
|
|t:|1595620996
|move|p2a: Zeraora|Plasma Fists|p1a: Toxapex
|-supereffective|p1a: Toxapex
|-damage|p1a: Toxapex|9/100
|-fieldactivate|move: Ion Deluge
|move|p1a: Toxapex|Recover|p1a: Toxapex
|-heal|p1a: Toxapex|59/100
|
|upkeep
|turn|20
|
|t:|1595621006
|move|p1a: Toxapex|Baneful Bunker|p1a: Toxapex
|-singleturn|p1a: Toxapex|move: Protect
|move|p2a: Zeraora|Knock Off|p1a: Toxapex
|-activate|p1a: Toxapex|move: Protect
|-status|p2a: Zeraora|psn
|
|-damage|p2a: Zeraora|52/100 psn|[from] psn
|upkeep
|turn|21
|
|t:|1595621012
|switch|p1a: Rhyperior|Rhyperior, M|26/100
|-damage|p1a: Rhyperior|20/100|[from] Stealth Rock
|move|p2a: Zeraora|Plasma Fists|p1a: Rhyperior
|-immune|p1a: Rhyperior
|
|-heal|p1a: Rhyperior|26/100|[from] item: Leftovers
|-damage|p2a: Zeraora|40/100 psn|[from] psn
|upkeep
|turn|22
|
|t:|1595621015
|switch|p1a: Toxapex|Toxapex, F|92/100
|-damage|p1a: Toxapex|79/100|[from] Stealth Rock
|move|p2a: Zeraora|Plasma Fists|p1a: Toxapex
|-supereffective|p1a: Toxapex
|-damage|p1a: Toxapex|24/100
|-fieldactivate|move: Ion Deluge
|
|-damage|p2a: Zeraora|28/100 psn|[from] psn
|upkeep
|turn|23
|
|t:|1595621020
|switch|p2a: Magearna|Magearna|11/100
|move|p1a: Toxapex|Baneful Bunker||[still]
|-fail|p1a: Toxapex
|
|upkeep
|turn|24
|l| JolexSun
|
|t:|1595621025
|move|p1a: Toxapex|Baneful Bunker|p1a: Toxapex
|-singleturn|p1a: Toxapex|move: Protect
|move|p2a: Magearna|Fleur Cannon|p1a: Toxapex
|-activate|p1a: Toxapex|move: Protect
|
|upkeep
|turn|25
|
|t:|1595621033
|switch|p1a: Rhyperior|Rhyperior, M|26/100
|-damage|p1a: Rhyperior|20/100|[from] Stealth Rock
|move|p2a: Magearna|Fleur Cannon|p1a: Rhyperior
|-damage|p1a: Rhyperior|0 fnt
|-unboost|p2a: Magearna|spa|2
|faint|p1a: Rhyperior
|-ability|p2a: Magearna|Soul-Heart|boost
|-boost|p2a: Magearna|spa|1
|
|upkeep
|
|t:|1595621035
|switch|p1a: Cinderace|Cinderace, F|100/100
|turn|26
|
|t:|1595621040
|switch|p2a: Toxapex|Toxapex, M|100/100
|move|p1a: Cinderace|Court Change|p1a: Cinderace
|-start|p1a: Cinderace|typechange|Normal|[from] ability: Libero
|-sideend|p1: Lenape|Stealth Rock|[silent]
|-sidestart|p2: PikachuZappyZap|Stealth Rock|[silent]
|-activate|p1a: Cinderace|move: Court Change
|
|upkeep
|turn|27
|j| I'm at my LIMIT!
|inactive|PikachuZappyZap has 120 seconds left.
|
|t:|1595621075
|switch|p1a: Toxapex|Toxapex, F|57/100
|move|p2a: Toxapex|Scald|p1a: Toxapex
|-resisted|p1a: Toxapex
|-damage|p1a: Toxapex|50/100
|
|upkeep
|turn|28
|
|t:|1595621078
|move|p1a: Toxapex|Recover|p1a: Toxapex
|-heal|p1a: Toxapex|100/100
|move|p2a: Toxapex|Scald|p1a: Toxapex
|-resisted|p1a: Toxapex
|-damage|p1a: Toxapex|93/100
|
|upkeep
|turn|29
|
|t:|1595621081
|move|p2a: Toxapex|Scald|p1a: Toxapex
|-resisted|p1a: Toxapex
|-damage|p1a: Toxapex|86/100
|move|p1a: Toxapex|Scald|p2a: Toxapex
|-resisted|p2a: Toxapex
|-damage|p2a: Toxapex|94/100
|
|-heal|p2a: Toxapex|99/100|[from] item: Black Sludge
|upkeep
|turn|30
|
|t:|1595621085
|move|p1a: Toxapex|Scald|p2a: Toxapex
|-resisted|p2a: Toxapex
|-damage|p2a: Toxapex|93/100
|-status|p2a: Toxapex|brn
|move|p2a: Toxapex|Scald|p1a: Toxapex
|-resisted|p1a: Toxapex
|-damage|p1a: Toxapex|79/100
|
|-heal|p2a: Toxapex|99/100 brn|[from] item: Black Sludge
|-damage|p2a: Toxapex|93/100 brn|[from] brn
|upkeep
|turn|31
|
|t:|1595621096
|move|p1a: Toxapex|Baneful Bunker|p1a: Toxapex
|-singleturn|p1a: Toxapex|move: Protect
|move|p2a: Toxapex|Scald|p1a: Toxapex
|-activate|p1a: Toxapex|move: Protect
|
|-heal|p2a: Toxapex|99/100 brn|[from] item: Black Sludge
|-damage|p2a: Toxapex|93/100 brn|[from] brn
|upkeep
|turn|32
|
|t:|1595621102
|switch|p1a: Umbreon|Umbreon, F|100/100
|move|p2a: Toxapex|Toxic|p1a: Umbreon
|-status|p1a: Umbreon|tox
|
|-heal|p2a: Toxapex|99/100 brn|[from] item: Black Sludge
|-damage|p1a: Umbreon|94/100 tox|[from] psn
|-damage|p2a: Toxapex|93/100 brn|[from] brn
|upkeep
|turn|33
|
|t:|1595621109
|switch|p1a: Toxapex|Toxapex, F|100/100
|switch|p2a: Clefable|Clefable, F|100/100 tox
|
|upkeep
|turn|34
|j| skyexperimenter
|
|t:|1595621114
|switch|p1a: Corviknight|Corviknight, M|63/100
|-ability|p1a: Corviknight|Pressure
|move|p2a: Clefable|Stealth Rock|p1a: Corviknight
|-sidestart|p1: Lenape|move: Stealth Rock
|
|upkeep
|turn|35
|
|t:|1595621119
|switch|p2a: Magearna|Magearna|11/100
|-damage|p2a: Magearna|5/100|[from] Stealth Rock
|move|p1a: Corviknight|Substitute|p1a: Corviknight
|-start|p1a: Corviknight|Substitute
|-damage|p1a: Corviknight|38/100
|
|upkeep
|turn|36
|
|t:|1595621128
|move|p2a: Magearna|Volt Switch|p1a: Corviknight
|-supereffective|p1a: Corviknight
|-end|p1a: Corviknight|Substitute
|
|t:|1595621129
|switch|p2a: Zeraora|Zeraora|28/100 psn|[from]move: Volt Switch
|move|p1a: Corviknight|Roost|p1a: Corviknight
|-heal|p1a: Corviknight|88/100
|-singleturn|p1a: Corviknight|move: Roost
|
|-damage|p2a: Zeraora|15/100 psn|[from] psn
|upkeep
|turn|37
|l| egalvanc
|
|t:|1595621140
|switch|p1a: Umbreon|Umbreon, F|94/100 tox
|-damage|p1a: Umbreon|82/100 tox|[from] Stealth Rock
|move|p2a: Zeraora|Volt Switch|p1a: Umbreon
|-damage|p1a: Umbreon|68/100 tox
|
|t:|1595621145
|switch|p2a: Mandibuzz|Mandibuzz, F|100/100|[from]move: Volt Switch
|
|-heal|p1a: Umbreon|74/100 tox|[from] item: Leftovers
|-damage|p1a: Umbreon|68/100 tox|[from] psn
|upkeep
|turn|38
|j| B4tt1enet
|
|t:|1595621148
|move|p2a: Mandibuzz|Defog|p1a: Umbreon
|-unboost|p1a: Umbreon|evasion|1
|-sideend|p1: Lenape|Stealth Rock|[from] move: Defog|[of] p2a: Mandibuzz
|-sideend|p2: PikachuZappyZap|Stealth Rock|[from] move: Defog|[of] p2a: Mandibuzz
|move|p1a: Umbreon|Heal Bell|p1a: Umbreon
|-activate|p1a: Umbreon|move: Heal Bell
|-curestatus|p1a: Umbreon|tox|[msg]
|
|-heal|p1a: Umbreon|74/100|[from] item: Leftovers
|upkeep
|turn|39
|
|t:|1595621151
|move|p2a: Mandibuzz|U-turn|p1a: Umbreon
|-supereffective|p1a: Umbreon
|-damage|p1a: Umbreon|61/100
|
|t:|1595621155
|switch|p2a: Clefable|Clefable, F|100/100 tox|[from]move: U-turn
|move|p1a: Umbreon|Wish|p1a: Umbreon
|
|-heal|p1a: Umbreon|68/100|[from] item: Leftovers
|upkeep
|turn|40
|
|t:|1595621162
|switch|p1a: Cinderace|Cinderace, F|100/100
|move|p2a: Clefable|Stealth Rock|p1a: Cinderace
|-sidestart|p1: Lenape|move: Stealth Rock
|
|upkeep
|turn|41
|
|t:|1595621167
|switch|p2a: Mandibuzz|Mandibuzz, F|100/100
|move|p1a: Cinderace|Court Change|p1a: Cinderace
|-start|p1a: Cinderace|typechange|Normal|[from] ability: Libero
|-sideend|p1: Lenape|Stealth Rock|[silent]
|-sidestart|p2: PikachuZappyZap|Stealth Rock|[silent]
|-activate|p1a: Cinderace|move: Court Change
|
|upkeep
|turn|42
|
|t:|1595621172
|switch|p1a: Corviknight|Corviknight, M|88/100
|-ability|p1a: Corviknight|Pressure
|move|p2a: Mandibuzz|Defog|p1a: Corviknight
|-unboost|p1a: Corviknight|evasion|1
|-sideend|p2: PikachuZappyZap|Stealth Rock|[from] move: Defog|[of] p2a: Mandibuzz
|
|upkeep
|turn|43
|
|t:|1595621178
|switch|p2a: Magearna|Magearna|5/100
|move|p1a: Corviknight|Substitute|p1a: Corviknight
|-start|p1a: Corviknight|Substitute
|-damage|p1a: Corviknight|63/100
|
|upkeep
|turn|44
|j| Exprezzo
|
|t:|1595621182
|move|p2a: Magearna|Volt Switch|p1a: Corviknight
|-supereffective|p1a: Corviknight
|-end|p1a: Corviknight|Substitute
|
|t:|1595621187
|switch|p2a: Toxapex|Toxapex, M|100/100 brn|[from]move: Volt Switch
|move|p1a: Corviknight|Roost|p1a: Corviknight
|-heal|p1a: Corviknight|100/100
|-singleturn|p1a: Corviknight|move: Roost
|
|-damage|p2a: Toxapex|94/100 brn|[from] brn
|upkeep
|turn|45
|l| Exprezzo
|
|t:|1595621197
|switch|p2a: Mandibuzz|Mandibuzz, F|100/100
|move|p1a: Corviknight|Substitute|p1a: Corviknight
|-start|p1a: Corviknight|Substitute
|-damage|p1a: Corviknight|75/100
|
|upkeep
|turn|46
|
|t:|1595621199
|move|p2a: Mandibuzz|Foul Play|p1a: Corviknight
|-activate|p1a: Corviknight|move: Substitute|[damage]
|move|p1a: Corviknight|Bulk Up|p1a: Corviknight
|-boost|p1a: Corviknight|atk|1
|-boost|p1a: Corviknight|def|1
|
|upkeep
|turn|47
|
|t:|1595621205
|move|p2a: Mandibuzz|U-turn|p1a: Corviknight
|-resisted|p1a: Corviknight
|-activate|p1a: Corviknight|move: Substitute|[damage]
|
|t:|1595621208
|switch|p2a: Clefable|Clefable, F|100/100 tox|[from]move: U-turn
|move|p1a: Corviknight|Brave Bird|p2a: Clefable
|-damage|p2a: Clefable|43/100 tox
|-damage|p1a: Corviknight|57/100|[from] Recoil
|
|-heal|p2a: Clefable|49/100 tox|[from] item: Leftovers
|upkeep
|turn|48
|j| Golden Oreos
|c|☆PikachuZappyZap|misclick
|
|t:|1595621217
|switch|p2a: Toxapex|Toxapex, M|100/100 brn
|move|p1a: Corviknight|Brave Bird|p2a: Toxapex
|-damage|p2a: Toxapex|68/100 brn
|-damage|p1a: Corviknight|49/100|[from] Recoil
|
|-heal|p2a: Toxapex|74/100 brn|[from] item: Black Sludge
|-damage|p2a: Toxapex|68/100 brn|[from] brn
|upkeep
|turn|49
|
|t:|1595621222
|move|p1a: Corviknight|Brave Bird|p2a: Toxapex
|-damage|p2a: Toxapex|32/100 brn
|-damage|p1a: Corviknight|40/100|[from] Recoil
|move|p2a: Toxapex|Scald|p1a: Corviknight
|-end|p1a: Corviknight|Substitute
|
|-heal|p2a: Toxapex|38/100 brn|[from] item: Black Sludge
|-damage|p2a: Toxapex|32/100 brn|[from] brn
|upkeep
|turn|50
|l| Golden Oreos
|
|t:|1595621225
|move|p1a: Corviknight|Substitute|p1a: Corviknight
|-start|p1a: Corviknight|Substitute
|-damage|p1a: Corviknight|15/100
|move|p2a: Toxapex|Scald|p1a: Corviknight
|-activate|p1a: Corviknight|move: Substitute|[damage]
|
|-heal|p2a: Toxapex|38/100 brn|[from] item: Black Sludge
|-damage|p2a: Toxapex|32/100 brn|[from] brn
|upkeep
|turn|51
|
|t:|1595621228
|move|p1a: Corviknight|Roost|p1a: Corviknight
|-heal|p1a: Corviknight|65/100
|-singleturn|p1a: Corviknight|move: Roost
|move|p2a: Toxapex|Scald|p1a: Corviknight
|-end|p1a: Corviknight|Substitute
|
|-heal|p2a: Toxapex|38/100 brn|[from] item: Black Sludge
|-damage|p2a: Toxapex|32/100 brn|[from] brn
|upkeep
|turn|52
|
|t:|1595621232
|switch|p2a: Mandibuzz|Mandibuzz, F|100/100
|move|p1a: Corviknight|Substitute|p1a: Corviknight
|-start|p1a: Corviknight|Substitute
|-damage|p1a: Corviknight|40/100
|
|upkeep
|turn|53
|
|t:|1595621239
|switch|p2a: Toxapex|Toxapex, M|65/100 brn
|move|p1a: Corviknight|Roost|p1a: Corviknight
|-heal|p1a: Corviknight|90/100
|-singleturn|p1a: Corviknight|move: Roost
|
|-heal|p2a: Toxapex|71/100 brn|[from] item: Black Sludge
|-damage|p2a: Toxapex|65/100 brn|[from] brn
|upkeep
|turn|54
|
|t:|1595621242
|move|p1a: Corviknight|Brave Bird|p2a: Toxapex
|-crit|p2a: Toxapex
|-damage|p2a: Toxapex|17/100 brn
|-damage|p1a: Corviknight|77/100|[from] Recoil
|move|p2a: Toxapex|Haze|p2a: Toxapex
|-clearallboost
|
|-heal|p2a: Toxapex|23/100 brn|[from] item: Black Sludge
|-damage|p2a: Toxapex|17/100 brn|[from] brn
|upkeep
|turn|55
|
|t:|1595621248
|switch|p2a: Mandibuzz|Mandibuzz, F|100/100
|move|p1a: Corviknight|Brave Bird|p2a: Mandibuzz
|-damage|p2a: Mandibuzz|79/100
|-damage|p1a: Corviknight|70/100|[from] Recoil
|
|upkeep
|turn|56
|
|t:|1595621250
|switch|p2a: Toxapex|Toxapex, M|50/100 brn
|move|p1a: Corviknight|Bulk Up|p1a: Corviknight
|-boost|p1a: Corviknight|atk|1
|-boost|p1a: Corviknight|def|1
|
|-heal|p2a: Toxapex|56/100 brn|[from] item: Black Sludge
|-damage|p2a: Toxapex|50/100 brn|[from] brn
|upkeep
|turn|57
|
|t:|1595621254
|move|p1a: Corviknight|Brave Bird|p2a: Toxapex
|-damage|p2a: Toxapex|18/100 brn
|-damage|p1a: Corviknight|62/100|[from] Recoil
|move|p2a: Toxapex|Recover|p2a: Toxapex
|-heal|p2a: Toxapex|68/100 brn
|
|-heal|p2a: Toxapex|75/100 brn|[from] item: Black Sludge
|-damage|p2a: Toxapex|68/100 brn|[from] brn
|upkeep
|turn|58
|
|t:|1595621258
|move|p1a: Corviknight|Bulk Up|p1a: Corviknight
|-boost|p1a: Corviknight|atk|1
|-boost|p1a: Corviknight|def|1
|move|p2a: Toxapex|Haze|p2a: Toxapex
|-clearallboost
|
|-heal|p2a: Toxapex|75/100 brn|[from] item: Black Sludge
|-damage|p2a: Toxapex|68/100 brn|[from] brn
|upkeep
|turn|59
|
|t:|1595621267
|switch|p2a: Clefable|Clefable, F|49/100 tox
|move|p1a: Corviknight|Bulk Up|p1a: Corviknight
|-boost|p1a: Corviknight|atk|1
|-boost|p1a: Corviknight|def|1
|
|-heal|p2a: Clefable|56/100 tox|[from] item: Leftovers
|upkeep
|turn|60
|
|t:|1595621272
|switch|p2a: Toxapex|Toxapex, M|100/100 brn
|move|p1a: Corviknight|Brave Bird|p2a: Toxapex
|-damage|p2a: Toxapex|70/100 brn
|-damage|p1a: Corviknight|54/100|[from] Recoil
|
|-heal|p2a: Toxapex|76/100 brn|[from] item: Black Sludge
|-damage|p2a: Toxapex|70/100 brn|[from] brn
|upkeep
|turn|61
|
|t:|1595621282
|move|p1a: Corviknight|Roost|p1a: Corviknight
|-heal|p1a: Corviknight|100/100
|-singleturn|p1a: Corviknight|move: Roost
|move|p2a: Toxapex|Haze|p2a: Toxapex
|-clearallboost
|
|-heal|p2a: Toxapex|76/100 brn|[from] item: Black Sludge
|-damage|p2a: Toxapex|70/100 brn|[from] brn
|upkeep
|turn|62
|
|t:|1595621286
|switch|p2a: Mandibuzz|Mandibuzz, F|79/100
|move|p1a: Corviknight|Brave Bird|p2a: Mandibuzz
|-crit|p2a: Mandibuzz
|-damage|p2a: Mandibuzz|47/100
|-damage|p1a: Corviknight|89/100|[from] Recoil
|
|upkeep
|turn|63
|
|t:|1595621291
|move|p2a: Mandibuzz|Roost|p2a: Mandibuzz
|-heal|p2a: Mandibuzz|97/100
|-singleturn|p2a: Mandibuzz|move: Roost
|move|p1a: Corviknight|Bulk Up|p1a: Corviknight
|-boost|p1a: Corviknight|atk|1
|-boost|p1a: Corviknight|def|1
|
|upkeep
|turn|64
|
|t:|1595621296
|switch|p2a: Toxapex|Toxapex, M|100/100 brn
|move|p1a: Corviknight|Bulk Up|p1a: Corviknight
|-boost|p1a: Corviknight|atk|1
|-boost|p1a: Corviknight|def|1
|
|-damage|p2a: Toxapex|94/100 brn|[from] brn
|upkeep
|turn|65
|
|t:|1595621301
|move|p1a: Corviknight|Brave Bird|p2a: Toxapex
|-damage|p2a: Toxapex|49/100 brn
|-damage|p1a: Corviknight|78/100|[from] Recoil
|move|p2a: Toxapex|Haze|p2a: Toxapex
|-clearallboost
|
|-heal|p2a: Toxapex|55/100 brn|[from] item: Black Sludge
|-damage|p2a: Toxapex|49/100 brn|[from] brn
|upkeep
|turn|66
|
|t:|1595621307
|switch|p2a: Mandibuzz|Mandibuzz, F|97/100
|move|p1a: Corviknight|Bulk Up|p1a: Corviknight
|-boost|p1a: Corviknight|atk|1
|-boost|p1a: Corviknight|def|1
|
|upkeep
|turn|67
|j| WtfRay
|
|t:|1595621311
|switch|p2a: Toxapex|Toxapex, M|82/100 brn
|move|p1a: Corviknight|Bulk Up|p1a: Corviknight
|-boost|p1a: Corviknight|atk|1
|-boost|p1a: Corviknight|def|1
|
|-heal|p2a: Toxapex|88/100 brn|[from] item: Black Sludge
|-damage|p2a: Toxapex|82/100 brn|[from] brn
|upkeep
|turn|68
|
|t:|1595621315
|move|p1a: Corviknight|Brave Bird|p2a: Toxapex
|-damage|p2a: Toxapex|39/100 brn
|-damage|p1a: Corviknight|67/100|[from] Recoil
|move|p2a: Toxapex|Haze|p2a: Toxapex
|-clearallboost
|
|-heal|p2a: Toxapex|45/100 brn|[from] item: Black Sludge
|-damage|p2a: Toxapex|39/100 brn|[from] brn
|upkeep
|turn|69
|j| AltCauseImInsecure
|
|t:|1595621322
|switch|p1a: Toxapex|Toxapex, F|100/100
|move|p2a: Toxapex|Recover|p2a: Toxapex
|-heal|p2a: Toxapex|89/100 brn
|
|-heal|p2a: Toxapex|95/100 brn|[from] item: Black Sludge
|-damage|p2a: Toxapex|89/100 brn|[from] brn
|upkeep
|turn|70
|l| AltCauseImInsecure
|
|t:|1595621333
|switch|p2a: Clefable|Clefable, F|56/100 tox
|switch|p1a: Sylveon|Sylveon, M|100/100
|
|-heal|p2a: Clefable|62/100 tox|[from] item: Leftovers
|upkeep
|turn|71
|
|t:|1595621336
|move|p1a: Sylveon|Calm Mind|p1a: Sylveon
|-boost|p1a: Sylveon|spa|1
|-boost|p1a: Sylveon|spd|1
|move|p2a: Clefable|Knock Off|p1a: Sylveon
|-resisted|p1a: Sylveon
|-damage|p1a: Sylveon|91/100
|-enditem|p1a: Sylveon|Leftovers|[from] move: Knock Off|[of] p2a: Clefable
|
|-heal|p2a: Clefable|68/100 tox|[from] item: Leftovers
|upkeep
|turn|72
|
|t:|1595621341
|switch|p2a: Toxapex|Toxapex, M|100/100 brn
|move|p1a: Sylveon|Hyper Voice|p2a: Toxapex
|-resisted|p2a: Toxapex
|-damage|p2a: Toxapex|75/100 brn
|
|-heal|p2a: Toxapex|81/100 brn|[from] item: Black Sludge
|-damage|p2a: Toxapex|75/100 brn|[from] brn
|upkeep
|turn|73
|
|t:|1595621345
|move|p1a: Sylveon|Protect|p1a: Sylveon
|-singleturn|p1a: Sylveon|Protect
|move|p2a: Toxapex|Haze|p2a: Toxapex
|-clearallboost
|
|-heal|p2a: Toxapex|81/100 brn|[from] item: Black Sludge
|-damage|p2a: Toxapex|75/100 brn|[from] brn
|upkeep
|turn|74
|l| Rising Tyranitar
|
|t:|1595621361
|switch|p1a: Corviknight|Corviknight, M|67/100
|-ability|p1a: Corviknight|Pressure
|switch|p2a: Magearna|Magearna|5/100
|
|upkeep
|turn|75
|
|t:|1595621366
|switch|p1a: Toxapex|Toxapex, F|100/100
|move|p2a: Magearna|Volt Switch|p1a: Toxapex
|-supereffective|p1a: Toxapex
|-damage|p1a: Toxapex|39/100
|
|t:|1595621372
|switch|p2a: Clefable|Clefable, F|68/100 tox|[from]move: Volt Switch
|
|-heal|p2a: Clefable|74/100 tox|[from] item: Leftovers
|upkeep
|turn|76
|
|t:|1595621377
|switch|p1a: Cinderace|Cinderace, F|100/100
|move|p2a: Clefable|Knock Off|p1a: Cinderace
|-damage|p1a: Cinderace|77/100
|-enditem|p1a: Cinderace|Heavy-Duty Boots|[from] move: Knock Off|[of] p2a: Clefable
|
|-heal|p2a: Clefable|80/100 tox|[from] item: Leftovers
|upkeep
|turn|77
|
|t:|1595621381
|switch|p2a: Toxapex|Toxapex, M|100/100 brn
|move|p1a: Cinderace|Pyro Ball|p2a: Toxapex|[miss]
|-miss|p1a: Cinderace|p2a: Toxapex
|
|-damage|p2a: Toxapex|94/100 brn|[from] brn
|upkeep
|turn|78
|j| Golden Oreos
|l| Golden Oreos
|
|t:|1595621399
|switch|p1a: Sylveon|Sylveon, M|91/100
|move|p2a: Toxapex|Scald|p1a: Sylveon
|-crit|p1a: Sylveon
|-damage|p1a: Sylveon|78/100
|
|-heal|p2a: Toxapex|100/100 brn|[from] item: Black Sludge
|-damage|p2a: Toxapex|94/100 brn|[from] brn
|upkeep
|turn|79
|
|t:|1595621404
|switch|p1a: Corviknight|Corviknight, M|67/100
|-ability|p1a: Corviknight|Pressure
|switch|p2a: Clefable|Clefable, F|80/100 tox
|
|-heal|p2a: Clefable|86/100 tox|[from] item: Leftovers
|upkeep
|turn|80
|j| Lanceybear
|
|t:|1595621413
|move|p1a: Corviknight|Substitute|p1a: Corviknight
|-start|p1a: Corviknight|Substitute
|-damage|p1a: Corviknight|42/100
|move|p2a: Clefable|Stealth Rock|p1a: Corviknight
|-sidestart|p1: Lenape|move: Stealth Rock
|
|-heal|p2a: Clefable|92/100 tox|[from] item: Leftovers
|upkeep
|turn|81
|
|t:|1595621415
|switch|p2a: Toxapex|Toxapex, M|100/100 brn
|move|p1a: Corviknight|Roost|p1a: Corviknight
|-heal|p1a: Corviknight|92/100
|-singleturn|p1a: Corviknight|move: Roost
|
|-damage|p2a: Toxapex|94/100 brn|[from] brn
|upkeep
|turn|82
|
|t:|1595621420
|switch|p2a: Mandibuzz|Mandibuzz, F|97/100
|move|p1a: Corviknight|Bulk Up|p1a: Corviknight
|-boost|p1a: Corviknight|atk|1
|-boost|p1a: Corviknight|def|1
|
|upkeep
|turn|83
|
|t:|1595621426
|switch|p2a: Toxapex|Toxapex, M|100/100 brn
|move|p1a: Corviknight|Bulk Up|p1a: Corviknight
|-boost|p1a: Corviknight|atk|1
|-boost|p1a: Corviknight|def|1
|
|-damage|p2a: Toxapex|94/100 brn|[from] brn
|upkeep
|turn|84
|
|t:|1595621433
|move|p1a: Corviknight|Brave Bird|p2a: Toxapex
|-crit|p2a: Toxapex
|-damage|p2a: Toxapex|33/100 brn
|-damage|p1a: Corviknight|76/100|[from] Recoil
|move|p2a: Toxapex|Haze|p2a: Toxapex
|-clearallboost
|
|-heal|p2a: Toxapex|39/100 brn|[from] item: Black Sludge
|-damage|p2a: Toxapex|33/100 brn|[from] brn
|upkeep
|turn|85
|
|t:|1595621437
|move|p1a: Corviknight|Brave Bird|p2a: Toxapex
|-damage|p2a: Toxapex|8/100 brn
|-damage|p1a: Corviknight|70/100|[from] Recoil
|move|p2a: Toxapex|Recover|p2a: Toxapex
|-heal|p2a: Toxapex|58/100 brn
|
|-heal|p2a: Toxapex|65/100 brn|[from] item: Black Sludge
|-damage|p2a: Toxapex|58/100 brn|[from] brn
|upkeep
|turn|86
|
|t:|1595621442
|switch|p2a: Mandibuzz|Mandibuzz, F|97/100
|move|p1a: Corviknight|Bulk Up|p1a: Corviknight
|-boost|p1a: Corviknight|atk|1
|-boost|p1a: Corviknight|def|1
|
|upkeep
|turn|87
|
|t:|1595621447
|switch|p2a: Toxapex|Toxapex, M|92/100 brn
|move|p1a: Corviknight|Brave Bird|p2a: Toxapex
|-damage|p2a: Toxapex|57/100 brn
|-damage|p1a: Corviknight|61/100|[from] Recoil
|
|-heal|p2a: Toxapex|63/100 brn|[from] item: Black Sludge
|-damage|p2a: Toxapex|57/100 brn|[from] brn
|upkeep
|turn|88
|
|t:|1595621453
|switch|p2a: Mandibuzz|Mandibuzz, F|97/100
|move|p1a: Corviknight|Brave Bird|p2a: Mandibuzz
|-damage|p2a: Mandibuzz|67/100
|-damage|p1a: Corviknight|51/100|[from] Recoil
|
|upkeep
|turn|89
|
|t:|1595621457
|switch|p2a: Toxapex|Toxapex, M|90/100 brn
|move|p1a: Corviknight|Bulk Up|p1a: Corviknight
|-boost|p1a: Corviknight|atk|1
|-boost|p1a: Corviknight|def|1
|
|-heal|p2a: Toxapex|97/100 brn|[from] item: Black Sludge
|-damage|p2a: Toxapex|90/100 brn|[from] brn
|upkeep
|turn|90
|
|t:|1595621461
|move|p1a: Corviknight|Roost|p1a: Corviknight
|-heal|p1a: Corviknight|100/100
|-singleturn|p1a: Corviknight|move: Roost
|move|p2a: Toxapex|Haze|p2a: Toxapex
|-clearallboost
|
|-heal|p2a: Toxapex|97/100 brn|[from] item: Black Sludge
|-damage|p2a: Toxapex|90/100 brn|[from] brn
|upkeep
|turn|91
|
|t:|1595621465
|switch|p2a: Mandibuzz|Mandibuzz, F|67/100
|move|p1a: Corviknight|Bulk Up|p1a: Corviknight
|-boost|p1a: Corviknight|atk|1
|-boost|p1a: Corviknight|def|1
|
|upkeep
|turn|92
|
|t:|1595621470
|move|p2a: Mandibuzz|Roost|p2a: Mandibuzz
|-heal|p2a: Mandibuzz|100/100
|-singleturn|p2a: Mandibuzz|move: Roost
|move|p1a: Corviknight|Bulk Up|p1a: Corviknight
|-boost|p1a: Corviknight|atk|1
|-boost|p1a: Corviknight|def|1
|
|upkeep
|turn|93
|
|t:|1595621472
|switch|p2a: Toxapex|Toxapex, M|100/100 brn
|move|p1a: Corviknight|Brave Bird|p2a: Toxapex
|-damage|p2a: Toxapex|54/100 brn
|-damage|p1a: Corviknight|89/100|[from] Recoil
|
|-heal|p2a: Toxapex|60/100 brn|[from] item: Black Sludge
|-damage|p2a: Toxapex|54/100 brn|[from] brn
|upkeep
|turn|94
|
|t:|1595621479
|move|p1a: Corviknight|Brave Bird|p2a: Toxapex
|-damage|p2a: Toxapex|12/100 brn
|-damage|p1a: Corviknight|78/100|[from] Recoil
|move|p2a: Toxapex|Haze|p2a: Toxapex
|-clearallboost
|
|-heal|p2a: Toxapex|18/100 brn|[from] item: Black Sludge
|-damage|p2a: Toxapex|12/100 brn|[from] brn
|upkeep
|turn|95
|j| grand marnier
|
|t:|1595621483
|switch|p2a: Mandibuzz|Mandibuzz, F|100/100
|move|p1a: Corviknight|Bulk Up|p1a: Corviknight
|-boost|p1a: Corviknight|atk|1
|-boost|p1a: Corviknight|def|1
|
|upkeep
|turn|96
|
|t:|1595621487
|switch|p2a: Toxapex|Toxapex, M|45/100 brn
|move|p1a: Corviknight|Brave Bird|p2a: Toxapex
|-damage|p2a: Toxapex|14/100 brn
|-damage|p1a: Corviknight|70/100|[from] Recoil
|
|-heal|p2a: Toxapex|21/100 brn|[from] item: Black Sludge
|-damage|p2a: Toxapex|14/100 brn|[from] brn
|upkeep
|turn|97
|
|t:|1595621491
|switch|p2a: Mandibuzz|Mandibuzz, F|100/100
|move|p1a: Corviknight|Bulk Up|p1a: Corviknight
|-boost|p1a: Corviknight|atk|1
|-boost|p1a: Corviknight|def|1
|
|upkeep
|turn|98
|
|t:|1595621507
|move|p2a: Mandibuzz|Foul Play|p1a: Corviknight
|-activate|p1a: Corviknight|move: Substitute|[damage]
|move|p1a: Corviknight|Bulk Up|p1a: Corviknight
|-boost|p1a: Corviknight|atk|1
|-boost|p1a: Corviknight|def|1
|
|upkeep
|turn|99
|
|t:|1595621517
|move|p2a: Mandibuzz|Foul Play|p1a: Corviknight
|-end|p1a: Corviknight|Substitute
|move|p1a: Corviknight|Bulk Up|p1a: Corviknight
|-boost|p1a: Corviknight|atk|1
|-boost|p1a: Corviknight|def|1
|
|upkeep
|turn|100
|
|t:|1595621522
|switch|p2a: Magearna|Magearna|5/100
|move|p1a: Corviknight|Substitute|p1a: Corviknight
|-start|p1a: Corviknight|Substitute
|-damage|p1a: Corviknight|45/100
|
|upkeep
|turn|101
|
|t:|1595621526
|move|p2a: Magearna|Volt Switch|p1a: Corviknight
|-supereffective|p1a: Corviknight
|-end|p1a: Corviknight|Substitute
|
|t:|1595621532
|switch|p2a: Zeraora|Zeraora|15/100 psn|[from]move: Volt Switch
|move|p1a: Corviknight|Roost|p1a: Corviknight
|-heal|p1a: Corviknight|95/100
|-singleturn|p1a: Corviknight|move: Roost
|
|-damage|p2a: Zeraora|3/100 psn|[from] psn
|upkeep
|turn|102
|
|t:|1595621537
|move|p2a: Zeraora|Volt Switch|p1a: Corviknight
|-supereffective|p1a: Corviknight
|-damage|p1a: Corviknight|55/100
|
|t:|1595621543
|switch|p2a: Toxapex|Toxapex, M|48/100 brn|[from]move: Volt Switch
|move|p1a: Corviknight|Roost|p1a: Corviknight
|-heal|p1a: Corviknight|100/100
|-singleturn|p1a: Corviknight|move: Roost
|
|-heal|p2a: Toxapex|54/100 brn|[from] item: Black Sludge
|-damage|p2a: Toxapex|48/100 brn|[from] brn
|upkeep
|turn|103
|j| shadolid
|
|t:|1595621548
|switch|p2a: Mandibuzz|Mandibuzz, F|100/100
|move|p1a: Corviknight|Brave Bird|p2a: Mandibuzz
|-damage|p2a: Mandibuzz|43/100
|-damage|p1a: Corviknight|80/100|[from] Recoil
|
|upkeep
|turn|104
|
|t:|1595621552
|move|p2a: Mandibuzz|Roost|p2a: Mandibuzz
|-heal|p2a: Mandibuzz|93/100
|-singleturn|p2a: Mandibuzz|move: Roost
|move|p1a: Corviknight|Brave Bird|p2a: Mandibuzz
|-damage|p2a: Mandibuzz|33/100
|-damage|p1a: Corviknight|59/100|[from] Recoil
|
|upkeep
|turn|105
|j| Amaranthy
|
|t:|1595621560
|move|p2a: Mandibuzz|Roost|p2a: Mandibuzz
|-heal|p2a: Mandibuzz|83/100
|-singleturn|p2a: Mandibuzz|move: Roost
|move|p1a: Corviknight|Substitute|p1a: Corviknight
|-start|p1a: Corviknight|Substitute
|-damage|p1a: Corviknight|34/100
|
|upkeep
|turn|106
|
|t:|1595621568
|move|p2a: Mandibuzz|Roost|p2a: Mandibuzz
|-heal|p2a: Mandibuzz|100/100
|-singleturn|p2a: Mandibuzz|move: Roost
|move|p1a: Corviknight|Roost|p1a: Corviknight
|-heal|p1a: Corviknight|84/100
|-singleturn|p1a: Corviknight|move: Roost
|
|upkeep
|turn|107
|
|t:|1595621574
|switch|p2a: Toxapex|Toxapex, M|81/100 brn
|move|p1a: Corviknight|Bulk Up|p1a: Corviknight
|-boost|p1a: Corviknight|atk|1
|-boost|p1a: Corviknight|def|1
|
|-heal|p2a: Toxapex|87/100 brn|[from] item: Black Sludge
|-damage|p2a: Toxapex|81/100 brn|[from] brn
|upkeep
|turn|108
|
|t:|1595621592
|switch|p2a: Mandibuzz|Mandibuzz, F|100/100
|move|p1a: Corviknight|Brave Bird|p2a: Mandibuzz
|-damage|p2a: Mandibuzz|23/100
|-damage|p1a: Corviknight|57/100|[from] Recoil
|
|upkeep
|turn|109
|
|t:|1595621597
|move|p2a: Mandibuzz|Roost|p2a: Mandibuzz
|-heal|p2a: Mandibuzz|73/100
|-singleturn|p2a: Mandibuzz|move: Roost
|move|p1a: Corviknight|Brave Bird|p2a: Mandibuzz
|-damage|p2a: Mandibuzz|0 fnt
|-damage|p1a: Corviknight|32/100|[from] Recoil
|faint|p2a: Mandibuzz
|
|upkeep
|
|t:|1595621612
|switch|p2a: Zeraora|Zeraora|3/100 psn
|turn|110
|
|t:|1595621615
|move|p2a: Zeraora|Volt Switch|p1a: Corviknight
|-supereffective|p1a: Corviknight
|-end|p1a: Corviknight|Substitute
|l| skyexperimenter
|
|t:|1595621619
|switch|p2a: Magearna|Magearna|5/100|[from]move: Volt Switch
|move|p1a: Corviknight|Roost|p1a: Corviknight
|-heal|p1a: Corviknight|82/100
|-singleturn|p1a: Corviknight|move: Roost
|
|upkeep
|turn|111
|
|t:|1595621633
|switch|p1a: Sylveon|Sylveon, M|78/100
|-damage|p1a: Sylveon|66/100|[from] Stealth Rock
|move|p2a: Magearna|Volt Switch|p1a: Sylveon
|-damage|p1a: Sylveon|44/100
|
|t:|1595621637
|switch|p2a: Toxapex|Toxapex, M|100/100 brn|[from]move: Volt Switch
|
|-damage|p2a: Toxapex|94/100 brn|[from] brn
|upkeep
|turn|112
|
|t:|1595621644
|move|p1a: Sylveon|Protect|p1a: Sylveon
|-singleturn|p1a: Sylveon|Protect
|move|p2a: Toxapex|Scald|p1a: Sylveon
|-activate|p1a: Sylveon|move: Protect
|
|-heal|p2a: Toxapex|100/100 brn|[from] item: Black Sludge
|-damage|p2a: Toxapex|94/100 brn|[from] brn
|upkeep
|turn|113
|
|t:|1595621650
|switch|p2a: Magearna|Magearna|5/100
|move|p1a: Sylveon|Wish|p1a: Sylveon
|
|upkeep
|turn|114
|
|t:|1595621658
|move|p1a: Sylveon|Protect|p1a: Sylveon
|-singleturn|p1a: Sylveon|Protect
|move|p2a: Magearna|Volt Switch|p1a: Sylveon
|-activate|p1a: Sylveon|move: Protect
|
|-heal|p1a: Sylveon|94/100|[from] move: Wish|[wisher] Sylveon
|upkeep
|turn|115
|
|t:|1595621662
|move|p2a: Magearna|Volt Switch|p1a: Sylveon
|-damage|p1a: Sylveon|75/100
|
|t:|1595621667
|switch|p2a: Toxapex|Toxapex, M|100/100 brn|[from]move: Volt Switch
|move|p1a: Sylveon|Wish|p1a: Sylveon
|
|-damage|p2a: Toxapex|94/100 brn|[from] brn
|upkeep
|turn|116
|
|t:|1595621671
|switch|p1a: Cinderace|Cinderace, F|77/100
|-damage|p1a: Cinderace|52/100|[from] Stealth Rock
|move|p2a: Toxapex|Scald|p1a: Cinderace
|-supereffective|p1a: Cinderace
|-damage|p1a: Cinderace|8/100
|
|-heal|p1a: Cinderace|73/100|[from] move: Wish|[wisher] Sylveon
|-heal|p2a: Toxapex|100/100 brn|[from] item: Black Sludge
|-damage|p2a: Toxapex|94/100 brn|[from] brn
|upkeep
|turn|117
|
|t:|1595621678
|move|p1a: Cinderace|Court Change|p1a: Cinderace
|-start|p1a: Cinderace|typechange|Normal|[from] ability: Libero
|-sideend|p1: Lenape|Stealth Rock|[silent]
|-sidestart|p2: PikachuZappyZap|Stealth Rock|[silent]
|-activate|p1a: Cinderace|move: Court Change
|move|p2a: Toxapex|Scald|p1a: Cinderace
|-damage|p1a: Cinderace|50/100
|
|-heal|p2a: Toxapex|100/100 brn|[from] item: Black Sludge
|-damage|p2a: Toxapex|94/100 brn|[from] brn
|upkeep
|turn|118
|
|t:|1595621683
|switch|p1a: Umbreon|Umbreon, F|68/100
|move|p2a: Toxapex|Scald|p1a: Umbreon
|-damage|p1a: Umbreon|56/100
|-status|p1a: Umbreon|brn
|
|-heal|p1a: Umbreon|62/100 brn|[from] item: Leftovers
|-heal|p2a: Toxapex|100/100 brn|[from] item: Black Sludge
|-damage|p1a: Umbreon|56/100 brn|[from] brn
|-damage|p2a: Toxapex|94/100 brn|[from] brn
|upkeep
|turn|119
|c|☆Lenape|GG
|
|t:|1595621695
|switch|p2a: Clefable|Clefable, F|92/100 tox
|move|p1a: Umbreon|Wish|p1a: Umbreon
|
|-heal|p1a: Umbreon|62/100 brn|[from] item: Leftovers
|-heal|p2a: Clefable|98/100 tox|[from] item: Leftovers
|-damage|p1a: Umbreon|56/100 brn|[from] brn
|upkeep
|turn|120
|l| I'm at my LIMIT!
|
|t:|1595621701
|switch|p1a: Sylveon|Sylveon, M|75/100
|move|p2a: Clefable|Stealth Rock|p1a: Sylveon
|-sidestart|p1: Lenape|move: Stealth Rock
|
|-heal|p1a: Sylveon|100/100|[from] move: Wish|[wisher] Umbreon
|-heal|p2a: Clefable|100/100 tox|[from] item: Leftovers
|upkeep
|turn|121
|
|t:|1595621704
|switch|p2a: Toxapex|Toxapex, M|100/100 brn
|-damage|p2a: Toxapex|88/100 brn|[from] Stealth Rock
|move|p1a: Sylveon|Calm Mind|p1a: Sylveon
|-boost|p1a: Sylveon|spa|1
|-boost|p1a: Sylveon|spd|1
|
|-heal|p2a: Toxapex|94/100 brn|[from] item: Black Sludge
|-damage|p2a: Toxapex|88/100 brn|[from] brn
|upkeep
|turn|122
|
|t:|1595621710
|move|p1a: Sylveon|Protect|p1a: Sylveon
|-singleturn|p1a: Sylveon|Protect
|move|p2a: Toxapex|Toxic|p1a: Sylveon
|-activate|p1a: Sylveon|move: Protect
|
|-heal|p2a: Toxapex|94/100 brn|[from] item: Black Sludge
|-damage|p2a: Toxapex|88/100 brn|[from] brn
|upkeep
|turn|123
|
|t:|1595621713
|switch|p1a: Corviknight|Corviknight, M|82/100
|-damage|p1a: Corviknight|69/100|[from] Stealth Rock
|-ability|p1a: Corviknight|Pressure
|move|p2a: Toxapex|Haze|p2a: Toxapex
|-clearallboost
|
|-heal|p2a: Toxapex|94/100 brn|[from] item: Black Sludge
|-damage|p2a: Toxapex|88/100 brn|[from] brn
|upkeep
|turn|124
|
|t:|1595621717
|switch|p1a: Sylveon|Sylveon, M|100/100
|-damage|p1a: Sylveon|88/100|[from] Stealth Rock
|switch|p2a: Clefable|Clefable, F|100/100 tox
|
|upkeep
|turn|125
|
|t:|1595621721
|switch|p2a: Toxapex|Toxapex, M|100/100 brn
|-damage|p2a: Toxapex|88/100 brn|[from] Stealth Rock
|move|p1a: Sylveon|Wish|p1a: Sylveon
|
|-heal|p2a: Toxapex|94/100 brn|[from] item: Black Sludge
|-damage|p2a: Toxapex|88/100 brn|[from] brn
|upkeep
|turn|126
|
|t:|1595621729
|switch|p1a: Corviknight|Corviknight, M|69/100
|-damage|p1a: Corviknight|57/100|[from] Stealth Rock
|-ability|p1a: Corviknight|Pressure
|switch|p2a: Clefable|Clefable, F|100/100 tox
|
|-heal|p1a: Corviknight|100/100|[from] move: Wish|[wisher] Sylveon
|upkeep
|turn|127
|
|t:|1595621735
|switch|p1a: Toxapex|Toxapex, F|73/100
|-damage|p1a: Toxapex|60/100|[from] Stealth Rock
|switch|p2a: Toxapex|Toxapex, M|100/100 brn
|-damage|p2a: Toxapex|88/100 brn|[from] Stealth Rock
|
|-heal|p2a: Toxapex|94/100 brn|[from] item: Black Sludge
|-damage|p2a: Toxapex|88/100 brn|[from] brn
|upkeep
|turn|128
|
|t:|1595621739
|move|p2a: Toxapex|Scald|p1a: Toxapex
|-resisted|p1a: Toxapex
|-damage|p1a: Toxapex|53/100
|move|p1a: Toxapex|Recover|p1a: Toxapex
|-heal|p1a: Toxapex|100/100
|
|-heal|p2a: Toxapex|94/100 brn|[from] item: Black Sludge
|-damage|p2a: Toxapex|88/100 brn|[from] brn
|upkeep
|turn|129
|
|t:|1595621744
|move|p1a: Toxapex|Scald|p2a: Toxapex
|-resisted|p2a: Toxapex
|-damage|p2a: Toxapex|81/100 brn
|move|p2a: Toxapex|Scald|p1a: Toxapex
|-resisted|p1a: Toxapex
|-damage|p1a: Toxapex|93/100
|
|-heal|p2a: Toxapex|88/100 brn|[from] item: Black Sludge
|-damage|p2a: Toxapex|81/100 brn|[from] brn
|upkeep
|turn|130
|
|t:|1595621751
|switch|p1a: Corviknight|Corviknight, M|100/100
|-damage|p1a: Corviknight|88/100|[from] Stealth Rock
|-ability|p1a: Corviknight|Pressure
|move|p2a: Toxapex|Scald|p1a: Corviknight
|-damage|p1a: Corviknight|71/100
|
|-heal|p2a: Toxapex|88/100 brn|[from] item: Black Sludge
|-damage|p2a: Toxapex|81/100 brn|[from] brn
|upkeep
|turn|131
|
|t:|1595621763
|switch|p1a: Sylveon|Sylveon, M|88/100
|-damage|p1a: Sylveon|76/100|[from] Stealth Rock
|switch|p2a: Clefable|Clefable, F|100/100 tox
|
|upkeep
|turn|132
|
|t:|1595621767
|switch|p2a: Toxapex|Toxapex, M|100/100 brn
|-damage|p2a: Toxapex|88/100 brn|[from] Stealth Rock
|move|p1a: Sylveon|Wish|p1a: Sylveon
|
|-heal|p2a: Toxapex|94/100 brn|[from] item: Black Sludge
|-damage|p2a: Toxapex|88/100 brn|[from] brn
|upkeep
|turn|133
|
|t:|1595621769
|switch|p1a: Umbreon|Umbreon, F|56/100 brn
|-damage|p1a: Umbreon|44/100 brn|[from] Stealth Rock
|switch|p2a: Clefable|Clefable, F|100/100 tox
|
|-heal|p1a: Umbreon|94/100 brn|[from] move: Wish|[wisher] Sylveon
|-heal|p1a: Umbreon|99/100 brn|[from] item: Leftovers
|-damage|p1a: Umbreon|94/100 brn|[from] brn
|upkeep
|turn|134
|
|t:|1595621773
|switch|p1a: Toxapex|Toxapex, F|100/100
|-damage|p1a: Toxapex|88/100|[from] Stealth Rock
|switch|p2a: Toxapex|Toxapex, M|100/100 brn
|-damage|p2a: Toxapex|88/100 brn|[from] Stealth Rock
|
|-heal|p2a: Toxapex|94/100 brn|[from] item: Black Sludge
|-damage|p2a: Toxapex|88/100 brn|[from] brn
|upkeep
|turn|135
|
|t:|1595621776
|switch|p1a: Sylveon|Sylveon, M|76/100
|-damage|p1a: Sylveon|63/100|[from] Stealth Rock
|switch|p2a: Clefable|Clefable, F|100/100 tox
|
|upkeep
|turn|136
|
|t:|1595621779
|switch|p2a: Toxapex|Toxapex, M|100/100 brn
|-damage|p2a: Toxapex|88/100 brn|[from] Stealth Rock
|move|p1a: Sylveon|Wish|p1a: Sylveon
|
|-heal|p2a: Toxapex|94/100 brn|[from] item: Black Sludge
|-damage|p2a: Toxapex|88/100 brn|[from] brn
|upkeep
|turn|137
|
|t:|1595621784
|switch|p2a: Clefable|Clefable, F|100/100 tox
|move|p1a: Sylveon|Calm Mind|p1a: Sylveon
|-boost|p1a: Sylveon|spa|1
|-boost|p1a: Sylveon|spd|1
|
|-heal|p1a: Sylveon|100/100|[from] move: Wish|[wisher] Sylveon
|upkeep
|turn|138
|
|t:|1595621788
|switch|p2a: Toxapex|Toxapex, M|100/100 brn
|-damage|p2a: Toxapex|88/100 brn|[from] Stealth Rock
|move|p1a: Sylveon|Calm Mind|p1a: Sylveon
|-boost|p1a: Sylveon|spa|1
|-boost|p1a: Sylveon|spd|1
|
|-heal|p2a: Toxapex|94/100 brn|[from] item: Black Sludge
|-damage|p2a: Toxapex|88/100 brn|[from] brn
|upkeep
|turn|139
|
|t:|1595621791
|switch|p1a: Corviknight|Corviknight, M|71/100
|-damage|p1a: Corviknight|58/100|[from] Stealth Rock
|-ability|p1a: Corviknight|Pressure
|move|p2a: Toxapex|Haze|p2a: Toxapex
|-clearallboost
|
|-heal|p2a: Toxapex|94/100 brn|[from] item: Black Sludge
|-damage|p2a: Toxapex|88/100 brn|[from] brn
|upkeep
|turn|140
|
|t:|1595621794
|switch|p1a: Sylveon|Sylveon, M|100/100
|-damage|p1a: Sylveon|88/100|[from] Stealth Rock
|switch|p2a: Clefable|Clefable, F|100/100 tox
|
|upkeep
|turn|141
|
|t:|1595621797
|switch|p2a: Toxapex|Toxapex, M|100/100 brn
|-damage|p2a: Toxapex|88/100 brn|[from] Stealth Rock
|move|p1a: Sylveon|Wish|p1a: Sylveon
|
|-heal|p2a: Toxapex|94/100 brn|[from] item: Black Sludge
|-damage|p2a: Toxapex|88/100 brn|[from] brn
|upkeep
|turn|142
|
|t:|1595621801
|switch|p1a: Corviknight|Corviknight, M|58/100
|-damage|p1a: Corviknight|46/100|[from] Stealth Rock
|-ability|p1a: Corviknight|Pressure
|switch|p2a: Clefable|Clefable, F|100/100 tox
|
|-heal|p1a: Corviknight|95/100|[from] move: Wish|[wisher] Sylveon
|upkeep
|turn|143
|
|t:|1595621804
|switch|p2a: Toxapex|Toxapex, M|100/100 brn
|-damage|p2a: Toxapex|88/100 brn|[from] Stealth Rock
|move|p1a: Corviknight|Bulk Up|p1a: Corviknight
|-boost|p1a: Corviknight|atk|1
|-boost|p1a: Corviknight|def|1
|
|-heal|p2a: Toxapex|94/100 brn|[from] item: Black Sludge
|-damage|p2a: Toxapex|88/100 brn|[from] brn
|upkeep
|turn|144
|
|t:|1595621808
|switch|p1a: Sylveon|Sylveon, M|88/100
|-damage|p1a: Sylveon|76/100|[from] Stealth Rock
|switch|p2a: Clefable|Clefable, F|100/100 tox
|
|upkeep
|turn|145
|
|t:|1595621811
|switch|p2a: Toxapex|Toxapex, M|100/100 brn
|-damage|p2a: Toxapex|88/100 brn|[from] Stealth Rock
|move|p1a: Sylveon|Wish|p1a: Sylveon
|
|-heal|p2a: Toxapex|94/100 brn|[from] item: Black Sludge
|-damage|p2a: Toxapex|88/100 brn|[from] brn
|upkeep
|turn|146
|
|t:|1595621817
|switch|p2a: Clefable|Clefable, F|100/100 tox
|move|p1a: Sylveon|Calm Mind|p1a: Sylveon
|-boost|p1a: Sylveon|spa|1
|-boost|p1a: Sylveon|spd|1
|
|-heal|p1a: Sylveon|100/100|[from] move: Wish|[wisher] Sylveon
|upkeep
|turn|147
|j|‽6wozw4c
|
|t:|1595621822
|switch|p2a: Toxapex|Toxapex, M|100/100 brn
|-damage|p2a: Toxapex|88/100 brn|[from] Stealth Rock
|move|p1a: Sylveon|Calm Mind|p1a: Sylveon
|-boost|p1a: Sylveon|spa|1
|-boost|p1a: Sylveon|spd|1
|
|-heal|p2a: Toxapex|94/100 brn|[from] item: Black Sludge
|-damage|p2a: Toxapex|88/100 brn|[from] brn
|upkeep
|turn|148
|
|t:|1595621826
|switch|p1a: Corviknight|Corviknight, M|95/100
|-damage|p1a: Corviknight|82/100|[from] Stealth Rock
|-ability|p1a: Corviknight|Pressure
|move|p2a: Toxapex|Toxic|p1a: Corviknight
|-immune|p1a: Corviknight
|
|-heal|p2a: Toxapex|94/100 brn|[from] item: Black Sludge
|-damage|p2a: Toxapex|88/100 brn|[from] brn
|upkeep
|turn|149
|
|t:|1595621834
|switch|p1a: Umbreon|Umbreon, F|94/100 brn
|-damage|p1a: Umbreon|81/100 brn|[from] Stealth Rock
|switch|p2a: Clefable|Clefable, F|100/100 tox
|
|-heal|p1a: Umbreon|87/100 brn|[from] item: Leftovers
|-damage|p1a: Umbreon|81/100 brn|[from] brn
|upkeep
|turn|150
|
|t:|1595621842
|switch|p2a: Toxapex|Toxapex, M|100/100 brn
|-damage|p2a: Toxapex|88/100 brn|[from] Stealth Rock
|move|p1a: Umbreon|Wish|p1a: Umbreon
|
|-heal|p1a: Umbreon|87/100 brn|[from] item: Leftovers
|-heal|p2a: Toxapex|94/100 brn|[from] item: Black Sludge
|-damage|p1a: Umbreon|81/100 brn|[from] brn
|-damage|p2a: Toxapex|88/100 brn|[from] brn
|upkeep
|turn|151
|
|t:|1595621847
|switch|p1a: Corviknight|Corviknight, M|82/100
|-damage|p1a: Corviknight|70/100|[from] Stealth Rock
|-ability|p1a: Corviknight|Pressure
|move|p2a: Toxapex|Scald|p1a: Corviknight
|-damage|p1a: Corviknight|53/100
|
|-heal|p1a: Corviknight|100/100|[from] move: Wish|[wisher] Umbreon
|-heal|p2a: Toxapex|94/100 brn|[from] item: Black Sludge
|-damage|p2a: Toxapex|88/100 brn|[from] brn
|upkeep
|turn|152
|l| grand marnier
|
|t:|1595621854
|switch|p1a: Toxapex|Toxapex, F|100/100
|-damage|p1a: Toxapex|88/100|[from] Stealth Rock
|switch|p2a: Clefable|Clefable, F|100/100 tox
|
|upkeep
|turn|153
|
|t:|1595621858
|switch|p2a: Toxapex|Toxapex, M|100/100 brn
|-damage|p2a: Toxapex|88/100 brn|[from] Stealth Rock
|switch|p1a: Sylveon|Sylveon, M|100/100
|-damage|p1a: Sylveon|88/100|[from] Stealth Rock
|
|-heal|p2a: Toxapex|94/100 brn|[from] item: Black Sludge
|-damage|p2a: Toxapex|88/100 brn|[from] brn
|upkeep
|turn|154
|
|t:|1595621861
|switch|p2a: Clefable|Clefable, F|100/100 tox
|move|p1a: Sylveon|Calm Mind|p1a: Sylveon
|-boost|p1a: Sylveon|spa|1
|-boost|p1a: Sylveon|spd|1
|
|upkeep
|turn|155
|
|t:|1595621863
|switch|p2a: Toxapex|Toxapex, M|100/100 brn
|-damage|p2a: Toxapex|88/100 brn|[from] Stealth Rock
|move|p1a: Sylveon|Calm Mind|p1a: Sylveon
|-boost|p1a: Sylveon|spa|1
|-boost|p1a: Sylveon|spd|1
|
|-heal|p2a: Toxapex|94/100 brn|[from] item: Black Sludge
|-damage|p2a: Toxapex|88/100 brn|[from] brn
|upkeep
|turn|156
|
|t:|1595621866
|switch|p2a: Clefable|Clefable, F|100/100 tox
|move|p1a: Sylveon|Protect||[still]
|-fail|p1a: Sylveon
|
|upkeep
|turn|157
|
|t:|1595621869
|switch|p2a: Toxapex|Toxapex, M|100/100 brn
|-damage|p2a: Toxapex|88/100 brn|[from] Stealth Rock
|move|p1a: Sylveon|Hyper Voice|p2a: Toxapex
|-resisted|p2a: Toxapex
|-damage|p2a: Toxapex|56/100 brn
|
|-heal|p2a: Toxapex|63/100 brn|[from] item: Black Sludge
|-damage|p2a: Toxapex|56/100 brn|[from] brn
|upkeep
|turn|158
|
|t:|1595621876
|switch|p1a: Corviknight|Corviknight, M|100/100
|-damage|p1a: Corviknight|88/100|[from] Stealth Rock
|-ability|p1a: Corviknight|Pressure
|move|p2a: Toxapex|Recover|p2a: Toxapex
|-heal|p2a: Toxapex|100/100 brn
|
|-damage|p2a: Toxapex|94/100 brn|[from] brn
|upkeep
|turn|159
|
|t:|1595621879
|switch|p1a: Sylveon|Sylveon, M|88/100
|-damage|p1a: Sylveon|76/100|[from] Stealth Rock
|switch|p2a: Clefable|Clefable, F|100/100 tox
|
|upkeep
|turn|160
|
|t:|1595621886
|switch|p2a: Toxapex|Toxapex, M|100/100 brn
|-damage|p2a: Toxapex|88/100 brn|[from] Stealth Rock
|move|p1a: Sylveon|Calm Mind|p1a: Sylveon
|-boost|p1a: Sylveon|spa|1
|-boost|p1a: Sylveon|spd|1
|
|-heal|p2a: Toxapex|94/100 brn|[from] item: Black Sludge
|-damage|p2a: Toxapex|88/100 brn|[from] brn
|upkeep
|turn|161
|
|t:|1595621888
|switch|p2a: Clefable|Clefable, F|100/100 tox
|move|p1a: Sylveon|Calm Mind|p1a: Sylveon
|-boost|p1a: Sylveon|spa|1
|-boost|p1a: Sylveon|spd|1
|
|upkeep
|turn|162
|
|t:|1595621892
|switch|p2a: Toxapex|Toxapex, M|100/100 brn
|-damage|p2a: Toxapex|88/100 brn|[from] Stealth Rock
|move|p1a: Sylveon|Calm Mind|p1a: Sylveon
|-boost|p1a: Sylveon|spa|1
|-boost|p1a: Sylveon|spd|1
|
|-heal|p2a: Toxapex|94/100 brn|[from] item: Black Sludge
|-damage|p2a: Toxapex|88/100 brn|[from] brn
|upkeep
|turn|163
|
|t:|1595621897
|move|p1a: Sylveon|Hyper Voice|p2a: Toxapex
|-resisted|p2a: Toxapex
|-damage|p2a: Toxapex|43/100 brn
|move|p2a: Toxapex|Haze|p2a: Toxapex
|-clearallboost
|
|-heal|p2a: Toxapex|50/100 brn|[from] item: Black Sludge
|-damage|p2a: Toxapex|43/100 brn|[from] brn
|upkeep
|turn|164
|
|t:|1595621900
|switch|p2a: Clefable|Clefable, F|100/100 tox
|move|p1a: Sylveon|Calm Mind|p1a: Sylveon
|-boost|p1a: Sylveon|spa|1
|-boost|p1a: Sylveon|spd|1
|
|upkeep
|turn|165
|
|t:|1595621903
|switch|p2a: Toxapex|Toxapex, M|76/100 brn
|-damage|p2a: Toxapex|64/100 brn|[from] Stealth Rock
|move|p1a: Sylveon|Calm Mind|p1a: Sylveon
|-boost|p1a: Sylveon|spa|1
|-boost|p1a: Sylveon|spd|1
|
|-heal|p2a: Toxapex|70/100 brn|[from] item: Black Sludge
|-damage|p2a: Toxapex|64/100 brn|[from] brn
|upkeep
|turn|166
|
|t:|1595621909
|switch|p1a: Corviknight|Corviknight, M|88/100
|-damage|p1a: Corviknight|75/100|[from] Stealth Rock
|-ability|p1a: Corviknight|Pressure
|move|p2a: Toxapex|Recover|p2a: Toxapex
|-heal|p2a: Toxapex|100/100 brn
|
|-damage|p2a: Toxapex|94/100 brn|[from] brn
|upkeep
|turn|167
|
|t:|1595621913
|switch|p1a: Sylveon|Sylveon, M|76/100
|-damage|p1a: Sylveon|63/100|[from] Stealth Rock
|switch|p2a: Clefable|Clefable, F|100/100 tox
|
|upkeep
|turn|168
|
|t:|1595621920
|switch|p2a: Toxapex|Toxapex, M|100/100 brn
|-damage|p2a: Toxapex|88/100 brn|[from] Stealth Rock
|move|p1a: Sylveon|Calm Mind|p1a: Sylveon
|-boost|p1a: Sylveon|spa|1
|-boost|p1a: Sylveon|spd|1
|
|-heal|p2a: Toxapex|94/100 brn|[from] item: Black Sludge
|-damage|p2a: Toxapex|88/100 brn|[from] brn
|upkeep
|turn|169
|
|t:|1595621931
|switch|p2a: Clefable|Clefable, F|100/100 tox
|move|p1a: Sylveon|Calm Mind|p1a: Sylveon
|-boost|p1a: Sylveon|spa|1
|-boost|p1a: Sylveon|spd|1
|
|upkeep
|turn|170
|
|t:|1595621935
|switch|p2a: Toxapex|Toxapex, M|100/100 brn
|-damage|p2a: Toxapex|88/100 brn|[from] Stealth Rock
|move|p1a: Sylveon|Calm Mind|p1a: Sylveon
|-boost|p1a: Sylveon|spa|1
|-boost|p1a: Sylveon|spd|1
|
|-heal|p2a: Toxapex|94/100 brn|[from] item: Black Sludge
|-damage|p2a: Toxapex|88/100 brn|[from] brn
|upkeep
|turn|171
|
|t:|1595621939
|move|p1a: Sylveon|Hyper Voice|p2a: Toxapex
|-resisted|p2a: Toxapex
|-damage|p2a: Toxapex|47/100 brn
|move|p2a: Toxapex|Haze|p2a: Toxapex
|-clearallboost
|
|-heal|p2a: Toxapex|53/100 brn|[from] item: Black Sludge
|-damage|p2a: Toxapex|47/100 brn|[from] brn
|upkeep
|turn|172
|
|t:|1595621948
|switch|p2a: Clefable|Clefable, F|100/100 tox
|move|p1a: Sylveon|Calm Mind|p1a: Sylveon
|-boost|p1a: Sylveon|spa|1
|-boost|p1a: Sylveon|spd|1
|
|upkeep
|turn|173
|
|t:|1595621950
|switch|p2a: Toxapex|Toxapex, M|80/100 brn
|-damage|p2a: Toxapex|67/100 brn|[from] Stealth Rock
|move|p1a: Sylveon|Calm Mind|p1a: Sylveon
|-boost|p1a: Sylveon|spa|1
|-boost|p1a: Sylveon|spd|1
|
|-heal|p2a: Toxapex|74/100 brn|[from] item: Black Sludge
|-damage|p2a: Toxapex|67/100 brn|[from] brn
|upkeep
|turn|174
|
|t:|1595621956
|move|p1a: Sylveon|Wish|p1a: Sylveon
|move|p2a: Toxapex|Haze|p2a: Toxapex
|-clearallboost
|
|-heal|p2a: Toxapex|74/100 brn|[from] item: Black Sludge
|-damage|p2a: Toxapex|67/100 brn|[from] brn
|upkeep
|turn|175
|
|t:|1595621969
|switch|p2a: Clefable|Clefable, F|100/100 tox
|move|p1a: Sylveon|Calm Mind|p1a: Sylveon
|-boost|p1a: Sylveon|spa|1
|-boost|p1a: Sylveon|spd|1
|
|-heal|p1a: Sylveon|100/100|[from] move: Wish|[wisher] Sylveon
|upkeep
|turn|176
|
|t:|1595621981
|switch|p2a: Toxapex|Toxapex, M|100/100 brn
|-damage|p2a: Toxapex|88/100 brn|[from] Stealth Rock
|move|p1a: Sylveon|Calm Mind|p1a: Sylveon
|-boost|p1a: Sylveon|spa|1
|-boost|p1a: Sylveon|spd|1
|
|-heal|p2a: Toxapex|94/100 brn|[from] item: Black Sludge
|-damage|p2a: Toxapex|88/100 brn|[from] brn
|upkeep
|turn|177
|l| WtfRay
|
|t:|1595621998
|switch|p1a: Corviknight|Corviknight, M|75/100
|-damage|p1a: Corviknight|63/100|[from] Stealth Rock
|-ability|p1a: Corviknight|Pressure
|move|p2a: Toxapex|Haze|p2a: Toxapex
|-clearallboost
|
|-heal|p2a: Toxapex|94/100 brn|[from] item: Black Sludge
|-damage|p2a: Toxapex|88/100 brn|[from] brn
|upkeep
|turn|178
|
|t:|1595622003
|switch|p1a: Umbreon|Umbreon, F|81/100 brn
|-damage|p1a: Umbreon|69/100 brn|[from] Stealth Rock
|switch|p2a: Clefable|Clefable, F|100/100 tox
|
|-heal|p1a: Umbreon|75/100 brn|[from] item: Leftovers
|-damage|p1a: Umbreon|69/100 brn|[from] brn
|upkeep
|turn|179
|
|t:|1595622006
|move|p1a: Umbreon|Heal Bell|p1a: Umbreon
|-activate|p1a: Umbreon|move: Heal Bell
|-curestatus|p1a: Umbreon|brn|[msg]
|move|p2a: Clefable|Moonblast|p1a: Umbreon
|-supereffective|p1a: Umbreon
|-damage|p1a: Umbreon|26/100
|
|-heal|p1a: Umbreon|32/100|[from] item: Leftovers
|upkeep
|turn|180
|l| Amaranthy
|j| croo
|
|t:|1595622020
|switch|p2a: Toxapex|Toxapex, M|100/100 brn
|-damage|p2a: Toxapex|88/100 brn|[from] Stealth Rock
|move|p1a: Umbreon|Protect||[still]
|-fail|p1a: Umbreon
|
|-heal|p1a: Umbreon|38/100|[from] item: Leftovers
|-heal|p2a: Toxapex|94/100 brn|[from] item: Black Sludge
|-damage|p2a: Toxapex|88/100 brn|[from] brn
|upkeep
|turn|181
|
|t:|1595622024
|switch|p2a: Clefable|Clefable, F|100/100 tox
|move|p1a: Umbreon|Protect||[still]
|-fail|p1a: Umbreon
|
|-heal|p1a: Umbreon|44/100|[from] item: Leftovers
|upkeep
|turn|182
|
|t:|1595622029
|switch|p1a: Toxapex|Toxapex, F|100/100
|-damage|p1a: Toxapex|88/100|[from] Stealth Rock
|move|p2a: Clefable|Moonblast|p1a: Toxapex
|-resisted|p1a: Toxapex
|-damage|p1a: Toxapex|75/100
|-unboost|p1a: Toxapex|spa|1
|
|upkeep
|turn|183
|l| croo
|
|t:|1595622032
|switch|p2a: Toxapex|Toxapex, M|100/100 brn
|-damage|p2a: Toxapex|88/100 brn|[from] Stealth Rock
|switch|p1a: Umbreon|Umbreon, F|44/100
|-damage|p1a: Umbreon|31/100|[from] Stealth Rock
|
|-heal|p1a: Umbreon|38/100|[from] item: Leftovers
|-heal|p2a: Toxapex|94/100 brn|[from] item: Black Sludge
|-damage|p2a: Toxapex|88/100 brn|[from] brn
|upkeep
|turn|184
|
|t:|1595622042
|switch|p2a: Clefable|Clefable, F|100/100 tox
|move|p1a: Umbreon|Wish|p1a: Umbreon
|
|-heal|p1a: Umbreon|44/100|[from] item: Leftovers
|upkeep
|turn|185
|
|t:|1595622049
|move|p1a: Umbreon|Protect|p1a: Umbreon
|-singleturn|p1a: Umbreon|Protect
|move|p2a: Clefable|Moonblast|p1a: Umbreon
|-activate|p1a: Umbreon|move: Protect
|
|-heal|p1a: Umbreon|94/100|[from] move: Wish|[wisher] Umbreon
|-heal|p1a: Umbreon|99/100|[from] item: Leftovers
|upkeep
|turn|186
|
|t:|1595622054
|switch|p1a: Toxapex|Toxapex, F|100/100
|-damage|p1a: Toxapex|88/100|[from] Stealth Rock
|move|p2a: Clefable|Knock Off|p1a: Toxapex
|-damage|p1a: Toxapex|82/100
|
|upkeep
|turn|187
|
|t:|1595622058
|switch|p2a: Toxapex|Toxapex, M|100/100 brn
|-damage|p2a: Toxapex|88/100 brn|[from] Stealth Rock
|switch|p1a: Umbreon|Umbreon, F|99/100
|-damage|p1a: Umbreon|87/100|[from] Stealth Rock
|
|-heal|p1a: Umbreon|93/100|[from] item: Leftovers
|-heal|p2a: Toxapex|94/100 brn|[from] item: Black Sludge
|-damage|p2a: Toxapex|88/100 brn|[from] brn
|upkeep
|turn|188
|l| Lanceybear
|
|t:|1595622063
|switch|p2a: Clefable|Clefable, F|100/100 tox
|move|p1a: Umbreon|Wish|p1a: Umbreon
|
|-heal|p1a: Umbreon|99/100|[from] item: Leftovers
|upkeep
|turn|189
|j| JevilBelowStory
|
|t:|1595622070
|switch|p1a: Cinderace|Cinderace, F|50/100
|-damage|p1a: Cinderace|25/100|[from] Stealth Rock
|move|p2a: Clefable|Knock Off|p1a: Cinderace
|-damage|p1a: Cinderace|10/100
|
|-heal|p1a: Cinderace|75/100|[from] move: Wish|[wisher] Umbreon
|upkeep
|turn|190
|
|t:|1595622074
|switch|p1a: Toxapex|Toxapex, F|100/100
|-damage|p1a: Toxapex|88/100|[from] Stealth Rock
|switch|p2a: Toxapex|Toxapex, M|100/100 brn
|-damage|p2a: Toxapex|88/100 brn|[from] Stealth Rock
|
|-heal|p2a: Toxapex|94/100 brn|[from] item: Black Sludge
|-damage|p2a: Toxapex|88/100 brn|[from] brn
|upkeep
|turn|191
|
|t:|1595622077
|switch|p1a: Sylveon|Sylveon, M|100/100
|-damage|p1a: Sylveon|88/100|[from] Stealth Rock
|switch|p2a: Clefable|Clefable, F|100/100 tox
|
|upkeep
|turn|192
|
|t:|1595622079
|switch|p2a: Toxapex|Toxapex, M|100/100 brn
|-damage|p2a: Toxapex|88/100 brn|[from] Stealth Rock
|move|p1a: Sylveon|Calm Mind|p1a: Sylveon
|-boost|p1a: Sylveon|spa|1
|-boost|p1a: Sylveon|spd|1
|
|-heal|p2a: Toxapex|94/100 brn|[from] item: Black Sludge
|-damage|p2a: Toxapex|88/100 brn|[from] brn
|upkeep
|turn|193
|
|t:|1595622087
|switch|p2a: Clefable|Clefable, F|100/100 tox
|move|p1a: Sylveon|Hyper Voice|p2a: Clefable
|-damage|p2a: Clefable|62/100 tox
|
|-heal|p2a: Clefable|68/100 tox|[from] item: Leftovers
|upkeep
|turn|194
|
|t:|1595622092
|move|p1a: Sylveon|Calm Mind|p1a: Sylveon
|-boost|p1a: Sylveon|spa|1
|-boost|p1a: Sylveon|spd|1
|move|p2a: Clefable|Soft-Boiled|p2a: Clefable
|-heal|p2a: Clefable|100/100 tox
|
|upkeep
|turn|195
|
|t:|1595622096
|switch|p2a: Toxapex|Toxapex, M|100/100 brn
|-damage|p2a: Toxapex|88/100 brn|[from] Stealth Rock
|move|p1a: Sylveon|Hyper Voice|p2a: Toxapex
|-resisted|p2a: Toxapex
|-damage|p2a: Toxapex|57/100 brn
|
|-heal|p2a: Toxapex|63/100 brn|[from] item: Black Sludge
|-damage|p2a: Toxapex|57/100 brn|[from] brn
|upkeep
|turn|196
|
|t:|1595622103
|switch|p1a: Corviknight|Corviknight, M|63/100
|-damage|p1a: Corviknight|50/100|[from] Stealth Rock
|-ability|p1a: Corviknight|Pressure
|move|p2a: Toxapex|Haze|p2a: Toxapex
|-clearallboost
|
|-heal|p2a: Toxapex|63/100 brn|[from] item: Black Sludge
|-damage|p2a: Toxapex|57/100 brn|[from] brn
|upkeep
|turn|197
|
|t:|1595622107
|switch|p2a: Clefable|Clefable, F|100/100 tox
|move|p1a: Corviknight|Roost|p1a: Corviknight
|-heal|p1a: Corviknight|100/100
|-singleturn|p1a: Corviknight|move: Roost
|
|upkeep
|turn|198
|
|t:|1595622114
|switch|p1a: Sylveon|Sylveon, M|88/100
|-damage|p1a: Sylveon|76/100|[from] Stealth Rock
|switch|p2a: Toxapex|Toxapex, M|90/100 brn
|-damage|p2a: Toxapex|77/100 brn|[from] Stealth Rock
|
|-heal|p2a: Toxapex|84/100 brn|[from] item: Black Sludge
|-damage|p2a: Toxapex|77/100 brn|[from] brn
|upkeep
|turn|199
|
|t:|1595622116
|switch|p2a: Clefable|Clefable, F|100/100 tox
|move|p1a: Sylveon|Calm Mind|p1a: Sylveon
|-boost|p1a: Sylveon|spa|1
|-boost|p1a: Sylveon|spd|1
|
|upkeep
|turn|200
|
|t:|1595622122
|switch|p2a: Toxapex|Toxapex, M|100/100 brn
|-damage|p2a: Toxapex|88/100 brn|[from] Stealth Rock
|move|p1a: Sylveon|Calm Mind|p1a: Sylveon
|-boost|p1a: Sylveon|spa|1
|-boost|p1a: Sylveon|spd|1
|
|-heal|p2a: Toxapex|94/100 brn|[from] item: Black Sludge
|-damage|p2a: Toxapex|88/100 brn|[from] brn
|upkeep
|turn|201
|
|t:|1595622129
|move|p1a: Sylveon|Hyper Voice|p2a: Toxapex
|-resisted|p2a: Toxapex
|-damage|p2a: Toxapex|53/100 brn
|move|p2a: Toxapex|Haze|p2a: Toxapex
|-clearallboost
|
|-heal|p2a: Toxapex|59/100 brn|[from] item: Black Sludge
|-damage|p2a: Toxapex|53/100 brn|[from] brn
|upkeep
|turn|202
|
|t:|1595622133
|switch|p2a: Clefable|Clefable, F|100/100 tox
|move|p1a: Sylveon|Calm Mind|p1a: Sylveon
|-boost|p1a: Sylveon|spa|1
|-boost|p1a: Sylveon|spd|1
|
|upkeep
|turn|203
|
|t:|1595622136
|switch|p2a: Toxapex|Toxapex, M|86/100 brn
|-damage|p2a: Toxapex|74/100 brn|[from] Stealth Rock
|move|p1a: Sylveon|Calm Mind|p1a: Sylveon
|-boost|p1a: Sylveon|spa|1
|-boost|p1a: Sylveon|spd|1
|
|-heal|p2a: Toxapex|80/100 brn|[from] item: Black Sludge
|-damage|p2a: Toxapex|74/100 brn|[from] brn
|upkeep
|turn|204
|
|t:|1595622139
|move|p1a: Sylveon|Hyper Voice|p2a: Toxapex
|-resisted|p2a: Toxapex
|-damage|p2a: Toxapex|40/100 brn
|move|p2a: Toxapex|Haze|p2a: Toxapex
|-clearallboost
|
|-heal|p2a: Toxapex|46/100 brn|[from] item: Black Sludge
|-damage|p2a: Toxapex|40/100 brn|[from] brn
|upkeep
|turn|205
PikachuZappyZap is offering a tie.
Lenape accepted the tie.
|
|tie
|c|☆PikachuZappyZap|gg
|c|☆PikachuZappyZap|think I mightve actually had a chance to win it lol
|c|☆Lenape|Staller f.g.et
|c|☆PikachuZappyZap|but idk
|c|☆PikachuZappyZap|LOL
|l|☆Lenape
|c|☆PikachuZappyZap|that's a win in my books
