|raw|<div class="broadcast-blue"><strong>This battle is required to be public due to a player having a name starting with 'LT74PF'.</div>
|j|☆isheavydead
|j|☆LT74PF DeeJ
|t:|1599322028
|player|p1|isheavydead|101|1827
|player|p2|LT74PF DeeJ|nate|1801
|teamsize|p1|6
|teamsize|p2|6
|gametype|singles
|gen|8
|tier|[Gen 8] OU
|rated|
|clearpoke
|poke|p1|Haxorus, M|
|poke|p1|Volcarona, M|
|poke|p1|Ninetales-Alola, F|
|poke|p1|Excadrill, M|
|poke|p1|Urshifu-*, F|
|poke|p1|Azumarill, M|
|poke|p2|Necrozma|
|poke|p2|Zeraora|
|poke|p2|Tangrowth, M|
|poke|p2|Azumarill, F|
|poke|p2|Haxorus, M|
|poke|p2|Scizor, M|
|rule|Sleep Clause Mod: Limit one foe put to sleep
|rule|Species Clause: Limit one of each Pokémon
|rule|OHKO Clause: OHKO moves are banned
|rule|Evasion Moves Clause: Evasion moves are banned
|rule|Endless Battle Clause: Forcing endless battles is banned
|rule|HP Percentage Mod: HP is shown in percentages
|rule|Dynamax Clause: You cannot dynamax
|teampreview
|inactive|Battle timer is ON: inactive players will automatically lose when time's up. (requested by isheavydead)
|
|t:|1599322069
|start
|switch|p1a: Excadrill|Excadrill, M, shiny|100/100
|switch|p2a: Scizor|Scizor, M|100/100
|-ability|p1a: Excadrill|Mold Breaker
|turn|1
|
|t:|1599322093
|move|p1a: Excadrill|Earthquake|p2a: Scizor
|-damage|p2a: Scizor|32/100
|move|p2a: Scizor|U-turn|p1a: Excadrill
|-resisted|p1a: Excadrill
|-damage|p1a: Excadrill|56/100
|inactive|LT74PF DeeJ has 120 seconds left.
|
|t:|1599322109
|switch|p2a: HOT|Haxorus, M|100/100|[from]move: U-turn
|-ability|p2a: HOT|Mold Breaker
|
|upkeep
|turn|2
|
|t:|1599322117
|move|p2a: HOT|Close Combat|p1a: Excadrill
|-supereffective|p1a: Excadrill
|-damage|p1a: Excadrill|0 fnt
|-unboost|p2a: HOT|def|1
|-unboost|p2a: HOT|spd|1
|-damage|p2a: HOT|91/100|[from] item: Life Orb
|faint|p1a: Excadrill
|
|upkeep
|
|t:|1599322127
|switch|p1a: Ninetales|Ninetales-Alola, F, shiny|100/100
|-weather|Hail|[from] ability: Snow Warning|[of] p1a: Ninetales
|turn|3
|inactive|LT74PF DeeJ has 120 seconds left.
|
|t:|1599322153
|switch|p2a: GARDA|Necrozma|100/100
|move|p1a: Ninetales|Moonblast|p2a: GARDA
|-damage|p2a: GARDA|68/100
|-unboost|p2a: GARDA|spa|1
|
|-weather|Hail|[upkeep]
|-damage|p2a: GARDA|62/100|[from] Hail
|upkeep
|turn|4
|inactive|LT74PF DeeJ has 120 seconds left.
|
|t:|1599322167
|move|p1a: Ninetales|Aurora Veil|p1a: Ninetales
|-sidestart|p1: isheavydead|move: Aurora Veil
|move|p2a: GARDA|Stealth Rock|p1a: Ninetales
|-sidestart|p1: isheavydead|move: Stealth Rock
|
|-weather|Hail|[upkeep]
|-damage|p2a: GARDA|56/100|[from] Hail
|upkeep
|turn|5
|inactive|LT74PF DeeJ has 120 seconds left.
|
|t:|1599322176
|switch|p2a: Scizor|Scizor, M|32/100
|move|p1a: Ninetales|Encore||[still]
|-fail|p1a: Ninetales
|
|-weather|Hail|[upkeep]
|-damage|p2a: Scizor|26/100|[from] Hail
|upkeep
|turn|6
|
|t:|1599322184
|switch|p1a: Volcarona|Volcarona, M|100/100
|move|p2a: Scizor|Bullet Punch|p1a: Volcarona
|-resisted|p1a: Volcarona
|-damage|p1a: Volcarona|84/100
|
|-weather|Hail|[upkeep]
|-damage|p1a: Volcarona|78/100|[from] Hail
|-damage|p2a: Scizor|20/100|[from] Hail
|upkeep
|turn|7
|j| zzs is my goddess
|
|t:|1599322212
|switch|p2a: Riahisama|Azumarill, F|100/100
|move|p1a: Volcarona|Bug Buzz|p2a: Riahisama
|-resisted|p2a: Riahisama
|-damage|p2a: Riahisama|85/100
|
|-weather|none
|upkeep
|turn|8
|
|t:|1599322226
|move|p1a: Volcarona|Psychic|p2a: Riahisama
|-crit|p2a: Riahisama
|-damage|p2a: Riahisama|54/100
|move|p2a: Riahisama|Waterfall|p1a: Volcarona
|-supereffective|p1a: Volcarona
|-damage|p1a: Volcarona|17/100
|-status|p2a: Riahisama|brn|[from] ability: Flame Body|[of] p1a: Volcarona
|
|-damage|p2a: Riahisama|48/100 brn|[from] brn
|upkeep
|turn|9
|
|t:|1599322240
|switch|p1a: Haxorus|Haxorus, M, shiny|100/100
|-damage|p1a: Haxorus|88/100|[from] Stealth Rock
|-ability|p1a: Haxorus|Mold Breaker
|move|p2a: Riahisama|Waterfall|p1a: Haxorus
|-resisted|p1a: Haxorus
|-damage|p1a: Haxorus|80/100
|
|-damage|p2a: Riahisama|42/100 brn|[from] brn
|upkeep
|turn|10
|
|t:|1599322253
|move|p1a: Haxorus|Poison Jab|p2a: Riahisama
|-supereffective|p2a: Riahisama
|-damage|p2a: Riahisama|0 fnt
|faint|p2a: Riahisama
|
|upkeep
|
|t:|1599322264
|switch|p2a: Tangrowth|Tangrowth, M|100/100
|turn|11
|
|t:|1599322276
|move|p1a: Haxorus|Swords Dance|p1a: Haxorus
|-boost|p1a: Haxorus|atk|2
|move|p2a: Tangrowth|Sleep Powder|p1a: Haxorus
|-status|p1a: Haxorus|slp|[from] move: Sleep Powder
|-enditem|p1a: Haxorus|Lum Berry|[eat]
|-curestatus|p1a: Haxorus|slp|[msg]
|
|-sideend|p1: isheavydead|move: Aurora Veil
|upkeep
|turn|12
|l| zzs is my goddess
|
|t:|1599322285
|move|p1a: Haxorus|Poison Jab|p2a: Tangrowth
|-supereffective|p2a: Tangrowth
|-damage|p2a: Tangrowth|37/100
|-damage|p1a: Haxorus|64/100|[from] item: Rocky Helmet|[of] p2a: Tangrowth
|move|p2a: Tangrowth|Sleep Powder|p1a: Haxorus
|-status|p1a: Haxorus|slp|[from] move: Sleep Powder
|
|upkeep
|turn|13
|inactive|LT74PF DeeJ has 120 seconds left.
|
|t:|1599322308
|switch|p2a: GARDA|Necrozma|56/100
|cant|p1a: Haxorus|slp
|
|upkeep
|turn|14
|
|t:|1599322314
|cant|p1a: Haxorus|slp
|move|p2a: GARDA|Meteor Beam||[still]
|-prepare|p2a: GARDA|Meteor Beam
|-boost|p2a: GARDA|spa|1
|-enditem|p2a: GARDA|Power Herb
|-anim|p2a: GARDA|Meteor Beam|p1a: Haxorus
|-damage|p1a: Haxorus|0 fnt
|faint|p1a: Haxorus
|
|upkeep
|
|t:|1599322317
|switch|p1a: Urshifu|Urshifu, F|100/100
|-damage|p1a: Urshifu|94/100|[from] Stealth Rock
|turn|15
|
|t:|1599322326
|move|p1a: Urshifu|Wicked Blow|p2a: GARDA
|-supereffective|p2a: GARDA
|-crit|p2a: GARDA
|-damage|p2a: GARDA|0 fnt
|faint|p2a: GARDA
|
|upkeep
|
|t:|1599322342
|switch|p2a: Zeraora|Zeraora, shiny|100/100
|turn|16
|
|t:|1599322363
|switch|p1a: Volcarona|Volcarona, M|17/100
|move|p2a: Zeraora|Volt Switch|p1a: Volcarona
|-damage|p1a: Volcarona|0 fnt
|faint|p1a: Volcarona
|
|t:|1599322371
|switch|p2a: Scizor|Scizor, M|20/100|[from]move: Volt Switch
|
|upkeep
|j| zzs is my goddess
|inactive|isheavydead has 120 seconds left.
|
|t:|1599322394
|switch|p1a: Azumarill|Azumarill, M|100/100
|-damage|p1a: Azumarill|88/100|[from] Stealth Rock
|turn|17
|inactive|LT74PF DeeJ has 120 seconds left.
|
|t:|1599322440
|move|p2a: Scizor|Bullet Punch|p1a: Azumarill
|-crit|p1a: Azumarill
|-damage|p1a: Azumarill|0 fnt
|faint|p1a: Azumarill
|
|upkeep
|
|t:|1599322446
|switch|p1a: Urshifu|Urshifu, F|94/100
|-damage|p1a: Urshifu|88/100|[from] Stealth Rock
|turn|18
|
|t:|1599322455
|switch|p2a: Tangrowth|Tangrowth, M|70/100
|move|p1a: Urshifu|Sucker Punch||[still]
|-fail|p1a: Urshifu
|
|upkeep
|turn|19
|inactive|LT74PF DeeJ has 120 seconds left.
|
|t:|1599322460
|switch|p1a: Ninetales|Ninetales-Alola, F, shiny|100/100
|-damage|p1a: Ninetales|76/100|[from] Stealth Rock
|-weather|Hail|[from] ability: Snow Warning|[of] p1a: Ninetales
|switch|p2a: Scizor|Scizor, M|20/100
|
|-weather|Hail|[upkeep]
|-damage|p2a: Scizor|14/100|[from] Hail
|upkeep
|turn|20
|
|t:|1599322463
|move|p2a: Scizor|Bullet Punch|p1a: Ninetales
|-supereffective|p1a: Ninetales
|-damage|p1a: Ninetales|0 fnt
|faint|p1a: Ninetales
|
|-weather|Hail|[upkeep]
|-damage|p2a: Scizor|8/100|[from] Hail
|upkeep
|
|t:|1599322465
|switch|p1a: Urshifu|Urshifu, F|88/100
|-damage|p1a: Urshifu|82/100|[from] Stealth Rock
|turn|21
|
|t:|1599322469
|move|p1a: Urshifu|Sucker Punch|p2a: Scizor
|-damage|p2a: Scizor|0 fnt
|faint|p2a: Scizor
|
|-weather|Hail|[upkeep]
|-damage|p1a: Urshifu|76/100|[from] Hail
|upkeep
|
|t:|1599322473
|switch|p2a: Tangrowth|Tangrowth, M|100/100
|turn|22
|
|t:|1599322475
|move|p1a: Urshifu|Bulk Up|p1a: Urshifu
|-boost|p1a: Urshifu|atk|1
|-boost|p1a: Urshifu|def|1
|move|p2a: Tangrowth|Giga Drain|p1a: Urshifu
|-damage|p1a: Urshifu|31/100
|
|-weather|Hail|[upkeep]
|-damage|p1a: Urshifu|25/100|[from] Hail
|-damage|p2a: Tangrowth|94/100|[from] Hail
|upkeep
|turn|23
|
|t:|1599322483
|move|p1a: Urshifu|Drain Punch|p2a: Tangrowth
|-damage|p2a: Tangrowth|62/100
|-heal|p1a: Urshifu|44/100|[from] drain|[of] p2a: Tangrowth
|-damage|p1a: Urshifu|27/100|[from] item: Rocky Helmet|[of] p2a: Tangrowth
|move|p2a: Tangrowth|Giga Drain|p1a: Urshifu
|-damage|p1a: Urshifu|0 fnt
|-heal|p2a: Tangrowth|74/100|[from] drain|[of] p1a: Urshifu
|faint|p1a: Urshifu
|
|win|LT74PF DeeJ
|raw|isheavydead's rating: 1848 &rarr; <strong>1825</strong><br />(-23 for losing)
|raw|LT74PF DeeJ's rating: 1801 &rarr; <strong>1823</strong><br />(+22 for winning)
|l|☆isheavydead
