|j|☆georgiethefirst
|j|☆SkipTheDripBayless
|t:|1662232319
|gametype|singles
|player|p1|georgiethefirst|hiker-gen2|
|player|p2|SkipTheDripBayless|#roaladder|
|teamsize|p1|6
|teamsize|p2|6
|gen|8
|tier|[Gen 8] OU
|rule|Sleep Clause Mod: Limit one foe put to sleep
|rule|Species Clause: Limit one of each Pokémon
|rule|OHKO Clause: OHKO moves are banned
|rule|Evasion Items Clause: Evasion items are banned
|rule|Evasion Moves Clause: Evasion moves are banned
|rule|Endless Battle Clause: Forcing endless battles is banned
|rule|HP Percentage Mod: HP is shown in percentages
|rule|Dynamax Clause: You cannot dynamax
|clearpoke
|poke|p1|Suicune|
|poke|p1|Tyranitar, M|
|poke|p1|Excadrill, M|
|poke|p1|Zapdos|
|poke|p1|Rillaboom, M|
|poke|p1|Ferrothorn, M|
|poke|p2|Tapu Koko|
|poke|p2|Dragapult, M|
|poke|p2|Suicune|
|poke|p2|Cresselia, F|
|poke|p2|Volcarona, F|
|poke|p2|Heatran, M|
|teampreview
|c|☆SkipTheDripBayless|i made the neccesary changes
|c|☆SkipTheDripBayless|to win
|c|☆georgiethefirst|you the sets on this one too
|c|☆georgiethefirst|so if you lose
|c|☆SkipTheDripBayless|!showteam
|c| SkipTheDripBayless|/raw <div class="infobox"><details><summary>View team</summary>Tapu Koko @ Shuca Berry  <br />Ability: Electric Surge  <br />EVs: 4 Def &#x2f; 252 SpA &#x2f; 252 Spe  <br />Timid Nature  <br />IVs: 0 Atk  <br />- Dazzling Gleam  <br />- Calm Mind  <br />- Roost  <br />- Thunderbolt  <br /><br />Dragapult @ Light Clay  <br />Ability: Cursed Body  <br />Shiny: Yes  <br />EVs: 252 HP &#x2f; 4 SpD &#x2f; 252 Spe  <br />Jolly Nature  <br />- Reflect  <br />- Light Screen  <br />- U-turn  <br />- Thunder Wave  <br /><br />Suicune @ Leftovers  <br />Ability: Pressure  <br />EVs: 252 HP &#x2f; 24 Def &#x2f; 40 SpD &#x2f; 192 Spe  <br />Bold Nature  <br />IVs: 0 Atk  <br />- Scald  <br />- Substitute  <br />- Calm Mind  <br />- Protect  <br /><br />Cresselia (F) @ Choice Scarf  <br />Ability: Levitate  <br />Shiny: Yes  <br />EVs: 252 HP &#x2f; 148 Def &#x2f; 108 Spe  <br />Bold Nature  <br />IVs: 0 Atk  <br />- Lunar Dance  <br />- Ice Beam  <br />- Moonlight  <br />- Trick  <br /><br />Volcarona @ Heavy-Duty Boots  <br />Ability: Swarm  <br />Shiny: Yes  <br />EVs: 252 SpA &#x2f; 4 SpD &#x2f; 252 Spe  <br />Timid Nature  <br />IVs: 0 Atk  <br />- Substitute  <br />- Quiver Dance  <br />- Bug Buzz  <br />- Flamethrower  <br /><br />Heatran @ Air Balloon  <br />Ability: Flame Body  <br />Shiny: Yes  <br />EVs: 252 HP &#x2f; 4 Def &#x2f; 252 Spe  <br />Timid Nature  <br />IVs: 0 Atk  <br />- Stealth Rock  <br />- Will-O-Wisp  <br />- Earth Power  <br />- Magma Storm  <br /><br /></details></div>
|c|☆georgiethefirst|idk what to say
|c|☆SkipTheDripBayless|hush
|c|☆SkipTheDripBayless|im still figuring out
|c|☆SkipTheDripBayless|how to lead
|c|☆SkipTheDripBayless|wit this team team
|j| sufys12
|j| Kaynein
|
|t:|1662232363
|start
|switch|p1a: Suicune|Suicune|100/100
|switch|p2a: Dragapult|Dragapult, M, shiny|100/100
|-ability|p1a: Suicune|Pressure
|turn|1
|j| amsTan
|c|☆georgiethefirst|you got screens pult
|
|t:|1662232369
|move|p2a: Dragapult|Reflect|p2a: Dragapult
|-sidestart|p2: SkipTheDripBayless|Reflect
|move|p1a: Suicune|Calm Mind|p1a: Suicune
|-boost|p1a: Suicune|spa|1
|-boost|p1a: Suicune|spd|1
|
|upkeep
|turn|2
|
|t:|1662232371
|move|p2a: Dragapult|Light Screen|p2a: Dragapult
|-sidestart|p2: SkipTheDripBayless|move: Light Screen
|move|p1a: Suicune|Calm Mind|p1a: Suicune
|-boost|p1a: Suicune|spa|1
|-boost|p1a: Suicune|spd|1
|
|upkeep
|turn|3
|
|t:|1662232373
|move|p2a: Dragapult|U-turn|p1a: Suicune
|-crit|p1a: Suicune
|-damage|p1a: Suicune|85/100
|-damage|p2a: Dragapult|84/100|[from] item: Rocky Helmet|[of] p1a: Suicune
|c|☆SkipTheDripBayless|forgot ur helmet
|c|☆SkipTheDripBayless|lol
|
|t:|1662232383
|switch|p2a: Tapu Koko|Tapu Koko|100/100|[from]move: U-turn
|-fieldstart|move: Electric Terrain|[from] ability: Electric Surge|[of] p2a: Tapu Koko
|move|p1a: Suicune|Calm Mind|p1a: Suicune
|-boost|p1a: Suicune|spa|1
|-boost|p1a: Suicune|spd|1
|
|upkeep
|turn|4
|
|t:|1662232385
|move|p2a: Tapu Koko|Dazzling Gleam|p1a: Suicune
|-damage|p1a: Suicune|75/100
|move|p1a: Suicune|Scald|p2a: Tapu Koko
|-damage|p2a: Tapu Koko|56/100
|-status|p2a: Tapu Koko|brn
|
|-damage|p2a: Tapu Koko|50/100 brn|[from] brn
|upkeep
|turn|5
|l| amsTan
|c|☆SkipTheDripBayless|mislcikc
|c|☆SkipTheDripBayless|lol
|
|t:|1662232391
|move|p2a: Tapu Koko|Calm Mind|p2a: Tapu Koko
|-boost|p2a: Tapu Koko|spa|1
|-boost|p2a: Tapu Koko|spd|1
|move|p1a: Suicune|Scald|p2a: Tapu Koko
|-damage|p2a: Tapu Koko|18/100 brn
|
|-damage|p2a: Tapu Koko|12/100 brn|[from] brn
|upkeep
|turn|6
|c| sufys12|why does he even have screens pult on this
|
|t:|1662232394
|move|p2a: Tapu Koko|Roost|p2a: Tapu Koko
|-heal|p2a: Tapu Koko|62/100 brn
|-singleturn|p2a: Tapu Koko|move: Roost
|move|p1a: Suicune|Scald|p2a: Tapu Koko
|-damage|p2a: Tapu Koko|31/100 brn
|
|-damage|p2a: Tapu Koko|25/100 brn|[from] brn
|upkeep
|turn|7
|
|t:|1662232398
|move|p2a: Tapu Koko|Calm Mind|p2a: Tapu Koko
|-boost|p2a: Tapu Koko|spa|1
|-boost|p2a: Tapu Koko|spd|1
|move|p1a: Suicune|Scald|p2a: Tapu Koko
|-damage|p2a: Tapu Koko|0 fnt
|faint|p2a: Tapu Koko
|
|-fieldend|move: Electric Terrain
|upkeep
|c| Kaynein|balance with screens
|c|☆SkipTheDripBayless|ur so lucky
|c|☆SkipTheDripBayless|i miclikced
|c|☆georgiethefirst|how
|c|☆georgiethefirst|lol
|c|☆SkipTheDripBayless|fucking gleam
|
|t:|1662232411
|switch|p2a: Suicune|Suicune|100/100
|-ability|p2a: Suicune|Pressure
|turn|8
|
|t:|1662232415
|move|p2a: Suicune|Substitute|p2a: Suicune
|-start|p2a: Suicune|Substitute
|-damage|p2a: Suicune|75/100
|move|p1a: Suicune|Calm Mind|p1a: Suicune
|-boost|p1a: Suicune|spa|1
|-boost|p1a: Suicune|spd|1
|
|-heal|p2a: Suicune|82/100|[from] item: Leftovers
|-sideend|p2: SkipTheDripBayless|Reflect
|upkeep
|turn|9
|
|t:|1662232418
|move|p2a: Suicune|Scald|p1a: Suicune
|-resisted|p1a: Suicune
|-damage|p1a: Suicune|72/100
|move|p1a: Suicune|Calm Mind|p1a: Suicune
|-boost|p1a: Suicune|spa|1
|-boost|p1a: Suicune|spd|1
|
|-heal|p2a: Suicune|88/100|[from] item: Leftovers
|-sideend|p2: SkipTheDripBayless|move: Light Screen
|upkeep
|turn|10
|
|t:|1662232420
|move|p2a: Suicune|Calm Mind|p2a: Suicune
|-boost|p2a: Suicune|spa|1
|-boost|p2a: Suicune|spd|1
|move|p1a: Suicune|Calm Mind|p1a: Suicune
|-boost|p1a: Suicune|spa|1
|-boost|p1a: Suicune|spd|1
|
|-heal|p2a: Suicune|94/100|[from] item: Leftovers
|upkeep
|turn|11
|
|t:|1662232423
|move|p2a: Suicune|Calm Mind|p2a: Suicune
|-boost|p2a: Suicune|spa|1
|-boost|p2a: Suicune|spd|1
|move|p1a: Suicune|Rest|p1a: Suicune
|-status|p1a: Suicune|slp|[from] move: Rest
|-heal|p1a: Suicune|100/100 slp|[silent]
|
|-heal|p2a: Suicune|99/100|[from] item: Leftovers
|upkeep
|turn|12
|j| RedDiamond1024
|
|t:|1662232425
|move|p2a: Suicune|Calm Mind|p2a: Suicune
|-boost|p2a: Suicune|spa|1
|-boost|p2a: Suicune|spd|1
|cant|p1a: Suicune|slp
|
|-heal|p2a: Suicune|100/100|[from] item: Leftovers
|upkeep
|turn|13
|
|t:|1662232427
|move|p2a: Suicune|Calm Mind|p2a: Suicune
|-boost|p2a: Suicune|spa|1
|-boost|p2a: Suicune|spd|1
|cant|p1a: Suicune|slp
|
|upkeep
|turn|14
|c|☆georgiethefirst|saying this in advance
|c|☆georgiethefirst|if you crit
|c|☆SkipTheDripBayless|this beats
|c|☆SkipTheDripBayless|ur cune
|c|☆georgiethefirst|you're super bad
|c|☆SkipTheDripBayless|btw
|c|☆SkipTheDripBayless|cayse
|c|☆georgiethefirst|no it don't
|
|t:|1662232442
|move|p2a: Suicune|Calm Mind|p2a: Suicune
|-boost|p2a: Suicune|spa|1
|-boost|p2a: Suicune|spd|1
|-curestatus|p1a: Suicune|slp|[msg]
|move|p1a: Suicune|Scald|p2a: Suicune
|-resisted|p2a: Suicune
|-activate|p2a: Suicune|move: Substitute|[damage]
|
|upkeep
|turn|15
|c|☆SkipTheDripBayless|it does
|c|☆SkipTheDripBayless|wtach
|c|☆SkipTheDripBayless|lol
|
|t:|1662232448
|move|p2a: Suicune|Calm Mind|p2a: Suicune
|-boost|p2a: Suicune|spa|1
|-boost|p2a: Suicune|spd|1
|move|p1a: Suicune|Scald|p2a: Suicune
|-resisted|p2a: Suicune
|-activate|p2a: Suicune|move: Substitute|[damage]
|
|upkeep
|turn|16
|
|t:|1662232451
|move|p2a: Suicune|Calm Mind|p2a: Suicune
|-boost|p2a: Suicune|spa|0
|-boost|p2a: Suicune|spd|0
|move|p1a: Suicune|Sleep Talk||[still]
|-fail|p1a: Suicune
|
|upkeep
|turn|17
|
|t:|1662232458
|move|p2a: Suicune|Protect|p2a: Suicune
|-singleturn|p2a: Suicune|Protect
|move|p1a: Suicune|Sleep Talk||[still]
|-fail|p1a: Suicune
|
|upkeep
|turn|18
|
|t:|1662232462
|move|p2a: Suicune|Protect||[still]
|-fail|p2a: Suicune
|move|p1a: Suicune|Sleep Talk||[still]
|-fail|p1a: Suicune
|
|upkeep
|turn|19
|c| Kaynein|its ok rilal comes in and booms it
|
|t:|1662232464
|move|p2a: Suicune|Protect|p2a: Suicune
|-singleturn|p2a: Suicune|Protect
|move|p1a: Suicune|Sleep Talk||[still]
|-fail|p1a: Suicune
|
|upkeep
|turn|20
|
|t:|1662232466
|move|p2a: Suicune|Protect||[still]
|-fail|p2a: Suicune
|move|p1a: Suicune|Sleep Talk||[still]
|-fail|p1a: Suicune
|
|upkeep
|turn|21
|
|t:|1662232469
|move|p2a: Suicune|Protect|p2a: Suicune
|-singleturn|p2a: Suicune|Protect
|move|p1a: Suicune|Sleep Talk||[still]
|-fail|p1a: Suicune
|
|upkeep
|turn|22
|
|t:|1662232472
|move|p2a: Suicune|Protect||[still]
|-fail|p2a: Suicune
|move|p1a: Suicune|Sleep Talk||[still]
|-fail|p1a: Suicune
|
|upkeep
|turn|23
|
|t:|1662232474
|move|p2a: Suicune|Protect|p2a: Suicune
|-singleturn|p2a: Suicune|Protect
|move|p1a: Suicune|Sleep Talk||[still]
|-fail|p1a: Suicune
|
|upkeep
|turn|24
|
|t:|1662232477
|move|p2a: Suicune|Protect||[still]
|-fail|p2a: Suicune
|move|p1a: Suicune|Sleep Talk||[still]
|-fail|p1a: Suicune
|
|upkeep
|turn|25
|
|t:|1662232480
|move|p2a: Suicune|Protect|p2a: Suicune
|-singleturn|p2a: Suicune|Protect
|move|p1a: Suicune|Sleep Talk||[still]
|-fail|p1a: Suicune
|
|upkeep
|turn|26
|
|t:|1662232482
|move|p2a: Suicune|Protect|p2a: Suicune
|-singleturn|p2a: Suicune|Protect
|move|p1a: Suicune|Sleep Talk||[still]
|-fail|p1a: Suicune
|
|upkeep
|turn|27
|c| Kaynein|oh he shiesty
|
|t:|1662232484
|move|p2a: Suicune|Protect|p2a: Suicune
|-singleturn|p2a: Suicune|Protect
|move|p1a: Suicune|Sleep Talk||[still]
|-fail|p1a: Suicune
|
|upkeep
|turn|28
|
|t:|1662232487
|move|p2a: Suicune|Protect||[still]
|-fail|p2a: Suicune
|move|p1a: Suicune|Sleep Talk||[still]
|-fail|p1a: Suicune
|
|upkeep
|turn|29
|
|t:|1662232489
|move|p2a: Suicune|Protect|p2a: Suicune
|-singleturn|p2a: Suicune|Protect
|move|p1a: Suicune|Sleep Talk||[still]
|-fail|p1a: Suicune
|
|upkeep
|turn|30
|
|t:|1662232491
|move|p2a: Suicune|Protect||[still]
|-fail|p2a: Suicune
|move|p1a: Suicune|Sleep Talk||[still]
|-fail|p1a: Suicune
|
|upkeep
|turn|31
|
|t:|1662232493
|move|p2a: Suicune|Protect|p2a: Suicune
|-singleturn|p2a: Suicune|Protect
|move|p1a: Suicune|Sleep Talk||[still]
|-fail|p1a: Suicune
|
|upkeep
|turn|32
|
|t:|1662232500
|move|p2a: Suicune|Calm Mind|p2a: Suicune
|-boost|p2a: Suicune|spa|0
|-boost|p2a: Suicune|spd|0
|move|p1a: Suicune|Calm Mind|p1a: Suicune
|-boost|p1a: Suicune|spa|0
|-boost|p1a: Suicune|spd|0
|
|upkeep
|turn|33
|c|☆georgiethefirst|ok maybe it does
|
|t:|1662232506
|move|p2a: Suicune|Calm Mind|p2a: Suicune
|-boost|p2a: Suicune|spa|0
|-boost|p2a: Suicune|spd|0
|move|p1a: Suicune|Calm Mind|p1a: Suicune
|-boost|p1a: Suicune|spa|0
|-boost|p1a: Suicune|spd|0
|
|upkeep
|turn|34
|c|☆SkipTheDripBayless|lol
|c|☆SkipTheDripBayless|LOLO
|
|t:|1662232510
|move|p2a: Suicune|Calm Mind|p2a: Suicune
|-boost|p2a: Suicune|spa|0
|-boost|p2a: Suicune|spd|0
|move|p1a: Suicune|Calm Mind|p1a: Suicune
|-boost|p1a: Suicune|spa|0
|-boost|p1a: Suicune|spd|0
|
|upkeep
|turn|35
|
|t:|1662232513
|move|p2a: Suicune|Calm Mind|p2a: Suicune
|-boost|p2a: Suicune|spa|0
|-boost|p2a: Suicune|spd|0
|move|p1a: Suicune|Calm Mind|p1a: Suicune
|-boost|p1a: Suicune|spa|0
|-boost|p1a: Suicune|spd|0
|
|upkeep
|turn|36
|
|t:|1662232521
|move|p2a: Suicune|Calm Mind|p2a: Suicune
|-boost|p2a: Suicune|spa|0
|-boost|p2a: Suicune|spd|0
|move|p1a: Suicune|Calm Mind|p1a: Suicune
|-boost|p1a: Suicune|spa|0
|-boost|p1a: Suicune|spd|0
|
|upkeep
|turn|37
|c|☆georgiethefirst|nah I win
|
|t:|1662232526
|move|p2a: Suicune|Calm Mind|p2a: Suicune
|-boost|p2a: Suicune|spa|0
|-boost|p2a: Suicune|spd|0
|move|p1a: Suicune|Calm Mind|p1a: Suicune
|-boost|p1a: Suicune|spa|0
|-boost|p1a: Suicune|spd|0
|
|upkeep
|turn|38
|c|☆SkipTheDripBayless|i have screens
|c|☆SkipTheDripBayless|pult
|c|☆SkipTheDripBayless|because
|c|☆SkipTheDripBayless|its cool
|
|t:|1662232537
|move|p2a: Suicune|Calm Mind|p2a: Suicune
|-boost|p2a: Suicune|spa|0
|-boost|p2a: Suicune|spd|0
|move|p1a: Suicune|Calm Mind|p1a: Suicune
|-boost|p1a: Suicune|spa|0
|-boost|p1a: Suicune|spd|0
|
|upkeep
|turn|39
|c| sufys12|SkipTheDripBayless remove it
|c|☆SkipTheDripBayless|why
|c|☆SkipTheDripBayless|tho
|c| sufys12|it's shit.
|c|☆SkipTheDripBayless|i get fast screens
|c|☆SkipTheDripBayless|and uturn
|c|☆SkipTheDripBayless|and twave
|
|t:|1662232559
|move|p2a: Suicune|Calm Mind|p2a: Suicune
|-boost|p2a: Suicune|spa|0
|-boost|p2a: Suicune|spd|0
|move|p1a: Suicune|Calm Mind|p1a: Suicune
|-boost|p1a: Suicune|spa|0
|-boost|p1a: Suicune|spd|0
|
|upkeep
|turn|40
|
|t:|1662232563
|move|p2a: Suicune|Calm Mind|p2a: Suicune
|-boost|p2a: Suicune|spa|0
|-boost|p2a: Suicune|spd|0
|move|p1a: Suicune|Calm Mind|p1a: Suicune
|-boost|p1a: Suicune|spa|0
|-boost|p1a: Suicune|spd|0
|
|upkeep
|turn|41
|
|t:|1662232567
|move|p2a: Suicune|Calm Mind|p2a: Suicune
|-boost|p2a: Suicune|spa|0
|-boost|p2a: Suicune|spd|0
|move|p1a: Suicune|Calm Mind|p1a: Suicune
|-boost|p1a: Suicune|spa|0
|-boost|p1a: Suicune|spd|0
|
|upkeep
|turn|42
|c| sufys12|SkipTheDripBayless eleki does the same shit
|c|☆SkipTheDripBayless|eleki is shit tho
|c|☆SkipTheDripBayless|lol
|
|t:|1662232578
|move|p2a: Suicune|Calm Mind|p2a: Suicune
|-boost|p2a: Suicune|spa|0
|-boost|p2a: Suicune|spd|0
|move|p1a: Suicune|Calm Mind|p1a: Suicune
|-boost|p1a: Suicune|spa|0
|-boost|p1a: Suicune|spd|0
|
|upkeep
|turn|43
|
|t:|1662232581
|move|p2a: Suicune|Calm Mind|p2a: Suicune
|-boost|p2a: Suicune|spa|0
|-boost|p2a: Suicune|spd|0
|move|p1a: Suicune|Calm Mind|p1a: Suicune
|-boost|p1a: Suicune|spa|0
|-boost|p1a: Suicune|spd|0
|
|upkeep
|turn|44
|
|t:|1662232583
|move|p2a: Suicune|Calm Mind|p2a: Suicune
|-boost|p2a: Suicune|spa|0
|-boost|p2a: Suicune|spd|0
|move|p1a: Suicune|Calm Mind|p1a: Suicune
|-boost|p1a: Suicune|spa|0
|-boost|p1a: Suicune|spd|0
|
|upkeep
|turn|45
|c| sufys12|and so is that pult
|
|t:|1662232585
|move|p2a: Suicune|Calm Mind|p2a: Suicune
|-boost|p2a: Suicune|spa|0
|-boost|p2a: Suicune|spd|0
|move|p1a: Suicune|Calm Mind|p1a: Suicune
|-boost|p1a: Suicune|spa|0
|-boost|p1a: Suicune|spd|0
|
|upkeep
|turn|46
|
|t:|1662232591
|move|p2a: Suicune|Calm Mind|p2a: Suicune
|-boost|p2a: Suicune|spa|0
|-boost|p2a: Suicune|spd|0
|move|p1a: Suicune|Calm Mind|p1a: Suicune
|-boost|p1a: Suicune|spa|0
|-boost|p1a: Suicune|spd|0
|
|upkeep
|turn|47
|c|☆SkipTheDripBayless|at least this pult can turn
|c|☆SkipTheDripBayless|on grounds
|
|t:|1662232598
|move|p2a: Suicune|Calm Mind|p2a: Suicune
|-boost|p2a: Suicune|spa|0
|-boost|p2a: Suicune|spd|0
|move|p1a: Suicune|Calm Mind|p1a: Suicune
|-boost|p1a: Suicune|spa|0
|-boost|p1a: Suicune|spd|0
|
|upkeep
|turn|48
|c| sufys12|fair enough.
|
|t:|1662232622
|move|p2a: Suicune|Calm Mind|p2a: Suicune
|-boost|p2a: Suicune|spa|0
|-boost|p2a: Suicune|spd|0
|move|p1a: Suicune|Calm Mind|p1a: Suicune
|-boost|p1a: Suicune|spa|0
|-boost|p1a: Suicune|spd|0
|
|upkeep
|turn|49
|c| sufys12|just explode on em
|
|t:|1662232635
|move|p2a: Suicune|Calm Mind|p2a: Suicune
|-boost|p2a: Suicune|spa|0
|-boost|p2a: Suicune|spd|0
|move|p1a: Suicune|Calm Mind|p1a: Suicune
|-boost|p1a: Suicune|spa|0
|-boost|p1a: Suicune|spd|0
|
|upkeep
|turn|50
|
|t:|1662232651
|move|p2a: Suicune|Calm Mind|p2a: Suicune
|-boost|p2a: Suicune|spa|0
|-boost|p2a: Suicune|spd|0
|move|p1a: Suicune|Calm Mind|p1a: Suicune
|-boost|p1a: Suicune|spa|0
|-boost|p1a: Suicune|spd|0
|
|upkeep
|turn|51
|
|t:|1662232653
|move|p2a: Suicune|Substitute|p2a: Suicune
|-fail|p2a: Suicune|move: Substitute
|move|p1a: Suicune|Calm Mind|p1a: Suicune
|-boost|p1a: Suicune|spa|0
|-boost|p1a: Suicune|spd|0
|
|upkeep
|turn|52
|
|t:|1662232657
|move|p2a: Suicune|Substitute|p2a: Suicune
|-fail|p2a: Suicune|move: Substitute
|move|p1a: Suicune|Calm Mind|p1a: Suicune
|-boost|p1a: Suicune|spa|0
|-boost|p1a: Suicune|spd|0
|
|upkeep
|turn|53
|
|t:|1662232659
|move|p2a: Suicune|Substitute|p2a: Suicune
|-fail|p2a: Suicune|move: Substitute
|move|p1a: Suicune|Calm Mind|p1a: Suicune
|-boost|p1a: Suicune|spa|0
|-boost|p1a: Suicune|spd|0
|
|upkeep
|turn|54
|
|t:|1662232664
|move|p2a: Suicune|Calm Mind|p2a: Suicune
|-boost|p2a: Suicune|spa|0
|-boost|p2a: Suicune|spd|0
|move|p1a: Suicune|Calm Mind|p1a: Suicune
|-boost|p1a: Suicune|spa|0
|-boost|p1a: Suicune|spd|0
|
|upkeep
|turn|55
|
|t:|1662232667
|move|p2a: Suicune|Calm Mind|p2a: Suicune
|-boost|p2a: Suicune|spa|0
|-boost|p2a: Suicune|spd|0
|move|p1a: Suicune|Calm Mind|p1a: Suicune
|-boost|p1a: Suicune|spa|0
|-boost|p1a: Suicune|spd|0
|
|upkeep
|turn|56
|
|t:|1662232669
|move|p2a: Suicune|Calm Mind|p2a: Suicune
|-boost|p2a: Suicune|spa|0
|-boost|p2a: Suicune|spd|0
|move|p1a: Suicune|Calm Mind|p1a: Suicune
|-boost|p1a: Suicune|spa|0
|-boost|p1a: Suicune|spd|0
|
|upkeep
|turn|57
|
|t:|1662232672
|move|p2a: Suicune|Calm Mind|p2a: Suicune
|-boost|p2a: Suicune|spa|0
|-boost|p2a: Suicune|spd|0
|move|p1a: Suicune|Calm Mind|p1a: Suicune
|-boost|p1a: Suicune|spa|0
|-boost|p1a: Suicune|spd|0
|
|upkeep
|turn|58
|
|t:|1662232690
|move|p2a: Suicune|Calm Mind|p2a: Suicune
|-boost|p2a: Suicune|spa|0
|-boost|p2a: Suicune|spd|0
|move|p1a: Suicune|Scald|p2a: Suicune
|-resisted|p2a: Suicune
|-end|p2a: Suicune|Substitute
|
|upkeep
|turn|59
|
|t:|1662232694
|move|p2a: Suicune|Substitute|p2a: Suicune
|-start|p2a: Suicune|Substitute
|-damage|p2a: Suicune|75/100
|move|p1a: Suicune|Rest|p1a: Suicune
|-fail|p1a: Suicune|heal
|
|-heal|p2a: Suicune|82/100|[from] item: Leftovers
|upkeep
|turn|60
|
|t:|1662232701
|move|p2a: Suicune|Calm Mind|p2a: Suicune
|-boost|p2a: Suicune|spa|0
|-boost|p2a: Suicune|spd|0
|move|p1a: Suicune|Scald|p2a: Suicune
|-resisted|p2a: Suicune
|-activate|p2a: Suicune|move: Substitute|[damage]
|
|-heal|p2a: Suicune|88/100|[from] item: Leftovers
|upkeep
|turn|61
|
|t:|1662232708
|move|p2a: Suicune|Protect|p2a: Suicune
|-singleturn|p2a: Suicune|Protect
|move|p1a: Suicune|Scald|p2a: Suicune
|-activate|p2a: Suicune|move: Protect
|
|-heal|p2a: Suicune|94/100|[from] item: Leftovers
|upkeep
|turn|62
|
|t:|1662232712
|move|p2a: Suicune|Substitute|p2a: Suicune
|-fail|p2a: Suicune|move: Substitute
|move|p1a: Suicune|Scald|p2a: Suicune
|-resisted|p2a: Suicune
|-activate|p2a: Suicune|move: Substitute|[damage]
|
|-heal|p2a: Suicune|99/100|[from] item: Leftovers
|upkeep
|turn|63
|
|t:|1662232717
|move|p2a: Suicune|Substitute|p2a: Suicune
|-fail|p2a: Suicune|move: Substitute
|move|p1a: Suicune|Scald|p2a: Suicune
|-resisted|p2a: Suicune
|-end|p2a: Suicune|Substitute
|
|-heal|p2a: Suicune|100/100|[from] item: Leftovers
|upkeep
|turn|64
|
|t:|1662232720
|move|p2a: Suicune|Substitute|p2a: Suicune
|-start|p2a: Suicune|Substitute
|-damage|p2a: Suicune|75/100
|move|p1a: Suicune|Rest|p1a: Suicune
|-fail|p1a: Suicune|heal
|
|-heal|p2a: Suicune|82/100|[from] item: Leftovers
|upkeep
|turn|65
|c| Kaynein|heated battle
|
|t:|1662232724
|move|p2a: Suicune|Substitute|p2a: Suicune
|-fail|p2a: Suicune|move: Substitute
|move|p1a: Suicune|Rest|p1a: Suicune
|-fail|p1a: Suicune|heal
|
|-heal|p2a: Suicune|88/100|[from] item: Leftovers
|upkeep
|turn|66
|
|t:|1662232728
|move|p2a: Suicune|Substitute|p2a: Suicune
|-fail|p2a: Suicune|move: Substitute
|move|p1a: Suicune|Rest|p1a: Suicune
|-fail|p1a: Suicune|heal
|
|-heal|p2a: Suicune|94/100|[from] item: Leftovers
|upkeep
|turn|67
|
|t:|1662232744
|move|p2a: Suicune|Substitute|p2a: Suicune
|-fail|p2a: Suicune|move: Substitute
|move|p1a: Suicune|Rest|p1a: Suicune
|-fail|p1a: Suicune|heal
|
|-heal|p2a: Suicune|99/100|[from] item: Leftovers
|upkeep
|turn|68
|
|t:|1662232758
|move|p2a: Suicune|Substitute|p2a: Suicune
|-fail|p2a: Suicune|move: Substitute
|move|p1a: Suicune|Rest|p1a: Suicune
|-fail|p1a: Suicune|heal
|
|-heal|p2a: Suicune|100/100|[from] item: Leftovers
|upkeep
|turn|69
|
|t:|1662232762
|move|p2a: Suicune|Substitute|p2a: Suicune
|-fail|p2a: Suicune|move: Substitute
|move|p1a: Suicune|Rest|p1a: Suicune
|-fail|p1a: Suicune|heal
|
|upkeep
|turn|70
|
|t:|1662232765
|move|p2a: Suicune|Substitute|p2a: Suicune
|-fail|p2a: Suicune|move: Substitute
|move|p1a: Suicune|Scald|p2a: Suicune
|-resisted|p2a: Suicune
|-activate|p2a: Suicune|move: Substitute|[damage]
|
|upkeep
|turn|71
|
|t:|1662232769
|move|p2a: Suicune|Substitute|p2a: Suicune
|-fail|p2a: Suicune|move: Substitute
|move|p1a: Suicune|Rest|p1a: Suicune
|-fail|p1a: Suicune|heal
|
|upkeep
|turn|72
|c| sufys12|rest only wins pp wars if it can sleep
|l| Kaynein
|
|t:|1662232786
|move|p2a: Suicune|Substitute|p2a: Suicune
|-fail|p2a: Suicune|move: Substitute
|move|p1a: Suicune|Rest|p1a: Suicune
|-fail|p1a: Suicune|heal
|
|upkeep
|turn|73
|
|t:|1662232790
|move|p2a: Suicune|Scald|p1a: Suicune
|-resisted|p1a: Suicune
|-damage|p1a: Suicune|92/100
|-status|p1a: Suicune|brn
|move|p1a: Suicune|Rest|p1a: Suicune
|-status|p1a: Suicune|slp|[from] move: Rest
|-heal|p1a: Suicune|100/100 slp|[silent]
|
|upkeep
|turn|74
|
|t:|1662232793
|switch|p2a: Volcarona|Volcarona, F, shiny|100/100
|cant|p1a: Suicune|slp
|
|upkeep
|turn|75
|
|t:|1662232807
|move|p2a: Volcarona|Quiver Dance|p2a: Volcarona
|-boost|p2a: Volcarona|spa|1
|-boost|p2a: Volcarona|spd|1
|-boost|p2a: Volcarona|spe|1
|cant|p1a: Suicune|slp
|
|upkeep
|turn|76
|
|t:|1662232819
|switch|p2a: Suicune|Suicune|100/100
|-ability|p2a: Suicune|Pressure
|-curestatus|p1a: Suicune|slp|[msg]
|move|p1a: Suicune|Scald|p2a: Suicune
|-resisted|p2a: Suicune
|-damage|p2a: Suicune|64/100
|
|-heal|p2a: Suicune|70/100|[from] item: Leftovers
|upkeep
|turn|77
|
|t:|1662232824
|move|p2a: Suicune|Scald|p1a: Suicune
|-resisted|p1a: Suicune
|-damage|p1a: Suicune|98/100
|move|p1a: Suicune|Rest|p1a: Suicune
|-status|p1a: Suicune|slp|[from] move: Rest
|-heal|p1a: Suicune|100/100 slp|[silent]
|
|-heal|p2a: Suicune|76/100|[from] item: Leftovers
|upkeep
|turn|78
|j| agentkeval
|
|t:|1662232841
|switch|p2a: Heatran|Heatran, M, shiny|100/100
|-item|p2a: Heatran|Air Balloon
|cant|p1a: Suicune|slp
|
|upkeep
|turn|79
|
|t:|1662232844
|move|p2a: Heatran|Stealth Rock|p1a: Suicune
|-sidestart|p1: georgiethefirst|move: Stealth Rock
|cant|p1a: Suicune|slp
|
|upkeep
|turn|80
|c|☆georgiethefirst|I gtg
|c| agentkeval|no shot
|c|☆georgiethefirst|you win this time
|c| agentkeval|this man showed team
|-message|georgiethefirst forfeited.
|
|win|SkipTheDripBayless
|l|☆georgiethefirst
|c| agentkeval|bro????????
|l| sufys12
|c| agentkeval|my teammate is selling
|c| agentkeval|tf
|l|☆SkipTheDripBayless
|l| agentkeval
