|j|☆cute pink team
|j|☆CoconutCrabs
|t:|1657033292
|gametype|singles
|player|p1|cute pink team|misty-gen1|1771
|player|p2|CoconutCrabs|chuck|1913
|teamsize|p1|6
|teamsize|p2|6
|gen|8
|tier|[Gen 8] OU
|rated|
|rule|Sleep Clause Mod: Limit one foe put to sleep
|rule|Species Clause: Limit one of each Pokémon
|rule|OHKO Clause: OHKO moves are banned
|rule|Evasion Moves Clause: Evasion moves are banned
|rule|Endless Battle Clause: Forcing endless battles is banned
|rule|HP Percentage Mod: HP is shown in percentages
|rule|Dynamax Clause: You cannot dynamax
|clearpoke
|poke|p1|Mamoswine, F|
|poke|p1|Ditto|
|poke|p1|Corviknight, M|
|poke|p1|Volcanion|
|poke|p1|Zapdos|
|poke|p1|Victini|
|poke|p2|Tyranitar, M|
|poke|p2|Excadrill, F|
|poke|p2|Tornadus-Therian, M|
|poke|p2|Toxapex, F|
|poke|p2|Heatran, M|
|poke|p2|Tangrowth, F|
|teampreview
|
|t:|1657033307
|start
|switch|p1a: Mamoswine|Mamoswine, F|100/100
|switch|p2a: Paloma|Tornadus-Therian, M|100/100
|turn|1
|
|t:|1657033310
|move|p1a: Mamoswine|Ice Shard|p2a: Paloma
|-supereffective|p2a: Paloma
|-damage|p2a: Paloma|34/100
|move|p2a: Paloma|Focus Blast|p1a: Mamoswine
|-supereffective|p1a: Mamoswine
|-damage|p1a: Mamoswine|27/100
|
|upkeep
|turn|2
|
|t:|1657033314
|switch|p2a: Baby|Toxapex, F|100/100
|move|p1a: Mamoswine|Earthquake|p2a: Baby
|-supereffective|p2a: Baby
|-damage|p2a: Baby|29/100
|
|upkeep
|turn|3
|
|t:|1657033321
|switch|p2a: Pretty|Tangrowth, F|100/100
|move|p1a: Mamoswine|Icicle Crash|p2a: Pretty
|-supereffective|p2a: Pretty
|-damage|p2a: Pretty|53/100
|
|upkeep
|turn|4
|
|t:|1657033325
|move|p1a: Mamoswine|Icicle Crash|p2a: Pretty
|-supereffective|p2a: Pretty
|-damage|p2a: Pretty|3/100
|move|p2a: Pretty|Knock Off|p1a: Mamoswine
|-damage|p1a: Mamoswine|6/100
|-enditem|p1a: Mamoswine|Assault Vest|[from] move: Knock Off|[of] p2a: Pretty
|
|upkeep
|turn|5
|
|t:|1657033329
|switch|p2a: Paloma|Tornadus-Therian, M|67/100
|move|p1a: Mamoswine|Earthquake|p2a: Paloma
|-immune|p2a: Paloma
|
|upkeep
|turn|6
|
|t:|1657033335
|move|p1a: Mamoswine|Ice Shard|p2a: Paloma
|-supereffective|p2a: Paloma
|-damage|p2a: Paloma|3/100
|move|p2a: Paloma|Heat Wave|p1a: Mamoswine
|-supereffective|p1a: Mamoswine
|-damage|p1a: Mamoswine|0 fnt
|faint|p1a: Mamoswine
|
|upkeep
|
|t:|1657033339
|switch|p1a: Corviknight|Corviknight, M|100/100
|-ability|p1a: Corviknight|Pressure
|turn|7
|
|t:|1657033340
|move|p2a: Paloma|Heat Wave|p1a: Corviknight
|-supereffective|p1a: Corviknight
|-damage|p1a: Corviknight|42/100
|move|p1a: Corviknight|U-turn|p2a: Paloma
|-resisted|p2a: Paloma
|-damage|p2a: Paloma|0 fnt
|faint|p2a: Paloma
|
|t:|1657033343
|switch|p1a: Victini|Victini|100/100|[from]move: U-turn
|
|upkeep
|
|t:|1657033347
|switch|p2a: Boogers|Tyranitar, M|100/100
|-weather|Sandstorm|[from] ability: Sand Stream|[of] p2a: Boogers
|turn|8
|
|t:|1657033349
|move|p1a: Victini|Final Gambit|p2a: Boogers
|-damage|p2a: Boogers|0 fnt
|faint|p1a: Victini
|faint|p2a: Boogers
|
|-weather|Sandstorm|[upkeep]
|upkeep
|
|t:|1657033355
|switch|p1a: Zapdos|Zapdos|100/100
|switch|p2a: Little Man|Heatran, M|100/100
|turn|9
|
|t:|1657033360
|move|p2a: Little Man|Eruption|p1a: Zapdos
|-damage|p1a: Zapdos|2/100
|move|p1a: Zapdos|Volt Switch|p2a: Little Man
|-damage|p2a: Little Man|40/100
|
|t:|1657033366
|switch|p1a: Ditto|Ditto|100/100|[from]move: Volt Switch
|-transform|p1a: Ditto|p2a: Little Man|[from] ability: Imposter
|
|-weather|Sandstorm|[upkeep]
|upkeep
|turn|10
|
|t:|1657033374
|switch|p2a: Pretty|Tangrowth, F|37/100
|move|p1a: Ditto|Earth Power|p2a: Pretty
|-resisted|p2a: Pretty
|-damage|p2a: Pretty|12/100
|
|-weather|Sandstorm|[upkeep]
|-damage|p2a: Pretty|6/100|[from] Sandstorm
|upkeep
|turn|11
|
|t:|1657033383
|move|p1a: Ditto|Earth Power|p2a: Pretty
|-resisted|p2a: Pretty
|-damage|p2a: Pretty|0 fnt
|faint|p2a: Pretty
|
|-weather|Sandstorm|[upkeep]
|upkeep
|
|t:|1657033384
|switch|p2a: Mole Man|Excadrill, F|100/100
|turn|12
|
|t:|1657033387
|move|p2a: Mole Man|Swords Dance|p2a: Mole Man
|-boost|p2a: Mole Man|atk|2
|move|p1a: Ditto|Earth Power|p2a: Mole Man
|-supereffective|p2a: Mole Man
|-damage|p2a: Mole Man|15/100
|
|-weather|none
|-heal|p2a: Mole Man|21/100|[from] item: Leftovers
|upkeep
|turn|13
|
|t:|1657033390
|switch|p1a: Corviknight|Corviknight, M|42/100
|-ability|p1a: Corviknight|Pressure
|move|p2a: Mole Man|Earthquake|p1a: Corviknight
|-immune|p1a: Corviknight
|
|-heal|p2a: Mole Man|27/100|[from] item: Leftovers
|-heal|p1a: Corviknight|49/100|[from] item: Leftovers
|upkeep
|turn|14
|
|t:|1657033392
|move|p2a: Mole Man|Iron Head|p1a: Corviknight
|-resisted|p1a: Corviknight
|-damage|p1a: Corviknight|12/100
|move|p1a: Corviknight|U-turn|p2a: Mole Man
|-resisted|p2a: Mole Man
|-damage|p2a: Mole Man|16/100
|
|t:|1657033394
|switch|p1a: Ditto|Ditto|100/100|[from]move: U-turn
|-transform|p1a: Ditto|p2a: Mole Man|[from] ability: Imposter
|
|-heal|p2a: Mole Man|22/100|[from] item: Leftovers
|upkeep
|turn|15
|
|t:|1657033397
|switch|p2a: Baby|Toxapex, F|62/100
|move|p1a: Ditto|Earthquake|p2a: Baby
|-supereffective|p2a: Baby
|-damage|p2a: Baby|0 fnt
|faint|p2a: Baby
|
|upkeep
|-message|CoconutCrabs forfeited.
|
|win|cute pink team
|raw|cute pink team's rating: 1771 &rarr; <strong>1799</strong><br />(+28 for winning)
|raw|CoconutCrabs's rating: 1913 &rarr; <strong>1885</strong><br />(-28 for losing)
|l|☆CoconutCrabs
||Ladder isn't responding, score probably updated but might not have (Request timeout).
