|raw|<div class="broadcast-blue"><strong>This battle is required to be public due to a player having a name starting with 'lt93oq'.</div>
|j|☆LT93OQ Petit Pois
|j|‽antarctozolt
|t:|1660649727
|gametype|singles
|player|p1|LT93OQ Petit Pois|1|1951
|player|p2|antarctozolt|skier|1964
|teamsize|p1|6
|teamsize|p2|6
|gen|8
|tier|[Gen 8] OU
|rated|
|rule|Sleep Clause Mod: Limit one foe put to sleep
|rule|Species Clause: Limit one of each Pokémon
|rule|OHKO Clause: OHKO moves are banned
|rule|Evasion Items Clause: Evasion items are banned
|rule|Evasion Moves Clause: Evasion moves are banned
|rule|Endless Battle Clause: Forcing endless battles is banned
|rule|HP Percentage Mod: HP is shown in percentages
|rule|Dynamax Clause: You cannot dynamax
|clearpoke
|poke|p1|Dragapult, M|
|poke|p1|Ferrothorn, M|
|poke|p1|Heatran, M|
|poke|p1|Nidoking, M|
|poke|p1|Tapu Lele|
|poke|p1|Landorus-Therian, M|
|poke|p2|Kartana|
|poke|p2|Toxtricity, F|
|poke|p2|Celesteela|
|poke|p2|Dragapult, F|
|poke|p2|Mew|
|poke|p2|Zeraora|
|teampreview
|j| Keblar
|
|t:|1660649753
|start
|switch|p1a: Dragapult|Dragapult, M|100/100
|switch|p2a: Mew|Mew|100/100
|turn|1
|j| Mimikyu Stardust
|
|t:|1660649766
|move|p1a: Dragapult|Dragon Darts|p2a: Mew
|-damage|p2a: Mew|65/100
|-anim|p1a: Dragapult|Dragon Darts|p2a: Mew
|-damage|p2a: Mew|28/100
|-damage|p1a: Dragapult|91/100|[from] item: Life Orb
|move|p2a: Mew|Thunder Wave|p1a: Dragapult
|-status|p1a: Dragapult|par
|
|upkeep
|turn|2
|
|t:|1660649770
|move|p2a: Mew|Stealth Rock|p1a: Dragapult
|-sidestart|p1: LT93OQ Petit Pois|move: Stealth Rock
|cant|p1a: Dragapult|par
|
|upkeep
|turn|3
|
|t:|1660649772
|move|p2a: Mew|Spikes|p1a: Dragapult
|-sidestart|p1: LT93OQ Petit Pois|Spikes
|move|p1a: Dragapult|Dragon Darts|p2a: Mew
|-damage|p2a: Mew|0 fnt
|faint|p2a: Mew
|-damage|p1a: Dragapult|81/100 par|[from] item: Life Orb
|
|upkeep
|
|t:|1660649777
|switch|p2a: Zeraora|Zeraora|100/100
|turn|4
|
|t:|1660649779
|switch|p1a: Landorus|Landorus-Therian, M|100/100
|-damage|p1a: Landorus|88/100|[from] Stealth Rock
|-ability|p1a: Landorus|Intimidate|boost
|-unboost|p2a: Zeraora|atk|1
|-enditem|p2a: Zeraora|Eject Pack
|
|t:|1660649782
|switch|p2a: Toxtricity|Toxtricity, F|100/100
|
|upkeep
|turn|5
|
|t:|1660649787
|switch|p1a: Dragapult|Dragapult, M|81/100 par
|-damage|p1a: Dragapult|69/100 par|[from] Stealth Rock
|-damage|p1a: Dragapult|56/100 par|[from] Spikes
|move|p2a: Toxtricity|Boomburst|p1a: Dragapult
|-immune|p1a: Dragapult
|
|upkeep
|turn|6
|j| cypherstests
|j| RNN YasuKe
|
|t:|1660649795
|move|p2a: Toxtricity|Overdrive|p1a: Dragapult
|-resisted|p1a: Dragapult
|-damage|p1a: Dragapult|7/100 par
|-damage|p2a: Toxtricity|91/100|[from] item: Life Orb
|move|p1a: Dragapult|Fire Blast|p2a: Toxtricity
|-damage|p2a: Toxtricity|37/100
|-damage|p1a: Dragapult|0 fnt|[from] item: Life Orb
|faint|p1a: Dragapult
|
|upkeep
|j| LT93OQ Empo
|j| Amelza
|
|t:|1660649809
|switch|p1a: Nidoking|Nidoking, M|100/100
|-damage|p1a: Nidoking|95/100|[from] Stealth Rock
|-damage|p1a: Nidoking|82/100|[from] Spikes
|turn|7
|
|t:|1660649811
|move|p1a: Nidoking|Flamethrower|p2a: Toxtricity
|-damage|p2a: Toxtricity|0 fnt
|faint|p2a: Toxtricity
|
|upkeep
|j| LT93OQ Dasmer
|
|t:|1660649814
|switch|p2a: Dragapult|Dragapult, F|100/100
|turn|8
|j| LT93OQ TROP CHAUD
|
|t:|1660649818
|switch|p1a: Heatran|Heatran, M|100/100
|-damage|p1a: Heatran|88/100|[from] Stealth Rock
|-item|p1a: Heatran|Air Balloon
|move|p2a: Dragapult|Shadow Ball|p1a: Heatran
|-damage|p1a: Heatran|54/100
|-enditem|p1a: Heatran|Air Balloon
|
|upkeep
|turn|9
|j| Alpha1013
|
|t:|1660649823
|move|p2a: Dragapult|Shadow Ball|p1a: Heatran
|-damage|p1a: Heatran|22/100
|-unboost|p1a: Heatran|spd|1
|move|p1a: Heatran|Earth Power|p2a: Dragapult
|-damage|p2a: Dragapult|64/100
|
|upkeep
|turn|10
|j| The art of
|
|t:|1660649828
|move|p2a: Dragapult|Shadow Ball|p1a: Heatran
|-damage|p1a: Heatran|0 fnt
|faint|p1a: Heatran
|
|upkeep
|
|t:|1660649845
|switch|p1a: Nidoking|Nidoking, M|82/100
|-damage|p1a: Nidoking|76/100|[from] Stealth Rock
|-damage|p1a: Nidoking|64/100|[from] Spikes
|turn|11
|
|t:|1660649851
|switch|p2a: Zeraora|Zeraora|100/100
|move|p1a: Nidoking|Ice Beam|p2a: Zeraora
|-damage|p2a: Zeraora|64/100
|
|upkeep
|turn|12
|
|t:|1660649854
|switch|p1a: Landorus|Landorus-Therian, M|88/100
|-damage|p1a: Landorus|76/100|[from] Stealth Rock
|-ability|p1a: Landorus|Intimidate|boost
|-unboost|p2a: Zeraora|atk|1
|switch|p2a: Dragapult|Dragapult, F|64/100
|
|upkeep
|turn|13
|
|t:|1660649859
|move|p2a: Dragapult|Shadow Ball|p1a: Landorus
|-damage|p1a: Landorus|19/100
|-unboost|p1a: Landorus|spd|1
|move|p1a: Landorus|Defog|p2a: Dragapult
|-unboost|p2a: Dragapult|evasion|1
|-sideend|p1: LT93OQ Petit Pois|Spikes|[from] move: Defog|[of] p1a: Landorus
|-sideend|p1: LT93OQ Petit Pois|Stealth Rock|[from] move: Defog|[of] p1a: Landorus
|
|upkeep
|turn|14
|
|t:|1660649863
|switch|p1a: Ferrothorn|Ferrothorn, M|100/100
|move|p2a: Dragapult|Shadow Ball|p1a: Ferrothorn
|-damage|p1a: Ferrothorn|58/100
|-unboost|p1a: Ferrothorn|spd|1
|
|-heal|p1a: Ferrothorn|65/100|[from] item: Leftovers
|upkeep
|turn|15
|
|t:|1660649865
|move|p1a: Ferrothorn|Protect|p1a: Ferrothorn
|-singleturn|p1a: Ferrothorn|Protect
|move|p2a: Dragapult|Shadow Ball|p1a: Ferrothorn
|-activate|p1a: Ferrothorn|move: Protect
|
|-heal|p1a: Ferrothorn|71/100|[from] item: Leftovers
|upkeep
|turn|16
|
|t:|1660649872
|switch|p1a: Landorus|Landorus-Therian, M|19/100
|-ability|p1a: Landorus|Intimidate|boost
|-unboost|p2a: Dragapult|atk|1
|move|p2a: Dragapult|Shadow Ball|p1a: Landorus
|-damage|p1a: Landorus|0 fnt
|faint|p1a: Landorus
|
|upkeep
|
|t:|1660649874
|switch|p1a: Nidoking|Nidoking, M|64/100
|turn|17
|
|t:|1660649877
|switch|p2a: Zeraora|Zeraora|64/100
|move|p1a: Nidoking|Ice Beam|p2a: Zeraora
|-damage|p2a: Zeraora|23/100
|
|upkeep
|turn|18
|
|t:|1660649879
|move|p1a: Nidoking|Ice Beam|p2a: Zeraora
|-damage|p2a: Zeraora|0 fnt
|faint|p2a: Zeraora
|
|upkeep
|
|t:|1660649881
|switch|p2a: Celesteela|Celesteela|100/100
|turn|19
|
|t:|1660649884
|switch|p1a: Tapu Lele|Tapu Lele|100/100
|-fieldstart|move: Psychic Terrain|[from] ability: Psychic Surge|[of] p1a: Tapu Lele
|move|p2a: Celesteela|Autotomize|p2a: Celesteela
|-boost|p2a: Celesteela|spe|2
|-start|p2a: Celesteela|Autotomize
|
|upkeep
|turn|20
|
|t:|1660649887
|move|p2a: Celesteela|Heavy Slam|p1a: Tapu Lele
|-supereffective|p1a: Tapu Lele
|-damage|p1a: Tapu Lele|0 fnt
|faint|p1a: Tapu Lele
|-ability|p2a: Celesteela|Beast Boost|boost
|-boost|p2a: Celesteela|atk|1
|
|upkeep
|
|t:|1660649891
|switch|p1a: Nidoking|Nidoking, M|64/100
|turn|21
|
|t:|1660649900
|move|p1a: Nidoking|Flamethrower|p2a: Celesteela
|-supereffective|p2a: Celesteela
|-damage|p2a: Celesteela|26/100
|move|p2a: Celesteela|Earthquake|p1a: Nidoking
|-supereffective|p1a: Nidoking
|-damage|p1a: Nidoking|0 fnt
|faint|p1a: Nidoking
|-ability|p2a: Celesteela|Beast Boost|boost
|-boost|p2a: Celesteela|atk|1
|
|upkeep
|j| uhuihbhbi
|
|t:|1660649905
|switch|p1a: Ferrothorn|Ferrothorn, M|71/100
|turn|22
|j| flute_man
|
|t:|1660649907
|move|p1a: Ferrothorn|Protect|p1a: Ferrothorn
|-singleturn|p1a: Ferrothorn|Protect
|move|p2a: Celesteela|Earthquake|p1a: Ferrothorn
|-activate|p1a: Ferrothorn|move: Protect
|
|-heal|p1a: Ferrothorn|77/100|[from] item: Leftovers
|upkeep
|turn|23
|
|t:|1660649912
|move|p2a: Celesteela|Heavy Slam|p1a: Ferrothorn
|-resisted|p1a: Ferrothorn
|-damage|p1a: Ferrothorn|44/100
|-damage|p2a: Celesteela|14/100|[from] ability: Iron Barbs|[of] p1a: Ferrothorn
|move|p1a: Ferrothorn|Leech Seed|p2a: Celesteela
|-start|p2a: Celesteela|move: Leech Seed
|
|-heal|p1a: Ferrothorn|50/100|[from] item: Leftovers
|-damage|p2a: Celesteela|1/100|[from] Leech Seed|[of] p1a: Ferrothorn
|-heal|p1a: Ferrothorn|62/100|[silent]
|-fieldend|move: Psychic Terrain
|upkeep
|turn|24
|
|t:|1660649919
|move|p1a: Ferrothorn|Protect|p1a: Ferrothorn
|-singleturn|p1a: Ferrothorn|Protect
|move|p2a: Celesteela|Heavy Slam|p1a: Ferrothorn
|-activate|p1a: Ferrothorn|move: Protect
|
|-heal|p1a: Ferrothorn|68/100|[from] item: Leftovers
|-damage|p2a: Celesteela|0 fnt|[from] Leech Seed|[of] p1a: Ferrothorn
|-heal|p1a: Ferrothorn|69/100|[silent]
|faint|p2a: Celesteela
|upkeep
|j|+Mengy ㋛
|
|t:|1660649921
|switch|p2a: Dragapult|Dragapult, F|64/100
|turn|25
|
|t:|1660649923
|move|p2a: Dragapult|Flamethrower|p1a: Ferrothorn
|-supereffective|p1a: Ferrothorn
|-damage|p1a: Ferrothorn|0 fnt
|faint|p1a: Ferrothorn
|
|win|antarctozolt
|raw|LT93OQ Petit Pois's rating: 1951 &rarr; <strong>1932</strong><br />(-19 for losing)
|raw|antarctozolt's rating: 1964 &rarr; <strong>1983</strong><br />(+19 for winning)
