|j|☆yung_iznamakin
|j|☆ninjadouche
|t:|1646615901
|gametype|singles
|player|p1|yung_iznamakin|ninjaboy|1576
|player|p2|ninjadouche|burglar|1658
|teamsize|p1|6
|teamsize|p2|6
|gen|8
|tier|[Gen 8] OU
|rated|
|rule|Sleep Clause Mod: Limit one foe put to sleep
|rule|Species Clause: Limit one of each Pokémon
|rule|OHKO Clause: OHKO moves are banned
|rule|Evasion Moves Clause: Evasion moves are banned
|rule|Endless Battle Clause: Forcing endless battles is banned
|rule|HP Percentage Mod: HP is shown in percentages
|rule|Dynamax Clause: You cannot dynamax
|clearpoke
|poke|p1|Polteageist|
|poke|p1|Zapdos|
|poke|p1|Melmetal|
|poke|p1|Toxapex, M|
|poke|p1|Blaziken, M|
|poke|p1|Landorus-Therian, M|
|poke|p2|Marowak-Alola, F|
|poke|p2|Ninetales, F|
|poke|p2|Rotom-Wash|
|poke|p2|Charizard, F|
|poke|p2|Conkeldurr, F|
|poke|p2|Aggron, M|
|teampreview
|inactive|Battle timer is ON: inactive players will automatically lose when time's up. (requested by ninjadouche)
|
|t:|1646615923
|start
|switch|p1a: Landorus|Landorus-Therian, M|100/100
|switch|p2a: Ninetales|Ninetales, F, shiny|100/100
|-weather|SunnyDay|[from] ability: Drought|[of] p2a: Ninetales
|-ability|p1a: Landorus|Intimidate|boost
|-unboost|p2a: Ninetales|atk|1
|turn|1
|
|t:|1646615931
|move|p2a: Ninetales|Overheat|p1a: Landorus
|-crit|p1a: Landorus
|-damage|p1a: Landorus|11/100
|-unboost|p2a: Ninetales|spa|2
|move|p1a: Landorus|Earthquake|p2a: Ninetales
|-supereffective|p2a: Ninetales
|-damage|p2a: Ninetales|0 fnt
|faint|p2a: Ninetales
|
|-weather|SunnyDay|[upkeep]
|-heal|p1a: Landorus|17/100|[from] item: Leftovers
|upkeep
|
|t:|1646615936
|switch|p2a: Charizard|Charizard, F|100/100
|turn|2
|
|t:|1646615942
|switch|p1a: Toxapex|Toxapex, M|100/100
|move|p2a: Charizard|Overheat|p1a: Toxapex
|-resisted|p1a: Toxapex
|-damage|p1a: Toxapex|12/100
|-unboost|p2a: Charizard|spa|2
|
|-weather|SunnyDay|[upkeep]
|-damage|p2a: Charizard|88/100|[from] ability: Solar Power|[of] p2a: Charizard
|upkeep
|turn|3
|
|t:|1646615950
|switch|p1a: Landorus|Landorus-Therian, M|17/100
|-ability|p1a: Landorus|Intimidate|boost
|-unboost|p2a: Charizard|atk|1
|move|p2a: Charizard|Overheat|p1a: Landorus
|-damage|p1a: Landorus|0 fnt
|-unboost|p2a: Charizard|spa|2
|faint|p1a: Landorus
|
|-weather|SunnyDay|[upkeep]
|-damage|p2a: Charizard|76/100|[from] ability: Solar Power|[of] p2a: Charizard
|upkeep
|
|t:|1646615960
|switch|p1a: Zapdos|Zapdos|100/100
|turn|4
|
|t:|1646615965
|switch|p2a: Marowak|Marowak-Alola, F|100/100
|move|p1a: Zapdos|Volt Switch|p2a: Marowak
|-ability|p2a: Marowak|Lightning Rod|boost
|-boost|p2a: Marowak|spa|1
|
|-weather|SunnyDay|[upkeep]
|upkeep
|turn|5
|
|t:|1646615974
|move|p1a: Zapdos|Hurricane|p2a: Marowak|[miss]
|-miss|p1a: Zapdos|p2a: Marowak
|move|p2a: Marowak|Flare Blitz|p1a: Zapdos
|-damage|p1a: Zapdos|0 fnt
|faint|p1a: Zapdos
|-damage|p2a: Marowak|57/100|[from] Recoil
|
|-weather|none
|upkeep
|
|t:|1646615982
|switch|p1a: Polteageist|Polteageist|100/100
|turn|6
|j| L0LZ4N0M4
|l| L0LZ4N0M4
|
|t:|1646615992
|move|p1a: Polteageist|Shadow Ball|p2a: Marowak
|-supereffective|p2a: Marowak
|-damage|p2a: Marowak|0 fnt
|faint|p2a: Marowak
|
|upkeep
|
|t:|1646615995
|switch|p2a: Rotom|Rotom-Wash|100/100
|turn|7
|
|t:|1646616001
|switch|p1a: Melmetal|Melmetal|100/100
|move|p2a: Rotom|Volt Switch|p1a: Melmetal
|-damage|p1a: Melmetal|79/100
|
|t:|1646616004
|switch|p2a: Charizard|Charizard, F|76/100|[from]move: Volt Switch
|
|upkeep
|turn|8
|
|t:|1646616012
|move|p2a: Charizard|Overheat|p1a: Melmetal
|-supereffective|p1a: Melmetal
|-damage|p1a: Melmetal|0 fnt
|-unboost|p2a: Charizard|spa|2
|faint|p1a: Melmetal
|
|upkeep
|
|t:|1646616018
|switch|p1a: Blaziken|Blaziken, M|100/100
|turn|9
|
|t:|1646616022
|switch|p2a: Rotom|Rotom-Wash|100/100
|move|p1a: Blaziken|Swords Dance|p1a: Blaziken
|-boost|p1a: Blaziken|atk|2
|
|-ability|p1a: Blaziken|Speed Boost|boost
|-boost|p1a: Blaziken|spe|1
|upkeep
|turn|10
|
|t:|1646616047
|move|p1a: Blaziken|Close Combat|p2a: Rotom
|-damage|p2a: Rotom|2/100
|-unboost|p1a: Blaziken|def|1
|-unboost|p1a: Blaziken|spd|1
|-damage|p1a: Blaziken|84/100|[from] item: Rocky Helmet|[of] p2a: Rotom
|move|p2a: Rotom|Hydro Pump|p1a: Blaziken
|-supereffective|p1a: Blaziken
|-damage|p1a: Blaziken|0 fnt
|faint|p1a: Blaziken
|
|upkeep
|
|t:|1646616056
|switch|p1a: Polteageist|Polteageist|100/100
|turn|11
|c|☆ninjadouche|beast!!!
|
|t:|1646616064
|move|p1a: Polteageist|Shell Smash|p1a: Polteageist
|-unboost|p1a: Polteageist|def|1
|-unboost|p1a: Polteageist|spd|1
|-boost|p1a: Polteageist|atk|2
|-boost|p1a: Polteageist|spa|2
|-boost|p1a: Polteageist|spe|2
|move|p2a: Rotom|Volt Switch|p1a: Polteageist
|-damage|p1a: Polteageist|56/100
|
|t:|1646616068
|switch|p2a: Aggron|Aggron, M|100/100|[from]move: Volt Switch
|
|upkeep
|turn|12
|
|t:|1646616078
|move|p1a: Polteageist|Giga Drain|p2a: Aggron
|-ability|p2a: Aggron|Sturdy
|-damage|p2a: Aggron|1/100
|-heal|p1a: Polteageist|100/100|[from] drain|[of] p2a: Aggron
|move|p2a: Aggron|Metal Burst|p1a: Polteageist
|-enditem|p1a: Polteageist|Focus Sash
|-damage|p1a: Polteageist|1/100
|-ability|p1a: Polteageist|Weak Armor|boost
|-unboost|p1a: Polteageist|def|1
|-boost|p1a: Polteageist|spe|2
|
|upkeep
|turn|13
|-enditem|p2a: Aggron|Custap Berry|[eat]
|-activate|p2a: Aggron|item: Custap Berry|[consumed]
|
|t:|1646616088
|move|p2a: Aggron|Head Smash|p1a: Polteageist
|-damage|p1a: Polteageist|0 fnt
|faint|p1a: Polteageist
|-damage|p2a: Aggron|0 fnt|[from] Recoil
|faint|p2a: Aggron
|
|upkeep
|c|☆yung_iznamakin|gg
|c|☆ninjadouche|gg
|-message|yung_iznamakin forfeited.
|
|win|ninjadouche
|raw|yung_iznamakin's rating: 1576 &rarr; <strong>1561</strong><br />(-15 for losing)
|raw|ninjadouche's rating: 1658 &rarr; <strong>1673</strong><br />(+15 for winning)
|l|☆yung_iznamakin
||Ladder isn't responding, score probably updated but might not have (Request timeout).
