|j|☆Platum
|j|☆stopthreat
|t:|1661748755
|gametype|singles
|player|p1|Platum|erika-masters|1584
|player|p2|stopthreat|skier|1645
|teamsize|p1|6
|teamsize|p2|6
|gen|8
|tier|[Gen 8] OU
|rated|
|rule|Sleep Clause Mod: Limit one foe put to sleep
|rule|Species Clause: Limit one of each Pokémon
|rule|OHKO Clause: OHKO moves are banned
|rule|Evasion Items Clause: Evasion items are banned
|rule|Evasion Moves Clause: Evasion moves are banned
|rule|Endless Battle Clause: Forcing endless battles is banned
|rule|HP Percentage Mod: HP is shown in percentages
|rule|Dynamax Clause: You cannot dynamax
|clearpoke
|poke|p1|Volcanion|
|poke|p1|Zapdos|
|poke|p1|Weavile, M|
|poke|p1|Landorus-Therian, M|
|poke|p1|Dragonite, M|
|poke|p1|Scizor, F|
|poke|p2|Dragapult, F|
|poke|p2|Clefable, F|
|poke|p2|Crawdaunt, M|
|poke|p2|Gastrodon, F|
|poke|p2|Tornadus-Therian, M|
|poke|p2|Heatran, M|
|teampreview
|
|t:|1661748783
|start
|switch|p1a: Landorus|Landorus-Therian, M|100/100
|switch|p2a: Clefable|Clefable, F|100/100
|-ability|p1a: Landorus|Intimidate|boost
|-unboost|p2a: Clefable|atk|1
|turn|1
|
|t:|1661748792
|move|p1a: Landorus|Stealth Rock|p2a: Clefable
|-sidestart|p2: stopthreat|move: Stealth Rock
|move|p2a: Clefable|Ice Beam|p1a: Landorus
|-supereffective|p1a: Landorus
|-damage|p1a: Landorus|0 fnt
|faint|p1a: Landorus
|
|upkeep
|inactive|Battle timer is ON: inactive players will automatically lose when time's up. (requested by stopthreat)
|c|☆Platum|why ?
|
|t:|1661748817
|switch|p1a: Volcanion|Volcanion|100/100
|turn|2
|inactive|stopthreat has 120 seconds left.
|
|t:|1661748857
|switch|p2a: Gastrodon|Gastrodon, F|100/100
|-damage|p2a: Gastrodon|94/100|[from] Stealth Rock
|move|p1a: Volcanion|Sludge Wave|p2a: Gastrodon
|-resisted|p2a: Gastrodon
|-damage|p2a: Gastrodon|80/100
|
|-heal|p2a: Gastrodon|86/100|[from] item: Leftovers
|upkeep
|turn|3
|
|t:|1661748873
|switch|p1a: Scizor|Scizor, F|100/100
|move|p2a: Gastrodon|Toxic|p1a: Scizor
|-immune|p1a: Scizor
|
|-heal|p2a: Gastrodon|92/100|[from] item: Leftovers
|upkeep
|turn|4
|inactive|stopthreat has 120 seconds left.
|
|t:|1661748884
|move|p1a: Scizor|U-turn|p2a: Gastrodon
|-damage|p2a: Gastrodon|70/100
|
|t:|1661748887
|switch|p1a: Dragonite|Dragonite, M|100/100|[from]move: U-turn
|move|p2a: Gastrodon|Scald|p1a: Dragonite
|-resisted|p1a: Dragonite
|-damage|p1a: Dragonite|95/100
|-status|p1a: Dragonite|brn
|
|-heal|p2a: Gastrodon|76/100|[from] item: Leftovers
|-damage|p1a: Dragonite|89/100 brn|[from] brn
|upkeep
|turn|5
|
|t:|1661748893
|switch|p2a: Clefable|Clefable, F|100/100
|move|p1a: Dragonite|Dragon Dance|p1a: Dragonite
|-boost|p1a: Dragonite|atk|1
|-boost|p1a: Dragonite|spe|1
|
|-damage|p1a: Dragonite|83/100 brn|[from] brn
|upkeep
|turn|6
|
|t:|1661748899
|switch|p1a: Volcanion|Volcanion|100/100
|move|p2a: Clefable|Thunder|p1a: Volcanion
|-supereffective|p1a: Volcanion
|-damage|p1a: Volcanion|0 fnt
|faint|p1a: Volcanion
|
|upkeep
|c|☆stopthreat|lol
|c|☆Platum|oh so you literally click randomly
|c|☆stopthreat|yea that was random
|inactive|Platum has 120 seconds left.
|
|t:|1661748936
|switch|p1a: Scizor|Scizor, F|100/100
|turn|7
|
|t:|1661748940
|move|p2a: Clefable|Flamethrower|p1a: Scizor
|-supereffective|p1a: Scizor
|-damage|p1a: Scizor|0 fnt
|faint|p1a: Scizor
|
|upkeep
|c|☆stopthreat|u kinda suck
|inactive|Platum has 120 seconds left.
|c|☆Platum|i sure do !
|inactive|Platum has 90 seconds left.
|c|☆stopthreat|no offense
|c|☆Platum|sure
|inactive|Platum has 60 seconds left.
|c|☆Platum|you're the one staying in on clef against scizor
|inactive|Platum has 30 seconds left.
|inactive|Platum has 20 seconds left.
|inactive|Platum has 15 seconds left.
|inactive|Platum has 10 seconds left.
|
|t:|1661749062
|switch|p1a: Zapdos|Zapdos|100/100
|turn|8
|inactive|Platum has 20 seconds left this turn.
|
|t:|1661749067
|switch|p2a: Heatran|Heatran, M|100/100
|-damage|p2a: Heatran|88/100|[from] Stealth Rock
|move|p1a: Zapdos|U-turn|p2a: Heatran
|-resisted|p2a: Heatran
|-damage|p2a: Heatran|85/100
|inactive|Platum has 25 seconds left this turn.
|inactive|Platum has 20 seconds left.
|
|t:|1661749075
|switch|p1a: Dragonite|Dragonite, M|83/100 brn|[from]move: U-turn
|
|-heal|p2a: Heatran|92/100|[from] item: Leftovers
|-damage|p1a: Dragonite|77/100 brn|[from] brn
|upkeep
|turn|9
|inactive|Platum has 30 seconds left this turn.
|
|t:|1661749080
|switch|p1a: Zapdos|Zapdos|100/100
|switch|p2a: Clefable|Clefable, F|100/100
|
|upkeep
|turn|10
|
|t:|1661749091
|move|p1a: Zapdos|U-turn|p2a: Clefable
|-resisted|p2a: Clefable
|-damage|p2a: Clefable|92/100
|
|t:|1661749094
|switch|p1a: Weavile|Weavile, M|100/100|[from]move: U-turn
|-ability|p1a: Weavile|Pressure
|move|p2a: Clefable|Moonblast|p1a: Weavile
|-supereffective|p1a: Weavile
|-damage|p1a: Weavile|0 fnt
|faint|p1a: Weavile
|
|upkeep
|c|☆stopthreat|gg
|inactive|Platum has 30 seconds left.
|c|☆Platum|eh i don't think so
|inactive|Platum has 20 seconds left.
|
|t:|1661749120
|switch|p1a: Zapdos|Zapdos|100/100
|turn|11
|inactive|Platum has 30 seconds left this turn.
|
|t:|1661749124
|move|p1a: Zapdos|Hurricane|p2a: Clefable|[miss]
|-miss|p1a: Zapdos|p2a: Clefable
|move|p2a: Clefable|Ice Beam|p1a: Zapdos
|-supereffective|p1a: Zapdos
|-damage|p1a: Zapdos|27/100
|
|upkeep
|turn|12
|
|t:|1661749131
|move|p1a: Zapdos|Hurricane|p2a: Clefable|[miss]
|-miss|p1a: Zapdos|p2a: Clefable
|move|p2a: Clefable|Ice Beam|p1a: Zapdos
|-supereffective|p1a: Zapdos
|-damage|p1a: Zapdos|0 fnt
|faint|p1a: Zapdos
|
|upkeep
|c|☆stopthreat|u. need glasses
|inactive|Platum has 30 seconds left.
|inactive|Platum has 20 seconds left.
|inactive|Platum has 15 seconds left.
|inactive|Platum has 10 seconds left.
|inactive|Platum has 5 seconds left.
|-message|Platum lost due to inactivity.
|
|win|stopthreat
|raw|Platum's rating: 1584 &rarr; <strong>1567</strong><br />(-17 for losing)
|raw|stopthreat's rating: 1629 &rarr; <strong>1646</strong><br />(+17 for winning)
|l|☆Platum
