|j|☆zDead
|j|☆minecraftuprising
|inactive|Battle timer is ON: inactive players will automatically lose when time's up.
|t:|1667346712
|gametype|singles
|player|p1|zDead|benga|
|player|p2|minecraftuprising|1|
|teamsize|p1|6
|teamsize|p2|6
|gen|8
|tier|[Gen 8] OU
|rated|Tournament battle
|rule|Sleep Clause Mod: Limit one foe put to sleep
|rule|Species Clause: Limit one of each Pokémon
|rule|OHKO Clause: OHKO moves are banned
|rule|Evasion Items Clause: Evasion items are banned
|rule|Evasion Moves Clause: Evasion moves are banned
|rule|Endless Battle Clause: Forcing endless battles is banned
|rule|HP Percentage Mod: HP is shown in percentages
|rule|Dynamax Clause: You cannot dynamax
|rule|Re-Evolution Mod: Pokémon gain the boosts they would gain from evolving again
|clearpoke
|poke|p1|Tornadus-Therian, M|
|poke|p1|Bisharp, M|
|poke|p1|Rillaboom, F|
|poke|p1|Victini|
|poke|p1|Swampert, M|
|poke|p1|Kartana|
|poke|p2|Hippowdon, M|
|poke|p2|Aegislash, F|
|poke|p2|Clefable, M|
|poke|p2|Toxapex, F|
|poke|p2|Suicune|
|poke|p2|Tornadus-Therian, M|
|teampreview
|inactive|zDead also wants the timer to be on.
|j| TheNewBrends11
|inactive|minecraftuprising has 120 seconds left.
|
|t:|1667346749
|start
|switch|p1a: Swampert|Swampert, M|100/100
|switch|p2a: Suicune|Suicune|100/100
|-ability|p2a: Suicune|Pressure
|turn|1
|
|t:|1667346762
|move|p2a: Suicune|Substitute|p2a: Suicune
|-start|p2a: Suicune|Substitute
|-damage|p2a: Suicune|75/100
|move|p1a: Swampert|Yawn||[still]
|-fail|p1a: Swampert
|
|-heal|p2a: Suicune|82/100|[from] item: Leftovers
|upkeep
|turn|2
|
|t:|1667346768
|move|p2a: Suicune|Protect|p2a: Suicune
|-singleturn|p2a: Suicune|Protect
|move|p1a: Swampert|Stealth Rock|p2a: Suicune
|-sidestart|p2: minecraftuprising|move: Stealth Rock
|
|-heal|p2a: Suicune|88/100|[from] item: Leftovers
|upkeep
|turn|3
|
|t:|1667346773
|move|p2a: Suicune|Scald|p1a: Swampert
|-damage|p1a: Swampert|89/100
|move|p1a: Swampert|High Horsepower|p2a: Suicune
|-end|p2a: Suicune|Substitute
|
|-heal|p2a: Suicune|94/100|[from] item: Leftovers
|-heal|p1a: Swampert|95/100|[from] item: Leftovers
|upkeep
|turn|4
|
|t:|1667346782
|move|p2a: Suicune|Scald|p1a: Swampert
|-crit|p1a: Swampert
|-damage|p1a: Swampert|77/100
|-status|p1a: Swampert|brn
|move|p1a: Swampert|High Horsepower|p2a: Suicune
|-damage|p2a: Suicune|79/100
|
|-heal|p2a: Suicune|85/100|[from] item: Leftovers
|-heal|p1a: Swampert|83/100 brn|[from] item: Leftovers
|-damage|p1a: Swampert|77/100 brn|[from] brn
|upkeep
|turn|5
|
|t:|1667346789
|move|p2a: Suicune|Substitute|p2a: Suicune
|-start|p2a: Suicune|Substitute
|-damage|p2a: Suicune|60/100
|move|p1a: Swampert|Yawn||[still]
|-fail|p1a: Swampert
|
|-heal|p2a: Suicune|67/100|[from] item: Leftovers
|-heal|p1a: Swampert|83/100 brn|[from] item: Leftovers
|-damage|p1a: Swampert|77/100 brn|[from] brn
|upkeep
|turn|6
|
|t:|1667346793
|move|p2a: Suicune|Calm Mind|p2a: Suicune
|-boost|p2a: Suicune|spa|1
|-boost|p2a: Suicune|spd|1
|move|p1a: Swampert|High Horsepower|p2a: Suicune
|-activate|p2a: Suicune|move: Substitute|[damage]
|
|-heal|p2a: Suicune|73/100|[from] item: Leftovers
|-heal|p1a: Swampert|83/100 brn|[from] item: Leftovers
|-damage|p1a: Swampert|77/100 brn|[from] brn
|upkeep
|turn|7
|
|t:|1667346800
|switch|p1a: Rillaboom|Rillaboom, F|100/100
|-fieldstart|move: Grassy Terrain|[from] ability: Grassy Surge|[of] p1a: Rillaboom
|move|p2a: Suicune|Protect||[still]
|-fail|p2a: Suicune
|
|-heal|p2a: Suicune|79/100|[from] Grassy Terrain
|-heal|p2a: Suicune|85/100|[from] item: Leftovers
|upkeep
|turn|8
|
|t:|1667346804
|move|p2a: Suicune|Protect|p2a: Suicune
|-singleturn|p2a: Suicune|Protect
|move|p1a: Rillaboom|Grassy Glide|p2a: Suicune
|-activate|p2a: Suicune|move: Protect
|
|-heal|p2a: Suicune|91/100|[from] Grassy Terrain
|-heal|p2a: Suicune|98/100|[from] item: Leftovers
|upkeep
|turn|9
|
|t:|1667346808
|move|p1a: Rillaboom|Grassy Glide|p2a: Suicune
|-supereffective|p2a: Suicune
|-end|p2a: Suicune|Substitute
|move|p2a: Suicune|Substitute|p2a: Suicune
|-start|p2a: Suicune|Substitute
|-damage|p2a: Suicune|73/100
|
|-heal|p2a: Suicune|79/100|[from] Grassy Terrain
|-heal|p2a: Suicune|85/100|[from] item: Leftovers
|upkeep
|turn|10
|
|t:|1667346812
|move|p2a: Suicune|Protect|p2a: Suicune
|-singleturn|p2a: Suicune|Protect
|move|p1a: Rillaboom|Grassy Glide|p2a: Suicune
|-activate|p2a: Suicune|move: Protect
|
|-heal|p2a: Suicune|91/100|[from] Grassy Terrain
|-heal|p2a: Suicune|97/100|[from] item: Leftovers
|upkeep
|turn|11
|
|t:|1667346816
|move|p1a: Rillaboom|Grassy Glide|p2a: Suicune
|-supereffective|p2a: Suicune
|-end|p2a: Suicune|Substitute
|move|p2a: Suicune|Substitute|p2a: Suicune
|-start|p2a: Suicune|Substitute
|-damage|p2a: Suicune|72/100
|
|-heal|p2a: Suicune|78/100|[from] Grassy Terrain
|-heal|p2a: Suicune|85/100|[from] item: Leftovers
|-fieldend|move: Grassy Terrain
|upkeep
|turn|12
|
|t:|1667346822
|move|p2a: Suicune|Protect|p2a: Suicune
|-singleturn|p2a: Suicune|Protect
|move|p1a: Rillaboom|Grassy Glide|p2a: Suicune
|-activate|p2a: Suicune|move: Protect
|
|-heal|p2a: Suicune|91/100|[from] item: Leftovers
|upkeep
|turn|13
|
|t:|1667346825
|move|p1a: Rillaboom|Grassy Glide|p2a: Suicune
|-supereffective|p2a: Suicune
|-end|p2a: Suicune|Substitute
|move|p2a: Suicune|Scald|p1a: Rillaboom
|-resisted|p1a: Rillaboom
|-damage|p1a: Rillaboom|80/100
|
|-heal|p2a: Suicune|97/100|[from] item: Leftovers
|upkeep
|turn|14
|
|t:|1667346832
|move|p2a: Suicune|Protect|p2a: Suicune
|-singleturn|p2a: Suicune|Protect
|move|p1a: Rillaboom|Grassy Glide|p2a: Suicune
|-activate|p2a: Suicune|move: Protect
|
|-heal|p2a: Suicune|100/100|[from] item: Leftovers
|upkeep
|turn|15
|
|t:|1667346835
|switch|p2a: Tornadus|Tornadus-Therian, M|100/100
|move|p1a: Rillaboom|Grassy Glide|p2a: Tornadus
|-resisted|p2a: Tornadus
|-damage|p2a: Tornadus|61/100
|
|upkeep
|turn|16
|
|t:|1667346841
|switch|p1a: Tornadus|Tornadus-Therian, M|100/100
|move|p2a: Tornadus|Defog|p1a: Tornadus
|-unboost|p1a: Tornadus|evasion|1
|-sideend|p2: minecraftuprising|Stealth Rock|[from] move: Defog|[of] p2a: Tornadus
|
|upkeep
|turn|17
|
|t:|1667346843
|move|p2a: Tornadus|Knock Off|p1a: Tornadus
|-damage|p1a: Tornadus|80/100
|-enditem|p1a: Tornadus|Heavy-Duty Boots|[from] move: Knock Off|[of] p2a: Tornadus
|move|p1a: Tornadus|Icy Wind|p2a: Tornadus
|-supereffective|p2a: Tornadus
|-damage|p2a: Tornadus|32/100
|-unboost|p2a: Tornadus|spe|1
|
|upkeep
|turn|18
|
|t:|1667346853
|switch|p2a: Toxapex|Toxapex, F|100/100
|move|p1a: Tornadus|Icy Wind|p2a: Toxapex
|-resisted|p2a: Toxapex
|-damage|p2a: Toxapex|98/100
|-unboost|p2a: Toxapex|spe|1
|
|upkeep
|turn|19
|
|t:|1667346858
|move|p1a: Tornadus|U-turn|p2a: Toxapex
|-resisted|p2a: Toxapex
|-damage|p2a: Toxapex|94/100
|
|t:|1667346871
|switch|p1a: Swampert|Swampert, M|77/100 brn|[from]move: U-turn
|move|p2a: Toxapex|Toxic Spikes|p1a: Swampert
|-sidestart|p1: zDead|move: Toxic Spikes
|
|-heal|p1a: Swampert|83/100 brn|[from] item: Leftovers
|-damage|p1a: Swampert|77/100 brn|[from] brn
|upkeep
|turn|20
|
|t:|1667346877
|switch|p2a: Suicune|Suicune|100/100
|-ability|p2a: Suicune|Pressure
|move|p1a: Swampert|Yawn|p2a: Suicune
|-start|p2a: Suicune|move: Yawn|[of] p1a: Swampert
|
|-heal|p1a: Swampert|83/100 brn|[from] item: Leftovers
|-damage|p1a: Swampert|77/100 brn|[from] brn
|upkeep
|turn|21
|
|t:|1667346886
|switch|p2a: Tornadus|Tornadus-Therian, M|65/100
|move|p1a: Swampert|Stealth Rock|p2a: Tornadus
|-sidestart|p2: minecraftuprising|move: Stealth Rock
|
|-heal|p1a: Swampert|83/100 brn|[from] item: Leftovers
|-damage|p1a: Swampert|77/100 brn|[from] brn
|upkeep
|turn|22
|
|t:|1667346890
|move|p2a: Tornadus|Knock Off|p1a: Swampert
|-damage|p1a: Swampert|63/100 brn
|-enditem|p1a: Swampert|Leftovers|[from] move: Knock Off|[of] p2a: Tornadus
|move|p1a: Swampert|Flip Turn|p2a: Tornadus
|-damage|p2a: Tornadus|53/100
|
|t:|1667346897
|switch|p1a: Tornadus|Tornadus-Therian, M|100/100|[from]move: Flip Turn
|
|upkeep
|turn|23
|
|t:|1667346901
|switch|p2a: Toxapex|Toxapex, F|100/100
|-damage|p2a: Toxapex|88/100|[from] Stealth Rock
|move|p1a: Tornadus|Icy Wind|p2a: Toxapex
|-resisted|p2a: Toxapex
|-damage|p2a: Toxapex|85/100
|-unboost|p2a: Toxapex|spe|1
|
|upkeep
|turn|24
|
|t:|1667346911
|switch|p1a: Swampert|Swampert, M|63/100 brn
|move|p2a: Toxapex|Knock Off|p1a: Swampert
|-damage|p1a: Swampert|55/100 brn
|
|-damage|p1a: Swampert|48/100 brn|[from] brn
|upkeep
|turn|25
|
|t:|1667346920
|move|p1a: Swampert|Yawn|p2a: Toxapex
|-start|p2a: Toxapex|move: Yawn|[of] p1a: Swampert
|move|p2a: Toxapex|Scald|p1a: Swampert
|-damage|p1a: Swampert|41/100 brn
|
|-damage|p1a: Swampert|34/100 brn|[from] brn
|upkeep
|turn|26
|
|t:|1667346924
|switch|p2a: Tornadus|Tornadus-Therian, M|86/100
|move|p1a: Swampert|Flip Turn|p2a: Tornadus
|-damage|p2a: Tornadus|72/100
|
|t:|1667346930
|switch|p1a: Tornadus|Tornadus-Therian, M|100/100|[from]move: Flip Turn
|
|upkeep
|turn|27
|
|t:|1667346935
|switch|p2a: Toxapex|Toxapex, F|100/100
|-damage|p2a: Toxapex|88/100|[from] Stealth Rock
|move|p1a: Tornadus|Icy Wind|p2a: Toxapex
|-resisted|p2a: Toxapex
|-damage|p2a: Toxapex|85/100
|-unboost|p2a: Toxapex|spe|1
|
|upkeep
|turn|28
|
|t:|1667346943
|move|p1a: Tornadus|U-turn|p2a: Toxapex
|-resisted|p2a: Toxapex
|-damage|p2a: Toxapex|82/100
|
|t:|1667346948
|switch|p1a: Kartana|Kartana|100/100|[from]move: U-turn
|move|p2a: Toxapex|Knock Off|p1a: Kartana
|-crit|p1a: Kartana
|-damage|p1a: Kartana|73/100
|-enditem|p1a: Kartana|Choice Scarf|[from] move: Knock Off|[of] p2a: Toxapex
|
|upkeep
|turn|29
|
|t:|1667346966
|move|p1a: Kartana|Knock Off|p2a: Toxapex
|-damage|p2a: Toxapex|58/100
|-enditem|p2a: Toxapex|Shed Shell|[from] move: Knock Off|[of] p1a: Kartana
|move|p2a: Toxapex|Knock Off|p1a: Kartana
|-damage|p1a: Kartana|61/100
|
|upkeep
|turn|30
|
|t:|1667346974
|switch|p2a: Tornadus|Tornadus-Therian, M|100/100
|move|p1a: Kartana|Leaf Blade|p2a: Tornadus
|-resisted|p2a: Tornadus
|-damage|p2a: Tornadus|71/100
|
|upkeep
|turn|31
|
|t:|1667346981
|move|p2a: Tornadus|Heat Wave|p1a: Kartana
|-supereffective|p1a: Kartana
|-damage|p1a: Kartana|0 fnt
|faint|p1a: Kartana
|
|upkeep
|j| seelbachariot
|
|t:|1667346986
|switch|p1a: Victini|Victini|100/100
|turn|32
|
|t:|1667347009
|move|p2a: Tornadus|U-turn|p1a: Victini
|-damage|p1a: Victini|87/100
|
|t:|1667347014
|switch|p2a: Toxapex|Toxapex, F|91/100|[from]move: U-turn
|-damage|p2a: Toxapex|79/100|[from] Stealth Rock
|move|p1a: Victini|Bolt Strike|p2a: Toxapex
|-supereffective|p2a: Toxapex
|-damage|p2a: Toxapex|41/100
|
|upkeep
|turn|33
|
|t:|1667347025
|switch|p2a: Hippowdon|Hippowdon, M|100/100
|-damage|p2a: Hippowdon|94/100|[from] Stealth Rock
|-weather|Sandstorm|[from] ability: Sand Stream|[of] p2a: Hippowdon
|move|p1a: Victini|Bolt Strike|p2a: Hippowdon
|-immune|p2a: Hippowdon
|
|-weather|Sandstorm|[upkeep]
|-damage|p1a: Victini|81/100|[from] Sandstorm
|-heal|p2a: Hippowdon|100/100|[from] item: Leftovers
|upkeep
|turn|34
|
|t:|1667347034
|switch|p1a: Rillaboom|Rillaboom, F|80/100
|-status|p1a: Rillaboom|psn
|-fieldstart|move: Grassy Terrain|[from] ability: Grassy Surge|[of] p1a: Rillaboom
|move|p2a: Hippowdon|Toxic||[still]
|-fail|p2a: Hippowdon
|
|-weather|Sandstorm|[upkeep]
|-damage|p1a: Rillaboom|73/100 psn|[from] Sandstorm
|-heal|p1a: Rillaboom|80/100 psn|[from] Grassy Terrain
|-damage|p1a: Rillaboom|67/100 psn|[from] psn
|upkeep
|turn|35
|
|t:|1667347039
|switch|p2a: Tornadus|Tornadus-Therian, M|100/100
|move|p1a: Rillaboom|Wood Hammer|p2a: Tornadus
|-resisted|p2a: Tornadus
|-damage|p2a: Tornadus|24/100
|-damage|p1a: Rillaboom|44/100 psn|[from] Recoil
|
|-weather|Sandstorm|[upkeep]
|-damage|p2a: Tornadus|18/100|[from] Sandstorm
|-damage|p1a: Rillaboom|38/100 psn|[from] Sandstorm
|-heal|p1a: Rillaboom|44/100 psn|[from] Grassy Terrain
|-damage|p1a: Rillaboom|32/100 psn|[from] psn
|upkeep
|turn|36
|
|t:|1667347045
|move|p2a: Tornadus|Heat Wave|p1a: Rillaboom
|-supereffective|p1a: Rillaboom
|-damage|p1a: Rillaboom|0 fnt
|faint|p1a: Rillaboom
|
|-weather|Sandstorm|[upkeep]
|-damage|p2a: Tornadus|12/100|[from] Sandstorm
|upkeep
|
|t:|1667347052
|switch|p1a: Victini|Victini|81/100
|turn|37
|
|t:|1667347054
|move|p2a: Tornadus|U-turn|p1a: Victini
|-damage|p1a: Victini|68/100
|
|t:|1667347061
|switch|p2a: Toxapex|Toxapex, F|75/100|[from]move: U-turn
|-damage|p2a: Toxapex|63/100|[from] Stealth Rock
|move|p1a: Victini|V-create|p2a: Toxapex
|-resisted|p2a: Toxapex
|-damage|p2a: Toxapex|44/100
|-unboost|p1a: Victini|spe|1
|-unboost|p1a: Victini|def|1
|-unboost|p1a: Victini|spd|1
|
|-weather|none
|-heal|p1a: Victini|74/100|[from] Grassy Terrain
|-heal|p2a: Toxapex|50/100|[from] Grassy Terrain
|upkeep
|turn|38
|
|t:|1667347069
|switch|p2a: Hippowdon|Hippowdon, M|100/100
|-damage|p2a: Hippowdon|94/100|[from] Stealth Rock
|-weather|Sandstorm|[from] ability: Sand Stream|[of] p2a: Hippowdon
|move|p1a: Victini|Bolt Strike|p2a: Hippowdon
|-immune|p2a: Hippowdon
|
|-weather|Sandstorm|[upkeep]
|-damage|p1a: Victini|68/100|[from] Sandstorm
|-heal|p1a: Victini|74/100|[from] Grassy Terrain
|-heal|p2a: Hippowdon|100/100|[from] Grassy Terrain
|-fieldend|move: Grassy Terrain
|upkeep
|turn|39
|
|t:|1667347079
|switch|p1a: Tornadus|Tornadus-Therian, M|100/100
|move|p2a: Hippowdon|Toxic|p1a: Tornadus
|-status|p1a: Tornadus|tox
|
|-weather|Sandstorm|[upkeep]
|-damage|p1a: Tornadus|94/100 tox|[from] Sandstorm
|-damage|p1a: Tornadus|88/100 tox|[from] psn
|upkeep
|turn|40
|j| NoTollsNoRolls
|
|t:|1667347089
|move|p1a: Tornadus|Heat Wave|p2a: Hippowdon
|-damage|p2a: Hippowdon|89/100
|move|p2a: Hippowdon|Stealth Rock|p1a: Tornadus
|-sidestart|p1: zDead|move: Stealth Rock
|
|-weather|Sandstorm|[upkeep]
|-damage|p1a: Tornadus|82/100 tox|[from] Sandstorm
|-heal|p2a: Hippowdon|95/100|[from] item: Leftovers
|-damage|p1a: Tornadus|70/100 tox|[from] psn
|upkeep
|turn|41
|
|t:|1667347095
|switch|p2a: Toxapex|Toxapex, F|83/100
|-damage|p2a: Toxapex|71/100|[from] Stealth Rock
|move|p1a: Tornadus|Icy Wind|p2a: Toxapex
|-resisted|p2a: Toxapex
|-damage|p2a: Toxapex|68/100
|-unboost|p2a: Toxapex|spe|1
|
|-weather|Sandstorm|[upkeep]
|-damage|p1a: Tornadus|64/100 tox|[from] Sandstorm
|-damage|p2a: Toxapex|62/100|[from] Sandstorm
|-damage|p1a: Tornadus|46/100 tox|[from] psn
|upkeep
|turn|42
|
|t:|1667347101
|move|p1a: Tornadus|Defog|p2a: Toxapex
|-unboost|p2a: Toxapex|evasion|1
|-sideend|p2: minecraftuprising|Stealth Rock|[from] move: Defog|[of] p1a: Tornadus
|-sideend|p1: zDead|Toxic Spikes|[from] move: Defog|[of] p1a: Tornadus
|-sideend|p1: zDead|Stealth Rock|[from] move: Defog|[of] p1a: Tornadus
|move|p2a: Toxapex|Knock Off|p1a: Tornadus
|-damage|p1a: Tornadus|35/100 tox
|
|-weather|none
|-damage|p1a: Tornadus|10/100 tox|[from] psn
|upkeep
|turn|43
|
|t:|1667347107
|move|p1a: Tornadus|U-turn|p2a: Toxapex
|-resisted|p2a: Toxapex
|-damage|p2a: Toxapex|58/100
|
|t:|1667347110
|switch|p1a: Swampert|Swampert, M|34/100 brn|[from]move: U-turn
|move|p2a: Toxapex|Toxic Spikes|p1a: Swampert
|-sidestart|p1: zDead|move: Toxic Spikes
|
|-damage|p1a: Swampert|28/100 brn|[from] brn
|upkeep
|turn|44
|
|t:|1667347113
|switch|p2a: Suicune|Suicune|100/100
|-ability|p2a: Suicune|Pressure
|move|p1a: Swampert|Yawn|p2a: Suicune
|-start|p2a: Suicune|move: Yawn|[of] p1a: Swampert
|
|-damage|p1a: Swampert|22/100 brn|[from] brn
|upkeep
|turn|45
|
|t:|1667347120
|switch|p2a: Tornadus|Tornadus-Therian, M|45/100
|move|p1a: Swampert|Flip Turn|p2a: Tornadus
|-damage|p2a: Tornadus|25/100
|
|t:|1667347125
|switch|p1a: Victini|Victini|74/100|[from]move: Flip Turn
|
|upkeep
|turn|46
|
|t:|1667347128
|move|p2a: Tornadus|U-turn|p1a: Victini
|-damage|p1a: Victini|59/100
|
|t:|1667347130
|switch|p2a: Toxapex|Toxapex, F|92/100|[from]move: U-turn
|move|p1a: Victini|Bolt Strike|p2a: Toxapex
|-supereffective|p2a: Toxapex
|-damage|p2a: Toxapex|54/100
|
|upkeep
|turn|47
|
|t:|1667347137
|move|p1a: Victini|Bolt Strike|p2a: Toxapex
|-supereffective|p2a: Toxapex
|-damage|p2a: Toxapex|17/100
|-status|p2a: Toxapex|par
|move|p2a: Toxapex|Knock Off|p1a: Victini
|-supereffective|p1a: Victini
|-damage|p1a: Victini|25/100
|-enditem|p1a: Victini|Heavy-Duty Boots|[from] move: Knock Off|[of] p2a: Toxapex
|
|upkeep
|turn|48
|l| seelbachariot
|
|t:|1667347149
|move|p1a: Victini|V-create|p2a: Toxapex
|-resisted|p2a: Toxapex
|-damage|p2a: Toxapex|0 fnt
|-unboost|p1a: Victini|spe|1
|-unboost|p1a: Victini|def|1
|-unboost|p1a: Victini|spd|1
|faint|p2a: Toxapex
|
|upkeep
|
|t:|1667347155
|switch|p2a: Suicune|Suicune|100/100
|-ability|p2a: Suicune|Pressure
|turn|49
|
|t:|1667347162
|move|p2a: Suicune|Protect|p2a: Suicune
|-singleturn|p2a: Suicune|Protect
|move|p1a: Victini|Bolt Strike|p2a: Suicune
|-activate|p2a: Suicune|move: Protect
|
|upkeep
|turn|50
|
|t:|1667347164
|move|p2a: Suicune|Substitute|p2a: Suicune
|-start|p2a: Suicune|Substitute
|-damage|p2a: Suicune|75/100
|move|p1a: Victini|Bolt Strike|p2a: Suicune
|-supereffective|p2a: Suicune
|-end|p2a: Suicune|Substitute
|
|-heal|p2a: Suicune|82/100|[from] item: Leftovers
|upkeep
|turn|51
|
|t:|1667347172
|move|p2a: Suicune|Substitute|p2a: Suicune
|-start|p2a: Suicune|Substitute
|-damage|p2a: Suicune|57/100
|move|p1a: Victini|Will-O-Wisp||[still]
|-fail|p1a: Victini
|
|-heal|p2a: Suicune|63/100|[from] item: Leftovers
|upkeep
|turn|52
|
|t:|1667347177
|move|p2a: Suicune|Calm Mind|p2a: Suicune
|-boost|p2a: Suicune|spa|1
|-boost|p2a: Suicune|spd|1
|move|p1a: Victini|U-turn|p2a: Suicune
|-activate|p2a: Suicune|move: Substitute|[damage]
|
|t:|1667347186
|switch|p1a: Bisharp|Bisharp, M|100/100|[from]move: U-turn
|
|-heal|p2a: Suicune|69/100|[from] item: Leftovers
|upkeep
|turn|53
|
|t:|1667347191
|move|p2a: Suicune|Protect|p2a: Suicune
|-singleturn|p2a: Suicune|Protect
|move|p1a: Bisharp|Knock Off|p2a: Suicune
|-activate|p2a: Suicune|move: Protect
|
|-heal|p2a: Suicune|75/100|[from] item: Leftovers
|upkeep
|turn|54
|
|t:|1667347194
|move|p2a: Suicune|Scald|p1a: Bisharp
|-damage|p1a: Bisharp|60/100
|move|p1a: Bisharp|Knock Off|p2a: Suicune
|-crit|p2a: Suicune
|-end|p2a: Suicune|Substitute
|
|-heal|p2a: Suicune|81/100|[from] item: Leftovers
|upkeep
|turn|55
|
|t:|1667347199
|move|p2a: Suicune|Protect|p2a: Suicune
|-singleturn|p2a: Suicune|Protect
|move|p1a: Bisharp|Knock Off|p2a: Suicune
|-activate|p2a: Suicune|move: Protect
|
|-heal|p2a: Suicune|88/100|[from] item: Leftovers
|upkeep
|turn|56
|
|t:|1667347204
|move|p2a: Suicune|Scald|p1a: Bisharp
|-damage|p1a: Bisharp|15/100
|-status|p1a: Bisharp|brn
|move|p1a: Bisharp|Knock Off|p2a: Suicune
|-damage|p2a: Suicune|53/100
|-enditem|p2a: Suicune|Leftovers|[from] move: Knock Off|[of] p1a: Bisharp
|
|-damage|p1a: Bisharp|9/100 brn|[from] brn
|upkeep
|turn|57
|
|t:|1667347210
|move|p2a: Suicune|Scald|p1a: Bisharp
|-damage|p1a: Bisharp|0 fnt
|faint|p1a: Bisharp
|
|upkeep
|l|☆zDead
|inactive|zDead disconnected and has a minute to reconnect!
|player|p1|
|inactive|zDead has 30 seconds to reconnect!
|inactive|zDead has 20 seconds to reconnect!
|inactive|zDead has 15 seconds to reconnect!
|inactive|zDead has 10 seconds to reconnect!
|inactive|zDead has 5 seconds to reconnect!
|-message|zDead lost due to inactivity.
|
|win|minecraftuprising
|n|☆minecraftuprising|minecraftuprising
|n| TheNewBrends11|thenewbrends11
|n| NoTollsNoRolls|notollsnorolls
|l| NoTollsNoRolls
|l|☆minecraftuprising
