|j|☆cump6
|j|☆ManImissMyBrain
|t:|1665081839
|gametype|singles
|player|p1|cump6|schoolkid-gen4|1681
|player|p2|ManImissMyBrain|unknown|1677
|teamsize|p1|6
|teamsize|p2|6
|gen|8
|tier|[Gen 8] OU
|rated|
|rule|Sleep Clause Mod: Limit one foe put to sleep
|rule|Species Clause: Limit one of each Pokémon
|rule|OHKO Clause: OHKO moves are banned
|rule|Evasion Items Clause: Evasion items are banned
|rule|Evasion Moves Clause: Evasion moves are banned
|rule|Endless Battle Clause: Forcing endless battles is banned
|rule|HP Percentage Mod: HP is shown in percentages
|rule|Dynamax Clause: You cannot dynamax
|clearpoke
|poke|p1|Landorus-Therian, M|
|poke|p1|Conkeldurr, M|
|poke|p1|Weavile, F|
|poke|p1|Volcanion|
|poke|p1|Dragapult, F|
|poke|p1|Kartana|
|poke|p2|Buzzwole|
|poke|p2|Toxapex, M|
|poke|p2|Corviknight, M|
|poke|p2|Landorus-Therian, M|
|poke|p2|Volcarona, F|
|poke|p2|Blissey, F|
|teampreview
|c|☆cump6|hf
|c|☆ManImissMyBrain|u2
|j| OmegaTroll
|
|t:|1665081870
|start
|switch|p1a: Weavile|Weavile, F|100/100
|switch|p2a: Buzzwole|Buzzwole|100/100
|-ability|p1a: Weavile|Pressure
|turn|1
|j| 2gether 4ever
|inactive|Battle timer is ON: inactive players will automatically lose when time's up. (requested by ManImissMyBrain)
|
|t:|1665081884
|switch|p1a: Landorus|Landorus-Therian, M|100/100
|-ability|p1a: Landorus|Intimidate|boost
|-unboost|p2a: Buzzwole|atk|1
|move|p2a: Buzzwole|Close Combat|p1a: Landorus
|-resisted|p1a: Landorus
|-damage|p1a: Landorus|70/100
|-unboost|p2a: Buzzwole|def|1
|-unboost|p2a: Buzzwole|spd|1
|
|-heal|p1a: Landorus|76/100|[from] item: Leftovers
|upkeep
|turn|2
|
|t:|1665081893
|switch|p2a: Corviknight|Corviknight, M|100/100
|-ability|p2a: Corviknight|Pressure
|switch|p1a: Volcanion|Volcanion|100/100
|
|upkeep
|turn|3
|
|t:|1665081897
|switch|p1a: Weavile|Weavile, F|100/100
|-ability|p1a: Weavile|Pressure
|switch|p2a: Blissey|Blissey, F|100/100
|
|upkeep
|turn|4
|
|t:|1665081908
|move|p1a: Weavile|Beat Up|p2a: Blissey
|-damage|p2a: Blissey|87/100
|-damage|p2a: Blissey|73/100
|-damage|p2a: Blissey|62/100
|-damage|p2a: Blissey|48/100
|-damage|p2a: Blissey|36/100
|-damage|p2a: Blissey|21/100
|-hitcount|p2a: Blissey|6
|move|p2a: Blissey|Thunder Wave|p1a: Weavile
|-status|p1a: Weavile|par
|
|upkeep
|turn|5
|
|t:|1665081924
|switch|p2a: Buzzwole|Buzzwole|100/100
|move|p1a: Weavile|Beat Up|p2a: Buzzwole
|-resisted|p2a: Buzzwole
|-damage|p2a: Buzzwole|95/100
|-resisted|p2a: Buzzwole
|-damage|p2a: Buzzwole|89/100
|-resisted|p2a: Buzzwole
|-damage|p2a: Buzzwole|85/100
|-resisted|p2a: Buzzwole
|-damage|p2a: Buzzwole|79/100
|-resisted|p2a: Buzzwole
|-damage|p2a: Buzzwole|74/100
|-resisted|p2a: Buzzwole
|-damage|p2a: Buzzwole|68/100
|-hitcount|p2a: Buzzwole|6
|
|upkeep
|turn|6
|
|t:|1665081933
|switch|p1a: Volcanion|Volcanion|100/100
|move|p2a: Buzzwole|Leech Life|p1a: Volcanion
|-resisted|p1a: Volcanion
|-damage|p1a: Volcanion|68/100
|-heal|p2a: Buzzwole|82/100|[from] drain|[of] p1a: Volcanion
|
|upkeep
|turn|7
|
|t:|1665081942
|switch|p2a: Toxapex|Toxapex, M|100/100
|move|p1a: Volcanion|Steam Eruption|p2a: Toxapex
|-resisted|p2a: Toxapex
|-damage|p2a: Toxapex|66/100
|
|-heal|p2a: Toxapex|73/100|[from] item: Black Sludge
|upkeep
|turn|8
|
|t:|1665081949
|switch|p1a: Landorus|Landorus-Therian, M|76/100
|-ability|p1a: Landorus|Intimidate|boost
|-unboost|p2a: Toxapex|atk|1
|move|p2a: Toxapex|Toxic|p1a: Landorus
|-status|p1a: Landorus|tox
|
|-heal|p1a: Landorus|82/100 tox|[from] item: Leftovers
|-heal|p2a: Toxapex|79/100|[from] item: Black Sludge
|-damage|p1a: Landorus|76/100 tox|[from] psn
|upkeep
|turn|9
|
|t:|1665081965
|switch|p2a: Corviknight|Corviknight, M|100/100
|-ability|p2a: Corviknight|Pressure
|move|p1a: Landorus|U-turn|p2a: Corviknight
|-resisted|p2a: Corviknight
|-damage|p2a: Corviknight|97/100
|j| novlovesyou
|
|t:|1665081973
|switch|p1a: Volcanion|Volcanion|68/100|[from]move: U-turn
|
|upkeep
|turn|10
|
|t:|1665081983
|switch|p2a: Toxapex|Toxapex, M|100/100
|move|p1a: Volcanion|Earth Power|p2a: Toxapex
|-supereffective|p2a: Toxapex
|-damage|p2a: Toxapex|20/100
|
|-heal|p2a: Toxapex|26/100|[from] item: Black Sludge
|upkeep
|turn|11
|j| Ran Kob
|
|t:|1665081992
|switch|p2a: Landorus|Landorus-Therian, M|100/100
|-ability|p2a: Landorus|Intimidate|boost
|-unboost|p1a: Volcanion|atk|1
|move|p1a: Volcanion|Earth Power|p2a: Landorus
|-immune|p2a: Landorus
|
|upkeep
|turn|12
|
|t:|1665082001
|switch|p1a: Landorus|Landorus-Therian, M|76/100 tox
|-ability|p1a: Landorus|Intimidate|boost
|-unboost|p2a: Landorus|atk|1
|move|p2a: Landorus|Knock Off|p1a: Landorus
|-damage|p1a: Landorus|53/100 tox
|-enditem|p1a: Landorus|Leftovers|[from] move: Knock Off|[of] p2a: Landorus
|
|-damage|p1a: Landorus|47/100 tox|[from] psn
|upkeep
|turn|13
|
|t:|1665082015
|switch|p2a: Corviknight|Corviknight, M|97/100
|-ability|p2a: Corviknight|Pressure
|move|p1a: Landorus|U-turn|p2a: Corviknight
|-resisted|p2a: Corviknight
|-damage|p2a: Corviknight|94/100
|
|t:|1665082018
|switch|p1a: Dragapult|Dragapult, F, shiny|100/100|[from]move: U-turn
|
|upkeep
|turn|14
|
|t:|1665082032
|move|p1a: Dragapult|Flamethrower|p2a: Corviknight
|-supereffective|p2a: Corviknight
|-damage|p2a: Corviknight|40/100
|-damage|p1a: Dragapult|91/100|[from] item: Life Orb
|move|p2a: Corviknight|Roost|p2a: Corviknight
|-heal|p2a: Corviknight|90/100
|-singleturn|p2a: Corviknight|move: Roost
|
|upkeep
|turn|15
|
|t:|1665082042
|switch|p2a: Toxapex|Toxapex, M|59/100
|move|p1a: Dragapult|U-turn|p2a: Toxapex
|-resisted|p2a: Toxapex
|-damage|p2a: Toxapex|49/100
|-damage|p1a: Dragapult|81/100|[from] item: Life Orb
|
|t:|1665082047
|switch|p1a: Conkeldurr|Conkeldurr, M, shiny|100/100|[from]move: U-turn
|
|-heal|p2a: Toxapex|55/100|[from] item: Black Sludge
|-status|p1a: Conkeldurr|brn|[from] item: Flame Orb
|upkeep
|turn|16
|
|t:|1665082061
|switch|p2a: Corviknight|Corviknight, M|90/100
|-ability|p2a: Corviknight|Pressure
|move|p1a: Conkeldurr|Drain Punch|p2a: Corviknight
|-damage|p2a: Corviknight|47/100
|
|-damage|p1a: Conkeldurr|94/100 brn|[from] brn
|upkeep
|turn|17
|
|t:|1665082084
|switch|p2a: Toxapex|Toxapex, M|88/100
|move|p1a: Conkeldurr|Drain Punch|p2a: Toxapex
|-resisted|p2a: Toxapex
|-damage|p2a: Toxapex|66/100
|-heal|p1a: Conkeldurr|100/100 brn|[from] drain|[of] p2a: Toxapex
|
|-heal|p2a: Toxapex|73/100|[from] item: Black Sludge
|-damage|p1a: Conkeldurr|94/100 brn|[from] brn
|upkeep
|turn|18
|
|t:|1665082090
|move|p1a: Conkeldurr|Facade|p2a: Toxapex
|-damage|p2a: Toxapex|15/100
|move|p2a: Toxapex|Scald|p1a: Conkeldurr
|-damage|p1a: Conkeldurr|74/100 brn
|
|-heal|p2a: Toxapex|21/100|[from] item: Black Sludge
|-damage|p1a: Conkeldurr|68/100 brn|[from] brn
|upkeep
|turn|19
|l| Ran Kob
|
|t:|1665082107
|switch|p2a: Buzzwole|Buzzwole|82/100
|move|p1a: Conkeldurr|Knock Off|p2a: Buzzwole
|-resisted|p2a: Buzzwole
|-damage|p2a: Buzzwole|62/100
|-enditem|p2a: Buzzwole|Choice Band|[from] move: Knock Off|[of] p1a: Conkeldurr
|
|-damage|p1a: Conkeldurr|62/100 brn|[from] brn
|upkeep
|turn|20
|
|t:|1665082123
|switch|p1a: Dragapult|Dragapult, F, shiny|81/100
|move|p2a: Buzzwole|Close Combat|p1a: Dragapult
|-immune|p1a: Dragapult
|
|upkeep
|turn|21
|
|t:|1665082131
|switch|p2a: Toxapex|Toxapex, M|54/100
|move|p1a: Dragapult|Dragon Darts|p2a: Toxapex
|-damage|p2a: Toxapex|32/100
|-anim|p1a: Dragapult|Dragon Darts|p2a: Toxapex
|-damage|p2a: Toxapex|9/100
|-damage|p1a: Dragapult|71/100|[from] item: Life Orb
|
|-heal|p2a: Toxapex|16/100|[from] item: Black Sludge
|upkeep
|turn|22
|
|t:|1665082139
|switch|p2a: Landorus|Landorus-Therian, M|100/100
|-ability|p2a: Landorus|Intimidate|boost
|-fail|p1a: Dragapult|unboost|[from] ability: Clear Body|[of] p1a: Dragapult
|move|p1a: Dragapult|Dragon Darts|p2a: Landorus
|-damage|p2a: Landorus|59/100
|-anim|p1a: Dragapult|Dragon Darts|p2a: Landorus
|-damage|p2a: Landorus|16/100
|-damage|p1a: Dragapult|61/100|[from] item: Life Orb
|
|upkeep
|turn|23
|
|t:|1665082146
|move|p2a: Landorus|Knock Off|p1a: Dragapult
|-supereffective|p1a: Dragapult
|-damage|p1a: Dragapult|0 fnt
|-enditem|p1a: Dragapult|Life Orb|[from] move: Knock Off|[of] p2a: Landorus
|faint|p1a: Dragapult
|
|upkeep
|
|t:|1665082155
|switch|p1a: Conkeldurr|Conkeldurr, M, shiny|62/100 brn
|turn|24
|inactive|ManImissMyBrain has 120 seconds left.
|
|t:|1665082186
|switch|p2a: Corviknight|Corviknight, M|47/100
|-ability|p2a: Corviknight|Pressure
|move|p1a: Conkeldurr|Drain Punch|p2a: Corviknight
|-damage|p2a: Corviknight|4/100
|-heal|p1a: Conkeldurr|85/100 brn|[from] drain|[of] p2a: Corviknight
|
|-damage|p1a: Conkeldurr|79/100 brn|[from] brn
|upkeep
|turn|25
|
|t:|1665082194
|move|p2a: Corviknight|Roost|p2a: Corviknight
|-heal|p2a: Corviknight|54/100
|-singleturn|p2a: Corviknight|move: Roost
|move|p1a: Conkeldurr|Facade|p2a: Corviknight
|-resisted|p2a: Corviknight
|-damage|p2a: Corviknight|28/100
|
|-damage|p1a: Conkeldurr|73/100 brn|[from] brn
|upkeep
|turn|26
|
|t:|1665082207
|move|p2a: Corviknight|Brave Bird|p1a: Conkeldurr
|-supereffective|p1a: Conkeldurr
|-damage|p1a: Conkeldurr|11/100 brn
|-damage|p2a: Corviknight|9/100|[from] Recoil
|move|p1a: Conkeldurr|Drain Punch|p2a: Corviknight
|-damage|p2a: Corviknight|0 fnt
|-heal|p1a: Conkeldurr|16/100 brn|[from] drain|[of] p2a: Corviknight
|faint|p2a: Corviknight
|
|-damage|p1a: Conkeldurr|10/100 brn|[from] brn
|upkeep
|inactive|ManImissMyBrain has 120 seconds left.
|
|t:|1665082224
|switch|p2a: Volcarona|Volcarona, F|100/100
|turn|27
|
|t:|1665082231
|move|p2a: Volcarona|Flamethrower|p1a: Conkeldurr
|-damage|p1a: Conkeldurr|0 fnt
|faint|p1a: Conkeldurr
|
|upkeep
|
|t:|1665082237
|switch|p1a: Volcanion|Volcanion|68/100
|turn|28
|
|t:|1665082250
|switch|p2a: Blissey|Blissey, F|21/100
|move|p1a: Volcanion|Steam Eruption|p2a: Blissey|[miss]
|-miss|p1a: Volcanion|p2a: Blissey
|
|upkeep
|turn|29
|
|t:|1665082256
|move|p1a: Volcanion|Steam Eruption|p2a: Blissey
|-damage|p2a: Blissey|0 fnt
|faint|p2a: Blissey
|
|upkeep
|
|t:|1665082263
|switch|p2a: Toxapex|Toxapex, M|49/100
|turn|30
|
|t:|1665082268
|switch|p1a: Weavile|Weavile, F|100/100 par
|-ability|p1a: Weavile|Pressure
|move|p2a: Toxapex|Recover|p2a: Toxapex
|-heal|p2a: Toxapex|99/100
|
|-heal|p2a: Toxapex|100/100|[from] item: Black Sludge
|upkeep
|turn|31
|
|t:|1665082295
|move|p1a: Weavile|Knock Off|p2a: Toxapex
|-damage|p2a: Toxapex|52/100
|-enditem|p2a: Toxapex|Black Sludge|[from] move: Knock Off|[of] p1a: Weavile
|move|p2a: Toxapex|Scald|p1a: Weavile
|-damage|p1a: Weavile|77/100 par
|
|upkeep
|turn|32
|
|t:|1665082302
|switch|p1a: Landorus|Landorus-Therian, M|47/100 tox
|-ability|p1a: Landorus|Intimidate|boost
|-unboost|p2a: Toxapex|atk|1
|move|p2a: Toxapex|Recover|p2a: Toxapex
|-heal|p2a: Toxapex|100/100
|
|-damage|p1a: Landorus|41/100 tox|[from] psn
|upkeep
|turn|33
|
|t:|1665082308
|move|p1a: Landorus|Earthquake|p2a: Toxapex
|-supereffective|p2a: Toxapex
|-damage|p2a: Toxapex|41/100
|move|p2a: Toxapex|Scald|p1a: Landorus
|-supereffective|p1a: Landorus
|-damage|p1a: Landorus|17/100 tox
|
|-damage|p1a: Landorus|5/100 tox|[from] psn
|upkeep
|turn|34
|
|t:|1665082320
|switch|p2a: Buzzwole|Buzzwole|62/100
|move|p1a: Landorus|U-turn|p2a: Buzzwole
|-resisted|p2a: Buzzwole
|-damage|p2a: Buzzwole|54/100
|
|t:|1665082325
|switch|p1a: Volcanion|Volcanion|68/100|[from]move: U-turn
|
|upkeep
|turn|35
|
|t:|1665082338
|move|p2a: Buzzwole|Close Combat|p1a: Volcanion
|-damage|p1a: Volcanion|8/100
|-unboost|p2a: Buzzwole|def|1
|-unboost|p2a: Buzzwole|spd|1
|move|p1a: Volcanion|Earth Power|p2a: Buzzwole
|-resisted|p2a: Buzzwole
|-damage|p2a: Buzzwole|0 fnt
|faint|p2a: Buzzwole
|
|upkeep
|
|t:|1665082351
|switch|p2a: Landorus|Landorus-Therian, M|16/100
|-ability|p2a: Landorus|Intimidate|boost
|-unboost|p1a: Volcanion|atk|1
|turn|36
|
|t:|1665082365
|switch|p1a: Landorus|Landorus-Therian, M|5/100 tox
|-ability|p1a: Landorus|Intimidate|boost
|-unboost|p2a: Landorus|atk|1
|move|p2a: Landorus|U-turn|p1a: Landorus
|-resisted|p1a: Landorus
|-damage|p1a: Landorus|0 fnt
|faint|p1a: Landorus
|
|t:|1665082373
|switch|p2a: Toxapex|Toxapex, M|74/100|[from]move: U-turn
|
|upkeep
|
|t:|1665082380
|switch|p1a: Volcanion|Volcanion|8/100
|turn|37
|inactive|ManImissMyBrain has 120 seconds left.
|
|t:|1665082411
|move|p1a: Volcanion|Earth Power|p2a: Toxapex
|-supereffective|p2a: Toxapex
|-damage|p2a: Toxapex|0 fnt
|faint|p2a: Toxapex
|
|upkeep
|inactive|ManImissMyBrain has 120 seconds left.
|
|t:|1665082421
|switch|p2a: Volcarona|Volcarona, F|100/100
|turn|38
|
|t:|1665082447
|move|p2a: Volcarona|Quiver Dance|p2a: Volcarona
|-boost|p2a: Volcarona|spa|1
|-boost|p2a: Volcarona|spd|1
|-boost|p2a: Volcarona|spe|1
|move|p1a: Volcanion|Earth Power|p2a: Volcarona
|-damage|p2a: Volcarona|66/100
|
|upkeep
|turn|39
|inactive|ManImissMyBrain has 120 seconds left.
|
|t:|1665082467
|switch|p1a: Weavile|Weavile, F|77/100 par
|-ability|p1a: Weavile|Pressure
|move|p2a: Volcarona|Quiver Dance|p2a: Volcarona
|-boost|p2a: Volcarona|spa|1
|-boost|p2a: Volcarona|spd|1
|-boost|p2a: Volcarona|spe|1
|
|upkeep
|turn|40
|inactive|cump6 has 120 seconds left.
|
|t:|1665082490
|move|p1a: Weavile|Ice Shard|p2a: Volcarona
|-resisted|p2a: Volcarona
|-damage|p2a: Volcarona|42/100
|move|p2a: Volcarona|Flamethrower|p1a: Weavile
|-supereffective|p1a: Weavile
|-damage|p1a: Weavile|0 fnt
|faint|p1a: Weavile
|
|upkeep
|
|t:|1665082492
|switch|p1a: Kartana|Kartana, shiny|100/100
|turn|41
|
|t:|1665082497
|move|p2a: Volcarona|Flamethrower|p1a: Kartana
|-supereffective|p1a: Kartana
|-damage|p1a: Kartana|0 fnt
|faint|p1a: Kartana
|
|upkeep
|c|☆cump6|gg
|-message|cump6 forfeited.
|
|win|ManImissMyBrain
|raw|cump6's rating: 1681 &rarr; <strong>1661</strong><br />(-20 for losing)
|raw|ManImissMyBrain's rating: 1677 &rarr; <strong>1697</strong><br />(+20 for winning)
|l|☆cump6
|l| OmegaTroll
||Ladder isn't responding, score probably updated but might not have (Request timeout).
