|j|☆Sp0oNl0rD
|j|☆Seasons In the Sun
|inactive|Battle timer is ON: inactive players will automatically lose when time's up.
|t:|1649027533
|gametype|singles
|player|p1|Sp0oNl0rD|blackbelt-gen4dp|
|player|p2|Seasons In the Sun|birdkeeper|
|teamsize|p1|6
|teamsize|p2|6
|gen|8
|tier|[Gen 8] OU
|rated|Tournament battle
|rule|Sleep Clause Mod: Limit one foe put to sleep
|rule|Species Clause: Limit one of each Pokémon
|rule|OHKO Clause: OHKO moves are banned
|rule|Evasion Moves Clause: Evasion moves are banned
|rule|Endless Battle Clause: Forcing endless battles is banned
|rule|HP Percentage Mod: HP is shown in percentages
|rule|Dynamax Clause: You cannot dynamax
|clearpoke
|poke|p1|Buzzwole|
|poke|p1|Blissey, F|
|poke|p1|Ferrothorn, F|
|poke|p1|Toxapex, F|
|poke|p1|Landorus-Therian, M|
|poke|p1|Tapu Lele|
|poke|p2|Torkoal, F|
|poke|p2|Leafeon, F|
|poke|p2|Tapu Koko|
|poke|p2|Landorus-Therian, M|
|poke|p2|Victini|
|poke|p2|Tapu Fini|
|teampreview
|inactive|Sp0oNl0rD also wants the timer to be on.
|j| seelbachariot
|j| Iliketrains4576
|c|☆Sp0oNl0rD|hf
|c|☆Seasons In the Sun|hf
|j| RedDiamond1024
|j| Lillia2.0
|j| edrala
|inactive|Seasons In the Sun has 120 seconds left.
|
|t:|1649027583
|start
|switch|p1a: Toxapex|Toxapex, F|100/100
|switch|p2a: Tapu Fini|Tapu Fini|100/100
|-fieldstart|move: Misty Terrain|[from] ability: Misty Surge|[of] p2a: Tapu Fini
|turn|1
|c| RedDiamond1024|Yo leafeon sun
|j| Conventions2geneve
|j| jefo
|
|t:|1649027600
|switch|p1a: Ferrothorn|Ferrothorn, F|100/100
|move|p2a: Tapu Fini|Knock Off|p1a: Ferrothorn
|-damage|p1a: Ferrothorn|92/100
|-damage|p2a: Tapu Fini|88/100|[from] ability: Iron Barbs|[of] p1a: Ferrothorn
|-enditem|p1a: Ferrothorn|Leftovers|[from] move: Knock Off|[of] p2a: Tapu Fini
|
|-heal|p2a: Tapu Fini|94/100|[from] item: Leftovers
|upkeep
|turn|2
|inactive|Seasons In the Sun has 120 seconds left.
|
|t:|1649027648
|switch|p2a: Torkoal|Torkoal, F|100/100
|-weather|SunnyDay|[from] ability: Drought|[of] p2a: Torkoal
|move|p1a: Ferrothorn|Knock Off|p2a: Torkoal
|-crit|p2a: Torkoal
|-damage|p2a: Torkoal|81/100
|-enditem|p2a: Torkoal|Heat Rock|[from] move: Knock Off|[of] p1a: Ferrothorn
|
|-weather|SunnyDay|[upkeep]
|upkeep
|turn|3
|
|t:|1649027660
|switch|p1a: Toxapex|Toxapex, F|100/100
|move|p2a: Torkoal|Stealth Rock|p1a: Toxapex
|-sidestart|p1: Sp0oNl0rD|move: Stealth Rock
|
|-weather|SunnyDay|[upkeep]
|upkeep
|turn|4
|l| Conventions2geneve
|
|t:|1649027676
|switch|p2a: Tapu Fini|Tapu Fini|94/100
|move|p1a: Toxapex|Knock Off|p2a: Tapu Fini
|-resisted|p2a: Tapu Fini
|-damage|p2a: Tapu Fini|89/100
|-enditem|p2a: Tapu Fini|Leftovers|[from] move: Knock Off|[of] p1a: Toxapex
|
|-weather|SunnyDay|[upkeep]
|upkeep
|turn|5
|inactive|Seasons In the Sun has 90 seconds left.
|
|t:|1649027695
|switch|p2a: Victini|Victini|100/100
|switch|p1a: Ferrothorn|Ferrothorn, F|92/100
|-damage|p1a: Ferrothorn|86/100|[from] Stealth Rock
|
|-weather|SunnyDay|[upkeep]
|-fieldend|Misty Terrain
|upkeep
|turn|6
|
|t:|1649027700
|switch|p1a: Toxapex|Toxapex, F|100/100
|-damage|p1a: Toxapex|88/100|[from] Stealth Rock
|move|p2a: Victini|V-create|p1a: Toxapex
|-resisted|p1a: Toxapex
|-damage|p1a: Toxapex|20/100
|-unboost|p2a: Victini|spe|1
|-unboost|p2a: Victini|def|1
|-unboost|p2a: Victini|spd|1
|-damage|p2a: Victini|84/100|[from] item: Rocky Helmet|[of] p1a: Toxapex
|
|-weather|SunnyDay|[upkeep]
|upkeep
|turn|7
|
|t:|1649027714
|switch|p1a: Ferrothorn|Ferrothorn, F|86/100
|-damage|p1a: Ferrothorn|79/100|[from] Stealth Rock
|move|p2a: Victini|V-create|p1a: Ferrothorn
|-supereffective|p1a: Ferrothorn
|-damage|p1a: Ferrothorn|0 fnt
|-unboost|p2a: Victini|spe|1
|-unboost|p2a: Victini|def|1
|-unboost|p2a: Victini|spd|1
|-damage|p2a: Victini|72/100|[from] ability: Iron Barbs|[of] p1a: Ferrothorn
|faint|p1a: Ferrothorn
|
|-weather|SunnyDay|[upkeep]
|upkeep
|
|t:|1649027716
|switch|p1a: Tapu Lele|Tapu Lele|100/100
|-damage|p1a: Tapu Lele|88/100|[from] Stealth Rock
|-fieldstart|move: Psychic Terrain|[from] ability: Psychic Surge|[of] p1a: Tapu Lele
|turn|8
|inactive|Seasons In the Sun has 120 seconds left.
|inactive|Seasons In the Sun has 90 seconds left.
|inactive|Seasons In the Sun has 60 seconds left.
|
|t:|1649027802
|switch|p2a: Landorus|Landorus-Therian, M|100/100
|-ability|p2a: Landorus|Intimidate|boost
|-unboost|p1a: Tapu Lele|atk|1
|move|p1a: Tapu Lele|Psyshock|p2a: Landorus
|-damage|p2a: Landorus|62/100
|
|-weather|SunnyDay|[upkeep]
|-heal|p1a: Tapu Lele|94/100|[from] item: Leftovers
|upkeep
|turn|9
|l| jefo
|
|t:|1649027814
|switch|p1a: Landorus|Landorus-Therian, M|100/100
|-damage|p1a: Landorus|88/100|[from] Stealth Rock
|-ability|p1a: Landorus|Intimidate|boost
|-unboost|p2a: Landorus|atk|1
|move|p2a: Landorus|U-turn|p1a: Landorus
|-resisted|p1a: Landorus
|-damage|p1a: Landorus|81/100
|
|t:|1649027826
|switch|p2a: Victini|Victini|72/100|[from]move: U-turn
|
|-weather|none
|-heal|p1a: Landorus|87/100|[from] item: Leftovers
|upkeep
|turn|10
|
|t:|1649027830
|switch|p1a: Toxapex|Toxapex, F|53/100
|-damage|p1a: Toxapex|41/100|[from] Stealth Rock
|move|p2a: Victini|V-create|p1a: Toxapex
|-resisted|p1a: Toxapex
|-damage|p1a: Toxapex|0 fnt
|-unboost|p2a: Victini|spe|1
|-unboost|p2a: Victini|def|1
|-unboost|p2a: Victini|spd|1
|-damage|p2a: Victini|55/100|[from] item: Rocky Helmet|[of] p1a: Toxapex
|faint|p1a: Toxapex
|
|upkeep
|
|t:|1649027836
|switch|p1a: Landorus|Landorus-Therian, M|87/100
|-damage|p1a: Landorus|74/100|[from] Stealth Rock
|-ability|p1a: Landorus|Intimidate|boost
|-unboost|p2a: Victini|atk|1
|turn|11
|
|t:|1649027846
|switch|p2a: Landorus|Landorus-Therian, M|62/100
|-ability|p2a: Landorus|Intimidate|boost
|-unboost|p1a: Landorus|atk|1
|move|p1a: Landorus|Defog|p2a: Landorus
|-unboost|p2a: Landorus|evasion|1
|-sideend|p1: Sp0oNl0rD|Stealth Rock|[from] move: Defog|[of] p1a: Landorus
|-fieldend|move: Psychic Terrain
|
|-heal|p1a: Landorus|80/100|[from] item: Leftovers
|upkeep
|turn|12
|
|t:|1649027854
|move|p2a: Landorus|Toxic|p1a: Landorus
|-status|p1a: Landorus|tox
|move|p1a: Landorus|Toxic|p2a: Landorus
|-status|p2a: Landorus|tox
|
|-heal|p1a: Landorus|86/100 tox|[from] item: Leftovers
|-damage|p2a: Landorus|56/100 tox|[from] psn
|-damage|p1a: Landorus|80/100 tox|[from] psn
|upkeep
|turn|13
|inactive|Seasons In the Sun has 60 seconds left.
|
|t:|1649027870
|move|p2a: Landorus|U-turn|p1a: Landorus
|-resisted|p1a: Landorus
|-damage|p1a: Landorus|70/100 tox
|
|t:|1649027872
|switch|p2a: Torkoal|Torkoal, F|81/100|[from]move: U-turn
|-weather|SunnyDay|[from] ability: Drought|[of] p2a: Torkoal
|move|p1a: Landorus|U-turn|p2a: Torkoal
|-resisted|p2a: Torkoal
|-damage|p2a: Torkoal|76/100
|
|t:|1649027893
|switch|p1a: Tapu Lele|Tapu Lele|94/100|[from]move: U-turn
|-fieldstart|move: Psychic Terrain|[from] ability: Psychic Surge|[of] p1a: Tapu Lele
|
|-weather|SunnyDay|[upkeep]
|-heal|p1a: Tapu Lele|99/100|[from] item: Leftovers
|upkeep
|turn|14
|inactive|Seasons In the Sun has 60 seconds left.
|
|t:|1649027903
|switch|p2a: Victini|Victini|55/100
|move|p1a: Tapu Lele|Thunderbolt|p2a: Victini
|-damage|p2a: Victini|25/100
|
|-weather|SunnyDay|[upkeep]
|-heal|p1a: Tapu Lele|100/100|[from] item: Leftovers
|upkeep
|turn|15
|
|t:|1649027909
|switch|p1a: Landorus|Landorus-Therian, M|70/100 tox
|-ability|p1a: Landorus|Intimidate|boost
|-unboost|p2a: Victini|atk|1
|move|p2a: Victini|V-create|p1a: Landorus
|-damage|p1a: Landorus|0 fnt
|-unboost|p2a: Victini|spe|1
|-unboost|p2a: Victini|def|1
|-unboost|p2a: Victini|spd|1
|faint|p1a: Landorus
|
|-weather|SunnyDay|[upkeep]
|upkeep
|
|t:|1649027910
|switch|p1a: Tapu Lele|Tapu Lele|100/100
|turn|16
|
|t:|1649027915
|switch|p2a: Landorus|Landorus-Therian, M|56/100 tox
|-ability|p2a: Landorus|Intimidate|boost
|-unboost|p1a: Tapu Lele|atk|1
|move|p1a: Tapu Lele|Psyshock|p2a: Landorus
|-damage|p2a: Landorus|21/100 tox
|
|-weather|SunnyDay|[upkeep]
|-damage|p2a: Landorus|15/100 tox|[from] psn
|upkeep
|turn|17
|
|t:|1649027921
|move|p1a: Tapu Lele|Psyshock|p2a: Landorus
|-damage|p2a: Landorus|0 fnt
|faint|p2a: Landorus
|
|-weather|none
|-fieldend|move: Psychic Terrain
|upkeep
|
|t:|1649027925
|switch|p2a: Victini|Victini|25/100
|turn|18
|
|t:|1649027930
|move|p2a: Victini|V-create|p1a: Tapu Lele
|-damage|p1a: Tapu Lele|0 fnt
|-unboost|p2a: Victini|spe|1
|-unboost|p2a: Victini|def|1
|-unboost|p2a: Victini|spd|1
|faint|p1a: Tapu Lele
|
|upkeep
|
|t:|1649027932
|switch|p1a: Blissey|Blissey, F|100/100
|turn|19
|
|t:|1649027946
|switch|p2a: Tapu Fini|Tapu Fini|89/100
|-fieldstart|move: Misty Terrain|[from] ability: Misty Surge|[of] p2a: Tapu Fini
|move|p1a: Blissey|Seismic Toss|p2a: Tapu Fini
|-damage|p2a: Tapu Fini|60/100
|
|upkeep
|turn|20
|
|t:|1649027955
|move|p2a: Tapu Fini|Nature's Madness|p1a: Blissey
|-damage|p1a: Blissey|50/100
|move|p1a: Blissey|Seismic Toss|p2a: Tapu Fini
|-damage|p2a: Tapu Fini|30/100
|
|upkeep
|turn|21
|
|t:|1649027960
|move|p2a: Tapu Fini|Taunt|p1a: Blissey
|-start|p1a: Blissey|move: Taunt
|cant|p1a: Blissey|move: Taunt|Soft-Boiled
|
|upkeep
|turn|22
|
|t:|1649027965
|move|p2a: Tapu Fini|Knock Off|p1a: Blissey
|-damage|p1a: Blissey|37/100
|-enditem|p1a: Blissey|Heavy-Duty Boots|[from] move: Knock Off|[of] p2a: Tapu Fini
|move|p1a: Blissey|Seismic Toss|p2a: Tapu Fini
|-damage|p2a: Tapu Fini|1/100
|
|upkeep
|turn|23
|
|t:|1649027971
|move|p2a: Tapu Fini|Moonblast|p1a: Blissey
|-damage|p1a: Blissey|25/100
|move|p1a: Blissey|Seismic Toss|p2a: Tapu Fini
|-damage|p2a: Tapu Fini|0 fnt
|faint|p2a: Tapu Fini
|
|-end|p1a: Blissey|move: Taunt
|-fieldend|Misty Terrain
|upkeep
|
|t:|1649027975
|switch|p2a: Victini|Victini|25/100
|turn|24
|
|t:|1649027977
|move|p2a: Victini|V-create|p1a: Blissey
|-damage|p1a: Blissey|0 fnt
|-unboost|p2a: Victini|spe|1
|-unboost|p2a: Victini|def|1
|-unboost|p2a: Victini|spd|1
|faint|p1a: Blissey
|
|upkeep
|
|t:|1649027978
|switch|p1a: Buzzwole|Buzzwole|100/100
|turn|25
|
|t:|1649027980
|switch|p2a: Torkoal|Torkoal, F|76/100
|-weather|SunnyDay|[from] ability: Drought|[of] p2a: Torkoal
|move|p1a: Buzzwole|Leech Life|p2a: Torkoal
|-resisted|p2a: Torkoal
|-crit|p2a: Torkoal
|-damage|p2a: Torkoal|55/100
|
|-weather|SunnyDay|[upkeep]
|upkeep
|turn|26
|
|t:|1649027986
|move|p1a: Buzzwole|Close Combat|p2a: Torkoal
|-damage|p2a: Torkoal|10/100
|-unboost|p1a: Buzzwole|def|1
|-unboost|p1a: Buzzwole|spd|1
|move|p2a: Torkoal|Lava Plume|p1a: Buzzwole
|-supereffective|p1a: Buzzwole
|-damage|p1a: Buzzwole|0 fnt
|faint|p1a: Buzzwole
|
|win|Seasons In the Sun
|n|☆Sp0oNl0rD|sp0onl0rd
|n|☆Seasons In the Sun|seasonsinthesun
|n| seelbachariot|seelbachariot
|n| Iliketrains4576|iliketrains4576
|n| RedDiamond1024|reddiamond1024
|n| Lillia2.0|lillia20
|n| edrala|edrala
|l|☆Sp0oNl0rD
|c|☆Seasons In the Sun|gg
|l| Iliketrains4576
