|j|☆Rheinmetal
|j|☆large owl
|t:|1606242164
|player|p1|Rheinmetal|cynthia|1505
|player|p2|large owl|mira|1534
|teamsize|p1|6
|teamsize|p2|6
|gametype|singles
|gen|8
|tier|[Gen 8] OU
|rated|
|clearpoke
|poke|p1|Latios, M|
|poke|p1|Ferrothorn, M|
|poke|p1|Volcarona, M|
|poke|p1|Rhyperior, M|
|poke|p1|Tapu Fini|
|poke|p1|Urshifu-*, M|
|poke|p2|Landorus-Therian, M|
|poke|p2|Ferrothorn, F|
|poke|p2|Incineroar, F|
|poke|p2|Slowbro, M|
|poke|p2|Nihilego|
|poke|p2|Zapdos-Galar|
|rule|Sleep Clause Mod: Limit one foe put to sleep
|rule|Species Clause: Limit one of each Pokémon
|rule|OHKO Clause: OHKO moves are banned
|rule|Evasion Moves Clause: Evasion moves are banned
|rule|Endless Battle Clause: Forcing endless battles is banned
|rule|HP Percentage Mod: HP is shown in percentages
|rule|Dynamax Clause: You cannot dynamax
|teampreview
|inactive|Battle timer is ON: inactive players will automatically lose when time's up. (requested by Rheinmetal)
|j| Riiguez 幸福
|j| TRoooooooooooooooo
|
|t:|1606242184
|start
|switch|p1a: Calamity|Tapu Fini|100/100
|switch|p2a: Landorus|Landorus-Therian, M|100/100
|-ability|p2a: Landorus|Intimidate|boost
|-unboost|p1a: Calamity|atk|1
|-fieldstart|move: Misty Terrain|[from] ability: Misty Surge|[of] p1a: Calamity
|turn|1
|
|t:|1606242187
|move|p2a: Landorus|U-turn|p1a: Calamity
|-resisted|p1a: Calamity
|-damage|p1a: Calamity|87/100
|
|t:|1606242190
|switch|p2a: Ferrothorn|Ferrothorn, F|100/100|[from]move: U-turn
|move|p1a: Calamity|Hydro Pump|p2a: Ferrothorn|[miss]
|-miss|p1a: Calamity|p2a: Ferrothorn
|
|upkeep
|turn|2
|
|t:|1606242201
|switch|p1a: Temple|Ferrothorn, M|100/100
|move|p2a: Ferrothorn|Stealth Rock|p1a: Temple
|-sidestart|p1: Rheinmetal|move: Stealth Rock
|
|upkeep
|turn|3
|
|t:|1606242215
|move|p1a: Temple|Stealth Rock|p2a: Ferrothorn
|-sidestart|p2: large owl|move: Stealth Rock
|move|p2a: Ferrothorn|Knock Off|p1a: Temple
|-damage|p1a: Temple|88/100
|-damage|p2a: Ferrothorn|88/100|[from] ability: Iron Barbs|[of] p1a: Temple
|-damage|p2a: Ferrothorn|72/100|[from] item: Rocky Helmet|[of] p1a: Temple
|-enditem|p1a: Temple|Rocky Helmet|[from] move: Knock Off|[of] p2a: Ferrothorn
|
|-heal|p2a: Ferrothorn|78/100|[from] item: Leftovers
|upkeep
|turn|4
|
|t:|1606242235
|switch|p2a: Slowbro|Slowbro, M|100/100
|-damage|p2a: Slowbro|88/100|[from] Stealth Rock
|move|p1a: Temple|Body Press|p2a: Slowbro
|-resisted|p2a: Slowbro
|-damage|p2a: Slowbro|79/100
|-damage|p1a: Temple|72/100|[from] item: Rocky Helmet|[of] p2a: Slowbro
|
|upkeep
|turn|5
|
|t:|1606242242
|move|p1a: Temple|Leech Seed|p2a: Slowbro
|-start|p2a: Slowbro|move: Leech Seed
|move|p2a: Slowbro|Teleport|p2a: Slowbro
|
|t:|1606242246
|switch|p2a: Zapdos|Zapdos-Galar|100/100|[from]move: Teleport
|-damage|p2a: Zapdos|88/100|[from] Stealth Rock
|
|-fieldend|Misty Terrain
|upkeep
|turn|6
|
|t:|1606242256
|move|p2a: Zapdos|Close Combat|p1a: Temple
|-supereffective|p1a: Temple
|-damage|p1a: Temple|6/100
|-unboost|p2a: Zapdos|def|1
|-unboost|p2a: Zapdos|spd|1
|-damage|p2a: Zapdos|76/100|[from] ability: Iron Barbs|[of] p1a: Temple
|move|p1a: Temple|Power Whip|p2a: Zapdos
|-resisted|p2a: Zapdos
|-damage|p2a: Zapdos|44/100
|
|upkeep
|turn|7
|
|t:|1606242262
|move|p2a: Zapdos|Close Combat|p1a: Temple
|-supereffective|p1a: Temple
|-damage|p1a: Temple|0 fnt
|-unboost|p2a: Zapdos|def|1
|-unboost|p2a: Zapdos|spd|1
|-damage|p2a: Zapdos|31/100|[from] ability: Iron Barbs|[of] p1a: Temple
|faint|p1a: Temple
|
|upkeep
|
|t:|1606242267
|switch|p1a: Avalon|Latios, M|100/100
|-damage|p1a: Avalon|88/100|[from] Stealth Rock
|turn|8
|
|t:|1606242275
|switch|p2a: Ferrothorn|Ferrothorn, F|78/100
|-damage|p2a: Ferrothorn|72/100|[from] Stealth Rock
|move|p1a: Avalon|Aura Sphere|p2a: Ferrothorn
|-supereffective|p2a: Ferrothorn
|-damage|p2a: Ferrothorn|8/100
|-damage|p1a: Avalon|78/100|[from] item: Life Orb
|
|-heal|p2a: Ferrothorn|14/100|[from] item: Leftovers
|upkeep
|turn|9
|
|t:|1606242289
|move|p1a: Avalon|Aura Sphere|p2a: Ferrothorn
|-supereffective|p2a: Ferrothorn
|-damage|p2a: Ferrothorn|0 fnt
|-damage|p1a: Avalon|68/100|[from] item: Life Orb
|faint|p2a: Ferrothorn
|
|upkeep
|
|t:|1606242311
|switch|p2a: Zapdos|Zapdos-Galar|31/100
|-damage|p2a: Zapdos|19/100|[from] Stealth Rock
|turn|10
|
|t:|1606242324
|switch|p1a: Mortar|Rhyperior, M|100/100
|-damage|p1a: Mortar|94/100|[from] Stealth Rock
|move|p2a: Zapdos|U-turn|p1a: Mortar
|-damage|p1a: Mortar|79/100
|
|t:|1606242336
|switch|p2a: Landorus|Landorus-Therian, M|100/100|[from]move: U-turn
|-damage|p2a: Landorus|88/100|[from] Stealth Rock
|-ability|p2a: Landorus|Intimidate|boost
|-unboost|p1a: Mortar|atk|1
|
|-heal|p1a: Mortar|85/100|[from] item: Leftovers
|upkeep
|turn|11
|
|t:|1606242348
|move|p2a: Landorus|Earthquake|p1a: Mortar
|-supereffective|p1a: Mortar
|-damage|p1a: Mortar|33/100
|move|p1a: Mortar|Toxic|p2a: Landorus|[miss]
|-miss|p1a: Mortar|p2a: Landorus
|
|-heal|p1a: Mortar|39/100|[from] item: Leftovers
|upkeep
|turn|12
|
|t:|1606242359
|switch|p2a: Incineroar|Incineroar, F|100/100
|-ability|p2a: Incineroar|Intimidate|boost
|-unboost|p1a: Mortar|atk|1
|switch|p1a: Avalon|Latios, M|68/100
|-damage|p1a: Avalon|56/100|[from] Stealth Rock
|
|upkeep
|turn|13
|
|t:|1606242365
|move|p1a: Avalon|Draco Meteor|p2a: Incineroar
|-damage|p2a: Incineroar|44/100
|-unboost|p1a: Avalon|spa|2
|-damage|p1a: Avalon|46/100|[from] item: Life Orb
|move|p2a: Incineroar|Knock Off|p1a: Avalon
|-supereffective|p1a: Avalon
|-damage|p1a: Avalon|0 fnt
|-enditem|p1a: Avalon|Life Orb|[from] move: Knock Off|[of] p2a: Incineroar
|faint|p1a: Avalon
|
|upkeep
|
|t:|1606242372
|switch|p1a: Calamity|Tapu Fini|87/100
|-damage|p1a: Calamity|75/100|[from] Stealth Rock
|-fieldstart|move: Misty Terrain|[from] ability: Misty Surge|[of] p1a: Calamity
|turn|14
|
|t:|1606242380
|switch|p2a: Slowbro|Slowbro, M|100/100
|-damage|p2a: Slowbro|88/100|[from] Stealth Rock
|move|p1a: Calamity|Defog|p2a: Slowbro
|-unboost|p2a: Slowbro|evasion|1
|-sideend|p2: large owl|Stealth Rock|[from] move: Defog|[of] p1a: Calamity
|-sideend|p1: Rheinmetal|Stealth Rock|[from] move: Defog|[of] p1a: Calamity
|-fieldend|Misty Terrain
|
|upkeep
|turn|15
|
|t:|1606242392
|switch|p1a: Mortar|Rhyperior, M|39/100
|move|p2a: Slowbro|Future Sight|p1a: Mortar
|-start|p2a: Slowbro|move: Future Sight
|
|-heal|p1a: Mortar|45/100|[from] item: Leftovers
|upkeep
|turn|16
|
|t:|1606242398
|move|p1a: Mortar|Stealth Rock|p2a: Slowbro
|-sidestart|p2: large owl|move: Stealth Rock
|move|p2a: Slowbro|Scald|p1a: Mortar
|-supereffective|p1a: Mortar
|-damage|p1a: Mortar|0 fnt
|faint|p1a: Mortar
|
|upkeep
|
|t:|1606242404
|switch|p1a: Silhouette|Urshifu, M|100/100
|turn|17
|
|t:|1606242411
|switch|p2a: Incineroar|Incineroar, F|44/100
|-ability|p2a: Incineroar|Intimidate|boost
|-unboost|p1a: Silhouette|atk|1
|move|p1a: Silhouette|Bulk Up|p1a: Silhouette
|-boost|p1a: Silhouette|atk|1
|-boost|p1a: Silhouette|def|1
|
|-end|p1a: Silhouette|move: Future Sight
|-immune|p1a: Silhouette
|upkeep
|turn|18
|
|t:|1606242417
|move|p1a: Silhouette|Bulk Up|p1a: Silhouette
|-boost|p1a: Silhouette|atk|1
|-boost|p1a: Silhouette|def|1
|move|p2a: Incineroar|Will-O-Wisp|p1a: Silhouette
|-status|p1a: Silhouette|brn
|
|-damage|p1a: Silhouette|94/100 brn|[from] brn
|upkeep
|turn|19
|
|t:|1606242428
|move|p1a: Silhouette|Bulk Up|p1a: Silhouette
|-boost|p1a: Silhouette|atk|1
|-boost|p1a: Silhouette|def|1
|move|p2a: Incineroar|Parting Shot|p1a: Silhouette
|-unboost|p1a: Silhouette|atk|1
|-unboost|p1a: Silhouette|spa|1
|
|t:|1606242435
|switch|p2a: Landorus|Landorus-Therian, M|88/100|[from]move: Parting Shot
|-damage|p2a: Landorus|76/100|[from] Stealth Rock
|-ability|p2a: Landorus|Intimidate|boost
|-unboost|p1a: Silhouette|atk|1
|
|-damage|p1a: Silhouette|88/100 brn|[from] brn
|upkeep
|turn|20
|
|t:|1606242439
|move|p2a: Landorus|U-turn|p1a: Silhouette
|-damage|p1a: Silhouette|78/100 brn
|
|t:|1606242441
|switch|p2a: Incineroar|Incineroar, F|44/100|[from]move: U-turn
|-ability|p2a: Incineroar|Intimidate|boost
|-unboost|p1a: Silhouette|atk|1
|move|p1a: Silhouette|Bulk Up|p1a: Silhouette
|-boost|p1a: Silhouette|atk|1
|-boost|p1a: Silhouette|def|1
|
|-damage|p1a: Silhouette|72/100 brn|[from] brn
|upkeep
|turn|21
|
|t:|1606242447
|move|p1a: Silhouette|Bulk Up|p1a: Silhouette
|-boost|p1a: Silhouette|atk|1
|-boost|p1a: Silhouette|def|1
|move|p2a: Incineroar|Parting Shot|p1a: Silhouette
|-unboost|p1a: Silhouette|atk|1
|-unboost|p1a: Silhouette|spa|1
|
|t:|1606242465
|switch|p2a: Landorus|Landorus-Therian, M|76/100|[from]move: Parting Shot
|-damage|p2a: Landorus|64/100|[from] Stealth Rock
|-ability|p2a: Landorus|Intimidate|boost
|-unboost|p1a: Silhouette|atk|1
|
|-damage|p1a: Silhouette|65/100 brn|[from] brn
|upkeep
|turn|22
|
|t:|1606242472
|move|p2a: Landorus|U-turn|p1a: Silhouette
|-damage|p1a: Silhouette|58/100 brn
|
|t:|1606242475
|switch|p2a: Incineroar|Incineroar, F|44/100|[from]move: U-turn
|-ability|p2a: Incineroar|Intimidate|boost
|-unboost|p1a: Silhouette|atk|1
|move|p1a: Silhouette|Bulk Up|p1a: Silhouette
|-boost|p1a: Silhouette|atk|1
|-boost|p1a: Silhouette|def|1
|
|-damage|p1a: Silhouette|52/100 brn|[from] brn
|upkeep
|turn|23
|
|t:|1606242478
|move|p1a: Silhouette|Wicked Blow|p2a: Incineroar
|-resisted|p2a: Incineroar
|-crit|p2a: Incineroar
|-damage|p2a: Incineroar|22/100
|-damage|p1a: Silhouette|42/100 brn|[from] item: Life Orb
|move|p2a: Incineroar|Parting Shot|p1a: Silhouette
|-unboost|p1a: Silhouette|atk|1
|-unboost|p1a: Silhouette|spa|1
|
|t:|1606242490
|switch|p2a: Landorus|Landorus-Therian, M|64/100|[from]move: Parting Shot
|-damage|p2a: Landorus|52/100|[from] Stealth Rock
|-ability|p2a: Landorus|Intimidate|boost
|-unboost|p1a: Silhouette|atk|1
|
|-damage|p1a: Silhouette|36/100 brn|[from] brn
|upkeep
|turn|24
|
|t:|1606242496
|move|p2a: Landorus|U-turn|p1a: Silhouette
|-damage|p1a: Silhouette|28/100 brn
|
|t:|1606242498
|switch|p2a: Incineroar|Incineroar, F|22/100|[from]move: U-turn
|-ability|p2a: Incineroar|Intimidate|boost
|-unboost|p1a: Silhouette|atk|1
|move|p1a: Silhouette|Wicked Blow|p2a: Incineroar
|-resisted|p2a: Incineroar
|-crit|p2a: Incineroar
|-damage|p2a: Incineroar|2/100
|-damage|p1a: Silhouette|18/100 brn|[from] item: Life Orb
|
|-damage|p1a: Silhouette|12/100 brn|[from] brn
|upkeep
|turn|25
|
|t:|1606242509
|move|p1a: Silhouette|Wicked Blow|p2a: Incineroar
|-resisted|p2a: Incineroar
|-crit|p2a: Incineroar
|-damage|p2a: Incineroar|0 fnt
|-damage|p1a: Silhouette|2/100 brn|[from] item: Life Orb
|faint|p2a: Incineroar
|
|-damage|p1a: Silhouette|0 fnt|[from] brn
|faint|p1a: Silhouette
|upkeep
|
|t:|1606242525
|switch|p1a: Calamity|Tapu Fini|75/100
|switch|p2a: Nihilego|Nihilego|100/100
|-fieldstart|move: Misty Terrain|[from] ability: Misty Surge|[of] p1a: Calamity
|-damage|p2a: Nihilego|88/100|[from] Stealth Rock
|turn|26
|
|t:|1606242535
|switch|p1a: Amaterasu|Volcarona, M, shiny|100/100
|move|p2a: Nihilego|Sludge Wave|p1a: Amaterasu
|-damage|p1a: Amaterasu|26/100
|
|upkeep
|turn|27
|-message|Rheinmetal forfeited.
|
|win|large owl
|l|☆Rheinmetal
||Ladder (probably) updated, but score could not be retrieved (Request timeout).
