|html|<div class="broadcast-blue"><strong>[Gen 8] OU is currently suspecting Melmetal! For information on how to participate check out the <a href="https://www.smogon.com/forums/threads/np-ss-ou-suspect-process-round-12-monster-mash.3709234/">suspect thread</a>.</strong></div>
|j|☆MJ THE KING
|j|☆Chikami
|t:|1665704212
|gametype|singles
|player|p1|MJ THE KING|ethan-masters|1714
|player|p2|Chikami|nate|1784
|teamsize|p1|6
|teamsize|p2|6
|gen|8
|tier|[Gen 8] OU
|rated|
|rule|Sleep Clause Mod: Limit one foe put to sleep
|rule|Species Clause: Limit one of each Pokémon
|rule|OHKO Clause: OHKO moves are banned
|rule|Evasion Items Clause: Evasion items are banned
|rule|Evasion Moves Clause: Evasion moves are banned
|rule|Endless Battle Clause: Forcing endless battles is banned
|rule|HP Percentage Mod: HP is shown in percentages
|rule|Dynamax Clause: You cannot dynamax
|clearpoke
|poke|p1|Rillaboom, F|
|poke|p1|Tornadus-Therian, M|
|poke|p1|Blaziken, M|
|poke|p1|Melmetal|
|poke|p1|Garchomp, M|
|poke|p1|Slowbro, F|
|poke|p2|Scolipede, F|
|poke|p2|Heatran, M|
|poke|p2|Ninetales-Alola, M|
|poke|p2|Bisharp, F|
|poke|p2|Zapdos-Galar|
|poke|p2|Garchomp, F|
|teampreview
|inactive|Battle timer is ON: inactive players will automatically lose when time's up. (requested by MJ THE KING)
|j| Aitana y Zoilo
|
|t:|1665704234
|start
|switch|p1a: Blaziken|Blaziken, M|100/100
|switch|p2a: Zapdos|Zapdos-Galar|100/100
|turn|1
|inactive|Chikami has 120 seconds left.
|
|t:|1665704279
|move|p1a: Blaziken|Protect|p1a: Blaziken
|-singleturn|p1a: Blaziken|Protect
|move|p2a: Zapdos|Drill Peck|p1a: Blaziken
|-activate|p1a: Blaziken|move: Protect
|
|-ability|p1a: Blaziken|Speed Boost|boost
|-boost|p1a: Blaziken|spe|1
|upkeep
|turn|2
|
|t:|1665704285
|switch|p1a: Slowbro|Slowbro, F|100/100
|move|p2a: Zapdos|Drill Peck|p1a: Slowbro
|-crit|p1a: Slowbro
|-damage|p1a: Slowbro|64/100
|-damage|p2a: Zapdos|84/100|[from] item: Rocky Helmet|[of] p1a: Slowbro
|
|upkeep
|turn|3
|inactive|Chikami has 120 seconds left.
|
|t:|1665704304
|switch|p2a: Garchomp|Garchomp, F|100/100
|move|p1a: Slowbro|Scald|p2a: Garchomp
|-damage|p2a: Garchomp|68/100
|
|-heal|p2a: Garchomp|74/100|[from] item: Leftovers
|upkeep
|turn|4
|inactive|Chikami has 120 seconds left.
|
|t:|1665704314
|switch|p2a: Ninetales|Ninetales-Alola, M|100/100
|-weather|Hail|[from] ability: Snow Warning|[of] p2a: Ninetales
|move|p1a: Slowbro|Toxic|p2a: Ninetales
|-status|p2a: Ninetales|tox
|
|-weather|Hail|[upkeep]
|-damage|p1a: Slowbro|58/100|[from] Hail
|-damage|p2a: Ninetales|94/100 tox|[from] psn
|upkeep
|turn|5
|
|t:|1665704320
|switch|p1a: Tornadus|Tornadus-Therian, M|100/100
|move|p2a: Ninetales|Aurora Veil|p2a: Ninetales
|-sidestart|p2: Chikami|move: Aurora Veil
|
|-weather|Hail|[upkeep]
|-damage|p1a: Tornadus|94/100|[from] Hail
|-damage|p2a: Ninetales|82/100 tox|[from] psn
|upkeep
|turn|6
|
|t:|1665704332
|switch|p2a: Heatran|Heatran, M|100/100
|-item|p2a: Heatran|Air Balloon
|move|p1a: Tornadus|Defog|p2a: Heatran
|-unboost|p2a: Heatran|evasion|1
|-sideend|p2: Chikami|move: Aurora Veil
|
|-weather|Hail|[upkeep]
|-damage|p1a: Tornadus|88/100|[from] Hail
|-damage|p2a: Heatran|94/100|[from] Hail
|upkeep
|turn|7
|
|t:|1665704339
|move|p1a: Tornadus|U-turn|p2a: Heatran
|-resisted|p2a: Heatran
|-damage|p2a: Heatran|91/100
|-enditem|p2a: Heatran|Air Balloon
|
|t:|1665704340
|switch|p1a: Garchomp|Garchomp, M|100/100|[from]move: U-turn
|move|p2a: Heatran|Stealth Rock|p1a: Garchomp
|-sidestart|p1: MJ THE KING|move: Stealth Rock
|
|-weather|Hail|[upkeep]
|-damage|p2a: Heatran|85/100|[from] Hail
|-damage|p1a: Garchomp|94/100|[from] Hail
|-heal|p1a: Garchomp|100/100|[from] item: Leftovers
|upkeep
|turn|8
|
|t:|1665704355
|switch|p2a: Zapdos|Zapdos-Galar|84/100
|move|p1a: Garchomp|Stealth Rock|p2a: Zapdos
|-sidestart|p2: Chikami|move: Stealth Rock
|
|-weather|none
|upkeep
|turn|9
|inactive|Chikami has 120 seconds left.
|j|+Mengy ㋛
|
|t:|1665704390
|switch|p2a: Ninetales|Ninetales-Alola, M|82/100 tox
|-damage|p2a: Ninetales|58/100 tox|[from] Stealth Rock
|-weather|Hail|[from] ability: Snow Warning|[of] p2a: Ninetales
|move|p1a: Garchomp|Protect||[still]
|-fail|p1a: Garchomp
|
|-weather|Hail|[upkeep]
|-damage|p1a: Garchomp|94/100|[from] Hail
|-heal|p1a: Garchomp|100/100|[from] item: Leftovers
|-damage|p2a: Ninetales|52/100 tox|[from] psn
|upkeep
|turn|10
|inactive|Chikami has 120 seconds left.
|
|t:|1665704400
|switch|p1a: Tornadus|Tornadus-Therian, M|100/100
|move|p2a: Ninetales|Aurora Veil|p2a: Ninetales
|-sidestart|p2: Chikami|move: Aurora Veil
|
|-weather|Hail|[upkeep]
|-damage|p1a: Tornadus|94/100|[from] Hail
|-damage|p2a: Ninetales|40/100 tox|[from] psn
|upkeep
|turn|11
|
|t:|1665704414
|switch|p2a: Zapdos|Zapdos-Galar|84/100
|-damage|p2a: Zapdos|72/100|[from] Stealth Rock
|move|p1a: Tornadus|Defog|p2a: Zapdos
|-unboost|p2a: Zapdos|evasion|1
|-ability|p2a: Zapdos|Defiant|boost
|-boost|p2a: Zapdos|atk|2
|-sideend|p2: Chikami|move: Aurora Veil
|-sideend|p2: Chikami|Stealth Rock|[from] move: Defog|[of] p1a: Tornadus
|-sideend|p1: MJ THE KING|Stealth Rock|[from] move: Defog|[of] p1a: Tornadus
|
|-weather|Hail|[upkeep]
|-damage|p2a: Zapdos|65/100|[from] Hail
|-damage|p1a: Tornadus|88/100|[from] Hail
|upkeep
|turn|12
|inactive|Chikami has 120 seconds left.
|
|t:|1665704431
|switch|p1a: Slowbro|Slowbro, F|91/100
|move|p2a: Zapdos|Close Combat|p1a: Slowbro
|-resisted|p1a: Slowbro
|-damage|p1a: Slowbro|57/100
|-unboost|p2a: Zapdos|def|1
|-unboost|p2a: Zapdos|spd|1
|-damage|p2a: Zapdos|49/100|[from] item: Rocky Helmet|[of] p1a: Slowbro
|
|-weather|Hail|[upkeep]
|-damage|p2a: Zapdos|43/100|[from] Hail
|-damage|p1a: Slowbro|51/100|[from] Hail
|upkeep
|turn|13
|inactive|Chikami has 120 seconds left.
|
|t:|1665704452
|switch|p2a: Heatran|Heatran, M|85/100
|move|p1a: Slowbro|Teleport|p1a: Slowbro
|
|t:|1665704459
|switch|p1a: Blaziken|Blaziken, M|100/100|[from]move: Teleport
|
|-weather|none
|upkeep
|turn|14
|
|t:|1665704468
|switch|p2a: Zapdos|Zapdos-Galar|43/100
|move|p1a: Blaziken|Close Combat|p2a: Zapdos
|-resisted|p2a: Zapdos
|-damage|p2a: Zapdos|2/100
|-unboost|p1a: Blaziken|def|1
|-unboost|p1a: Blaziken|spd|1
|
|-ability|p1a: Blaziken|Speed Boost|boost
|-boost|p1a: Blaziken|spe|1
|upkeep
|turn|15
|
|t:|1665704485
|switch|p1a: Slowbro|Slowbro, F|85/100
|move|p2a: Zapdos|Brave Bird|p1a: Slowbro
|-damage|p1a: Slowbro|48/100
|-damage|p2a: Zapdos|0 fnt|[from] item: Rocky Helmet|[of] p1a: Slowbro
|faint|p2a: Zapdos
|
|upkeep
|
|t:|1665704495
|switch|p2a: Heatran|Heatran, M|85/100
|turn|16
|
|t:|1665704501
|switch|p1a: Garchomp|Garchomp, M|100/100
|move|p2a: Heatran|Stealth Rock|p1a: Garchomp
|-sidestart|p1: MJ THE KING|move: Stealth Rock
|
|upkeep
|turn|17
|
|t:|1665704509
|move|p2a: Heatran|Will-O-Wisp|p1a: Garchomp|[miss]
|-miss|p2a: Heatran|p1a: Garchomp
|move|p1a: Garchomp|Earthquake|p2a: Heatran
|-supereffective|p2a: Heatran
|-damage|p2a: Heatran|0 fnt
|faint|p2a: Heatran
|
|upkeep
|
|t:|1665704528
|switch|p2a: Ninetales|Ninetales-Alola, M|40/100 tox
|-weather|Hail|[from] ability: Snow Warning|[of] p2a: Ninetales
|turn|18
|
|t:|1665704530
|switch|p1a: Tornadus|Tornadus-Therian, M|100/100
|move|p2a: Ninetales|Freeze-Dry|p1a: Tornadus
|-supereffective|p1a: Tornadus
|-damage|p1a: Tornadus|61/100
|
|-weather|Hail|[upkeep]
|-damage|p1a: Tornadus|55/100|[from] Hail
|-damage|p2a: Ninetales|34/100 tox|[from] psn
|upkeep
|turn|19
|
|t:|1665704536
|move|p1a: Tornadus|Defog|p2a: Ninetales
|-unboost|p2a: Ninetales|evasion|1
|-sideend|p1: MJ THE KING|Stealth Rock|[from] move: Defog|[of] p1a: Tornadus
|move|p2a: Ninetales|Aurora Veil|p2a: Ninetales
|-sidestart|p2: Chikami|move: Aurora Veil
|
|-weather|Hail|[upkeep]
|-damage|p1a: Tornadus|49/100|[from] Hail
|-damage|p2a: Ninetales|22/100 tox|[from] psn
|upkeep
|turn|20
|
|t:|1665704545
|move|p1a: Tornadus|Defog|p2a: Ninetales
|-unboost|p2a: Ninetales|evasion|1
|-sideend|p2: Chikami|move: Aurora Veil
|move|p2a: Ninetales|Aurora Veil|p2a: Ninetales
|-sidestart|p2: Chikami|move: Aurora Veil
|
|-weather|Hail|[upkeep]
|-damage|p1a: Tornadus|42/100|[from] Hail
|-damage|p2a: Ninetales|4/100 tox|[from] psn
|upkeep
|turn|21
|
|t:|1665704549
|move|p1a: Tornadus|Defog|p2a: Ninetales
|-unboost|p2a: Ninetales|evasion|1
|-sideend|p2: Chikami|move: Aurora Veil
|move|p2a: Ninetales|Aurora Veil|p2a: Ninetales
|-sidestart|p2: Chikami|move: Aurora Veil
|
|-weather|Hail|[upkeep]
|-damage|p1a: Tornadus|36/100|[from] Hail
|-damage|p2a: Ninetales|0 fnt|[from] psn
|faint|p2a: Ninetales
|upkeep
|
|t:|1665704559
|switch|p2a: Bisharp|Bisharp, F|100/100
|turn|22
|
|t:|1665704574
|switch|p1a: Blaziken|Blaziken, M|100/100
|move|p2a: Bisharp|Swords Dance|p2a: Bisharp
|-boost|p2a: Bisharp|atk|2
|
|-weather|none
|upkeep
|turn|23
|
|t:|1665704591
|move|p2a: Bisharp|Sucker Punch|p1a: Blaziken
|-resisted|p1a: Blaziken
|-damage|p1a: Blaziken|39/100
|move|p1a: Blaziken|Close Combat|p2a: Bisharp
|-supereffective|p2a: Bisharp
|-damage|p2a: Bisharp|0 fnt
|-unboost|p1a: Blaziken|def|1
|-unboost|p1a: Blaziken|spd|1
|faint|p2a: Bisharp
|
|-heal|p1a: Blaziken|46/100|[from] item: Leftovers
|-ability|p1a: Blaziken|Speed Boost|boost
|-boost|p1a: Blaziken|spe|1
|upkeep
|
|t:|1665704596
|switch|p2a: Garchomp|Garchomp, F|74/100
|turn|24
|
|t:|1665704616
|move|p1a: Blaziken|Close Combat|p2a: Garchomp
|-damage|p2a: Garchomp|43/100
|-unboost|p1a: Blaziken|def|1
|-unboost|p1a: Blaziken|spd|1
|-damage|p1a: Blaziken|33/100|[from] ability: Rough Skin|[of] p2a: Garchomp
|move|p2a: Garchomp|Scale Shot|p1a: Blaziken
|-damage|p1a: Blaziken|0 fnt
|faint|p1a: Blaziken
|-hitcount|p1: Blaziken|1
|-unboost|p2a: Garchomp|def|1
|-boost|p2a: Garchomp|spe|1
|
|-heal|p2a: Garchomp|50/100|[from] item: Leftovers
|upkeep
|inactive|MJ THE KING has 120 seconds left.
|
|t:|1665704647
|switch|p1a: Rillaboom|Rillaboom, F|100/100
|-fieldstart|move: Grassy Terrain|[from] ability: Grassy Surge|[of] p1a: Rillaboom
|turn|25
|
|t:|1665704656
|switch|p2a: Scolipede|Scolipede, F|100/100
|move|p1a: Rillaboom|Grassy Glide|p2a: Scolipede
|-resisted|p2a: Scolipede
|-damage|p2a: Scolipede|91/100
|
|-heal|p2a: Scolipede|97/100|[from] Grassy Terrain
|upkeep
|turn|26
|inactive|MJ THE KING has 120 seconds left.
|
|t:|1665704661
|switch|p1a: Melmetal|Melmetal|100/100
|move|p2a: Scolipede|Swords Dance|p2a: Scolipede
|-boost|p2a: Scolipede|atk|2
|
|-heal|p2a: Scolipede|100/100|[from] Grassy Terrain
|-ability|p2a: Scolipede|Speed Boost|boost
|-boost|p2a: Scolipede|spe|1
|upkeep
|turn|27
|
|t:|1665704668
|move|p2a: Scolipede|Swords Dance|p2a: Scolipede
|-boost|p2a: Scolipede|atk|2
|move|p1a: Melmetal|Double Iron Bash|p2a: Scolipede
|-damage|p2a: Scolipede|68/100
|-damage|p2a: Scolipede|37/100
|-hitcount|p2a: Scolipede|2
|
|-heal|p2a: Scolipede|43/100|[from] Grassy Terrain
|-ability|p2a: Scolipede|Speed Boost|boost
|-boost|p2a: Scolipede|spe|1
|upkeep
|turn|28
|
|t:|1665704676
|move|p2a: Scolipede|Earthquake|p1a: Melmetal
|-supereffective|p1a: Melmetal
|-damage|p1a: Melmetal|51/100
|move|p1a: Melmetal|Double Iron Bash|p2a: Scolipede
|-damage|p2a: Scolipede|9/100
|-damage|p2a: Scolipede|0 fnt
|faint|p2a: Scolipede
|-hitcount|p2: Scolipede|2
|
|-heal|p1a: Melmetal|58/100|[from] Grassy Terrain
|-heal|p1a: Melmetal|64/100|[from] item: Leftovers
|-sideend|p2: Chikami|move: Aurora Veil
|upkeep
|
|t:|1665704679
|switch|p2a: Garchomp|Garchomp, F|50/100
|turn|29
|
|t:|1665704685
|move|p2a: Garchomp|Fire Fang|p1a: Melmetal
|-supereffective|p1a: Melmetal
|-damage|p1a: Melmetal|36/100
|cant|p1a: Melmetal|flinch
|
|-heal|p2a: Garchomp|56/100|[from] Grassy Terrain
|-heal|p2a: Garchomp|62/100|[from] item: Leftovers
|-heal|p1a: Melmetal|42/100|[from] Grassy Terrain
|-heal|p1a: Melmetal|48/100|[from] item: Leftovers
|-fieldend|move: Grassy Terrain
|upkeep
|turn|30
|
|t:|1665704702
|switch|p1a: Slowbro|Slowbro, F|82/100
|move|p2a: Garchomp|Swords Dance|p2a: Garchomp
|-boost|p2a: Garchomp|atk|2
|
|-heal|p2a: Garchomp|68/100|[from] item: Leftovers
|upkeep
|turn|31
|
|t:|1665704708
|move|p2a: Garchomp|Earthquake|p1a: Slowbro
|-damage|p1a: Slowbro|15/100
|move|p1a: Slowbro|Toxic|p2a: Garchomp
|-status|p2a: Garchomp|tox
|
|-heal|p2a: Garchomp|74/100 tox|[from] item: Leftovers
|-damage|p2a: Garchomp|68/100 tox|[from] psn
|upkeep
|turn|32
|
|t:|1665704717
|switch|p1a: Tornadus|Tornadus-Therian, M|70/100
|move|p2a: Garchomp|Fire Fang|p1a: Tornadus
|-damage|p1a: Tornadus|22/100
|
|-heal|p2a: Garchomp|74/100 tox|[from] item: Leftovers
|-damage|p2a: Garchomp|62/100 tox|[from] psn
|upkeep
|turn|33
|
|t:|1665704725
|switch|p1a: Slowbro|Slowbro, F|49/100
|move|p2a: Garchomp|Scale Shot|p1a: Slowbro
|-damage|p1a: Slowbro|32/100
|-damage|p1a: Slowbro|15/100
|-hitcount|p1a: Slowbro|2
|-unboost|p2a: Garchomp|def|1
|-boost|p2a: Garchomp|spe|1
|
|-heal|p2a: Garchomp|68/100 tox|[from] item: Leftovers
|-damage|p2a: Garchomp|50/100 tox|[from] psn
|upkeep
|turn|34
|
|t:|1665704735
|move|p2a: Garchomp|Scale Shot|p1a: Slowbro
|-damage|p1a: Slowbro|0 fnt
|faint|p1a: Slowbro
|-hitcount|p1: Slowbro|1
|-unboost|p2a: Garchomp|def|1
|-boost|p2a: Garchomp|spe|1
|
|-heal|p2a: Garchomp|56/100 tox|[from] item: Leftovers
|-damage|p2a: Garchomp|31/100 tox|[from] psn
|upkeep
|
|t:|1665704737
|switch|p1a: Rillaboom|Rillaboom, F|100/100
|-fieldstart|move: Grassy Terrain|[from] ability: Grassy Surge|[of] p1a: Rillaboom
|turn|35
|
|t:|1665704739
|move|p1a: Rillaboom|Grassy Glide|p2a: Garchomp
|-damage|p2a: Garchomp|0 fnt
|-damage|p1a: Rillaboom|88/100|[from] ability: Rough Skin|[of] p2a: Garchomp
|faint|p2a: Garchomp
|
|win|MJ THE KING
|raw|MJ THE KING's rating: 1714 &rarr; <strong>1738</strong><br />(+24 for winning)
|raw|Chikami's rating: 1784 &rarr; <strong>1760</strong><br />(-24 for losing)
