|html|<div class="broadcast-blue"><strong>[Gen 8] OU is currently suspecting Melmetal! For information on how to participate check out the <a href="https://www.smogon.com/forums/threads/np-ss-ou-suspect-process-round-12-monster-mash.3709234/">suspect thread</a>.</strong></div>
|j|☆minimax_ai
|j|☆Candice
|t:|1666683581
|gametype|singles
|player|p1|minimax_ai|lusamine-nihilego|1588
|player|p2|Candice|psychicf-gen4|1616
|teamsize|p1|6
|teamsize|p2|6
|gen|8
|tier|[Gen 8] OU
|rated|
|rule|Sleep Clause Mod: Limit one foe put to sleep
|rule|Species Clause: Limit one of each Pokémon
|rule|OHKO Clause: OHKO moves are banned
|rule|Evasion Items Clause: Evasion items are banned
|rule|Evasion Moves Clause: Evasion moves are banned
|rule|Endless Battle Clause: Forcing endless battles is banned
|rule|HP Percentage Mod: HP is shown in percentages
|rule|Dynamax Clause: You cannot dynamax
|clearpoke
|poke|p1|Rotom-Wash|
|poke|p1|Weavile, M|
|poke|p1|Landorus-Therian, M|
|poke|p1|Heatran, M|
|poke|p1|Tangrowth, M|
|poke|p1|Melmetal|
|poke|p2|Tapu Lele|
|poke|p2|Weavile, F|
|poke|p2|Landorus-Therian, M|
|poke|p2|Tapu Fini|
|poke|p2|Tyranitar, M|
|poke|p2|Corviknight, F|
|teampreview
|c|☆minimax_ai|hf
|inactive|Battle timer is ON: inactive players will automatically lose when time's up. (requested by minimax_ai)
|j| seer boy2
|c|☆Candice|u2
|
|t:|1666683599
|start
|switch|p1a: Melmetal|Melmetal|100/100
|switch|p2a: Tapu Lele|Tapu Lele|100/100
|-fieldstart|move: Psychic Terrain|[from] ability: Psychic Surge|[of] p2a: Tapu Lele
|turn|1
|
|t:|1666683602
|switch|p2a: Corviknight|Corviknight, F|100/100
|-ability|p2a: Corviknight|Pressure
|move|p1a: Melmetal|Ice Punch|p2a: Corviknight
|-damage|p2a: Corviknight|80/100
|-damage|p1a: Melmetal|84/100|[from] item: Rocky Helmet|[of] p2a: Corviknight
|
|upkeep
|turn|2
|
|t:|1666683605
|move|p2a: Corviknight|U-turn|p1a: Melmetal
|-resisted|p1a: Melmetal
|-damage|p1a: Melmetal|80/100
|
|t:|1666683608
|switch|p2a: Landorus|Landorus-Therian, M|100/100|[from]move: U-turn
|-ability|p2a: Landorus|Intimidate|boost
|-unboost|p1a: Melmetal|atk|1
|move|p1a: Melmetal|Thunder Punch|p2a: Landorus
|-immune|p2a: Landorus
|
|upkeep
|turn|3
|
|t:|1666683611
|move|p2a: Landorus|U-turn|p1a: Melmetal
|-resisted|p1a: Melmetal
|-damage|p1a: Melmetal|73/100
|
|t:|1666683613
|switch|p2a: Corviknight|Corviknight, F|80/100|[from]move: U-turn
|-ability|p2a: Corviknight|Pressure
|move|p1a: Melmetal|Ice Punch|p2a: Corviknight
|-damage|p2a: Corviknight|65/100
|-damage|p1a: Melmetal|57/100|[from] item: Rocky Helmet|[of] p2a: Corviknight
|
|upkeep
|turn|4
|
|t:|1666683617
|switch|p1a: rotomwash|Rotom-Wash|100/100
|move|p2a: Corviknight|U-turn|p1a: rotomwash
|-damage|p1a: rotomwash|84/100
|
|t:|1666683621
|switch|p2a: Tapu Lele|Tapu Lele|100/100|[from]move: U-turn
|
|-heal|p1a: rotomwash|90/100|[from] item: Leftovers
|upkeep
|turn|5
|
|t:|1666683627
|switch|p1a: landorustherian|Landorus-Therian, M|100/100
|-ability|p1a: landorustherian|Intimidate|boost
|-unboost|p2a: Tapu Lele|atk|1
|move|p2a: Tapu Lele|Psychic|p1a: landorustherian
|-damage|p1a: landorustherian|39/100
|
|-heal|p1a: landorustherian|45/100|[from] item: Leftovers
|-fieldend|move: Psychic Terrain
|upkeep
|turn|6
|
|t:|1666683645
|switch|p1a: Heatran|Heatran, M|100/100
|-item|p1a: Heatran|Air Balloon
|move|p2a: Tapu Lele|Psychic|p1a: Heatran
|-resisted|p1a: Heatran
|-damage|p1a: Heatran|71/100
|-enditem|p1a: Heatran|Air Balloon
|
|upkeep
|turn|7
|
|t:|1666683655
|switch|p2a: Tyranitar|Tyranitar, M|100/100
|-weather|Sandstorm|[from] ability: Sand Stream|[of] p2a: Tyranitar
|move|p1a: Heatran|Stealth Rock|p2a: Tyranitar
|-sidestart|p2: Candice|move: Stealth Rock
|
|-weather|Sandstorm|[upkeep]
|upkeep
|turn|8
|
|t:|1666683664
|switch|p1a: Tangrowth|Tangrowth, M|100/100
|move|p2a: Tyranitar|Stone Edge|p1a: Tangrowth
|-crit|p1a: Tangrowth
|-damage|p1a: Tangrowth|37/100
|
|-weather|Sandstorm|[upkeep]
|-damage|p1a: Tangrowth|31/100|[from] Sandstorm
|upkeep
|turn|9
|
|t:|1666683666
|switch|p1a: Melmetal|Melmetal|57/100
|move|p2a: Tyranitar|Stone Edge|p1a: Melmetal
|-resisted|p1a: Melmetal
|-damage|p1a: Melmetal|30/100
|
|-weather|Sandstorm|[upkeep]
|upkeep
|turn|10
|
|t:|1666683670
|switch|p2a: Corviknight|Corviknight, F|65/100
|-damage|p2a: Corviknight|53/100|[from] Stealth Rock
|-ability|p2a: Corviknight|Pressure
|move|p1a: Melmetal|Ice Punch|p2a: Corviknight
|-damage|p2a: Corviknight|31/100
|-status|p2a: Corviknight|frz
|-damage|p1a: Melmetal|13/100|[from] item: Rocky Helmet|[of] p2a: Corviknight
|
|-weather|Sandstorm|[upkeep]
|upkeep
|turn|11
|
|t:|1666683672
|switch|p1a: Tangrowth|Tangrowth, M|64/100
|cant|p2a: Corviknight|frz
|
|-weather|none
|upkeep
|turn|12
|
|t:|1666683675
|cant|p2a: Corviknight|frz
|move|p1a: Tangrowth|Sleep Powder||[still]
|-fail|p1a: Tangrowth
|
|upkeep
|turn|13
|
|t:|1666683677
|cant|p2a: Corviknight|frz
|move|p1a: Tangrowth|Sleep Powder||[still]
|-fail|p1a: Tangrowth
|
|upkeep
|turn|14
|
|t:|1666683679
|cant|p2a: Corviknight|frz
|move|p1a: Tangrowth|Sleep Powder|p2a: Corviknight|[miss]
|-miss|p1a: Tangrowth|p2a: Corviknight
|
|upkeep
|turn|15
|
|t:|1666683680
|cant|p2a: Corviknight|frz
|move|p1a: Tangrowth|Sleep Powder||[still]
|-fail|p1a: Tangrowth
|
|upkeep
|turn|16
|
|t:|1666683682
|cant|p2a: Corviknight|frz
|move|p1a: Tangrowth|Sleep Powder||[still]
|-fail|p1a: Tangrowth
|
|upkeep
|turn|17
|
|t:|1666683684
|-curestatus|p2a: Corviknight|frz|[msg]
|move|p2a: Corviknight|Roost|p2a: Corviknight
|-heal|p2a: Corviknight|81/100
|-singleturn|p2a: Corviknight|move: Roost
|move|p1a: Tangrowth|Sleep Powder|p2a: Corviknight
|-status|p2a: Corviknight|slp|[from] move: Sleep Powder
|
|upkeep
|turn|18
|c|☆Candice|thx
|
|t:|1666683695
|cant|p2a: Corviknight|slp
|move|p1a: Tangrowth|Giga Drain|p2a: Corviknight
|-resisted|p2a: Corviknight
|-damage|p2a: Corviknight|74/100 slp
|-heal|p1a: Tangrowth|68/100|[from] drain|[of] p2a: Corviknight
|
|upkeep
|turn|19
|
|t:|1666683698
|switch|p2a: Landorus|Landorus-Therian, M|100/100
|-damage|p2a: Landorus|88/100|[from] Stealth Rock
|-ability|p2a: Landorus|Intimidate|boost
|-unboost|p1a: Tangrowth|atk|1
|move|p1a: Tangrowth|Giga Drain|p2a: Landorus
|-damage|p2a: Landorus|61/100
|-heal|p1a: Tangrowth|81/100|[from] drain|[of] p2a: Landorus
|
|-heal|p2a: Landorus|67/100|[from] item: Leftovers
|upkeep
|turn|20
|
|t:|1666683701
|move|p2a: Landorus|Stealth Rock|p1a: Tangrowth
|-sidestart|p1: minimax_ai|move: Stealth Rock
|move|p1a: Tangrowth|Giga Drain|p2a: Landorus
|-damage|p2a: Landorus|37/100
|-heal|p1a: Tangrowth|95/100|[from] drain|[of] p2a: Landorus
|
|-heal|p2a: Landorus|43/100|[from] item: Leftovers
|upkeep
|turn|21
|
|t:|1666683703
|move|p2a: Landorus|Toxic|p1a: Tangrowth|[miss]
|-miss|p2a: Landorus|p1a: Tangrowth
|move|p1a: Tangrowth|Giga Drain|p2a: Landorus
|-damage|p2a: Landorus|17/100
|-heal|p1a: Tangrowth|100/100|[from] drain|[of] p2a: Landorus
|
|-heal|p2a: Landorus|23/100|[from] item: Leftovers
|upkeep
|turn|22
|
|t:|1666683709
|move|p2a: Landorus|Toxic|p1a: Tangrowth
|-status|p1a: Tangrowth|tox
|move|p1a: Tangrowth|Giga Drain|p2a: Landorus
|-crit|p2a: Landorus
|-damage|p2a: Landorus|0 fnt
|faint|p2a: Landorus
|
|-damage|p1a: Tangrowth|94/100 tox|[from] psn
|upkeep
|
|t:|1666683721
|switch|p2a: Tapu Lele|Tapu Lele|100/100
|-damage|p2a: Tapu Lele|88/100|[from] Stealth Rock
|-fieldstart|move: Psychic Terrain|[from] ability: Psychic Surge|[of] p2a: Tapu Lele
|turn|23
|
|t:|1666683724
|switch|p1a: Melmetal|Melmetal|13/100
|-damage|p1a: Melmetal|7/100|[from] Stealth Rock
|move|p2a: Tapu Lele|Psychic|p1a: Melmetal
|-resisted|p1a: Melmetal
|-damage|p1a: Melmetal|0 fnt
|faint|p1a: Melmetal
|
|upkeep
|
|t:|1666683724
|switch|p1a: Weavile|Weavile, M|100/100
|-damage|p1a: Weavile|76/100|[from] Stealth Rock
|-ability|p1a: Weavile|Pressure
|turn|24
|
|t:|1666683727
|switch|p2a: Tapu Fini|Tapu Fini|100/100
|-damage|p2a: Tapu Fini|88/100|[from] Stealth Rock
|-fieldstart|move: Misty Terrain|[from] ability: Misty Surge|[of] p2a: Tapu Fini
|move|p1a: Weavile|Knock Off|p2a: Tapu Fini
|-resisted|p2a: Tapu Fini
|-damage|p2a: Tapu Fini|64/100
|-enditem|p2a: Tapu Fini|Leftovers|[from] move: Knock Off|[of] p1a: Weavile
|
|upkeep
|turn|25
|
|t:|1666683732
|switch|p1a: Tangrowth|Tangrowth, M|100/100 tox
|-damage|p1a: Tangrowth|88/100 tox|[from] Stealth Rock
|move|p2a: Tapu Fini|Calm Mind|p2a: Tapu Fini
|-boost|p2a: Tapu Fini|spa|1
|-boost|p2a: Tapu Fini|spd|1
|
|-damage|p1a: Tangrowth|82/100 tox|[from] psn
|upkeep
|turn|26
|
|t:|1666683735
|switch|p1a: rotomwash|Rotom-Wash|90/100
|-damage|p1a: rotomwash|78/100|[from] Stealth Rock
|move|p2a: Tapu Fini|Calm Mind|p2a: Tapu Fini
|-boost|p2a: Tapu Fini|spa|1
|-boost|p2a: Tapu Fini|spd|1
|
|-heal|p1a: rotomwash|84/100|[from] item: Leftovers
|upkeep
|turn|27
|
|t:|1666683738
|move|p1a: rotomwash|Nasty Plot|p1a: rotomwash
|-boost|p1a: rotomwash|spa|2
|move|p2a: Tapu Fini|Draining Kiss|p1a: rotomwash
|-damage|p1a: rotomwash|47/100
|-heal|p2a: Tapu Fini|88/100|[from] drain|[of] p1a: rotomwash
|
|-heal|p1a: rotomwash|53/100|[from] item: Leftovers
|upkeep
|turn|28
|
|t:|1666683745
|move|p1a: rotomwash|Thunderbolt|p2a: Tapu Fini
|-supereffective|p2a: Tapu Fini
|-damage|p2a: Tapu Fini|30/100
|move|p2a: Tapu Fini|Draining Kiss|p1a: rotomwash
|-damage|p1a: rotomwash|18/100
|-heal|p2a: Tapu Fini|54/100|[from] drain|[of] p1a: rotomwash
|
|-heal|p1a: rotomwash|24/100|[from] item: Leftovers
|-fieldend|Misty Terrain
|upkeep
|turn|29
|
|t:|1666683763
|switch|p2a: Corviknight|Corviknight, F|74/100 slp
|-damage|p2a: Corviknight|62/100 slp|[from] Stealth Rock
|-ability|p2a: Corviknight|Pressure
|move|p1a: rotomwash|Thunderbolt|p2a: Corviknight
|-supereffective|p2a: Corviknight
|-damage|p2a: Corviknight|0 fnt
|faint|p2a: Corviknight
|
|-heal|p1a: rotomwash|30/100|[from] item: Leftovers
|upkeep
|
|t:|1666683765
|switch|p2a: Tapu Lele|Tapu Lele|88/100
|-damage|p2a: Tapu Lele|76/100|[from] Stealth Rock
|-fieldstart|move: Psychic Terrain|[from] ability: Psychic Surge|[of] p2a: Tapu Lele
|turn|30
|
|t:|1666683768
|move|p2a: Tapu Lele|Psychic|p1a: rotomwash
|-damage|p1a: rotomwash|0 fnt
|faint|p1a: rotomwash
|
|upkeep
|
|t:|1666683768
|switch|p1a: Weavile|Weavile, M|76/100
|-damage|p1a: Weavile|51/100|[from] Stealth Rock
|-ability|p1a: Weavile|Pressure
|turn|31
|
|t:|1666683775
|switch|p2a: Tapu Fini|Tapu Fini|54/100
|-damage|p2a: Tapu Fini|42/100|[from] Stealth Rock
|-fieldstart|move: Misty Terrain|[from] ability: Misty Surge|[of] p2a: Tapu Fini
|move|p1a: Weavile|Triple Axel|p2a: Tapu Fini
|-resisted|p2a: Tapu Fini
|-damage|p2a: Tapu Fini|37/100
|-resisted|p2a: Tapu Fini
|-damage|p2a: Tapu Fini|25/100
|-hitcount|p2a: Tapu Fini|2
|
|upkeep
|turn|32
|
|t:|1666683777
|switch|p1a: Tangrowth|Tangrowth, M|100/100 tox
|-damage|p1a: Tangrowth|88/100 tox|[from] Stealth Rock
|move|p2a: Tapu Fini|Draining Kiss|p1a: Tangrowth
|-damage|p1a: Tangrowth|66/100 tox
|-heal|p2a: Tapu Fini|45/100|[from] drain|[of] p1a: Tangrowth
|-damage|p2a: Tapu Fini|29/100|[from] item: Rocky Helmet|[of] p1a: Tangrowth
|
|-damage|p1a: Tangrowth|59/100 tox|[from] psn
|upkeep
|turn|33
|
|t:|1666683784
|move|p2a: Tapu Fini|Calm Mind|p2a: Tapu Fini
|-boost|p2a: Tapu Fini|spa|1
|-boost|p2a: Tapu Fini|spd|1
|move|p1a: Tangrowth|Giga Drain|p2a: Tapu Fini
|-supereffective|p2a: Tapu Fini
|-damage|p2a: Tapu Fini|0 fnt
|-heal|p1a: Tangrowth|72/100 tox|[from] drain|[of] p2a: Tapu Fini
|faint|p2a: Tapu Fini
|
|-damage|p1a: Tangrowth|59/100 tox|[from] psn
|upkeep
|
|t:|1666683788
|switch|p2a: Tapu Lele|Tapu Lele|76/100
|-damage|p2a: Tapu Lele|63/100|[from] Stealth Rock
|-fieldstart|move: Psychic Terrain|[from] ability: Psychic Surge|[of] p2a: Tapu Lele
|turn|34
|
|t:|1666683792
|switch|p1a: landorustherian|Landorus-Therian, M|45/100
|-damage|p1a: landorustherian|33/100|[from] Stealth Rock
|-ability|p1a: landorustherian|Intimidate|boost
|-unboost|p2a: Tapu Lele|atk|1
|move|p2a: Tapu Lele|Psychic|p1a: landorustherian
|-damage|p1a: landorustherian|0 fnt
|faint|p1a: landorustherian
|
|upkeep
|
|t:|1666683792
|switch|p1a: Weavile|Weavile, M|51/100
|-damage|p1a: Weavile|26/100|[from] Stealth Rock
|-ability|p1a: Weavile|Pressure
|turn|35
|
|t:|1666683804
|switch|p2a: Weavile|Weavile, F|100/100
|-ability|p2a: Weavile|Pressure
|move|p1a: Weavile|Low Kick|p2a: Weavile
|-supereffective|p2a: Weavile
|-damage|p2a: Weavile|0 fnt
|faint|p2a: Weavile
|
|upkeep
|
|t:|1666683808
|switch|p2a: Tapu Lele|Tapu Lele|63/100
|-damage|p2a: Tapu Lele|51/100|[from] Stealth Rock
|turn|36
|
|t:|1666683814
|move|p1a: Weavile|Low Kick|p2a: Tapu Lele
|-resisted|p2a: Tapu Lele
|-damage|p2a: Tapu Lele|44/100
|move|p2a: Tapu Lele|Psychic|p1a: Weavile
|-immune|p1a: Weavile
|
|upkeep
|turn|37
|
|t:|1666683817
|move|p1a: Weavile|Low Kick|p2a: Tapu Lele
|-resisted|p2a: Tapu Lele
|-damage|p2a: Tapu Lele|35/100
|move|p2a: Tapu Lele|Moonblast|p1a: Weavile
|-supereffective|p1a: Weavile
|-damage|p1a: Weavile|0 fnt
|faint|p1a: Weavile
|
|upkeep
|
|t:|1666683817
|switch|p1a: Heatran|Heatran, M|71/100
|-damage|p1a: Heatran|59/100|[from] Stealth Rock
|turn|38
|j| dwagdvwagdwad
|
|t:|1666683819
|switch|p2a: Tyranitar|Tyranitar, M|100/100
|-damage|p2a: Tyranitar|88/100|[from] Stealth Rock
|-weather|Sandstorm|[from] ability: Sand Stream|[of] p2a: Tyranitar
|move|p1a: Heatran|Magma Storm|p2a: Tyranitar
|-resisted|p2a: Tyranitar
|-damage|p2a: Tyranitar|74/100
|-activate|p2a: Tyranitar|move: Magma Storm|[of] p1a: Heatran
|
|-weather|Sandstorm|[upkeep]
|-damage|p2a: Tyranitar|62/100|[from] move: Magma Storm|[partiallytrapped]
|-fieldend|move: Psychic Terrain
|upkeep
|turn|39
|
|t:|1666683823
|move|p1a: Heatran|Earth Power|p2a: Tyranitar
|-supereffective|p2a: Tyranitar
|-damage|p2a: Tyranitar|22/100
|move|p2a: Tyranitar|Crunch|p1a: Heatran
|-damage|p1a: Heatran|0 fnt
|faint|p1a: Heatran
|
|-weather|Sandstorm|[upkeep]
|-end|p2a: Tyranitar|Magma Storm|[partiallytrapped]|[silent]
|upkeep
|
|t:|1666683823
|switch|p1a: Tangrowth|Tangrowth, M|92/100 tox
|-damage|p1a: Tangrowth|80/100 tox|[from] Stealth Rock
|turn|40
|
|t:|1666683825
|move|p2a: Tyranitar|Crunch|p1a: Tangrowth
|-damage|p1a: Tangrowth|45/100 tox
|-unboost|p1a: Tangrowth|def|1
|-damage|p2a: Tyranitar|6/100|[from] item: Rocky Helmet|[of] p1a: Tangrowth
|move|p1a: Tangrowth|Giga Drain|p2a: Tyranitar
|-supereffective|p2a: Tyranitar
|-damage|p2a: Tyranitar|0 fnt
|-heal|p1a: Tangrowth|48/100 tox|[from] drain|[of] p2a: Tyranitar
|faint|p2a: Tyranitar
|
|-weather|Sandstorm|[upkeep]
|-damage|p1a: Tangrowth|41/100 tox|[from] Sandstorm
|-damage|p1a: Tangrowth|35/100 tox|[from] psn
|upkeep
|
|t:|1666683827
|switch|p2a: Tapu Lele|Tapu Lele|35/100
|-damage|p2a: Tapu Lele|23/100|[from] Stealth Rock
|-fieldstart|move: Psychic Terrain|[from] ability: Psychic Surge|[of] p2a: Tapu Lele
|turn|41
|
|t:|1666683829
|move|p2a: Tapu Lele|Psychic|p1a: Tangrowth
|-damage|p1a: Tangrowth|0 fnt
|faint|p1a: Tangrowth
|
|win|Candice
|raw|minimax_ai's rating: 1588 &rarr; <strong>1570</strong><br />(-18 for losing)
|raw|Candice's rating: 1616 &rarr; <strong>1634</strong><br />(+18 for winning)
|c|☆minimax_ai|gg
