|j|☆mickey m
|j|☆diula
|t:|1605085167
|player|p1|mickey m|hilbert-dueldisk|1492
|player|p2|diula|279|1517
|teamsize|p1|6
|teamsize|p2|6
|gametype|singles
|gen|8
|tier|[Gen 8] OU
|rated|
|clearpoke
|poke|p1|Rillaboom, F|
|poke|p1|Moltres-Galar|
|poke|p1|Dragonite, M|
|poke|p1|Cinderace, F|
|poke|p1|Melmetal|
|poke|p1|Grimmsnarl, M|
|poke|p2|Latios, M|
|poke|p2|Magearna|
|poke|p2|Tyranitar, M|
|poke|p2|Excadrill, M|
|poke|p2|Landorus-Therian, M|
|poke|p2|Moltres|
|rule|Sleep Clause Mod: Limit one foe put to sleep
|rule|Species Clause: Limit one of each Pokémon
|rule|OHKO Clause: OHKO moves are banned
|rule|Evasion Moves Clause: Evasion moves are banned
|rule|Endless Battle Clause: Forcing endless battles is banned
|rule|HP Percentage Mod: HP is shown in percentages
|rule|Dynamax Clause: You cannot dynamax
|teampreview
|inactive|Battle timer is ON: inactive players will automatically lose when time's up. (requested by mickey m)
|
|t:|1605085181
|start
|switch|p1a: Grimmsnarl|Grimmsnarl, M|100/100
|switch|p2a: Tyranitar|Tyranitar, M, shiny|100/100
|-weather|Sandstorm|[from] ability: Sand Stream|[of] p2a: Tyranitar
|turn|1
|
|t:|1605085187
|move|p1a: Grimmsnarl|Reflect|p1a: Grimmsnarl
|-sidestart|p1: mickey m|Reflect
|move|p2a: Tyranitar|Stealth Rock|p1a: Grimmsnarl
|-sidestart|p1: mickey m|move: Stealth Rock
|
|-weather|Sandstorm|[upkeep]
|-damage|p1a: Grimmsnarl|95/100|[from] Sandstorm
|upkeep
|turn|2
|
|t:|1605085195
|switch|p2a: Magearna|Magearna|100/100
|move|p1a: Grimmsnarl|Spirit Break|p2a: Magearna
|-resisted|p2a: Magearna
|-crit|p2a: Magearna
|-damage|p2a: Magearna|82/100
|-unboost|p2a: Magearna|spa|1
|
|-weather|Sandstorm|[upkeep]
|-damage|p1a: Grimmsnarl|89/100|[from] Sandstorm
|upkeep
|turn|3
|
|t:|1605085206
|move|p1a: Grimmsnarl|Light Screen|p1a: Grimmsnarl
|-sidestart|p1: mickey m|move: Light Screen
|move|p2a: Magearna|Volt Switch|p1a: Grimmsnarl
|-damage|p1a: Grimmsnarl|80/100
|
|t:|1605085221
|switch|p2a: Excadrill|Excadrill, M|100/100|[from]move: Volt Switch
|
|-weather|Sandstorm|[upkeep]
|-damage|p1a: Grimmsnarl|74/100|[from] Sandstorm
|upkeep
|turn|4
|
|t:|1605085233
|move|p1a: Grimmsnarl|Taunt|p2a: Excadrill
|-start|p2a: Excadrill|move: Taunt
|move|p2a: Excadrill|Iron Head|p1a: Grimmsnarl
|-supereffective|p1a: Grimmsnarl
|-damage|p1a: Grimmsnarl|20/100
|-damage|p2a: Excadrill|91/100|[from] item: Life Orb
|
|-weather|Sandstorm|[upkeep]
|-damage|p1a: Grimmsnarl|14/100|[from] Sandstorm
|upkeep
|turn|5
|
|t:|1605085245
|move|p2a: Excadrill|Iron Head|p1a: Grimmsnarl
|-supereffective|p1a: Grimmsnarl
|-damage|p1a: Grimmsnarl|0 fnt
|-damage|p2a: Excadrill|81/100|[from] item: Life Orb
|faint|p1a: Grimmsnarl
|
|-weather|Sandstorm|[upkeep]
|upkeep
|
|t:|1605085253
|switch|p1a: Dragonite|Dragonite, M|100/100
|-damage|p1a: Dragonite|75/100|[from] Stealth Rock
|turn|6
|
|t:|1605085266
|move|p2a: Excadrill|Iron Head|p1a: Dragonite
|-damage|p1a: Dragonite|42/100
|-damage|p2a: Excadrill|71/100|[from] item: Life Orb
|move|p1a: Dragonite|Earthquake|p2a: Excadrill
|-supereffective|p2a: Excadrill
|-damage|p2a: Excadrill|0 fnt
|faint|p2a: Excadrill
|
|-weather|Sandstorm|[upkeep]
|-damage|p1a: Dragonite|35/100|[from] Sandstorm
|upkeep
|
|t:|1605085274
|switch|p2a: Latios|Latios, M, shiny|100/100
|turn|7
|
|t:|1605085284
|move|p2a: Latios|Draco Meteor|p1a: Dragonite|[miss]
|-miss|p2a: Latios|p1a: Dragonite
|move|p1a: Dragonite|Dragon Claw|p2a: Latios
|-supereffective|p2a: Latios
|-damage|p2a: Latios|0 fnt
|faint|p2a: Latios
|
|-weather|Sandstorm|[upkeep]
|-damage|p1a: Dragonite|29/100|[from] Sandstorm
|upkeep
|
|t:|1605085296
|switch|p2a: Tyranitar|Tyranitar, M, shiny|100/100
|turn|8
|
|t:|1605085300
|move|p1a: Dragonite|Earthquake|p2a: Tyranitar
|-supereffective|p2a: Tyranitar
|-damage|p2a: Tyranitar|44/100
|move|p2a: Tyranitar|Stone Edge|p1a: Dragonite
|-supereffective|p1a: Dragonite
|-damage|p1a: Dragonite|0 fnt
|faint|p1a: Dragonite
|
|-weather|none
|-sideend|p1: mickey m|Reflect
|upkeep
|
|t:|1605085309
|switch|p1a: Rillaboom|Rillaboom, F|100/100
|-damage|p1a: Rillaboom|88/100|[from] Stealth Rock
|-fieldstart|move: Grassy Terrain|[from] ability: Grassy Surge|[of] p1a: Rillaboom
|-enditem|p1a: Rillaboom|Grassy Seed
|-boost|p1a: Rillaboom|def|1|[from] item: Grassy Seed
|turn|9
|
|t:|1605085317
|switch|p2a: Landorus|Landorus-Therian, M, shiny|100/100
|-ability|p2a: Landorus|Intimidate|boost
|-unboost|p1a: Rillaboom|atk|1
|move|p1a: Rillaboom|Swords Dance|p1a: Rillaboom
|-boost|p1a: Rillaboom|atk|2
|
|-heal|p1a: Rillaboom|94/100|[from] Grassy Terrain
|upkeep
|turn|10
|
|t:|1605085325
|move|p1a: Rillaboom|Grassy Glide|p2a: Landorus
|-damage|p2a: Landorus|23/100
|move|p2a: Landorus|U-turn|p1a: Rillaboom
|-supereffective|p1a: Rillaboom
|-damage|p1a: Rillaboom|59/100
|
|t:|1605085329
|switch|p2a: Moltres|Moltres, shiny|100/100|[from]move: U-turn
|
|-heal|p1a: Rillaboom|65/100|[from] Grassy Terrain
|-sideend|p1: mickey m|move: Light Screen
|upkeep
|turn|11
|
|t:|1605085338
|move|p1a: Rillaboom|Acrobatics|p2a: Moltres
|-damage|p2a: Moltres|61/100
|-status|p1a: Rillaboom|brn|[from] ability: Flame Body|[of] p2a: Moltres
|move|p2a: Moltres|Flamethrower|p1a: Rillaboom
|-supereffective|p1a: Rillaboom
|-damage|p1a: Rillaboom|0 fnt
|faint|p1a: Rillaboom
|
|upkeep
|
|t:|1605085351
|switch|p1a: Cinderace|Cinderace, F|100/100
|-damage|p1a: Cinderace|76/100|[from] Stealth Rock
|turn|12
|
|t:|1605085356
|move|p1a: Cinderace|Bulk Up|p1a: Cinderace
|-start|p1a: Cinderace|typechange|Fighting|[from] ability: Libero
|-boost|p1a: Cinderace|atk|1
|-boost|p1a: Cinderace|def|1
|move|p2a: Moltres|Roost|p2a: Moltres
|-heal|p2a: Moltres|100/100
|-singleturn|p2a: Moltres|move: Roost
|
|-heal|p1a: Cinderace|82/100|[from] Grassy Terrain
|upkeep
|turn|13
|
|t:|1605085366
|move|p1a: Cinderace|Bulk Up|p1a: Cinderace
|-boost|p1a: Cinderace|atk|1
|-boost|p1a: Cinderace|def|1
|move|p2a: Moltres|Scorching Sands|p1a: Cinderace
|-damage|p1a: Cinderace|53/100
|
|-heal|p1a: Cinderace|59/100|[from] Grassy Terrain
|-fieldend|move: Grassy Terrain
|upkeep
|turn|14
|
|t:|1605085374
|move|p1a: Cinderace|Pyro Ball|p2a: Moltres
|-start|p1a: Cinderace|typechange|Fire|[from] ability: Libero
|-resisted|p2a: Moltres
|-damage|p2a: Moltres|47/100
|-damage|p1a: Cinderace|50/100|[from] item: Life Orb
|move|p2a: Moltres|Scorching Sands|p1a: Cinderace
|-supereffective|p1a: Cinderace
|-damage|p1a: Cinderace|0 fnt
|faint|p1a: Cinderace
|
|upkeep
|
|t:|1605085385
|switch|p1a: Moltres|Moltres-Galar|100/100
|-damage|p1a: Moltres|76/100|[from] Stealth Rock
|turn|15
|
|t:|1605085391
|switch|p2a: Magearna|Magearna|82/100
|move|p1a: Moltres|Agility|p1a: Moltres
|-boost|p1a: Moltres|spe|2
|
|upkeep
|turn|16
|
|t:|1605085401
|move|p1a: Moltres|Nasty Plot|p1a: Moltres
|-boost|p1a: Moltres|spa|2
|move|p2a: Magearna|Fleur Cannon|p1a: Moltres|[miss]
|-miss|p2a: Magearna|p1a: Moltres
|
|upkeep
|turn|17
|
|t:|1605085407
|move|p1a: Moltres|Air Slash|p2a: Magearna
|-resisted|p2a: Magearna
|-damage|p2a: Magearna|62/100
|cant|p2a: Magearna|flinch
|
|upkeep
|turn|18
|
|t:|1605085412
|move|p1a: Moltres|Fiery Wrath|p2a: Magearna
|-resisted|p2a: Magearna
|-damage|p2a: Magearna|40/100
|move|p2a: Magearna|Fleur Cannon|p1a: Moltres
|-supereffective|p1a: Moltres
|-damage|p1a: Moltres|0 fnt
|-unboost|p2a: Magearna|spa|2
|faint|p1a: Moltres
|-ability|p2a: Magearna|Soul-Heart|boost
|-boost|p2a: Magearna|spa|1
|
|upkeep
|
|t:|1605085423
|switch|p1a: Melmetal|Melmetal|100/100
|-damage|p1a: Melmetal|94/100|[from] Stealth Rock
|turn|19
|
|t:|1605085427
|move|p2a: Magearna|Volt Switch|p1a: Melmetal
|-damage|p1a: Melmetal|74/100
|
|t:|1605085440
|switch|p2a: Landorus|Landorus-Therian, M, shiny|23/100|[from]move: Volt Switch
|-ability|p2a: Landorus|Intimidate|boost
|-unboost|p1a: Melmetal|atk|1
|move|p1a: Melmetal|Double Iron Bash|p2a: Landorus
|-damage|p2a: Landorus|0 fnt
|-hitcount|p2a: Landorus|1
|faint|p2a: Landorus
|
|upkeep
|
|t:|1605085452
|switch|p2a: Moltres|Moltres, shiny|47/100
|turn|20
|
|t:|1605085455
|move|p2a: Moltres|Flamethrower|p1a: Melmetal
|-supereffective|p1a: Melmetal
|-damage|p1a: Melmetal|0 fnt
|faint|p1a: Melmetal
|
|win|diula
|l|☆mickey m
