|j|☆minimax_ai
|j|☆Bloody Busybody
|t:|1663141151
|gametype|singles
|player|p1|minimax_ai|lusamine-nihilego|1518
|player|p2|Bloody Busybody|bugcatcher|1596
|teamsize|p1|6
|teamsize|p2|6
|gen|8
|tier|[Gen 8] OU
|rated|
|rule|Sleep Clause Mod: Limit one foe put to sleep
|rule|Species Clause: Limit one of each Pokémon
|rule|OHKO Clause: OHKO moves are banned
|rule|Evasion Items Clause: Evasion items are banned
|rule|Evasion Moves Clause: Evasion moves are banned
|rule|Endless Battle Clause: Forcing endless battles is banned
|rule|HP Percentage Mod: HP is shown in percentages
|rule|Dynamax Clause: You cannot dynamax
|clearpoke
|poke|p1|Rotom-Wash|
|poke|p1|Weavile, M|
|poke|p1|Landorus-Therian, M|
|poke|p1|Heatran, M|
|poke|p1|Tangrowth, F|
|poke|p1|Melmetal|
|poke|p2|Volcanion|
|poke|p2|Corviknight, F|
|poke|p2|Landorus-Therian, M|
|poke|p2|Blissey, F|
|poke|p2|Weavile, F|
|poke|p2|Tapu Fini|
|teampreview
|c|☆minimax_ai|hf
|inactive|Battle timer is ON: inactive players will automatically lose when time's up. (requested by minimax_ai)
|
|t:|1663141160
|start
|switch|p1a: rotomwash|Rotom-Wash|100/100
|switch|p2a: Volcanion|Volcanion|100/100
|turn|1
|c|☆Bloody Busybody|u2
|
|t:|1663141166
|switch|p2a: Landorus|Landorus-Therian, M|100/100
|-ability|p2a: Landorus|Intimidate|boost
|-unboost|p1a: rotomwash|atk|1
|move|p1a: rotomwash|Nasty Plot|p1a: rotomwash
|-boost|p1a: rotomwash|spa|2
|
|upkeep
|turn|2
|
|t:|1663141172
|switch|p2a: Blissey|Blissey, F|100/100
|move|p1a: rotomwash|Hydro Pump|p2a: Blissey
|-damage|p2a: Blissey|70/100
|
|upkeep
|turn|3
|
|t:|1663141175
|move|p1a: rotomwash|Nasty Plot|p1a: rotomwash
|-boost|p1a: rotomwash|spa|2
|move|p2a: Blissey|Toxic|p1a: rotomwash
|-status|p1a: rotomwash|tox
|
|-damage|p1a: rotomwash|94/100 tox|[from] psn
|upkeep
|turn|4
|
|t:|1663141177
|move|p1a: rotomwash|Hydro Pump|p2a: Blissey
|-damage|p2a: Blissey|23/100
|move|p2a: Blissey|Soft-Boiled|p2a: Blissey
|-heal|p2a: Blissey|73/100
|
|-heal|p1a: rotomwash|100/100 tox|[from] item: Leftovers
|-damage|p1a: rotomwash|88/100 tox|[from] psn
|upkeep
|turn|5
|
|t:|1663141180
|move|p1a: rotomwash|Hydro Pump|p2a: Blissey
|-damage|p2a: Blissey|29/100
|move|p2a: Blissey|Soft-Boiled|p2a: Blissey
|-heal|p2a: Blissey|79/100
|
|-heal|p1a: rotomwash|94/100 tox|[from] item: Leftovers
|-damage|p1a: rotomwash|75/100 tox|[from] psn
|upkeep
|turn|6
|
|t:|1663141183
|move|p1a: rotomwash|Nasty Plot|p1a: rotomwash
|-boost|p1a: rotomwash|spa|2
|move|p2a: Blissey|Soft-Boiled|p2a: Blissey
|-heal|p2a: Blissey|100/100
|
|-heal|p1a: rotomwash|82/100 tox|[from] item: Leftovers
|-damage|p1a: rotomwash|57/100 tox|[from] psn
|upkeep
|turn|7
|
|t:|1663141186
|move|p1a: rotomwash|Pain Split|p2a: Blissey
|-sethp|p2a: Blissey|62/100|[from] move: Pain Split|[silent]
|-sethp|p1a: rotomwash|100/100 tox|[from] move: Pain Split
|move|p2a: Blissey|Soft-Boiled|p2a: Blissey
|-heal|p2a: Blissey|100/100
|
|-damage|p1a: rotomwash|69/100 tox|[from] psn
|upkeep
|turn|8
|
|t:|1663141189
|move|p1a: rotomwash|Hydro Pump|p2a: Blissey|[miss]
|-miss|p1a: rotomwash|p2a: Blissey
|move|p2a: Blissey|Soft-Boiled||[still]
|-fail|p2a: Blissey|heal
|
|-heal|p1a: rotomwash|75/100 tox|[from] item: Leftovers
|-damage|p1a: rotomwash|38/100 tox|[from] psn
|upkeep
|turn|9
|
|t:|1663141193
|move|p1a: rotomwash|Pain Split|p2a: Blissey
|-sethp|p2a: Blissey|58/100|[from] move: Pain Split|[silent]
|-sethp|p1a: rotomwash|100/100 tox|[from] move: Pain Split
|move|p2a: Blissey|Seismic Toss|p1a: rotomwash
|-damage|p1a: rotomwash|68/100 tox
|
|-heal|p1a: rotomwash|74/100 tox|[from] item: Leftovers
|-damage|p1a: rotomwash|30/100 tox|[from] psn
|upkeep
|turn|10
|
|t:|1663141195
|move|p1a: rotomwash|Pain Split|p2a: Blissey
|-sethp|p2a: Blissey|36/100|[from] move: Pain Split|[silent]
|-sethp|p1a: rotomwash|83/100 tox|[from] move: Pain Split
|move|p2a: Blissey|Soft-Boiled|p2a: Blissey
|-heal|p2a: Blissey|86/100
|
|-heal|p1a: rotomwash|90/100 tox|[from] item: Leftovers
|-damage|p1a: rotomwash|40/100 tox|[from] psn
|upkeep
|turn|11
|
|t:|1663141198
|move|p1a: rotomwash|Pain Split|p2a: Blissey
|-sethp|p2a: Blissey|51/100|[from] move: Pain Split|[silent]
|-sethp|p1a: rotomwash|100/100 tox|[from] move: Pain Split
|move|p2a: Blissey|Seismic Toss|p1a: rotomwash
|-damage|p1a: rotomwash|68/100 tox
|
|-heal|p1a: rotomwash|74/100 tox|[from] item: Leftovers
|-damage|p1a: rotomwash|18/100 tox|[from] psn
|upkeep
|turn|12
|
|t:|1663141199
|move|p1a: rotomwash|Pain Split|p2a: Blissey
|-sethp|p2a: Blissey|30/100|[from] move: Pain Split|[silent]
|-sethp|p1a: rotomwash|69/100 tox|[from] move: Pain Split
|move|p2a: Blissey|Soft-Boiled|p2a: Blissey
|-heal|p2a: Blissey|80/100
|
|-heal|p1a: rotomwash|75/100 tox|[from] item: Leftovers
|-damage|p1a: rotomwash|13/100 tox|[from] psn
|upkeep
|turn|13
|
|t:|1663141201
|move|p1a: rotomwash|Pain Split|p2a: Blissey
|-sethp|p2a: Blissey|43/100|[from] move: Pain Split|[silent]
|-sethp|p1a: rotomwash|99/100 tox|[from] move: Pain Split
|move|p2a: Blissey|Soft-Boiled|p2a: Blissey
|-heal|p2a: Blissey|93/100
|
|-heal|p1a: rotomwash|100/100 tox|[from] item: Leftovers
|-damage|p1a: rotomwash|32/100 tox|[from] psn
|upkeep
|turn|14
|
|t:|1663141204
|switch|p1a: Melmetal|Melmetal|100/100
|move|p2a: Blissey|Seismic Toss|p1a: Melmetal
|-damage|p1a: Melmetal|78/100
|
|upkeep
|turn|15
|
|t:|1663141207
|switch|p2a: Volcanion|Volcanion|100/100
|move|p1a: Melmetal|Thunder Punch|p2a: Volcanion
|-supereffective|p2a: Volcanion
|-damage|p2a: Volcanion|45/100
|
|upkeep
|turn|16
|
|t:|1663141210
|switch|p1a: rotomwash|Rotom-Wash|32/100 tox
|move|p2a: Volcanion|Fire Blast|p1a: rotomwash
|-resisted|p1a: rotomwash
|-damage|p1a: rotomwash|0 fnt
|faint|p1a: rotomwash
|
|upkeep
|
|t:|1663141211
|switch|p1a: Heatran|Heatran, M|100/100
|-item|p1a: Heatran|Air Balloon
|turn|17
|
|t:|1663141218
|switch|p2a: Tapu Fini|Tapu Fini|100/100
|-fieldstart|move: Misty Terrain|[from] ability: Misty Surge|[of] p2a: Tapu Fini
|move|p1a: Heatran|Magma Storm|p2a: Tapu Fini
|-resisted|p2a: Tapu Fini
|-damage|p2a: Tapu Fini|82/100
|-activate|p2a: Tapu Fini|move: Magma Storm|[of] p1a: Heatran
|
|-heal|p2a: Tapu Fini|88/100|[from] item: Leftovers
|-damage|p2a: Tapu Fini|75/100|[from] move: Magma Storm|[partiallytrapped]
|upkeep
|turn|18
|
|t:|1663141222
|move|p1a: Heatran|Magma Storm|p2a: Tapu Fini
|-resisted|p2a: Tapu Fini
|-damage|p2a: Tapu Fini|54/100
|move|p2a: Tapu Fini|Scald|p1a: Heatran
|-supereffective|p1a: Heatran
|-damage|p1a: Heatran|50/100
|-enditem|p1a: Heatran|Air Balloon
|
|-heal|p2a: Tapu Fini|60/100|[from] item: Leftovers
|-damage|p2a: Tapu Fini|48/100|[from] move: Magma Storm|[partiallytrapped]
|upkeep
|turn|19
|
|t:|1663141229
|move|p1a: Heatran|Stealth Rock|p2a: Tapu Fini
|-sidestart|p2: Bloody Busybody|move: Stealth Rock
|move|p2a: Tapu Fini|Draining Kiss|p1a: Heatran
|-resisted|p1a: Heatran
|-damage|p1a: Heatran|46/100
|-heal|p2a: Tapu Fini|51/100|[from] drain|[of] p1a: Heatran
|
|-heal|p2a: Tapu Fini|57/100|[from] item: Leftovers
|-damage|p2a: Tapu Fini|44/100|[from] move: Magma Storm|[partiallytrapped]
|upkeep
|turn|20
|
|t:|1663141231
|move|p1a: Heatran|Earth Power|p2a: Tapu Fini
|-damage|p2a: Tapu Fini|17/100
|move|p2a: Tapu Fini|Scald|p1a: Heatran
|-supereffective|p1a: Heatran
|-damage|p1a: Heatran|0 fnt
|faint|p1a: Heatran
|
|-heal|p2a: Tapu Fini|23/100|[from] item: Leftovers
|-end|p2a: Tapu Fini|Magma Storm|[partiallytrapped]|[silent]
|upkeep
|
|t:|1663141231
|switch|p1a: Weavile|Weavile, M|100/100
|-ability|p1a: Weavile|Pressure
|turn|21
|j| Kyurem
|
|t:|1663141238
|move|p1a: Weavile|Knock Off|p2a: Tapu Fini
|-resisted|p2a: Tapu Fini
|-damage|p2a: Tapu Fini|0 fnt
|-enditem|p2a: Tapu Fini|Leftovers|[from] move: Knock Off|[of] p1a: Weavile
|faint|p2a: Tapu Fini
|
|-fieldend|Misty Terrain
|upkeep
|
|t:|1663141240
|switch|p2a: Corviknight|Corviknight, F|100/100
|-damage|p2a: Corviknight|88/100|[from] Stealth Rock
|-ability|p2a: Corviknight|Pressure
|turn|22
|l| Kyurem
|
|t:|1663141243
|switch|p1a: Melmetal|Melmetal|78/100
|move|p2a: Corviknight|Body Press|p1a: Melmetal
|-supereffective|p1a: Melmetal
|-damage|p1a: Melmetal|47/100
|
|upkeep
|turn|23
|
|t:|1663141245
|move|p2a: Corviknight|Defog|p1a: Melmetal
|-unboost|p1a: Melmetal|evasion|1
|-sideend|p2: Bloody Busybody|Stealth Rock|[from] move: Defog|[of] p2a: Corviknight
|move|p1a: Melmetal|Thunder Punch|p2a: Corviknight
|-supereffective|p2a: Corviknight
|-damage|p2a: Corviknight|51/100
|-damage|p1a: Melmetal|30/100|[from] item: Rocky Helmet|[of] p2a: Corviknight
|
|upkeep
|turn|24
|
|t:|1663141247
|move|p2a: Corviknight|Roost|p2a: Corviknight
|-heal|p2a: Corviknight|100/100
|-singleturn|p2a: Corviknight|move: Roost
|move|p1a: Melmetal|Thunder Punch|p2a: Corviknight
|-crit|p2a: Corviknight
|-damage|p2a: Corviknight|70/100
|-status|p2a: Corviknight|par
|-damage|p1a: Melmetal|13/100|[from] item: Rocky Helmet|[of] p2a: Corviknight
|
|upkeep
|turn|25
|
|t:|1663141250
|move|p1a: Melmetal|Earthquake|p2a: Corviknight
|-immune|p2a: Corviknight
|move|p2a: Corviknight|U-turn|p1a: Melmetal
|-resisted|p1a: Melmetal
|-damage|p1a: Melmetal|9/100
|
|t:|1663141253
|switch|p2a: Landorus|Landorus-Therian, M|100/100|[from]move: U-turn
|-ability|p2a: Landorus|Intimidate|boost
|-unboost|p1a: Melmetal|atk|1
|
|upkeep
|turn|26
|
|t:|1663141256
|move|p2a: Landorus|U-turn|p1a: Melmetal
|-resisted|p1a: Melmetal
|-damage|p1a: Melmetal|3/100
|
|t:|1663141259
|switch|p2a: Corviknight|Corviknight, F|70/100 par|[from]move: U-turn
|-ability|p2a: Corviknight|Pressure
|move|p1a: Melmetal|Thunder Punch|p2a: Corviknight
|-supereffective|p2a: Corviknight
|-damage|p2a: Corviknight|43/100 par
|-damage|p1a: Melmetal|0 fnt|[from] item: Rocky Helmet|[of] p2a: Corviknight
|faint|p1a: Melmetal
|
|upkeep
|
|t:|1663141259
|switch|p1a: Weavile|Weavile, M|100/100
|-ability|p1a: Weavile|Pressure
|turn|27
|
|t:|1663141261
|move|p1a: Weavile|Knock Off|p2a: Corviknight
|-damage|p2a: Corviknight|3/100 par
|-damage|p1a: Weavile|84/100|[from] item: Rocky Helmet|[of] p2a: Corviknight
|-enditem|p2a: Corviknight|Rocky Helmet|[from] move: Knock Off|[of] p1a: Weavile
|cant|p2a: Corviknight|par
|
|upkeep
|turn|28
|
|t:|1663141266
|move|p1a: Weavile|Knock Off|p2a: Corviknight
|-damage|p2a: Corviknight|0 fnt
|faint|p2a: Corviknight
|
|upkeep
|
|t:|1663141268
|switch|p2a: Weavile|Weavile, F|100/100
|-ability|p2a: Weavile|Pressure
|turn|29
|
|t:|1663141271
|switch|p1a: Tangrowth|Tangrowth, F|100/100
|move|p2a: Weavile|Knock Off|p1a: Tangrowth
|-damage|p1a: Tangrowth|62/100
|-damage|p2a: Weavile|84/100|[from] item: Rocky Helmet|[of] p1a: Tangrowth
|-enditem|p1a: Tangrowth|Rocky Helmet|[from] move: Knock Off|[of] p2a: Weavile
|
|upkeep
|turn|30
|
|t:|1663141275
|switch|p2a: Volcanion|Volcanion|45/100
|move|p1a: Tangrowth|Sleep Powder|p2a: Volcanion|[miss]
|-miss|p1a: Tangrowth|p2a: Volcanion
|
|upkeep
|turn|31
|
|t:|1663141278
|switch|p1a: Weavile|Weavile, M|84/100
|-ability|p1a: Weavile|Pressure
|move|p2a: Volcanion|Fire Blast|p1a: Weavile
|-supereffective|p1a: Weavile
|-damage|p1a: Weavile|0 fnt
|faint|p1a: Weavile
|
|upkeep
|
|t:|1663141278
|switch|p1a: landorustherian|Landorus-Therian, M|100/100
|-ability|p1a: landorustherian|Intimidate|boost
|-unboost|p2a: Volcanion|atk|1
|turn|32
|
|t:|1663141283
|switch|p2a: Landorus|Landorus-Therian, M|100/100
|-ability|p2a: Landorus|Intimidate|boost
|-unboost|p1a: landorustherian|atk|1
|move|p1a: landorustherian|Earthquake|p2a: Landorus
|-immune|p2a: Landorus
|
|upkeep
|turn|33
|
|t:|1663141286
|move|p2a: Landorus|U-turn|p1a: landorustherian
|-resisted|p1a: landorustherian
|-damage|p1a: landorustherian|91/100
|
|t:|1663141290
|switch|p2a: Blissey|Blissey, F|93/100|[from]move: U-turn
|move|p1a: landorustherian|Earthquake|p2a: Blissey
|-crit|p2a: Blissey
|-damage|p2a: Blissey|29/100
|
|-heal|p1a: landorustherian|97/100|[from] item: Leftovers
|upkeep
|turn|34
|
|t:|1663141293
|move|p1a: landorustherian|Earthquake|p2a: Blissey
|-damage|p2a: Blissey|0 fnt
|faint|p2a: Blissey
|
|-heal|p1a: landorustherian|100/100|[from] item: Leftovers
|upkeep
|
|t:|1663141294
|switch|p2a: Weavile|Weavile, F|84/100
|-ability|p2a: Weavile|Pressure
|turn|35
|
|t:|1663141296
|switch|p1a: Tangrowth|Tangrowth, F|95/100
|move|p2a: Weavile|Triple Axel|p1a: Tangrowth
|-supereffective|p1a: Tangrowth
|-damage|p1a: Tangrowth|78/100
|-supereffective|p1a: Tangrowth
|-crit|p1a: Tangrowth
|-damage|p1a: Tangrowth|29/100
|-supereffective|p1a: Tangrowth
|-damage|p1a: Tangrowth|0 fnt
|faint|p1a: Tangrowth
|-hitcount|p1: Tangrowth|3
|
|upkeep
|
|t:|1663141296
|switch|p1a: landorustherian|Landorus-Therian, M|100/100
|-ability|p1a: landorustherian|Intimidate|boost
|-unboost|p2a: Weavile|atk|1
|turn|36
|
|t:|1663141298
|move|p2a: Weavile|Triple Axel|p1a: landorustherian
|-supereffective|p1a: landorustherian
|-damage|p1a: landorustherian|59/100
|-supereffective|p1a: landorustherian
|-damage|p1a: landorustherian|0 fnt
|faint|p1a: landorustherian
|-hitcount|p1: landorustherian|2
|
|win|Bloody Busybody
|raw|minimax_ai's rating: 1518 &rarr; <strong>1502</strong><br />(-16 for losing)
|raw|Bloody Busybody's rating: 1596 &rarr; <strong>1612</strong><br />(+16 for winning)
|c|☆minimax_ai|gg
|l|☆minimax_ai
|c|☆Bloody Busybody|gg
