|j|☆Tirkys
|j|☆BoomFantastic
|t:|1620078551
|gametype|singles
|player|p1|Tirkys|hilda-dueldisk|1596
|player|p2|BoomFantastic|169|1557
|teamsize|p1|6
|teamsize|p2|6
|gen|8
|tier|[Gen 8] OU
|rated|
|clearpoke
|poke|p1|Volcarona, F|
|poke|p1|Quagsire, F|
|poke|p1|Xatu, M|
|poke|p1|Mantine, F|
|poke|p1|Mienshao, M|
|poke|p1|Ninetales-Alola, F|
|poke|p2|Mew|
|poke|p2|Cloyster, M|
|poke|p2|Gengar, F|
|poke|p2|Rillaboom, M|
|poke|p2|Bisharp, F|
|poke|p2|Hawlucha, F|
|rule|Sleep Clause Mod: Limit one foe put to sleep
|rule|Species Clause: Limit one of each Pokémon
|rule|OHKO Clause: OHKO moves are banned
|rule|Evasion Moves Clause: Evasion moves are banned
|rule|Endless Battle Clause: Forcing endless battles is banned
|rule|HP Percentage Mod: HP is shown in percentages
|rule|Dynamax Clause: You cannot dynamax
|teampreview
|inactive|Battle timer is ON: inactive players will automatically lose when time's up. (requested by Tirkys)
|
|t:|1620078566
|start
|switch|p1a: KingNothing|Mienshao, M|100/100
|switch|p2a: Mew|Mew|100/100
|turn|1
|
|t:|1620078570
|move|p1a: KingNothing|Fake Out|p2a: Mew
|-damage|p2a: Mew|86/100
|-enditem|p2a: Mew|Red Card|[of] p1a: KingNothing
|-damage|p1a: KingNothing|91/100|[from] item: Life Orb
|drag|p1a: WhiteAlbum|Ninetales-Alola, F|100/100
|-weather|Hail|[from] ability: Snow Warning|[of] p1a: WhiteAlbum
|cant|p2a: Mew|flinch
|
|-weather|Hail|[upkeep]
|-damage|p2a: Mew|80/100|[from] Hail
|upkeep
|turn|2
|
|t:|1620078582
|switch|p1a: ManInTheMirror|Xatu, M|100/100
|move|p2a: Mew|Stealth Rock|p1a: ManInTheMirror
|move|p1a: ManInTheMirror|Stealth Rock|p2a: Mew|[from]ability: Magic Bounce
|-sidestart|p2: BoomFantastic|move: Stealth Rock
|
|-weather|Hail|[upkeep]
|-damage|p2a: Mew|74/100|[from] Hail
|-damage|p1a: ManInTheMirror|95/100|[from] Hail
|upkeep
|turn|3
|c|☆BoomFantastic|jojo stand names?
|
|t:|1620078602
|switch|p2a: Bisharp|Bisharp, F|100/100
|-damage|p2a: Bisharp|95/100|[from] Stealth Rock
|move|p1a: ManInTheMirror|Heat Wave|p2a: Bisharp
|-supereffective|p2a: Bisharp
|-damage|p2a: Bisharp|25/100
|
|-weather|Hail|[upkeep]
|-damage|p2a: Bisharp|19/100|[from] Hail
|-damage|p1a: ManInTheMirror|89/100|[from] Hail
|upkeep
|turn|4
|
|t:|1620078609
|switch|p1a: StarPlatinum|Quagsire, F, shiny|100/100
|move|p2a: Bisharp|Knock Off|p1a: StarPlatinum
|-damage|p1a: StarPlatinum|53/100
|-enditem|p1a: StarPlatinum|Leftovers|[from] move: Knock Off|[of] p2a: Bisharp
|
|-weather|Hail|[upkeep]
|-damage|p2a: Bisharp|13/100|[from] Hail
|-damage|p1a: StarPlatinum|46/100|[from] Hail
|upkeep
|turn|5
|c|☆Tirkys|Yep
|
|t:|1620078621
|move|p2a: Bisharp|Iron Head|p1a: StarPlatinum
|-resisted|p1a: StarPlatinum
|-damage|p1a: StarPlatinum|31/100
|move|p1a: StarPlatinum|Recover|p1a: StarPlatinum
|-heal|p1a: StarPlatinum|81/100
|
|-weather|none
|upkeep
|turn|6
|
|t:|1620078627
|switch|p2a: Mew|Mew|74/100
|-damage|p2a: Mew|62/100|[from] Stealth Rock
|move|p1a: StarPlatinum|Recover|p1a: StarPlatinum
|-heal|p1a: StarPlatinum|100/100
|
|upkeep
|turn|7
|
|t:|1620078635
|switch|p2a: Gengar|Gengar, F|100/100
|-damage|p2a: Gengar|88/100|[from] Stealth Rock
|switch|p1a: ManInTheMirror|Xatu, M|89/100
|
|upkeep
|turn|8
|
|t:|1620078639
|switch|p1a: Magician'sRed|Volcarona, F|100/100
|move|p2a: Gengar|Shadow Ball|p1a: Magician'sRed
|-damage|p1a: Magician'sRed|63/100
|
|-heal|p1a: Magician'sRed|69/100|[from] item: Leftovers
|upkeep
|turn|9
|
|t:|1620078642
|move|p2a: Gengar|Taunt|p1a: Magician'sRed
|-start|p1a: Magician'sRed|move: Taunt
|cant|p1a: Magician'sRed|move: Taunt|Quiver Dance
|
|-heal|p1a: Magician'sRed|75/100|[from] item: Leftovers
|upkeep
|turn|10
|
|t:|1620078645
|move|p2a: Gengar|Nasty Plot|p2a: Gengar
|-boost|p2a: Gengar|spa|2
|move|p1a: Magician'sRed|Fiery Dance|p2a: Gengar
|-damage|p2a: Gengar|27/100
|-boost|p1a: Magician'sRed|spa|1
|-start|p1a: Magician'sRed|Disable|Fiery Dance|[from] ability: Cursed Body|[of] p2a: Gengar
|
|-heal|p1a: Magician'sRed|81/100|[from] item: Leftovers
|upkeep
|turn|11
|
|t:|1620078649
|switch|p1a: CatchTheRainbow|Mantine, F|100/100
|move|p2a: Gengar|Shadow Ball|p1a: CatchTheRainbow
|-damage|p1a: CatchTheRainbow|55/100
|
|-heal|p1a: CatchTheRainbow|61/100|[from] item: Leftovers
|upkeep
|turn|12
|
|t:|1620078653
|move|p2a: Gengar|Shadow Ball|p1a: CatchTheRainbow
|-damage|p1a: CatchTheRainbow|13/100
|move|p1a: CatchTheRainbow|Haze|p1a: CatchTheRainbow
|-clearallboost
|
|-heal|p1a: CatchTheRainbow|19/100|[from] item: Leftovers
|upkeep
|turn|13
|
|t:|1620078656
|switch|p1a: WhiteAlbum|Ninetales-Alola, F|100/100
|-weather|Hail|[from] ability: Snow Warning|[of] p1a: WhiteAlbum
|move|p2a: Gengar|Shadow Ball|p1a: WhiteAlbum
|-damage|p1a: WhiteAlbum|53/100
|-unboost|p1a: WhiteAlbum|spd|1
|
|-weather|Hail|[upkeep]
|-damage|p2a: Gengar|21/100|[from] Hail
|upkeep
|turn|14
|
|t:|1620078659
|move|p1a: WhiteAlbum|Blizzard|p2a: Gengar
|-damage|p2a: Gengar|0 fnt
|faint|p2a: Gengar
|
|-weather|Hail|[upkeep]
|upkeep
|
|t:|1620078664
|switch|p2a: Cloyster|Cloyster, M|100/100
|-damage|p2a: Cloyster|76/100|[from] Stealth Rock
|turn|15
|
|t:|1620078668
|switch|p1a: StarPlatinum|Quagsire, F, shiny|100/100
|move|p2a: Cloyster|Shell Smash|p2a: Cloyster
|-unboost|p2a: Cloyster|def|1
|-unboost|p2a: Cloyster|spd|1
|-boost|p2a: Cloyster|atk|2
|-boost|p2a: Cloyster|spa|2
|-boost|p2a: Cloyster|spe|2
|
|-weather|Hail|[upkeep]
|-damage|p1a: StarPlatinum|94/100|[from] Hail
|upkeep
|turn|16
|
|t:|1620078671
|move|p2a: Cloyster|Icicle Spear|p1a: StarPlatinum
|-crit|p1a: StarPlatinum
|-damage|p1a: StarPlatinum|82/100
|-damage|p1a: StarPlatinum|74/100
|-damage|p1a: StarPlatinum|65/100
|-damage|p1a: StarPlatinum|56/100
|-crit|p1a: StarPlatinum
|-damage|p1a: StarPlatinum|45/100
|-hitcount|p1a: StarPlatinum|5
|move|p1a: StarPlatinum|Stockpile|p1a: StarPlatinum
|-start|p1a: StarPlatinum|stockpile1
|-boost|p1a: StarPlatinum|def|1
|-boost|p1a: StarPlatinum|spd|1
|
|-weather|Hail|[upkeep]
|-damage|p1a: StarPlatinum|39/100|[from] Hail
|upkeep
|turn|17
|
|t:|1620078675
|move|p2a: Cloyster|Icicle Spear|p1a: StarPlatinum
|-damage|p1a: StarPlatinum|33/100
|-damage|p1a: StarPlatinum|28/100
|-crit|p1a: StarPlatinum
|-damage|p1a: StarPlatinum|14/100
|-damage|p1a: StarPlatinum|9/100
|-damage|p1a: StarPlatinum|3/100
|-hitcount|p1a: StarPlatinum|5
|move|p1a: StarPlatinum|Recover|p1a: StarPlatinum
|-heal|p1a: StarPlatinum|53/100
|
|-weather|none
|upkeep
|turn|18
|
|t:|1620078678
|move|p2a: Cloyster|Icicle Spear|p1a: StarPlatinum
|-damage|p1a: StarPlatinum|47/100
|-damage|p1a: StarPlatinum|42/100
|-damage|p1a: StarPlatinum|36/100
|-damage|p1a: StarPlatinum|30/100
|-damage|p1a: StarPlatinum|24/100
|-hitcount|p1a: StarPlatinum|5
|cant|p1a: StarPlatinum|flinch
|
|upkeep
|turn|19
|
|t:|1620078680
|move|p2a: Cloyster|Icicle Spear|p1a: StarPlatinum
|-damage|p1a: StarPlatinum|18/100
|-damage|p1a: StarPlatinum|12/100
|-damage|p1a: StarPlatinum|6/100
|-damage|p1a: StarPlatinum|0 fnt
|-hitcount|p1a: StarPlatinum|4
|faint|p1a: StarPlatinum
|
|upkeep
|
|t:|1620078683
|switch|p1a: KingNothing|Mienshao, M|91/100
|turn|20
|
|t:|1620078687
|move|p1a: KingNothing|Fake Out|p2a: Cloyster
|-damage|p2a: Cloyster|52/100
|-damage|p1a: KingNothing|81/100|[from] item: Life Orb
|cant|p2a: Cloyster|flinch
|
|upkeep
|turn|21
|
|t:|1620078691
|switch|p1a: CatchTheRainbow|Mantine, F|19/100
|move|p2a: Cloyster|Icicle Spear|p1a: CatchTheRainbow
|-damage|p1a: CatchTheRainbow|0 fnt
|-hitcount|p1a: CatchTheRainbow|1
|faint|p1a: CatchTheRainbow
|
|upkeep
|
|t:|1620078699
|switch|p1a: KingNothing|Mienshao, M|81/100
|turn|22
|
|t:|1620078702
|move|p1a: KingNothing|Fake Out|p2a: Cloyster
|-damage|p2a: Cloyster|31/100
|-damage|p1a: KingNothing|71/100|[from] item: Life Orb
|cant|p2a: Cloyster|flinch
|
|upkeep
|turn|23
|
|t:|1620078707
|switch|p1a: WhiteAlbum|Ninetales-Alola, F|53/100
|-weather|Hail|[from] ability: Snow Warning|[of] p1a: WhiteAlbum
|move|p2a: Cloyster|Icicle Spear|p1a: WhiteAlbum
|-resisted|p1a: WhiteAlbum
|-damage|p1a: WhiteAlbum|38/100
|-resisted|p1a: WhiteAlbum
|-damage|p1a: WhiteAlbum|21/100
|-resisted|p1a: WhiteAlbum
|-damage|p1a: WhiteAlbum|5/100
|-resisted|p1a: WhiteAlbum
|-damage|p1a: WhiteAlbum|0 fnt
|-hitcount|p1a: WhiteAlbum|4
|faint|p1a: WhiteAlbum
|
|-weather|Hail|[upkeep]
|upkeep
|
|t:|1620078708
|switch|p1a: KingNothing|Mienshao, M|71/100
|turn|24
|
|t:|1620078710
|move|p1a: KingNothing|Fake Out|p2a: Cloyster
|-damage|p2a: Cloyster|8/100
|-damage|p1a: KingNothing|61/100|[from] item: Life Orb
|cant|p2a: Cloyster|flinch
|
|-weather|Hail|[upkeep]
|-damage|p1a: KingNothing|55/100|[from] Hail
|upkeep
|turn|25
|
|t:|1620078713
|switch|p1a: ManInTheMirror|Xatu, M|89/100
|move|p2a: Cloyster|Icicle Spear|p1a: ManInTheMirror
|-supereffective|p1a: ManInTheMirror
|-damage|p1a: ManInTheMirror|26/100
|-supereffective|p1a: ManInTheMirror
|-damage|p1a: ManInTheMirror|0 fnt
|-hitcount|p1a: ManInTheMirror|2
|faint|p1a: ManInTheMirror
|
|-weather|Hail|[upkeep]
|upkeep
|
|t:|1620078716
|switch|p1a: KingNothing|Mienshao, M|55/100
|turn|26
|
|t:|1620078726
|move|p1a: KingNothing|Fake Out|p2a: Cloyster
|-damage|p2a: Cloyster|0 fnt
|faint|p2a: Cloyster
|-damage|p1a: KingNothing|45/100|[from] item: Life Orb
|
|-weather|Hail|[upkeep]
|-damage|p1a: KingNothing|39/100|[from] Hail
|upkeep
|
|t:|1620078729
|switch|p2a: Rillaboom|Rillaboom, M|100/100
|-damage|p2a: Rillaboom|88/100|[from] Stealth Rock
|-fieldstart|move: Grassy Terrain|[from] ability: Grassy Surge|[of] p2a: Rillaboom
|turn|27
|
|t:|1620078733
|switch|p1a: Magician'sRed|Volcarona, F|81/100
|move|p2a: Rillaboom|Swords Dance|p2a: Rillaboom
|-boost|p2a: Rillaboom|atk|2
|
|-weather|none
|-heal|p2a: Rillaboom|94/100|[from] Grassy Terrain
|-heal|p1a: Magician'sRed|87/100|[from] Grassy Terrain
|-heal|p1a: Magician'sRed|93/100|[from] item: Leftovers
|upkeep
|turn|28
|
|t:|1620078735
|move|p2a: Rillaboom|Grassy Glide|p1a: Magician'sRed
|-resisted|p1a: Magician'sRed
|-damage|p1a: Magician'sRed|65/100
|-damage|p2a: Rillaboom|84/100|[from] item: Life Orb
|move|p1a: Magician'sRed|Quiver Dance|p1a: Magician'sRed
|-boost|p1a: Magician'sRed|spa|1
|-boost|p1a: Magician'sRed|spd|1
|-boost|p1a: Magician'sRed|spe|1
|
|-heal|p1a: Magician'sRed|71/100|[from] Grassy Terrain
|-heal|p1a: Magician'sRed|78/100|[from] item: Leftovers
|-heal|p2a: Rillaboom|91/100|[from] Grassy Terrain
|upkeep
|turn|29
|
|t:|1620078738
|move|p1a: Magician'sRed|Quiver Dance|p1a: Magician'sRed
|-boost|p1a: Magician'sRed|spa|1
|-boost|p1a: Magician'sRed|spd|1
|-boost|p1a: Magician'sRed|spe|1
|move|p2a: Rillaboom|Knock Off|p1a: Magician'sRed
|-damage|p1a: Magician'sRed|0 fnt
|-status|p2a: Rillaboom|brn|[from] ability: Flame Body|[of] p1a: Magician'sRed
|-enditem|p1a: Magician'sRed|Leftovers|[from] move: Knock Off|[of] p2a: Rillaboom
|faint|p1a: Magician'sRed
|-damage|p2a: Rillaboom|81/100 brn|[from] item: Life Orb
|
|-heal|p2a: Rillaboom|87/100 brn|[from] Grassy Terrain
|-damage|p2a: Rillaboom|81/100 brn|[from] brn
|upkeep
|c|☆BoomFantastic|gg
|
|t:|1620078750
|switch|p1a: KingNothing|Mienshao, M|39/100
|turn|30
|
|t:|1620078752
|move|p1a: KingNothing|Fake Out|p2a: Rillaboom
|-damage|p2a: Rillaboom|61/100 brn
|-damage|p1a: KingNothing|29/100|[from] item: Life Orb
|cant|p2a: Rillaboom|flinch
|
|-heal|p1a: KingNothing|35/100|[from] Grassy Terrain
|-heal|p2a: Rillaboom|68/100 brn|[from] Grassy Terrain
|-damage|p2a: Rillaboom|61/100 brn|[from] brn
|upkeep
|turn|31
|
|t:|1620078756
|move|p2a: Rillaboom|Grassy Glide|p1a: KingNothing
|-damage|p1a: KingNothing|0 fnt
|faint|p1a: KingNothing
|
|win|BoomFantastic
|-damage|p2a: Rillaboom|52/100 brn|[from] item: Life Orb
|raw|Tirkys's rating: 1596 &rarr; <strong>1574</strong><br />(-22 for losing)
|raw|BoomFantastic's rating: 1557 &rarr; <strong>1579</strong><br />(+22 for winning)
|l|☆Tirkys
