|j|☆Delibird Heart
|j|☆nxvnt
|inactive|Battle timer is ON: inactive players will automatically lose when time's up.
|t:|1652312876
|gametype|singles
|player|p1|Delibird Heart|koga-gen1|
|player|p2|nxvnt|acetrainer-gen1rb|
|teamsize|p1|6
|teamsize|p2|6
|gen|8
|tier|[Gen 8] OU
|rated|Tournament battle
|rule|Sleep Clause Mod: Limit one foe put to sleep
|rule|OHKO Clause: OHKO moves are banned
|rule|Evasion Moves Clause: Evasion moves are banned
|rule|Endless Battle Clause: Forcing endless battles is banned
|rule|HP Percentage Mod: HP is shown in percentages
|rule|Dynamax Clause: You cannot dynamax
|
|t:|1652312876
|start
|switch|p1a: Weavile|Weavile, M|100/100
|switch|p2a: Druddigon|Druddigon, F|100/100
|-ability|p1a: Weavile|Pressure
|-ability|p2a: Druddigon|Mold Breaker
|turn|1
|inactive|Delibird Heart also wants the timer to be on.
|c|☆nxvnt|bro
|c|☆nxvnt|stg this isnt the team i wanted
|
|t:|1652312896
|move|p1a: Weavile|Beat Up|p2a: Druddigon
|-damage|p2a: Druddigon|86/100
|-damage|p2a: Druddigon|68/100
|-damage|p2a: Druddigon|50/100
|-damage|p2a: Druddigon|32/100
|-damage|p2a: Druddigon|20/100
|-damage|p2a: Druddigon|2/100
|-hitcount|p2a: Druddigon|6
|move|p2a: Druddigon|Glare|p1a: Weavile
|-status|p1a: Weavile|par
|
|upkeep
|turn|2
|c|☆Delibird Heart|im so sad lmaooo
|
|t:|1652312913
|switch|p2a: Melmetal|Melmetal|100/100
|move|p1a: Weavile|Beat Up|p2a: Melmetal
|-damage|p2a: Melmetal|93/100
|-damage|p2a: Melmetal|82/100
|-damage|p2a: Melmetal|71/100
|-damage|p2a: Melmetal|61/100
|-damage|p2a: Melmetal|53/100
|-damage|p2a: Melmetal|42/100
|-hitcount|p2a: Melmetal|6
|
|upkeep
|turn|3
|
|t:|1652312922
|move|p1a: Weavile|Beat Up|p2a: Melmetal
|-damage|p2a: Melmetal|34/100
|-damage|p2a: Melmetal|24/100
|-damage|p2a: Melmetal|13/100
|-damage|p2a: Melmetal|3/100
|-damage|p2a: Melmetal|0 fnt
|faint|p2a: Melmetal
|-hitcount|p2: Melmetal|5
|
|upkeep
|
|t:|1652312927
|switch|p2a: Hydreigon|Hydreigon, F|100/100
|turn|4
|
|t:|1652312931
|move|p2a: Hydreigon|Nasty Plot|p2a: Hydreigon
|-boost|p2a: Hydreigon|spa|2
|cant|p1a: Weavile|par
|
|upkeep
|turn|5
|
|t:|1652312937
|move|p2a: Hydreigon|Nasty Plot|p2a: Hydreigon
|-boost|p2a: Hydreigon|spa|2
|move|p1a: Weavile|Beat Up|p2a: Hydreigon
|-resisted|p2a: Hydreigon
|-damage|p2a: Hydreigon|93/100
|-resisted|p2a: Hydreigon
|-damage|p2a: Hydreigon|84/100
|-resisted|p2a: Hydreigon
|-damage|p2a: Hydreigon|73/100
|-resisted|p2a: Hydreigon
|-damage|p2a: Hydreigon|64/100
|-resisted|p2a: Hydreigon
|-damage|p2a: Hydreigon|57/100
|-resisted|p2a: Hydreigon
|-damage|p2a: Hydreigon|48/100
|-hitcount|p2a: Hydreigon|6
|
|upkeep
|turn|6
|j| keahi
|
|t:|1652312945
|move|p2a: Hydreigon|Roost|p2a: Hydreigon
|-heal|p2a: Hydreigon|98/100
|-singleturn|p2a: Hydreigon|move: Roost
|move|p1a: Weavile|Beat Up|p2a: Hydreigon
|-resisted|p2a: Hydreigon
|-damage|p2a: Hydreigon|90/100
|-resisted|p2a: Hydreigon
|-damage|p2a: Hydreigon|81/100
|-resisted|p2a: Hydreigon
|-damage|p2a: Hydreigon|72/100
|-resisted|p2a: Hydreigon
|-damage|p2a: Hydreigon|61/100
|-resisted|p2a: Hydreigon
|-damage|p2a: Hydreigon|55/100
|-resisted|p2a: Hydreigon
|-damage|p2a: Hydreigon|45/100
|-hitcount|p2a: Hydreigon|6
|
|upkeep
|turn|7
|
|t:|1652312949
|move|p2a: Hydreigon|Roost|p2a: Hydreigon
|-heal|p2a: Hydreigon|95/100
|-singleturn|p2a: Hydreigon|move: Roost
|cant|p1a: Weavile|par
|
|upkeep
|turn|8
|
|t:|1652312951
|move|p2a: Hydreigon|Earth Power|p1a: Weavile
|-damage|p1a: Weavile|0 fnt
|faint|p1a: Weavile
|-damage|p2a: Hydreigon|85/100|[from] item: Life Orb
|
|upkeep
|
|t:|1652312961
|switch|p1a: Kartana|Kartana|100/100
|turn|9
|
|t:|1652312967
|move|p1a: Kartana|Sacred Sword|p2a: Hydreigon
|-supereffective|p2a: Hydreigon
|-damage|p2a: Hydreigon|0 fnt
|faint|p2a: Hydreigon
|-ability|p1a: Kartana|Beast Boost|boost
|-boost|p1a: Kartana|atk|1
|
|upkeep
|j| TheNewBrends11
|
|t:|1652312977
|switch|p2a: Volcarona|Volcarona, M|100/100
|turn|10
|inactive|Delibird Heart has 120 seconds left.
|
|t:|1652313022
|switch|p1a: Kartana|Kartana|100/100
|move|p2a: Volcarona|Flamethrower|p1a: Kartana
|-supereffective|p1a: Kartana
|-damage|p1a: Kartana|0 fnt
|faint|p1a: Kartana
|
|upkeep
|c|☆nxvnt|no
|
|t:|1652313040
|switch|p1a: Kartana|Kartana|100/100
|turn|11
|
|t:|1652313049
|move|p1a: Kartana|Knock Off|p2a: Volcarona
|-damage|p2a: Volcarona|56/100
|-enditem|p2a: Volcarona|Heavy-Duty Boots|[from] move: Knock Off|[of] p1a: Kartana
|move|p2a: Volcarona|Quiver Dance|p2a: Volcarona
|-boost|p2a: Volcarona|spa|1
|-boost|p2a: Volcarona|spd|1
|-boost|p2a: Volcarona|spe|1
|
|upkeep
|turn|12
|
|t:|1652313056
|move|p1a: Kartana|Knock Off|p2a: Volcarona
|-damage|p2a: Volcarona|22/100
|move|p2a: Volcarona|Flamethrower|p1a: Kartana
|-supereffective|p1a: Kartana
|-damage|p1a: Kartana|0 fnt
|faint|p1a: Kartana
|
|upkeep
|c|☆Delibird Heart|this is so cringe
|c|☆Delibird Heart|why would u flame first and then qd lmao
|c|☆Delibird Heart|welp
|-message|Delibird Heart forfeited.
|
|win|nxvnt
|n|☆Delibird Heart|delibirdheart
|n|☆nxvnt|nxvnt
|n| keahi|keahi
|n| TheNewBrends11|thenewbrends11
|l|☆Delibird Heart
|c|☆nxvnt|gg
|l|☆nxvnt
