|html|<div class="broadcast-blue"><strong>[Gen 8] OU is currently suspecting Melmetal! For information on how to participate check out the <a href="https://www.smogon.com/forums/threads/np-ss-ou-suspect-process-round-12-monster-mash.3709234/">suspect thread</a>.</strong></div>
|j|☆Huskothy
|j|☆ty-tyui↻
|t:|1665947630
|gametype|singles
|player|p1|Huskothy|lucas|1702
|player|p2|ty-tyui↻|grace|1746
|teamsize|p1|6
|teamsize|p2|6
|gen|8
|tier|[Gen 8] OU
|rated|
|rule|Sleep Clause Mod: Limit one foe put to sleep
|rule|Species Clause: Limit one of each Pokémon
|rule|OHKO Clause: OHKO moves are banned
|rule|Evasion Items Clause: Evasion items are banned
|rule|Evasion Moves Clause: Evasion moves are banned
|rule|Endless Battle Clause: Forcing endless battles is banned
|rule|HP Percentage Mod: HP is shown in percentages
|rule|Dynamax Clause: You cannot dynamax
|clearpoke
|poke|p1|Noctowl, M|
|poke|p1|Mew|
|poke|p1|Garchomp, M|
|poke|p1|Blastoise, F|
|poke|p1|Slowbro-Galar, M|
|poke|p1|Tapu Lele|
|poke|p2|Mienshao, F|
|poke|p2|Ninetales-Alola, F|
|poke|p2|Blacephalon|
|poke|p2|Landorus-Therian, M|
|poke|p2|Corviknight, F|
|poke|p2|Rotom-Wash|
|teampreview
|j| hejfweff
|
|t:|1665947640
|start
|switch|p1a: Mew|Mew|100/100
|switch|p2a: Mienshao|Mienshao, F, shiny|100/100
|turn|1
|j| Jongruenwald
|inactive|Battle timer is ON: inactive players will automatically lose when time's up. (requested by ty-tyui↻)
|
|t:|1665947653
|move|p2a: Mienshao|Knock Off|p1a: Mew
|-supereffective|p1a: Mew
|-damage|p1a: Mew|28/100
|-enditem|p1a: Mew|Focus Sash|[from] move: Knock Off|[of] p2a: Mienshao
|-damage|p2a: Mienshao|91/100|[from] item: Life Orb
|move|p1a: Mew|Stealth Rock|p2a: Mienshao
|-sidestart|p2: ty-tyui↻|move: Stealth Rock
|
|upkeep
|turn|2
|
|t:|1665947658
|move|p2a: Mienshao|Knock Off|p1a: Mew
|-supereffective|p1a: Mew
|-damage|p1a: Mew|0 fnt
|faint|p1a: Mew
|-damage|p2a: Mienshao|81/100|[from] item: Life Orb
|
|upkeep
|
|t:|1665947664
|switch|p1a: Tapu Lele|Tapu Lele|100/100
|-fieldstart|move: Psychic Terrain|[from] ability: Psychic Surge|[of] p1a: Tapu Lele
|turn|3
|j| voy por todos
|
|t:|1665947667
|switch|p2a: Corviknight|Corviknight, F|100/100
|-damage|p2a: Corviknight|88/100|[from] Stealth Rock
|-ability|p2a: Corviknight|Pressure
|move|p1a: Tapu Lele|Moonblast|p2a: Corviknight
|-resisted|p2a: Corviknight
|-damage|p2a: Corviknight|69/100
|
|upkeep
|turn|4
|
|t:|1665947673
|switch|p1a: BIRD|Noctowl, M|100/100
|move|p2a: Corviknight|Defog|p1a: BIRD
|-unboost|p1a: BIRD|evasion|1
|-sideend|p2: ty-tyui↻|Stealth Rock|[from] move: Defog|[of] p2a: Corviknight
|-fieldend|move: Psychic Terrain
|
|upkeep
|turn|5
|
|t:|1665947679
|switch|p2a: Rotom|Rotom-Wash|100/100
|move|p1a: BIRD|Nasty Plot|p1a: BIRD
|-boost|p1a: BIRD|spa|2
|
|upkeep
|turn|6
|
|t:|1665947681
|move|p1a: BIRD|Agility|p1a: BIRD
|-boost|p1a: BIRD|spe|2
|move|p2a: Rotom|Volt Switch|p1a: BIRD
|-supereffective|p1a: BIRD
|-enditem|p1a: BIRD|Wacan Berry|[eat]
|-enditem|p1a: BIRD|Wacan Berry|[weaken]
|-damage|p1a: BIRD|73/100
|
|t:|1665947686
|switch|p2a: Blacephalon|Blacephalon, shiny|100/100|[from]move: Volt Switch
|
|upkeep
|turn|7
|
|t:|1665947688
|move|p1a: BIRD|Hurricane|p2a: Blacephalon|[miss]
|-miss|p1a: BIRD|p2a: Blacephalon
|move|p2a: Blacephalon|Overheat|p1a: BIRD
|-damage|p1a: BIRD|0 fnt
|-unboost|p2a: Blacephalon|spa|2
|faint|p1a: BIRD
|-ability|p2a: Blacephalon|Beast Boost|boost
|-boost|p2a: Blacephalon|spa|1
|
|upkeep
|
|t:|1665947692
|switch|p1a: Slowbro|Slowbro-Galar, M|100/100
|turn|8
|
|t:|1665947697
|switch|p2a: Landorus|Landorus-Therian, M|100/100
|-ability|p2a: Landorus|Intimidate|boost
|-unboost|p1a: Slowbro|atk|1
|move|p1a: Slowbro|Nasty Plot|p1a: Slowbro
|-boost|p1a: Slowbro|spa|2
|
|upkeep
|turn|9
|-activate|p1a: Slowbro|item: Quick Claw
|
|t:|1665947700
|move|p1a: Slowbro|Psychic|p2a: Landorus
|-damage|p2a: Landorus|36/100
|-unboost|p2a: Landorus|spd|1
|move|p2a: Landorus|Earthquake|p1a: Slowbro
|-supereffective|p1a: Slowbro
|-damage|p1a: Slowbro|5/100
|
|-heal|p2a: Landorus|42/100|[from] item: Leftovers
|upkeep
|turn|10
|
|t:|1665947708
|move|p2a: Landorus|Earthquake|p1a: Slowbro
|-supereffective|p1a: Slowbro
|-damage|p1a: Slowbro|0 fnt
|faint|p1a: Slowbro
|
|-heal|p2a: Landorus|48/100|[from] item: Leftovers
|upkeep
|
|t:|1665947713
|switch|p1a: Blastoise|Blastoise, F|100/100
|turn|11
|
|t:|1665947717
|move|p1a: Blastoise|Shell Smash|p1a: Blastoise
|-unboost|p1a: Blastoise|def|1
|-unboost|p1a: Blastoise|spd|1
|-boost|p1a: Blastoise|atk|2
|-boost|p1a: Blastoise|spa|2
|-boost|p1a: Blastoise|spe|2
|-enditem|p1a: Blastoise|White Herb
|-clearnegativeboost|p1a: Blastoise|[silent]
|move|p2a: Landorus|Toxic|p1a: Blastoise
|-status|p1a: Blastoise|tox
|
|-heal|p2a: Landorus|54/100|[from] item: Leftovers
|-damage|p1a: Blastoise|94/100 tox|[from] psn
|upkeep
|turn|12
|
|t:|1665947724
|move|p1a: Blastoise|Surf|p2a: Landorus
|-supereffective|p2a: Landorus
|-damage|p2a: Landorus|0 fnt
|faint|p2a: Landorus
|
|-damage|p1a: Blastoise|82/100 tox|[from] psn
|upkeep
|
|t:|1665947726
|switch|p2a: Rotom|Rotom-Wash|100/100
|turn|13
|
|t:|1665947729
|move|p1a: Blastoise|Focus Blast|p2a: Rotom
|-damage|p2a: Rotom|48/100
|move|p2a: Rotom|Volt Switch|p1a: Blastoise
|-supereffective|p1a: Blastoise
|-damage|p1a: Blastoise|30/100 tox
|
|t:|1665947736
|switch|p2a: Corviknight|Corviknight, F|69/100|[from]move: Volt Switch
|-ability|p2a: Corviknight|Pressure
|
|-damage|p1a: Blastoise|12/100 tox|[from] psn
|upkeep
|turn|14
|
|t:|1665947740
|switch|p2a: Rotom|Rotom-Wash|48/100
|move|p1a: Blastoise|Surf|p2a: Rotom
|-resisted|p2a: Rotom
|-damage|p2a: Rotom|7/100
|
|-heal|p2a: Rotom|14/100|[from] item: Leftovers
|-damage|p1a: Blastoise|0 fnt|[from] psn
|faint|p1a: Blastoise
|upkeep
|
|t:|1665947743
|switch|p1a: Garchomp|Garchomp, M|100/100
|turn|15
|
|t:|1665947745
|switch|p2a: Ninetales|Ninetales-Alola, F|100/100
|-weather|Hail|[from] ability: Snow Warning|[of] p2a: Ninetales
|move|p1a: Garchomp|Scale Shot|p2a: Ninetales
|-immune|p2a: Ninetales
|
|-weather|Hail|[upkeep]
|-damage|p1a: Garchomp|94/100|[from] Hail
|-heal|p1a: Garchomp|100/100|[from] item: Leftovers
|upkeep
|turn|16
|
|t:|1665947748
|move|p2a: Ninetales|Blizzard|p1a: Garchomp
|-supereffective|p1a: Garchomp
|-damage|p1a: Garchomp|0 fnt
|faint|p1a: Garchomp
|
|-weather|Hail|[upkeep]
|upkeep
|c|☆Huskothy|gg
|-message|Huskothy forfeited.
|
|win|ty-tyui↻
|raw|Huskothy's rating: 1702 &rarr; <strong>1685</strong><br />(-17 for losing)
|raw|ty-tyui↻'s rating: 1746 &rarr; <strong>1763</strong><br />(+17 for winning)
|l|☆Huskothy
|l| Jongruenwald
||Ladder isn't responding, score probably updated but might not have (Request timeout).
