|j|☆lie flat
|j|☆Run For Me Plz
|t:|1667545186
|gametype|singles
|player|p1|lie flat|lass-gen4dp|1703
|player|p2|Run For Me Plz|aetherfoundation|1708
|teamsize|p1|6
|teamsize|p2|6
|gen|8
|tier|[Gen 8] OU
|rated|
|rule|Sleep Clause Mod: Limit one foe put to sleep
|rule|Species Clause: Limit one of each Pokémon
|rule|OHKO Clause: OHKO moves are banned
|rule|Evasion Items Clause: Evasion items are banned
|rule|Evasion Moves Clause: Evasion moves are banned
|rule|Endless Battle Clause: Forcing endless battles is banned
|rule|HP Percentage Mod: HP is shown in percentages
|rule|Dynamax Clause: You cannot dynamax
|clearpoke
|poke|p1|Ferrothorn, F|
|poke|p1|Rotom-Wash|
|poke|p1|Tyranitar, M|
|poke|p1|Excadrill, F|
|poke|p1|Clefable, M|
|poke|p1|Dragapult, M|
|poke|p2|Landorus-Therian, M|
|poke|p2|Skarmory, M|
|poke|p2|Umbreon, F|
|poke|p2|Slowking, M|
|poke|p2|Garchomp, F|
|poke|p2|Buzzwole|
|teampreview
|inactive|Battle timer is ON: inactive players will automatically lose when time's up. (requested by lie flat)
|
|t:|1667545194
|start
|switch|p1a: Clefable|Clefable, M|100/100
|switch|p2a: Garchomp|Garchomp, F, shiny|100/100
|turn|1
|
|t:|1667545201
|move|p2a: Garchomp|Stealth Rock|p1a: Clefable
|-sidestart|p1: lie flat|move: Stealth Rock
|move|p1a: Clefable|Moonblast|p2a: Garchomp
|-supereffective|p2a: Garchomp
|-damage|p2a: Garchomp|57/100
|
|-heal|p2a: Garchomp|63/100|[from] item: Leftovers
|upkeep
|turn|2
|
|t:|1667545208
|switch|p2a: Slowking|Slowking, M, shiny|100/100
|move|p1a: Clefable|Stealth Rock|p2a: Slowking
|-sidestart|p2: Run For Me Plz|move: Stealth Rock
|
|upkeep
|turn|3
|
|t:|1667545212
|move|p1a: Clefable|Knock Off|p2a: Slowking
|-supereffective|p2a: Slowking
|-damage|p2a: Slowking|71/100
|-enditem|p2a: Slowking|Heavy-Duty Boots|[from] move: Knock Off|[of] p1a: Clefable
|move|p2a: Slowking|Future Sight|p1a: Clefable
|-start|p2a: Slowking|move: Future Sight
|
|upkeep
|turn|4
|
|t:|1667545227
|move|p1a: Clefable|Knock Off|p2a: Slowking
|-supereffective|p2a: Slowking
|-damage|p2a: Slowking|51/100
|move|p2a: Slowking|Scald|p1a: Clefable
|-damage|p1a: Clefable|77/100
|
|upkeep
|turn|5
|
|t:|1667545234
|move|p1a: Clefable|Soft-Boiled|p1a: Clefable
|-heal|p1a: Clefable|100/100
|move|p2a: Slowking|Slack Off|p2a: Slowking
|-heal|p2a: Slowking|100/100
|
|-end|p1a: Clefable|move: Future Sight
|-damage|p1a: Clefable|61/100
|upkeep
|turn|6
|
|t:|1667545242
|move|p1a: Clefable|Soft-Boiled|p1a: Clefable
|-heal|p1a: Clefable|100/100
|move|p2a: Slowking|Scald|p1a: Clefable
|-damage|p1a: Clefable|75/100
|
|upkeep
|turn|7
|
|t:|1667545248
|switch|p1a: Tyranitar|Tyranitar, M|100/100
|-damage|p1a: Tyranitar|88/100|[from] Stealth Rock
|-weather|Sandstorm|[from] ability: Sand Stream|[of] p1a: Tyranitar
|move|p2a: Slowking|Future Sight|p1a: Tyranitar
|-start|p2a: Slowking|move: Future Sight
|
|-weather|Sandstorm|[upkeep]
|-damage|p2a: Slowking|94/100|[from] Sandstorm
|upkeep
|turn|8
|
|t:|1667545260
|switch|p2a: Buzzwole|Buzzwole, shiny|100/100
|move|p1a: Tyranitar|Stone Edge|p2a: Buzzwole
|-damage|p2a: Buzzwole|60/100
|
|-weather|Sandstorm|[upkeep]
|-damage|p2a: Buzzwole|54/100|[from] Sandstorm
|upkeep
|turn|9
|
|t:|1667545272
|switch|p1a: Clefable|Clefable, M|75/100
|move|p2a: Buzzwole|Roost|p2a: Buzzwole
|-heal|p2a: Buzzwole|100/100
|-singleturn|p2a: Buzzwole|move: Roost
|
|-weather|Sandstorm|[upkeep]
|-damage|p2a: Buzzwole|94/100|[from] Sandstorm
|-end|p1a: Clefable|move: Future Sight
|-damage|p1a: Clefable|34/100
|upkeep
|turn|10
|
|t:|1667545282
|switch|p2a: Skarmory|Skarmory, M, shiny|100/100
|move|p1a: Clefable|Soft-Boiled|p1a: Clefable
|-heal|p1a: Clefable|84/100
|
|-weather|Sandstorm|[upkeep]
|upkeep
|turn|11
|
|t:|1667545289
|move|p2a: Skarmory|Spikes|p1a: Clefable
|-sidestart|p1: lie flat|Spikes
|move|p1a: Clefable|Knock Off|p2a: Skarmory
|-damage|p2a: Skarmory|91/100
|-enditem|p2a: Skarmory|Heavy-Duty Boots|[from] move: Knock Off|[of] p1a: Clefable
|
|-weather|none
|upkeep
|turn|12
|
|t:|1667545304
|switch|p1a: Ferrothorn|Ferrothorn, F|100/100
|-damage|p1a: Ferrothorn|94/100|[from] Stealth Rock
|-damage|p1a: Ferrothorn|82/100|[from] Spikes
|move|p2a: Skarmory|Spikes|p1a: Ferrothorn
|-sidestart|p1: lie flat|Spikes
|
|-heal|p1a: Ferrothorn|88/100|[from] item: Leftovers
|upkeep
|turn|13
|
|t:|1667545314
|switch|p2a: Landorus|Landorus-Therian, M, shiny|100/100
|-damage|p2a: Landorus|88/100|[from] Stealth Rock
|-ability|p2a: Landorus|Intimidate|boost
|-unboost|p1a: Ferrothorn|atk|1
|move|p1a: Ferrothorn|Spikes|p2a: Landorus
|-sidestart|p2: Run For Me Plz|Spikes
|
|-heal|p2a: Landorus|94/100|[from] item: Leftovers
|-heal|p1a: Ferrothorn|94/100|[from] item: Leftovers
|upkeep
|turn|14
|
|t:|1667545323
|move|p2a: Landorus|Substitute|p2a: Landorus
|-start|p2a: Landorus|Substitute
|-damage|p2a: Landorus|69/100
|move|p1a: Ferrothorn|Leech Seed||[still]
|-fail|p1a: Ferrothorn
|
|-heal|p2a: Landorus|75/100|[from] item: Leftovers
|-heal|p1a: Ferrothorn|100/100|[from] item: Leftovers
|upkeep
|turn|15
|
|t:|1667545331
|move|p2a: Landorus|Bulk Up|p2a: Landorus
|-boost|p2a: Landorus|atk|1
|-boost|p2a: Landorus|def|1
|move|p1a: Ferrothorn|Iron Defense|p1a: Ferrothorn
|-boost|p1a: Ferrothorn|def|2
|
|-heal|p2a: Landorus|81/100|[from] item: Leftovers
|upkeep
|turn|16
|
|t:|1667545339
|move|p2a: Landorus|Bulk Up|p2a: Landorus
|-boost|p2a: Landorus|atk|1
|-boost|p2a: Landorus|def|1
|move|p1a: Ferrothorn|Iron Defense|p1a: Ferrothorn
|-boost|p1a: Ferrothorn|def|2
|
|-heal|p2a: Landorus|87/100|[from] item: Leftovers
|upkeep
|turn|17
|j| cypherstest
|
|t:|1667545346
|move|p2a: Landorus|Bulk Up|p2a: Landorus
|-boost|p2a: Landorus|atk|1
|-boost|p2a: Landorus|def|1
|move|p1a: Ferrothorn|Body Press|p2a: Landorus
|-resisted|p2a: Landorus
|-activate|p2a: Landorus|move: Substitute|[damage]
|
|-heal|p2a: Landorus|93/100|[from] item: Leftovers
|upkeep
|turn|18
|
|t:|1667545356
|move|p2a: Landorus|Bulk Up|p2a: Landorus
|-boost|p2a: Landorus|atk|1
|-boost|p2a: Landorus|def|1
|move|p1a: Ferrothorn|Iron Defense|p1a: Ferrothorn
|-boost|p1a: Ferrothorn|def|2
|
|-heal|p2a: Landorus|99/100|[from] item: Leftovers
|upkeep
|turn|19
|
|t:|1667545363
|move|p2a: Landorus|Bulk Up|p2a: Landorus
|-boost|p2a: Landorus|atk|1
|-boost|p2a: Landorus|def|1
|move|p1a: Ferrothorn|Body Press|p2a: Landorus
|-resisted|p2a: Landorus
|-end|p2a: Landorus|Substitute
|
|-heal|p2a: Landorus|100/100|[from] item: Leftovers
|upkeep
|turn|20
|
|t:|1667545371
|move|p2a: Landorus|Substitute|p2a: Landorus
|-start|p2a: Landorus|Substitute
|-damage|p2a: Landorus|76/100
|move|p1a: Ferrothorn|Body Press|p2a: Landorus
|-resisted|p2a: Landorus
|-activate|p2a: Landorus|move: Substitute|[damage]
|
|-heal|p2a: Landorus|82/100|[from] item: Leftovers
|upkeep
|turn|21
|
|t:|1667545379
|move|p2a: Landorus|Bulk Up|p2a: Landorus
|-boost|p2a: Landorus|atk|1
|-boost|p2a: Landorus|def|1
|move|p1a: Ferrothorn|Body Press|p2a: Landorus
|-resisted|p2a: Landorus
|-end|p2a: Landorus|Substitute
|
|-heal|p2a: Landorus|88/100|[from] item: Leftovers
|upkeep
|turn|22
|
|t:|1667545386
|move|p2a: Landorus|Substitute|p2a: Landorus
|-start|p2a: Landorus|Substitute
|-damage|p2a: Landorus|63/100
|move|p1a: Ferrothorn|Body Press|p2a: Landorus
|-resisted|p2a: Landorus
|-activate|p2a: Landorus|move: Substitute|[damage]
|
|-heal|p2a: Landorus|69/100|[from] item: Leftovers
|upkeep
|turn|23
|
|t:|1667545394
|move|p2a: Landorus|Earthquake|p1a: Ferrothorn
|-damage|p1a: Ferrothorn|69/100
|move|p1a: Ferrothorn|Body Press|p2a: Landorus
|-resisted|p2a: Landorus
|-end|p2a: Landorus|Substitute
|
|-heal|p2a: Landorus|75/100|[from] item: Leftovers
|-heal|p1a: Ferrothorn|75/100|[from] item: Leftovers
|upkeep
|turn|24
|j| fugdyesgbaicbdei
|
|t:|1667545405
|switch|p1a: Rotom|Rotom-Wash|100/100
|-damage|p1a: Rotom|88/100|[from] Stealth Rock
|move|p2a: Landorus|Earthquake|p1a: Rotom
|-immune|p1a: Rotom|[from] ability: Levitate
|
|-heal|p2a: Landorus|81/100|[from] item: Leftovers
|-heal|p1a: Rotom|94/100|[from] item: Leftovers
|upkeep
|turn|25
|j| WeirdHamster
|
|t:|1667545414
|move|p2a: Landorus|Smack Down|p1a: Rotom
|-crit|p1a: Rotom
|-damage|p1a: Rotom|0 fnt
|faint|p1a: Rotom
|
|-heal|p2a: Landorus|87/100|[from] item: Leftovers
|upkeep
|
|t:|1667545424
|switch|p1a: Dragapult|Dragapult, M|100/100
|-damage|p1a: Dragapult|88/100|[from] Stealth Rock
|-damage|p1a: Dragapult|72/100|[from] Spikes
|turn|26
|
|t:|1667545429
|move|p1a: Dragapult|Draco Meteor|p2a: Landorus
|-damage|p2a: Landorus|0 fnt
|-unboost|p1a: Dragapult|spa|2
|faint|p2a: Landorus
|
|upkeep
|
|t:|1667545436
|switch|p2a: Slowking|Slowking, M, shiny|100/100
|-damage|p2a: Slowking|88/100|[from] Stealth Rock
|-damage|p2a: Slowking|76/100|[from] Spikes
|turn|27
|
|t:|1667545441
|switch|p1a: Tyranitar|Tyranitar, M|88/100
|-damage|p1a: Tyranitar|76/100|[from] Stealth Rock
|-damage|p1a: Tyranitar|59/100|[from] Spikes
|-weather|Sandstorm|[from] ability: Sand Stream|[of] p1a: Tyranitar
|move|p2a: Slowking|Scald|p1a: Tyranitar
|-supereffective|p1a: Tyranitar
|-damage|p1a: Tyranitar|20/100
|
|-weather|Sandstorm|[upkeep]
|-damage|p2a: Slowking|70/100|[from] Sandstorm
|upkeep
|turn|28
|
|t:|1667545453
|switch|p2a: Skarmory|Skarmory, M, shiny|91/100
|-damage|p2a: Skarmory|79/100|[from] Stealth Rock
|move|p1a: Tyranitar|Stone Edge|p2a: Skarmory
|-damage|p2a: Skarmory|30/100
|
|-weather|Sandstorm|[upkeep]
|upkeep
|turn|29
|
|t:|1667545460
|move|p1a: Tyranitar|Stone Edge|p2a: Skarmory
|-damage|p2a: Skarmory|0 fnt
|faint|p2a: Skarmory
|
|-weather|Sandstorm|[upkeep]
|upkeep
|
|t:|1667545463
|switch|p2a: Buzzwole|Buzzwole, shiny|94/100
|turn|30
|
|t:|1667545468
|switch|p1a: Clefable|Clefable, M|84/100
|move|p2a: Buzzwole|Earthquake|p1a: Clefable
|-damage|p1a: Clefable|59/100
|
|-weather|Sandstorm|[upkeep]
|-damage|p2a: Buzzwole|88/100|[from] Sandstorm
|upkeep
|turn|31
|
|t:|1667545475
|switch|p2a: Slowking|Slowking, M, shiny|100/100
|-damage|p2a: Slowking|88/100|[from] Stealth Rock
|-damage|p2a: Slowking|76/100|[from] Spikes
|move|p1a: Clefable|Soft-Boiled|p1a: Clefable
|-heal|p1a: Clefable|100/100
|
|-weather|none
|upkeep
|turn|32
|j| Tokyo EZ
|
|t:|1667545486
|switch|p1a: Ferrothorn|Ferrothorn, F|75/100
|-damage|p1a: Ferrothorn|69/100|[from] Stealth Rock
|-damage|p1a: Ferrothorn|52/100|[from] Spikes
|move|p2a: Slowking|Scald|p1a: Ferrothorn
|-resisted|p1a: Ferrothorn
|-damage|p1a: Ferrothorn|41/100
|
|-heal|p1a: Ferrothorn|47/100|[from] item: Leftovers
|upkeep
|turn|33
|
|t:|1667545495
|move|p1a: Ferrothorn|Leech Seed|p2a: Slowking
|-start|p2a: Slowking|move: Leech Seed
|move|p2a: Slowking|Teleport|p2a: Slowking
|
|t:|1667545498
|switch|p2a: Garchomp|Garchomp, F, shiny|63/100|[from]move: Teleport
|-damage|p2a: Garchomp|57/100|[from] Stealth Rock
|-damage|p2a: Garchomp|45/100|[from] Spikes
|
|-heal|p2a: Garchomp|51/100|[from] item: Leftovers
|-heal|p1a: Ferrothorn|54/100|[from] item: Leftovers
|upkeep
|turn|34
|
|t:|1667545509
|switch|p1a: Clefable|Clefable, M|100/100
|move|p2a: Garchomp|Flamethrower|p1a: Clefable
|-damage|p1a: Clefable|86/100
|
|-heal|p2a: Garchomp|57/100|[from] item: Leftovers
|upkeep
|turn|35
|
|t:|1667545516
|switch|p2a: Slowking|Slowking, M, shiny|100/100
|-damage|p2a: Slowking|88/100|[from] Stealth Rock
|-damage|p2a: Slowking|76/100|[from] Spikes
|switch|p1a: Excadrill|Excadrill, F|100/100
|-damage|p1a: Excadrill|97/100|[from] Stealth Rock
|-damage|p1a: Excadrill|81/100|[from] Spikes
|
|-heal|p1a: Excadrill|87/100|[from] item: Leftovers
|upkeep
|turn|36
|
|t:|1667545527
|move|p1a: Excadrill|Rapid Spin|p2a: Slowking
|-damage|p2a: Slowking|55/100
|-boost|p1a: Excadrill|spe|1
|-sideend|p1: lie flat|Spikes|[from] move: Rapid Spin|[of] p1a: Excadrill
|-sideend|p1: lie flat|Stealth Rock|[from] move: Rapid Spin|[of] p1a: Excadrill
|move|p2a: Slowking|Scald|p1a: Excadrill
|-supereffective|p1a: Excadrill
|-damage|p1a: Excadrill|17/100
|
|-heal|p1a: Excadrill|23/100|[from] item: Leftovers
|upkeep
|turn|37
|
|t:|1667545536
|switch|p2a: Buzzwole|Buzzwole, shiny|88/100
|move|p1a: Excadrill|Earthquake|p2a: Buzzwole
|-resisted|p2a: Buzzwole
|-damage|p2a: Buzzwole|74/100
|
|-heal|p1a: Excadrill|29/100|[from] item: Leftovers
|upkeep
|turn|38
|
|t:|1667545545
|switch|p1a: Clefable|Clefable, M|86/100
|move|p2a: Buzzwole|Earthquake|p1a: Clefable
|-damage|p1a: Clefable|64/100
|
|upkeep
|turn|39
|
|t:|1667545551
|switch|p2a: Slowking|Slowking, M, shiny|89/100
|-damage|p2a: Slowking|76/100|[from] Stealth Rock
|-damage|p2a: Slowking|64/100|[from] Spikes
|move|p1a: Clefable|Soft-Boiled|p1a: Clefable
|-heal|p1a: Clefable|100/100
|
|upkeep
|turn|40
|
|t:|1667545559
|switch|p1a: Ferrothorn|Ferrothorn, F|54/100
|move|p2a: Slowking|Scald|p1a: Ferrothorn
|-resisted|p1a: Ferrothorn
|-damage|p1a: Ferrothorn|42/100
|
|-heal|p1a: Ferrothorn|48/100|[from] item: Leftovers
|upkeep
|turn|41
|
|t:|1667545567
|move|p1a: Ferrothorn|Spikes|p2a: Slowking
|-sidestart|p2: Run For Me Plz|Spikes
|move|p2a: Slowking|Scald|p1a: Ferrothorn
|-resisted|p1a: Ferrothorn
|-damage|p1a: Ferrothorn|37/100
|
|-heal|p1a: Ferrothorn|43/100|[from] item: Leftovers
|upkeep
|turn|42
|
|t:|1667545574
|move|p1a: Ferrothorn|Leech Seed|p2a: Slowking
|-start|p2a: Slowking|move: Leech Seed
|move|p2a: Slowking|Scald|p1a: Ferrothorn
|-resisted|p1a: Ferrothorn
|-damage|p1a: Ferrothorn|30/100
|-status|p1a: Ferrothorn|brn
|
|-heal|p1a: Ferrothorn|37/100 brn|[from] item: Leftovers
|-damage|p2a: Slowking|51/100|[from] Leech Seed|[of] p1a: Ferrothorn
|-heal|p1a: Ferrothorn|50/100 brn|[silent]
|-damage|p1a: Ferrothorn|44/100 brn|[from] brn
|upkeep
|turn|43
|j| Fabsey
|
|t:|1667545585
|move|p1a: Ferrothorn|Spikes|p2a: Slowking
|-sidestart|p2: Run For Me Plz|Spikes
|move|p2a: Slowking|Teleport|p2a: Slowking
|
|t:|1667545586
|switch|p2a: Garchomp|Garchomp, F, shiny|57/100|[from]move: Teleport
|-damage|p2a: Garchomp|51/100|[from] Stealth Rock
|-damage|p2a: Garchomp|26/100|[from] Spikes
|
|-heal|p2a: Garchomp|32/100|[from] item: Leftovers
|-heal|p1a: Ferrothorn|50/100 brn|[from] item: Leftovers
|-damage|p1a: Ferrothorn|44/100 brn|[from] brn
|upkeep
|turn|44
|
|t:|1667545600
|switch|p1a: Dragapult|Dragapult, M|72/100
|move|p2a: Garchomp|Stealth Rock|p1a: Dragapult
|-sidestart|p1: lie flat|move: Stealth Rock
|
|-heal|p2a: Garchomp|38/100|[from] item: Leftovers
|upkeep
|turn|45
|l| Fabsey
|
|t:|1667545608
|switch|p2a: Umbreon|Umbreon, F, shiny|100/100
|-damage|p2a: Umbreon|88/100|[from] Stealth Rock
|-damage|p2a: Umbreon|63/100|[from] Spikes
|move|p1a: Dragapult|U-turn|p2a: Umbreon
|-supereffective|p2a: Umbreon
|-damage|p2a: Umbreon|42/100
|
|t:|1667545617
|switch|p1a: Excadrill|Excadrill, F|29/100|[from]move: U-turn
|-damage|p1a: Excadrill|26/100|[from] Stealth Rock
|
|-heal|p1a: Excadrill|32/100|[from] item: Leftovers
|-heal|p2a: Umbreon|48/100|[from] item: Leftovers
|upkeep
|turn|46
|
|t:|1667545627
|move|p1a: Excadrill|Earthquake|p2a: Umbreon
|-damage|p2a: Umbreon|14/100
|move|p2a: Umbreon|Foul Play|p1a: Excadrill
|-damage|p1a: Excadrill|0 fnt
|faint|p1a: Excadrill
|
|-heal|p2a: Umbreon|20/100|[from] item: Leftovers
|upkeep
|
|t:|1667545640
|switch|p1a: Tyranitar|Tyranitar, M|20/100
|-damage|p1a: Tyranitar|8/100|[from] Stealth Rock
|-weather|Sandstorm|[from] ability: Sand Stream|[of] p1a: Tyranitar
|turn|47
|
|t:|1667545648
|move|p2a: Umbreon|Protect|p2a: Umbreon
|-singleturn|p2a: Umbreon|Protect
|move|p1a: Tyranitar|Stone Edge|p2a: Umbreon
|-activate|p2a: Umbreon|move: Protect
|
|-weather|Sandstorm|[upkeep]
|-damage|p2a: Umbreon|14/100|[from] Sandstorm
|-heal|p2a: Umbreon|20/100|[from] item: Leftovers
|upkeep
|turn|48
|j| sty5
|
|t:|1667545659
|move|p1a: Tyranitar|Stone Edge|p2a: Umbreon|[miss]
|-miss|p1a: Tyranitar|p2a: Umbreon
|move|p2a: Umbreon|Foul Play|p1a: Tyranitar
|-resisted|p1a: Tyranitar
|-damage|p1a: Tyranitar|0 fnt
|faint|p1a: Tyranitar
|
|-weather|Sandstorm|[upkeep]
|-damage|p2a: Umbreon|14/100|[from] Sandstorm
|-heal|p2a: Umbreon|20/100|[from] item: Leftovers
|upkeep
|j| t-yeu
|
|t:|1667545676
|switch|p1a: Dragapult|Dragapult, M|72/100
|-damage|p1a: Dragapult|59/100|[from] Stealth Rock
|turn|49
|
|t:|1667545684
|move|p2a: Umbreon|Protect|p2a: Umbreon
|-singleturn|p2a: Umbreon|Protect
|move|p1a: Dragapult|Draco Meteor|p2a: Umbreon
|-activate|p2a: Umbreon|move: Protect
|
|-weather|Sandstorm|[upkeep]
|-damage|p1a: Dragapult|53/100|[from] Sandstorm
|-damage|p2a: Umbreon|14/100|[from] Sandstorm
|-heal|p2a: Umbreon|20/100|[from] item: Leftovers
|upkeep
|turn|50
|
|t:|1667545693
|move|p1a: Dragapult|Draco Meteor|p2a: Umbreon
|-damage|p2a: Umbreon|0 fnt
|-unboost|p1a: Dragapult|spa|2
|faint|p2a: Umbreon
|
|-weather|Sandstorm|[upkeep]
|-damage|p1a: Dragapult|48/100|[from] Sandstorm
|upkeep
|
|t:|1667545697
|switch|p2a: Buzzwole|Buzzwole, shiny|74/100
|turn|51
|
|t:|1667545706
|switch|p1a: Clefable|Clefable, M|100/100
|switch|p2a: Slowking|Slowking, M, shiny|85/100
|-damage|p2a: Slowking|72/100|[from] Stealth Rock
|-damage|p2a: Slowking|47/100|[from] Spikes
|
|-weather|none
|upkeep
|turn|52
|
|t:|1667545715
|move|p1a: Clefable|Moonblast|p2a: Slowking
|-damage|p2a: Slowking|29/100
|-unboost|p2a: Slowking|spa|1
|move|p2a: Slowking|Slack Off|p2a: Slowking
|-heal|p2a: Slowking|79/100
|
|upkeep
|turn|53
|
|t:|1667545722
|switch|p1a: Ferrothorn|Ferrothorn, F|44/100 brn
|-damage|p1a: Ferrothorn|38/100 brn|[from] Stealth Rock
|move|p2a: Slowking|Future Sight|p1a: Ferrothorn
|-start|p2a: Slowking|move: Future Sight
|
|-heal|p1a: Ferrothorn|44/100 brn|[from] item: Leftovers
|-damage|p1a: Ferrothorn|38/100 brn|[from] brn
|upkeep
|turn|54
|
|t:|1667545734
|move|p1a: Ferrothorn|Iron Defense|p1a: Ferrothorn
|-boost|p1a: Ferrothorn|def|2
|move|p2a: Slowking|Teleport|p2a: Slowking
|
|t:|1667545736
|switch|p2a: Garchomp|Garchomp, F, shiny|38/100|[from]move: Teleport
|-damage|p2a: Garchomp|32/100|[from] Stealth Rock
|-damage|p2a: Garchomp|7/100|[from] Spikes
|
|-heal|p2a: Garchomp|13/100|[from] item: Leftovers
|-heal|p1a: Ferrothorn|44/100 brn|[from] item: Leftovers
|-damage|p1a: Ferrothorn|38/100 brn|[from] brn
|upkeep
|turn|55
|
|t:|1667545748
|move|p2a: Garchomp|Flamethrower|p1a: Ferrothorn
|-supereffective|p1a: Ferrothorn
|-crit|p1a: Ferrothorn
|-damage|p1a: Ferrothorn|0 fnt
|faint|p1a: Ferrothorn
|
|-hint|Future Sight did not hit because the target is fainted.
|-heal|p2a: Garchomp|20/100|[from] item: Leftovers
|upkeep
|
|t:|1667545754
|switch|p1a: Dragapult|Dragapult, M|48/100
|-damage|p1a: Dragapult|35/100|[from] Stealth Rock
|turn|56
|
|t:|1667545760
|move|p1a: Dragapult|Shadow Ball|p2a: Garchomp
|-damage|p2a: Garchomp|0 fnt
|faint|p2a: Garchomp
|
|upkeep
|
|t:|1667545763
|switch|p2a: Slowking|Slowking, M, shiny|100/100
|-damage|p2a: Slowking|88/100|[from] Stealth Rock
|-damage|p2a: Slowking|63/100|[from] Spikes
|turn|57
|
|t:|1667545768
|move|p1a: Dragapult|Shadow Ball|p2a: Slowking
|-supereffective|p2a: Slowking
|-damage|p2a: Slowking|0 fnt
|faint|p2a: Slowking
|
|upkeep
|-message|Run For Me Plz forfeited.
|
|win|lie flat
|raw|lie flat's rating: 1703 &rarr; <strong>1723</strong><br />(+20 for winning)
|raw|Run For Me Plz's rating: 1708 &rarr; <strong>1688</strong><br />(-20 for losing)
|l|☆Run For Me Plz
|l| fugdyesgbaicbdei
