|j|☆Raimei Hakkei 3
|j|☆Mad Lad 47
|t:|1667696615
|gametype|singles
|player|p1|Raimei Hakkei 3|169|1735
|player|p2|Mad Lad 47|lucas|1689
|teamsize|p1|6
|teamsize|p2|6
|gen|8
|tier|[Gen 8] OU
|rated|
|rule|Sleep Clause Mod: Limit one foe put to sleep
|rule|Species Clause: Limit one of each Pokémon
|rule|OHKO Clause: OHKO moves are banned
|rule|Evasion Items Clause: Evasion items are banned
|rule|Evasion Moves Clause: Evasion moves are banned
|rule|Endless Battle Clause: Forcing endless battles is banned
|rule|HP Percentage Mod: HP is shown in percentages
|rule|Dynamax Clause: You cannot dynamax
|clearpoke
|poke|p1|Landorus-Therian, M|
|poke|p1|Urshifu-*, M|
|poke|p1|Dragonite, M|
|poke|p1|Tyrantrum, M|
|poke|p1|Aegislash, F|
|poke|p1|Chansey, F|
|poke|p2|Sandaconda, F|
|poke|p2|Rotom-Wash|
|poke|p2|Ferrothorn, M|
|poke|p2|Hydreigon, F|
|poke|p2|Crobat, F|
|poke|p2|Clefable, M|
|teampreview
|inactive|Battle timer is ON: inactive players will automatically lose when time's up. (requested by Raimei Hakkei 3)
|
|t:|1667696623
|start
|switch|p1a: Raging Drunk|Landorus-Therian, M|100/100
|switch|p2a: Crobat|Crobat, F|100/100
|-ability|p1a: Raging Drunk|Intimidate|boost
|-unboost|p2a: Crobat|atk|1
|turn|1
|
|t:|1667696626
|move|p2a: Crobat|Brave Bird|p1a: Raging Drunk
|-damage|p1a: Raging Drunk|82/100
|-damage|p2a: Crobat|94/100|[from] Recoil
|move|p1a: Raging Drunk|Knock Off|p2a: Crobat
|-damage|p2a: Crobat|60/100
|-enditem|p2a: Crobat|Heavy-Duty Boots|[from] move: Knock Off|[of] p1a: Raging Drunk
|
|upkeep
|turn|2
|
|t:|1667696632
|move|p2a: Crobat|Roost|p2a: Crobat
|-heal|p2a: Crobat|100/100
|-singleturn|p2a: Crobat|move: Roost
|move|p1a: Raging Drunk|Stealth Rock|p2a: Crobat
|-sidestart|p2: Mad Lad 47|move: Stealth Rock
|
|upkeep
|turn|3
|
|t:|1667696634
|move|p2a: Crobat|Defog|p1a: Raging Drunk
|-unboost|p1a: Raging Drunk|evasion|1
|-sideend|p2: Mad Lad 47|Stealth Rock|[from] move: Defog|[of] p2a: Crobat
|move|p1a: Raging Drunk|Knock Off|p2a: Crobat
|-damage|p2a: Crobat|77/100
|
|upkeep
|turn|4
|
|t:|1667696639
|move|p2a: Crobat|Brave Bird|p1a: Raging Drunk
|-damage|p1a: Raging Drunk|61/100
|-damage|p2a: Crobat|70/100|[from] Recoil
|move|p1a: Raging Drunk|Knock Off|p2a: Crobat
|-damage|p2a: Crobat|46/100
|
|upkeep
|turn|5
|
|t:|1667696643
|move|p2a: Crobat|Brave Bird|p1a: Raging Drunk
|-damage|p1a: Raging Drunk|41/100
|-damage|p2a: Crobat|40/100|[from] Recoil
|move|p1a: Raging Drunk|Earth Power|p2a: Crobat
|-immune|p2a: Crobat
|
|upkeep
|turn|6
|
|t:|1667696650
|move|p2a: Crobat|Roost|p2a: Crobat
|-heal|p2a: Crobat|90/100
|-singleturn|p2a: Crobat|move: Roost
|move|p1a: Raging Drunk|Earth Power|p2a: Crobat
|-supereffective|p2a: Crobat
|-damage|p2a: Crobat|14/100
|
|upkeep
|turn|7
|
|t:|1667696656
|move|p2a: Crobat|Roost|p2a: Crobat
|-heal|p2a: Crobat|64/100
|-singleturn|p2a: Crobat|move: Roost
|move|p1a: Raging Drunk|Stealth Rock|p2a: Crobat
|-sidestart|p2: Mad Lad 47|move: Stealth Rock
|
|upkeep
|turn|8
|
|t:|1667696662
|switch|p1a: Horai Hakke|Tyrantrum, M|100/100
|move|p2a: Crobat|Roost|p2a: Crobat
|-heal|p2a: Crobat|100/100
|-singleturn|p2a: Crobat|move: Roost
|
|upkeep
|turn|9
|
|t:|1667696668
|move|p2a: Crobat|U-turn|p1a: Horai Hakke
|-damage|p1a: Horai Hakke|91/100
|
|t:|1667696670
|switch|p2a: Ferrothorn|Ferrothorn, M|100/100|[from]move: U-turn
|-damage|p2a: Ferrothorn|94/100|[from] Stealth Rock
|move|p1a: Horai Hakke|Head Smash|p2a: Ferrothorn|[miss]
|-miss|p1a: Horai Hakke|p2a: Ferrothorn
|
|upkeep
|turn|10
|
|t:|1667696675
|switch|p1a: Raging Drunk|Landorus-Therian, M|41/100
|-ability|p1a: Raging Drunk|Intimidate|boost
|-unboost|p2a: Ferrothorn|atk|1
|move|p2a: Ferrothorn|Spikes|p1a: Raging Drunk
|-sidestart|p1: Raimei Hakkei 3|Spikes
|
|upkeep
|turn|11
|
|t:|1667696681
|move|p1a: Raging Drunk|Knock Off|p2a: Ferrothorn
|-damage|p2a: Ferrothorn|72/100
|-damage|p1a: Raging Drunk|29/100|[from] ability: Iron Barbs|[of] p2a: Ferrothorn
|-enditem|p2a: Ferrothorn|Chople Berry|[from] move: Knock Off|[of] p1a: Raging Drunk
|move|p2a: Ferrothorn|Leech Seed|p1a: Raging Drunk
|-start|p1a: Raging Drunk|move: Leech Seed
|
|-damage|p1a: Raging Drunk|16/100|[from] Leech Seed|[of] p2a: Ferrothorn
|-heal|p2a: Ferrothorn|85/100|[silent]
|upkeep
|turn|12
|
|t:|1667696687
|move|p1a: Raging Drunk|Earth Power|p2a: Ferrothorn
|-damage|p2a: Ferrothorn|64/100
|move|p2a: Ferrothorn|Leech Seed||[still]
|-fail|p2a: Ferrothorn
|
|-damage|p1a: Raging Drunk|4/100|[from] Leech Seed|[of] p2a: Ferrothorn
|-heal|p2a: Ferrothorn|77/100|[silent]
|upkeep
|turn|13
|
|t:|1667696690
|move|p1a: Raging Drunk|Earth Power|p2a: Ferrothorn
|-damage|p2a: Ferrothorn|55/100
|move|p2a: Ferrothorn|Spikes|p1a: Raging Drunk
|-sidestart|p1: Raimei Hakkei 3|Spikes
|
|-damage|p1a: Raging Drunk|0 fnt|[from] Leech Seed|[of] p2a: Ferrothorn
|-heal|p2a: Ferrothorn|59/100|[silent]
|faint|p1a: Raging Drunk
|upkeep
|
|t:|1667696693
|switch|p1a: Gundari: Ryuseigun|Urshifu-Rapid-Strike, M|100/100
|-damage|p1a: Gundari: Ryuseigun|84/100|[from] Spikes
|turn|14
|
|t:|1667696697
|switch|p2a: Crobat|Crobat, F|100/100
|-damage|p2a: Crobat|76/100|[from] Stealth Rock
|move|p1a: Gundari: Ryuseigun|Close Combat|p2a: Crobat
|-resisted|p2a: Crobat
|-damage|p2a: Crobat|52/100
|-unboost|p1a: Gundari: Ryuseigun|def|1
|-unboost|p1a: Gundari: Ryuseigun|spd|1
|
|upkeep
|turn|15
|
|t:|1667696701
|switch|p1a: Horai Hakke|Tyrantrum, M|91/100
|-damage|p1a: Horai Hakke|74/100|[from] Spikes
|move|p2a: Crobat|Roost|p2a: Crobat
|-heal|p2a: Crobat|100/100
|-singleturn|p2a: Crobat|move: Roost
|
|upkeep
|turn|16
|
|t:|1667696707
|move|p2a: Crobat|U-turn|p1a: Horai Hakke
|-damage|p1a: Horai Hakke|59/100
|
|t:|1667696727
|switch|p2a: Clefable|Clefable, M|100/100|[from]move: U-turn
|move|p1a: Horai Hakke|Head Smash|p2a: Clefable
|-damage|p2a: Clefable|0 fnt
|faint|p2a: Clefable
|
|upkeep
|
|t:|1667696736
|switch|p2a: Hydreigon|Hydreigon, F|100/100
|-damage|p2a: Hydreigon|88/100|[from] Stealth Rock
|turn|17
|
|t:|1667696738
|switch|p1a: Flirty Drunk|Chansey, F|100/100
|-damage|p1a: Flirty Drunk|84/100|[from] Spikes
|move|p2a: Hydreigon|Dark Pulse|p1a: Flirty Drunk
|-damage|p1a: Flirty Drunk|66/100
|-damage|p2a: Hydreigon|78/100|[from] item: Life Orb
|
|upkeep
|turn|18
|
|t:|1667696743
|switch|p2a: Ferrothorn|Ferrothorn, M|59/100
|-damage|p2a: Ferrothorn|53/100|[from] Stealth Rock
|move|p1a: Flirty Drunk|Soft-Boiled|p1a: Flirty Drunk
|-heal|p1a: Flirty Drunk|100/100
|
|upkeep
|turn|19
|
|t:|1667696745
|switch|p1a: Gundari: Ryuseigun|Urshifu-Rapid-Strike, M|84/100
|-damage|p1a: Gundari: Ryuseigun|68/100|[from] Spikes
|move|p2a: Ferrothorn|Knock Off|p1a: Gundari: Ryuseigun
|-resisted|p1a: Gundari: Ryuseigun
|-damage|p1a: Gundari: Ryuseigun|57/100
|-enditem|p1a: Gundari: Ryuseigun|Choice Band|[from] move: Knock Off|[of] p2a: Ferrothorn
|
|upkeep
|turn|20
|
|t:|1667696752
|switch|p2a: Crobat|Crobat, F|100/100
|-damage|p2a: Crobat|76/100|[from] Stealth Rock
|move|p1a: Gundari: Ryuseigun|Close Combat|p2a: Crobat
|-resisted|p2a: Crobat
|-damage|p2a: Crobat|59/100
|-unboost|p1a: Gundari: Ryuseigun|def|1
|-unboost|p1a: Gundari: Ryuseigun|spd|1
|
|upkeep
|turn|21
|
|t:|1667696757
|switch|p1a: Horai Hakke|Tyrantrum, M|59/100
|-damage|p1a: Horai Hakke|43/100|[from] Spikes
|move|p2a: Crobat|Roost|p2a: Crobat
|-heal|p2a: Crobat|100/100
|-singleturn|p2a: Crobat|move: Roost
|
|upkeep
|turn|22
|
|t:|1667696761
|move|p2a: Crobat|U-turn|p1a: Horai Hakke
|-damage|p1a: Horai Hakke|28/100
|
|t:|1667696763
|switch|p2a: Ferrothorn|Ferrothorn, M|53/100|[from]move: U-turn
|-damage|p2a: Ferrothorn|47/100|[from] Stealth Rock
|move|p1a: Horai Hakke|Close Combat|p2a: Ferrothorn
|-supereffective|p2a: Ferrothorn
|-damage|p2a: Ferrothorn|0 fnt
|-unboost|p1a: Horai Hakke|def|1
|-unboost|p1a: Horai Hakke|spd|1
|-damage|p1a: Horai Hakke|16/100|[from] ability: Iron Barbs|[of] p2a: Ferrothorn
|faint|p2a: Ferrothorn
|
|upkeep
|
|t:|1667696766
|switch|p2a: Crobat|Crobat, F|100/100
|-damage|p2a: Crobat|76/100|[from] Stealth Rock
|turn|23
|
|t:|1667696770
|switch|p1a: Thieving Drunk|Dragonite, M|100/100
|move|p2a: Crobat|Brave Bird|p1a: Thieving Drunk
|-damage|p1a: Thieving Drunk|80/100
|-damage|p2a: Crobat|70/100|[from] Recoil
|
|upkeep
|turn|24
|
|t:|1667696774
|move|p2a: Crobat|U-turn|p1a: Thieving Drunk
|-resisted|p1a: Thieving Drunk
|-damage|p1a: Thieving Drunk|72/100
|
|t:|1667696775
|switch|p2a: Rotom|Rotom-Wash|100/100|[from]move: U-turn
|-damage|p2a: Rotom|88/100|[from] Stealth Rock
|move|p1a: Thieving Drunk|Dragon Dance|p1a: Thieving Drunk
|-boost|p1a: Thieving Drunk|atk|1
|-boost|p1a: Thieving Drunk|spe|1
|
|-heal|p2a: Rotom|94/100|[from] item: Leftovers
|upkeep
|turn|25
|
|t:|1667696778
|switch|p1a: Flirty Drunk|Chansey, F|100/100
|-damage|p1a: Flirty Drunk|84/100|[from] Spikes
|move|p2a: Rotom|Thunder Wave|p1a: Flirty Drunk
|-status|p1a: Flirty Drunk|par
|
|-heal|p2a: Rotom|100/100|[from] item: Leftovers
|upkeep
|turn|26
|
|t:|1667696780
|move|p2a: Rotom|Pain Split|p1a: Flirty Drunk
|-sethp|p1a: Flirty Drunk|64/100 par|[from] move: Pain Split|[silent]
|-sethp|p2a: Rotom|100/100|[from] move: Pain Split
|move|p1a: Flirty Drunk|Teleport|p1a: Flirty Drunk
|
|t:|1667696793
|-curestatus|p1a: Flirty Drunk|par|[from] ability: Natural Cure
|switch|p1a: Gundari: Ryuseigun|Urshifu-Rapid-Strike, M|57/100|[from]move: Teleport
|-damage|p1a: Gundari: Ryuseigun|41/100|[from] Spikes
|
|upkeep
|turn|27
|
|t:|1667696797
|move|p1a: Gundari: Ryuseigun|U-turn|p2a: Rotom
|-damage|p2a: Rotom|75/100
|
|t:|1667696799
|switch|p1a: Flirty Drunk|Chansey, F|64/100|[from]move: U-turn
|-damage|p1a: Flirty Drunk|47/100|[from] Spikes
|move|p2a: Rotom|Volt Switch|p1a: Flirty Drunk
|-damage|p1a: Flirty Drunk|40/100
|
|t:|1667696804
|switch|p2a: Sandaconda|Sandaconda, F|100/100|[from]move: Volt Switch
|-damage|p2a: Sandaconda|94/100|[from] Stealth Rock
|
|-heal|p2a: Sandaconda|100/100|[from] item: Leftovers
|upkeep
|turn|28
|
|t:|1667696809
|move|p2a: Sandaconda|Coil|p2a: Sandaconda
|-boost|p2a: Sandaconda|atk|1
|-boost|p2a: Sandaconda|def|1
|-boost|p2a: Sandaconda|accuracy|1
|move|p1a: Flirty Drunk|Soft-Boiled|p1a: Flirty Drunk
|-heal|p1a: Flirty Drunk|90/100
|
|upkeep
|turn|29
|
|t:|1667696812
|move|p2a: Sandaconda|Earthquake|p1a: Flirty Drunk
|-damage|p1a: Flirty Drunk|52/100
|move|p1a: Flirty Drunk|Toxic|p2a: Sandaconda
|-status|p2a: Sandaconda|tox
|
|-damage|p2a: Sandaconda|94/100 tox|[from] psn
|upkeep
|turn|30
|
|t:|1667696817
|move|p2a: Sandaconda|Coil|p2a: Sandaconda
|-boost|p2a: Sandaconda|atk|1
|-boost|p2a: Sandaconda|def|1
|-boost|p2a: Sandaconda|accuracy|1
|move|p1a: Flirty Drunk|Soft-Boiled|p1a: Flirty Drunk
|-heal|p1a: Flirty Drunk|100/100
|
|-activate|p2a: Sandaconda|ability: Shed Skin
|-curestatus|p2a: Sandaconda|tox|[msg]
|-heal|p2a: Sandaconda|100/100|[from] item: Leftovers
|upkeep
|turn|31
|
|t:|1667696819
|move|p2a: Sandaconda|Earthquake|p1a: Flirty Drunk
|-damage|p1a: Flirty Drunk|58/100
|move|p1a: Flirty Drunk|Toxic|p2a: Sandaconda
|-status|p2a: Sandaconda|tox
|
|-damage|p2a: Sandaconda|94/100 tox|[from] psn
|upkeep
|turn|32
|
|t:|1667696823
|move|p2a: Sandaconda|Coil|p2a: Sandaconda
|-boost|p2a: Sandaconda|atk|1
|-boost|p2a: Sandaconda|def|1
|-boost|p2a: Sandaconda|accuracy|1
|move|p1a: Flirty Drunk|Soft-Boiled|p1a: Flirty Drunk
|-heal|p1a: Flirty Drunk|100/100
|
|-heal|p2a: Sandaconda|100/100 tox|[from] item: Leftovers
|-damage|p2a: Sandaconda|88/100 tox|[from] psn
|upkeep
|turn|33
|
|t:|1667696825
|move|p2a: Sandaconda|Earthquake|p1a: Flirty Drunk
|-crit|p1a: Flirty Drunk
|-damage|p1a: Flirty Drunk|14/100
|move|p1a: Flirty Drunk|Seismic Toss|p2a: Sandaconda
|-damage|p2a: Sandaconda|57/100 tox
|
|-heal|p2a: Sandaconda|63/100 tox|[from] item: Leftovers
|-damage|p2a: Sandaconda|45/100 tox|[from] psn
|upkeep
|turn|34
|
|t:|1667696835
|switch|p1a: Thieving Drunk|Dragonite, M|72/100
|move|p2a: Sandaconda|Rest|p2a: Sandaconda
|-status|p2a: Sandaconda|slp|[from] move: Rest
|-heal|p2a: Sandaconda|100/100 slp|[silent]
|
|upkeep
|turn|35
|
|t:|1667696839
|switch|p1a: Gundari: Ryuseigun|Urshifu-Rapid-Strike, M|41/100
|-damage|p1a: Gundari: Ryuseigun|24/100|[from] Spikes
|cant|p2a: Sandaconda|slp
|
|upkeep
|turn|36
|
|t:|1667696850
|switch|p2a: Rotom|Rotom-Wash|75/100
|-damage|p2a: Rotom|62/100|[from] Stealth Rock
|move|p1a: Gundari: Ryuseigun|Surging Strikes|p2a: Rotom
|-resisted|p2a: Rotom
|-crit|p2a: Rotom
|-damage|p2a: Rotom|51/100
|-resisted|p2a: Rotom
|-crit|p2a: Rotom
|-damage|p2a: Rotom|40/100
|-resisted|p2a: Rotom
|-crit|p2a: Rotom
|-damage|p2a: Rotom|29/100
|-hitcount|p2a: Rotom|3
|
|-heal|p2a: Rotom|35/100|[from] item: Leftovers
|upkeep
|turn|37
|
|t:|1667696853
|switch|p2a: Crobat|Crobat, F|70/100
|-damage|p2a: Crobat|45/100|[from] Stealth Rock
|move|p1a: Gundari: Ryuseigun|Close Combat|p2a: Crobat
|-resisted|p2a: Crobat
|-damage|p2a: Crobat|27/100
|-unboost|p1a: Gundari: Ryuseigun|def|1
|-unboost|p1a: Gundari: Ryuseigun|spd|1
|
|upkeep
|turn|38
|
|t:|1667696856
|move|p1a: Gundari: Ryuseigun|Aqua Jet|p2a: Crobat
|-damage|p2a: Crobat|2/100
|move|p2a: Crobat|Roost|p2a: Crobat
|-heal|p2a: Crobat|52/100
|-singleturn|p2a: Crobat|move: Roost
|
|upkeep
|turn|39
|
|t:|1667696861
|switch|p1a: Thieving Drunk|Dragonite, M|72/100
|move|p2a: Crobat|Brave Bird|p1a: Thieving Drunk
|-damage|p1a: Thieving Drunk|27/100
|-damage|p2a: Crobat|39/100|[from] Recoil
|
|upkeep
|turn|40
|
|t:|1667696868
|switch|p1a: Death Destroyer|Aegislash, F|100/100
|-damage|p1a: Death Destroyer|84/100|[from] Spikes
|move|p2a: Crobat|Brave Bird|p1a: Death Destroyer
|-resisted|p1a: Death Destroyer
|-damage|p1a: Death Destroyer|63/100
|-damage|p2a: Crobat|34/100|[from] Recoil
|
|upkeep
|turn|41
|
|t:|1667696877
|move|p2a: Crobat|Roost|p2a: Crobat
|-heal|p2a: Crobat|84/100
|-singleturn|p2a: Crobat|move: Roost
|-formechange|p1a: Death Destroyer|Aegislash-Blade||[from] ability: Stance Change
|move|p1a: Death Destroyer|Close Combat|p2a: Crobat
|-resisted|p2a: Crobat
|-damage|p2a: Crobat|62/100
|-unboost|p1a: Death Destroyer|def|1
|-unboost|p1a: Death Destroyer|spd|1
|
|upkeep
|turn|42
|
|t:|1667696879
|move|p2a: Crobat|Brave Bird|p1a: Death Destroyer
|-resisted|p1a: Death Destroyer
|-damage|p1a: Death Destroyer|0 fnt
|faint|p1a: Death Destroyer
|-damage|p2a: Crobat|48/100|[from] Recoil
|
|upkeep
|
|t:|1667696882
|switch|p1a: Gundari: Ryuseigun|Urshifu-Rapid-Strike, M|24/100
|-damage|p1a: Gundari: Ryuseigun|8/100|[from] Spikes
|turn|43
|
|t:|1667696886
|move|p2a: Crobat|Brave Bird|p1a: Gundari: Ryuseigun
|-supereffective|p1a: Gundari: Ryuseigun
|-crit|p1a: Gundari: Ryuseigun
|-damage|p1a: Gundari: Ryuseigun|0 fnt
|faint|p1a: Gundari: Ryuseigun
|-damage|p2a: Crobat|45/100|[from] Recoil
|
|upkeep
|
|t:|1667696887
|switch|p1a: Thieving Drunk|Dragonite, M|27/100
|turn|44
|
|t:|1667696891
|move|p2a: Crobat|Brave Bird|p1a: Thieving Drunk
|-damage|p1a: Thieving Drunk|0 fnt
|faint|p1a: Thieving Drunk
|-damage|p2a: Crobat|38/100|[from] Recoil
|
|upkeep
|-message|Raimei Hakkei 3 forfeited.
|
|win|Mad Lad 47
|raw|Raimei Hakkei 3's rating: 1735 &rarr; <strong>1712</strong><br />(-23 for losing)
|raw|Mad Lad 47's rating: 1689 &rarr; <strong>1712</strong><br />(+23 for winning)
|j| Jongruenwald
|l| Jongruenwald
||Ladder isn't responding, score probably updated but might not have (Request timeout).
