|html|<div class="broadcast-blue"><strong>[Gen 8] OU is currently suspecting Melmetal! For information on how to participate check out the <a href="https://www.smogon.com/forums/threads/np-ss-ou-suspect-process-round-12-monster-mash.3709234/">suspect thread</a>.</strong></div>
|j|☆OUTD BRONCOS
|j|☆d18l
|t:|1666062423
|gametype|singles
|player|p1|OUTD BRONCOS|harlequin|1560
|player|p2|d18l|backpacker|1617
|teamsize|p1|6
|teamsize|p2|6
|gen|8
|tier|[Gen 8] OU
|rated|
|rule|Sleep Clause Mod: Limit one foe put to sleep
|rule|Species Clause: Limit one of each Pokémon
|rule|OHKO Clause: OHKO moves are banned
|rule|Evasion Items Clause: Evasion items are banned
|rule|Evasion Moves Clause: Evasion moves are banned
|rule|Endless Battle Clause: Forcing endless battles is banned
|rule|HP Percentage Mod: HP is shown in percentages
|rule|Dynamax Clause: You cannot dynamax
|clearpoke
|poke|p1|Landorus-Therian, M|
|poke|p1|Dragapult, M|
|poke|p1|Moltres-Galar|
|poke|p1|Pelipper, F|
|poke|p1|Melmetal|
|poke|p1|Urshifu-*, F|
|poke|p2|Tapu Koko|
|poke|p2|Victini|
|poke|p2|Landorus-Therian, M|
|poke|p2|Tornadus-Therian, M|
|poke|p2|Rotom-Wash|
|poke|p2|Ferrothorn, M|
|teampreview
|inactive|Battle timer is ON: inactive players will automatically lose when time's up. (requested by OUTD BRONCOS)
|j| god of joe
|j| Mimikyu Stardust
|inactive|d18l has 120 seconds left.
|
|t:|1666062479
|start
|switch|p1a: Dragapult|Dragapult, M|100/100
|switch|p2a: Rotom|Rotom-Wash|100/100
|turn|1
|
|t:|1666062489
|switch|p2a: Tornadus|Tornadus-Therian, M|100/100
|move|p1a: Dragapult|Shadow Ball|p2a: Tornadus
|-damage|p2a: Tornadus|59/100
|
|upkeep
|turn|2
|
|t:|1666062498
|switch|p1a: Landorus|Landorus-Therian, M|100/100
|-ability|p1a: Landorus|Intimidate|boost
|-unboost|p2a: Tornadus|atk|1
|move|p2a: Tornadus|Knock Off|p1a: Landorus
|-damage|p1a: Landorus|90/100
|-damage|p2a: Tornadus|42/100|[from] item: Rocky Helmet|[of] p1a: Landorus
|-enditem|p1a: Landorus|Rocky Helmet|[from] move: Knock Off|[of] p2a: Tornadus
|
|upkeep
|turn|3
|
|t:|1666062503
|move|p2a: Tornadus|U-turn|p1a: Landorus
|-resisted|p1a: Landorus
|-damage|p1a: Landorus|86/100
|
|t:|1666062507
|switch|p2a: Landorus|Landorus-Therian, M|100/100|[from]move: U-turn
|-ability|p2a: Landorus|Intimidate|boost
|-unboost|p1a: Landorus|atk|1
|move|p1a: Landorus|Stealth Rock|p2a: Landorus
|-sidestart|p2: d18l|move: Stealth Rock
|
|upkeep
|turn|4
|
|t:|1666062509
|move|p2a: Landorus|Defog|p1a: Landorus
|-unboost|p1a: Landorus|evasion|1
|-sideend|p2: d18l|Stealth Rock|[from] move: Defog|[of] p2a: Landorus
|move|p1a: Landorus|Toxic|p2a: Landorus
|-status|p2a: Landorus|tox
|
|-damage|p2a: Landorus|94/100 tox|[from] psn
|upkeep
|turn|5
|
|t:|1666062514
|move|p2a: Landorus|Toxic|p1a: Landorus
|-status|p1a: Landorus|tox
|move|p1a: Landorus|Stealth Rock|p2a: Landorus
|-sidestart|p2: d18l|move: Stealth Rock
|
|-heal|p2a: Landorus|100/100 tox|[from] item: Leftovers
|-damage|p2a: Landorus|88/100 tox|[from] psn
|-damage|p1a: Landorus|80/100 tox|[from] psn
|upkeep
|turn|6
|
|t:|1666062515
|move|p2a: Landorus|Defog|p1a: Landorus
|-unboost|p1a: Landorus|evasion|1
|-sideend|p2: d18l|Stealth Rock|[from] move: Defog|[of] p2a: Landorus
|move|p1a: Landorus|Stealth Rock|p2a: Landorus
|-sidestart|p2: d18l|move: Stealth Rock
|
|-heal|p2a: Landorus|94/100 tox|[from] item: Leftovers
|-damage|p2a: Landorus|76/100 tox|[from] psn
|-damage|p1a: Landorus|68/100 tox|[from] psn
|upkeep
|turn|7
|
|t:|1666062518
|move|p2a: Landorus|Defog|p1a: Landorus
|-unboost|p1a: Landorus|evasion|1
|-sideend|p2: d18l|Stealth Rock|[from] move: Defog|[of] p2a: Landorus
|move|p1a: Landorus|U-turn|p2a: Landorus
|-resisted|p2a: Landorus
|-damage|p2a: Landorus|70/100 tox
|
|t:|1666062526
|switch|p1a: Pelipper|Pelipper, F|100/100|[from]move: U-turn
|-weather|RainDance|[from] ability: Drizzle|[of] p1a: Pelipper
|
|-weather|RainDance|[upkeep]
|-heal|p2a: Landorus|76/100 tox|[from] item: Leftovers
|-damage|p2a: Landorus|52/100 tox|[from] psn
|upkeep
|turn|8
|
|t:|1666062546
|switch|p2a: Rotom|Rotom-Wash|100/100
|move|p1a: Pelipper|Weather Ball|p2a: Rotom
|-resisted|p2a: Rotom
|-damage|p2a: Rotom|50/100
|
|-weather|RainDance|[upkeep]
|-heal|p2a: Rotom|56/100|[from] item: Leftovers
|upkeep
|turn|9
|inactive|d18l has 120 seconds left.
|
|t:|1666062593
|switch|p1a: Dragapult|Dragapult, M|100/100
|move|p2a: Rotom|Volt Switch|p1a: Dragapult
|-resisted|p1a: Dragapult
|-damage|p1a: Dragapult|83/100
|
|t:|1666062596
|switch|p2a: Tornadus|Tornadus-Therian, M|76/100|[from]move: Volt Switch
|
|-weather|RainDance|[upkeep]
|upkeep
|turn|10
|
|t:|1666062611
|move|p1a: Dragapult|U-turn|p2a: Tornadus
|-resisted|p2a: Tornadus
|-crit|p2a: Tornadus
|-damage|p2a: Tornadus|62/100
|
|t:|1666062614
|switch|p1a: Landorus|Landorus-Therian, M|68/100 tox|[from]move: U-turn
|-ability|p1a: Landorus|Intimidate|boost
|-unboost|p2a: Tornadus|atk|1
|move|p2a: Tornadus|Knock Off|p1a: Landorus
|-damage|p1a: Landorus|62/100 tox
|
|-weather|RainDance|[upkeep]
|-damage|p1a: Landorus|56/100 tox|[from] psn
|upkeep
|turn|11
|
|t:|1666062624
|move|p2a: Tornadus|Hurricane|p1a: Landorus
|-crit|p1a: Landorus
|-damage|p1a: Landorus|0 fnt
|faint|p1a: Landorus
|
|-weather|none
|upkeep
|
|t:|1666062640
|switch|p1a: Pelipper|Pelipper, F|100/100
|-weather|RainDance|[from] ability: Drizzle|[of] p1a: Pelipper
|turn|12
|inactive|d18l has 90 seconds left.
|inactive|d18l has 60 seconds left.
|inactive|d18l has 30 seconds left.
|
|t:|1666062729
|move|p2a: Tornadus|U-turn|p1a: Pelipper
|-resisted|p1a: Pelipper
|-damage|p1a: Pelipper|94/100
|
|t:|1666062732
|switch|p2a: Rotom|Rotom-Wash|56/100|[from]move: U-turn
|move|p1a: Pelipper|Hydro Pump|p2a: Rotom
|-resisted|p2a: Rotom
|-damage|p2a: Rotom|0 fnt
|faint|p2a: Rotom
|
|-weather|RainDance|[upkeep]
|upkeep
|inactive|d18l has 30 seconds left.
|inactive|d18l has 20 seconds left.
|
|t:|1666062754
|switch|p2a: Tapu Koko|Tapu Koko|100/100
|-fieldstart|move: Electric Terrain|[from] ability: Electric Surge|[of] p2a: Tapu Koko
|turn|13
|inactive|d18l has 30 seconds left this turn.
|inactive|d18l has 20 seconds left.
|inactive|d18l has 15 seconds left.
|inactive|d18l has 10 seconds left.
|
|t:|1666062776
|switch|p1a: Melmetal|Melmetal|100/100
|move|p2a: Tapu Koko|Thunderbolt|p1a: Melmetal
|-damage|p1a: Melmetal|64/100
|
|-weather|RainDance|[upkeep]
|upkeep
|turn|14
|inactive|d18l has 20 seconds left this turn.
|inactive|d18l has 15 seconds left.
|
|t:|1666062784
|switch|p2a: Landorus|Landorus-Therian, M|52/100 tox
|-ability|p2a: Landorus|Intimidate|boost
|-unboost|p1a: Melmetal|atk|1
|move|p1a: Melmetal|Earthquake|p2a: Landorus
|-immune|p2a: Landorus
|
|-weather|RainDance|[upkeep]
|-heal|p2a: Landorus|58/100 tox|[from] item: Leftovers
|-damage|p2a: Landorus|52/100 tox|[from] psn
|upkeep
|turn|15
|inactive|d18l has 25 seconds left this turn.
|inactive|d18l has 20 seconds left.
|
|t:|1666062801
|switch|p1a: Urshifu|Urshifu-Rapid-Strike, F|100/100
|move|p2a: Landorus|U-turn|p1a: Urshifu
|-resisted|p1a: Urshifu
|-damage|p1a: Urshifu|89/100
|inactive|d18l has 25 seconds left this turn.
|inactive|d18l has 20 seconds left.
|inactive|d18l has 15 seconds left.
|inactive|d18l has 10 seconds left.
|inactive|d18l has 5 seconds left.
|
|t:|1666062821
|switch|p2a: Tapu Koko|Tapu Koko|100/100|[from]move: U-turn
|
|-weather|RainDance|[upkeep]
|upkeep
|turn|16
|inactive|d18l has 15 seconds left this turn.
|
|t:|1666062826
|switch|p2a: Ferrothorn|Ferrothorn, M|100/100
|move|p1a: Urshifu|Surging Strikes|p2a: Ferrothorn
|-resisted|p2a: Ferrothorn
|-crit|p2a: Ferrothorn
|-damage|p2a: Ferrothorn|91/100
|-damage|p1a: Urshifu|77/100|[from] ability: Iron Barbs|[of] p2a: Ferrothorn
|-damage|p1a: Urshifu|61/100|[from] item: Rocky Helmet|[of] p2a: Ferrothorn
|-resisted|p2a: Ferrothorn
|-crit|p2a: Ferrothorn
|-damage|p2a: Ferrothorn|81/100
|-damage|p1a: Urshifu|48/100|[from] ability: Iron Barbs|[of] p2a: Ferrothorn
|-damage|p1a: Urshifu|32/100|[from] item: Rocky Helmet|[of] p2a: Ferrothorn
|-resisted|p2a: Ferrothorn
|-crit|p2a: Ferrothorn
|-damage|p2a: Ferrothorn|72/100
|-damage|p1a: Urshifu|20/100|[from] ability: Iron Barbs|[of] p2a: Ferrothorn
|-damage|p1a: Urshifu|3/100|[from] item: Rocky Helmet|[of] p2a: Ferrothorn
|-hitcount|p2a: Ferrothorn|3
|
|-weather|none
|upkeep
|turn|17
|inactive|d18l has 25 seconds left this turn.
|inactive|d18l has 20 seconds left.
|inactive|d18l has 15 seconds left.
|
|t:|1666062840
|switch|p1a: Pelipper|Pelipper, F|94/100
|-weather|RainDance|[from] ability: Drizzle|[of] p1a: Pelipper
|move|p2a: Ferrothorn|Stealth Rock|p1a: Pelipper
|-sidestart|p1: OUTD BRONCOS|move: Stealth Rock
|
|-weather|RainDance|[upkeep]
|-fieldend|move: Electric Terrain
|upkeep
|turn|18
|inactive|d18l has 25 seconds left this turn.
|inactive|d18l has 20 seconds left.
|inactive|d18l has 15 seconds left.
|inactive|d18l has 10 seconds left.
|
|t:|1666062856
|switch|p2a: Landorus|Landorus-Therian, M|52/100 tox
|-ability|p2a: Landorus|Intimidate|boost
|-unboost|p1a: Pelipper|atk|1
|move|p1a: Pelipper|Hurricane|p2a: Landorus
|-damage|p2a: Landorus|0 fnt
|faint|p2a: Landorus
|
|-weather|RainDance|[upkeep]
|upkeep
|inactive|d18l has 15 seconds left this turn.
|
|t:|1666062859
|switch|p2a: Tapu Koko|Tapu Koko|100/100
|-fieldstart|move: Electric Terrain|[from] ability: Electric Surge|[of] p2a: Tapu Koko
|turn|19
|inactive|d18l has 25 seconds left this turn.
|inactive|d18l has 20 seconds left.
|
|t:|1666062864
|move|p2a: Tapu Koko|Thunderbolt|p1a: Pelipper
|-supereffective|p1a: Pelipper
|-damage|p1a: Pelipper|0 fnt
|faint|p1a: Pelipper
|
|-weather|RainDance|[upkeep]
|upkeep
|inactive|d18l has 25 seconds left this turn.
|
|t:|1666062867
|switch|p1a: Dragapult|Dragapult, M|83/100
|-damage|p1a: Dragapult|71/100|[from] Stealth Rock
|turn|20
|
|t:|1666062870
|switch|p2a: Tornadus|Tornadus-Therian, M|96/100
|move|p1a: Dragapult|Shadow Ball|p2a: Tornadus
|-damage|p2a: Tornadus|56/100
|
|-weather|RainDance|[upkeep]
|upkeep
|turn|21
|inactive|d18l has 30 seconds left.
|
|t:|1666062886
|switch|p1a: Urshifu|Urshifu-Rapid-Strike, F|3/100
|-damage|p1a: Urshifu|0 fnt|[from] Stealth Rock
|faint|p1a: Urshifu
|move|p2a: Tornadus|Knock Off|p1: Urshifu|[notarget]
|-fail|p2a: Tornadus
|
|-weather|none
|upkeep
|
|t:|1666062900
|switch|p1a: Melmetal|Melmetal|64/100
|-damage|p1a: Melmetal|57/100|[from] Stealth Rock
|turn|22
|
|t:|1666062909
|move|p2a: Tornadus|U-turn|p1a: Melmetal
|-resisted|p1a: Melmetal
|-damage|p1a: Melmetal|54/100
|
|t:|1666062911
|switch|p2a: Ferrothorn|Ferrothorn, M|72/100|[from]move: U-turn
|move|p1a: Melmetal|Earthquake|p2a: Ferrothorn
|-damage|p2a: Ferrothorn|51/100
|
|upkeep
|turn|23
|
|t:|1666062917
|switch|p1a: Dragapult|Dragapult, M|71/100
|-damage|p1a: Dragapult|59/100|[from] Stealth Rock
|move|p2a: Ferrothorn|Body Press|p1a: Dragapult
|-immune|p1a: Dragapult
|
|-fieldend|move: Electric Terrain
|upkeep
|turn|24
|
|t:|1666062922
|switch|p2a: Tornadus|Tornadus-Therian, M|89/100
|move|p1a: Dragapult|Shadow Ball|p2a: Tornadus
|-damage|p2a: Tornadus|51/100
|-unboost|p2a: Tornadus|spd|1
|
|upkeep
|turn|25
|inactive|d18l has 60 seconds left.
|
|t:|1666062955
|move|p1a: Dragapult|Shadow Ball|p2a: Tornadus
|-damage|p2a: Tornadus|0 fnt
|faint|p2a: Tornadus
|
|upkeep
|
|t:|1666062958
|switch|p2a: Tapu Koko|Tapu Koko|100/100
|-fieldstart|move: Electric Terrain|[from] ability: Electric Surge|[of] p2a: Tapu Koko
|turn|26
|
|t:|1666062965
|move|p2a: Tapu Koko|Dazzling Gleam|p1a: Dragapult
|-supereffective|p1a: Dragapult
|-damage|p1a: Dragapult|0 fnt
|faint|p1a: Dragapult
|
|upkeep
|
|t:|1666062979
|switch|p1a: Moltres|Moltres-Galar|100/100
|turn|27
|
|t:|1666063001
|move|p2a: Tapu Koko|Dazzling Gleam|p1a: Moltres
|-supereffective|p1a: Moltres
|-damage|p1a: Moltres|16/100
|-ability|p1a: Moltres|Berserk|boost
|-boost|p1a: Moltres|spa|1
|move|p1a: Moltres|Agility|p1a: Moltres
|-boost|p1a: Moltres|spe|2
|
|upkeep
|turn|28
|
|t:|1666063005
|move|p1a: Moltres|Fiery Wrath|p2a: Tapu Koko
|-resisted|p2a: Tapu Koko
|-damage|p2a: Tapu Koko|52/100
|move|p2a: Tapu Koko|Dazzling Gleam|p1a: Moltres
|-supereffective|p1a: Moltres
|-damage|p1a: Moltres|0 fnt
|faint|p1a: Moltres
|
|upkeep
|-message|OUTD BRONCOS forfeited.
|
|win|d18l
|raw|OUTD BRONCOS's rating: 1560 &rarr; <strong>1543</strong><br />(-17 for losing)
|raw|d18l's rating: 1617 &rarr; <strong>1634</strong><br />(+17 for winning)
|l|☆OUTD BRONCOS
