|j|☆playeraccount
|j|‽DeathBatty
|t:|1662569811
|gametype|singles
|player|p1|playeraccount|101|1260
|player|p2|DeathBatty|1|1265
|teamsize|p1|6
|teamsize|p2|6
|gen|8
|tier|[Gen 8] OU
|rated|
|rule|Sleep Clause Mod: Limit one foe put to sleep
|rule|Species Clause: Limit one of each Pokémon
|rule|OHKO Clause: OHKO moves are banned
|rule|Evasion Items Clause: Evasion items are banned
|rule|Evasion Moves Clause: Evasion moves are banned
|rule|Endless Battle Clause: Forcing endless battles is banned
|rule|HP Percentage Mod: HP is shown in percentages
|rule|Dynamax Clause: You cannot dynamax
|clearpoke
|poke|p1|Nidoqueen, F|
|poke|p1|Kartana|
|poke|p1|Swampert, M|
|poke|p1|Zapdos|
|poke|p1|Tapu Fini|
|poke|p1|Volcarona, M|
|poke|p2|Hippowdon, F|
|poke|p2|Dracozolt|
|poke|p2|Alakazam, M|
|poke|p2|Gigalith, M|
|poke|p2|Tangrowth, M|
|poke|p2|Keldeo-Resolute|
|teampreview
|inactive|Battle timer is ON: inactive players will automatically lose when time's up. (requested by playeraccount)
|
|t:|1662569821
|start
|switch|p1a: Swampert|Swampert, M|100/100
|switch|p2a: Tangrowth|Tangrowth, M|100/100
|turn|1
|
|t:|1662569826
|move|p1a: Swampert|Toxic|p2a: Tangrowth
|-status|p2a: Tangrowth|tox
|move|p2a: Tangrowth|Giga Drain|p1a: Swampert
|-supereffective|p1a: Swampert
|-damage|p1a: Swampert|0 fnt
|faint|p1a: Swampert
|
|-damage|p2a: Tangrowth|94/100 tox|[from] psn
|upkeep
|
|t:|1662569829
|switch|p1a: Zapdos|Zapdos|100/100
|turn|2
|
|t:|1662569832
|move|p1a: Zapdos|Volt Switch|p2a: Tangrowth
|-resisted|p2a: Tangrowth
|-damage|p2a: Tangrowth|71/100 tox
|
|t:|1662569835
|switch|p1a: Volcarona|Volcarona, M|100/100|[from]move: Volt Switch
|move|p2a: Tangrowth|Toxic|p1a: Volcarona
|-status|p1a: Volcarona|tox
|
|-damage|p1a: Volcarona|94/100 tox|[from] psn
|-damage|p2a: Tangrowth|59/100 tox|[from] psn
|upkeep
|turn|3
|
|t:|1662569839
|switch|p2a: Gigalith|Gigalith, M, shiny|100/100
|-weather|Sandstorm|[from] ability: Sand Stream|[of] p2a: Gigalith
|move|p1a: Volcarona|Quiver Dance|p1a: Volcarona
|-boost|p1a: Volcarona|spa|1
|-boost|p1a: Volcarona|spd|1
|-boost|p1a: Volcarona|spe|1
|
|-weather|Sandstorm|[upkeep]
|-damage|p1a: Volcarona|88/100 tox|[from] Sandstorm
|-damage|p1a: Volcarona|76/100 tox|[from] psn
|upkeep
|turn|4
|
|t:|1662569845
|move|p1a: Volcarona|Bug Buzz|p2a: Gigalith
|-damage|p2a: Gigalith|81/100
|move|p2a: Gigalith|Stone Edge|p1a: Volcarona
|-supereffective|p1a: Volcarona
|-damage|p1a: Volcarona|0 fnt
|faint|p1a: Volcarona
|
|-weather|Sandstorm|[upkeep]
|upkeep
|
|t:|1662569852
|switch|p1a: Nidoqueen|Nidoqueen, F, shiny|100/100
|turn|5
|
|t:|1662569856
|move|p1a: Nidoqueen|Earth Power|p2a: Gigalith
|-supereffective|p2a: Gigalith
|-damage|p2a: Gigalith|44/100
|move|p2a: Gigalith|Earthquake|p1a: Nidoqueen
|-supereffective|p1a: Nidoqueen
|-damage|p1a: Nidoqueen|32/100
|
|-weather|Sandstorm|[upkeep]
|upkeep
|turn|6
|
|t:|1662569864
|switch|p1a: Zapdos|Zapdos|100/100
|move|p2a: Gigalith|Earthquake|p1a: Zapdos
|-immune|p1a: Zapdos
|
|-weather|Sandstorm|[upkeep]
|-damage|p1a: Zapdos|94/100|[from] Sandstorm
|upkeep
|turn|7
|
|t:|1662569868
|move|p1a: Zapdos|Volt Switch|p2a: Gigalith
|-damage|p2a: Gigalith|35/100
|
|t:|1662569874
|switch|p1a: Kartana|Kartana, shiny|100/100|[from]move: Volt Switch
|move|p2a: Gigalith|Stone Edge|p1a: Kartana
|-resisted|p1a: Kartana
|-damage|p1a: Kartana|77/100
|
|-weather|none
|upkeep
|turn|8
|
|t:|1662569877
|switch|p2a: Tangrowth|Tangrowth, M|92/100 tox
|move|p1a: Kartana|Sacred Sword|p2a: Tangrowth
|-damage|p2a: Tangrowth|74/100 tox
|-damage|p1a: Kartana|61/100|[from] item: Rocky Helmet|[of] p2a: Tangrowth
|
|-damage|p2a: Tangrowth|67/100 tox|[from] psn
|upkeep
|turn|9
|
|t:|1662569885
|switch|p1a: Nidoqueen|Nidoqueen, F, shiny|32/100
|move|p2a: Tangrowth|Knock Off|p1a: Nidoqueen
|-damage|p1a: Nidoqueen|7/100
|-enditem|p1a: Nidoqueen|Life Orb|[from] move: Knock Off|[of] p2a: Tangrowth
|
|-damage|p2a: Tangrowth|55/100 tox|[from] psn
|upkeep
|turn|10
|
|t:|1662569891
|switch|p2a: Gigalith|Gigalith, M, shiny|35/100
|-weather|Sandstorm|[from] ability: Sand Stream|[of] p2a: Gigalith
|move|p1a: Nidoqueen|Sludge Wave|p2a: Gigalith
|-resisted|p2a: Gigalith
|-damage|p2a: Gigalith|26/100
|
|-weather|Sandstorm|[upkeep]
|upkeep
|turn|11
|
|t:|1662569898
|move|p1a: Nidoqueen|Earth Power|p2a: Gigalith
|-supereffective|p2a: Gigalith
|-crit|p2a: Gigalith
|-damage|p2a: Gigalith|0 fnt
|faint|p2a: Gigalith
|
|-weather|Sandstorm|[upkeep]
|upkeep
|
|t:|1662569900
|switch|p2a: Keldeo|Keldeo-Resolute|100/100
|turn|12
|
|t:|1662569905
|move|p2a: Keldeo|Flip Turn|p1a: Nidoqueen
|-supereffective|p1a: Nidoqueen
|-crit|p1a: Nidoqueen
|-damage|p1a: Nidoqueen|0 fnt
|faint|p1a: Nidoqueen
|
|t:|1662569911
|switch|p2a: Alakazam|Alakazam, M|100/100|[from]move: Flip Turn
|
|-weather|Sandstorm|[upkeep]
|upkeep
|
|t:|1662569917
|switch|p1a: Tapu Fini|Tapu Fini|100/100
|-fieldstart|move: Misty Terrain|[from] ability: Misty Surge|[of] p1a: Tapu Fini
|turn|13
|
|t:|1662569924
|switch|p2a: Tangrowth|Tangrowth, M|88/100 tox
|move|p1a: Tapu Fini|Moonblast|p2a: Tangrowth
|-damage|p2a: Tangrowth|35/100 tox
|
|-weather|Sandstorm|[upkeep]
|-damage|p1a: Tapu Fini|94/100|[from] Sandstorm
|-damage|p2a: Tangrowth|29/100 tox|[from] Sandstorm
|-damage|p2a: Tangrowth|23/100 tox|[from] psn
|upkeep
|turn|14
|
|t:|1662569930
|move|p1a: Tapu Fini|Moonblast|p2a: Tangrowth
|-damage|p2a: Tangrowth|0 fnt
|faint|p2a: Tangrowth
|
|-weather|none
|upkeep
|
|t:|1662569932
|switch|p2a: Hippowdon|Hippowdon, F|100/100
|-weather|Sandstorm|[from] ability: Sand Stream|[of] p2a: Hippowdon
|turn|15
|
|t:|1662569939
|switch|p1a: Zapdos|Zapdos|94/100
|switch|p2a: Keldeo|Keldeo-Resolute|100/100
|
|-weather|Sandstorm|[upkeep]
|-damage|p2a: Keldeo|94/100|[from] Sandstorm
|-damage|p1a: Zapdos|88/100|[from] Sandstorm
|upkeep
|turn|16
|
|t:|1662569943
|move|p2a: Keldeo|Scald|p1a: Zapdos
|-damage|p1a: Zapdos|20/100
|-status|p1a: Zapdos|brn
|move|p1a: Zapdos|Volt Switch|p2a: Keldeo
|-supereffective|p2a: Keldeo
|-damage|p2a: Keldeo|32/100
|
|t:|1662569952
|switch|p1a: Kartana|Kartana, shiny|61/100|[from]move: Volt Switch
|
|-weather|Sandstorm|[upkeep]
|-damage|p2a: Keldeo|26/100|[from] Sandstorm
|upkeep
|turn|17
|
|t:|1662569958
|move|p1a: Kartana|Leaf Blade|p2a: Keldeo
|-supereffective|p2a: Keldeo
|-damage|p2a: Keldeo|0 fnt
|faint|p2a: Keldeo
|-ability|p1a: Kartana|Beast Boost|boost
|-boost|p1a: Kartana|atk|1
|
|-weather|Sandstorm|[upkeep]
|-fieldend|Misty Terrain
|upkeep
|
|t:|1662569962
|switch|p2a: Dracozolt|Dracozolt|100/100
|turn|18
|
|t:|1662569970
|move|p2a: Dracozolt|Bolt Beak|p1a: Kartana
|-resisted|p1a: Kartana
|-damage|p1a: Kartana|4/100
|-damage|p2a: Dracozolt|91/100|[from] item: Life Orb
|move|p1a: Kartana|Sacred Sword|p2a: Dracozolt
|-damage|p2a: Dracozolt|31/100
|
|-weather|Sandstorm|[upkeep]
|upkeep
|turn|19
|
|t:|1662569981
|switch|p1a: Zapdos|Zapdos|20/100 brn
|move|p2a: Dracozolt|Earthquake|p1a: Zapdos
|-immune|p1a: Zapdos
|
|-weather|Sandstorm|[upkeep]
|-damage|p1a: Zapdos|14/100 brn|[from] Sandstorm
|-damage|p1a: Zapdos|8/100 brn|[from] brn
|upkeep
|turn|20
|
|t:|1662569985
|move|p2a: Dracozolt|Bolt Beak|p1a: Zapdos
|-damage|p1a: Zapdos|0 fnt
|faint|p1a: Zapdos
|-damage|p2a: Dracozolt|21/100|[from] item: Life Orb
|
|-weather|Sandstorm|[upkeep]
|upkeep
|
|t:|1662569989
|switch|p1a: Tapu Fini|Tapu Fini|94/100
|-fieldstart|move: Misty Terrain|[from] ability: Misty Surge|[of] p1a: Tapu Fini
|turn|21
|
|t:|1662569993
|move|p2a: Dracozolt|Bolt Beak|p1a: Tapu Fini
|-supereffective|p1a: Tapu Fini
|-damage|p1a: Tapu Fini|0 fnt
|faint|p1a: Tapu Fini
|-damage|p2a: Dracozolt|11/100|[from] item: Life Orb
|
|-weather|Sandstorm|[upkeep]
|upkeep
|
|t:|1662569996
|switch|p1a: Kartana|Kartana, shiny|4/100
|turn|22
|
|t:|1662570000
|move|p2a: Dracozolt|Earthquake|p1a: Kartana
|-damage|p1a: Kartana|0 fnt
|faint|p1a: Kartana
|-damage|p2a: Dracozolt|1/100|[from] item: Life Orb
|
|win|DeathBatty
|raw|playeraccount's rating: 1260 &rarr; <strong>1235</strong><br />(-25 for losing)
|raw|DeathBatty's rating: 1265 &rarr; <strong>1290</strong><br />(+25 for winning)
|l|☆playeraccount
||Ladder isn't responding, score probably updated but might not have (Request timeout).
