|j|☆gaenisalbino
|j|☆Kyerndo
|t:|1644152856
|gametype|singles
|player|p1|gaenisalbino|blue|1638
|player|p2|Kyerndo|psychic|1679
|teamsize|p1|6
|teamsize|p2|6
|gen|8
|tier|[Gen 8] OU
|rated|
|rule|Sleep Clause Mod: Limit one foe put to sleep
|rule|Species Clause: Limit one of each Pokémon
|rule|OHKO Clause: OHKO moves are banned
|rule|Evasion Moves Clause: Evasion moves are banned
|rule|Endless Battle Clause: Forcing endless battles is banned
|rule|HP Percentage Mod: HP is shown in percentages
|rule|Dynamax Clause: You cannot dynamax
|clearpoke
|poke|p1|Buzzwole|
|poke|p1|Slowbro, M|
|poke|p1|Nidoking, M|
|poke|p1|Weavile, M|
|poke|p1|Blissey, F|
|poke|p1|Corviknight, M|
|poke|p2|Crawdaunt, M|
|poke|p2|Marowak-Alola, M|
|poke|p2|Dragalge, M|
|poke|p2|Hatterene, F|
|poke|p2|Porygon2|
|poke|p2|Cresselia, F|
|teampreview
|inactive|Battle timer is ON: inactive players will automatically lose when time's up. (requested by gaenisalbino)
|
|t:|1644152867
|start
|switch|p1a: Agent✔️|Weavile, M|100/100
|switch|p2a: Crawdaunt|Crawdaunt, M|100/100
|-ability|p1a: Agent✔️|Pressure
|turn|1
|
|t:|1644152873
|switch|p1a: Red✔️|Buzzwole|100/100
|move|p2a: Crawdaunt|Knock Off|p1a: Red✔️
|-resisted|p1a: Red✔️
|-damage|p1a: Red✔️|69/100
|-enditem|p1a: Red✔️|Heavy-Duty Boots|[from] move: Knock Off|[of] p2a: Crawdaunt
|-damage|p2a: Crawdaunt|90/100|[from] item: Life Orb
|
|upkeep
|turn|2
|
|t:|1644152879
|move|p1a: Red✔️|Roost|p1a: Red✔️
|-heal|p1a: Red✔️|100/100
|-singleturn|p1a: Red✔️|move: Roost
|move|p2a: Crawdaunt|Crabhammer|p1a: Red✔️|[miss]
|-miss|p2a: Crawdaunt|p1a: Red✔️
|
|upkeep
|turn|3
|
|t:|1644152886
|switch|p2a: Marowak|Marowak-Alola, M|100/100
|move|p1a: Red✔️|Thunder Punch|p2a: Marowak
|-damage|p2a: Marowak|70/100
|
|upkeep
|turn|4
|
|t:|1644152907
|move|p1a: Red✔️|Thunder Punch|p2a: Marowak
|-damage|p2a: Marowak|42/100
|move|p2a: Marowak|Flare Blitz|p1a: Red✔️
|-supereffective|p1a: Red✔️
|-damage|p1a: Red✔️|0 fnt
|faint|p1a: Red✔️
|
|upkeep
|
|t:|1644152913
|switch|p1a: Agent✔️|Weavile, M|100/100
|-ability|p1a: Agent✔️|Pressure
|turn|5
|
|t:|1644152919
|switch|p2a: Porygon2|Porygon2|100/100
|-ability|p2a: Porygon2|Pressure|[from] ability: Trace|[of] p1a: Agent✔️
|-ability|p2a: Porygon2|Pressure
|move|p1a: Agent✔️|Knock Off|p2a: Porygon2
|-damage|p2a: Porygon2|55/100
|-enditem|p2a: Porygon2|Eviolite|[from] move: Knock Off|[of] p1a: Agent✔️
|
|upkeep
|turn|6
|
|t:|1644152922
|move|p1a: Agent✔️|Knock Off|p2a: Porygon2
|-damage|p2a: Porygon2|13/100
|move|p2a: Porygon2|Trick Room|p2a: Porygon2
|-fieldstart|move: Trick Room|[of] p2a: Porygon2
|
|upkeep
|turn|7
|
|t:|1644152925
|move|p1a: Agent✔️|Knock Off|p2a: Porygon2
|-damage|p2a: Porygon2|0 fnt
|faint|p2a: Porygon2
|
|upkeep
|j| AlIoutdragadarts
|
|t:|1644152940
|switch|p2a: Crawdaunt|Crawdaunt, M|90/100
|turn|8
|l| AlIoutdragadarts
|
|t:|1644152948
|switch|p1a: ParaFullPara✔️|Corviknight, M|100/100
|-ability|p1a: ParaFullPara✔️|Pressure
|move|p2a: Crawdaunt|Knock Off|p1a: ParaFullPara✔️
|-damage|p1a: ParaFullPara✔️|44/100
|-enditem|p1a: ParaFullPara✔️|Shed Shell|[from] move: Knock Off|[of] p2a: Crawdaunt
|-damage|p2a: Crawdaunt|80/100|[from] item: Life Orb
|
|upkeep
|turn|9
|
|t:|1644152954
|switch|p1a: Nestle✔️|Slowbro, M|100/100
|move|p2a: Crawdaunt|Knock Off|p1a: Nestle✔️
|-supereffective|p1a: Nestle✔️
|-damage|p1a: Nestle✔️|0 fnt
|-damage|p2a: Crawdaunt|64/100|[from] item: Rocky Helmet|[of] p1a: Nestle✔️
|-enditem|p1a: Nestle✔️|Rocky Helmet|[from] move: Knock Off|[of] p2a: Crawdaunt
|faint|p1a: Nestle✔️
|-damage|p2a: Crawdaunt|54/100|[from] item: Life Orb
|
|upkeep
|
|t:|1644152959
|switch|p1a: ParaFullPara✔️|Corviknight, M|44/100
|-ability|p1a: ParaFullPara✔️|Pressure
|turn|10
|
|t:|1644152969
|move|p1a: ParaFullPara✔️|U-turn|p2a: Crawdaunt
|-supereffective|p2a: Crawdaunt
|-damage|p2a: Crawdaunt|18/100
|
|t:|1644152973
|switch|p1a: Cheater✔️|Blissey, F|100/100|[from]move: U-turn
|move|p2a: Crawdaunt|Crabhammer|p1a: Cheater✔️
|-damage|p1a: Cheater✔️|14/100
|-damage|p2a: Crawdaunt|8/100|[from] item: Life Orb
|
|-fieldend|move: Trick Room
|upkeep
|turn|11
|
|t:|1644152980
|switch|p1a: ParaFullPara✔️|Corviknight, M|44/100
|-ability|p1a: ParaFullPara✔️|Pressure
|move|p2a: Crawdaunt|Crabhammer|p1a: ParaFullPara✔️
|-damage|p1a: ParaFullPara✔️|0 fnt
|faint|p1a: ParaFullPara✔️
|-damage|p2a: Crawdaunt|0 fnt|[from] item: Life Orb
|faint|p2a: Crawdaunt
|
|upkeep
|
|t:|1644152989
|switch|p2a: Hatterene|Hatterene, F|100/100
|switch|p1a: Agent✔️|Weavile, M|100/100
|-ability|p1a: Agent✔️|Pressure
|turn|12
|
|t:|1644152991
|move|p1a: Agent✔️|Triple Axel|p2a: Hatterene
|-damage|p2a: Hatterene|86/100
|-crit|p2a: Hatterene
|-damage|p2a: Hatterene|44/100
|-damage|p2a: Hatterene|6/100
|-hitcount|p2a: Hatterene|3
|move|p2a: Hatterene|Trick Room|p2a: Hatterene
|-fieldstart|move: Trick Room|[of] p2a: Hatterene
|
|upkeep
|turn|13
|
|t:|1644152997
|switch|p1a: Cheater✔️|Blissey, F|14/100
|move|p2a: Hatterene|Healing Wish|p2a: Hatterene
|faint|p2a: Hatterene
|
|upkeep
|
|t:|1644153000
|switch|p2a: Marowak|Marowak-Alola, M|42/100
|-heal|p2a: Marowak|100/100|[from] move: Healing Wish
|turn|14
|
|t:|1644153002
|move|p2a: Marowak|Flare Blitz|p1a: Cheater✔️
|-damage|p1a: Cheater✔️|0 fnt
|faint|p1a: Cheater✔️
|
|upkeep
|
|t:|1644153007
|switch|p1a: Happy Feet✔️|Nidoking, M|100/100
|turn|15
|
|t:|1644153009
|switch|p1a: Agent✔️|Weavile, M|100/100
|-ability|p1a: Agent✔️|Pressure
|move|p2a: Marowak|Flare Blitz|p1a: Agent✔️
|-supereffective|p1a: Agent✔️
|-crit|p1a: Agent✔️
|-damage|p1a: Agent✔️|0 fnt
|faint|p1a: Agent✔️
|
|upkeep
|
|t:|1644153013
|switch|p1a: Happy Feet✔️|Nidoking, M|100/100
|turn|16
|c|☆Kyerndo|gg
|
|t:|1644153020
|move|p2a: Marowak|Flare Blitz|p1a: Happy Feet✔️
|-damage|p1a: Happy Feet✔️|0 fnt
|faint|p1a: Happy Feet✔️
|
|win|Kyerndo
|raw|gaenisalbino's rating: 1638 &rarr; <strong>1620</strong><br />(-18 for losing)
|raw|Kyerndo's rating: 1679 &rarr; <strong>1697</strong><br />(+18 for winning)
|c|☆gaenisalbino|Gg
|l|☆gaenisalbino
