|j|☆Jtmarx
|j|☆uuuuiiii
|t:|1598704483
|player|p1|Jtmarx|68|1082
|player|p2|uuuuiiii|265|1140
|teamsize|p1|6
|teamsize|p2|6
|gametype|singles
|gen|8
|tier|[Gen 8] OU
|rated|
|clearpoke
|poke|p1|Scrafty, M|
|poke|p1|Rotom-Heat|
|poke|p1|Sylveon, M|
|poke|p1|Vaporeon, M|
|poke|p1|Corviknight, M|
|poke|p1|Tyranitar, F|
|poke|p2|Indeedee, M|
|poke|p2|Magnezone|
|poke|p2|Terrakion|
|poke|p2|Dragapult, F|
|poke|p2|Incineroar, F|
|poke|p2|Togekiss, M|
|rule|Sleep Clause Mod: Limit one foe put to sleep
|rule|Species Clause: Limit one of each Pokémon
|rule|OHKO Clause: OHKO moves are banned
|rule|Evasion Moves Clause: Evasion moves are banned
|rule|Endless Battle Clause: Forcing endless battles is banned
|rule|HP Percentage Mod: HP is shown in percentages
|rule|Dynamax Clause: You cannot dynamax
|teampreview
|
|t:|1598704489
|start
|switch|p1a: Rotom|Rotom-Heat|100/100
|switch|p2a: Terrakion|Terrakion|100/100
|turn|1
|inactive|Battle timer is ON: inactive players will automatically lose when time's up. (requested by Jtmarx)
|
|t:|1598704495
|move|p2a: Terrakion|Stone Edge|p1a: Rotom
|-supereffective|p1a: Rotom
|-damage|p1a: Rotom|0 fnt
|faint|p1a: Rotom
|
|upkeep
|
|t:|1598704504
|switch|p1a: Vaporeon|Vaporeon, M|100/100
|turn|2
|
|t:|1598704509
|move|p2a: Terrakion|Stealth Rock|p1a: Vaporeon
|-sidestart|p1: Jtmarx|move: Stealth Rock
|move|p1a: Vaporeon|Scald|p2a: Terrakion
|-supereffective|p2a: Terrakion
|-damage|p2a: Terrakion|33/100
|
|upkeep
|turn|3
|
|t:|1598704524
|move|p2a: Terrakion|Close Combat|p1a: Vaporeon
|-damage|p1a: Vaporeon|57/100
|-unboost|p2a: Terrakion|def|1
|-unboost|p2a: Terrakion|spd|1
|move|p1a: Vaporeon|Scald|p2a: Terrakion
|-supereffective|p2a: Terrakion
|-damage|p2a: Terrakion|0 fnt
|faint|p2a: Terrakion
|
|-heal|p1a: Vaporeon|63/100|[from] item: Leftovers
|upkeep
|
|t:|1598704527
|switch|p2a: Magnezone|Magnezone|100/100
|turn|4
|
|t:|1598704539
|switch|p1a: Tyranitar|Tyranitar, F|100/100
|-damage|p1a: Tyranitar|88/100|[from] Stealth Rock
|-weather|Sandstorm|[from] ability: Sand Stream|[of] p1a: Tyranitar
|move|p2a: Magnezone|Volt Switch|p1a: Tyranitar
|-damage|p1a: Tyranitar|47/100
|
|t:|1598704545
|switch|p2a: Togekiss|Togekiss, M|100/100|[from]move: Volt Switch
|
|-weather|Sandstorm|[upkeep]
|-damage|p2a: Togekiss|94/100|[from] Sandstorm
|upkeep
|turn|5
|
|t:|1598704551
|move|p2a: Togekiss|Aura Sphere|p1a: Tyranitar
|-supereffective|p1a: Tyranitar
|-damage|p1a: Tyranitar|0 fnt
|faint|p1a: Tyranitar
|
|-weather|Sandstorm|[upkeep]
|-damage|p2a: Togekiss|88/100|[from] Sandstorm
|upkeep
|
|t:|1598704563
|switch|p1a: Sylveon|Sylveon, M|100/100
|-damage|p1a: Sylveon|88/100|[from] Stealth Rock
|turn|6
|
|t:|1598704569
|switch|p2a: Magnezone|Magnezone|100/100
|switch|p1a: Scrafty|Scrafty, M|100/100
|-damage|p1a: Scrafty|95/100|[from] Stealth Rock
|
|-weather|Sandstorm|[upkeep]
|-damage|p1a: Scrafty|89/100|[from] Sandstorm
|upkeep
|turn|7
|
|t:|1598704578
|switch|p2a: Incineroar|Incineroar, F|100/100
|-ability|p2a: Incineroar|Intimidate|boost
|-unboost|p1a: Scrafty|atk|1
|move|p1a: Scrafty|Dragon Dance|p1a: Scrafty
|-boost|p1a: Scrafty|atk|1
|-boost|p1a: Scrafty|spe|1
|
|-weather|Sandstorm|[upkeep]
|-damage|p1a: Scrafty|83/100|[from] Sandstorm
|-damage|p2a: Incineroar|94/100|[from] Sandstorm
|upkeep
|turn|8
|
|t:|1598704589
|move|p1a: Scrafty|Dragon Dance|p1a: Scrafty
|-boost|p1a: Scrafty|atk|1
|-boost|p1a: Scrafty|spe|1
|move|p2a: Incineroar|Toxic|p1a: Scrafty
|-status|p1a: Scrafty|tox
|-enditem|p1a: Scrafty|Lum Berry|[eat]
|-curestatus|p1a: Scrafty|tox|[msg]
|
|-weather|none
|upkeep
|turn|9
|
|t:|1598704599
|move|p1a: Scrafty|Drain Punch|p2a: Incineroar
|-supereffective|p2a: Incineroar
|-damage|p2a: Incineroar|0 fnt
|-heal|p1a: Scrafty|100/100|[from] drain|[of] p2a: Incineroar
|faint|p2a: Incineroar
|-ability|p1a: Scrafty|Moxie|boost
|-boost|p1a: Scrafty|atk|1
|
|upkeep
|
|t:|1598704604
|switch|p2a: Togekiss|Togekiss, M|88/100
|turn|10
|
|t:|1598704608
|move|p1a: Scrafty|Iron Head|p2a: Togekiss
|-supereffective|p2a: Togekiss
|-damage|p2a: Togekiss|0 fnt
|faint|p2a: Togekiss
|-ability|p1a: Scrafty|Moxie|boost
|-boost|p1a: Scrafty|atk|1
|
|upkeep
|
|t:|1598704613
|switch|p2a: Indeedee|Indeedee, M|100/100
|-fieldstart|move: Psychic Terrain|[from] ability: Psychic Surge|[of] p2a: Indeedee
|turn|11
|
|t:|1598704618
|move|p2a: Indeedee|Trick|p1a: Scrafty
|-activate|p2a: Indeedee|move: Trick|[of] p1a: Scrafty
|-item|p1a: Scrafty|Choice Scarf|[from] move: Trick
|-enditem|p2a: Indeedee|Choice Scarf|[silent]|[from] move: Trick
|move|p1a: Scrafty|Knock Off|p2a: Indeedee
|-supereffective|p2a: Indeedee
|-damage|p2a: Indeedee|0 fnt
|faint|p2a: Indeedee
|-ability|p1a: Scrafty|Moxie|boost
|-boost|p1a: Scrafty|atk|1
|
|upkeep
|-message|uuuuiiii forfeited.
|
|win|Jtmarx
|l|☆uuuuiiii
|raw|Jtmarx's rating: 1082 &rarr; <strong>1114</strong><br />(+32 for winning)
|raw|uuuuiiii's rating: 1140 &rarr; <strong>1111</strong><br />(-29 for losing)
