|j|☆Storm Zone
|j|☆Rorschach I
|player|p1|Storm Zone|zinnia|1870
|player|p2|Rorschach I|cynthia|1803
|teamsize|p1|6
|teamsize|p2|6
|gametype|singles
|gen|8
|tier|[Gen 8] OU
|rated|
|clearpoke
|poke|p1|Clefable, M|
|poke|p1|Hydreigon, F|
|poke|p1|Celebi|
|poke|p1|Darmanitan, M|
|poke|p1|Jellicent, F|
|poke|p1|Excadrill, M|
|poke|p2|Terrakion|
|poke|p2|Aegislash, M|
|poke|p2|Crawdaunt, M|
|poke|p2|Zeraora|
|poke|p2|Kyurem|
|poke|p2|Togekiss, F|
|rule|Sleep Clause Mod: Limit one foe put to sleep
|rule|Species Clause: Limit one of each Pokémon
|rule|OHKO Clause: OHKO moves are banned
|rule|Evasion Moves Clause: Evasion moves are banned
|rule|Endless Battle Clause: Forcing endless battles is banned
|rule|HP Percentage Mod: HP is shown in percentages
|rule|Dynamax Clause: You cannot dynamax
|teampreview
|
|start
|switch|p1a: Ashura|Jellicent, F|100/100
|switch|p2a: Terrakion|Terrakion|100/100
|turn|1
|
|move|p2a: Terrakion|Taunt|p1a: Ashura
|-start|p1a: Ashura|move: Taunt
|move|p1a: Ashura|Hex|p2a: Terrakion
|-damage|p2a: Terrakion|77/100
|
|upkeep
|turn|2
|
|move|p2a: Terrakion|Stealth Rock|p1a: Ashura
|-sidestart|p1: Storm Zone|move: Stealth Rock
|move|p1a: Ashura|Hex|p2a: Terrakion
|-damage|p2a: Terrakion|54/100
|
|upkeep
|turn|3
|
|move|p2a: Terrakion|Stone Edge|p1a: Ashura
|-damage|p1a: Ashura|56/100
|move|p1a: Ashura|Hex|p2a: Terrakion
|-damage|p2a: Terrakion|31/100
|
|-heal|p1a: Ashura|63/100|[from] item: Leftovers
|-end|p1a: Ashura|move: Taunt
|upkeep
|turn|4
|
|move|p2a: Terrakion|Stone Edge|p1a: Ashura|[miss]
|-miss|p2a: Terrakion|p1a: Ashura
|move|p1a: Ashura|Hex|p2a: Terrakion
|-damage|p2a: Terrakion|9/100
|
|-heal|p1a: Ashura|69/100|[from] item: Leftovers
|upkeep
|turn|5
|
|move|p2a: Terrakion|Stone Edge|p1a: Ashura
|-damage|p1a: Ashura|25/100
|move|p1a: Ashura|Hex|p2a: Terrakion
|-damage|p2a: Terrakion|0 fnt
|faint|p2a: Terrakion
|
|-heal|p1a: Ashura|31/100|[from] item: Leftovers
|upkeep
|
|switch|p2a: Crawdaunt|Crawdaunt, M|100/100
|turn|6
|
|switch|p1a: Hydra|Hydreigon, F|100/100
|-damage|p1a: Hydra|88/100|[from] Stealth Rock
|move|p2a: Crawdaunt|Knock Off|p1a: Hydra
|-resisted|p1a: Hydra
|-damage|p1a: Hydra|42/100
|-enditem|p1a: Hydra|Choice Specs|[from] move: Knock Off|[of] p2a: Crawdaunt
|-damage|p2a: Crawdaunt|91/100|[from] item: Life Orb
|
|upkeep
|turn|7
|
|switch|p2a: Togekiss|Togekiss, F|100/100
|move|p1a: Hydra|Draco Meteor|p2a: Togekiss
|-immune|p2a: Togekiss
|
|upkeep
|turn|8
|j| hghhvi
|
|move|p2a: Togekiss|Air Slash|p1a: Hydra
|-damage|p1a: Hydra|0 fnt
|faint|p1a: Hydra
|
|upkeep
|
|switch|p1a: Impaler|Excadrill, M, shiny|100/100
|-damage|p1a: Impaler|97/100|[from] Stealth Rock
|-ability|p1a: Impaler|Mold Breaker
|turn|9
|
|switch|p2a: Crawdaunt|Crawdaunt, M|91/100
|move|p1a: Impaler|Rapid Spin|p2a: Crawdaunt
|-damage|p2a: Crawdaunt|70/100
|-boost|p1a: Impaler|spe|1
|-sideend|p1: Storm Zone|Stealth Rock|[from] move: Rapid Spin|[of] p1a: Impaler
|
|-heal|p1a: Impaler|100/100|[from] item: Leftovers
|upkeep
|turn|10
|
|switch|p1a: Ashura|Jellicent, F|31/100
|move|p2a: Crawdaunt|Knock Off|p1a: Ashura
|-supereffective|p1a: Ashura
|-damage|p1a: Ashura|0 fnt
|-enditem|p1a: Ashura|Leftovers|[from] move: Knock Off|[of] p2a: Crawdaunt
|-damage|p2a: Crawdaunt|60/100|[from] item: Life Orb
|faint|p1a: Ashura
|
|upkeep
|
|switch|p1a: Ilex|Celebi|100/100
|turn|11
|
|switch|p2a: Togekiss|Togekiss, F|100/100
|move|p1a: Ilex|Leaf Blade|p2a: Togekiss
|-resisted|p2a: Togekiss
|-damage|p2a: Togekiss|70/100
|-damage|p1a: Ilex|91/100|[from] item: Life Orb
|
|upkeep
|turn|12
|
|move|p2a: Togekiss|Flamethrower|p1a: Ilex
|-supereffective|p1a: Ilex
|-damage|p1a: Ilex|26/100
|move|p1a: Ilex|Zen Headbutt|p2a: Togekiss|[miss]
|-miss|p1a: Ilex|p2a: Togekiss
|
|upkeep
|turn|13
|
|switch|p1a: Son Goku|Darmanitan, M|100/100
|move|p2a: Togekiss|Flamethrower|p1a: Son Goku
|-resisted|p1a: Son Goku
|-damage|p1a: Son Goku|79/100
|
|upkeep
|turn|14
|
|move|p2a: Togekiss|Flamethrower|p1a: Son Goku
|-resisted|p1a: Son Goku
|-damage|p1a: Son Goku|56/100
|move|p1a: Son Goku|Substitute|p1a: Son Goku
|-start|p1a: Son Goku|Substitute
|-damage|p1a: Son Goku|31/100
|
|upkeep
|turn|15
|
|move|p2a: Togekiss|Flamethrower|p1a: Son Goku
|-resisted|p1a: Son Goku
|-activate|p1a: Son Goku|move: Substitute|[damage]
|move|p1a: Son Goku|Fire Punch|p2a: Togekiss
|-damage|p2a: Togekiss|12/100
|
|upkeep
|turn|16
|
|move|p2a: Togekiss|Flamethrower|p1a: Son Goku
|-resisted|p1a: Son Goku
|-end|p1a: Son Goku|Substitute
|move|p1a: Son Goku|Substitute|p1a: Son Goku
|-start|p1a: Son Goku|Substitute
|-damage|p1a: Son Goku|6/100
|
|upkeep
|turn|17
|
|switch|p2a: Crawdaunt|Crawdaunt, M|60/100
|move|p1a: Son Goku|Fire Punch|p2a: Crawdaunt
|-resisted|p2a: Crawdaunt
|-damage|p2a: Crawdaunt|23/100
|
|upkeep
|turn|18
|
|move|p2a: Crawdaunt|Aqua Jet|p1a: Son Goku
|-supereffective|p1a: Son Goku
|-end|p1a: Son Goku|Substitute
|-damage|p2a: Crawdaunt|13/100|[from] item: Life Orb
|move|p1a: Son Goku|Fire Punch|p2a: Crawdaunt
|-resisted|p2a: Crawdaunt
|-damage|p2a: Crawdaunt|0 fnt
|faint|p2a: Crawdaunt
|
|upkeep
|
|switch|p2a: Zeraora|Zeraora|100/100
|turn|19
|
|move|p2a: Zeraora|Plasma Fists|p1a: Son Goku
|-damage|p1a: Son Goku|0 fnt
|-fieldactivate|move: Ion Deluge
|-damage|p2a: Zeraora|91/100|[from] item: Life Orb
|faint|p1a: Son Goku
|
|upkeep
|
|switch|p1a: Crescent|Clefable, M|100/100
|turn|20
|
|move|p2a: Zeraora|Plasma Fists|p1a: Crescent
|-damage|p1a: Crescent|54/100
|-fieldactivate|move: Ion Deluge
|-damage|p2a: Zeraora|81/100|[from] item: Life Orb
|move|p1a: Crescent|Moonlight|p1a: Crescent
|-heal|p1a: Crescent|100/100
|
|upkeep
|turn|21
|
|move|p2a: Zeraora|Bulk Up|p2a: Zeraora
|-boost|p2a: Zeraora|atk|1
|-boost|p2a: Zeraora|def|1
|move|p1a: Crescent|Stealth Rock|p2a: Zeraora
|-sidestart|p2: Rorschach I|move: Stealth Rock
|
|upkeep
|turn|22
|
|move|p2a: Zeraora|Plasma Fists|p1a: Crescent
|-crit|p1a: Crescent
|-damage|p1a: Crescent|31/100
|-fieldactivate|move: Ion Deluge
|-damage|p2a: Zeraora|71/100|[from] item: Life Orb
|move|p1a: Crescent|Moonlight|p1a: Crescent
|-heal|p1a: Crescent|81/100
|
|upkeep
|turn|23
|
|switch|p2a: Aegislash|Aegislash, M|100/100
|-damage|p2a: Aegislash|94/100|[from] Stealth Rock
|-item|p2a: Aegislash|Air Balloon
|move|p1a: Crescent|Moonlight|p1a: Crescent
|-heal|p1a: Crescent|100/100
|
|upkeep
|turn|24
|
|-formechange|p2a: Aegislash|Aegislash-Blade||[from] ability: Stance Change
|move|p2a: Aegislash|Iron Head|p1a: Crescent
|-supereffective|p1a: Crescent
|-damage|p1a: Crescent|22/100
|move|p1a: Crescent|Flamethrower|p2a: Aegislash
|-supereffective|p2a: Aegislash
|-damage|p2a: Aegislash|7/100
|-enditem|p2a: Aegislash|Air Balloon
|
|upkeep
|turn|25
|
|move|p2a: Aegislash|Iron Head|p1a: Crescent
|-supereffective|p1a: Crescent
|-damage|p1a: Crescent|0 fnt
|faint|p1a: Crescent
|
|upkeep
|
|switch|p1a: Ilex|Celebi|26/100
|turn|26
|
|move|p1a: Ilex|Sucker Punch|p2a: Aegislash
|-supereffective|p2a: Aegislash
|-damage|p2a: Aegislash|0 fnt
|-damage|p1a: Ilex|16/100|[from] item: Life Orb
|faint|p2a: Aegislash
|
|upkeep
|
|switch|p2a: Zeraora|Zeraora|71/100
|-damage|p2a: Zeraora|59/100|[from] Stealth Rock
|turn|27
|
|move|p2a: Zeraora|Plasma Fists|p1a: Ilex
|-resisted|p1a: Ilex
|-damage|p1a: Ilex|0 fnt
|-fieldactivate|move: Ion Deluge
|-damage|p2a: Zeraora|49/100|[from] item: Life Orb
|faint|p1a: Ilex
|
|upkeep
|
|switch|p1a: Impaler|Excadrill, M, shiny|100/100
|-ability|p1a: Impaler|Mold Breaker
|turn|28
|j| HeavenStar
|
|move|p2a: Zeraora|Drain Punch|p1a: Impaler
|-supereffective|p1a: Impaler
|-damage|p1a: Impaler|31/100
|-heal|p2a: Zeraora|96/100|[from] drain|[of] p1a: Impaler
|-damage|p2a: Zeraora|86/100|[from] item: Life Orb
|move|p1a: Impaler|Rapid Spin|p2a: Zeraora
|-damage|p2a: Zeraora|66/100
|-boost|p1a: Impaler|spe|1
|
|-heal|p1a: Impaler|37/100|[from] item: Leftovers
|upkeep
|turn|29
|
|move|p1a: Impaler|Substitute|p1a: Impaler
|-start|p1a: Impaler|Substitute
|-damage|p1a: Impaler|12/100
|move|p2a: Zeraora|Drain Punch|p1a: Impaler
|-supereffective|p1a: Impaler
|-end|p1a: Impaler|Substitute
|-heal|p2a: Zeraora|83/100|[from] drain|[of] p1a: Impaler
|-damage|p2a: Zeraora|73/100|[from] item: Life Orb
|
|-heal|p1a: Impaler|18/100|[from] item: Leftovers
|upkeep
|turn|30
|
|move|p1a: Impaler|Earthquake|p2a: Zeraora
|-supereffective|p2a: Zeraora
|-damage|p2a: Zeraora|0 fnt
|faint|p2a: Zeraora
|
|-heal|p1a: Impaler|24/100|[from] item: Leftovers
|upkeep
|
|switch|p2a: Kyurem|Kyurem|100/100
|-damage|p2a: Kyurem|76/100|[from] Stealth Rock
|-ability|p2a: Kyurem|Pressure
|turn|31
|
|move|p1a: Impaler|Iron Head|p2a: Kyurem
|-supereffective|p2a: Kyurem
|-damage|p2a: Kyurem|11/100
|move|p2a: Kyurem|Ice Beam|p1a: Impaler
|-damage|p1a: Impaler|0 fnt
|faint|p1a: Impaler
|
|win|Rorschach I
|l|☆Storm Zone
|l|☆Rorschach I
||Ladder (probably) updated, but score could not be retrieved (Response not received).
