|j|☆beleT
|j|☆BillionthLadderAlt
|t:|1667861749
|gametype|singles
|player|p1|beleT|169|1776
|player|p2|BillionthLadderAlt|guitarist-gen4|1774
|teamsize|p1|6
|teamsize|p2|6
|gen|8
|tier|[Gen 8] OU
|rated|
|rule|Sleep Clause Mod: Limit one foe put to sleep
|rule|Species Clause: Limit one of each Pokémon
|rule|OHKO Clause: OHKO moves are banned
|rule|Evasion Items Clause: Evasion items are banned
|rule|Evasion Moves Clause: Evasion moves are banned
|rule|Endless Battle Clause: Forcing endless battles is banned
|rule|HP Percentage Mod: HP is shown in percentages
|rule|Dynamax Clause: You cannot dynamax
|clearpoke
|poke|p1|Weavile, F|
|poke|p1|Tapu Fini|
|poke|p1|Landorus-Therian, M|
|poke|p1|Ferrothorn, M|
|poke|p1|Heatran, M|
|poke|p1|Tornadus-Therian, M|
|poke|p2|Landorus-Therian, M|
|poke|p2|Zapdos|
|poke|p2|Tornadus-Therian, M|
|poke|p2|Slowking, M|
|poke|p2|Terrakion|
|poke|p2|Weavile, F|
|teampreview
|inactive|Battle timer is ON: inactive players will automatically lose when time's up. (requested by BillionthLadderAlt)
|j| Jongruenwald
|
|t:|1667861769
|start
|switch|p1a: Landorus|Landorus-Therian, M|100/100
|switch|p2a: Terrakion|Terrakion|100/100
|-ability|p1a: Landorus|Intimidate|boost
|-unboost|p2a: Terrakion|atk|1
|turn|1
|
|t:|1667861774
|switch|p2a: Landorus|Landorus-Therian, M|100/100
|-ability|p2a: Landorus|Intimidate|boost
|-unboost|p1a: Landorus|atk|1
|move|p1a: Landorus|Toxic|p2a: Landorus
|-status|p2a: Landorus|tox
|
|-damage|p2a: Landorus|94/100 tox|[from] psn
|upkeep
|turn|2
|
|t:|1667861785
|move|p2a: Landorus|Stealth Rock|p1a: Landorus
|-sidestart|p1: beleT|move: Stealth Rock
|move|p1a: Landorus|U-turn|p2a: Landorus
|-resisted|p2a: Landorus
|-damage|p2a: Landorus|87/100 tox
|
|t:|1667861796
|switch|p1a: Weavile|Weavile, F|100/100|[from]move: U-turn
|-ability|p1a: Weavile|Pressure
|
|-heal|p2a: Landorus|93/100 tox|[from] item: Leftovers
|-damage|p2a: Landorus|81/100 tox|[from] psn
|upkeep
|turn|3
|
|t:|1667861804
|switch|p2a: Weavile|Weavile, F|100/100
|-ability|p2a: Weavile|Pressure
|move|p1a: Weavile|Triple Axel|p2a: Weavile
|-resisted|p2a: Weavile
|-damage|p2a: Weavile|92/100
|-hitcount|p2a: Weavile|1
|
|upkeep
|turn|4
|
|t:|1667861820
|switch|p1a: Ferrothorn|Ferrothorn, M|100/100
|-damage|p1a: Ferrothorn|94/100|[from] Stealth Rock
|move|p2a: Weavile|Knock Off|p1a: Ferrothorn
|-damage|p1a: Ferrothorn|68/100
|-damage|p2a: Weavile|80/100|[from] ability: Iron Barbs|[of] p1a: Ferrothorn
|-enditem|p1a: Ferrothorn|Leftovers|[from] move: Knock Off|[of] p2a: Weavile
|
|upkeep
|turn|5
|
|t:|1667861835
|switch|p2a: Tornadus|Tornadus-Therian, M|100/100
|move|p1a: Ferrothorn|Leech Seed|p2a: Tornadus
|-start|p2a: Tornadus|move: Leech Seed
|
|-damage|p2a: Tornadus|88/100|[from] Leech Seed|[of] p1a: Ferrothorn
|-heal|p1a: Ferrothorn|81/100|[silent]
|upkeep
|turn|6
|j| intai+frnds
|
|t:|1667861852
|switch|p1a: Tornadus|Tornadus-Therian, M|100/100
|-damage|p1a: Tornadus|76/100|[from] Stealth Rock
|move|p2a: Tornadus|U-turn|p1a: Tornadus
|-resisted|p1a: Tornadus
|-damage|p1a: Tornadus|68/100
|
|t:|1667861858
|switch|p2a: Weavile|Weavile, F|80/100|[from]move: U-turn
|-ability|p2a: Weavile|Pressure
|
|upkeep
|turn|7
|
|t:|1667861864
|switch|p1a: Ferrothorn|Ferrothorn, M|81/100
|-damage|p1a: Ferrothorn|75/100|[from] Stealth Rock
|move|p2a: Weavile|Swords Dance|p2a: Weavile
|-boost|p2a: Weavile|atk|2
|
|upkeep
|turn|8
|
|t:|1667861871
|move|p2a: Weavile|Low Kick|p1a: Ferrothorn
|-supereffective|p1a: Ferrothorn
|-damage|p1a: Ferrothorn|3/100
|-damage|p2a: Weavile|67/100|[from] ability: Iron Barbs|[of] p1a: Ferrothorn
|move|p1a: Ferrothorn|Leech Seed|p2a: Weavile
|-start|p2a: Weavile|move: Leech Seed
|
|-damage|p2a: Weavile|55/100|[from] Leech Seed|[of] p1a: Ferrothorn
|-heal|p1a: Ferrothorn|13/100|[silent]
|upkeep
|turn|9
|
|t:|1667861883
|switch|p1a: Tapu Fini|Tapu Fini|100/100
|-damage|p1a: Tapu Fini|88/100|[from] Stealth Rock
|-fieldstart|move: Misty Terrain|[from] ability: Misty Surge|[of] p1a: Tapu Fini
|move|p2a: Weavile|Knock Off|p1a: Tapu Fini
|-resisted|p1a: Tapu Fini
|-damage|p1a: Tapu Fini|52/100
|-enditem|p1a: Tapu Fini|Leftovers|[from] move: Knock Off|[of] p2a: Weavile
|
|-damage|p2a: Weavile|42/100|[from] Leech Seed|[of] p1a: Tapu Fini
|-heal|p1a: Tapu Fini|62/100|[silent]
|upkeep
|turn|10
|
|t:|1667861889
|switch|p2a: Tornadus|Tornadus-Therian, M|100/100
|move|p1a: Tapu Fini|Moonblast|p2a: Tornadus
|-damage|p2a: Tornadus|79/100
|
|upkeep
|turn|11
|
|t:|1667861897
|move|p2a: Tornadus|U-turn|p1a: Tapu Fini
|-resisted|p1a: Tapu Fini
|-damage|p1a: Tapu Fini|57/100
|
|t:|1667861900
|switch|p2a: Slowking|Slowking, M|100/100|[from]move: U-turn
|move|p1a: Tapu Fini|Whirlpool|p2a: Slowking|[miss]
|-miss|p1a: Tapu Fini|p2a: Slowking
|
|upkeep
|turn|12
|
|t:|1667861906
|switch|p2a: Tornadus|Tornadus-Therian, M|100/100
|move|p1a: Tapu Fini|Taunt|p2a: Tornadus
|-start|p2a: Tornadus|move: Taunt
|
|upkeep
|turn|13
|
|t:|1667861913
|move|p2a: Tornadus|Hurricane|p1a: Tapu Fini|[miss]
|-miss|p2a: Tornadus|p1a: Tapu Fini
|move|p1a: Tapu Fini|Whirlpool|p2a: Tornadus
|-damage|p2a: Tornadus|94/100
|-activate|p2a: Tornadus|move: Whirlpool|[of] p1a: Tapu Fini
|
|-damage|p2a: Tornadus|81/100|[from] move: Whirlpool|[partiallytrapped]
|-fieldend|Misty Terrain
|upkeep
|turn|14
|
|t:|1667861921
|switch|p1a: Tornadus|Tornadus-Therian, M|100/100
|-damage|p1a: Tornadus|76/100|[from] Stealth Rock
|move|p2a: Tornadus|Hurricane|p1a: Tornadus
|-damage|p1a: Tornadus|48/100
|
|-end|p2a: Tornadus|Whirlpool|[partiallytrapped]|[silent]
|-end|p2a: Tornadus|move: Taunt
|upkeep
|turn|15
|
|t:|1667861927
|move|p2a: Tornadus|Knock Off|p1a: Tornadus
|-damage|p1a: Tornadus|26/100
|-enditem|p1a: Tornadus|Assault Vest|[from] move: Knock Off|[of] p2a: Tornadus
|move|p1a: Tornadus|U-turn|p2a: Tornadus
|-resisted|p2a: Tornadus
|-damage|p2a: Tornadus|74/100
|
|t:|1667861935
|switch|p1a: Weavile|Weavile, F|100/100|[from]move: U-turn
|-ability|p1a: Weavile|Pressure
|
|upkeep
|turn|16
|
|t:|1667861953
|switch|p2a: Weavile|Weavile, F|42/100
|-ability|p2a: Weavile|Pressure
|move|p1a: Weavile|Swords Dance|p1a: Weavile
|-boost|p1a: Weavile|atk|2
|
|upkeep
|turn|17
|j| Swag like Ohio
|
|t:|1667861960
|move|p2a: Weavile|Low Kick|p1a: Weavile
|-supereffective|p1a: Weavile
|-damage|p1a: Weavile|0 fnt
|faint|p1a: Weavile
|
|upkeep
|j| Cocoon☁Evolution
|j| Ctannn
|
|t:|1667861967
|switch|p1a: Landorus|Landorus-Therian, M|100/100
|-damage|p1a: Landorus|88/100|[from] Stealth Rock
|-ability|p1a: Landorus|Intimidate|boost
|-unboost|p2a: Weavile|atk|1
|turn|18
|
|t:|1667861971
|move|p2a: Weavile|Triple Axel|p1a: Landorus
|-supereffective|p1a: Landorus
|-damage|p1a: Landorus|60/100
|-supereffective|p1a: Landorus
|-damage|p1a: Landorus|13/100
|-supereffective|p1a: Landorus
|-damage|p1a: Landorus|0 fnt
|faint|p1a: Landorus
|-hitcount|p1: Landorus|3
|
|upkeep
|j| Popabl
|-message|beleT forfeited.
|
|win|BillionthLadderAlt
|raw|beleT's rating: 1776 &rarr; <strong>1756</strong><br />(-20 for losing)
|raw|BillionthLadderAlt's rating: 1774 &rarr; <strong>1794</strong><br />(+20 for winning)
|l|☆beleT
|l| intai+frnds
|l| Cocoon☁Evolution
|l| Swag like Ohio
||Ladder isn't responding, score probably updated but might not have (Request timeout).
|l| Popabl
