|j|☆HQSNonsense
|j|☆LT94JE Allistair
|t:|1667220287
|gametype|singles
|player|p1|HQSNonsense|veteranf|1642
|player|p2|LT94JE Allistair|169|1721
|teamsize|p1|6
|teamsize|p2|6
|gen|8
|tier|[Gen 8] OU
|rated|
|rule|Sleep Clause Mod: Limit one foe put to sleep
|rule|Species Clause: Limit one of each Pokémon
|rule|OHKO Clause: OHKO moves are banned
|rule|Evasion Items Clause: Evasion items are banned
|rule|Evasion Moves Clause: Evasion moves are banned
|rule|Endless Battle Clause: Forcing endless battles is banned
|rule|HP Percentage Mod: HP is shown in percentages
|rule|Dynamax Clause: You cannot dynamax
|clearpoke
|poke|p1|Blaziken, F|
|poke|p1|Rillaboom, F|
|poke|p1|Landorus-Therian, M|
|poke|p1|Nihilego|
|poke|p1|Bisharp, M|
|poke|p1|Dragonite, M|
|poke|p2|Mew|
|poke|p2|Slurpuff, M|
|poke|p2|Vanilluxe, F|
|poke|p2|Jirachi|
|poke|p2|Weavile, F|
|poke|p2|Zapdos-Galar|
|teampreview
|
|t:|1667220291
|start
|switch|p1a: Bisharp|Bisharp, M|100/100
|switch|p2a: Slurpuff|Slurpuff, M|100/100
|turn|1
|inactive|Battle timer is ON: inactive players will automatically lose when time's up. (requested by HQSNonsense)
|
|t:|1667220294
|move|p1a: Bisharp|Taunt|p2a: Slurpuff
|-start|p2a: Slurpuff|move: Taunt
|cant|p2a: Slurpuff|move: Taunt|Sticky Web
|
|upkeep
|turn|2
|j| Zombini62
|
|t:|1667220297
|switch|p2a: Zapdos|Zapdos-Galar|100/100
|move|p1a: Bisharp|Stealth Rock|p2a: Zapdos
|-sidestart|p2: LT94JE Allistair|move: Stealth Rock
|
|upkeep
|turn|3
|
|t:|1667220301
|move|p2a: Zapdos|U-turn|p1a: Bisharp
|-damage|p1a: Bisharp|67/100
|
|t:|1667220303
|switch|p2a: Slurpuff|Slurpuff, M|100/100|[from]move: U-turn
|-damage|p2a: Slurpuff|88/100|[from] Stealth Rock
|move|p1a: Bisharp|Thunder Wave|p2a: Slurpuff
|-status|p2a: Slurpuff|par
|
|upkeep
|turn|4
|
|t:|1667220311
|cant|p2a: Slurpuff|par
|move|p1a: Bisharp|Taunt|p2a: Slurpuff
|-start|p2a: Slurpuff|move: Taunt
|
|upkeep
|turn|5
|
|t:|1667220316
|switch|p2a: Vanilluxe|Vanilluxe, F|100/100
|-damage|p2a: Vanilluxe|76/100|[from] Stealth Rock
|-weather|Hail|[from] ability: Snow Warning|[of] p2a: Vanilluxe
|move|p1a: Bisharp|Knock Off|p2a: Vanilluxe
|-damage|p2a: Vanilluxe|7/100
|-enditem|p2a: Vanilluxe|Light Clay|[from] move: Knock Off|[of] p1a: Bisharp
|
|-weather|Hail|[upkeep]
|-damage|p1a: Bisharp|61/100|[from] Hail
|upkeep
|turn|6
|inactive|HQSNonsense has 120 seconds left.
|
|t:|1667220358
|move|p2a: Vanilluxe|Aurora Veil|p2a: Vanilluxe
|-sidestart|p2: LT94JE Allistair|move: Aurora Veil
|move|p1a: Bisharp|Knock Off|p2a: Vanilluxe
|-damage|p2a: Vanilluxe|0 fnt
|faint|p2a: Vanilluxe
|
|-weather|Hail|[upkeep]
|-damage|p1a: Bisharp|55/100|[from] Hail
|upkeep
|
|t:|1667220374
|switch|p2a: Slurpuff|Slurpuff, M|88/100 par
|-damage|p2a: Slurpuff|76/100 par|[from] Stealth Rock
|turn|7
|inactive|HQSNonsense has 120 seconds left.
|
|t:|1667220389
|move|p2a: Slurpuff|Magic Coat|p2a: Slurpuff
|-singleturn|p2a: Slurpuff|move: Magic Coat
|move|p1a: Bisharp|Taunt|p2a: Slurpuff
|move|p2a: Slurpuff|Taunt|p1a: Bisharp|[from]Magic Coat
|-start|p1a: Bisharp|move: Taunt
|
|-weather|Hail|[upkeep]
|-damage|p1a: Bisharp|50/100|[from] Hail
|-damage|p2a: Slurpuff|69/100 par|[from] Hail
|upkeep
|turn|8
|inactive|HQSNonsense has 120 seconds left.
|
|t:|1667220394
|move|p1a: Bisharp|Knock Off|p2a: Slurpuff
|-resisted|p2a: Slurpuff
|-damage|p2a: Slurpuff|58/100 par
|-enditem|p2a: Slurpuff|Focus Sash|[from] move: Knock Off|[of] p1a: Bisharp
|cant|p2a: Slurpuff|par
|
|-weather|Hail|[upkeep]
|-damage|p1a: Bisharp|44/100|[from] Hail
|-damage|p2a: Slurpuff|52/100 par|[from] Hail
|upkeep
|turn|9
|
|t:|1667220401
|switch|p1a: Landorus|Landorus-Therian, M|100/100
|-ability|p1a: Landorus|Intimidate|boost
|-unboost|p2a: Slurpuff|atk|1
|move|p2a: Slurpuff|Sticky Web|p1a: Landorus
|-sidestart|p1: HQSNonsense|move: Sticky Web
|
|-weather|none
|upkeep
|turn|10
|
|t:|1667220404
|move|p1a: Landorus|Substitute|p1a: Landorus
|-start|p1a: Landorus|Substitute
|-damage|p1a: Landorus|76/100
|cant|p2a: Slurpuff|par
|
|-heal|p1a: Landorus|82/100|[from] item: Leftovers
|-sideend|p2: LT94JE Allistair|move: Aurora Veil
|upkeep
|turn|11
|
|t:|1667220411
|switch|p2a: Zapdos|Zapdos-Galar|100/100
|-damage|p2a: Zapdos|88/100|[from] Stealth Rock
|move|p1a: Landorus|Earthquake|p2a: Zapdos
|-immune|p2a: Zapdos
|
|-heal|p1a: Landorus|88/100|[from] item: Leftovers
|upkeep
|turn|12
|
|t:|1667220417
|move|p2a: Zapdos|Thunderous Kick|p1a: Landorus
|-resisted|p1a: Landorus
|-end|p1a: Landorus|Substitute
|move|p1a: Landorus|Bulk Up|p1a: Landorus
|-boost|p1a: Landorus|atk|1
|-boost|p1a: Landorus|def|1
|
|-heal|p1a: Landorus|94/100|[from] item: Leftovers
|upkeep
|turn|13
|
|t:|1667220439
|move|p2a: Zapdos|Thunderous Kick|p1a: Landorus
|-resisted|p1a: Landorus
|-damage|p1a: Landorus|75/100
|-unboost|p1a: Landorus|def|1
|move|p1a: Landorus|Substitute|p1a: Landorus
|-start|p1a: Landorus|Substitute
|-damage|p1a: Landorus|50/100
|
|-heal|p1a: Landorus|57/100|[from] item: Leftovers
|upkeep
|turn|14
|
|t:|1667220446
|move|p2a: Zapdos|Thunderous Kick|p1a: Landorus
|-resisted|p1a: Landorus
|-end|p1a: Landorus|Substitute
|move|p1a: Landorus|Smack Down|p2a: Zapdos
|-damage|p2a: Zapdos|57/100
|-start|p2a: Zapdos|Smack Down
|
|-heal|p1a: Landorus|63/100|[from] item: Leftovers
|upkeep
|turn|15
|
|t:|1667220450
|move|p2a: Zapdos|Thunderous Kick|p1a: Landorus
|-resisted|p1a: Landorus
|-damage|p1a: Landorus|34/100
|-unboost|p1a: Landorus|def|1
|move|p1a: Landorus|Earthquake|p2a: Zapdos
|-damage|p2a: Zapdos|0 fnt
|faint|p2a: Zapdos
|
|-heal|p1a: Landorus|40/100|[from] item: Leftovers
|upkeep
|
|t:|1667220460
|switch|p2a: Weavile|Weavile, F|100/100
|-damage|p2a: Weavile|76/100|[from] Stealth Rock
|-ability|p2a: Weavile|Pressure
|turn|16
|
|t:|1667220484
|move|p2a: Weavile|Ice Shard|p1a: Landorus
|-supereffective|p1a: Landorus
|-damage|p1a: Landorus|0 fnt
|faint|p1a: Landorus
|-damage|p2a: Weavile|66/100|[from] item: Life Orb
|
|upkeep
|
|t:|1667220495
|switch|p1a: Blaziken|Blaziken, F|100/100
|-activate|p1a: Blaziken|move: Sticky Web
|-unboost|p1a: Blaziken|spe|1
|turn|17
|
|t:|1667220500
|move|p2a: Weavile|Swords Dance|p2a: Weavile
|-boost|p2a: Weavile|atk|2
|move|p1a: Blaziken|Flare Blitz|p2a: Weavile
|-supereffective|p2a: Weavile
|-damage|p2a: Weavile|0 fnt
|faint|p2a: Weavile
|-damage|p1a: Blaziken|83/100|[from] Recoil
|
|-heal|p1a: Blaziken|89/100|[from] item: Leftovers
|-ability|p1a: Blaziken|Speed Boost|boost
|-boost|p1a: Blaziken|spe|1
|upkeep
|
|t:|1667220504
|switch|p2a: Mew|Mew|100/100
|-damage|p2a: Mew|88/100|[from] Stealth Rock
|turn|18
|
|t:|1667220518
|move|p2a: Mew|Cosmic Power|p2a: Mew
|-boost|p2a: Mew|def|1
|-boost|p2a: Mew|spd|1
|move|p1a: Blaziken|Swords Dance|p1a: Blaziken
|-boost|p1a: Blaziken|atk|2
|
|-heal|p1a: Blaziken|95/100|[from] item: Leftovers
|-ability|p1a: Blaziken|Speed Boost|boost
|-boost|p1a: Blaziken|spe|1
|upkeep
|turn|19
|
|t:|1667220527
|move|p1a: Blaziken|Flare Blitz|p2a: Mew
|-damage|p2a: Mew|13/100
|-damage|p1a: Blaziken|70/100|[from] Recoil
|move|p2a: Mew|Roost|p2a: Mew
|-heal|p2a: Mew|64/100
|-singleturn|p2a: Mew|move: Roost
|
|-heal|p1a: Blaziken|76/100|[from] item: Leftovers
|-ability|p1a: Blaziken|Speed Boost|boost
|-boost|p1a: Blaziken|spe|1
|upkeep
|turn|20
|
|t:|1667220532
|move|p1a: Blaziken|Flare Blitz|p2a: Mew
|-damage|p2a: Mew|0 fnt
|faint|p2a: Mew
|-damage|p1a: Blaziken|55/100|[from] Recoil
|
|-heal|p1a: Blaziken|62/100|[from] item: Leftovers
|-ability|p1a: Blaziken|Speed Boost|boost
|-boost|p1a: Blaziken|spe|1
|upkeep
|-message|LT94JE Allistair forfeited.
|
|win|HQSNonsense
|raw|HQSNonsense's rating: 1621 &rarr; <strong>1647</strong><br />(+26 for winning)
|raw|LT94JE Allistair's rating: 1731 &rarr; <strong>1705</strong><br />(-26 for losing)
|l|☆LT94JE Allistair
