|html|<div class="broadcast-blue"><strong>[Gen 8] OU is currently suspecting Zamazenta-Crowned! For information on how to participate check out the <a href="https://www.smogon.com/forums/threads/np-ss-ou-suspect-process-round-10-royals.3681787/">suspect thread</a>.</strong></div>
|j|☆Commando 55
|j|☆RST4
|t:|1618532813
|gametype|singles
|player|p1|Commando 55|2|1614
|player|p2|RST4|hilbert-dueldisk|1591
|teamsize|p1|6
|teamsize|p2|6
|gen|8
|tier|[Gen 8] OU
|rated|
|clearpoke
|poke|p1|Haxorus, M|
|poke|p1|Aegislash, F|
|poke|p1|Magnezone|
|poke|p1|Rotom-Wash|
|poke|p1|Umbreon, F|
|poke|p1|Landorus-Therian, M|
|poke|p2|Inteleon, F|
|poke|p2|Ferrothorn, M|
|poke|p2|Togekiss, F|
|poke|p2|Dragapult, M|
|poke|p2|Diggersby, M|
|poke|p2|Toxapex, F|
|rule|Sleep Clause Mod: Limit one foe put to sleep
|rule|Species Clause: Limit one of each Pokémon
|rule|OHKO Clause: OHKO moves are banned
|rule|Evasion Moves Clause: Evasion moves are banned
|rule|Endless Battle Clause: Forcing endless battles is banned
|rule|HP Percentage Mod: HP is shown in percentages
|rule|Dynamax Clause: You cannot dynamax
|teampreview
|inactive|Battle timer is ON: inactive players will automatically lose when time's up. (requested by RST4)
|
|t:|1618532836
|start
|switch|p1a: Aegislash|Aegislash, F, shiny|100/100
|switch|p2a: Inteleon|Inteleon, F|100/100
|turn|1
|
|t:|1618532841
|move|p2a: Inteleon|Dark Pulse|p1a: Aegislash
|-supereffective|p1a: Aegislash
|-damage|p1a: Aegislash|42/100
|-damage|p2a: Inteleon|91/100|[from] item: Life Orb
|-formechange|p1a: Aegislash|Aegislash-Blade||[from] ability: Stance Change
|move|p1a: Aegislash|Shadow Ball|p2a: Inteleon
|-damage|p2a: Inteleon|0 fnt
|faint|p2a: Inteleon
|
|upkeep
|
|t:|1618532852
|switch|p2a: Dragapult|Dragapult, M|100/100
|turn|2
|
|t:|1618532858
|switch|p2a: Diggersby|Diggersby, M|100/100
|switch|p1a: Umbreon|Umbreon, F, shiny|100/100
|
|upkeep
|turn|3
|
|t:|1618532863
|move|p2a: Diggersby|Knock Off|p1a: Umbreon
|-resisted|p1a: Umbreon
|-damage|p1a: Umbreon|85/100
|-enditem|p1a: Umbreon|Leftovers|[from] move: Knock Off|[of] p2a: Diggersby
|move|p1a: Umbreon|Foul Play|p2a: Diggersby
|-damage|p2a: Diggersby|62/100
|
|upkeep
|turn|4
|
|t:|1618532871
|switch|p2a: Ferrothorn|Ferrothorn, M|100/100
|move|p1a: Umbreon|Wish|p1a: Umbreon
|
|upkeep
|turn|5
|
|t:|1618532878
|switch|p1a: Magnezone|Magnezone|100/100
|move|p2a: Ferrothorn|Leech Seed|p1a: Magnezone
|-start|p1a: Magnezone|move: Leech Seed
|
|-damage|p1a: Magnezone|88/100|[from] Leech Seed|[of] p2a: Ferrothorn
|upkeep
|turn|6
|
|t:|1618532884
|switch|p1a: Haxorus|Haxorus, M, shiny|100/100
|-ability|p1a: Haxorus|Mold Breaker
|move|p2a: Ferrothorn|Stealth Rock|p1a: Haxorus
|-sidestart|p1: Commando 55|move: Stealth Rock
|
|upkeep
|turn|7
|
|t:|1618532890
|move|p1a: Haxorus|Close Combat|p2a: Ferrothorn
|-supereffective|p2a: Ferrothorn
|-damage|p2a: Ferrothorn|21/100
|-unboost|p1a: Haxorus|def|1
|-unboost|p1a: Haxorus|spd|1
|-damage|p1a: Haxorus|88/100|[from] ability: Iron Barbs|[of] p2a: Ferrothorn
|-damage|p1a: Haxorus|72/100|[from] item: Rocky Helmet|[of] p2a: Ferrothorn
|move|p2a: Ferrothorn|Leech Seed|p1a: Haxorus|[miss]
|-miss|p2a: Ferrothorn|p1a: Haxorus
|
|upkeep
|turn|8
|
|t:|1618532900
|switch|p2a: Togekiss|Togekiss, F|100/100
|move|p1a: Haxorus|Close Combat|p2a: Togekiss
|-resisted|p2a: Togekiss
|-damage|p2a: Togekiss|86/100
|-unboost|p1a: Haxorus|def|1
|-unboost|p1a: Haxorus|spd|1
|
|-heal|p2a: Togekiss|92/100|[from] item: Leftovers
|upkeep
|turn|9
|
|t:|1618532908
|switch|p1a: Rotom|Rotom-Wash|100/100
|-damage|p1a: Rotom|88/100|[from] Stealth Rock
|move|p2a: Togekiss|Dazzling Gleam|p1a: Rotom
|-damage|p1a: Rotom|46/100
|
|-heal|p1a: Rotom|52/100|[from] item: Leftovers
|-heal|p2a: Togekiss|98/100|[from] item: Leftovers
|upkeep
|turn|10
|
|t:|1618532917
|move|p1a: Rotom|Defog|p2a: Togekiss
|-unboost|p2a: Togekiss|evasion|1
|-sideend|p1: Commando 55|Stealth Rock|[from] move: Defog|[of] p1a: Rotom
|move|p2a: Togekiss|Dazzling Gleam|p1a: Rotom
|-damage|p1a: Rotom|9/100
|
|-heal|p1a: Rotom|15/100|[from] item: Leftovers
|-heal|p2a: Togekiss|100/100|[from] item: Leftovers
|upkeep
|turn|11
|
|t:|1618532924
|move|p1a: Rotom|Volt Switch|p2a: Togekiss
|-supereffective|p2a: Togekiss
|-damage|p2a: Togekiss|56/100
|
|t:|1618532928
|switch|p1a: Magnezone|Magnezone|88/100|[from]move: Volt Switch
|move|p2a: Togekiss|Dazzling Gleam|p1a: Magnezone
|-resisted|p1a: Magnezone
|-damage|p1a: Magnezone|61/100
|
|-heal|p2a: Togekiss|62/100|[from] item: Leftovers
|-heal|p1a: Magnezone|67/100|[from] item: Leftovers
|upkeep
|turn|12
|
|t:|1618532941
|switch|p2a: Ferrothorn|Ferrothorn, M|21/100
|move|p1a: Magnezone|Thunderbolt|p2a: Ferrothorn
|-resisted|p2a: Ferrothorn
|-damage|p2a: Ferrothorn|2/100
|
|-heal|p1a: Magnezone|73/100|[from] item: Leftovers
|upkeep
|turn|13
|
|t:|1618532948
|move|p1a: Magnezone|Thunderbolt|p2a: Ferrothorn
|-resisted|p2a: Ferrothorn
|-damage|p2a: Ferrothorn|0 fnt
|faint|p2a: Ferrothorn
|
|-heal|p1a: Magnezone|80/100|[from] item: Leftovers
|upkeep
|
|t:|1618532954
|switch|p2a: Diggersby|Diggersby, M|62/100
|turn|14
|
|t:|1618532962
|switch|p1a: Aegislash|Aegislash, F, shiny|42/100
|move|p2a: Diggersby|Knock Off|p1a: Aegislash
|-supereffective|p1a: Aegislash
|-damage|p1a: Aegislash|0 fnt
|-enditem|p1a: Aegislash|Choice Specs|[from] move: Knock Off|[of] p2a: Diggersby
|faint|p1a: Aegislash
|
|upkeep
|
|t:|1618532978
|switch|p1a: Haxorus|Haxorus, M, shiny|72/100
|-ability|p1a: Haxorus|Mold Breaker
|turn|15
|
|t:|1618532984
|switch|p2a: Togekiss|Togekiss, F|62/100
|move|p1a: Haxorus|Outrage|p2a: Togekiss
|-immune|p2a: Togekiss
|
|-heal|p2a: Togekiss|68/100|[from] item: Leftovers
|upkeep
|turn|16
|
|t:|1618532995
|move|p1a: Haxorus|Outrage|p2a: Togekiss
|-immune|p2a: Togekiss
|move|p2a: Togekiss|Dazzling Gleam|p1a: Haxorus
|-supereffective|p1a: Haxorus
|-damage|p1a: Haxorus|0 fnt
|faint|p1a: Haxorus
|
|-heal|p2a: Togekiss|74/100|[from] item: Leftovers
|upkeep
|
|t:|1618532997
|switch|p1a: Magnezone|Magnezone|80/100
|turn|17
|
|t:|1618533015
|move|p2a: Togekiss|Dazzling Gleam|p1a: Magnezone
|-resisted|p1a: Magnezone
|-damage|p1a: Magnezone|51/100
|move|p1a: Magnezone|Substitute|p1a: Magnezone
|-start|p1a: Magnezone|Substitute
|-damage|p1a: Magnezone|26/100
|
|-heal|p2a: Togekiss|80/100|[from] item: Leftovers
|-heal|p1a: Magnezone|33/100|[from] item: Leftovers
|upkeep
|turn|18
|
|t:|1618533025
|move|p2a: Togekiss|Dazzling Gleam|p1a: Magnezone
|-resisted|p1a: Magnezone
|-end|p1a: Magnezone|Substitute
|move|p1a: Magnezone|Thunderbolt|p2a: Togekiss
|-supereffective|p2a: Togekiss
|-damage|p2a: Togekiss|10/100
|
|-heal|p2a: Togekiss|16/100|[from] item: Leftovers
|-heal|p1a: Magnezone|39/100|[from] item: Leftovers
|upkeep
|turn|19
|
|t:|1618533037
|move|p2a: Togekiss|Air Slash|p1a: Magnezone
|-resisted|p1a: Magnezone
|-crit|p1a: Magnezone
|-damage|p1a: Magnezone|19/100
|cant|p1a: Magnezone|flinch
|
|-heal|p2a: Togekiss|22/100|[from] item: Leftovers
|-heal|p1a: Magnezone|25/100|[from] item: Leftovers
|upkeep
|turn|20
|
|t:|1618533053
|switch|p1a: Landorus|Landorus-Therian, M|100/100
|-ability|p1a: Landorus|Intimidate|boost
|-unboost|p2a: Togekiss|atk|1
|move|p2a: Togekiss|Dazzling Gleam|p1a: Landorus
|-damage|p1a: Landorus|46/100
|
|-heal|p2a: Togekiss|28/100|[from] item: Leftovers
|upkeep
|turn|21
|
|t:|1618533062
|move|p1a: Landorus|Stone Edge|p2a: Togekiss
|-supereffective|p2a: Togekiss
|-damage|p2a: Togekiss|0 fnt
|faint|p2a: Togekiss
|
|upkeep
|
|t:|1618533066
|switch|p2a: Diggersby|Diggersby, M|62/100
|turn|22
|
|t:|1618533070
|switch|p1a: Magnezone|Magnezone|25/100
|move|p2a: Diggersby|Body Slam|p1a: Magnezone
|-resisted|p1a: Magnezone
|-damage|p1a: Magnezone|4/100
|
|-heal|p1a: Magnezone|10/100|[from] item: Leftovers
|upkeep
|turn|23
|
|t:|1618533077
|move|p2a: Diggersby|Body Slam|p1a: Magnezone
|-resisted|p1a: Magnezone
|-damage|p1a: Magnezone|0 fnt
|faint|p1a: Magnezone
|
|upkeep
|
|t:|1618533079
|switch|p1a: Landorus|Landorus-Therian, M|46/100
|-ability|p1a: Landorus|Intimidate|boost
|-unboost|p2a: Diggersby|atk|1
|turn|24
|
|t:|1618533084
|move|p1a: Landorus|Earthquake|p2a: Diggersby
|-damage|p2a: Diggersby|0 fnt
|faint|p2a: Diggersby
|
|upkeep
|
|t:|1618533088
|switch|p2a: Toxapex|Toxapex, F|100/100
|turn|25
|
|t:|1618533095
|switch|p1a: Umbreon|Umbreon, F, shiny|85/100
|move|p2a: Toxapex|Scald|p1a: Umbreon
|-damage|p1a: Umbreon|77/100
|
|upkeep
|turn|26
|
|t:|1618533108
|move|p1a: Umbreon|Wish|p1a: Umbreon
|move|p2a: Toxapex|Toxic|p1a: Umbreon
|-status|p1a: Umbreon|tox
|-activate|p1a: Umbreon|ability: Synchronize
|-immune|p2a: Toxapex
|
|-damage|p1a: Umbreon|71/100 tox|[from] psn
|upkeep
|turn|27
|
|t:|1618533116
|switch|p1a: Landorus|Landorus-Therian, M|46/100
|-ability|p1a: Landorus|Intimidate|boost
|-unboost|p2a: Toxapex|atk|1
|move|p2a: Toxapex|Toxic|p1a: Landorus
|-status|p1a: Landorus|tox
|
|-heal|p1a: Landorus|100/100 tox|[from] move: Wish|[wisher] Umbreon
|-damage|p1a: Landorus|95/100 tox|[from] psn
|upkeep
|turn|28
|
|t:|1618533125
|move|p1a: Landorus|Earthquake|p2a: Toxapex
|-supereffective|p2a: Toxapex
|-damage|p2a: Toxapex|18/100
|move|p2a: Toxapex|Scald|p1a: Landorus
|-supereffective|p1a: Landorus
|-damage|p1a: Landorus|51/100 tox
|
|-heal|p2a: Toxapex|24/100|[from] item: Black Sludge
|-damage|p1a: Landorus|39/100 tox|[from] psn
|upkeep
|turn|29
|
|t:|1618533133
|move|p2a: Toxapex|Baneful Bunker|p2a: Toxapex
|-singleturn|p2a: Toxapex|move: Protect
|move|p1a: Landorus|Earthquake|p2a: Toxapex
|-activate|p2a: Toxapex|move: Protect
|
|-heal|p2a: Toxapex|30/100|[from] item: Black Sludge
|-damage|p1a: Landorus|22/100 tox|[from] psn
|upkeep
|turn|30
|
|t:|1618533141
|switch|p1a: Umbreon|Umbreon, F, shiny|71/100 tox
|switch|p2a: Dragapult|Dragapult, M|100/100
|
|-damage|p1a: Umbreon|65/100 tox|[from] psn
|upkeep
|turn|31
|
|t:|1618533148
|switch|p2a: Toxapex|Toxapex, F|63/100
|move|p1a: Umbreon|Heal Bell|p1a: Umbreon
|-activate|p1a: Umbreon|move: Heal Bell
|-curestatus|p1a: Umbreon|tox|[msg]
|-curestatus|p1: Landorus|tox|[msg]
|
|-heal|p2a: Toxapex|70/100|[from] item: Black Sludge
|upkeep
|turn|32
|
|t:|1618533156
|move|p1a: Umbreon|Wish|p1a: Umbreon
|move|p2a: Toxapex|Toxic|p1a: Umbreon
|-status|p1a: Umbreon|tox
|-activate|p1a: Umbreon|ability: Synchronize
|-immune|p2a: Toxapex
|
|-heal|p2a: Toxapex|76/100|[from] item: Black Sludge
|-damage|p1a: Umbreon|59/100 tox|[from] psn
|upkeep
|turn|33
|
|t:|1618533165
|switch|p1a: Rotom|Rotom-Wash|15/100
|move|p2a: Toxapex|Scald|p1a: Rotom
|-resisted|p1a: Rotom
|-damage|p1a: Rotom|6/100
|
|-heal|p1a: Rotom|71/100|[from] move: Wish|[wisher] Umbreon
|-heal|p1a: Rotom|77/100|[from] item: Leftovers
|-heal|p2a: Toxapex|82/100|[from] item: Black Sludge
|upkeep
|turn|34
|
|t:|1618533174
|move|p1a: Rotom|Will-O-Wisp|p2a: Toxapex
|-status|p2a: Toxapex|brn
|move|p2a: Toxapex|Toxic|p1a: Rotom
|-status|p1a: Rotom|tox
|
|-heal|p1a: Rotom|84/100 tox|[from] item: Leftovers
|-heal|p2a: Toxapex|88/100 brn|[from] item: Black Sludge
|-damage|p1a: Rotom|77/100 tox|[from] psn
|-damage|p2a: Toxapex|82/100 brn|[from] brn
|upkeep
|turn|35
|
|t:|1618533184
|move|p1a: Rotom|Volt Switch|p2a: Toxapex
|-supereffective|p2a: Toxapex
|-damage|p2a: Toxapex|50/100 brn
|
|t:|1618533187
|switch|p1a: Umbreon|Umbreon, F, shiny|59/100 tox|[from]move: Volt Switch
|move|p2a: Toxapex|Recover|p2a: Toxapex
|-heal|p2a: Toxapex|100/100 brn
|
|-damage|p1a: Umbreon|53/100 tox|[from] psn
|-damage|p2a: Toxapex|94/100 brn|[from] brn
|upkeep
|turn|36
|
|t:|1618533198
|move|p1a: Umbreon|Heal Bell|p1a: Umbreon
|-activate|p1a: Umbreon|move: Heal Bell
|-curestatus|p1a: Umbreon|tox|[msg]
|-curestatus|p1: Rotom|tox|[msg]
|move|p2a: Toxapex|Scald|p1a: Umbreon
|-damage|p1a: Umbreon|43/100
|-status|p1a: Umbreon|brn
|-activate|p1a: Umbreon|ability: Synchronize
|-fail|p2a: Toxapex|brn
|
|-heal|p2a: Toxapex|100/100 brn|[from] item: Black Sludge
|-damage|p1a: Umbreon|37/100 brn|[from] brn
|-damage|p2a: Toxapex|94/100 brn|[from] brn
|upkeep
|turn|37
|
|t:|1618533212
|switch|p2a: Dragapult|Dragapult, M|100/100
|move|p1a: Umbreon|Wish|p1a: Umbreon
|
|-damage|p1a: Umbreon|31/100 brn|[from] brn
|upkeep
|turn|38
|
|t:|1618533217
|move|p1a: Umbreon|Protect|p1a: Umbreon
|-singleturn|p1a: Umbreon|Protect
|move|p2a: Dragapult|Dragon Darts|p1a: Umbreon
|-activate|p1a: Umbreon|move: Protect
|
|-heal|p1a: Umbreon|81/100 brn|[from] move: Wish|[wisher] Umbreon
|-damage|p1a: Umbreon|75/100 brn|[from] brn
|upkeep
|turn|39
|
|t:|1618533225
|switch|p2a: Toxapex|Toxapex, F|100/100 brn
|move|p1a: Umbreon|Wish|p1a: Umbreon
|
|-damage|p1a: Umbreon|69/100 brn|[from] brn
|-damage|p2a: Toxapex|94/100 brn|[from] brn
|upkeep
|turn|40
|
|t:|1618533233
|move|p1a: Umbreon|Foul Play|p2a: Toxapex
|-damage|p2a: Toxapex|88/100 brn
|move|p2a: Toxapex|Scald|p1a: Umbreon
|-damage|p1a: Umbreon|60/100 brn
|
|-heal|p1a: Umbreon|100/100 brn|[from] move: Wish|[wisher] Umbreon
|-heal|p2a: Toxapex|94/100 brn|[from] item: Black Sludge
|-damage|p1a: Umbreon|94/100 brn|[from] brn
|-damage|p2a: Toxapex|88/100 brn|[from] brn
|upkeep
|turn|41
|
|t:|1618533242
|move|p1a: Umbreon|Wish|p1a: Umbreon
|move|p2a: Toxapex|Scald|p1a: Umbreon
|-damage|p1a: Umbreon|86/100 brn
|
|-heal|p2a: Toxapex|94/100 brn|[from] item: Black Sludge
|-damage|p1a: Umbreon|80/100 brn|[from] brn
|-damage|p2a: Toxapex|88/100 brn|[from] brn
|upkeep
|turn|42
|
|t:|1618533250
|switch|p1a: Rotom|Rotom-Wash|77/100
|move|p2a: Toxapex|Scald|p1a: Rotom
|-resisted|p1a: Rotom
|-damage|p1a: Rotom|68/100
|-status|p1a: Rotom|brn
|
|-heal|p1a: Rotom|100/100 brn|[from] move: Wish|[wisher] Umbreon
|-heal|p2a: Toxapex|94/100 brn|[from] item: Black Sludge
|-damage|p1a: Rotom|94/100 brn|[from] brn
|-damage|p2a: Toxapex|88/100 brn|[from] brn
|upkeep
|turn|43
|
|t:|1618533260
|move|p2a: Toxapex|Baneful Bunker|p2a: Toxapex
|-singleturn|p2a: Toxapex|move: Protect
|move|p1a: Rotom|Volt Switch|p2a: Toxapex
|-activate|p2a: Toxapex|move: Protect
|
|-heal|p1a: Rotom|100/100 brn|[from] item: Leftovers
|-heal|p2a: Toxapex|94/100 brn|[from] item: Black Sludge
|-damage|p1a: Rotom|94/100 brn|[from] brn
|-damage|p2a: Toxapex|88/100 brn|[from] brn
|upkeep
|turn|44
|
|t:|1618533270
|move|p1a: Rotom|Volt Switch|p2a: Toxapex
|-supereffective|p2a: Toxapex
|-damage|p2a: Toxapex|54/100 brn
|
|t:|1618533274
|switch|p1a: Umbreon|Umbreon, F, shiny|80/100 brn|[from]move: Volt Switch
|move|p2a: Toxapex|Recover|p2a: Toxapex
|-heal|p2a: Toxapex|100/100 brn
|
|-damage|p1a: Umbreon|74/100 brn|[from] brn
|-damage|p2a: Toxapex|94/100 brn|[from] brn
|upkeep
|turn|45
|
|t:|1618533282
|move|p1a: Umbreon|Protect|p1a: Umbreon
|-singleturn|p1a: Umbreon|Protect
|move|p2a: Toxapex|Baneful Bunker||[still]
|-fail|p2a: Toxapex
|
|-heal|p2a: Toxapex|100/100 brn|[from] item: Black Sludge
|-damage|p1a: Umbreon|68/100 brn|[from] brn
|-damage|p2a: Toxapex|94/100 brn|[from] brn
|upkeep
|turn|46
|
|t:|1618533290
|move|p1a: Umbreon|Foul Play|p2a: Toxapex
|-damage|p2a: Toxapex|88/100 brn
|move|p2a: Toxapex|Toxic||[still]
|-fail|p2a: Toxapex
|
|-heal|p2a: Toxapex|94/100 brn|[from] item: Black Sludge
|-damage|p1a: Umbreon|61/100 brn|[from] brn
|-damage|p2a: Toxapex|88/100 brn|[from] brn
|upkeep
|turn|47
|
|t:|1618533301
|move|p1a: Umbreon|Foul Play|p2a: Toxapex
|-damage|p2a: Toxapex|82/100 brn
|move|p2a: Toxapex|Scald|p1a: Umbreon
|-damage|p1a: Umbreon|53/100 brn
|
|-heal|p2a: Toxapex|88/100 brn|[from] item: Black Sludge
|-damage|p1a: Umbreon|47/100 brn|[from] brn
|-damage|p2a: Toxapex|82/100 brn|[from] brn
|upkeep
|turn|48
|
|t:|1618533313
|move|p1a: Umbreon|Wish|p1a: Umbreon
|move|p2a: Toxapex|Scald|p1a: Umbreon
|-damage|p1a: Umbreon|39/100 brn
|
|-heal|p2a: Toxapex|88/100 brn|[from] item: Black Sludge
|-damage|p1a: Umbreon|32/100 brn|[from] brn
|-damage|p2a: Toxapex|82/100 brn|[from] brn
|upkeep
|turn|49
|
|t:|1618533321
|move|p1a: Umbreon|Foul Play|p2a: Toxapex
|-damage|p2a: Toxapex|75/100 brn
|move|p2a: Toxapex|Scald|p1a: Umbreon
|-damage|p1a: Umbreon|23/100 brn
|
|-heal|p1a: Umbreon|73/100 brn|[from] move: Wish|[wisher] Umbreon
|-heal|p2a: Toxapex|82/100 brn|[from] item: Black Sludge
|-damage|p1a: Umbreon|67/100 brn|[from] brn
|-damage|p2a: Toxapex|75/100 brn|[from] brn
|upkeep
|turn|50
|
|t:|1618533337
|switch|p1a: Rotom|Rotom-Wash|94/100 brn
|move|p2a: Toxapex|Recover|p2a: Toxapex
|-heal|p2a: Toxapex|100/100 brn
|
|-heal|p1a: Rotom|100/100 brn|[from] item: Leftovers
|-damage|p1a: Rotom|94/100 brn|[from] brn
|-damage|p2a: Toxapex|94/100 brn|[from] brn
|upkeep
|turn|51
|
|t:|1618533344
|move|p2a: Toxapex|Baneful Bunker|p2a: Toxapex
|-singleturn|p2a: Toxapex|move: Protect
|move|p1a: Rotom|Hydro Pump|p2a: Toxapex
|-activate|p2a: Toxapex|move: Protect
|
|-heal|p1a: Rotom|100/100 brn|[from] item: Leftovers
|-heal|p2a: Toxapex|100/100 brn|[from] item: Black Sludge
|-damage|p1a: Rotom|94/100 brn|[from] brn
|-damage|p2a: Toxapex|94/100 brn|[from] brn
|upkeep
|turn|52
|
|t:|1618533353
|move|p1a: Rotom|Volt Switch|p2a: Toxapex
|-supereffective|p2a: Toxapex
|-damage|p2a: Toxapex|61/100 brn
|
|t:|1618533355
|switch|p1a: Umbreon|Umbreon, F, shiny|67/100 brn|[from]move: Volt Switch
|move|p2a: Toxapex|Toxic||[still]
|-fail|p2a: Toxapex
|
|-heal|p2a: Toxapex|67/100 brn|[from] item: Black Sludge
|-damage|p1a: Umbreon|61/100 brn|[from] brn
|-damage|p2a: Toxapex|61/100 brn|[from] brn
|upkeep
|turn|53
|
|t:|1618533363
|switch|p1a: Rotom|Rotom-Wash|94/100 brn
|move|p2a: Toxapex|Recover|p2a: Toxapex
|-heal|p2a: Toxapex|100/100 brn
|
|-heal|p1a: Rotom|100/100 brn|[from] item: Leftovers
|-damage|p1a: Rotom|94/100 brn|[from] brn
|-damage|p2a: Toxapex|94/100 brn|[from] brn
|upkeep
|turn|54
|
|t:|1618533371
|move|p2a: Toxapex|Baneful Bunker|p2a: Toxapex
|-singleturn|p2a: Toxapex|move: Protect
|move|p1a: Rotom|Volt Switch|p2a: Toxapex
|-activate|p2a: Toxapex|move: Protect
|
|-heal|p1a: Rotom|100/100 brn|[from] item: Leftovers
|-heal|p2a: Toxapex|100/100 brn|[from] item: Black Sludge
|-damage|p1a: Rotom|94/100 brn|[from] brn
|-damage|p2a: Toxapex|94/100 brn|[from] brn
|upkeep
|turn|55
|
|t:|1618533380
|move|p1a: Rotom|Volt Switch|p2a: Toxapex
|-supereffective|p2a: Toxapex
|-damage|p2a: Toxapex|62/100 brn
|
|t:|1618533384
|switch|p1a: Umbreon|Umbreon, F, shiny|61/100 brn|[from]move: Volt Switch
|move|p2a: Toxapex|Scald|p1a: Umbreon
|-damage|p1a: Umbreon|53/100 brn
|
|-heal|p2a: Toxapex|68/100 brn|[from] item: Black Sludge
|-damage|p1a: Umbreon|46/100 brn|[from] brn
|-damage|p2a: Toxapex|62/100 brn|[from] brn
|upkeep
|turn|56
|
|t:|1618533393
|switch|p1a: Rotom|Rotom-Wash|94/100 brn
|move|p2a: Toxapex|Scald|p1a: Rotom
|-resisted|p1a: Rotom
|-damage|p1a: Rotom|85/100 brn
|
|-heal|p1a: Rotom|92/100 brn|[from] item: Leftovers
|-heal|p2a: Toxapex|68/100 brn|[from] item: Black Sludge
|-damage|p1a: Rotom|85/100 brn|[from] brn
|-damage|p2a: Toxapex|62/100 brn|[from] brn
|upkeep
|turn|57
|
|t:|1618533402
|move|p1a: Rotom|Volt Switch|p2a: Toxapex
|-supereffective|p2a: Toxapex
|-damage|p2a: Toxapex|26/100 brn
|
|t:|1618533404
|switch|p1a: Landorus|Landorus-Therian, M|22/100|[from]move: Volt Switch
|-ability|p1a: Landorus|Intimidate|boost
|-unboost|p2a: Toxapex|atk|1
|move|p2a: Toxapex|Recover|p2a: Toxapex
|-heal|p2a: Toxapex|76/100 brn
|
|-heal|p2a: Toxapex|83/100 brn|[from] item: Black Sludge
|-damage|p2a: Toxapex|76/100 brn|[from] brn
|upkeep
|turn|58
|
|t:|1618533413
|move|p1a: Landorus|Earthquake|p2a: Toxapex
|-supereffective|p2a: Toxapex
|-crit|p2a: Toxapex
|-damage|p2a: Toxapex|0 fnt
|faint|p2a: Toxapex
|
|upkeep
|
|t:|1618533419
|switch|p2a: Dragapult|Dragapult, M|100/100
|turn|59
|
|t:|1618533434
|move|p2a: Dragapult|Sucker Punch|p1a: Landorus
|-damage|p1a: Landorus|0 fnt
|faint|p1a: Landorus
|
|upkeep
|
|t:|1618533436
|switch|p1a: Rotom|Rotom-Wash|85/100 brn
|turn|60
|
|t:|1618533439
|move|p2a: Dragapult|Dragon Dance|p2a: Dragapult
|-boost|p2a: Dragapult|atk|1
|-boost|p2a: Dragapult|spe|1
|move|p1a: Rotom|Will-O-Wisp|p2a: Dragapult
|-status|p2a: Dragapult|brn
|
|-heal|p1a: Rotom|92/100 brn|[from] item: Leftovers
|-damage|p2a: Dragapult|95/100 brn|[from] brn
|-damage|p1a: Rotom|85/100 brn|[from] brn
|upkeep
|turn|61
|
|t:|1618533449
|move|p2a: Dragapult|Dragon Dance|p2a: Dragapult
|-boost|p2a: Dragapult|atk|1
|-boost|p2a: Dragapult|spe|1
|move|p1a: Rotom|Volt Switch|p2a: Dragapult
|-resisted|p2a: Dragapult
|-damage|p2a: Dragapult|79/100 brn
|
|t:|1618533450
|switch|p1a: Umbreon|Umbreon, F, shiny|46/100 brn|[from]move: Volt Switch
|
|-damage|p2a: Dragapult|73/100 brn|[from] brn
|-damage|p1a: Umbreon|40/100 brn|[from] brn
|upkeep
|turn|62
|
|t:|1618533458
|move|p2a: Dragapult|Dragon Darts|p1a: Umbreon
|-damage|p1a: Umbreon|21/100 brn
|-anim|p2a: Dragapult|Dragon Darts|p1a: Umbreon
|-damage|p1a: Umbreon|1/100 brn
|move|p1a: Umbreon|Wish|p1a: Umbreon
|
|-damage|p2a: Dragapult|67/100 brn|[from] brn
|-damage|p1a: Umbreon|0 fnt|[from] brn
|faint|p1a: Umbreon
|upkeep
|
|t:|1618533467
|switch|p1a: Rotom|Rotom-Wash|85/100 brn
|turn|63
|
|t:|1618533473
|move|p2a: Dragapult|Phantom Force||[still]
|-prepare|p2a: Dragapult|Phantom Force
|move|p1a: Rotom|Hydro Pump|p2a: Dragapult|[miss]
|-miss|p1a: Rotom|p2a: Dragapult
|
|-heal|p1a: Rotom|100/100 brn|[from] move: Wish|[wisher] Umbreon
|-damage|p2a: Dragapult|61/100 brn|[from] brn
|-damage|p1a: Rotom|94/100 brn|[from] brn
|upkeep
|turn|64
|
|t:|1618533480
|move|p2a: Dragapult|Phantom Force|p1a: Rotom|[from]lockedmove
|-crit|p1a: Rotom
|-damage|p1a: Rotom|30/100 brn
|move|p1a: Rotom|Hydro Pump|p2a: Dragapult
|-resisted|p2a: Dragapult
|-damage|p2a: Dragapult|36/100 brn
|
|-heal|p1a: Rotom|36/100 brn|[from] item: Leftovers
|-damage|p2a: Dragapult|30/100 brn|[from] brn
|-damage|p1a: Rotom|30/100 brn|[from] brn
|upkeep
|turn|65
|
|t:|1618533489
|move|p2a: Dragapult|Dragon Darts|p1a: Rotom
|-damage|p1a: Rotom|9/100 brn
|-anim|p2a: Dragapult|Dragon Darts|p1a: Rotom
|-damage|p1a: Rotom|0 fnt
|faint|p1a: Rotom
|
|win|RST4
|raw|Commando 55's rating: 1614 &rarr; <strong>1593</strong><br />(-21 for losing)
|raw|RST4's rating: 1591 &rarr; <strong>1612</strong><br />(+21 for winning)
|c|☆RST4|gg
|l|☆Commando 55
