|raw|<div class="broadcast-blue"><strong>This battle is required to be public due to a player having a name starting with 'lt93oq'.</div>
|j|☆ripreckful
|j|☆LT93OQ tj
|t:|1660980092
|gametype|singles
|player|p1|ripreckful|hilbert|1943
|player|p2|LT93OQ tj|skyla-masters2|2000
|teamsize|p1|6
|teamsize|p2|6
|gen|8
|tier|[Gen 8] OU
|rated|
|rule|Sleep Clause Mod: Limit one foe put to sleep
|rule|Species Clause: Limit one of each Pokémon
|rule|OHKO Clause: OHKO moves are banned
|rule|Evasion Items Clause: Evasion items are banned
|rule|Evasion Moves Clause: Evasion moves are banned
|rule|Endless Battle Clause: Forcing endless battles is banned
|rule|HP Percentage Mod: HP is shown in percentages
|rule|Dynamax Clause: You cannot dynamax
|clearpoke
|poke|p1|Landorus-Therian, M|
|poke|p1|Melmetal|
|poke|p1|Zapdos|
|poke|p1|Urshifu-*, F|
|poke|p1|Tapu Lele|
|poke|p1|Dragapult, F|
|poke|p2|Garchomp, M|
|poke|p2|Blaziken, F|
|poke|p2|Mew|
|poke|p2|Dragapult, F|
|poke|p2|Scizor, F|
|poke|p2|Weavile, M|
|teampreview
|inactive|Battle timer is ON: inactive players will automatically lose when time's up. (requested by LT93OQ tj)
|inactive|ripreckful also wants the timer to be on.
|
|t:|1660980100
|start
|switch|p1a: Dragapult|Dragapult, F|100/100
|switch|p2a: Mew|Mew|100/100
|turn|1
|
|t:|1660980107
|switch|p2a: Weavile|Weavile, M|100/100
|-ability|p2a: Weavile|Pressure
|move|p1a: Dragapult|Shadow Ball|p2a: Weavile
|-resisted|p2a: Weavile
|-damage|p2a: Weavile|59/100
|
|upkeep
|turn|2
|
|t:|1660980110
|switch|p1a: Urshifu|Urshifu-Rapid-Strike, F|100/100
|move|p2a: Weavile|Knock Off|p1a: Urshifu
|-resisted|p1a: Urshifu
|-damage|p1a: Urshifu|70/100
|-enditem|p1a: Urshifu|Choice Band|[from] move: Knock Off|[of] p2a: Weavile
|-damage|p2a: Weavile|49/100|[from] item: Life Orb
|
|upkeep
|turn|3
|
|t:|1660980123
|switch|p2a: Dragapult|Dragapult, F|100/100
|move|p1a: Urshifu|U-turn|p2a: Dragapult
|-resisted|p2a: Dragapult
|-damage|p2a: Dragapult|85/100
|j| LT93OQ acii
|
|t:|1660980125
|switch|p1a: Tapu Lele|Tapu Lele|100/100|[from]move: U-turn
|-fieldstart|move: Psychic Terrain|[from] ability: Psychic Surge|[of] p1a: Tapu Lele
|
|upkeep
|turn|4
|j| tansincos
|
|t:|1660980129
|switch|p2a: Scizor|Scizor, F|100/100
|move|p1a: Tapu Lele|Future Sight|p2a: Scizor
|-start|p1a: Tapu Lele|move: Future Sight
|
|upkeep
|turn|5
|j| Cyberacc
|
|t:|1660980136
|switch|p1a: Zapdos|Zapdos|100/100
|switch|p2a: Mew|Mew|100/100
|
|upkeep
|turn|6
|j| rahole
|
|t:|1660980139
|move|p2a: Mew|Triple Axel|p1a: Zapdos
|-supereffective|p1a: Zapdos
|-damage|p1a: Zapdos|89/100
|-supereffective|p1a: Zapdos
|-damage|p1a: Zapdos|65/100
|-supereffective|p1a: Zapdos
|-damage|p1a: Zapdos|31/100
|-status|p2a: Mew|par|[from] ability: Static|[of] p1a: Zapdos
|-activate|p2a: Mew|ability: Synchronize
|-immune|p1a: Zapdos
|-hitcount|p1a: Zapdos|3
|-damage|p2a: Mew|91/100 par|[from] item: Life Orb
|move|p1a: Zapdos|Hurricane|p2a: Mew
|-damage|p2a: Mew|46/100 par
|
|-end|p2a: Mew|move: Future Sight
|-resisted|p2a: Mew
|-damage|p2a: Mew|10/100 par
|upkeep
|turn|7
|j| MANNAT
|j| LT93OQ Spr
|
|t:|1660980148
|move|p1a: Zapdos|Volt Switch|p2a: Mew
|-damage|p2a: Mew|0 fnt
|faint|p2a: Mew
|j| Chaitanya
|j| lt93oq im garbage
|j| Quagshi
|l| lt93oq im garbage
|
|t:|1660980161
|switch|p1a: Tapu Lele|Tapu Lele|100/100|[from]move: Volt Switch
|
|-fieldend|move: Psychic Terrain
|upkeep
|j| LT93OQ Harshal
|j| LT93OQ T
|
|t:|1660980177
|switch|p2a: Scizor|Scizor, F|100/100
|turn|8
|
|t:|1660980180
|switch|p1a: Urshifu|Urshifu-Rapid-Strike, F|70/100
|switch|p2a: Garchomp|Garchomp, M|100/100
|
|upkeep
|turn|9
|
|t:|1660980186
|switch|p1a: Dragapult|Dragapult, F|100/100
|move|p2a: Garchomp|Stealth Rock|p1a: Dragapult
|-sidestart|p1: ripreckful|move: Stealth Rock
|
|upkeep
|turn|10
|
|t:|1660980194
|move|p1a: Dragapult|Draco Meteor|p2a: Garchomp|[miss]
|-miss|p1a: Dragapult|p2a: Garchomp
|move|p2a: Garchomp|Earthquake|p1a: Dragapult
|-damage|p1a: Dragapult|0 fnt
|faint|p1a: Dragapult
|-damage|p2a: Garchomp|91/100|[from] item: Life Orb
|
|upkeep
|c|☆ripreckful|lol
|j| LT93OQ aquy
|
|t:|1660980197
|switch|p1a: Tapu Lele|Tapu Lele|100/100
|-damage|p1a: Tapu Lele|88/100|[from] Stealth Rock
|-fieldstart|move: Psychic Terrain|[from] ability: Psychic Surge|[of] p1a: Tapu Lele
|turn|11
|
|t:|1660980201
|switch|p2a: Scizor|Scizor, F|100/100
|move|p1a: Tapu Lele|Moonblast|p2a: Scizor
|-resisted|p2a: Scizor
|-damage|p2a: Scizor|65/100
|
|upkeep
|turn|12
|
|t:|1660980205
|switch|p1a: Zapdos|Zapdos|31/100
|move|p2a: Scizor|Roost|p2a: Scizor
|-heal|p2a: Scizor|100/100
|-singleturn|p2a: Scizor|move: Roost
|
|upkeep
|turn|13
|j| Hayburner
|j| lt93oq 3d
|
|t:|1660980211
|switch|p2a: Garchomp|Garchomp, M|91/100
|move|p1a: Zapdos|Heat Wave|p2a: Garchomp
|-resisted|p2a: Garchomp
|-damage|p2a: Garchomp|75/100
|
|upkeep
|turn|14
|
|t:|1660980215
|switch|p1a: Landorus|Landorus-Therian, M|100/100
|-damage|p1a: Landorus|88/100|[from] Stealth Rock
|-ability|p1a: Landorus|Intimidate|boost
|-unboost|p2a: Garchomp|atk|1
|move|p2a: Garchomp|Outrage|p1a: Landorus
|-damage|p1a: Landorus|38/100
|-damage|p2a: Garchomp|65/100|[from] item: Life Orb
|
|-heal|p1a: Landorus|44/100|[from] item: Leftovers
|upkeep
|turn|15
|
|t:|1660980217
|move|p2a: Garchomp|Outrage|p1a: Landorus|[from]lockedmove
|-damage|p1a: Landorus|0 fnt
|faint|p1a: Landorus
|-damage|p2a: Garchomp|56/100|[from] item: Life Orb
|-start|p2a: Garchomp|confusion|[fatigue]
|
|-fieldend|move: Psychic Terrain
|upkeep
|
|t:|1660980220
|switch|p1a: Tapu Lele|Tapu Lele|88/100
|-damage|p1a: Tapu Lele|76/100|[from] Stealth Rock
|-fieldstart|move: Psychic Terrain|[from] ability: Psychic Surge|[of] p1a: Tapu Lele
|turn|16
|j| YuJiu
|j| cteaming?
|
|t:|1660980242
|move|p1a: Tapu Lele|Moonblast|p2a: Garchomp
|-supereffective|p2a: Garchomp
|-damage|p2a: Garchomp|0 fnt
|faint|p2a: Garchomp
|
|upkeep
|j| LT93OQLACABALLOTA
|l| Quagshi
|
|t:|1660980247
|switch|p2a: Blaziken|Blaziken, F|100/100
|turn|17
|
|t:|1660980251
|move|p1a: Tapu Lele|Moonblast|p2a: Blaziken
|-damage|p2a: Blaziken|29/100
|move|p2a: Blaziken|Flare Blitz|p1a: Tapu Lele
|-damage|p1a: Tapu Lele|0 fnt
|faint|p1a: Tapu Lele
|-damage|p2a: Blaziken|7/100|[from] Recoil
|
|-heal|p2a: Blaziken|13/100|[from] item: Leftovers
|-ability|p2a: Blaziken|Speed Boost|boost
|-boost|p2a: Blaziken|spe|1
|upkeep
|j| stantlerdude63
|
|t:|1660980257
|switch|p1a: Zapdos|Zapdos|31/100
|turn|18
|
|t:|1660980260
|move|p2a: Blaziken|Flare Blitz|p1a: Zapdos
|-damage|p1a: Zapdos|0 fnt
|faint|p1a: Zapdos
|-damage|p2a: Blaziken|1/100|[from] Recoil
|
|-heal|p2a: Blaziken|7/100|[from] item: Leftovers
|-ability|p2a: Blaziken|Speed Boost|boost
|-boost|p2a: Blaziken|spe|1
|upkeep
|l| Cyberacc
|j| Cyberacc
|j| LT93OQ JD
|c|☆ripreckful|well played
|l| Cyberacc
|c|☆ripreckful|good game
|l| cteaming?
|-message|ripreckful forfeited.
|
|win|LT93OQ tj
|raw|ripreckful's rating: 1943 &rarr; <strong>1926</strong><br />(-17 for losing)
|raw|LT93OQ tj's rating: 2000 &rarr; <strong>2017</strong><br />(+17 for winning)
|l|☆ripreckful
|l|☆LT93OQ tj
