|raw|<div class="broadcast-blue"><strong>This battle is required to be public due to a player having a name starting with 'LT73IU'.</div>
|j|☆Lenape
|j|☆LT73IU Chait
|t:|1598476546
|player|p1|Lenape|101|1833
|player|p2|LT73IU Chait|veteran|1807
|teamsize|p1|6
|teamsize|p2|6
|gametype|singles
|gen|8
|tier|[Gen 8] OU
|rated|
|clearpoke
|poke|p1|Rotom-Heat|
|poke|p1|Corviknight, M|
|poke|p1|Sylveon, M|
|poke|p1|Rhyperior, M|
|poke|p1|Toxapex, F|
|poke|p1|Umbreon, M|
|poke|p2|Crawdaunt, M|
|poke|p2|Rhyperior, M|
|poke|p2|Corviknight, M|
|poke|p2|Blissey, F|
|poke|p2|Clefable, M|
|poke|p2|Zeraora|
|rule|Sleep Clause Mod: Limit one foe put to sleep
|rule|Species Clause: Limit one of each Pokémon
|rule|OHKO Clause: OHKO moves are banned
|rule|Evasion Moves Clause: Evasion moves are banned
|rule|Endless Battle Clause: Forcing endless battles is banned
|rule|HP Percentage Mod: HP is shown in percentages
|rule|Dynamax Clause: You cannot dynamax
|teampreview
|inactive|Battle timer is ON: inactive players will automatically lose when time's up. (requested by LT73IU Chait)
|inactive|LT73IU Chait has 120 seconds left.
|
|t:|1598476586
|start
|switch|p1a: Toxapex|Toxapex, F|100/100
|switch|p2a: Zeraora|Zeraora|100/100
|turn|1
|
|t:|1598476592
|move|p2a: Zeraora|Volt Switch|p1a: Toxapex
|-supereffective|p1a: Toxapex
|-damage|p1a: Toxapex|65/100
|
|t:|1598476595
|switch|p2a: Blissey|Blissey, F|100/100|[from]move: Volt Switch
|move|p1a: Toxapex|Toxic|p2a: Blissey
|-status|p2a: Blissey|tox
|
|-heal|p1a: Toxapex|71/100|[from] item: Black Sludge
|-damage|p2a: Blissey|94/100 tox|[from] psn
|upkeep
|turn|2
|
|t:|1598476599
|switch|p1a: Rotom|Rotom-Heat|100/100
|move|p2a: Blissey|Seismic Toss|p1a: Rotom
|-damage|p1a: Rotom|68/100
|
|-damage|p2a: Blissey|82/100 tox|[from] psn
|upkeep
|turn|3
|
|t:|1598476603
|switch|p2a: Rhyperior|Rhyperior, M|100/100
|move|p1a: Rotom|Trick|p2a: Rhyperior
|-activate|p1a: Rotom|move: Trick|[of] p2a: Rhyperior
|-item|p2a: Rhyperior|Choice Scarf|[from] move: Trick
|-item|p1a: Rotom|Leftovers|[from] move: Trick
|
|-heal|p1a: Rotom|74/100|[from] item: Leftovers
|upkeep
|turn|4
|
|t:|1598476607
|move|p1a: Rotom|Will-O-Wisp|p2a: Rhyperior
|-status|p2a: Rhyperior|brn
|move|p2a: Rhyperior|Stealth Rock|p1a: Rotom
|-sidestart|p1: Lenape|move: Stealth Rock
|
|-heal|p1a: Rotom|80/100|[from] item: Leftovers
|-damage|p2a: Rhyperior|94/100 brn|[from] brn
|upkeep
|turn|5
|
|t:|1598476613
|switch|p2a: Blissey|Blissey, F|82/100
|move|p1a: Rotom|Defog|p2a: Blissey
|-unboost|p2a: Blissey|evasion|1
|-sideend|p1: Lenape|Stealth Rock|[from] move: Defog|[of] p1a: Rotom
|
|-heal|p1a: Rotom|86/100|[from] item: Leftovers
|upkeep
|turn|6
|
|t:|1598476618
|switch|p1a: Rhyperior|Rhyperior, M|100/100
|move|p2a: Blissey|Seismic Toss|p1a: Rhyperior
|-damage|p1a: Rhyperior|77/100
|
|-heal|p1a: Rhyperior|84/100|[from] item: Leftovers
|upkeep
|turn|7
|j| Livio ElTito
|
|t:|1598476633
|move|p1a: Rhyperior|Stealth Rock|p2a: Blissey
|-sidestart|p2: LT73IU Chait|move: Stealth Rock
|move|p2a: Blissey|Teleport|p2a: Blissey
|
|t:|1598476636
|switch|p2a: Crawdaunt|Crawdaunt, M|100/100|[from]move: Teleport
|-damage|p2a: Crawdaunt|88/100|[from] Stealth Rock
|
|-heal|p1a: Rhyperior|90/100|[from] item: Leftovers
|upkeep
|turn|8
|
|t:|1598476640
|switch|p1a: Toxapex|Toxapex, F|100/100
|move|p2a: Crawdaunt|Crabhammer|p1a: Toxapex
|-resisted|p1a: Toxapex
|-crit|p1a: Toxapex
|-damage|p1a: Toxapex|66/100
|
|-heal|p1a: Toxapex|73/100|[from] item: Black Sludge
|upkeep
|turn|9
|
|t:|1598476648
|switch|p2a: Corviknight|Corviknight, M|100/100
|-damage|p2a: Corviknight|88/100|[from] Stealth Rock
|-ability|p2a: Corviknight|Pressure
|move|p1a: Toxapex|Toxic|p2a: Corviknight
|-immune|p2a: Corviknight
|
|-heal|p1a: Toxapex|79/100|[from] item: Black Sludge
|upkeep
|turn|10
|
|t:|1598476651
|move|p2a: Corviknight|Defog|p1a: Toxapex
|-unboost|p1a: Toxapex|evasion|1
|-sideend|p2: LT73IU Chait|Stealth Rock|[from] move: Defog|[of] p2a: Corviknight
|move|p1a: Toxapex|Scald|p2a: Corviknight
|-damage|p2a: Corviknight|71/100
|
|-heal|p1a: Toxapex|85/100|[from] item: Black Sludge
|upkeep
|turn|11
|
|t:|1598476653
|move|p2a: Corviknight|U-turn|p1a: Toxapex
|-resisted|p1a: Toxapex
|-damage|p1a: Toxapex|81/100
|
|t:|1598476655
|switch|p2a: Blissey|Blissey, F|82/100|[from]move: U-turn
|move|p1a: Toxapex|Scald|p2a: Blissey
|-damage|p2a: Blissey|76/100
|
|-heal|p1a: Toxapex|87/100|[from] item: Black Sludge
|upkeep
|turn|12
|j| reje
|
|t:|1598476662
|move|p1a: Toxapex|Toxic|p2a: Blissey
|-status|p2a: Blissey|tox
|move|p2a: Blissey|Teleport|p2a: Blissey
|
|t:|1598476669
|-curestatus|p2a: Blissey|tox|[from] ability: Natural Cure
|switch|p2a: Rhyperior|Rhyperior, M|94/100 brn|[from]move: Teleport
|
|-heal|p1a: Toxapex|93/100|[from] item: Black Sludge
|-damage|p2a: Rhyperior|88/100 brn|[from] brn
|upkeep
|turn|13
|
|t:|1598476675
|move|p2a: Rhyperior|Stealth Rock|p1a: Toxapex
|-sidestart|p1: Lenape|move: Stealth Rock
|move|p1a: Toxapex|Scald|p2a: Rhyperior
|-supereffective|p2a: Rhyperior
|-damage|p2a: Rhyperior|38/100 brn
|
|-heal|p1a: Toxapex|99/100|[from] item: Black Sludge
|-damage|p2a: Rhyperior|32/100 brn|[from] brn
|upkeep
|turn|14
|
|t:|1598476678
|switch|p2a: Blissey|Blissey, F|76/100
|switch|p1a: Rhyperior|Rhyperior, M|90/100
|-damage|p1a: Rhyperior|84/100|[from] Stealth Rock
|
|-heal|p1a: Rhyperior|90/100|[from] item: Leftovers
|upkeep
|turn|15
|
|t:|1598476680
|move|p1a: Rhyperior|Stealth Rock|p2a: Blissey
|-sidestart|p2: LT73IU Chait|move: Stealth Rock
|move|p2a: Blissey|Teleport|p2a: Blissey
|
|t:|1598476682
|switch|p2a: Crawdaunt|Crawdaunt, M|88/100|[from]move: Teleport
|-damage|p2a: Crawdaunt|76/100|[from] Stealth Rock
|
|-heal|p1a: Rhyperior|96/100|[from] item: Leftovers
|upkeep
|turn|16
|
|t:|1598476685
|move|p2a: Crawdaunt|Crabhammer|p1a: Rhyperior
|-supereffective|p1a: Rhyperior
|-damage|p1a: Rhyperior|0 fnt
|faint|p1a: Rhyperior
|
|upkeep
|
|t:|1598476688
|switch|p1a: Toxapex|Toxapex, F|100/100
|-damage|p1a: Toxapex|88/100|[from] Stealth Rock
|turn|17
|
|t:|1598476698
|move|p2a: Crawdaunt|Swords Dance|p2a: Crawdaunt
|-boost|p2a: Crawdaunt|atk|2
|move|p1a: Toxapex|Scald|p2a: Crawdaunt
|-resisted|p2a: Crawdaunt
|-crit|p2a: Crawdaunt
|-damage|p2a: Crawdaunt|50/100
|
|-heal|p1a: Toxapex|94/100|[from] item: Black Sludge
|upkeep
|turn|18
|
|t:|1598476700
|move|p1a: Toxapex|Baneful Bunker|p1a: Toxapex
|-singleturn|p1a: Toxapex|move: Protect
|move|p2a: Crawdaunt|Knock Off|p1a: Toxapex
|-activate|p1a: Toxapex|move: Protect
|-status|p2a: Crawdaunt|psn
|
|-heal|p1a: Toxapex|100/100|[from] item: Black Sludge
|-damage|p2a: Crawdaunt|38/100 psn|[from] psn
|upkeep
|turn|19
|
|t:|1598476703
|switch|p1a: Umbreon|Umbreon, M|100/100
|-damage|p1a: Umbreon|88/100|[from] Stealth Rock
|move|p2a: Crawdaunt|Knock Off|p1a: Umbreon
|-resisted|p1a: Umbreon
|-crit|p1a: Umbreon
|-damage|p1a: Umbreon|15/100
|-enditem|p1a: Umbreon|Leftovers|[from] move: Knock Off|[of] p2a: Crawdaunt
|
|-damage|p2a: Crawdaunt|25/100 psn|[from] psn
|upkeep
|turn|20
|
|t:|1598476705
|move|p1a: Umbreon|Protect|p1a: Umbreon
|-singleturn|p1a: Umbreon|Protect
|move|p2a: Crawdaunt|Knock Off|p1a: Umbreon
|-activate|p1a: Umbreon|move: Protect
|
|-damage|p2a: Crawdaunt|13/100 psn|[from] psn
|upkeep
|turn|21
|j| Mandi04
|
|t:|1598476707
|move|p2a: Crawdaunt|Knock Off|p1a: Umbreon
|-resisted|p1a: Umbreon
|-damage|p1a: Umbreon|0 fnt
|faint|p1a: Umbreon
|
|-damage|p2a: Crawdaunt|1/100 psn|[from] psn
|upkeep
|
|t:|1598476709
|switch|p1a: Toxapex|Toxapex, F|100/100
|-damage|p1a: Toxapex|88/100|[from] Stealth Rock
|turn|22
|
|t:|1598476714
|switch|p2a: Zeraora|Zeraora|100/100
|move|p1a: Toxapex|Baneful Bunker||[still]
|-fail|p1a: Toxapex
|
|-heal|p1a: Toxapex|94/100|[from] item: Black Sludge
|upkeep
|turn|23
|
|t:|1598476715
|move|p2a: Zeraora|Volt Switch|p1a: Toxapex
|-supereffective|p1a: Toxapex
|-damage|p1a: Toxapex|60/100
|
|t:|1598476717
|switch|p2a: Blissey|Blissey, F|76/100|[from]move: Volt Switch
|move|p1a: Toxapex|Toxic|p2a: Blissey
|-status|p2a: Blissey|tox
|
|-heal|p1a: Toxapex|66/100|[from] item: Black Sludge
|-damage|p2a: Blissey|70/100 tox|[from] psn
|upkeep
|turn|24
|
|t:|1598476720
|switch|p1a: Corviknight|Corviknight, M|100/100
|-damage|p1a: Corviknight|88/100|[from] Stealth Rock
|-ability|p1a: Corviknight|Pressure
|move|p2a: Blissey|Teleport|p2a: Blissey
|
|t:|1598476722
|-curestatus|p2a: Blissey|tox|[from] ability: Natural Cure
|switch|p2a: Zeraora|Zeraora|100/100|[from]move: Teleport
|
|-heal|p1a: Corviknight|94/100|[from] item: Leftovers
|upkeep
|turn|25
|
|t:|1598476728
|switch|p1a: Toxapex|Toxapex, F|99/100
|-damage|p1a: Toxapex|87/100|[from] Stealth Rock
|move|p2a: Zeraora|Plasma Fists|p1a: Toxapex
|-supereffective|p1a: Toxapex
|-damage|p1a: Toxapex|25/100
|-fieldactivate|move: Ion Deluge
|
|-heal|p1a: Toxapex|31/100|[from] item: Black Sludge
|upkeep
|turn|26
|
|t:|1598476739
|switch|p1a: Sylveon|Sylveon, M|100/100
|-damage|p1a: Sylveon|88/100|[from] Stealth Rock
|move|p2a: Zeraora|Volt Switch|p1a: Sylveon
|-damage|p1a: Sylveon|77/100
|
|t:|1598476744
|switch|p2a: Blissey|Blissey, F|70/100|[from]move: Volt Switch
|
|-heal|p1a: Sylveon|83/100|[from] item: Leftovers
|upkeep
|turn|27
|
|t:|1598476748
|move|p1a: Sylveon|Protect|p1a: Sylveon
|-singleturn|p1a: Sylveon|Protect
|move|p2a: Blissey|Seismic Toss|p1a: Sylveon
|-activate|p1a: Sylveon|move: Protect
|
|-heal|p1a: Sylveon|89/100|[from] item: Leftovers
|upkeep
|turn|28
|
|t:|1598476753
|move|p1a: Sylveon|Calm Mind|p1a: Sylveon
|-boost|p1a: Sylveon|spa|1
|-boost|p1a: Sylveon|spd|1
|move|p2a: Blissey|Thunder Wave|p1a: Sylveon
|-status|p1a: Sylveon|par
|
|-heal|p1a: Sylveon|95/100 par|[from] item: Leftovers
|upkeep
|turn|29
|inactive|LT73IU Chait has 120 seconds left.
|
|t:|1598476790
|move|p2a: Blissey|Seismic Toss|p1a: Sylveon
|-damage|p1a: Sylveon|70/100 par
|move|p1a: Sylveon|Hyper Voice|p2a: Blissey
|-damage|p2a: Blissey|47/100
|
|-heal|p1a: Sylveon|76/100 par|[from] item: Leftovers
|upkeep
|turn|30
|
|t:|1598476793
|move|p2a: Blissey|Soft-Boiled|p2a: Blissey
|-heal|p2a: Blissey|97/100
|move|p1a: Sylveon|Wish|p1a: Sylveon
|
|-heal|p1a: Sylveon|82/100 par|[from] item: Leftovers
|upkeep
|turn|31
|
|t:|1598476798
|move|p2a: Blissey|Seismic Toss|p1a: Sylveon
|-damage|p1a: Sylveon|56/100 par
|move|p1a: Sylveon|Calm Mind|p1a: Sylveon
|-boost|p1a: Sylveon|spa|1
|-boost|p1a: Sylveon|spd|1
|
|-heal|p1a: Sylveon|100/100 par|[from] move: Wish|[wisher] Sylveon
|upkeep
|turn|32
|
|t:|1598476800
|move|p2a: Blissey|Seismic Toss|p1a: Sylveon
|-damage|p1a: Sylveon|75/100 par
|move|p1a: Sylveon|Hyper Voice|p2a: Blissey
|-damage|p2a: Blissey|65/100
|
|-heal|p1a: Sylveon|81/100 par|[from] item: Leftovers
|upkeep
|turn|33
|
|t:|1598476814
|move|p2a: Blissey|Seismic Toss|p1a: Sylveon
|-damage|p1a: Sylveon|56/100 par
|move|p1a: Sylveon|Wish|p1a: Sylveon
|
|-heal|p1a: Sylveon|62/100 par|[from] item: Leftovers
|upkeep
|turn|34
|
|t:|1598476817
|move|p2a: Blissey|Seismic Toss|p1a: Sylveon
|-damage|p1a: Sylveon|37/100 par
|move|p1a: Sylveon|Hyper Voice|p2a: Blissey
|-damage|p2a: Blissey|35/100
|
|-heal|p1a: Sylveon|87/100 par|[from] move: Wish|[wisher] Sylveon
|-heal|p1a: Sylveon|93/100 par|[from] item: Leftovers
|upkeep
|turn|35
|
|t:|1598476820
|move|p2a: Blissey|Seismic Toss|p1a: Sylveon
|-damage|p1a: Sylveon|67/100 par
|move|p1a: Sylveon|Calm Mind|p1a: Sylveon
|-boost|p1a: Sylveon|spa|1
|-boost|p1a: Sylveon|spd|1
|
|-heal|p1a: Sylveon|73/100 par|[from] item: Leftovers
|upkeep
|turn|36
|
|t:|1598476824
|move|p2a: Blissey|Seismic Toss|p1a: Sylveon
|-damage|p1a: Sylveon|48/100 par
|cant|p1a: Sylveon|par
|
|-heal|p1a: Sylveon|54/100 par|[from] item: Leftovers
|upkeep
|turn|37
|
|t:|1598476828
|move|p2a: Blissey|Seismic Toss|p1a: Sylveon
|-damage|p1a: Sylveon|29/100 par
|move|p1a: Sylveon|Hyper Voice|p2a: Blissey
|-damage|p2a: Blissey|0 fnt
|faint|p2a: Blissey
|
|-heal|p1a: Sylveon|35/100 par|[from] item: Leftovers
|upkeep
|
|t:|1598476832
|switch|p2a: Zeraora|Zeraora|100/100
|turn|38
|
|t:|1598476836
|move|p2a: Zeraora|Plasma Fists|p1a: Sylveon
|-damage|p1a: Sylveon|0 fnt
|-fieldactivate|move: Ion Deluge
|faint|p1a: Sylveon
|
|upkeep
|
|t:|1598476838
|switch|p1a: Rotom|Rotom-Heat|86/100
|-damage|p1a: Rotom|61/100|[from] Stealth Rock
|turn|39
|
|t:|1598476841
|move|p2a: Zeraora|Volt Switch|p1a: Rotom
|-resisted|p1a: Rotom
|-damage|p1a: Rotom|49/100
|
|t:|1598476843
|switch|p2a: Clefable|Clefable, M|100/100|[from]move: Volt Switch
|move|p1a: Rotom|Will-O-Wisp|p2a: Clefable
|-status|p2a: Clefable|brn
|
|-heal|p1a: Rotom|55/100|[from] item: Leftovers
|upkeep
|turn|40
|
|t:|1598476848
|switch|p1a: Corviknight|Corviknight, M|94/100
|-damage|p1a: Corviknight|82/100|[from] Stealth Rock
|-ability|p1a: Corviknight|Pressure
|move|p2a: Clefable|Moonblast|p1a: Corviknight
|-resisted|p1a: Corviknight
|-damage|p1a: Corviknight|62/100
|
|-heal|p1a: Corviknight|68/100|[from] item: Leftovers
|upkeep
|turn|41
|
|t:|1598476851
|switch|p2a: Zeraora|Zeraora|100/100
|move|p1a: Corviknight|Substitute|p1a: Corviknight
|-start|p1a: Corviknight|Substitute
|-damage|p1a: Corviknight|43/100
|
|-heal|p1a: Corviknight|50/100|[from] item: Leftovers
|upkeep
|turn|42
|
|t:|1598476854
|move|p2a: Zeraora|Plasma Fists|p1a: Corviknight
|-supereffective|p1a: Corviknight
|-end|p1a: Corviknight|Substitute
|move|p1a: Corviknight|Bulk Up|p1a: Corviknight
|-boost|p1a: Corviknight|atk|1
|-boost|p1a: Corviknight|def|1
|
|-heal|p1a: Corviknight|56/100|[from] item: Leftovers
|upkeep
|turn|43
|
|t:|1598476855
|move|p2a: Zeraora|Plasma Fists|p1a: Corviknight
|-supereffective|p1a: Corviknight
|-damage|p1a: Corviknight|6/100
|-fieldactivate|move: Ion Deluge
|move|p1a: Corviknight|Roost|p1a: Corviknight
|-heal|p1a: Corviknight|56/100
|-singleturn|p1a: Corviknight|move: Roost
|
|-heal|p1a: Corviknight|62/100|[from] item: Leftovers
|upkeep
|turn|44
|
|t:|1598476859
|move|p2a: Zeraora|Plasma Fists|p1a: Corviknight
|-supereffective|p1a: Corviknight
|-damage|p1a: Corviknight|14/100
|-fieldactivate|move: Ion Deluge
|move|p1a: Corviknight|Roost|p1a: Corviknight
|-heal|p1a: Corviknight|64/100
|-singleturn|p1a: Corviknight|move: Roost
|
|-heal|p1a: Corviknight|70/100|[from] item: Leftovers
|upkeep
|turn|45
|
|t:|1598476867
|move|p2a: Zeraora|Knock Off|p1a: Corviknight
|-damage|p1a: Corviknight|55/100
|-enditem|p1a: Corviknight|Leftovers|[from] move: Knock Off|[of] p2a: Zeraora
|move|p1a: Corviknight|Roost|p1a: Corviknight
|-heal|p1a: Corviknight|100/100
|-singleturn|p1a: Corviknight|move: Roost
|
|upkeep
|turn|46
|
|t:|1598476870
|move|p2a: Zeraora|Volt Switch|p1a: Corviknight
|-supereffective|p1a: Corviknight
|-damage|p1a: Corviknight|57/100
|
|t:|1598476872
|switch|p2a: Clefable|Clefable, M|100/100 brn|[from]move: Volt Switch
|move|p1a: Corviknight|Roost|p1a: Corviknight
|-heal|p1a: Corviknight|100/100
|-singleturn|p1a: Corviknight|move: Roost
|
|upkeep
|turn|47
|
|t:|1598476874
|move|p1a: Corviknight|Substitute|p1a: Corviknight
|-start|p1a: Corviknight|Substitute
|-damage|p1a: Corviknight|75/100
|move|p2a: Clefable|Flamethrower|p1a: Corviknight
|-supereffective|p1a: Corviknight
|-end|p1a: Corviknight|Substitute
|
|upkeep
|turn|48
|
|t:|1598476881
|move|p1a: Corviknight|Substitute|p1a: Corviknight
|-start|p1a: Corviknight|Substitute
|-damage|p1a: Corviknight|50/100
|move|p2a: Clefable|Calm Mind|p2a: Clefable
|-boost|p2a: Clefable|spa|1
|-boost|p2a: Clefable|spd|1
|
|upkeep
|turn|49
|
|t:|1598476884
|move|p1a: Corviknight|Brave Bird|p2a: Clefable
|-damage|p2a: Clefable|42/100 brn
|-damage|p1a: Corviknight|31/100|[from] Recoil
|move|p2a: Clefable|Flamethrower|p1a: Corviknight
|-supereffective|p1a: Corviknight
|-end|p1a: Corviknight|Substitute
|
|upkeep
|turn|50
|
|t:|1598476888
|move|p1a: Corviknight|Brave Bird|p2a: Clefable
|-damage|p2a: Clefable|0 fnt
|-damage|p1a: Corviknight|18/100|[from] Recoil
|faint|p2a: Clefable
|
|upkeep
|
|t:|1598476890
|switch|p2a: Zeraora|Zeraora|100/100
|turn|51
|
|t:|1598476894
|switch|p1a: Rotom|Rotom-Heat|55/100
|-damage|p1a: Rotom|30/100|[from] Stealth Rock
|move|p2a: Zeraora|Plasma Fists|p1a: Rotom
|-resisted|p1a: Rotom
|-damage|p1a: Rotom|7/100
|-fieldactivate|move: Ion Deluge
|
|-heal|p1a: Rotom|13/100|[from] item: Leftovers
|upkeep
|turn|52
|
|t:|1598476897
|move|p2a: Zeraora|Plasma Fists|p1a: Rotom
|-resisted|p1a: Rotom
|-damage|p1a: Rotom|0 fnt
|-fieldactivate|move: Ion Deluge
|faint|p1a: Rotom
|
|upkeep
|
|t:|1598476898
|switch|p1a: Toxapex|Toxapex, F|65/100
|-damage|p1a: Toxapex|52/100|[from] Stealth Rock
|turn|53
|
|t:|1598476910
|move|p2a: Zeraora|Volt Switch|p1a: Toxapex
|-supereffective|p1a: Toxapex
|-crit|p1a: Toxapex
|-damage|p1a: Toxapex|0 fnt
|faint|p1a: Toxapex
|
|t:|1598476912
|switch|p2a: Crawdaunt|Crawdaunt, M|1/100 psn|[from]move: Volt Switch
|-damage|p2a: Crawdaunt|0 fnt|[from] Stealth Rock
|faint|p2a: Crawdaunt
|
|upkeep
|-message|Lenape forfeited.
|
|win|LT73IU Chait
|l|☆Lenape
|l| reje
||Ladder (probably) updated, but score could not be retrieved (Request timeout).
