|j|☆Arreat
|j|☆noudle soop
|t:|1657573694
|gametype|singles
|player|p1|Arreat|bruno-gen3|1649
|player|p2|noudle soop|roxie|1745
|teamsize|p1|6
|teamsize|p2|6
|gen|8
|tier|[Gen 8] OU
|rated|
|rule|Sleep Clause Mod: Limit one foe put to sleep
|rule|Species Clause: Limit one of each Pokémon
|rule|OHKO Clause: OHKO moves are banned
|rule|Evasion Moves Clause: Evasion moves are banned
|rule|Endless Battle Clause: Forcing endless battles is banned
|rule|HP Percentage Mod: HP is shown in percentages
|rule|Dynamax Clause: You cannot dynamax
|clearpoke
|poke|p1|Kartana|
|poke|p1|Weavile, F|
|poke|p1|Dragapult, M|
|poke|p1|Heatran, M|
|poke|p1|Rotom-Wash|
|poke|p1|Landorus-Therian, M|
|poke|p2|Victini|
|poke|p2|Tapu Lele|
|poke|p2|Garchomp, F|
|poke|p2|Celesteela|
|poke|p2|Regieleki|
|poke|p2|Golisopod, M|
|teampreview
|inactive|Battle timer is ON: inactive players will automatically lose when time's up. (requested by noudle soop)
|inactive|noudle soop has 120 seconds left.
|
|t:|1657573732
|start
|switch|p1a: Weavile|Weavile, F|100/100
|switch|p2a: Tapu Lele|Tapu Lele|100/100
|-ability|p1a: Weavile|Pressure
|-fieldstart|move: Psychic Terrain|[from] ability: Psychic Surge|[of] p2a: Tapu Lele
|turn|1
|
|t:|1657573747
|switch|p1a: Landorus|Landorus-Therian, M|100/100
|-ability|p1a: Landorus|Intimidate|boost
|-unboost|p2a: Tapu Lele|atk|1
|move|p2a: Tapu Lele|Focus Blast|p1a: Landorus
|-resisted|p1a: Landorus
|-damage|p1a: Landorus|86/100
|
|-heal|p1a: Landorus|92/100|[from] item: Leftovers
|upkeep
|turn|2
|
|t:|1657573753
|move|p2a: Tapu Lele|Psychic|p1a: Landorus
|-damage|p1a: Landorus|40/100
|move|p1a: Landorus|U-turn|p2a: Tapu Lele
|-damage|p2a: Tapu Lele|65/100
|
|t:|1657573757
|switch|p1a: Dragapult|Dragapult, M|100/100|[from]move: U-turn
|
|upkeep
|turn|3
|
|t:|1657573760
|switch|p2a: Golisopod|Golisopod, M|100/100
|move|p1a: Dragapult|Shadow Ball|p2a: Golisopod
|-damage|p2a: Golisopod|48/100
|-activate|p2a: Golisopod|ability: Emergency Exit
|
|t:|1657573763
|switch|p2a: Garchomp|Garchomp, F|100/100
|
|upkeep
|turn|4
|
|t:|1657573768
|move|p1a: Dragapult|Shadow Ball|p2a: Garchomp
|-damage|p2a: Garchomp|44/100
|move|p2a: Garchomp|Stealth Rock|p1a: Dragapult
|-sidestart|p1: Arreat|move: Stealth Rock
|
|-heal|p2a: Garchomp|50/100|[from] item: Leftovers
|upkeep
|turn|5
|
|t:|1657573773
|switch|p2a: Golisopod|Golisopod, M|48/100
|move|p1a: Dragapult|Shadow Ball|p2a: Golisopod
|-damage|p2a: Golisopod|0 fnt
|faint|p2a: Golisopod
|
|-fieldend|move: Psychic Terrain
|upkeep
|
|t:|1657573780
|switch|p2a: Celesteela|Celesteela|100/100
|turn|6
|
|t:|1657573788
|switch|p1a: Rotom|Rotom-Wash|100/100
|-damage|p1a: Rotom|88/100|[from] Stealth Rock
|switch|p2a: Tapu Lele|Tapu Lele|65/100
|-fieldstart|move: Psychic Terrain|[from] ability: Psychic Surge|[of] p2a: Tapu Lele
|
|-heal|p1a: Rotom|94/100|[from] item: Leftovers
|upkeep
|turn|7
|
|t:|1657573795
|move|p2a: Tapu Lele|Psychic|p1a: Rotom
|-damage|p1a: Rotom|39/100
|move|p1a: Rotom|Thunder Wave|p2a: Tapu Lele|[miss]
|-miss|p1a: Rotom|p2a: Tapu Lele
|
|-heal|p1a: Rotom|45/100|[from] item: Leftovers
|upkeep
|turn|8
|c|☆noudle soop|mb
|c|☆Arreat|all g
|
|t:|1657573804
|move|p2a: Tapu Lele|Focus Blast|p1a: Rotom
|-damage|p1a: Rotom|13/100
|-unboost|p1a: Rotom|spd|1
|move|p1a: Rotom|Thunder Wave|p2a: Tapu Lele|[miss]
|-miss|p1a: Rotom|p2a: Tapu Lele
|
|-heal|p1a: Rotom|20/100|[from] item: Leftovers
|upkeep
|turn|9
|j| HaloKappa
|c|☆Arreat|:[
|c|☆noudle soop|no longer all g
|c|☆Arreat|lol
|c|☆noudle soop|focus blast hit spdef drop into t wave miss is fuckin insane
|c|☆noudle soop|this game is the worst lmao
|
|t:|1657573833
|move|p2a: Tapu Lele|Psychic|p1a: Rotom
|-damage|p1a: Rotom|0 fnt
|faint|p1a: Rotom
|
|upkeep
|c|☆Arreat|ya i hate it lmao
|
|t:|1657573840
|switch|p1a: Dragapult|Dragapult, M|100/100
|-damage|p1a: Dragapult|88/100|[from] Stealth Rock
|turn|10
|
|t:|1657573846
|switch|p2a: Garchomp|Garchomp, F|50/100
|move|p1a: Dragapult|Shadow Ball|p2a: Garchomp
|-damage|p2a: Garchomp|0 fnt
|faint|p2a: Garchomp
|
|-fieldend|move: Psychic Terrain
|upkeep
|
|t:|1657573848
|switch|p2a: Celesteela|Celesteela|100/100
|turn|11
|
|t:|1657573851
|switch|p1a: Heatran|Heatran, M|100/100
|-damage|p1a: Heatran|88/100|[from] Stealth Rock
|move|p2a: Celesteela|Heavy Slam|p1a: Heatran
|-resisted|p1a: Heatran
|-damage|p1a: Heatran|83/100
|-status|p2a: Celesteela|brn|[from] ability: Flame Body|[of] p1a: Heatran
|
|-heal|p1a: Heatran|90/100|[from] item: Leftovers
|-damage|p2a: Celesteela|95/100 brn|[from] brn
|upkeep
|turn|12
|
|t:|1657573854
|move|p2a: Celesteela|Earthquake|p1a: Heatran
|-supereffective|p1a: Heatran
|-damage|p1a: Heatran|53/100
|move|p1a: Heatran|Stealth Rock|p2a: Celesteela
|-sidestart|p2: noudle soop|move: Stealth Rock
|
|-heal|p1a: Heatran|59/100|[from] item: Leftovers
|-damage|p2a: Celesteela|89/100 brn|[from] brn
|upkeep
|turn|13
|
|t:|1657573856
|move|p1a: Heatran|Protect|p1a: Heatran
|-singleturn|p1a: Heatran|Protect
|move|p2a: Celesteela|Earthquake|p1a: Heatran
|-activate|p1a: Heatran|move: Protect
|
|-heal|p1a: Heatran|65/100|[from] item: Leftovers
|-damage|p2a: Celesteela|83/100 brn|[from] brn
|upkeep
|turn|14
|
|t:|1657573871
|switch|p1a: Dragapult|Dragapult, M|88/100
|-damage|p1a: Dragapult|76/100|[from] Stealth Rock
|move|p2a: Celesteela|Earthquake|p1a: Dragapult
|-damage|p1a: Dragapult|53/100
|
|-damage|p2a: Celesteela|77/100 brn|[from] brn
|upkeep
|turn|15
|
|t:|1657573875
|move|p1a: Dragapult|Shadow Ball|p2a: Celesteela
|-damage|p2a: Celesteela|25/100 brn
|move|p2a: Celesteela|Heavy Slam|p1a: Dragapult
|-damage|p1a: Dragapult|11/100
|
|-damage|p2a: Celesteela|19/100 brn|[from] brn
|upkeep
|turn|16
|
|t:|1657573878
|move|p1a: Dragapult|Shadow Ball|p2a: Celesteela
|-damage|p2a: Celesteela|0 fnt
|faint|p2a: Celesteela
|
|upkeep
|
|t:|1657573880
|switch|p2a: Regieleki|Regieleki|100/100
|turn|17
|
|t:|1657573885
|switch|p1a: Heatran|Heatran, M|65/100
|-damage|p1a: Heatran|53/100|[from] Stealth Rock
|move|p2a: Regieleki|Thunderbolt|p1a: Heatran
|-damage|p1a: Heatran|4/100
|
|-heal|p1a: Heatran|11/100|[from] item: Leftovers
|upkeep
|turn|18
|
|t:|1657573888
|move|p2a: Regieleki|Volt Switch|p1a: Heatran
|-damage|p1a: Heatran|0 fnt
|faint|p1a: Heatran
|
|t:|1657573893
|switch|p2a: Tapu Lele|Tapu Lele|65/100|[from]move: Volt Switch
|-damage|p2a: Tapu Lele|53/100|[from] Stealth Rock
|-fieldstart|move: Psychic Terrain|[from] ability: Psychic Surge|[of] p2a: Tapu Lele
|
|upkeep
|
|t:|1657573897
|switch|p1a: Kartana|Kartana, shiny|100/100
|-damage|p1a: Kartana|94/100|[from] Stealth Rock
|turn|19
|
|t:|1657573901
|move|p1a: Kartana|Knock Off|p2a: Tapu Lele
|-damage|p2a: Tapu Lele|0 fnt
|-enditem|p2a: Tapu Lele|Twisted Spoon|[from] move: Knock Off|[of] p1a: Kartana
|faint|p2a: Tapu Lele
|-ability|p1a: Kartana|Beast Boost|boost
|-boost|p1a: Kartana|atk|1
|
|upkeep
|
|t:|1657573903
|switch|p2a: Regieleki|Regieleki|100/100
|turn|20
|
|t:|1657573918
|move|p2a: Regieleki|Rapid Spin|p1a: Kartana
|-resisted|p1a: Kartana
|-damage|p1a: Kartana|89/100
|-boost|p2a: Regieleki|spe|1
|-sideend|p2: noudle soop|Stealth Rock|[from] move: Rapid Spin|[of] p2a: Regieleki
|move|p1a: Kartana|Knock Off|p2a: Regieleki
|-damage|p2a: Regieleki|0 fnt
|-enditem|p2a: Regieleki|Heavy-Duty Boots|[from] move: Knock Off|[of] p1a: Kartana
|faint|p2a: Regieleki
|-ability|p1a: Kartana|Beast Boost|boost
|-boost|p1a: Kartana|atk|1
|
|upkeep
|c|☆noudle soop|gg
|c|☆Arreat|gg
|-message|noudle soop forfeited.
|
|win|Arreat
|raw|Arreat's rating: 1649 &rarr; <strong>1674</strong><br />(+25 for winning)
|raw|noudle soop's rating: 1745 &rarr; <strong>1720</strong><br />(-25 for losing)
|l|☆noudle soop
