|j|☆Pinapple321
|j|☆lorddoesotherstuff
|inactive|Battle timer is ON: inactive players will automatically lose when time's up.
|t:|1667739035
|gametype|singles
|player|p1|Pinapple321|ghetsis|
|player|p2|lorddoesotherstuff|guzma|
|teamsize|p1|3
|teamsize|p2|3
|gen|8
|tier|[Gen 8] OU
|rated|Tournament battle
|rule|Sleep Clause Mod: Limit one foe put to sleep
|rule|Species Clause: Limit one of each Pokémon
|rule|OHKO Clause: OHKO moves are banned
|rule|Evasion Items Clause: Evasion items are banned
|rule|Evasion Moves Clause: Evasion moves are banned
|rule|Endless Battle Clause: Forcing endless battles is banned
|rule|HP Percentage Mod: HP is shown in percentages
|rule|Dynamax Clause: You cannot dynamax
|clearpoke
|poke|p1|Weavile, M|
|poke|p1|Mienfoo, F|
|poke|p1|Volcarona, M|
|poke|p2|Dragonite, F|
|poke|p2|Toxapex, M|
|poke|p2|Krokorok, F|
|teampreview
|j|*Lady Monita ☽
|j| BlackKnight_Gawain
|c|☆lorddoesotherstuff|gl hf
|j| Dwakaar
|
|t:|1667739048
|start
|switch|p1a: Weavile|Weavile, M|100/100
|switch|p2a: Krokorok|Krokorok, F|100/100
|-ability|p2a: Krokorok|Intimidate|boost
|-unboost|p1a: Weavile|atk|1
|turn|1
|j| thebiggestfatnoob
|j| Culterpress2099
|c|☆Pinapple321|Glhf
|
|t:|1667739059
|move|p1a: Weavile|Triple Axel|p2a: Krokorok
|-supereffective|p2a: Krokorok
|-damage|p2a: Krokorok|63/100
|-supereffective|p2a: Krokorok
|-damage|p2a: Krokorok|0 fnt
|faint|p2a: Krokorok
|-hitcount|p2: Krokorok|2
|-damage|p1a: Weavile|91/100|[from] item: Life Orb
|
|upkeep
|
|t:|1667739063
|switch|p2a: Toxapex|Toxapex, M|100/100
|turn|2
|j| Arieon
|j| C4RB0N
|
|t:|1667739073
|switch|p1a: Mienfoo|Mienfoo, F|100/100
|move|p2a: Toxapex|Toxic|p1a: Mienfoo
|-status|p1a: Mienfoo|tox
|
|-damage|p1a: Mienfoo|94/100 tox|[from] psn
|upkeep
|turn|3
|j| Absolutelycrazy67
|
|t:|1667739075
|move|p2a: Toxapex|Baneful Bunker|p2a: Toxapex
|-singleturn|p2a: Toxapex|move: Protect
|move|p1a: Mienfoo|Knock Off|p2a: Toxapex
|-activate|p2a: Toxapex|move: Protect
|
|-damage|p1a: Mienfoo|82/100 tox|[from] psn
|upkeep
|turn|4
|
|t:|1667739084
|move|p1a: Mienfoo|Knock Off|p2a: Toxapex
|-damage|p2a: Toxapex|86/100
|-enditem|p2a: Toxapex|Black Sludge|[from] move: Knock Off|[of] p1a: Mienfoo
|move|p2a: Toxapex|Scald|p1a: Mienfoo
|-damage|p1a: Mienfoo|41/100 tox
|
|-damage|p1a: Mienfoo|23/100 tox|[from] psn
|upkeep
|turn|5
|
|t:|1667739091
|move|p2a: Toxapex|Baneful Bunker|p2a: Toxapex
|-singleturn|p2a: Toxapex|move: Protect
|move|p1a: Mienfoo|Knock Off|p2a: Toxapex
|-activate|p2a: Toxapex|move: Protect
|
|-damage|p1a: Mienfoo|0 fnt|[from] psn
|faint|p1a: Mienfoo
|upkeep
|l| Absolutelycrazy67
|
|t:|1667739095
|switch|p1a: Weavile|Weavile, M|91/100
|turn|6
|
|t:|1667739097
|move|p1a: Weavile|Swords Dance|p1a: Weavile
|-boost|p1a: Weavile|atk|2
|move|p2a: Toxapex|Toxic|p1a: Weavile
|-status|p1a: Weavile|tox
|
|-damage|p1a: Weavile|84/100 tox|[from] psn
|upkeep
|turn|7
|
|t:|1667739102
|move|p1a: Weavile|Knock Off|p2a: Toxapex
|-damage|p2a: Toxapex|38/100
|-damage|p1a: Weavile|75/100 tox|[from] item: Life Orb
|move|p2a: Toxapex|Scald|p1a: Weavile
|-damage|p1a: Weavile|51/100 tox
|
|-damage|p1a: Weavile|39/100 tox|[from] psn
|upkeep
|turn|8
|
|t:|1667739111
|move|p2a: Toxapex|Baneful Bunker|p2a: Toxapex
|-singleturn|p2a: Toxapex|move: Protect
|move|p1a: Weavile|Triple Axel|p2a: Toxapex
|-activate|p2a: Toxapex|move: Protect
|
|-damage|p1a: Weavile|20/100 tox|[from] psn
|upkeep
|turn|9
|
|t:|1667739119
|switch|p1a: Volcarona|Volcarona, M|100/100
|move|p2a: Toxapex|Recover|p2a: Toxapex
|-heal|p2a: Toxapex|88/100
|
|upkeep
|turn|10
|l| Arieon
|
|t:|1667739123
|move|p1a: Volcarona|Quiver Dance|p1a: Volcarona
|-boost|p1a: Volcarona|spa|1
|-boost|p1a: Volcarona|spd|1
|-boost|p1a: Volcarona|spe|1
|move|p2a: Toxapex|Toxic|p1a: Volcarona
|-status|p1a: Volcarona|tox
|
|-damage|p1a: Volcarona|94/100 tox|[from] psn
|upkeep
|turn|11
|
|t:|1667739128
|move|p1a: Volcarona|Bug Buzz|p2a: Toxapex
|-resisted|p2a: Toxapex
|-damage|p2a: Toxapex|50/100
|-damage|p1a: Volcarona|84/100 tox|[from] item: Life Orb
|move|p2a: Toxapex|Scald|p1a: Volcarona
|-supereffective|p1a: Volcarona
|-damage|p1a: Volcarona|61/100 tox
|
|-damage|p1a: Volcarona|49/100 tox|[from] psn
|upkeep
|turn|12
|
|t:|1667739137
|move|p1a: Volcarona|Bug Buzz|p2a: Toxapex
|-resisted|p2a: Toxapex
|-damage|p2a: Toxapex|9/100
|-damage|p1a: Volcarona|39/100 tox|[from] item: Life Orb
|move|p2a: Toxapex|Recover|p2a: Toxapex
|-heal|p2a: Toxapex|59/100
|
|-damage|p1a: Volcarona|21/100 tox|[from] psn
|upkeep
|turn|13
|c| thebiggestfatnoob|No crit=lose
|
|t:|1667739146
|move|p1a: Volcarona|Bug Buzz|p2a: Toxapex
|-resisted|p2a: Toxapex
|-damage|p2a: Toxapex|23/100
|-damage|p1a: Volcarona|11/100 tox|[from] item: Life Orb
|move|p2a: Toxapex|Recover|p2a: Toxapex
|-heal|p2a: Toxapex|73/100
|
|-damage|p1a: Volcarona|0 fnt|[from] psn
|faint|p1a: Volcarona
|upkeep
|c|☆Pinapple321|Could also have gotten a spdef drop
|
|t:|1667739176
|switch|p1a: Weavile|Weavile, M|20/100 tox
|turn|14
|c|☆lorddoesotherstuff|yeah well then Id just protect
|
|t:|1667739183
|move|p2a: Toxapex|Baneful Bunker|p2a: Toxapex
|-singleturn|p2a: Toxapex|move: Protect
|move|p1a: Weavile|Swords Dance|p1a: Weavile
|-boost|p1a: Weavile|atk|2
|
|-damage|p1a: Weavile|14/100 tox|[from] psn
|upkeep
|turn|15
|c| Culterpress2099|u had the kill 3 turns ago with weavile lol
|c|☆Pinapple321|Gg
|c|☆Pinapple321|Ik
|c|☆lorddoesotherstuff|gg
|
|t:|1667739203
|move|p1a: Weavile|Knock Off|p2a: Toxapex
|-damage|p2a: Toxapex|22/100
|-damage|p1a: Weavile|4/100 tox|[from] item: Life Orb
|move|p2a: Toxapex|Scald|p1a: Weavile
|-damage|p1a: Weavile|0 fnt
|faint|p1a: Weavile
|
|win|lorddoesotherstuff
|n|☆Pinapple321|pinapple321
|n|☆lorddoesotherstuff|lorddoesotherstuff
|n|*Lady Monita ☽|ladymonita
|n| BlackKnight_Gawain|blackknightgawain
|n| Dwakaar|dwakaar
|n| thebiggestfatnoob|thebiggestfatnoob
|n| Culterpress2099|culterpress2099
|n| C4RB0N|c4rb0n
