|j|☆Nahomitsu
|j|☆Arnaud senju vgc
|player|p1|Nahomitsu|aromalady|
|player|p2|Arnaud senju vgc|266|
|teamsize|p1|6
|teamsize|p2|6
|gametype|singles
|gen|8
|tier|[Gen 8] OU
|clearpoke
|poke|p1|Hippowdon, M|
|poke|p1|Clefable, F|
|poke|p1|Corviknight, F|
|poke|p1|Dracozolt|
|poke|p1|Toxapex, F|
|poke|p1|Hydreigon, M|
|poke|p2|Rotom-Heat|
|poke|p2|Hydreigon, F|
|poke|p2|Toxapex, F|
|poke|p2|Corviknight, M|
|poke|p2|Gengar, M|
|poke|p2|Kommo-o, F|
|rule|Sleep Clause Mod: Limit one foe put to sleep
|rule|Species Clause: Limit one of each Pokémon
|rule|OHKO Clause: OHKO moves are banned
|rule|Evasion Moves Clause: Evasion moves are banned
|rule|Endless Battle Clause: Forcing endless battles is banned
|rule|HP Percentage Mod: HP is shown in percentages
|rule|Dynamax Clause: You cannot dynamax
|teampreview
|
|start
|switch|p1a: Hippowdon|Hippowdon, M, shiny|100/100
|switch|p2a: Rotom|Rotom-Heat|100/100
|-weather|Sandstorm|[from] ability: Sand Stream|[of] p1a: Hippowdon
|turn|1
|
|switch|p1a: Clefable|Clefable, F|100/100
|move|p2a: Rotom|Toxic|p1a: Clefable
|-status|p1a: Clefable|tox
|
|-weather|Sandstorm|[upkeep]
|-damage|p2a: Rotom|94/100|[from] Sandstorm
|upkeep
|turn|2
|
|move|p2a: Rotom|Nasty Plot|p2a: Rotom
|-boost|p2a: Rotom|spa|2
|move|p1a: Clefable|Calm Mind|p1a: Clefable
|-boost|p1a: Clefable|spa|1
|-boost|p1a: Clefable|spd|1
|
|-weather|Sandstorm|[upkeep]
|-damage|p2a: Rotom|88/100|[from] Sandstorm
|upkeep
|turn|3
|
|move|p2a: Rotom|Overheat|p1a: Clefable
|-damage|p1a: Clefable|40/100 tox
|-unboost|p2a: Rotom|spa|2
|move|p1a: Clefable|Moonblast|p2a: Rotom
|-resisted|p2a: Rotom
|-damage|p2a: Rotom|59/100
|
|-weather|Sandstorm|[upkeep]
|-damage|p2a: Rotom|53/100|[from] Sandstorm
|upkeep
|turn|4
|
|move|p2a: Rotom|Volt Switch|p1a: Clefable
|-damage|p1a: Clefable|24/100 tox
|
|switch|p2a: Toxapex|Toxapex, F|100/100|[from]move: Volt Switch
|move|p1a: Clefable|Soft-Boiled|p1a: Clefable
|-heal|p1a: Clefable|74/100 tox
|
|-weather|Sandstorm|[upkeep]
|-damage|p2a: Toxapex|94/100|[from] Sandstorm
|-heal|p2a: Toxapex|100/100|[from] item: Black Sludge
|upkeep
|turn|5
|
|switch|p1a: Toxapex|Toxapex, F|100/100
|move|p2a: Toxapex|Haze|p2a: Toxapex
|-clearallboost
|
|-weather|none
|upkeep
|turn|6
|
|move|p2a: Toxapex|Toxic Spikes|p1a: Toxapex
|-sidestart|p1: Nahomitsu|move: Toxic Spikes
|move|p1a: Toxapex|Toxic Spikes|p2a: Toxapex
|-sidestart|p2: Arnaud senju vgc|move: Toxic Spikes
|
|upkeep
|turn|7
|
|switch|p2a: Gengar|Gengar, M|100/100
|-sideend|p2: Arnaud senju vgc|move: Toxic Spikes|[of] p2a: Gengar
|move|p1a: Toxapex|Knock Off|p2a: Gengar
|-supereffective|p2a: Gengar
|-damage|p2a: Gengar|41/100
|-start|p1a: Toxapex|Disable|Knock Off|[from] ability: Cursed Body|[of] p2a: Gengar
|-enditem|p2a: Gengar|Black Sludge|[from] move: Knock Off|[of] p1a: Toxapex
|
|upkeep
|turn|8
|
|move|p1a: Toxapex|Baneful Bunker|p1a: Toxapex
|-singleturn|p1a: Toxapex|move: Protect
|move|p2a: Gengar|Nasty Plot|p2a: Gengar
|-boost|p2a: Gengar|spa|2
|
|upkeep
|turn|9
|
|move|p2a: Gengar|Shadow Ball|p1a: Toxapex
|-damage|p1a: Toxapex|37/100
|-unboost|p1a: Toxapex|spd|1
|move|p1a: Toxapex|Scald|p2a: Gengar
|-damage|p2a: Gengar|18/100
|
|-heal|p1a: Toxapex|43/100|[from] item: Black Sludge
|upkeep
|turn|10
|
|switch|p1a: Corviknight|Corviknight, F|100/100
|-ability|p1a: Corviknight|Pressure
|move|p2a: Gengar|Shadow Ball|p1a: Corviknight
|-damage|p1a: Corviknight|44/100
|-unboost|p1a: Corviknight|spd|1
|
|-heal|p1a: Corviknight|50/100|[from] item: Leftovers
|upkeep
|turn|11
|
|switch|p1a: Toxapex|Toxapex, F|76/100
|-sideend|p1: Nahomitsu|move: Toxic Spikes|[of] p1a: Toxapex
|move|p2a: Gengar|Shadow Ball|p1a: Toxapex
|-damage|p1a: Toxapex|4/100
|
|-heal|p1a: Toxapex|10/100|[from] item: Black Sludge
|upkeep
|turn|12
|
|move|p1a: Toxapex|Baneful Bunker|p1a: Toxapex
|-singleturn|p1a: Toxapex|move: Protect
|move|p2a: Gengar|Sludge Wave|p1a: Toxapex
|-activate|p1a: Toxapex|move: Protect
|
|-heal|p1a: Toxapex|17/100|[from] item: Black Sludge
|upkeep
|turn|13
|
|switch|p1a: Hippowdon|Hippowdon, M, shiny|100/100
|-weather|Sandstorm|[from] ability: Sand Stream|[of] p1a: Hippowdon
|move|p2a: Gengar|Shadow Ball|p1a: Hippowdon
|-damage|p1a: Hippowdon|12/100
|-unboost|p1a: Hippowdon|spd|1
|
|-weather|Sandstorm|[upkeep]
|-damage|p2a: Gengar|12/100|[from] Sandstorm
|-heal|p1a: Hippowdon|18/100|[from] item: Leftovers
|upkeep
|turn|14
|
|move|p2a: Gengar|Shadow Ball|p1a: Hippowdon
|-damage|p1a: Hippowdon|0 fnt
|faint|p1a: Hippowdon
|
|-weather|Sandstorm|[upkeep]
|-damage|p2a: Gengar|6/100|[from] Sandstorm
|upkeep
|
|switch|p1a: Dracozolt|Dracozolt|100/100
|turn|15
|
|move|p1a: Dracozolt|Bolt Beak|p2a: Gengar
|-damage|p2a: Gengar|0 fnt
|faint|p2a: Gengar
|
|-weather|Sandstorm|[upkeep]
|-damage|p1a: Dracozolt|94/100|[from] Sandstorm
|upkeep
|
|switch|p2a: Kommo-o|Kommo-o, F|100/100
|turn|16
|
|switch|p1a: Clefable|Clefable, F|74/100 tox
|switch|p2a: Rotom|Rotom-Heat|53/100
|
|-weather|Sandstorm|[upkeep]
|-damage|p2a: Rotom|47/100|[from] Sandstorm
|upkeep
|turn|17
|
|move|p2a: Rotom|Nasty Plot|p2a: Rotom
|-boost|p2a: Rotom|spa|2
|move|p1a: Clefable|Soft-Boiled|p1a: Clefable
|-heal|p1a: Clefable|100/100 tox
|
|-weather|none
|upkeep
|turn|18
|
|move|p2a: Rotom|Overheat|p1a: Clefable
|-damage|p1a: Clefable|5/100 tox
|-unboost|p2a: Rotom|spa|2
|move|p1a: Clefable|Moonblast|p2a: Rotom
|-resisted|p2a: Rotom
|-damage|p2a: Rotom|28/100
|
|upkeep
|turn|19
|
|switch|p1a: Hydreigon|Hydreigon, M|100/100
|move|p2a: Rotom|Volt Switch|p1a: Hydreigon
|-resisted|p1a: Hydreigon
|-damage|p1a: Hydreigon|87/100
|
|switch|p2a: Toxapex|Toxapex, F|100/100|[from]move: Volt Switch
|
|upkeep
|turn|20
|
|move|p1a: Hydreigon|Nasty Plot|p1a: Hydreigon
|-boost|p1a: Hydreigon|spa|2
|move|p2a: Toxapex|Scald|p1a: Hydreigon
|-resisted|p1a: Hydreigon
|-damage|p1a: Hydreigon|78/100
|
|upkeep
|turn|21
|
|move|p1a: Hydreigon|Dark Pulse|p2a: Toxapex
|-damage|p2a: Toxapex|33/100
|-damage|p1a: Hydreigon|68/100|[from] item: Life Orb
|cant|p2a: Toxapex|flinch
|
|-heal|p2a: Toxapex|40/100|[from] item: Black Sludge
|upkeep
|turn|22
|
|switch|p2a: Kommo-o|Kommo-o, F|100/100
|move|p1a: Hydreigon|Dark Pulse|p2a: Kommo-o
|-resisted|p2a: Kommo-o
|-damage|p2a: Kommo-o|54/100
|-damage|p1a: Hydreigon|58/100|[from] item: Life Orb
|
|-heal|p2a: Kommo-o|60/100|[from] item: Leftovers
|upkeep
|turn|23
|
|switch|p2a: Corviknight|Corviknight, M|100/100
|-ability|p2a: Corviknight|Pressure
|move|p1a: Hydreigon|Draco Meteor|p2a: Corviknight
|-resisted|p2a: Corviknight
|-damage|p2a: Corviknight|13/100
|-unboost|p1a: Hydreigon|spa|2
|-damage|p1a: Hydreigon|48/100|[from] item: Life Orb
|
|-heal|p2a: Corviknight|19/100|[from] item: Leftovers
|upkeep
|turn|24
|
|move|p1a: Hydreigon|Dark Pulse|p2a: Corviknight
|-damage|p2a: Corviknight|0 fnt
|-damage|p1a: Hydreigon|38/100|[from] item: Life Orb
|faint|p2a: Corviknight
|
|upkeep
|
|switch|p2a: Rotom|Rotom-Heat|28/100
|turn|25
|
|move|p1a: Hydreigon|Dark Pulse|p2a: Rotom
|-crit|p2a: Rotom
|-damage|p2a: Rotom|0 fnt
|-damage|p1a: Hydreigon|29/100|[from] item: Life Orb
|faint|p2a: Rotom
|
|upkeep
|
|switch|p2a: Hydreigon|Hydreigon, F|100/100
|turn|26
|
|move|p1a: Hydreigon|Draco Meteor|p2a: Hydreigon
|-supereffective|p2a: Hydreigon
|-damage|p2a: Hydreigon|0 fnt
|-unboost|p1a: Hydreigon|spa|2
|-damage|p1a: Hydreigon|19/100|[from] item: Life Orb
|faint|p2a: Hydreigon
|
|upkeep
|
|switch|p2a: Toxapex|Toxapex, F|73/100
|turn|27
|
|move|p1a: Hydreigon|Nasty Plot|p1a: Hydreigon
|-boost|p1a: Hydreigon|spa|2
|move|p2a: Toxapex|Scald|p1a: Hydreigon
|-resisted|p1a: Hydreigon
|-damage|p1a: Hydreigon|9/100
|
|-heal|p2a: Toxapex|79/100|[from] item: Black Sludge
|upkeep
|turn|28
|
|move|p1a: Hydreigon|Dark Pulse|p2a: Toxapex
|-damage|p2a: Toxapex|40/100
|-damage|p1a: Hydreigon|0 fnt|[from] item: Life Orb
|faint|p1a: Hydreigon
|cant|p2a: Toxapex|flinch
|
|-heal|p2a: Toxapex|47/100|[from] item: Black Sludge
|upkeep
|
|switch|p1a: Dracozolt|Dracozolt|94/100
|turn|29
|
|move|p1a: Dracozolt|Outrage|p2a: Toxapex
|-damage|p2a: Toxapex|6/100
|move|p2a: Toxapex|Scald|p1a: Dracozolt
|-resisted|p1a: Dracozolt
|-damage|p1a: Dracozolt|83/100
|
|-heal|p2a: Toxapex|12/100|[from] item: Black Sludge
|upkeep
|turn|30
|
|move|p1a: Dracozolt|Outrage|p2a: Toxapex|[from]lockedmove
|-damage|p2a: Toxapex|0 fnt
|faint|p2a: Toxapex
|
|upkeep
|c|☆Arnaud senju vgc|Gg
|
|switch|p2a: Kommo-o|Kommo-o, F|60/100
|turn|31
|
|move|p1a: Dracozolt|Outrage|p2a: Kommo-o|[from]lockedmove
|-supereffective|p2a: Kommo-o
|-damage|p2a: Kommo-o|0 fnt
|-start|p1a: Dracozolt|confusion|[fatigue]
|faint|p2a: Kommo-o
|
|win|Nahomitsu
|c|☆Nahomitsu|Gg
|l|☆Arnaud senju vgc
|j|☆Arnaud senju vgc
|player|p2|Arnaud senju vgc|266
|l|☆Nahomitsu
|l|☆Arnaud senju vgc
|player|p2|
|j|☆Arnaud senju vgc
|player|p2|Arnaud senju vgc|266
|l|☆Arnaud senju vgc
|player|p2|
|j|☆Nahomitsu
|player|p1|Nahomitsu|aromalady
