|j|☆Kevinskie
|j|☆galarian dragapult
|t:|1663963887
|gametype|singles
|player|p1|Kevinskie|169|1766
|player|p2|galarian dragapult|zinzolin|1739
|teamsize|p1|6
|teamsize|p2|6
|gen|8
|tier|[Gen 8] OU
|rated|
|rule|Sleep Clause Mod: Limit one foe put to sleep
|rule|Species Clause: Limit one of each Pokémon
|rule|OHKO Clause: OHKO moves are banned
|rule|Evasion Items Clause: Evasion items are banned
|rule|Evasion Moves Clause: Evasion moves are banned
|rule|Endless Battle Clause: Forcing endless battles is banned
|rule|HP Percentage Mod: HP is shown in percentages
|rule|Dynamax Clause: You cannot dynamax
|clearpoke
|poke|p1|Slowbro, M|
|poke|p1|Weavile, M|
|poke|p1|Melmetal|
|poke|p1|Kartana|
|poke|p1|Blacephalon|
|poke|p1|Landorus-Therian, M|
|poke|p2|Ferrothorn, M|
|poke|p2|Tornadus-Therian, M|
|poke|p2|Slowbro, F|
|poke|p2|Tapu Koko|
|poke|p2|Victini|
|poke|p2|Hippowdon, F|
|teampreview
|inactive|Battle timer is ON: inactive players will automatically lose when time's up. (requested by galarian dragapult)
|j| ESTAMOS400
|
|t:|1663963909
|start
|switch|p1a: Landorus|Landorus-Therian, M|100/100
|switch|p2a: Tornadus|Tornadus-Therian, M|100/100
|-ability|p1a: Landorus|Intimidate|boost
|-unboost|p2a: Tornadus|atk|1
|turn|1
|
|t:|1663963923
|move|p2a: Tornadus|Knock Off|p1a: Landorus
|-damage|p1a: Landorus|91/100
|-enditem|p1a: Landorus|Leftovers|[from] move: Knock Off|[of] p2a: Tornadus
|move|p1a: Landorus|Stealth Rock|p2a: Tornadus
|-sidestart|p2: galarian dragapult|move: Stealth Rock
|
|upkeep
|turn|2
|j| Brenik
|
|t:|1663963932
|switch|p1a: Melmetal|Melmetal|100/100
|move|p2a: Tornadus|Defog|p1a: Melmetal
|-unboost|p1a: Melmetal|evasion|1
|-sideend|p2: galarian dragapult|Stealth Rock|[from] move: Defog|[of] p2a: Tornadus
|
|upkeep
|turn|3
|
|t:|1663963941
|move|p2a: Tornadus|Knock Off|p1a: Melmetal
|-damage|p1a: Melmetal|93/100
|-enditem|p1a: Melmetal|Assault Vest|[from] move: Knock Off|[of] p2a: Tornadus
|move|p1a: Melmetal|Superpower|p2a: Tornadus
|-resisted|p2a: Tornadus
|-damage|p2a: Tornadus|77/100
|-unboost|p1a: Melmetal|atk|1
|-unboost|p1a: Melmetal|def|1
|
|upkeep
|turn|4
|
|t:|1663963949
|switch|p2a: Ferrothorn|Ferrothorn, M|100/100
|move|p1a: Melmetal|Superpower|p2a: Ferrothorn
|-supereffective|p2a: Ferrothorn
|-damage|p2a: Ferrothorn|64/100
|-unboost|p1a: Melmetal|atk|1
|-unboost|p1a: Melmetal|def|1
|-damage|p1a: Melmetal|80/100|[from] ability: Iron Barbs|[of] p2a: Ferrothorn
|
|-heal|p2a: Ferrothorn|70/100|[from] item: Leftovers
|upkeep
|turn|5
|
|t:|1663963958
|switch|p1a: Landorus|Landorus-Therian, M|91/100
|-ability|p1a: Landorus|Intimidate|boost
|-unboost|p2a: Ferrothorn|atk|1
|move|p2a: Ferrothorn|Leech Seed|p1a: Landorus
|-start|p1a: Landorus|move: Leech Seed
|
|-heal|p2a: Ferrothorn|77/100|[from] item: Leftovers
|-damage|p1a: Landorus|78/100|[from] Leech Seed|[of] p2a: Ferrothorn
|-heal|p2a: Ferrothorn|90/100|[silent]
|upkeep
|turn|6
|
|t:|1663963966
|switch|p1a: Blacephalon|Blacephalon|100/100
|switch|p2a: Tornadus|Tornadus-Therian, M|100/100
|
|upkeep
|turn|7
|
|t:|1663963977
|switch|p1a: Melmetal|Melmetal|80/100
|move|p2a: Tornadus|Knock Off|p1a: Melmetal
|-damage|p1a: Melmetal|72/100
|
|upkeep
|turn|8
|
|t:|1663963987
|switch|p2a: Slowbro|Slowbro, F, shiny|100/100
|move|p1a: Melmetal|Double Iron Bash|p2a: Slowbro
|-resisted|p2a: Slowbro
|-damage|p2a: Slowbro|83/100
|-resisted|p2a: Slowbro
|-damage|p2a: Slowbro|66/100
|-hitcount|p2a: Slowbro|2
|
|upkeep
|turn|9
|
|t:|1663963990
|switch|p2a: Ferrothorn|Ferrothorn, M|90/100
|move|p1a: Melmetal|Double Iron Bash|p2a: Ferrothorn
|-resisted|p2a: Ferrothorn
|-damage|p2a: Ferrothorn|78/100
|-damage|p1a: Melmetal|60/100|[from] ability: Iron Barbs|[of] p2a: Ferrothorn
|-resisted|p2a: Ferrothorn
|-damage|p2a: Ferrothorn|66/100
|-damage|p1a: Melmetal|47/100|[from] ability: Iron Barbs|[of] p2a: Ferrothorn
|-hitcount|p2a: Ferrothorn|2
|
|-heal|p2a: Ferrothorn|72/100|[from] item: Leftovers
|upkeep
|turn|10
|
|t:|1663963998
|move|p1a: Melmetal|Superpower|p2a: Ferrothorn
|-supereffective|p2a: Ferrothorn
|-damage|p2a: Ferrothorn|15/100
|-unboost|p1a: Melmetal|atk|1
|-unboost|p1a: Melmetal|def|1
|-damage|p1a: Melmetal|35/100|[from] ability: Iron Barbs|[of] p2a: Ferrothorn
|move|p2a: Ferrothorn|Body Press|p1a: Melmetal
|-supereffective|p1a: Melmetal
|-damage|p1a: Melmetal|0 fnt
|faint|p1a: Melmetal
|
|-heal|p2a: Ferrothorn|22/100|[from] item: Leftovers
|upkeep
|
|t:|1663964012
|switch|p1a: Weavile|Weavile, M|100/100
|-ability|p1a: Weavile|Pressure
|turn|11
|
|t:|1663964015
|move|p1a: Weavile|Beat Up|p2a: Ferrothorn
|-damage|p2a: Ferrothorn|14/100
|-damage|p2a: Ferrothorn|5/100
|-damage|p2a: Ferrothorn|0 fnt
|faint|p2a: Ferrothorn
|-hitcount|p2: Ferrothorn|3
|
|upkeep
|
|t:|1663964017
|switch|p2a: Tapu Koko|Tapu Koko|100/100
|-fieldstart|move: Electric Terrain|[from] ability: Electric Surge|[of] p2a: Tapu Koko
|turn|12
|
|t:|1663964028
|switch|p1a: Slowbro|Slowbro, M|100/100
|move|p2a: Tapu Koko|Dazzling Gleam|p1a: Slowbro
|-damage|p1a: Slowbro|43/100
|
|upkeep
|turn|13
|j| gwrptvdyia
|inactive|Kevinskie has 120 seconds left.
|
|t:|1663964072
|switch|p1a: Blacephalon|Blacephalon|100/100
|move|p2a: Tapu Koko|Dazzling Gleam|p1a: Blacephalon
|-resisted|p1a: Blacephalon
|-damage|p1a: Blacephalon|58/100
|
|upkeep
|turn|14
|j| dieleiter
|
|t:|1663964081
|switch|p2a: Hippowdon|Hippowdon, F|100/100
|-weather|Sandstorm|[from] ability: Sand Stream|[of] p2a: Hippowdon
|move|p1a: Blacephalon|Overheat|p2a: Hippowdon
|-damage|p2a: Hippowdon|25/100
|-unboost|p1a: Blacephalon|spa|2
|
|-weather|Sandstorm|[upkeep]
|-damage|p1a: Blacephalon|52/100|[from] Sandstorm
|-heal|p2a: Hippowdon|31/100|[from] item: Leftovers
|upkeep
|turn|15
|inactive|Kevinskie has 120 seconds left.
|
|t:|1663964092
|switch|p2a: Slowbro|Slowbro, F, shiny|99/100
|move|p1a: Blacephalon|Overheat|p2a: Slowbro
|-resisted|p2a: Slowbro
|-damage|p2a: Slowbro|78/100
|-unboost|p1a: Blacephalon|spa|2
|
|-weather|Sandstorm|[upkeep]
|-damage|p1a: Blacephalon|46/100|[from] Sandstorm
|-damage|p2a: Slowbro|72/100|[from] Sandstorm
|upkeep
|turn|16
|l| dieleiter
|
|t:|1663964099
|switch|p1a: Kartana|Kartana|100/100
|move|p2a: Slowbro|Teleport|p2a: Slowbro
|
|t:|1663964104
|switch|p2a: Tornadus|Tornadus-Therian, M|100/100|[from]move: Teleport
|
|-weather|Sandstorm|[upkeep]
|-damage|p2a: Tornadus|94/100|[from] Sandstorm
|-fieldend|move: Electric Terrain
|upkeep
|turn|17
|
|t:|1663964108
|move|p1a: Kartana|Smart Strike|p2a: Tornadus
|-damage|p2a: Tornadus|41/100
|move|p2a: Tornadus|Hurricane|p1a: Kartana|[miss]
|-miss|p2a: Tornadus|p1a: Kartana
|
|-weather|Sandstorm|[upkeep]
|-damage|p2a: Tornadus|35/100|[from] Sandstorm
|upkeep
|turn|18
|
|t:|1663964115
|switch|p1a: Weavile|Weavile, M|100/100
|-ability|p1a: Weavile|Pressure
|switch|p2a: Slowbro|Slowbro, F, shiny|100/100
|
|-weather|none
|upkeep
|turn|19
|
|t:|1663964123
|move|p1a: Weavile|Knock Off|p2a: Slowbro
|-supereffective|p2a: Slowbro
|-damage|p2a: Slowbro|0 fnt
|-enditem|p2a: Slowbro|Heavy-Duty Boots|[from] move: Knock Off|[of] p1a: Weavile
|faint|p2a: Slowbro
|
|upkeep
|
|t:|1663964125
|switch|p2a: Tapu Koko|Tapu Koko|100/100
|-fieldstart|move: Electric Terrain|[from] ability: Electric Surge|[of] p2a: Tapu Koko
|turn|20
|inactive|Kevinskie has 120 seconds left.
|
|t:|1663964165
|switch|p1a: Slowbro|Slowbro, M|77/100
|move|p2a: Tapu Koko|Dazzling Gleam|p1a: Slowbro
|-damage|p1a: Slowbro|22/100
|
|upkeep
|turn|21
|
|t:|1663964167
|move|p2a: Tapu Koko|Dazzling Gleam|p1a: Slowbro
|-damage|p1a: Slowbro|0 fnt
|faint|p1a: Slowbro
|
|upkeep
|
|t:|1663964172
|switch|p1a: Landorus|Landorus-Therian, M|78/100
|-ability|p1a: Landorus|Intimidate|boost
|-unboost|p2a: Tapu Koko|atk|1
|turn|22
|
|t:|1663964176
|switch|p2a: Tornadus|Tornadus-Therian, M|68/100
|move|p1a: Landorus|U-turn|p2a: Tornadus
|-resisted|p2a: Tornadus
|-crit|p2a: Tornadus
|-damage|p2a: Tornadus|48/100
|inactive|Kevinskie has 120 seconds left.
|inactive|Kevinskie has 90 seconds left.
|inactive|Kevinskie has 60 seconds left.
|
|t:|1663964262
|switch|p1a: Kartana|Kartana|100/100|[from]move: U-turn
|
|upkeep
|turn|23
|
|t:|1663964266
|switch|p2a: Victini|Victini|100/100
|move|p1a: Kartana|Knock Off|p2a: Victini
|-supereffective|p2a: Victini
|-damage|p2a: Victini|11/100
|-enditem|p2a: Victini|Choice Band|[from] move: Knock Off|[of] p1a: Kartana
|
|upkeep
|turn|24
|
|t:|1663964276
|move|p1a: Kartana|Knock Off|p2a: Victini
|-supereffective|p2a: Victini
|-damage|p2a: Victini|0 fnt
|faint|p2a: Victini
|-ability|p1a: Kartana|Beast Boost|boost
|-boost|p1a: Kartana|atk|1
|
|-fieldend|move: Electric Terrain
|upkeep
|
|t:|1663964277
|switch|p2a: Tornadus|Tornadus-Therian, M|82/100
|turn|25
|
|t:|1663964284
|move|p1a: Kartana|Knock Off|p2a: Tornadus
|-damage|p2a: Tornadus|16/100
|-enditem|p2a: Tornadus|Heavy-Duty Boots|[from] move: Knock Off|[of] p1a: Kartana
|move|p2a: Tornadus|Hurricane|p1a: Kartana|[miss]
|-miss|p2a: Tornadus|p1a: Kartana
|
|upkeep
|turn|26
|-message|galarian dragapult forfeited.
|
|win|Kevinskie
|raw|Kevinskie's rating: 1766 &rarr; <strong>1784</strong><br />(+18 for winning)
|raw|galarian dragapult's rating: 1739 &rarr; <strong>1721</strong><br />(-18 for losing)
|l|☆galarian dragapult
|l| gwrptvdyia
||Ladder isn't responding, score probably updated but might not have (Request timeout).
