|j|☆KD Jamey
|j|☆Pokefreak77
|player|p1|KD Jamey|dawn|1743
|player|p2|Pokefreak77|2|1736
|teamsize|p1|6
|teamsize|p2|6
|gametype|singles
|gen|8
|tier|[Gen 8] OU
|rated|
|clearpoke
|poke|p1|Tyranitar, F|
|poke|p1|Dragapult, M|
|poke|p1|Toxapex, M|
|poke|p1|Magnezone|
|poke|p1|Excadrill, F|
|poke|p1|Skarmory, M|
|poke|p2|Hippowdon, F|
|poke|p2|Excadrill, F|
|poke|p2|Mandibuzz, F|
|poke|p2|Toxapex, F|
|poke|p2|Chansey, F|
|poke|p2|Magnezone|
|rule|Sleep Clause Mod: Limit one foe put to sleep
|rule|Species Clause: Limit one of each Pokémon
|rule|OHKO Clause: OHKO moves are banned
|rule|Evasion Moves Clause: Evasion moves are banned
|rule|Endless Battle Clause: Forcing endless battles is banned
|rule|HP Percentage Mod: HP is shown in percentages
|rule|Dynamax Clause: You cannot dynamax
|teampreview
|
|start
|switch|p1a: Save me pls|Tyranitar, F|100/100
|switch|p2a: Toxapex|Toxapex, F, shiny|100/100
|-weather|Sandstorm|[from] ability: Sand Stream|[of] p1a: Save me pls
|turn|1
|j| sad erfef
|
|move|p1a: Save me pls|Stealth Rock|p2a: Toxapex
|-sidestart|p2: Pokefreak77|move: Stealth Rock
|move|p2a: Toxapex|Knock Off|p1a: Save me pls
|-resisted|p1a: Save me pls
|-damage|p1a: Save me pls|95/100
|-enditem|p1a: Save me pls|Wide Lens|[from] move: Knock Off|[of] p2a: Toxapex
|
|-weather|Sandstorm|[upkeep]
|-damage|p2a: Toxapex|94/100|[from] Sandstorm
|upkeep
|turn|2
|
|switch|p1a: Toxapex|Toxapex, M|100/100
|move|p2a: Toxapex|Toxic Spikes|p1a: Toxapex
|-sidestart|p1: KD Jamey|move: Toxic Spikes
|
|-weather|Sandstorm|[upkeep]
|-damage|p2a: Toxapex|88/100|[from] Sandstorm
|-damage|p1a: Toxapex|94/100|[from] Sandstorm
|-heal|p1a: Toxapex|100/100|[from] item: Black Sludge
|upkeep
|turn|3
|
|move|p2a: Toxapex|Knock Off|p1a: Toxapex
|-damage|p1a: Toxapex|87/100
|-enditem|p1a: Toxapex|Black Sludge|[from] move: Knock Off|[of] p2a: Toxapex
|move|p1a: Toxapex|Scald|p2a: Toxapex
|-resisted|p2a: Toxapex
|-damage|p2a: Toxapex|81/100
|
|-weather|Sandstorm|[upkeep]
|-damage|p2a: Toxapex|75/100|[from] Sandstorm
|-damage|p1a: Toxapex|81/100|[from] Sandstorm
|upkeep
|turn|4
|
|move|p2a: Toxapex|Toxic Spikes|p1a: Toxapex
|-sidestart|p1: KD Jamey|move: Toxic Spikes
|move|p1a: Toxapex|Scald|p2a: Toxapex
|-resisted|p2a: Toxapex
|-damage|p2a: Toxapex|68/100
|
|-weather|Sandstorm|[upkeep]
|-damage|p2a: Toxapex|62/100|[from] Sandstorm
|-damage|p1a: Toxapex|75/100|[from] Sandstorm
|upkeep
|turn|5
|l| sad erfef
|
|move|p2a: Toxapex|Knock Off|p1a: Toxapex
|-damage|p1a: Toxapex|67/100
|move|p1a: Toxapex|Toxic Spikes|p2a: Toxapex
|-sidestart|p2: Pokefreak77|move: Toxic Spikes
|
|-weather|none
|upkeep
|turn|6
|
|move|p2a: Toxapex|Knock Off|p1a: Toxapex
|-damage|p1a: Toxapex|59/100
|move|p1a: Toxapex|Scald|p2a: Toxapex
|-resisted|p2a: Toxapex
|-damage|p2a: Toxapex|55/100
|
|upkeep
|turn|7
|
|switch|p2a: Magnezone|Magnezone|100/100
|-damage|p2a: Magnezone|94/100|[from] Stealth Rock
|move|p1a: Toxapex|Scald|p2a: Magnezone
|-crit|p2a: Magnezone
|-damage|p2a: Magnezone|66/100
|
|-heal|p2a: Magnezone|72/100|[from] item: Leftovers
|upkeep
|turn|8
|j| sad erfef
|
|switch|p1a: Excadrill|Excadrill, F|100/100
|move|p2a: Magnezone|Body Press|p1a: Excadrill
|-supereffective|p1a: Excadrill
|-damage|p1a: Excadrill|21/100
|
|-heal|p1a: Excadrill|27/100|[from] item: Leftovers
|-heal|p2a: Magnezone|78/100|[from] item: Leftovers
|upkeep
|turn|9
|l| sad erfef
|
|switch|p2a: Mandibuzz|Mandibuzz, F, shiny|100/100
|move|p1a: Excadrill|Rapid Spin|p2a: Mandibuzz
|-damage|p2a: Mandibuzz|91/100
|-boost|p1a: Excadrill|spe|1
|-sideend|p1: KD Jamey|Toxic Spikes|[from] move: Rapid Spin|[of] p1a: Excadrill
|
|-heal|p1a: Excadrill|33/100|[from] item: Leftovers
|upkeep
|turn|10
|
|switch|p1a: Save me pls|Tyranitar, F|95/100
|-weather|Sandstorm|[from] ability: Sand Stream|[of] p1a: Save me pls
|move|p2a: Mandibuzz|Defog|p1a: Save me pls
|-unboost|p1a: Save me pls|evasion|1
|-sideend|p2: Pokefreak77|Toxic Spikes|[from] move: Defog|[of] p2a: Mandibuzz
|-sideend|p2: Pokefreak77|Stealth Rock|[from] move: Defog|[of] p2a: Mandibuzz
|
|-weather|Sandstorm|[upkeep]
|upkeep
|turn|11
|
|switch|p2a: Hippowdon|Hippowdon, F|100/100
|move|p1a: Save me pls|Stealth Rock|p2a: Hippowdon
|-sidestart|p2: Pokefreak77|move: Stealth Rock
|
|-weather|Sandstorm|[upkeep]
|upkeep
|turn|12
|
|move|p1a: Save me pls|Hydro Pump|p2a: Hippowdon|[miss]
|-miss|p1a: Save me pls|p2a: Hippowdon
|move|p2a: Hippowdon|Stealth Rock|p1a: Save me pls
|-sidestart|p1: KD Jamey|move: Stealth Rock
|
|-weather|Sandstorm|[upkeep]
|upkeep
|turn|13
|
|switch|p2a: Toxapex|Toxapex, F, shiny|89/100
|-damage|p2a: Toxapex|76/100|[from] Stealth Rock
|move|p1a: Save me pls|Hydro Pump|p2a: Toxapex|[miss]
|-miss|p1a: Save me pls|p2a: Toxapex
|
|-weather|Sandstorm|[upkeep]
|-damage|p2a: Toxapex|70/100|[from] Sandstorm
|upkeep
|turn|14
|
|move|p1a: Save me pls|Stone Edge|p2a: Toxapex
|-damage|p2a: Toxapex|35/100
|move|p2a: Toxapex|Knock Off|p1a: Save me pls
|-resisted|p1a: Save me pls
|-crit|p1a: Save me pls
|-damage|p1a: Save me pls|88/100
|
|-weather|none
|upkeep
|turn|15
|
|switch|p2a: Magnezone|Magnezone|78/100
|-damage|p2a: Magnezone|72/100|[from] Stealth Rock
|move|p1a: Save me pls|Fire Punch|p2a: Magnezone
|-supereffective|p2a: Magnezone
|-damage|p2a: Magnezone|31/100
|
|-heal|p2a: Magnezone|37/100|[from] item: Leftovers
|upkeep
|turn|16
|
|switch|p1a: Dragapult|Dragapult, M|100/100
|-damage|p1a: Dragapult|88/100|[from] Stealth Rock
|move|p2a: Magnezone|Toxic|p1a: Dragapult
|-status|p1a: Dragapult|tox
|
|-heal|p2a: Magnezone|43/100|[from] item: Leftovers
|-damage|p1a: Dragapult|82/100 tox|[from] psn
|upkeep
|turn|17
|
|switch|p2a: Mandibuzz|Mandibuzz, F, shiny|91/100
|move|p1a: Dragapult|U-turn|p2a: Mandibuzz
|-damage|p2a: Mandibuzz|82/100
|
|switch|p1a: Save me pls|Tyranitar, F|88/100|[from]move: U-turn
|-damage|p1a: Save me pls|75/100|[from] Stealth Rock
|-weather|Sandstorm|[from] ability: Sand Stream|[of] p1a: Save me pls
|
|-weather|Sandstorm|[upkeep]
|upkeep
|turn|18
|
|switch|p2a: Magnezone|Magnezone|43/100
|-damage|p2a: Magnezone|37/100|[from] Stealth Rock
|move|p1a: Save me pls|Hydro Pump|p2a: Magnezone
|-damage|p2a: Magnezone|6/100
|
|-weather|Sandstorm|[upkeep]
|-heal|p2a: Magnezone|12/100|[from] item: Leftovers
|upkeep
|turn|19
|
|switch|p1a: Dragapult|Dragapult, M|82/100 tox
|-damage|p1a: Dragapult|70/100 tox|[from] Stealth Rock
|move|p2a: Magnezone|Body Press|p1a: Dragapult
|-immune|p1a: Dragapult
|
|-weather|Sandstorm|[upkeep]
|-damage|p1a: Dragapult|64/100 tox|[from] Sandstorm
|-heal|p2a: Magnezone|18/100|[from] item: Leftovers
|-damage|p1a: Dragapult|58/100 tox|[from] psn
|upkeep
|turn|20
|
|move|p1a: Dragapult|Draco Meteor|p2a: Magnezone
|-resisted|p2a: Magnezone
|-damage|p2a: Magnezone|0 fnt
|-unboost|p1a: Dragapult|spa|2
|faint|p2a: Magnezone
|
|-weather|Sandstorm|[upkeep]
|-damage|p1a: Dragapult|52/100 tox|[from] Sandstorm
|-damage|p1a: Dragapult|40/100 tox|[from] psn
|upkeep
|
|switch|p2a: Excadrill|Excadrill, F, shiny|100/100
|-damage|p2a: Excadrill|97/100|[from] Stealth Rock
|turn|21
|
|switch|p1a: Skarmory|Skarmory, M|100/100
|-damage|p1a: Skarmory|88/100|[from] Stealth Rock
|move|p2a: Excadrill|Iron Head|p1a: Skarmory
|-resisted|p1a: Skarmory
|-damage|p1a: Skarmory|77/100
|
|-weather|none
|-heal|p2a: Excadrill|100/100|[from] item: Leftovers
|upkeep
|turn|22
|
|move|p2a: Excadrill|Rapid Spin|p1a: Skarmory
|-resisted|p1a: Skarmory
|-damage|p1a: Skarmory|71/100
|-boost|p2a: Excadrill|spe|1
|-sideend|p2: Pokefreak77|Stealth Rock|[from] move: Rapid Spin|[of] p2a: Excadrill
|move|p1a: Skarmory|Roost|p1a: Skarmory
|-heal|p1a: Skarmory|100/100
|-singleturn|p1a: Skarmory|move: Roost
|
|upkeep
|turn|23
|
|move|p2a: Excadrill|Swords Dance|p2a: Excadrill
|-boost|p2a: Excadrill|atk|2
|move|p1a: Skarmory|Spikes|p2a: Excadrill
|-sidestart|p2: Pokefreak77|Spikes
|
|upkeep
|turn|24
|
|move|p2a: Excadrill|Rapid Spin|p1a: Skarmory
|-resisted|p1a: Skarmory
|-damage|p1a: Skarmory|89/100
|-boost|p2a: Excadrill|spe|1
|-sideend|p2: Pokefreak77|Spikes|[from] move: Rapid Spin|[of] p2a: Excadrill
|move|p1a: Skarmory|Whirlwind|p2a: Excadrill
|drag|p2a: Mandibuzz|Mandibuzz, F, shiny|82/100
|
|upkeep
|turn|25
|
|switch|p2a: Toxapex|Toxapex, F, shiny|68/100
|move|p1a: Skarmory|Spikes|p2a: Toxapex
|-sidestart|p2: Pokefreak77|Spikes
|
|upkeep
|turn|26
|
|move|p1a: Skarmory|Spikes|p2a: Toxapex
|-sidestart|p2: Pokefreak77|Spikes
|move|p2a: Toxapex|Toxic Spikes|p1a: Skarmory
|-sidestart|p1: KD Jamey|move: Toxic Spikes
|
|upkeep
|turn|27
|
|switch|p2a: Excadrill|Excadrill, F, shiny|100/100
|-damage|p2a: Excadrill|84/100|[from] Spikes
|move|p1a: Skarmory|Taunt|p2a: Excadrill
|-start|p2a: Excadrill|move: Taunt
|
|-heal|p2a: Excadrill|90/100|[from] item: Leftovers
|upkeep
|turn|28
|
|move|p2a: Excadrill|Earthquake|p1a: Skarmory
|-immune|p1a: Skarmory
|move|p1a: Skarmory|Whirlwind|p2a: Excadrill
|drag|p2a: Toxapex|Toxapex, F, shiny|100/100
|-damage|p2a: Toxapex|84/100|[from] Spikes
|
|upkeep
|turn|29
|
|move|p1a: Skarmory|Spikes|p2a: Toxapex
|-sidestart|p2: Pokefreak77|Spikes
|move|p2a: Toxapex|Knock Off|p1a: Skarmory
|-damage|p1a: Skarmory|80/100
|-enditem|p1a: Skarmory|Shed Shell|[from] move: Knock Off|[of] p2a: Toxapex
|
|upkeep
|turn|30
|
|move|p1a: Skarmory|Taunt|p2a: Toxapex
|-start|p2a: Toxapex|move: Taunt
|move|p2a: Toxapex|Knock Off|p1a: Skarmory
|-damage|p1a: Skarmory|74/100
|
|upkeep
|turn|31
|
|move|p1a: Skarmory|Taunt||[still]
|-fail|p1a: Skarmory
|move|p2a: Toxapex|Knock Off|p1a: Skarmory
|-damage|p1a: Skarmory|68/100
|
|upkeep
|turn|32
|j| Isabela Top Ladder
|
|move|p1a: Skarmory|Roost|p1a: Skarmory
|-heal|p1a: Skarmory|100/100
|-singleturn|p1a: Skarmory|move: Roost
|move|p2a: Toxapex|Knock Off|p1a: Skarmory
|-damage|p1a: Skarmory|95/100
|
|-end|p2a: Toxapex|move: Taunt
|upkeep
|turn|33
|
|switch|p2a: Excadrill|Excadrill, F, shiny|90/100
|-damage|p2a: Excadrill|65/100|[from] Spikes
|move|p1a: Skarmory|Whirlwind|p2a: Excadrill
|drag|p2a: Toxapex|Toxapex, F, shiny|100/100
|-damage|p2a: Toxapex|75/100|[from] Spikes
|
|upkeep
|turn|34
|
|move|p2a: Toxapex|Toxic Spikes|p1a: Skarmory
|-sidestart|p1: KD Jamey|move: Toxic Spikes
|move|p1a: Skarmory|Whirlwind|p2a: Toxapex
|drag|p2a: Chansey|Chansey, F|100/100
|-damage|p2a: Chansey|75/100|[from] Spikes
|
|upkeep
|turn|35
|
|move|p1a: Skarmory|Taunt|p2a: Chansey
|-start|p2a: Chansey|move: Taunt
|cant|p2a: Chansey|move: Taunt|Gravity
|
|upkeep
|turn|36
|
|move|p2a: Chansey|Seismic Toss|p1a: Skarmory
|-damage|p1a: Skarmory|65/100
|move|p1a: Skarmory|Whirlwind|p2a: Chansey
|drag|p2a: Hippowdon|Hippowdon, F|100/100
|-damage|p2a: Hippowdon|75/100|[from] Spikes
|-weather|Sandstorm|[from] ability: Sand Stream|[of] p2a: Hippowdon
|
|-weather|Sandstorm|[upkeep]
|upkeep
|turn|37
|
|move|p1a: Skarmory|Roost|p1a: Skarmory
|-heal|p1a: Skarmory|100/100
|-singleturn|p1a: Skarmory|move: Roost
|move|p2a: Hippowdon|Earthquake|p1a: Skarmory
|-supereffective|p1a: Skarmory
|-damage|p1a: Skarmory|55/100
|
|-weather|Sandstorm|[upkeep]
|upkeep
|turn|38
|
|move|p2a: Hippowdon|Earthquake|p1a: Skarmory
|-immune|p1a: Skarmory
|move|p1a: Skarmory|Whirlwind|p2a: Hippowdon
|drag|p2a: Excadrill|Excadrill, F, shiny|65/100
|-damage|p2a: Excadrill|40/100|[from] Spikes
|
|-weather|Sandstorm|[upkeep]
|-heal|p2a: Excadrill|46/100|[from] item: Leftovers
|upkeep
|turn|39
|c| Isabela Top Ladder|goat
|
|move|p2a: Excadrill|Rapid Spin|p1a: Skarmory
|-resisted|p1a: Skarmory
|-damage|p1a: Skarmory|50/100
|-boost|p2a: Excadrill|spe|1
|-sideend|p2: Pokefreak77|Spikes|[from] move: Rapid Spin|[of] p2a: Excadrill
|move|p1a: Skarmory|Roost|p1a: Skarmory
|-heal|p1a: Skarmory|99/100
|-singleturn|p1a: Skarmory|move: Roost
|
|-weather|Sandstorm|[upkeep]
|-heal|p2a: Excadrill|52/100|[from] item: Leftovers
|upkeep
|turn|40
|
|move|p2a: Excadrill|Swords Dance|p2a: Excadrill
|-boost|p2a: Excadrill|atk|2
|move|p1a: Skarmory|Spikes|p2a: Excadrill
|-sidestart|p2: Pokefreak77|Spikes
|
|-weather|Sandstorm|[upkeep]
|-heal|p2a: Excadrill|58/100|[from] item: Leftovers
|upkeep
|turn|41
|
|move|p2a: Excadrill|Rapid Spin|p1a: Skarmory
|-resisted|p1a: Skarmory
|-damage|p1a: Skarmory|89/100
|-boost|p2a: Excadrill|spe|1
|-sideend|p2: Pokefreak77|Spikes|[from] move: Rapid Spin|[of] p2a: Excadrill
|move|p1a: Skarmory|Whirlwind|p2a: Excadrill
|drag|p2a: Chansey|Chansey, F|75/100
|
|-weather|Sandstorm|[upkeep]
|-damage|p2a: Chansey|69/100|[from] Sandstorm
|upkeep
|turn|42
|
|switch|p2a: Excadrill|Excadrill, F, shiny|58/100
|move|p1a: Skarmory|Taunt|p2a: Excadrill
|-start|p2a: Excadrill|move: Taunt
|
|-weather|Sandstorm|[upkeep]
|-heal|p2a: Excadrill|64/100|[from] item: Leftovers
|upkeep
|turn|43
|
|move|p2a: Excadrill|Iron Head|p1a: Skarmory
|-resisted|p1a: Skarmory
|-damage|p1a: Skarmory|76/100
|move|p1a: Skarmory|Whirlwind|p2a: Excadrill
|drag|p2a: Toxapex|Toxapex, F, shiny|100/100
|
|-weather|none
|upkeep
|turn|44
|
|switch|p2a: Excadrill|Excadrill, F, shiny|64/100
|move|p1a: Skarmory|Spikes|p2a: Excadrill
|-sidestart|p2: Pokefreak77|Spikes
|
|-heal|p2a: Excadrill|71/100|[from] item: Leftovers
|upkeep
|turn|45
|
|move|p2a: Excadrill|Rapid Spin|p1a: Skarmory
|-resisted|p1a: Skarmory
|-damage|p1a: Skarmory|71/100
|-boost|p2a: Excadrill|spe|1
|-sideend|p2: Pokefreak77|Spikes|[from] move: Rapid Spin|[of] p2a: Excadrill
|move|p1a: Skarmory|Roost|p1a: Skarmory
|-heal|p1a: Skarmory|100/100
|-singleturn|p1a: Skarmory|move: Roost
|
|-heal|p2a: Excadrill|77/100|[from] item: Leftovers
|upkeep
|turn|46
|
|move|p2a: Excadrill|Swords Dance|p2a: Excadrill
|-boost|p2a: Excadrill|atk|2
|move|p1a: Skarmory|Whirlwind|p2a: Excadrill
|drag|p2a: Hippowdon|Hippowdon, F|75/100
|-weather|Sandstorm|[from] ability: Sand Stream|[of] p2a: Hippowdon
|
|-weather|Sandstorm|[upkeep]
|upkeep
|turn|47
|
|switch|p1a: Excadrill|Excadrill, F|33/100
|-damage|p1a: Excadrill|30/100|[from] Stealth Rock
|switch|p2a: Excadrill|Excadrill, F, shiny|77/100
|
|-weather|Sandstorm|[upkeep]
|-heal|p1a: Excadrill|36/100|[from] item: Leftovers
|-heal|p2a: Excadrill|83/100|[from] item: Leftovers
|upkeep
|turn|48
|c| Isabela Top Ladder|ih
|
|move|p1a: Excadrill|Rapid Spin|p2a: Excadrill
|-resisted|p2a: Excadrill
|-damage|p2a: Excadrill|71/100
|-boost|p1a: Excadrill|spe|1
|-sideend|p1: KD Jamey|Toxic Spikes|[from] move: Rapid Spin|[of] p1a: Excadrill
|-sideend|p1: KD Jamey|Stealth Rock|[from] move: Rapid Spin|[of] p1a: Excadrill
|move|p2a: Excadrill|Earthquake|p1a: Excadrill
|-supereffective|p1a: Excadrill
|-damage|p1a: Excadrill|0 fnt
|faint|p1a: Excadrill
|
|-weather|Sandstorm|[upkeep]
|-heal|p2a: Excadrill|77/100|[from] item: Leftovers
|upkeep
|
|switch|p1a: Toxapex|Toxapex, M|92/100
|turn|49
|
|switch|p2a: Toxapex|Toxapex, F, shiny|100/100
|move|p1a: Toxapex|Scald|p2a: Toxapex
|-resisted|p2a: Toxapex
|-damage|p2a: Toxapex|94/100
|-status|p2a: Toxapex|brn
|
|-weather|Sandstorm|[upkeep]
|-damage|p2a: Toxapex|88/100 brn|[from] Sandstorm
|-damage|p1a: Toxapex|86/100|[from] Sandstorm
|-damage|p2a: Toxapex|81/100 brn|[from] brn
|upkeep
|turn|50
|
|switch|p1a: Skarmory|Skarmory, M|100/100
|move|p2a: Toxapex|Toxic Spikes|p1a: Skarmory
|-sidestart|p1: KD Jamey|move: Toxic Spikes
|
|-weather|Sandstorm|[upkeep]
|-damage|p2a: Toxapex|75/100 brn|[from] Sandstorm
|-damage|p2a: Toxapex|69/100 brn|[from] brn
|upkeep
|turn|51
|
|switch|p2a: Excadrill|Excadrill, F, shiny|77/100
|move|p1a: Skarmory|Spikes|p2a: Excadrill
|-sidestart|p2: Pokefreak77|Spikes
|
|-weather|Sandstorm|[upkeep]
|-heal|p2a: Excadrill|83/100|[from] item: Leftovers
|upkeep
|turn|52
|
|move|p2a: Excadrill|Rapid Spin|p1a: Skarmory
|-resisted|p1a: Skarmory
|-damage|p1a: Skarmory|95/100
|-boost|p2a: Excadrill|spe|1
|-sideend|p2: Pokefreak77|Spikes|[from] move: Rapid Spin|[of] p2a: Excadrill
|move|p1a: Skarmory|Whirlwind|p2a: Excadrill
|drag|p2a: Toxapex|Toxapex, F, shiny|100/100 brn
|
|-weather|Sandstorm|[upkeep]
|-damage|p2a: Toxapex|94/100 brn|[from] Sandstorm
|-damage|p2a: Toxapex|88/100 brn|[from] brn
|upkeep
|turn|53
|
|switch|p1a: Toxapex|Toxapex, M|100/100
|-sideend|p1: KD Jamey|move: Toxic Spikes|[of] p1a: Toxapex
|switch|p2a: Excadrill|Excadrill, F, shiny|83/100
|
|-weather|none
|-heal|p2a: Excadrill|89/100|[from] item: Leftovers
|upkeep
|turn|54
|
|switch|p2a: Toxapex|Toxapex, F, shiny|100/100 brn
|move|p1a: Toxapex|Scald|p2a: Toxapex
|-resisted|p2a: Toxapex
|-damage|p2a: Toxapex|93/100 brn
|
|-damage|p2a: Toxapex|87/100 brn|[from] brn
|upkeep
|turn|55
|
|move|p2a: Toxapex|Toxic Spikes|p1a: Toxapex
|-sidestart|p1: KD Jamey|move: Toxic Spikes
|move|p1a: Toxapex|Toxic Spikes|p2a: Toxapex
|-sidestart|p2: Pokefreak77|move: Toxic Spikes
|
|-damage|p2a: Toxapex|80/100 brn|[from] brn
|upkeep
|turn|56
|
|move|p2a: Toxapex|Toxic Spikes|p1a: Toxapex
|-sidestart|p1: KD Jamey|move: Toxic Spikes
|move|p1a: Toxapex|Haze|p1a: Toxapex
|-clearallboost
|
|-damage|p2a: Toxapex|74/100 brn|[from] brn
|upkeep
|turn|57
|l| Isabela Top Ladder
|
|switch|p2a: Mandibuzz|Mandibuzz, F, shiny|82/100
|move|p1a: Toxapex|Scald|p2a: Mandibuzz
|-damage|p2a: Mandibuzz|67/100
|
|upkeep
|turn|58
|
|move|p2a: Mandibuzz|Roost|p2a: Mandibuzz
|-heal|p2a: Mandibuzz|100/100
|-singleturn|p2a: Mandibuzz|move: Roost
|move|p1a: Toxapex|Scald|p2a: Mandibuzz
|-damage|p2a: Mandibuzz|86/100
|-status|p2a: Mandibuzz|brn
|
|-damage|p2a: Mandibuzz|80/100 brn|[from] brn
|upkeep
|turn|59
|
|switch|p2a: Toxapex|Toxapex, F, shiny|100/100 brn
|-sideend|p2: Pokefreak77|move: Toxic Spikes|[of] p2a: Toxapex
|move|p1a: Toxapex|Toxic Spikes|p2a: Toxapex
|-sidestart|p2: Pokefreak77|move: Toxic Spikes
|
|-damage|p2a: Toxapex|94/100 brn|[from] brn
|upkeep
|turn|60
|
|switch|p2a: Mandibuzz|Mandibuzz, F, shiny|80/100 brn
|move|p1a: Toxapex|Toxic Spikes|p2a: Mandibuzz
|-sidestart|p2: Pokefreak77|move: Toxic Spikes
|
|-damage|p2a: Mandibuzz|73/100 brn|[from] brn
|upkeep
|turn|61
|
|switch|p2a: Toxapex|Toxapex, F, shiny|100/100 brn
|-sideend|p2: Pokefreak77|move: Toxic Spikes|[of] p2a: Toxapex
|switch|p1a: Magnezone|Magnezone|100/100
|
|-damage|p2a: Toxapex|94/100 brn|[from] brn
|upkeep
|turn|62
|
|switch|p2a: Chansey|Chansey, F|69/100
|move|p1a: Magnezone|Volt Switch|p2a: Chansey
|-damage|p2a: Chansey|57/100
|
|switch|p1a: Toxapex|Toxapex, M|100/100|[from]move: Volt Switch
|-sideend|p1: KD Jamey|move: Toxic Spikes|[of] p1a: Toxapex
|
|upkeep
|turn|63
|
|move|p2a: Chansey|Soft-Boiled|p2a: Chansey
|-heal|p2a: Chansey|100/100
|move|p1a: Toxapex|Toxic Spikes|p2a: Chansey
|-sidestart|p2: Pokefreak77|move: Toxic Spikes
|
|upkeep
|turn|64
|
|switch|p1a: Dragapult|Dragapult, M|40/100 tox
|move|p2a: Chansey|Teleport|p2a: Chansey
|
|switch|p2a: Toxapex|Toxapex, F, shiny|100/100 brn|[from]move: Teleport
|-sideend|p2: Pokefreak77|move: Toxic Spikes|[of] p2a: Toxapex
|
|-damage|p1a: Dragapult|34/100 tox|[from] psn
|-damage|p2a: Toxapex|94/100 brn|[from] brn
|upkeep
|turn|65
|
|switch|p2a: Chansey|Chansey, F|100/100
|move|p1a: Dragapult|U-turn|p2a: Chansey
|-damage|p2a: Chansey|90/100
|
|switch|p1a: Save me pls|Tyranitar, F|75/100|[from]move: U-turn
|-weather|Sandstorm|[from] ability: Sand Stream|[of] p1a: Save me pls
|
|-weather|Sandstorm|[upkeep]
|-damage|p2a: Chansey|83/100|[from] Sandstorm
|upkeep
|turn|66
|
|move|p1a: Save me pls|Stealth Rock|p2a: Chansey
|-sidestart|p2: Pokefreak77|move: Stealth Rock
|move|p2a: Chansey|Teleport|p2a: Chansey
|
|switch|p2a: Excadrill|Excadrill, F, shiny|89/100|[from]move: Teleport
|-damage|p2a: Excadrill|86/100|[from] Stealth Rock
|
|-weather|Sandstorm|[upkeep]
|-heal|p2a: Excadrill|92/100|[from] item: Leftovers
|upkeep
|turn|67
|
|move|p2a: Excadrill|Earthquake|p1a: Save me pls
|-supereffective|p1a: Save me pls
|-damage|p1a: Save me pls|0 fnt
|faint|p1a: Save me pls
|
|-weather|Sandstorm|[upkeep]
|-heal|p2a: Excadrill|98/100|[from] item: Leftovers
|upkeep
|
|switch|p1a: Skarmory|Skarmory, M|95/100
|turn|68
|
|move|p2a: Excadrill|Rapid Spin|p1a: Skarmory
|-resisted|p1a: Skarmory
|-damage|p1a: Skarmory|90/100
|-boost|p2a: Excadrill|spe|1
|-sideend|p2: Pokefreak77|Stealth Rock|[from] move: Rapid Spin|[of] p2a: Excadrill
|move|p1a: Skarmory|Spikes|p2a: Excadrill
|-sidestart|p2: Pokefreak77|Spikes
|
|-weather|Sandstorm|[upkeep]
|-heal|p2a: Excadrill|100/100|[from] item: Leftovers
|upkeep
|turn|69
|
|move|p2a: Excadrill|Rapid Spin|p1a: Skarmory
|-resisted|p1a: Skarmory
|-damage|p1a: Skarmory|84/100
|-boost|p2a: Excadrill|spe|1
|-sideend|p2: Pokefreak77|Spikes|[from] move: Rapid Spin|[of] p2a: Excadrill
|move|p1a: Skarmory|Whirlwind|p2a: Excadrill
|drag|p2a: Chansey|Chansey, F|83/100
|
|-weather|none
|upkeep
|turn|70
|
|switch|p2a: Excadrill|Excadrill, F, shiny|100/100
|move|p1a: Skarmory|Spikes|p2a: Excadrill
|-sidestart|p2: Pokefreak77|Spikes
|
|upkeep
|turn|71
|
|switch|p1a: Dragapult|Dragapult, M|34/100 tox
|move|p2a: Excadrill|Rapid Spin|p1a: Dragapult
|-immune|p1a: Dragapult
|
|-damage|p1a: Dragapult|28/100 tox|[from] psn
|upkeep
|turn|72
|
|switch|p2a: Toxapex|Toxapex, F, shiny|100/100 brn
|-damage|p2a: Toxapex|88/100 brn|[from] Spikes
|move|p1a: Dragapult|U-turn|p2a: Toxapex
|-resisted|p2a: Toxapex
|-damage|p2a: Toxapex|83/100 brn
|-damage|p1a: Dragapult|12/100 tox|[from] item: Rocky Helmet|[of] p2a: Toxapex
|
|switch|p1a: Magnezone|Magnezone|100/100|[from]move: U-turn
|
|-damage|p2a: Toxapex|77/100 brn|[from] brn
|upkeep
|turn|73
|
|switch|p2a: Chansey|Chansey, F|83/100
|-damage|p2a: Chansey|71/100|[from] Spikes
|move|p1a: Magnezone|Volt Switch|p2a: Chansey
|-damage|p2a: Chansey|59/100
|-message|KD Jamey forfeited.
|
|win|Pokefreak77
|l|☆KD Jamey
||Ladder (probably) updated, but score could not be retrieved (Request timeout).
