|raw|<div class="broadcast-blue"><strong>This battle is required to be public due to a player having a name starting with 'lt83aq'.</div>
|j|☆LT83AQ Dasmer
|j|☆BestixL
|t:|1626552544
|gametype|singles
|player|p1|LT83AQ Dasmer|lance-gen2|1719
|player|p2|BestixL|dawn-gen4pt|1850
|teamsize|p1|6
|teamsize|p2|6
|gen|8
|tier|[Gen 8] OU
|rated|
|rule|Sleep Clause Mod: Limit one foe put to sleep
|rule|Species Clause: Limit one of each Pokémon
|rule|OHKO Clause: OHKO moves are banned
|rule|Evasion Moves Clause: Evasion moves are banned
|rule|Endless Battle Clause: Forcing endless battles is banned
|rule|HP Percentage Mod: HP is shown in percentages
|rule|Dynamax Clause: You cannot dynamax
|clearpoke
|poke|p1|Garchomp, F|
|poke|p1|Urshifu-*, F|
|poke|p1|Weavile, M|
|poke|p1|Slowking, M|
|poke|p1|Heatran, F|
|poke|p1|Tornadus-Therian, M|
|poke|p2|Tornadus-Therian, M|
|poke|p2|Rotom-Wash|
|poke|p2|Corviknight, M|
|poke|p2|Heatran, F|
|poke|p2|Clefable, F|
|poke|p2|Landorus-Therian, M|
|teampreview
|j| LT83AQ Spooky
|j| lt83aqez
|inactive|Battle timer is ON: inactive players will automatically lose when time's up. (requested by BestixL)
|j| SuperEpicAmpharos
|j| neverwantedto
|
|t:|1626552556
|start
|switch|p1a: Garchomp|Garchomp, F|100/100
|switch|p2a: Rotom|Rotom-Wash|100/100
|turn|1
|j| jjgjvjj
|
|t:|1626552560
|move|p1a: Garchomp|Toxic|p2a: Rotom
|-status|p2a: Rotom|tox
|move|p2a: Rotom|Will-O-Wisp|p1a: Garchomp
|-status|p1a: Garchomp|brn
|
|-damage|p2a: Rotom|95/100 tox|[from] psn
|-damage|p1a: Garchomp|94/100 brn|[from] brn
|upkeep
|turn|2
|l| lt83aqez
|
|t:|1626552574
|move|p1a: Garchomp|Stealth Rock|p2a: Rotom
|-sidestart|p2: BestixL|move: Stealth Rock
|move|p2a: Rotom|Hydro Pump|p1a: Garchomp
|-damage|p1a: Garchomp|55/100 brn
|
|-heal|p2a: Rotom|100/100 tox|[from] item: Leftovers
|-damage|p2a: Rotom|89/100 tox|[from] psn
|-damage|p1a: Garchomp|49/100 brn|[from] brn
|upkeep
|turn|3
|j| Der Waldgang
|
|t:|1626552587
|move|p1a: Garchomp|Earthquake|p2a: Rotom
|-immune|p2a: Rotom|[from] ability: Levitate
|move|p2a: Rotom|Hydro Pump|p1a: Garchomp
|-damage|p1a: Garchomp|14/100 brn
|
|-heal|p2a: Rotom|95/100 tox|[from] item: Leftovers
|-damage|p2a: Rotom|77/100 tox|[from] psn
|-damage|p1a: Garchomp|7/100 brn|[from] brn
|upkeep
|turn|4
|
|t:|1626552593
|move|p1a: Garchomp|Rest|p1a: Garchomp
|-status|p1a: Garchomp|slp|[from] move: Rest
|-heal|p1a: Garchomp|100/100 slp|[silent]
|move|p2a: Rotom|Hydro Pump|p1a: Garchomp
|-damage|p1a: Garchomp|63/100 slp
|
|-heal|p2a: Rotom|83/100 tox|[from] item: Leftovers
|-damage|p2a: Rotom|59/100 tox|[from] psn
|upkeep
|turn|5
|
|t:|1626552596
|switch|p1a: Slowking|Slowking, M|100/100
|switch|p2a: Corviknight|Corviknight, M|100/100
|-damage|p2a: Corviknight|88/100|[from] Stealth Rock
|-ability|p2a: Corviknight|Pressure
|
|-heal|p2a: Corviknight|94/100|[from] item: Leftovers
|upkeep
|turn|6
|j| FinalGetzu
|j| lt83aqez
|
|t:|1626552620
|move|p2a: Corviknight|Defog|p1a: Slowking
|-unboost|p1a: Slowking|evasion|1
|-sideend|p2: BestixL|Stealth Rock|[from] move: Defog|[of] p2a: Corviknight
|move|p1a: Slowking|Scald|p2a: Corviknight
|-damage|p2a: Corviknight|69/100
|
|-heal|p2a: Corviknight|75/100|[from] item: Leftovers
|upkeep
|turn|7
|
|t:|1626552629
|switch|p2a: Rotom|Rotom-Wash|59/100 tox
|move|p1a: Slowking|Scald|p2a: Rotom
|-resisted|p2a: Rotom
|-damage|p2a: Rotom|45/100 tox
|
|-heal|p2a: Rotom|51/100 tox|[from] item: Leftovers
|-damage|p2a: Rotom|45/100 tox|[from] psn
|upkeep
|turn|8
|
|t:|1626552632
|move|p2a: Rotom|Will-O-Wisp|p1a: Slowking
|-status|p1a: Slowking|brn
|move|p1a: Slowking|Teleport|p1a: Slowking
|
|t:|1626552634
|switch|p1a: Urshifu|Urshifu-Rapid-Strike, F|100/100|[from]move: Teleport
|
|-heal|p2a: Rotom|51/100 tox|[from] item: Leftovers
|-damage|p2a: Rotom|39/100 tox|[from] psn
|upkeep
|turn|9
|
|t:|1626552639
|switch|p2a: Yotsuba|Tornadus-Therian, M, shiny|100/100
|move|p1a: Urshifu|U-turn|p2a: Yotsuba
|-resisted|p2a: Yotsuba
|-damage|p2a: Yotsuba|87/100
|
|t:|1626552642
|switch|p1a: Weavile|Weavile, M|100/100|[from]move: U-turn
|-ability|p1a: Weavile|Pressure
|
|upkeep
|turn|10
|j| XED3NX
|c| XED3NX|LETS GOOOOOO
|
|t:|1626552652
|switch|p2a: Rotom|Rotom-Wash|39/100 tox
|move|p1a: Weavile|Knock Off|p2a: Rotom
|-damage|p2a: Rotom|4/100 tox
|-enditem|p2a: Rotom|Leftovers|[from] move: Knock Off|[of] p1a: Weavile
|
|-damage|p2a: Rotom|0 fnt|[from] psn
|faint|p2a: Rotom
|upkeep
|
|t:|1626552657
|switch|p2a: Corviknight|Corviknight, M|75/100
|-ability|p2a: Corviknight|Pressure
|turn|11
|
|t:|1626552661
|switch|p1a: Heatran|Heatran, F|100/100
|move|p2a: Corviknight|Roost|p2a: Corviknight
|-heal|p2a: Corviknight|100/100
|-singleturn|p2a: Corviknight|move: Roost
|
|upkeep
|turn|12
|
|t:|1626552671
|switch|p2a: Landorus|Landorus-Therian, M|100/100
|-ability|p2a: Landorus|Intimidate|boost
|-unboost|p1a: Heatran|atk|1
|move|p1a: Heatran|Stealth Rock|p2a: Landorus
|-sidestart|p2: BestixL|move: Stealth Rock
|
|upkeep
|turn|13
|j| Nalorium G.O.A.T.
|
|t:|1626552680
|switch|p1a: Tornadus|Tornadus-Therian, M|100/100
|move|p2a: Landorus|Defog|p1a: Tornadus
|-unboost|p1a: Tornadus|evasion|1
|-sideend|p2: BestixL|Stealth Rock|[from] move: Defog|[of] p2a: Landorus
|
|upkeep
|turn|14
|
|t:|1626552683
|move|p1a: Tornadus|Knock Off|p2a: Landorus
|-damage|p2a: Landorus|81/100
|-enditem|p2a: Landorus|Leftovers|[from] move: Knock Off|[of] p1a: Tornadus
|move|p2a: Landorus|U-turn|p1a: Tornadus
|-resisted|p1a: Tornadus
|-damage|p1a: Tornadus|87/100
|
|t:|1626552685
|switch|p2a: Heatran|Heatran, F|100/100|[from]move: U-turn
|
|upkeep
|turn|15
|
|t:|1626552687
|move|p1a: Tornadus|Knock Off|p2a: Heatran
|-damage|p2a: Heatran|83/100
|-enditem|p2a: Heatran|Leftovers|[from] move: Knock Off|[of] p1a: Tornadus
|move|p2a: Heatran|Magma Storm|p1a: Tornadus
|-damage|p1a: Tornadus|46/100
|-activate|p1a: Tornadus|move: Magma Storm|[of] p2a: Heatran
|
|-damage|p1a: Tornadus|34/100|[from] move: Magma Storm|[partiallytrapped]
|upkeep
|turn|16
|
|t:|1626552689
|move|p1a: Tornadus|U-turn|p2a: Heatran
|-resisted|p2a: Heatran
|-damage|p2a: Heatran|80/100
|
|t:|1626552691
|switch|p1a: Slowking|Slowking, M|100/100 brn|[from]move: U-turn
|move|p2a: Heatran|Stealth Rock|p1a: Slowking
|-sidestart|p1: LT83AQ Dasmer|move: Stealth Rock
|
|-damage|p1a: Slowking|94/100 brn|[from] brn
|upkeep
|turn|17
|
|t:|1626552703
|move|p2a: Heatran|Magma Storm|p1a: Slowking
|-resisted|p1a: Slowking
|-damage|p1a: Slowking|81/100 brn
|-activate|p1a: Slowking|move: Magma Storm|[of] p2a: Heatran
|move|p1a: Slowking|Scald|p2a: Heatran
|-supereffective|p2a: Heatran
|-damage|p2a: Heatran|42/100
|
|-damage|p1a: Slowking|75/100 brn|[from] brn
|-damage|p1a: Slowking|63/100 brn|[from] move: Magma Storm|[partiallytrapped]
|upkeep
|turn|18
|
|t:|1626552720
|move|p2a: Heatran|Earth Power|p1a: Slowking
|-damage|p1a: Slowking|47/100 brn
|move|p1a: Slowking|Scald|p2a: Heatran
|-supereffective|p2a: Heatran
|-damage|p2a: Heatran|6/100
|
|-damage|p1a: Slowking|41/100 brn|[from] brn
|-damage|p1a: Slowking|29/100 brn|[from] move: Magma Storm|[partiallytrapped]
|upkeep
|turn|19
|
|t:|1626552727
|switch|p2a: Yotsuba|Tornadus-Therian, M, shiny|100/100
|move|p1a: Slowking|Teleport|p1a: Slowking
|
|t:|1626552737
|switch|p1a: Weavile|Weavile, M|100/100|[from]move: Teleport
|-ability|p1a: Weavile|Pressure
|
|upkeep
|turn|20
|
|t:|1626552741
|switch|p2a: Corviknight|Corviknight, M|100/100
|-ability|p2a: Corviknight|Pressure
|move|p1a: Weavile|Icicle Crash|p2a: Corviknight|[miss]
|-miss|p1a: Weavile|p2a: Corviknight
|
|upkeep
|turn|21
|
|t:|1626552750
|switch|p1a: Tornadus|Tornadus-Therian, M|67/100
|move|p2a: Corviknight|Iron Defense|p2a: Corviknight
|-boost|p2a: Corviknight|def|2
|
|upkeep
|turn|22
|
|t:|1626552756
|move|p1a: Tornadus|Defog|p2a: Corviknight
|-unboost|p2a: Corviknight|evasion|1
|-sideend|p1: LT83AQ Dasmer|Stealth Rock|[from] move: Defog|[of] p1a: Tornadus
|move|p2a: Corviknight|Iron Defense|p2a: Corviknight
|-boost|p2a: Corviknight|def|2
|
|upkeep
|turn|23
|inactive|BestixL has 120 seconds left.
|c| XED3NX|omg
|
|t:|1626552793
|move|p1a: Tornadus|Knock Off|p2a: Corviknight
|-damage|p2a: Corviknight|96/100
|-enditem|p2a: Corviknight|Leftovers|[from] move: Knock Off|[of] p1a: Tornadus
|move|p2a: Corviknight|Iron Defense|p2a: Corviknight
|-boost|p2a: Corviknight|def|2
|
|upkeep
|turn|24
|
|t:|1626552809
|move|p1a: Tornadus|U-turn|p2a: Corviknight
|-resisted|p2a: Corviknight
|-damage|p2a: Corviknight|96/100
|
|t:|1626552811
|switch|p1a: Garchomp|Garchomp, F|63/100 slp|[from]move: U-turn
|move|p2a: Corviknight|Body Press|p1a: Garchomp
|-damage|p1a: Garchomp|0 fnt
|-damage|p2a: Corviknight|83/100|[from] ability: Rough Skin|[of] p1a: Garchomp
|-damage|p2a: Corviknight|67/100|[from] item: Rocky Helmet|[of] p1a: Garchomp
|faint|p1a: Garchomp
|
|upkeep
|l| LT83AQ Spooky
|
|t:|1626552816
|switch|p1a: Heatran|Heatran, F|100/100
|turn|25
|
|t:|1626552818
|switch|p2a: Heatran|Heatran, F|6/100
|move|p1a: Heatran|Magma Storm|p2a: Heatran
|-start|p2a: Heatran|ability: Flash Fire
|
|upkeep
|turn|26
|
|t:|1626552821
|switch|p1a: Tornadus|Tornadus-Therian, M|99/100
|move|p2a: Heatran|Earth Power|p1a: Tornadus
|-immune|p1a: Tornadus
|
|upkeep
|turn|27
|
|t:|1626552837
|-end|p2a: Heatran|ability: Flash Fire|[silent]
|switch|p2a: Corviknight|Corviknight, M|67/100
|-ability|p2a: Corviknight|Pressure
|move|p1a: Tornadus|Knock Off|p2a: Corviknight
|-damage|p2a: Corviknight|59/100
|
|upkeep
|turn|28
|
|t:|1626552838
|move|p1a: Tornadus|U-turn|p2a: Corviknight
|-resisted|p2a: Corviknight
|-damage|p2a: Corviknight|57/100
|
|t:|1626552840
|switch|p1a: Heatran|Heatran, F|100/100|[from]move: U-turn
|move|p2a: Corviknight|Roost|p2a: Corviknight
|-heal|p2a: Corviknight|100/100
|-singleturn|p2a: Corviknight|move: Roost
|
|upkeep
|turn|29
|
|t:|1626552852
|switch|p2a: Heatran|Heatran, F|6/100
|move|p1a: Heatran|Stealth Rock|p2a: Heatran
|-sidestart|p2: BestixL|move: Stealth Rock
|
|upkeep
|turn|30
|
|t:|1626552855
|move|p1a: Heatran|Earth Power|p2a: Heatran
|-supereffective|p2a: Heatran
|-damage|p2a: Heatran|0 fnt
|faint|p2a: Heatran
|
|upkeep
|
|t:|1626552861
|switch|p2a: Landorus|Landorus-Therian, M|81/100
|-damage|p2a: Landorus|69/100|[from] Stealth Rock
|-ability|p2a: Landorus|Intimidate|boost
|-unboost|p1a: Heatran|atk|1
|turn|31
|
|t:|1626552867
|switch|p1a: Tornadus|Tornadus-Therian, M|100/100
|move|p2a: Landorus|Defog|p1a: Tornadus
|-unboost|p1a: Tornadus|evasion|1
|-sideend|p2: BestixL|Stealth Rock|[from] move: Defog|[of] p2a: Landorus
|
|upkeep
|turn|32
|
|t:|1626552873
|move|p1a: Tornadus|Hurricane|p2a: Landorus
|-damage|p2a: Landorus|36/100
|-start|p2a: Landorus|confusion
|-activate|p2a: Landorus|confusion
|-damage|p2a: Landorus|23/100|[from] confusion
|
|upkeep
|turn|33
|
|t:|1626552877
|switch|p2a: Yotsuba|Tornadus-Therian, M, shiny|100/100
|move|p1a: Tornadus|Hurricane|p2a: Yotsuba
|-damage|p2a: Yotsuba|60/100
|
|upkeep
|turn|34
|
|t:|1626552880
|move|p2a: Yotsuba|Hurricane|p1a: Tornadus
|-damage|p1a: Tornadus|55/100
|move|p1a: Tornadus|U-turn|p2a: Yotsuba
|-resisted|p2a: Yotsuba
|-damage|p2a: Yotsuba|52/100
|
|t:|1626552888
|switch|p1a: Weavile|Weavile, M|100/100|[from]move: U-turn
|-ability|p1a: Weavile|Pressure
|
|upkeep
|turn|35
|
|t:|1626552898
|switch|p1a: Heatran|Heatran, F|100/100
|switch|p2a: Corviknight|Corviknight, M|100/100
|-ability|p2a: Corviknight|Pressure
|
|upkeep
|turn|36
|
|t:|1626552904
|switch|p2a: Landorus|Landorus-Therian, M|23/100
|-ability|p2a: Landorus|Intimidate|boost
|-unboost|p1a: Heatran|atk|1
|move|p1a: Heatran|Magma Storm|p2a: Landorus
|-damage|p2a: Landorus|0 fnt
|faint|p2a: Landorus
|
|upkeep
|
|t:|1626552910
|switch|p2a: Yotsuba|Tornadus-Therian, M, shiny|85/100
|turn|37
|c| XED3NX|destroye ddd
|
|t:|1626552916
|switch|p1a: Tornadus|Tornadus-Therian, M|88/100
|move|p2a: Yotsuba|Taunt|p1a: Tornadus
|-start|p1a: Tornadus|move: Taunt
|
|upkeep
|turn|38
|
|t:|1626552919
|move|p2a: Yotsuba|Hurricane|p1a: Tornadus
|-damage|p1a: Tornadus|46/100
|move|p1a: Tornadus|Knock Off|p2a: Yotsuba
|-damage|p2a: Yotsuba|61/100
|-enditem|p2a: Yotsuba|Heavy-Duty Boots|[from] move: Knock Off|[of] p1a: Tornadus
|
|upkeep
|turn|39
|
|t:|1626552923
|move|p2a: Yotsuba|Hurricane|p1a: Tornadus
|-damage|p1a: Tornadus|3/100
|-start|p1a: Tornadus|confusion
|-activate|p1a: Tornadus|confusion
|move|p1a: Tornadus|U-turn|p2a: Yotsuba
|-resisted|p2a: Yotsuba
|-damage|p2a: Yotsuba|53/100
|
|t:|1626552927
|switch|p1a: Weavile|Weavile, M|100/100|[from]move: U-turn
|-ability|p1a: Weavile|Pressure
|
|upkeep
|turn|40
|
|t:|1626552931
|move|p1a: Weavile|Icicle Crash|p2a: Yotsuba
|-supereffective|p2a: Yotsuba
|-crit|p2a: Yotsuba
|-damage|p2a: Yotsuba|0 fnt
|faint|p2a: Yotsuba
|
|upkeep
|
|t:|1626552933
|switch|p2a: Corviknight|Corviknight, M|100/100
|-ability|p2a: Corviknight|Pressure
|turn|41
|
|t:|1626552937
|switch|p1a: Slowking|Slowking, M|62/100 brn
|move|p2a: Corviknight|Iron Defense|p2a: Corviknight
|-boost|p2a: Corviknight|def|2
|
|-damage|p1a: Slowking|56/100 brn|[from] brn
|upkeep
|turn|42
|
|t:|1626552939
|move|p2a: Corviknight|Iron Defense|p2a: Corviknight
|-boost|p2a: Corviknight|def|2
|move|p1a: Slowking|Scald|p2a: Corviknight
|-damage|p2a: Corviknight|75/100
|-status|p2a: Corviknight|brn
|
|-damage|p2a: Corviknight|69/100 brn|[from] brn
|-damage|p1a: Slowking|50/100 brn|[from] brn
|upkeep
|turn|43
|
|t:|1626552948
|move|p2a: Corviknight|Iron Defense|p2a: Corviknight
|-boost|p2a: Corviknight|def|2
|move|p1a: Slowking|Teleport|p1a: Slowking
|
|t:|1626552953
|switch|p1a: Urshifu|Urshifu-Rapid-Strike, F|100/100|[from]move: Teleport
|
|-damage|p2a: Corviknight|63/100 brn|[from] brn
|upkeep
|turn|44
|
|t:|1626552955
|move|p1a: Urshifu|Surging Strikes|p2a: Corviknight
|-crit|p2a: Corviknight
|-damage|p2a: Corviknight|51/100 brn
|-crit|p2a: Corviknight
|-damage|p2a: Corviknight|39/100 brn
|-crit|p2a: Corviknight
|-damage|p2a: Corviknight|26/100 brn
|-hitcount|p2a: Corviknight|3
|move|p2a: Corviknight|Roost|p2a: Corviknight
|-heal|p2a: Corviknight|76/100 brn
|-singleturn|p2a: Corviknight|move: Roost
|
|-damage|p2a: Corviknight|70/100 brn|[from] brn
|upkeep
|turn|45
|
|t:|1626552960
|switch|p1a: Slowking|Slowking, M|83/100 brn
|move|p2a: Corviknight|Roost|p2a: Corviknight
|-heal|p2a: Corviknight|100/100 brn
|-singleturn|p2a: Corviknight|move: Roost
|
|-damage|p2a: Corviknight|94/100 brn|[from] brn
|-damage|p1a: Slowking|77/100 brn|[from] brn
|upkeep
|turn|46
|
|t:|1626552963
|move|p2a: Corviknight|Body Press|p1a: Slowking
|-resisted|p1a: Slowking
|-damage|p1a: Slowking|50/100 brn
|move|p1a: Slowking|Slack Off|p1a: Slowking
|-heal|p1a: Slowking|99/100 brn
|
|-damage|p2a: Corviknight|88/100 brn|[from] brn
|-damage|p1a: Slowking|94/100 brn|[from] brn
|upkeep
|turn|47
|
|t:|1626552967
|move|p2a: Corviknight|Iron Defense|p2a: Corviknight
|-boost|p2a: Corviknight|def|0
|move|p1a: Slowking|Future Sight|p2a: Corviknight
|-start|p1a: Slowking|move: Future Sight
|
|-damage|p2a: Corviknight|82/100 brn|[from] brn
|-damage|p1a: Slowking|88/100 brn|[from] brn
|upkeep
|turn|48
|
|t:|1626552971
|move|p2a: Corviknight|Iron Defense|p2a: Corviknight
|-boost|p2a: Corviknight|def|0
|move|p1a: Slowking|Teleport|p1a: Slowking
|
|t:|1626552973
|switch|p1a: Tornadus|Tornadus-Therian, M|36/100|[from]move: Teleport
|
|-damage|p2a: Corviknight|76/100 brn|[from] brn
|upkeep
|turn|49
|
|t:|1626552975
|move|p1a: Tornadus|U-turn|p2a: Corviknight
|-resisted|p2a: Corviknight
|-damage|p2a: Corviknight|76/100 brn
|
|t:|1626552977
|switch|p1a: Slowking|Slowking, M|100/100 brn|[from]move: U-turn
|move|p2a: Corviknight|Body Press|p1a: Slowking
|-resisted|p1a: Slowking
|-damage|p1a: Slowking|72/100 brn
|
|-end|p2a: Corviknight|move: Future Sight
|-resisted|p2a: Corviknight
|-damage|p2a: Corviknight|55/100 brn
|-damage|p2a: Corviknight|49/100 brn|[from] brn
|-damage|p1a: Slowking|66/100 brn|[from] brn
|upkeep
|turn|50
|
|t:|1626552980
|move|p2a: Corviknight|Roost|p2a: Corviknight
|-heal|p2a: Corviknight|99/100 brn
|-singleturn|p2a: Corviknight|move: Roost
|move|p1a: Slowking|Teleport|p1a: Slowking
|
|t:|1626552982
|switch|p1a: Tornadus|Tornadus-Therian, M|70/100|[from]move: Teleport
|
|-damage|p2a: Corviknight|93/100 brn|[from] brn
|upkeep
|turn|51
|
|t:|1626552987
|move|p1a: Tornadus|U-turn|p2a: Corviknight
|-resisted|p2a: Corviknight
|-damage|p2a: Corviknight|92/100 brn
|
|t:|1626552988
|switch|p1a: Slowking|Slowking, M|99/100 brn|[from]move: U-turn
|move|p2a: Corviknight|Body Press|p1a: Slowking
|-resisted|p1a: Slowking
|-damage|p1a: Slowking|74/100 brn
|
|-damage|p2a: Corviknight|86/100 brn|[from] brn
|-damage|p1a: Slowking|68/100 brn|[from] brn
|upkeep
|turn|52
|
|t:|1626552994
|move|p2a: Corviknight|Iron Defense|p2a: Corviknight
|-boost|p2a: Corviknight|def|0
|move|p1a: Slowking|Teleport|p1a: Slowking
|
|t:|1626552997
|switch|p1a: Tornadus|Tornadus-Therian, M|100/100|[from]move: Teleport
|
|-damage|p2a: Corviknight|80/100 brn|[from] brn
|upkeep
|turn|53
|
|t:|1626553001
|move|p1a: Tornadus|Hurricane|p2a: Corviknight
|-resisted|p2a: Corviknight
|-crit|p2a: Corviknight
|-damage|p2a: Corviknight|48/100 brn
|-start|p2a: Corviknight|confusion
|-activate|p2a: Corviknight|confusion
|move|p2a: Corviknight|Body Press|p1a: Tornadus
|-resisted|p1a: Tornadus
|-damage|p1a: Tornadus|70/100
|
|-damage|p2a: Corviknight|42/100 brn|[from] brn
|upkeep
|turn|54
|
|t:|1626553004
|move|p1a: Tornadus|U-turn|p2a: Corviknight
|-resisted|p2a: Corviknight
|-damage|p2a: Corviknight|41/100 brn
|
|t:|1626553007
|switch|p1a: Slowking|Slowking, M|100/100 brn|[from]move: U-turn
|-end|p2a: Corviknight|confusion
|move|p2a: Corviknight|Roost|p2a: Corviknight
|-heal|p2a: Corviknight|91/100 brn
|-singleturn|p2a: Corviknight|move: Roost
|
|-damage|p2a: Corviknight|85/100 brn|[from] brn
|-damage|p1a: Slowking|94/100 brn|[from] brn
|upkeep
|turn|55
|l| lt83aqez
|
|t:|1626553013
|move|p2a: Corviknight|Iron Defense|p2a: Corviknight
|-boost|p2a: Corviknight|def|0
|move|p1a: Slowking|Future Sight|p2a: Corviknight
|-start|p1a: Slowking|move: Future Sight
|
|-damage|p2a: Corviknight|79/100 brn|[from] brn
|-damage|p1a: Slowking|88/100 brn|[from] brn
|upkeep
|turn|56
|l| Nalorium G.O.A.T.
|
|t:|1626553018
|move|p2a: Corviknight|Roost|p2a: Corviknight
|-heal|p2a: Corviknight|100/100 brn
|-singleturn|p2a: Corviknight|move: Roost
|move|p1a: Slowking|Teleport|p1a: Slowking
|
|t:|1626553022
|switch|p1a: Heatran|Heatran, F|100/100|[from]move: Teleport
|
|-damage|p2a: Corviknight|94/100 brn|[from] brn
|upkeep
|turn|57
|
|t:|1626553025
|switch|p1a: Slowking|Slowking, M|100/100 brn
|move|p2a: Corviknight|Body Press|p1a: Slowking
|-resisted|p1a: Slowking
|-damage|p1a: Slowking|72/100 brn
|
|-end|p2a: Corviknight|move: Future Sight
|-resisted|p2a: Corviknight
|-damage|p2a: Corviknight|76/100 brn
|-damage|p2a: Corviknight|70/100 brn|[from] brn
|-damage|p1a: Slowking|66/100 brn|[from] brn
|upkeep
|turn|58
|
|t:|1626553034
|move|p2a: Corviknight|Roost|p2a: Corviknight
|-heal|p2a: Corviknight|100/100 brn
|-singleturn|p2a: Corviknight|move: Roost
|move|p1a: Slowking|Teleport|p1a: Slowking
|
|t:|1626553037
|switch|p1a: Tornadus|Tornadus-Therian, M|100/100|[from]move: Teleport
|
|-damage|p2a: Corviknight|94/100 brn|[from] brn
|upkeep
|turn|59
|
|t:|1626553040
|move|p1a: Tornadus|U-turn|p2a: Corviknight
|-resisted|p2a: Corviknight
|-damage|p2a: Corviknight|94/100 brn
|
|t:|1626553042
|switch|p1a: Slowking|Slowking, M|99/100 brn|[from]move: U-turn
|move|p2a: Corviknight|Body Press|p1a: Slowking
|-resisted|p1a: Slowking
|-damage|p1a: Slowking|71/100 brn
|
|-damage|p2a: Corviknight|88/100 brn|[from] brn
|-damage|p1a: Slowking|64/100 brn|[from] brn
|upkeep
|turn|60
|
|t:|1626553044
|move|p2a: Corviknight|Body Press|p1a: Slowking
|-resisted|p1a: Slowking
|-damage|p1a: Slowking|39/100 brn
|move|p1a: Slowking|Teleport|p1a: Slowking
|
|t:|1626553047
|switch|p1a: Tornadus|Tornadus-Therian, M|100/100|[from]move: Teleport
|
|-damage|p2a: Corviknight|82/100 brn|[from] brn
|upkeep
|turn|61
|
|t:|1626553049
|move|p1a: Tornadus|U-turn|p2a: Corviknight
|-resisted|p2a: Corviknight
|-damage|p2a: Corviknight|81/100 brn
|
|t:|1626553051
|switch|p1a: Slowking|Slowking, M|72/100 brn|[from]move: U-turn
|move|p2a: Corviknight|Body Press|p1a: Slowking
|-resisted|p1a: Slowking
|-damage|p1a: Slowking|44/100 brn
|
|-damage|p2a: Corviknight|75/100 brn|[from] brn
|-damage|p1a: Slowking|38/100 brn|[from] brn
|upkeep
|turn|62
|
|t:|1626553054
|move|p2a: Corviknight|Body Press|p1a: Slowking
|-resisted|p1a: Slowking
|-damage|p1a: Slowking|11/100 brn
|move|p1a: Slowking|Slack Off|p1a: Slowking
|-heal|p1a: Slowking|61/100 brn
|
|-damage|p2a: Corviknight|69/100 brn|[from] brn
|-damage|p1a: Slowking|55/100 brn|[from] brn
|upkeep
|turn|63
|
|t:|1626553057
|move|p2a: Corviknight|Body Press|p1a: Slowking
|-resisted|p1a: Slowking
|-damage|p1a: Slowking|27/100 brn
|move|p1a: Slowking|Slack Off|p1a: Slowking
|-heal|p1a: Slowking|77/100 brn
|
|-damage|p2a: Corviknight|63/100 brn|[from] brn
|-damage|p1a: Slowking|71/100 brn|[from] brn
|upkeep
|turn|64
|
|t:|1626553062
|move|p2a: Corviknight|Roost|p2a: Corviknight
|-heal|p2a: Corviknight|100/100 brn
|-singleturn|p2a: Corviknight|move: Roost
|move|p1a: Slowking|Slack Off|p1a: Slowking
|-heal|p1a: Slowking|100/100 brn
|
|-damage|p2a: Corviknight|94/100 brn|[from] brn
|-damage|p1a: Slowking|94/100 brn|[from] brn
|upkeep
|turn|65
|
|t:|1626553066
|move|p2a: Corviknight|Iron Defense|p2a: Corviknight
|-boost|p2a: Corviknight|def|0
|move|p1a: Slowking|Teleport|p1a: Slowking
|
|t:|1626553068
|switch|p1a: Tornadus|Tornadus-Therian, M|100/100|[from]move: Teleport
|
|-damage|p2a: Corviknight|88/100 brn|[from] brn
|upkeep
|turn|66
|
|t:|1626553070
|move|p1a: Tornadus|U-turn|p2a: Corviknight
|-resisted|p2a: Corviknight
|-damage|p2a: Corviknight|88/100 brn
|
|t:|1626553072
|switch|p1a: Slowking|Slowking, M|100/100 brn|[from]move: U-turn
|move|p2a: Corviknight|Body Press|p1a: Slowking
|-resisted|p1a: Slowking
|-damage|p1a: Slowking|73/100 brn
|
|-damage|p2a: Corviknight|82/100 brn|[from] brn
|-damage|p1a: Slowking|67/100 brn|[from] brn
|upkeep
|turn|67
|c| XED3NX|weeee
|
|t:|1626553077
|move|p2a: Corviknight|Body Press|p1a: Slowking
|-resisted|p1a: Slowking
|-crit|p1a: Slowking
|-damage|p1a: Slowking|25/100 brn
|move|p1a: Slowking|Future Sight|p2a: Corviknight
|-start|p1a: Slowking|move: Future Sight
|
|-damage|p2a: Corviknight|76/100 brn|[from] brn
|-damage|p1a: Slowking|19/100 brn|[from] brn
|upkeep
|turn|68
|
|t:|1626553081
|switch|p2a: Itsuki|Clefable, F|100/100
|switch|p1a: Tornadus|Tornadus-Therian, M|100/100
|
|upkeep
|turn|69
|
|t:|1626553084
|switch|p1a: Heatran|Heatran, F|100/100
|move|p2a: Itsuki|Calm Mind|p2a: Itsuki
|-boost|p2a: Itsuki|spa|1
|-boost|p2a: Itsuki|spd|1
|
|-end|p2a: Itsuki|move: Future Sight
|-damage|p2a: Itsuki|80/100
|-heal|p2a: Itsuki|86/100|[from] item: Leftovers
|upkeep
|turn|70
|
|t:|1626553088
|move|p1a: Heatran|Taunt|p2a: Itsuki
|-start|p2a: Itsuki|move: Taunt
|cant|p2a: Itsuki|move: Taunt|Calm Mind
|
|-heal|p2a: Itsuki|92/100|[from] item: Leftovers
|upkeep
|turn|71
|
|t:|1626553091
|move|p1a: Heatran|Magma Storm|p2a: Itsuki
|-damage|p2a: Itsuki|71/100
|-activate|p2a: Itsuki|move: Magma Storm|[of] p1a: Heatran
|move|p2a: Itsuki|Moonblast|p1a: Heatran
|-resisted|p1a: Heatran
|-damage|p1a: Heatran|93/100
|
|-heal|p1a: Heatran|99/100|[from] item: Leftovers
|-heal|p2a: Itsuki|77/100|[from] item: Leftovers
|upkeep
|turn|72
|
|t:|1626553099
|switch|p1a: Tornadus|Tornadus-Therian, M|100/100
|move|p2a: Itsuki|Moonblast|p1a: Tornadus
|-damage|p1a: Tornadus|51/100
|-unboost|p1a: Tornadus|spa|1
|
|-heal|p2a: Itsuki|83/100|[from] item: Leftovers
|-end|p2a: Itsuki|Magma Storm|[partiallytrapped]|[silent]
|-end|p2a: Itsuki|move: Taunt
|upkeep
|turn|73
|
|t:|1626553107
|move|p1a: Tornadus|Knock Off|p2a: Itsuki
|-resisted|p2a: Itsuki
|-damage|p2a: Itsuki|74/100
|-enditem|p2a: Itsuki|Leftovers|[from] move: Knock Off|[of] p1a: Tornadus
|move|p2a: Itsuki|Calm Mind|p2a: Itsuki
|-boost|p2a: Itsuki|spa|1
|-boost|p2a: Itsuki|spd|1
|
|upkeep
|turn|74
|
|t:|1626553110
|move|p1a: Tornadus|U-turn|p2a: Itsuki
|-resisted|p2a: Itsuki
|-crit|p2a: Itsuki
|-damage|p2a: Itsuki|62/100
|
|t:|1626553112
|switch|p1a: Heatran|Heatran, F|99/100|[from]move: U-turn
|move|p2a: Itsuki|Soft-Boiled|p2a: Itsuki
|-heal|p2a: Itsuki|100/100
|
|-heal|p1a: Heatran|100/100|[from] item: Leftovers
|upkeep
|turn|75
|
|t:|1626553115
|move|p1a: Heatran|Magma Storm|p2a: Itsuki
|-crit|p2a: Itsuki
|-damage|p2a: Itsuki|56/100
|-activate|p2a: Itsuki|move: Magma Storm|[of] p1a: Heatran
|move|p2a: Itsuki|Moonblast|p1a: Heatran
|-resisted|p1a: Heatran
|-damage|p1a: Heatran|89/100
|
|-heal|p1a: Heatran|95/100|[from] item: Leftovers
|upkeep
|turn|76
|
|t:|1626553119
|move|p1a: Heatran|Taunt|p2a: Itsuki
|-start|p2a: Itsuki|move: Taunt
|move|p2a: Itsuki|Moonblast|p1a: Heatran
|-resisted|p1a: Heatran
|-damage|p1a: Heatran|84/100
|
|-heal|p1a: Heatran|91/100|[from] item: Leftovers
|upkeep
|turn|77
|
|t:|1626553121
|move|p1a: Heatran|Earth Power|p2a: Itsuki
|-damage|p2a: Itsuki|47/100
|move|p2a: Itsuki|Moonblast|p1a: Heatran
|-resisted|p1a: Heatran
|-damage|p1a: Heatran|80/100
|-unboost|p1a: Heatran|spa|1
|
|-heal|p1a: Heatran|86/100|[from] item: Leftovers
|upkeep
|turn|78
|
|t:|1626553129
|move|p1a: Heatran|Earth Power|p2a: Itsuki
|-damage|p2a: Itsuki|40/100
|move|p2a: Itsuki|Moonblast|p1a: Heatran
|-resisted|p1a: Heatran
|-damage|p1a: Heatran|76/100
|
|-heal|p1a: Heatran|83/100|[from] item: Leftovers
|-end|p2a: Itsuki|move: Taunt
|upkeep
|turn|79
|
|t:|1626553138
|move|p1a: Heatran|Taunt|p2a: Itsuki
|-start|p2a: Itsuki|move: Taunt
|cant|p2a: Itsuki|move: Taunt|Soft-Boiled
|
|-heal|p1a: Heatran|89/100|[from] item: Leftovers
|-end|p2a: Itsuki|Magma Storm|[partiallytrapped]
|upkeep
|turn|80
|l| XED3NX
|
|t:|1626553143
|switch|p1a: Tornadus|Tornadus-Therian, M|84/100
|move|p2a: Itsuki|Moonblast|p1a: Tornadus
|-damage|p1a: Tornadus|23/100
|
|upkeep
|turn|81
|
|t:|1626553146
|move|p1a: Tornadus|Hurricane|p2a: Itsuki
|-damage|p2a: Itsuki|24/100
|move|p2a: Itsuki|Moonblast|p1a: Tornadus
|-damage|p1a: Tornadus|0 fnt
|faint|p1a: Tornadus
|
|-end|p2a: Itsuki|move: Taunt
|upkeep
|
|t:|1626553149
|switch|p1a: Urshifu|Urshifu-Rapid-Strike, F|100/100
|turn|82
|-message|BestixL forfeited.
|
|win|LT83AQ Dasmer
|l|☆BestixL
|raw|LT83AQ Dasmer's rating: 1719 &rarr; <strong>1746</strong><br />(+27 for winning)
|raw|BestixL's rating: 1850 &rarr; <strong>1823</strong><br />(-27 for losing)
||Ladder isn't responding, score probably updated but might not have (Request timeout).
|l|☆LT83AQ Dasmer
|l| neverwantedto
|l| FinalGetzu
|l| jjgjvjj
