|j|☆minimax_ai
|j|☆Pok et glace
|t:|1663005259
|gametype|singles
|player|p1|minimax_ai|lusamine-nihilego|1554
|player|p2|Pok et glace|cynthia-masters|1563
|teamsize|p1|6
|teamsize|p2|6
|gen|8
|tier|[Gen 8] OU
|rated|
|rule|Sleep Clause Mod: Limit one foe put to sleep
|rule|Species Clause: Limit one of each Pokémon
|rule|OHKO Clause: OHKO moves are banned
|rule|Evasion Items Clause: Evasion items are banned
|rule|Evasion Moves Clause: Evasion moves are banned
|rule|Endless Battle Clause: Forcing endless battles is banned
|rule|HP Percentage Mod: HP is shown in percentages
|rule|Dynamax Clause: You cannot dynamax
|clearpoke
|poke|p1|Rotom-Wash|
|poke|p1|Weavile, F|
|poke|p1|Landorus-Therian, M|
|poke|p1|Heatran, M|
|poke|p1|Tangrowth, M|
|poke|p1|Melmetal|
|poke|p2|Mew|
|poke|p2|Crawdaunt, M|
|poke|p2|Celesteela|
|poke|p2|Garchomp, F|
|poke|p2|Weavile, M|
|poke|p2|Blacephalon|
|teampreview
|c|☆minimax_ai|hf
|inactive|Battle timer is ON: inactive players will automatically lose when time's up. (requested by minimax_ai)
|c|☆Pok et glace|hf
|
|t:|1663005286
|start
|switch|p1a: Melmetal|Melmetal|100/100
|switch|p2a: Sperm thing|Mew|100/100
|turn|1
|
|t:|1663005290
|move|p2a: Sperm thing|Stealth Rock|p1a: Melmetal
|-sidestart|p1: minimax_ai|move: Stealth Rock
|move|p1a: Melmetal|Double Iron Bash|p2a: Sperm thing
|-damage|p2a: Sperm thing|64/100
|-damage|p2a: Sperm thing|29/100
|-hitcount|p2a: Sperm thing|2
|
|upkeep
|turn|2
|
|t:|1663005294
|move|p2a: Sperm thing|Spikes|p1a: Melmetal
|-sidestart|p1: minimax_ai|Spikes
|move|p1a: Melmetal|Double Iron Bash|p2a: Sperm thing
|-damage|p2a: Sperm thing|0 fnt
|faint|p2a: Sperm thing
|-hitcount|p2: Sperm thing|1
|
|upkeep
|
|t:|1663005305
|switch|p2a: Garchomp|Garchomp, F|100/100
|turn|3
|
|t:|1663005307
|move|p2a: Garchomp|Earthquake|p1a: Melmetal
|-supereffective|p1a: Melmetal
|-damage|p1a: Melmetal|44/100
|move|p1a: Melmetal|Ice Punch|p2a: Garchomp
|-supereffective|p2a: Garchomp
|-crit|p2a: Garchomp
|-damage|p2a: Garchomp|0 fnt
|-damage|p1a: Melmetal|32/100|[from] ability: Rough Skin|[of] p2a: Garchomp
|faint|p2a: Garchomp
|
|upkeep
|
|t:|1663005315
|switch|p2a: Blacephalon|Blacephalon|100/100
|turn|4
|
|t:|1663005318
|move|p2a: Blacephalon|Flamethrower|p1a: Melmetal
|-supereffective|p1a: Melmetal
|-damage|p1a: Melmetal|0 fnt
|faint|p1a: Melmetal
|-ability|p2a: Blacephalon|Beast Boost|boost
|-boost|p2a: Blacephalon|spa|1
|
|upkeep
|
|t:|1663005318
|switch|p1a: Heatran|Heatran, M|100/100
|-damage|p1a: Heatran|88/100|[from] Stealth Rock
|-item|p1a: Heatran|Air Balloon
|turn|5
|
|t:|1663005323
|switch|p2a: Jaw|Crawdaunt, M|100/100
|move|p1a: Heatran|Eruption|p2a: Jaw
|-resisted|p2a: Jaw
|-damage|p2a: Jaw|35/100
|
|upkeep
|turn|6
|
|t:|1663005331
|switch|p1a: Tangrowth|Tangrowth, M|100/100
|-damage|p1a: Tangrowth|88/100|[from] Stealth Rock
|-damage|p1a: Tangrowth|76/100|[from] Spikes
|move|p2a: Jaw|Knock Off|p1a: Tangrowth
|-damage|p1a: Tangrowth|30/100
|-damage|p2a: Jaw|18/100|[from] item: Rocky Helmet|[of] p1a: Tangrowth
|-enditem|p1a: Tangrowth|Rocky Helmet|[from] move: Knock Off|[of] p2a: Jaw
|-damage|p2a: Jaw|9/100|[from] item: Life Orb
|
|upkeep
|turn|7
|
|t:|1663005340
|move|p2a: Jaw|Knock Off|p1a: Tangrowth
|-damage|p1a: Tangrowth|0 fnt
|faint|p1a: Tangrowth
|-damage|p2a: Jaw|0 fnt|[from] item: Life Orb
|faint|p2a: Jaw
|
|upkeep
|
|t:|1663005344
|switch|p2a: Blacephalon|Blacephalon|100/100
|switch|p1a: rotomwash|Rotom-Wash|100/100
|-damage|p1a: rotomwash|88/100|[from] Stealth Rock
|turn|8
|
|t:|1663005346
|move|p2a: Blacephalon|Shadow Ball|p1a: rotomwash
|-damage|p1a: rotomwash|42/100
|move|p1a: rotomwash|Hydro Pump|p2a: Blacephalon
|-supereffective|p2a: Blacephalon
|-damage|p2a: Blacephalon|0 fnt
|faint|p2a: Blacephalon
|
|-heal|p1a: rotomwash|48/100|[from] item: Leftovers
|upkeep
|
|t:|1663005351
|switch|p2a: Hair|Weavile, M|100/100
|turn|9
|
|t:|1663005354
|move|p2a: Hair|Knock Off|p1a: rotomwash
|-damage|p1a: rotomwash|0 fnt
|-enditem|p1a: rotomwash|Leftovers|[from] move: Knock Off|[of] p2a: Hair
|faint|p1a: rotomwash
|-damage|p2a: Hair|91/100|[from] item: Life Orb
|
|upkeep
|
|t:|1663005355
|switch|p1a: Heatran|Heatran, M|88/100
|-damage|p1a: Heatran|76/100|[from] Stealth Rock
|-item|p1a: Heatran|Air Balloon
|turn|10
|
|t:|1663005357
|move|p2a: Hair|Knock Off|p1a: Heatran
|-damage|p1a: Heatran|8/100
|-enditem|p1a: Heatran|Air Balloon
|-damage|p2a: Hair|81/100|[from] item: Life Orb
|move|p1a: Heatran|Magma Storm|p2a: Hair|[miss]
|-miss|p1a: Heatran|p2a: Hair
|
|upkeep
|turn|11
|
|t:|1663005362
|move|p2a: Hair|Knock Off|p1a: Heatran
|-damage|p1a: Heatran|0 fnt
|faint|p1a: Heatran
|-damage|p2a: Hair|71/100|[from] item: Life Orb
|
|upkeep
|
|t:|1663005362
|switch|p1a: Weavile|Weavile, F|100/100
|-damage|p1a: Weavile|76/100|[from] Stealth Rock
|-damage|p1a: Weavile|63/100|[from] Spikes
|-ability|p1a: Weavile|Pressure
|turn|12
|
|t:|1663005365
|move|p1a: Weavile|Low Kick|p2a: Hair
|-supereffective|p2a: Hair
|-damage|p2a: Hair|0 fnt
|faint|p2a: Hair
|
|upkeep
|
|t:|1663005368
|switch|p2a: Bod|Celesteela|100/100
|turn|13
|
|t:|1663005370
|switch|p1a: landorustherian|Landorus-Therian, M|100/100
|-damage|p1a: landorustherian|88/100|[from] Stealth Rock
|-ability|p1a: landorustherian|Intimidate|boost
|-unboost|p2a: Bod|atk|1
|move|p2a: Bod|Autotomize|p2a: Bod
|-boost|p2a: Bod|spe|2
|-start|p2a: Bod|Autotomize
|
|-heal|p1a: landorustherian|94/100|[from] item: Leftovers
|upkeep
|turn|14
|
|t:|1663005373
|move|p2a: Bod|Meteor Beam||[still]
|-prepare|p2a: Bod|Meteor Beam
|-boost|p2a: Bod|spa|1
|-enditem|p2a: Bod|Power Herb
|-anim|p2a: Bod|Meteor Beam|p1a: landorustherian
|-damage|p1a: landorustherian|53/100
|move|p1a: landorustherian|Defog|p2a: Bod
|-unboost|p2a: Bod|evasion|1
|-sideend|p1: minimax_ai|Spikes|[from] move: Defog|[of] p1a: landorustherian
|-sideend|p1: minimax_ai|Stealth Rock|[from] move: Defog|[of] p1a: landorustherian
|
|-heal|p1a: landorustherian|59/100|[from] item: Leftovers
|upkeep
|turn|15
|
|t:|1663005380
|move|p2a: Bod|Air Slash|p1a: landorustherian
|-damage|p1a: landorustherian|17/100
|move|p1a: landorustherian|U-turn|p2a: Bod
|-resisted|p2a: Bod
|-damage|p2a: Bod|95/100
|
|t:|1663005380
|switch|p1a: Weavile|Weavile, F|63/100|[from]move: U-turn
|-ability|p1a: Weavile|Pressure
|
|upkeep
|turn|16
|
|t:|1663005384
|move|p1a: Weavile|Ice Shard|p2a: Bod
|-damage|p2a: Bod|66/100
|move|p2a: Bod|Fire Blast|p1a: Weavile
|-supereffective|p1a: Weavile
|-damage|p1a: Weavile|0 fnt
|faint|p1a: Weavile
|-ability|p2a: Bod|Beast Boost|boost
|-boost|p2a: Bod|spa|1
|
|upkeep
|
|t:|1663005384
|switch|p1a: landorustherian|Landorus-Therian, M|17/100
|-ability|p1a: landorustherian|Intimidate|boost
|-unboost|p2a: Bod|atk|1
|turn|17
|
|t:|1663005386
|move|p2a: Bod|Air Slash|p1a: landorustherian
|-damage|p1a: landorustherian|0 fnt
|faint|p1a: landorustherian
|
|win|Pok et glace
|raw|minimax_ai's rating: 1554 &rarr; <strong>1535</strong><br />(-19 for losing)
|raw|Pok et glace's rating: 1563 &rarr; <strong>1582</strong><br />(+19 for winning)
|c|☆minimax_ai|gg
