|raw|<div class="broadcast-blue"><strong>This battle is required to be public due to a player having a name starting with 'lt91bb'.</div>
|j|☆LT91BB N
|j|☆antarctozolt
|t:|1659104599
|gametype|singles
|player|p1|LT91BB N|blue-gen3|1902
|player|p2|antarctozolt|skier|1926
|teamsize|p1|6
|teamsize|p2|6
|gen|8
|tier|[Gen 8] OU
|rated|
|rule|Sleep Clause Mod: Limit one foe put to sleep
|rule|Species Clause: Limit one of each Pokémon
|rule|OHKO Clause: OHKO moves are banned
|rule|Evasion Moves Clause: Evasion moves are banned
|rule|Endless Battle Clause: Forcing endless battles is banned
|rule|HP Percentage Mod: HP is shown in percentages
|rule|Dynamax Clause: You cannot dynamax
|clearpoke
|poke|p1|Kartana|
|poke|p1|Zapdos|
|poke|p1|Landorus-Therian, M|
|poke|p1|Heatran, M|
|poke|p1|Tapu Fini|
|poke|p1|Moltres-Galar|
|poke|p2|Mew|
|poke|p2|Weavile, M|
|poke|p2|Celesteela|
|poke|p2|Crawdaunt, M|
|poke|p2|Garchomp, M|
|poke|p2|Blacephalon|
|teampreview
|j| luisYR_a
|j| LT91BB Mimi
|j| LT91BB FustJranco
|l| luisYR_a
|j| crosschampion
|j| edrala
|l| edrala
|j| Dr. Mirbro
|
|t:|1659104620
|start
|switch|p1a: Landorus|Landorus-Therian, M|100/100
|switch|p2a: リード|Mew, shiny|100/100
|-ability|p1a: Landorus|Intimidate|boost
|-unboost|p2a: リード|atk|1
|turn|1
|l| Dr. Mirbro
|j| LT91BB Tace
|j| Separation
|inactive|Battle timer is ON: inactive players will automatically lose when time's up. (requested by LT91BB N)
|j| CCLM
|
|t:|1659104630
|move|p2a: リード|Stealth Rock|p1a: Landorus
|-sidestart|p1: LT91BB N|move: Stealth Rock
|move|p1a: Landorus|Earthquake|p2a: リード
|-damage|p2a: リード|57/100
|
|upkeep
|turn|2
|j| FundHerLifestyle
|j| zhuaba
|
|t:|1659104646
|move|p2a: リード|Spikes|p1a: Landorus
|-sidestart|p1: LT91BB N|Spikes
|move|p1a: Landorus|Earthquake|p2a: リード
|-damage|p2a: リード|8/100
|
|upkeep
|turn|3
|j| acttdxby
|
|t:|1659104653
|move|p2a: リード|Taunt|p1a: Landorus
|-start|p1a: Landorus|move: Taunt
|move|p1a: Landorus|Earthquake|p2a: リード
|-damage|p2a: リード|0 fnt
|faint|p2a: リード
|
|upkeep
|
|t:|1659104659
|switch|p2a: 攻撃＃1|Weavile, M, shiny|100/100
|-ability|p2a: 攻撃＃1|Pressure
|turn|4
|
|t:|1659104661
|move|p2a: 攻撃＃1|Triple Axel|p1a: Landorus
|-supereffective|p1a: Landorus
|-damage|p1a: Landorus|41/100
|-supereffective|p1a: Landorus
|-damage|p1a: Landorus|0 fnt
|faint|p1a: Landorus
|-hitcount|p1: Landorus|2
|-damage|p2a: 攻撃＃1|91/100|[from] item: Life Orb
|
|upkeep
|j| Barracades
|j| Heinrich Kemmler
|
|t:|1659104666
|switch|p1a: Heatran|Heatran, M|100/100
|-damage|p1a: Heatran|88/100|[from] Stealth Rock
|-item|p1a: Heatran|Air Balloon
|turn|5
|j| reionatro
|
|t:|1659104673
|move|p2a: 攻撃＃1|Knock Off|p1a: Heatran
|-damage|p1a: Heatran|37/100
|-enditem|p1a: Heatran|Air Balloon
|-damage|p2a: 攻撃＃1|81/100|[from] item: Life Orb
|move|p1a: Heatran|Will-O-Wisp|p2a: 攻撃＃1
|-status|p2a: 攻撃＃1|brn
|
|-damage|p2a: 攻撃＃1|75/100 brn|[from] brn
|upkeep
|turn|6
|j| ClumsyClefable
|
|t:|1659104681
|switch|p2a: 攻撃＃4|Garchomp, M, shiny|100/100
|move|p1a: Heatran|Stealth Rock|p2a: 攻撃＃4
|-sidestart|p2: antarctozolt|move: Stealth Rock
|
|upkeep
|turn|7
|
|t:|1659104685
|move|p2a: 攻撃＃4|Swords Dance|p2a: 攻撃＃4
|-boost|p2a: 攻撃＃4|atk|2
|move|p1a: Heatran|Will-O-Wisp|p2a: 攻撃＃4
|-status|p2a: 攻撃＃4|brn
|-enditem|p2a: 攻撃＃4|Lum Berry|[eat]
|-curestatus|p2a: 攻撃＃4|brn|[msg]
|
|upkeep
|turn|8
|j| Drafeu-kun
|j| giove97
|l| LT91BB Tace
|j| Buraq
|
|t:|1659104713
|switch|p1a: Zapdos|Zapdos|100/100
|-damage|p1a: Zapdos|76/100|[from] Stealth Rock
|move|p2a: 攻撃＃4|Earthquake|p1a: Zapdos
|-immune|p1a: Zapdos
|
|upkeep
|turn|9
|l| ClumsyClefable
|
|t:|1659104726
|move|p2a: 攻撃＃4|Scale Shot|p1a: Zapdos
|-damage|p1a: Zapdos|44/100
|-damage|p1a: Zapdos|12/100
|-damage|p1a: Zapdos|0 fnt
|faint|p1a: Zapdos
|-hitcount|p1: Zapdos|3
|-unboost|p2a: 攻撃＃4|def|1
|-boost|p2a: 攻撃＃4|spe|1
|
|upkeep
|inactive|LT91BB N has 120 seconds left.
|
|t:|1659104748
|switch|p1a: Kartana|Kartana|100/100
|-damage|p1a: Kartana|94/100|[from] Stealth Rock
|-damage|p1a: Kartana|82/100|[from] Spikes
|turn|10
|
|t:|1659104751
|move|p1a: Kartana|Leaf Blade|p2a: 攻撃＃4
|-damage|p2a: 攻撃＃4|16/100
|-damage|p1a: Kartana|70/100|[from] ability: Rough Skin|[of] p2a: 攻撃＃4
|move|p2a: 攻撃＃4|Earthquake|p1a: Kartana
|-damage|p1a: Kartana|0 fnt
|faint|p1a: Kartana
|
|upkeep
|
|t:|1659104755
|switch|p1a: Moltres|Moltres-Galar|100/100
|turn|11
|
|t:|1659104770
|move|p2a: 攻撃＃4|Scale Shot|p1a: Moltres
|-damage|p1a: Moltres|71/100
|-damage|p1a: Moltres|41/100
|-hitcount|p1a: Moltres|2
|-ability|p1a: Moltres|Berserk|boost
|-boost|p1a: Moltres|spa|1
|-unboost|p2a: 攻撃＃4|def|1
|-boost|p2a: 攻撃＃4|spe|1
|move|p1a: Moltres|Fiery Wrath|p2a: 攻撃＃4
|-damage|p2a: 攻撃＃4|0 fnt
|faint|p2a: 攻撃＃4
|
|upkeep
|
|t:|1659104777
|switch|p2a: 攻撃＃1|Weavile, M, shiny|75/100 brn
|-damage|p2a: 攻撃＃1|50/100 brn|[from] Stealth Rock
|-ability|p2a: 攻撃＃1|Pressure
|turn|12
|
|t:|1659104784
|move|p2a: 攻撃＃1|Ice Shard|p1a: Moltres
|-supereffective|p1a: Moltres
|-damage|p1a: Moltres|8/100
|-damage|p2a: 攻撃＃1|40/100 brn|[from] item: Life Orb
|move|p1a: Moltres|Agility|p1a: Moltres
|-boost|p1a: Moltres|spe|2
|
|-damage|p2a: 攻撃＃1|34/100 brn|[from] brn
|upkeep
|turn|13
|
|t:|1659104789
|move|p2a: 攻撃＃1|Ice Shard|p1a: Moltres
|-supereffective|p1a: Moltres
|-damage|p1a: Moltres|0 fnt
|faint|p1a: Moltres
|-damage|p2a: 攻撃＃1|24/100 brn|[from] item: Life Orb
|
|-damage|p2a: 攻撃＃1|18/100 brn|[from] brn
|upkeep
|
|t:|1659104792
|switch|p1a: Tapu Fini|Tapu Fini|100/100
|-damage|p1a: Tapu Fini|88/100|[from] Stealth Rock
|-damage|p1a: Tapu Fini|75/100|[from] Spikes
|-fieldstart|move: Misty Terrain|[from] ability: Misty Surge|[of] p1a: Tapu Fini
|turn|14
|
|t:|1659104794
|move|p2a: 攻撃＃1|Knock Off|p1a: Tapu Fini
|-resisted|p1a: Tapu Fini
|-damage|p1a: Tapu Fini|59/100
|-enditem|p1a: Tapu Fini|Leftovers|[from] move: Knock Off|[of] p2a: 攻撃＃1
|-damage|p2a: 攻撃＃1|8/100 brn|[from] item: Life Orb
|move|p1a: Tapu Fini|Calm Mind|p1a: Tapu Fini
|-boost|p1a: Tapu Fini|spa|1
|-boost|p1a: Tapu Fini|spd|1
|
|-damage|p2a: 攻撃＃1|2/100 brn|[from] brn
|upkeep
|turn|15
|j| Enoryu
|
|t:|1659104803
|move|p2a: 攻撃＃1|Triple Axel|p1a: Tapu Fini
|-resisted|p1a: Tapu Fini
|-damage|p1a: Tapu Fini|56/100
|-resisted|p1a: Tapu Fini
|-crit|p1a: Tapu Fini
|-damage|p1a: Tapu Fini|48/100
|-resisted|p1a: Tapu Fini
|-damage|p1a: Tapu Fini|39/100
|-hitcount|p1a: Tapu Fini|3
|-damage|p2a: 攻撃＃1|0 fnt|[from] item: Life Orb
|faint|p2a: 攻撃＃1
|move|p1a: Tapu Fini|Calm Mind|p1a: Tapu Fini
|-boost|p1a: Tapu Fini|spa|1
|-boost|p1a: Tapu Fini|spd|1
|
|upkeep
|j| LT91BB skyfans
|l| reionatro
|j| LT91BB Tace
|j| LT91BB Ahsan
|
|t:|1659104822
|switch|p2a: 攻撃＃2|Celesteela, shiny|100/100
|-damage|p2a: 攻撃＃2|88/100|[from] Stealth Rock
|turn|16
|
|t:|1659104825
|move|p1a: Tapu Fini|Hydro Pump|p2a: 攻撃＃2
|-damage|p2a: 攻撃＃2|4/100
|move|p2a: 攻撃＃2|Meteor Beam||[still]
|-prepare|p2a: 攻撃＃2|Meteor Beam
|-boost|p2a: 攻撃＃2|spa|1
|-enditem|p2a: 攻撃＃2|Power Herb
|-anim|p2a: 攻撃＃2|Meteor Beam|p1a: Tapu Fini
|-damage|p1a: Tapu Fini|14/100
|
|upkeep
|turn|17
|
|t:|1659104835
|move|p1a: Tapu Fini|Draining Kiss|p2a: 攻撃＃2
|-resisted|p2a: 攻撃＃2
|-crit|p2a: 攻撃＃2
|-damage|p2a: 攻撃＃2|0 fnt
|-heal|p1a: Tapu Fini|16/100|[from] drain|[of] p2a: 攻撃＃2
|faint|p2a: 攻撃＃2
|
|upkeep
|
|t:|1659104841
|switch|p2a: 攻撃＃5|Blacephalon, shiny|100/100
|-damage|p2a: 攻撃＃5|76/100|[from] Stealth Rock
|turn|18
|
|t:|1659104844
|move|p2a: 攻撃＃5|Shadow Ball|p1a: Tapu Fini
|-damage|p1a: Tapu Fini|0 fnt
|faint|p1a: Tapu Fini
|-ability|p2a: 攻撃＃5|Beast Boost|boost
|-boost|p2a: 攻撃＃5|spa|1
|
|-fieldend|Misty Terrain
|upkeep
|-message|LT91BB N forfeited.
|
|win|antarctozolt
|raw|LT91BB N's rating: 1902 &rarr; <strong>1883</strong><br />(-19 for losing)
|raw|antarctozolt's rating: 1926 &rarr; <strong>1945</strong><br />(+19 for winning)
|l|☆LT91BB N
|l| LT91BB skyfans
|l| LT91BB Ahsan
|l| Buraq
|l| FundHerLifestyle
|l|☆antarctozolt
|l| Separation
|l| LT91BB Tace
|l| LT91BB FustJranco
|l| LT91BB Mimi
|l| giove97
|l| Enoryu
||Ladder isn't responding, score probably updated but might not have (Request timeout).
|j| egal★vanc
|l| acttdxby
|l| Drafeu-kun
|j| Nowelle
|l| Nowelle
|l| CCLM
|l| Heinrich Kemmler
|l| zhuaba
