|j|☆2(H2O)-Alt
|j|☆doodieray
|t:|1653462474
|gametype|singles
|player|p1|2(H2O)-Alt|viola|1434
|player|p2|doodieray|riley|1362
|teamsize|p1|6
|teamsize|p2|6
|gen|8
|tier|[Gen 8] OU
|rated|
|rule|Sleep Clause Mod: Limit one foe put to sleep
|rule|Species Clause: Limit one of each Pokémon
|rule|OHKO Clause: OHKO moves are banned
|rule|Evasion Moves Clause: Evasion moves are banned
|rule|Endless Battle Clause: Forcing endless battles is banned
|rule|HP Percentage Mod: HP is shown in percentages
|rule|Dynamax Clause: You cannot dynamax
|clearpoke
|poke|p1|Tapu Lele|
|poke|p1|Dragonite, M|
|poke|p1|Landorus-Therian, M|
|poke|p1|Melmetal|
|poke|p1|Toxapex, M|
|poke|p1|Magnezone|
|poke|p2|Garchomp, F|
|poke|p2|Ninetales-Alola, M|
|poke|p2|Cloyster, F|
|poke|p2|Weavile, M|
|poke|p2|Heatran, M|
|poke|p2|Gardevoir, F|
|teampreview
|inactive|Battle timer is ON: inactive players will automatically lose when time's up. (requested by doodieray)
|
|t:|1653462498
|start
|switch|p1a: Melmetal|Melmetal|100/100
|switch|p2a: Garchomp|Garchomp, F|100/100
|turn|1
|
|t:|1653462503
|move|p2a: Garchomp|Stealth Rock|p1a: Melmetal
|-sidestart|p1: 2(H2O)-Alt|move: Stealth Rock
|move|p1a: Melmetal|Iron Defense|p1a: Melmetal
|-boost|p1a: Melmetal|def|2
|
|upkeep
|turn|2
|
|t:|1653462508
|move|p2a: Garchomp|Flamethrower|p1a: Melmetal
|-supereffective|p1a: Melmetal
|-crit|p1a: Melmetal
|-damage|p1a: Melmetal|71/100
|move|p1a: Melmetal|Iron Defense|p1a: Melmetal
|-boost|p1a: Melmetal|def|2
|
|-heal|p1a: Melmetal|77/100|[from] item: Leftovers
|upkeep
|turn|3
|
|t:|1653462518
|move|p2a: Garchomp|Earthquake|p1a: Melmetal
|-supereffective|p1a: Melmetal
|-damage|p1a: Melmetal|62/100
|move|p1a: Melmetal|Body Press|p2a: Garchomp
|-damage|p2a: Garchomp|49/100
|-damage|p1a: Melmetal|49/100|[from] ability: Rough Skin|[of] p2a: Garchomp
|-damage|p1a: Melmetal|33/100|[from] item: Rocky Helmet|[of] p2a: Garchomp
|
|-heal|p1a: Melmetal|39/100|[from] item: Leftovers
|upkeep
|turn|4
|
|t:|1653462526
|move|p2a: Garchomp|Flamethrower|p1a: Melmetal
|-supereffective|p1a: Melmetal
|-damage|p1a: Melmetal|19/100
|move|p1a: Melmetal|Body Press|p2a: Garchomp
|-damage|p2a: Garchomp|0 fnt
|-damage|p1a: Melmetal|7/100|[from] ability: Rough Skin|[of] p2a: Garchomp
|-damage|p1a: Melmetal|0 fnt|[from] item: Rocky Helmet|[of] p2a: Garchomp
|faint|p2a: Garchomp
|faint|p1a: Melmetal
|
|upkeep
|
|t:|1653462540
|switch|p2a: Ninetales|Ninetales-Alola, M|100/100
|switch|p1a: Magnezone|Magnezone|100/100
|-weather|Hail|[from] ability: Snow Warning|[of] p2a: Ninetales
|-damage|p1a: Magnezone|94/100|[from] Stealth Rock
|turn|5
|
|t:|1653462544
|move|p2a: Ninetales|Aurora Veil|p2a: Ninetales
|-sidestart|p2: doodieray|move: Aurora Veil
|move|p1a: Magnezone|Flash Cannon|p2a: Ninetales
|-supereffective|p2a: Ninetales
|-damage|p2a: Ninetales|35/100
|-unboost|p2a: Ninetales|spd|1
|
|-weather|Hail|[upkeep]
|-damage|p1a: Magnezone|88/100|[from] Hail
|-heal|p1a: Magnezone|94/100|[from] item: Leftovers
|upkeep
|turn|6
|
|t:|1653462554
|move|p2a: Ninetales|Encore|p1a: Magnezone
|-start|p1a: Magnezone|Encore
|move|p1a: Magnezone|Flash Cannon|p2a: Ninetales
|-supereffective|p2a: Ninetales
|-damage|p2a: Ninetales|0 fnt
|faint|p2a: Ninetales
|
|-weather|Hail|[upkeep]
|-damage|p1a: Magnezone|88/100|[from] Hail
|-heal|p1a: Magnezone|94/100|[from] item: Leftovers
|upkeep
|
|t:|1653462559
|switch|p2a: Cloyster|Cloyster, F|100/100
|turn|7
|
|t:|1653462563
|move|p2a: Cloyster|Shell Smash|p2a: Cloyster
|-unboost|p2a: Cloyster|def|1
|-unboost|p2a: Cloyster|spd|1
|-boost|p2a: Cloyster|atk|2
|-boost|p2a: Cloyster|spa|2
|-boost|p2a: Cloyster|spe|2
|move|p1a: Magnezone|Flash Cannon|p2a: Cloyster
|-damage|p2a: Cloyster|25/100
|
|-weather|Hail|[upkeep]
|-damage|p1a: Magnezone|88/100|[from] Hail
|-heal|p1a: Magnezone|94/100|[from] item: Leftovers
|upkeep
|turn|8
|
|t:|1653462565
|move|p2a: Cloyster|Hydro Pump|p1a: Magnezone
|-damage|p1a: Magnezone|3/100
|move|p1a: Magnezone|Flash Cannon|p2a: Cloyster
|-damage|p2a: Cloyster|0 fnt
|faint|p2a: Cloyster
|
|-weather|Hail|[upkeep]
|-damage|p1a: Magnezone|0 fnt|[from] Hail
|faint|p1a: Magnezone
|upkeep
|
|t:|1653462579
|switch|p2a: Heatran|Heatran, M|100/100
|switch|p1a: Tapu Lele|Tapu Lele, shiny|100/100
|-damage|p1a: Tapu Lele|88/100|[from] Stealth Rock
|-fieldstart|move: Psychic Terrain|[from] ability: Psychic Surge|[of] p1a: Tapu Lele
|turn|9
|
|t:|1653462585
|switch|p1a: Landorus|Landorus-Therian, M|100/100
|-damage|p1a: Landorus|88/100|[from] Stealth Rock
|-ability|p1a: Landorus|Intimidate|boost
|-unboost|p2a: Heatran|atk|1
|move|p2a: Heatran|Magma Storm|p1a: Landorus
|-damage|p1a: Landorus|50/100
|-activate|p1a: Landorus|move: Magma Storm|[of] p2a: Heatran
|
|-weather|none
|-heal|p1a: Landorus|57/100|[from] item: Leftovers
|-damage|p1a: Landorus|44/100|[from] move: Magma Storm|[partiallytrapped]
|upkeep
|turn|10
|
|t:|1653462593
|switch|p2a: Gardevoir|Gardevoir, F|100/100
|-ability|p2a: Gardevoir|Intimidate|[from] ability: Trace|[of] p1a: Landorus
|-ability|p2a: Gardevoir|Intimidate|boost
|-unboost|p1a: Landorus|atk|1
|move|p1a: Landorus|Stealth Rock|p2a: Gardevoir
|-sidestart|p2: doodieray|move: Stealth Rock
|
|-heal|p1a: Landorus|50/100|[from] item: Leftovers
|-end|p1a: Landorus|Magma Storm|[partiallytrapped]|[silent]
|upkeep
|turn|11
|
|t:|1653462601
|move|p2a: Gardevoir|Psychic|p1a: Landorus
|-crit|p1a: Landorus
|-damage|p1a: Landorus|0 fnt
|faint|p1a: Landorus
|
|upkeep
|
|t:|1653462605
|switch|p1a: Tapu Lele|Tapu Lele, shiny|88/100
|-damage|p1a: Tapu Lele|76/100|[from] Stealth Rock
|turn|12
|
|t:|1653462608
|move|p1a: Tapu Lele|Future Sight|p2a: Gardevoir
|-start|p1a: Tapu Lele|move: Future Sight
|move|p2a: Gardevoir|Psychic|p1a: Tapu Lele
|-resisted|p1a: Tapu Lele
|-damage|p1a: Tapu Lele|46/100
|
|-sideend|p2: doodieray|move: Aurora Veil
|upkeep
|turn|13
|
|t:|1653462616
|switch|p1a: Dragonite|Dragonite, M|100/100
|move|p2a: Gardevoir|Psychic|p1a: Dragonite
|-damage|p1a: Dragonite|67/100
|
|-fieldend|move: Psychic Terrain
|upkeep
|turn|14
|
|t:|1653462619
|switch|p2a: Weavile|Weavile, M|100/100
|-ability|p2a: Weavile|Pressure
|move|p1a: Dragonite|Roost|p1a: Dragonite
|-heal|p1a: Dragonite|100/100
|-singleturn|p1a: Dragonite|move: Roost
|
|-end|p2a: Weavile|move: Future Sight
|-immune|p2a: Weavile
|upkeep
|turn|15
|
|t:|1653462621
|switch|p1a: Toxapex|Toxapex, M, shiny|100/100
|-damage|p1a: Toxapex|88/100|[from] Stealth Rock
|move|p2a: Weavile|Triple Axel|p1a: Toxapex
|-resisted|p1a: Toxapex
|-damage|p1a: Toxapex|85/100
|-resisted|p1a: Toxapex
|-damage|p1a: Toxapex|79/100
|-hitcount|p1a: Toxapex|2
|-enditem|p1a: Toxapex|Eject Button
|
|t:|1653462626
|switch|p1a: Tapu Lele|Tapu Lele, shiny|46/100
|-damage|p1a: Tapu Lele|33/100|[from] Stealth Rock
|-fieldstart|move: Psychic Terrain|[from] ability: Psychic Surge|[of] p1a: Tapu Lele
|
|upkeep
|turn|16
|
|t:|1653462632
|switch|p2a: Heatran|Heatran, M|100/100
|-damage|p2a: Heatran|88/100|[from] Stealth Rock
|move|p1a: Tapu Lele|Focus Blast|p2a: Heatran
|-supereffective|p2a: Heatran
|-damage|p2a: Heatran|3/100
|
|-heal|p2a: Heatran|9/100|[from] item: Leftovers
|upkeep
|turn|17
|
|t:|1653462636
|move|p1a: Tapu Lele|Focus Blast|p2a: Heatran
|-supereffective|p2a: Heatran
|-damage|p2a: Heatran|0 fnt
|faint|p2a: Heatran
|
|upkeep
|
|t:|1653462638
|switch|p2a: Gardevoir|Gardevoir, F|100/100
|-damage|p2a: Gardevoir|88/100|[from] Stealth Rock
|-ability|p2a: Gardevoir|Psychic Surge|[from] ability: Trace|[of] p1a: Tapu Lele
|turn|18
|
|t:|1653462648
|switch|p1a: Dragonite|Dragonite, M|100/100
|move|p2a: Gardevoir|Psychic|p1a: Dragonite
|-damage|p1a: Dragonite|70/100
|
|upkeep
|turn|19
|
|t:|1653462651
|move|p2a: Gardevoir|Psychic|p1a: Dragonite
|-damage|p1a: Dragonite|7/100
|move|p1a: Dragonite|Roost|p1a: Dragonite
|-heal|p1a: Dragonite|57/100
|-singleturn|p1a: Dragonite|move: Roost
|
|-fieldend|move: Psychic Terrain
|upkeep
|turn|20
|
|t:|1653462654
|move|p2a: Gardevoir|Psychic|p1a: Dragonite
|-damage|p1a: Dragonite|10/100
|move|p1a: Dragonite|Roost|p1a: Dragonite
|-heal|p1a: Dragonite|60/100
|-singleturn|p1a: Dragonite|move: Roost
|
|upkeep
|turn|21
|
|t:|1653462660
|move|p2a: Gardevoir|Psychic|p1a: Dragonite
|-damage|p1a: Dragonite|9/100
|move|p1a: Dragonite|Roost|p1a: Dragonite
|-heal|p1a: Dragonite|59/100
|-singleturn|p1a: Dragonite|move: Roost
|
|upkeep
|turn|22
|
|t:|1653462667
|move|p2a: Gardevoir|Psychic|p1a: Dragonite
|-damage|p1a: Dragonite|7/100
|move|p1a: Dragonite|Roost|p1a: Dragonite
|-heal|p1a: Dragonite|57/100
|-singleturn|p1a: Dragonite|move: Roost
|
|upkeep
|turn|23
|
|t:|1653462672
|move|p2a: Gardevoir|Psychic|p1a: Dragonite
|-damage|p1a: Dragonite|10/100
|move|p1a: Dragonite|Roost|p1a: Dragonite
|-heal|p1a: Dragonite|60/100
|-singleturn|p1a: Dragonite|move: Roost
|
|upkeep
|turn|24
|
|t:|1653462675
|move|p2a: Gardevoir|Psychic|p1a: Dragonite
|-damage|p1a: Dragonite|8/100
|move|p1a: Dragonite|Roost|p1a: Dragonite
|-heal|p1a: Dragonite|58/100
|-singleturn|p1a: Dragonite|move: Roost
|
|upkeep
|turn|25
|
|t:|1653462679
|move|p2a: Gardevoir|Psychic|p1a: Dragonite
|-damage|p1a: Dragonite|9/100
|move|p1a: Dragonite|Roost|p1a: Dragonite
|-heal|p1a: Dragonite|59/100
|-singleturn|p1a: Dragonite|move: Roost
|
|upkeep
|turn|26
|
|t:|1653462682
|move|p2a: Gardevoir|Psychic|p1a: Dragonite
|-damage|p1a: Dragonite|14/100
|move|p1a: Dragonite|Roost|p1a: Dragonite
|-heal|p1a: Dragonite|64/100
|-singleturn|p1a: Dragonite|move: Roost
|
|upkeep
|turn|27
|
|t:|1653462688
|switch|p2a: Weavile|Weavile, M|100/100
|-ability|p2a: Weavile|Pressure
|move|p1a: Dragonite|Roost|p1a: Dragonite
|-heal|p1a: Dragonite|100/100
|-singleturn|p1a: Dragonite|move: Roost
|
|upkeep
|turn|28
|
|t:|1653462691
|switch|p1a: Toxapex|Toxapex, M, shiny|100/100
|-damage|p1a: Toxapex|88/100|[from] Stealth Rock
|move|p2a: Weavile|Swords Dance|p2a: Weavile
|-boost|p2a: Weavile|atk|2
|
|upkeep
|turn|29
|
|t:|1653462693
|move|p2a: Weavile|Knock Off|p1a: Toxapex
|-damage|p1a: Toxapex|50/100
|move|p1a: Toxapex|Haze|p1a: Toxapex
|-clearallboost
|
|upkeep
|turn|30
|
|t:|1653462699
|move|p2a: Weavile|Swords Dance|p2a: Weavile
|-boost|p2a: Weavile|atk|2
|move|p1a: Toxapex|Recover|p1a: Toxapex
|-heal|p1a: Toxapex|99/100
|
|upkeep
|turn|31
|
|t:|1653462703
|move|p2a: Weavile|Knock Off|p1a: Toxapex
|-damage|p1a: Toxapex|58/100
|move|p1a: Toxapex|Haze|p1a: Toxapex
|-clearallboost
|
|upkeep
|turn|32
|
|t:|1653462713
|switch|p2a: Gardevoir|Gardevoir, F|88/100
|-damage|p2a: Gardevoir|76/100|[from] Stealth Rock
|-ability|p2a: Gardevoir|Regenerator|[from] ability: Trace|[of] p1a: Toxapex
|move|p1a: Toxapex|Recover|p1a: Toxapex
|-heal|p1a: Toxapex|100/100
|
|upkeep
|turn|33
|
|t:|1653462721
|switch|p1a: Dragonite|Dragonite, M|100/100
|move|p2a: Gardevoir|Moonblast|p1a: Dragonite
|-supereffective|p1a: Dragonite
|-damage|p1a: Dragonite|48/100
|
|upkeep
|turn|34
|
|t:|1653462726
|switch|p1a: Toxapex|Toxapex, M, shiny|100/100
|-damage|p1a: Toxapex|88/100|[from] Stealth Rock
|move|p2a: Gardevoir|Moonblast|p1a: Toxapex
|-resisted|p1a: Toxapex
|-damage|p1a: Toxapex|67/100
|-unboost|p1a: Toxapex|spa|1
|
|upkeep
|turn|35
|
|t:|1653462730
|switch|p2a: Weavile|Weavile, M|100/100
|-ability|p2a: Weavile|Pressure
|move|p1a: Toxapex|Scald|p2a: Weavile
|-damage|p2a: Weavile|83/100
|
|upkeep
|turn|36
|
|t:|1653462740
|switch|p2a: Gardevoir|Gardevoir, F|100/100
|-damage|p2a: Gardevoir|88/100|[from] Stealth Rock
|-ability|p2a: Gardevoir|Regenerator|[from] ability: Trace|[of] p1a: Toxapex
|move|p1a: Toxapex|Scald|p2a: Gardevoir
|-damage|p2a: Gardevoir|75/100
|-status|p2a: Gardevoir|brn
|
|-damage|p2a: Gardevoir|69/100 brn|[from] brn
|upkeep
|turn|37
|
|t:|1653462744
|switch|p1a: Dragonite|Dragonite, M|48/100
|move|p2a: Gardevoir|Psychic|p1a: Dragonite
|-damage|p1a: Dragonite|0 fnt
|faint|p1a: Dragonite
|
|-damage|p2a: Gardevoir|63/100 brn|[from] brn
|upkeep
|
|t:|1653462747
|switch|p1a: Tapu Lele|Tapu Lele, shiny|33/100
|-damage|p1a: Tapu Lele|21/100|[from] Stealth Rock
|-fieldstart|move: Psychic Terrain|[from] ability: Psychic Surge|[of] p1a: Tapu Lele
|turn|38
|
|t:|1653462751
|move|p1a: Tapu Lele|Moonblast|p2a: Gardevoir
|-damage|p2a: Gardevoir|8/100 brn
|move|p2a: Gardevoir|Psychic|p1a: Tapu Lele
|-resisted|p1a: Tapu Lele
|-damage|p1a: Tapu Lele|0 fnt
|faint|p1a: Tapu Lele
|
|-damage|p2a: Gardevoir|2/100 brn|[from] brn
|upkeep
|
|t:|1653462753
|switch|p1a: Toxapex|Toxapex, M, shiny|100/100
|-damage|p1a: Toxapex|88/100|[from] Stealth Rock
|turn|39
|
|t:|1653462757
|move|p2a: Gardevoir|Psychic|p1a: Toxapex
|-supereffective|p1a: Toxapex
|-damage|p1a: Toxapex|0 fnt
|faint|p1a: Toxapex
|
|win|doodieray
|raw|2(H2O)-Alt's rating: 1434 &rarr; <strong>1410</strong><br />(-24 for losing)
|raw|doodieray's rating: 1362 &rarr; <strong>1386</strong><br />(+24 for winning)
|l|☆2(H2O)-Alt
|c|☆doodieray|Gg
