|j|☆RipReckful
|j|☆Politoed
|inactive|Battle timer is ON: inactive players will automatically lose when time's up.
|t:|1641913400
|gametype|singles
|player|p1|RipReckful|lucas|
|player|p2|Politoed|#politoed|
|teamsize|p1|6
|teamsize|p2|6
|gen|8
|tier|[Gen 8] OU
|rated|Tournament battle
|rule|Sleep Clause Mod: Limit one foe put to sleep
|rule|Species Clause: Limit one of each Pokémon
|rule|OHKO Clause: OHKO moves are banned
|rule|Evasion Moves Clause: Evasion moves are banned
|rule|Endless Battle Clause: Forcing endless battles is banned
|rule|HP Percentage Mod: HP is shown in percentages
|rule|Dynamax Clause: You cannot dynamax
|clearpoke
|poke|p1|Seismitoad, M|
|poke|p1|Dracovish|
|poke|p1|Corviknight, F|
|poke|p1|Urshifu-*, M|
|poke|p1|Kyurem|
|poke|p1|Clefable, M|
|poke|p2|Politoed, M|
|poke|p2|Blissey, F|
|poke|p2|Melmetal|
|poke|p2|Tornadus-Therian, M|
|poke|p2|Toxapex, F|
|poke|p2|Hippowdon, M|
|teampreview
|inactive|RipReckful also wants the timer to be on.
|j| Lane_Alih
|j| PurpleBeans13
|j| Pheomelanin
|c|☆Politoed|L
|j| Weaselfie ☾
|j| ian_yo
|c|☆Politoed|hf
|j| Popeye666
|j|%Mimikyu Stardust
|c|☆RipReckful|hf
|c|☆Politoed|I mean this dracovish is just going to fuck me up real bad
|j| I Suck Smh
|c|☆RipReckful|yep
|inactive|Politoed has 120 seconds left.
|
|t:|1641913431
|start
|switch|p1a: Kyurem|Kyurem|100/100
|switch|p2a: Melmetal|Melmetal|100/100
|-ability|p1a: Kyurem|Pressure
|turn|1
|c| PurpleBeans13|da **VISH**
|j| amm17
|j| best to be worst
|
|t:|1641913437
|switch|p1a: Corviknight|Corviknight, F|100/100
|-ability|p1a: Corviknight|Pressure
|move|p2a: Melmetal|Double Iron Bash|p1a: Corviknight
|-resisted|p1a: Corviknight
|-damage|p1a: Corviknight|85/100
|-resisted|p1a: Corviknight
|-damage|p1a: Corviknight|72/100
|-hitcount|p1a: Corviknight|2
|
|-heal|p1a: Corviknight|78/100|[from] item: Leftovers
|upkeep
|turn|2
|c| Popeye666|mr fish
|c|%Mimikyu Stardust|if only Politoed has an ability that neutralizes water moves
|c|%Mimikyu Stardust|damn
|
|t:|1641913445
|move|p1a: Corviknight|Roost|p1a: Corviknight
|-heal|p1a: Corviknight|100/100
|-singleturn|p1a: Corviknight|move: Roost
|move|p2a: Melmetal|Thunder Wave|p1a: Corviknight
|-status|p1a: Corviknight|par
|
|upkeep
|turn|3
|c|☆Politoed|lmao
|c|☆Politoed|plot twist
|j| cute asian gurl
|c|☆Politoed|its water absorb
|
|t:|1641913457
|move|p2a: Melmetal|Double Iron Bash|p1a: Corviknight
|-resisted|p1a: Corviknight
|-crit|p1a: Corviknight
|-damage|p1a: Corviknight|79/100 par
|-resisted|p1a: Corviknight
|-damage|p1a: Corviknight|66/100 par
|-hitcount|p1a: Corviknight|2
|cant|p1a: Corviknight|flinch
|
|-heal|p1a: Corviknight|72/100 par|[from] item: Leftovers
|upkeep
|turn|4
|
|t:|1641913463
|move|p2a: Melmetal|Double Iron Bash|p1a: Corviknight
|-resisted|p1a: Corviknight
|-damage|p1a: Corviknight|58/100 par
|-resisted|p1a: Corviknight
|-damage|p1a: Corviknight|44/100 par
|-hitcount|p1a: Corviknight|2
|cant|p1a: Corviknight|flinch
|
|-heal|p1a: Corviknight|51/100 par|[from] item: Leftovers
|upkeep
|turn|5
|c| I Suck Smh|My man politoed  based
|
|t:|1641913469
|move|p2a: Melmetal|Double Iron Bash|p1a: Corviknight
|-resisted|p1a: Corviknight
|-damage|p1a: Corviknight|37/100 par
|-resisted|p1a: Corviknight
|-damage|p1a: Corviknight|23/100 par
|-hitcount|p1a: Corviknight|2
|cant|p1a: Corviknight|flinch
|
|-heal|p1a: Corviknight|30/100 par|[from] item: Leftovers
|upkeep
|turn|6
|c| I Suck Smh|Politoed cooler than pelli
|
|t:|1641913476
|move|p2a: Melmetal|Thunder Punch|p1a: Corviknight
|-supereffective|p1a: Corviknight
|-damage|p1a: Corviknight|0 fnt
|faint|p1a: Corviknight
|
|upkeep
|c| best to be worst|mad lad
|j| Sora-siki
|c|%Mimikyu Stardust|and now clef walls
|c|☆Politoed|ikr
|c|☆RipReckful|damn u had it the whole time
|c|☆Politoed|yea
|c|☆Politoed|forgot about pressure tho
|c| ian_yo|did someone say based when they clicked dib pads with twave
|c|☆Politoed|best player ever
|inactive|RipReckful has 120 seconds left.
|
|t:|1641913512
|switch|p1a: Urshifu|Urshifu, M|100/100
|turn|7
|c|☆Politoed|not
|l|%Mimikyu Stardust
|c| I Suck Smh|Ian yo im talking about politoed
|c| I Suck Smh|It is based
|
|t:|1641913519
|switch|p2a: Toxapex|Toxapex, F|100/100
|move|p1a: Urshifu|U-turn|p2a: Toxapex
|-resisted|p2a: Toxapex
|-damage|p2a: Toxapex|93/100
|-damage|p1a: Urshifu|84/100|[from] item: Rocky Helmet|[of] p2a: Toxapex
|
|t:|1641913523
|switch|p1a: Kyurem|Kyurem|100/100|[from]move: U-turn
|-ability|p1a: Kyurem|Pressure
|
|upkeep
|turn|8
|l| amm17
|
|t:|1641913550
|switch|p1a: Dracovish|Dracovish|100/100
|switch|p2a: Blissey|Blissey, F|100/100
|
|upkeep
|turn|9
|c|☆RipReckful|this is gonna be satisfying
|
|t:|1641913563
|switch|p2a: Toxapex|Toxapex, F|100/100
|move|p1a: Dracovish|Fishious Rend|p2a: Toxapex
|-resisted|p2a: Toxapex
|-damage|p2a: Toxapex|47/100
|-damage|p1a: Dracovish|84/100|[from] item: Rocky Helmet|[of] p2a: Toxapex
|
|upkeep
|turn|10
|c| Popeye666|heres mr fish
|c| I Suck Smh|Ahj
|c| I Suck Smh|The fun
|c| Weaselfie ☾|boink
|c|☆RipReckful|nice 2hko
|c|☆RipReckful|yummy
|
|t:|1641913575
|switch|p2a: Melmetal|Melmetal|100/100
|move|p1a: Dracovish|Fishious Rend|p2a: Melmetal
|-damage|p2a: Melmetal|0 fnt
|faint|p2a: Melmetal
|
|upkeep
|c| cute asian gurl|i hope this is baneful
|c| I Suck Smh|This is why we needed shed
|c|☆RipReckful|oooh
|c| best to be worst|fishy fishy
|c| Popeye666|OH GOD
|c| I Suck Smh|TF
|c| cute asian gurl|ah
|inactive|Politoed has 120 seconds left.
|c| I Suck Smh|HOW??????
|c|☆RipReckful|man i miss this guy
|c|☆Politoed|rips
|c|☆Politoed|i don't
|c|☆Politoed|already
|c| Popeye666|HOLY SHIT
|c| PurpleBeans13|**VISH GO BRRRR**
|c| Weaselfie ☾|u got torn
|c| I Suck Smh|How can a non super effective move ohko melm
|c| Weaselfie ☾|u won
|
|t:|1641913607
|switch|p2a: Tornadus|Tornadus-Therian, M|100/100
|turn|11
|c| best to be worst|wait poli not water absorb?
|
|t:|1641913613
|switch|p1a: Clefable|Clefable, M|100/100
|move|p2a: Tornadus|U-turn|p1a: Clefable
|-resisted|p1a: Clefable
|-damage|p1a: Clefable|95/100
|
|t:|1641913616
|switch|p2a: Politoed|Politoed, M, shiny|100/100|[from]move: U-turn
|-weather|RainDance|[from] ability: Drizzle|[of] p2a: Politoed
|
|-weather|RainDance|[upkeep]
|-heal|p1a: Clefable|100/100|[from] item: Leftovers
|upkeep
|turn|12
|c| I Suck Smh|Especially if it is physical
|c| Popeye666|thank you mr fish
|
|t:|1641913621
|switch|p1a: Kyurem|Kyurem|100/100
|-ability|p1a: Kyurem|Pressure
|move|p2a: Politoed|Whirlpool|p1a: Kyurem
|-resisted|p1a: Kyurem
|-damage|p1a: Kyurem|92/100
|-activate|p1a: Kyurem|move: Whirlpool|[of] p2a: Politoed
|
|-weather|RainDance|[upkeep]
|-damage|p1a: Kyurem|80/100|[from] move: Whirlpool|[partiallytrapped]
|upkeep
|turn|13
|j| fruityiscool423
|c| best to be worst|LOL
|c| I Suck Smh|Like that was
|c| I Suck Smh|Godly
|
|t:|1641913630
|switch|p2a: Blissey|Blissey, F|100/100
|move|p1a: Kyurem|Freeze-Dry|p2a: Blissey
|-damage|p2a: Blissey|86/100
|
|-weather|RainDance|[upkeep]
|-end|p1a: Kyurem|Whirlpool|[partiallytrapped]|[silent]
|upkeep
|turn|14
|c| cute asian gurl|why would you make yourself even more weak to vish  lmao
|
|t:|1641913638
|switch|p1a: Dracovish|Dracovish|84/100
|move|p2a: Blissey|Teleport|p2a: Blissey
|c| PurpleBeans13|unban vish?
|
|t:|1641913645
|switch|p2a: Tornadus|Tornadus-Therian, M|100/100|[from]move: Teleport
|
|-weather|RainDance|[upkeep]
|upkeep
|turn|15
|j|%Mimikyu Stardust
|l| I Suck Smh
|c| PurpleBeans13|plz?
|c| PurpleBeans13|not broen
|j| fdfdddddddd
|c| Popeye666|oh no
|j| AB0102
|
|t:|1641913670
|switch|p1a: Clefable|Clefable, M|100/100
|move|p2a: Tornadus|Hurricane|p1a: Clefable
|-damage|p1a: Clefable|50/100
|
|-weather|none
|-heal|p1a: Clefable|56/100|[from] item: Leftovers
|upkeep
|turn|16
|j| youspinme
|
|t:|1641913685
|move|p2a: Tornadus|U-turn|p1a: Clefable
|-resisted|p1a: Clefable
|-crit|p1a: Clefable
|-damage|p1a: Clefable|47/100
|
|t:|1641913686
|switch|p2a: Politoed|Politoed, M, shiny|100/100|[from]move: U-turn
|-weather|RainDance|[from] ability: Drizzle|[of] p2a: Politoed
|move|p1a: Clefable|Thunder Wave|p2a: Politoed
|-status|p2a: Politoed|par
|
|-weather|RainDance|[upkeep]
|-heal|p1a: Clefable|53/100|[from] item: Leftovers
|upkeep
|turn|17
|
|t:|1641913691
|switch|p1a: Dracovish|Dracovish|84/100
|cant|p2a: Politoed|par
|
|-weather|RainDance|[upkeep]
|upkeep
|turn|18
|
|t:|1641913710
|move|p1a: Dracovish|Fishious Rend|p2a: Politoed
|-resisted|p2a: Politoed
|-damage|p2a: Politoed|6/100 par
|move|p2a: Politoed|Whirlpool|p1a: Dracovish
|-resisted|p1a: Dracovish
|-damage|p1a: Dracovish|79/100
|-activate|p1a: Dracovish|move: Whirlpool|[of] p2a: Politoed
|
|-weather|RainDance|[upkeep]
|-damage|p1a: Dracovish|67/100|[from] move: Whirlpool|[partiallytrapped]
|upkeep
|turn|19
|l|%Mimikyu Stardust
|c|☆Politoed|don't ohko the toed
|c|☆Politoed|this game is a win already
|j| IlMagico
|
|t:|1641913730
|move|p1a: Dracovish|Fishious Rend|p2a: Politoed
|-resisted|p2a: Politoed
|-damage|p2a: Politoed|0 fnt
|faint|p2a: Politoed
|
|-weather|RainDance|[upkeep]
|-end|p1a: Dracovish|Whirlpool|[partiallytrapped]|[silent]
|upkeep
|c| best to be worst|Wp
|
|t:|1641913732
|switch|p2a: Tornadus|Tornadus-Therian, M|100/100
|turn|20
|j| gewwge
|c| PurpleBeans13|well vished
|
|t:|1641913740
|move|p2a: Tornadus|Nasty Plot|p2a: Tornadus
|-boost|p2a: Tornadus|spa|2
|move|p1a: Dracovish|Fishious Rend|p2a: Tornadus
|-damage|p2a: Tornadus|0 fnt
|faint|p2a: Tornadus
|
|-weather|none
|upkeep
|c|☆Politoed|shit
|c|☆Politoed|lol
|c| Popeye666|oh god
|
|t:|1641913750
|switch|p2a: Toxapex|Toxapex, F|80/100
|turn|21
|c| best to be worst|lool
|c| youspinme|you got dracovish'd
|c|☆RipReckful|idk why we banned vish tbh
|c| best to be worst|y?
|c|☆RipReckful|seems balanced
|
|t:|1641913762
|switch|p1a: Clefable|Clefable, M|53/100
|move|p2a: Toxapex|Recover|p2a: Toxapex
|-heal|p2a: Toxapex|100/100
|
|-heal|p1a: Clefable|59/100|[from] item: Leftovers
|upkeep
|turn|22
|c| Weaselfie ☾|didnt hurricane kill something tho
|c| youspinme|yea
|c|☆Politoed|I have no idea either
|c| Popeye666|compleatly
|c| Weaselfie ☾|why not go for it
|c| best to be worst|ye vish for 2022
|c| PurpleBeans13|yeah vish very niche pick imo
|c|☆Politoed|i was like
|c|☆Politoed|if i np
|c|☆Politoed|I could win
|c|☆Politoed|lol
|c| cute asian gurl|why did you remove shed from your team tho
|
|t:|1641913792
|move|p1a: Clefable|Knock Off|p2a: Toxapex
|-damage|p2a: Toxapex|91/100
|-enditem|p2a: Toxapex|Rocky Helmet|[from] move: Knock Off|[of] p1a: Clefable
|move|p2a: Toxapex|Toxic|p1a: Clefable
|-status|p1a: Clefable|tox
|
|-heal|p1a: Clefable|65/100 tox|[from] item: Leftovers
|upkeep
|turn|23
|
|t:|1641913797
|switch|p2a: Hippowdon|Hippowdon, M|100/100
|-weather|Sandstorm|[from] ability: Sand Stream|[of] p2a: Hippowdon
|move|p1a: Clefable|Thunder Wave|p2a: Hippowdon
|-immune|p2a: Hippowdon
|
|-weather|Sandstorm|[upkeep]
|-heal|p1a: Clefable|72/100 tox|[from] item: Leftovers
|upkeep
|turn|24
|c| best to be worst|but he had no hurrican switch in
|c| Weaselfie ☾|np on a vish is risky af lmao
|c| PurpleBeans13|just vish
|c|☆Politoed|this is another team on its own cute asian girl
|c| cute asian gurl|shed + pex walled vish / darm / kyu everything thats unabanned
|inactive|Politoed has 120 seconds left.
|c|☆Politoed|i didn't know their team ey
|
|t:|1641913834
|switch|p1a: Seismitoad|Seismitoad, M|100/100
|move|p2a: Hippowdon|Stealth Rock|p1a: Seismitoad
|-sidestart|p1: RipReckful|move: Stealth Rock
|
|-weather|Sandstorm|[upkeep]
|upkeep
|turn|25
|c|☆RipReckful|urshifu would melt pex/shed
|c| PurpleBeans13|r.i.v.
|
|t:|1641913852
|move|p1a: Seismitoad|Stealth Rock|p2a: Hippowdon
|-sidestart|p2: Politoed|move: Stealth Rock
|move|p2a: Hippowdon|Toxic|p1a: Seismitoad
|-status|p1a: Seismitoad|tox
|
|-weather|Sandstorm|[upkeep]
|-damage|p1a: Seismitoad|94/100 tox|[from] psn
|upkeep
|turn|26
|c| best to be worst|best shed set is sandstorm shed
|
|t:|1641913856
|move|p1a: Seismitoad|Toxic|p2a: Hippowdon
|-status|p2a: Hippowdon|tox
|move|p2a: Hippowdon|Slack Off||[still]
|-fail|p2a: Hippowdon|heal
|
|-weather|Sandstorm|[upkeep]
|-heal|p1a: Seismitoad|100/100 tox|[from] item: Leftovers
|-damage|p1a: Seismitoad|88/100 tox|[from] psn
|-damage|p2a: Hippowdon|94/100 tox|[from] psn
|upkeep
|turn|27
|c| PurpleBeans13|rest in vish
|
|t:|1641913861
|move|p1a: Seismitoad|Scald|p2a: Hippowdon
|-supereffective|p2a: Hippowdon
|-damage|p2a: Hippowdon|42/100 tox
|move|p2a: Hippowdon|Toxic|p1a: Seismitoad|[miss]
|-miss|p2a: Hippowdon|p1a: Seismitoad
|
|-weather|none
|-heal|p1a: Seismitoad|94/100 tox|[from] item: Leftovers
|-heal|p2a: Hippowdon|49/100 tox|[from] item: Leftovers
|-damage|p1a: Seismitoad|76/100 tox|[from] psn
|-damage|p2a: Hippowdon|36/100 tox|[from] psn
|upkeep
|turn|28
|
|t:|1641913866
|switch|p1a: Dracovish|Dracovish|67/100
|-damage|p1a: Dracovish|54/100|[from] Stealth Rock
|switch|p2a: Blissey|Blissey, F|86/100
|
|upkeep
|turn|29
|
|t:|1641913879
|switch|p2a: Toxapex|Toxapex, F|100/100
|-damage|p2a: Toxapex|88/100|[from] Stealth Rock
|move|p1a: Dracovish|Fishious Rend|p2a: Toxapex
|-resisted|p2a: Toxapex
|-damage|p2a: Toxapex|38/100
|
|upkeep
|turn|30
|c| PurpleBeans13|omg
|c| fruityiscool423|goodbiee
|
|t:|1641913890
|switch|p2a: Hippowdon|Hippowdon, M|36/100 tox
|-damage|p2a: Hippowdon|30/100 tox|[from] Stealth Rock
|-weather|Sandstorm|[from] ability: Sand Stream|[of] p2a: Hippowdon
|move|p1a: Dracovish|Fishious Rend|p2a: Hippowdon
|-supereffective|p2a: Hippowdon
|-damage|p2a: Hippowdon|0 fnt
|faint|p2a: Hippowdon
|
|-weather|Sandstorm|[upkeep]
|-damage|p1a: Dracovish|48/100|[from] Sandstorm
|upkeep
|j| I Suck Smh
|
|t:|1641913892
|switch|p2a: Toxapex|Toxapex, F|72/100
|-damage|p2a: Toxapex|60/100|[from] Stealth Rock
|turn|31
|l| fruityiscool423
|
|t:|1641913900
|switch|p1a: Kyurem|Kyurem|80/100
|-damage|p1a: Kyurem|55/100|[from] Stealth Rock
|-ability|p1a: Kyurem|Pressure
|move|p2a: Toxapex|Recover|p2a: Toxapex
|-heal|p2a: Toxapex|100/100
|
|-weather|Sandstorm|[upkeep]
|-damage|p1a: Kyurem|49/100|[from] Sandstorm
|-damage|p2a: Toxapex|95/100|[from] Sandstorm
|upkeep
|turn|32
|
|t:|1641913904
|move|p1a: Kyurem|Freeze-Dry|p2a: Toxapex
|-supereffective|p2a: Toxapex
|-damage|p2a: Toxapex|31/100
|move|p2a: Toxapex|Toxic|p1a: Kyurem
|-status|p1a: Kyurem|tox
|
|-weather|Sandstorm|[upkeep]
|-damage|p1a: Kyurem|43/100 tox|[from] Sandstorm
|-damage|p2a: Toxapex|25/100|[from] Sandstorm
|-damage|p1a: Kyurem|37/100 tox|[from] psn
|upkeep
|turn|33
|l| I Suck Smh
|
|t:|1641913907
|switch|p2a: Blissey|Blissey, F|86/100
|move|p1a: Kyurem|Freeze-Dry|p2a: Blissey
|-damage|p2a: Blissey|74/100
|
|-weather|Sandstorm|[upkeep]
|-damage|p1a: Kyurem|30/100 tox|[from] Sandstorm
|-damage|p2a: Blissey|68/100|[from] Sandstorm
|-damage|p1a: Kyurem|18/100 tox|[from] psn
|upkeep
|turn|34
|c| PurpleBeans13|*just a reminder that vish has sand rush now
|
|t:|1641913915
|move|p1a: Kyurem|Freeze-Dry|p2a: Blissey
|-damage|p2a: Blissey|55/100
|move|p2a: Blissey|Teleport|p2a: Blissey
|
|t:|1641913918
|switch|p2a: Toxapex|Toxapex, F|59/100|[from]move: Teleport
|-damage|p2a: Toxapex|46/100|[from] Stealth Rock
|
|-weather|none
|-damage|p1a: Kyurem|0 fnt|[from] psn
|faint|p1a: Kyurem
|upkeep
|
|t:|1641913926
|switch|p1a: Dracovish|Dracovish|48/100
|-damage|p1a: Dracovish|35/100|[from] Stealth Rock
|turn|35
|
|t:|1641913930
|switch|p2a: Blissey|Blissey, F|55/100
|move|p1a: Dracovish|Fishious Rend|p2a: Blissey
|-damage|p2a: Blissey|0 fnt
|faint|p2a: Blissey
|
|upkeep
|
|t:|1641913931
|switch|p2a: Toxapex|Toxapex, F|80/100
|-damage|p2a: Toxapex|67/100|[from] Stealth Rock
|turn|36
|c| PurpleBeans13|vish sand lets gooo
|
|t:|1641913933
|move|p1a: Dracovish|Fishious Rend|p2a: Toxapex
|-resisted|p2a: Toxapex
|-damage|p2a: Toxapex|17/100
|move|p2a: Toxapex|Recover|p2a: Toxapex
|-heal|p2a: Toxapex|67/100
|
|upkeep
|turn|37
|
|t:|1641913946
|switch|p1a: Clefable|Clefable, M|72/100 tox
|move|p2a: Toxapex|Recover|p2a: Toxapex
|-heal|p2a: Toxapex|100/100
|
|-heal|p1a: Clefable|78/100 tox|[from] item: Leftovers
|upkeep
|turn|38
|
|t:|1641913949
|move|p1a: Clefable|Thunder Wave|p2a: Toxapex|[miss]
|-miss|p1a: Clefable|p2a: Toxapex
|move|p2a: Toxapex|Scald|p1a: Clefable
|-damage|p1a: Clefable|61/100 tox
|
|-heal|p1a: Clefable|67/100 tox|[from] item: Leftovers
|upkeep
|turn|39
|
|t:|1641913952
|move|p1a: Clefable|Thunder Wave|p2a: Toxapex
|-status|p2a: Toxapex|par
|move|p2a: Toxapex|Scald|p1a: Clefable
|-damage|p1a: Clefable|51/100 tox
|
|-heal|p1a: Clefable|57/100 tox|[from] item: Leftovers
|upkeep
|turn|40
|
|t:|1641913955
|move|p1a: Clefable|Soft-Boiled|p1a: Clefable
|-heal|p1a: Clefable|100/100 tox
|move|p2a: Toxapex|Scald|p1a: Clefable
|-damage|p1a: Clefable|85/100 tox
|
|-heal|p1a: Clefable|91/100 tox|[from] item: Leftovers
|upkeep
|turn|41
|j| I Suck Smh
|
|t:|1641913960
|switch|p1a: Urshifu|Urshifu, M|84/100
|-damage|p1a: Urshifu|78/100|[from] Stealth Rock
|cant|p2a: Toxapex|par
|
|upkeep
|turn|42
|c| best to be worst|gg to watch
|
|t:|1641913964
|move|p1a: Urshifu|Wicked Blow|p2a: Toxapex
|-crit|p2a: Toxapex
|-damage|p2a: Toxapex|59/100 par
|cant|p2a: Toxapex|par
|
|upkeep
|turn|43
|c|☆RipReckful|41 on scarf
|
|t:|1641913971
|move|p1a: Urshifu|Wicked Blow|p2a: Toxapex
|-crit|p2a: Toxapex
|-damage|p2a: Toxapex|16/100 par
|move|p2a: Toxapex|Recover|p2a: Toxapex
|-heal|p2a: Toxapex|66/100 par
|
|upkeep
|turn|44
|l| I Suck Smh
|c| PurpleBeans13|blown
|
|t:|1641913976
|move|p1a: Urshifu|Wicked Blow|p2a: Toxapex
|-crit|p2a: Toxapex
|-damage|p2a: Toxapex|21/100 par
|move|p2a: Toxapex|Recover|p2a: Toxapex
|-heal|p2a: Toxapex|71/100 par
|
|upkeep
|turn|45
|
|t:|1641913980
|move|p1a: Urshifu|Wicked Blow|p2a: Toxapex
|-crit|p2a: Toxapex
|-damage|p2a: Toxapex|31/100 par
|move|p2a: Toxapex|Recover|p2a: Toxapex
|-heal|p2a: Toxapex|81/100 par
|
|upkeep
|turn|46
|
|t:|1641913982
|move|p1a: Urshifu|Wicked Blow|p2a: Toxapex
|-crit|p2a: Toxapex
|-damage|p2a: Toxapex|42/100 par
|move|p2a: Toxapex|Recover|p2a: Toxapex
|-heal|p2a: Toxapex|92/100 par
|
|upkeep
|turn|47
|
|t:|1641913985
|move|p1a: Urshifu|Wicked Blow|p2a: Toxapex
|-crit|p2a: Toxapex
|-damage|p2a: Toxapex|49/100 par
|move|p2a: Toxapex|Toxic|p1a: Urshifu
|-status|p1a: Urshifu|tox
|
|-damage|p1a: Urshifu|72/100 tox|[from] psn
|upkeep
|turn|48
|
|t:|1641913988
|move|p1a: Urshifu|Wicked Blow|p2a: Toxapex
|-crit|p2a: Toxapex
|-damage|p2a: Toxapex|5/100 par
|move|p2a: Toxapex|Recover|p2a: Toxapex
|-heal|p2a: Toxapex|55/100 par
|
|-damage|p1a: Urshifu|59/100 tox|[from] psn
|upkeep
|turn|49
|
|t:|1641913990
|move|p1a: Urshifu|Wicked Blow|p2a: Toxapex
|-crit|p2a: Toxapex
|-damage|p2a: Toxapex|11/100 par
|move|p2a: Toxapex|Recover|p2a: Toxapex
|-heal|p2a: Toxapex|62/100 par
|
|-damage|p1a: Urshifu|41/100 tox|[from] psn
|upkeep
|turn|50
|
|t:|1641913994
|switch|p1a: Seismitoad|Seismitoad, M|76/100 tox
|-damage|p1a: Seismitoad|70/100 tox|[from] Stealth Rock
|move|p2a: Toxapex|Recover|p2a: Toxapex
|-heal|p2a: Toxapex|100/100 par
|
|-heal|p1a: Seismitoad|76/100 tox|[from] item: Leftovers
|-damage|p1a: Seismitoad|70/100 tox|[from] psn
|upkeep
|turn|51
|l| AB0102
|c|☆Politoed|nice paralysis
|c|☆Politoed|wth
|
|t:|1641914004
|move|p1a: Seismitoad|Earth Power|p2a: Toxapex
|-supereffective|p2a: Toxapex
|-damage|p2a: Toxapex|55/100 par
|move|p2a: Toxapex|Scald|p1a: Seismitoad
|-heal|p1a: Seismitoad|95/100 tox|[from] ability: Water Absorb|[of] p2a: Toxapex
|
|-heal|p1a: Seismitoad|100/100 tox|[from] item: Leftovers
|-damage|p1a: Seismitoad|88/100 tox|[from] psn
|upkeep
|turn|52
|c|☆Politoed|hahaha
|c|☆Politoed|i'm playing so ass today
|
|t:|1641914019
|move|p1a: Seismitoad|Earth Power|p2a: Toxapex
|-supereffective|p2a: Toxapex
|-damage|p2a: Toxapex|11/100 par
|move|p2a: Toxapex|Recover|p2a: Toxapex
|-heal|p2a: Toxapex|61/100 par
|
|-heal|p1a: Seismitoad|94/100 tox|[from] item: Leftovers
|-damage|p1a: Seismitoad|76/100 tox|[from] psn
|upkeep
|turn|53
|j| Unexpected Winner
|
|t:|1641914022
|move|p1a: Seismitoad|Earth Power|p2a: Toxapex
|-supereffective|p2a: Toxapex
|-damage|p2a: Toxapex|17/100 par
|move|p2a: Toxapex|Recover|p2a: Toxapex
|-heal|p2a: Toxapex|67/100 par
|
|-heal|p1a: Seismitoad|82/100 tox|[from] item: Leftovers
|-damage|p1a: Seismitoad|58/100 tox|[from] psn
|upkeep
|turn|54
|c|☆RipReckful|sometimes u just forget
|
|t:|1641914028
|switch|p1a: Clefable|Clefable, M|91/100 tox
|cant|p2a: Toxapex|par
|
|-heal|p1a: Clefable|97/100 tox|[from] item: Leftovers
|upkeep
|turn|55
|
|t:|1641914031
|switch|p1a: Seismitoad|Seismitoad, M|58/100 tox
|-damage|p1a: Seismitoad|52/100 tox|[from] Stealth Rock
|move|p2a: Toxapex|Scald|p1a: Seismitoad
|-heal|p1a: Seismitoad|77/100 tox|[from] ability: Water Absorb|[of] p2a: Toxapex
|
|-heal|p1a: Seismitoad|83/100 tox|[from] item: Leftovers
|-damage|p1a: Seismitoad|77/100 tox|[from] psn
|upkeep
|turn|56
|j| I Suck Smh
|
|t:|1641914033
|move|p1a: Seismitoad|Earth Power|p2a: Toxapex
|-supereffective|p2a: Toxapex
|-damage|p2a: Toxapex|21/100 par
|move|p2a: Toxapex|Scald|p1a: Seismitoad
|-heal|p1a: Seismitoad|100/100 tox|[from] ability: Water Absorb|[of] p2a: Toxapex
|
|-damage|p1a: Seismitoad|88/100 tox|[from] psn
|upkeep
|turn|57
|
|t:|1641914036
|move|p1a: Seismitoad|Earth Power|p2a: Toxapex
|-supereffective|p2a: Toxapex
|-damage|p2a: Toxapex|0 fnt
|faint|p2a: Toxapex
|
|win|RipReckful
|n|☆RipReckful|ripreckful
|n|☆Politoed|politoed
|n| Lane_Alih|lanealih
|n| PurpleBeans13|purplebeans13
|n| Pheomelanin|pheomelanin
|n| Weaselfie ☾|weaselfie
|n| ian_yo|ianyo
|n| Popeye666|popeye666
|n| best to be worst|besttobeworst
|n| cute asian gurl|cuteasiangurl
|n| Sora-siki|sorasiki
|n| fdfdddddddd|fdfdddddddd
|n| youspinme|youspinme
|n| IlMagico|ilmagico
|n| gewwge|gewwge
|n| Unexpected Winner|unexpectedwinner
|n| I Suck Smh|isucksmh
