|raw|<div class="broadcast-blue"><strong>This battle is required to be public due to a player having a name starting with 'LT73IU'.</div>
|j|☆relic stone
|j|‽lt73iu sacred
|t:|1598628363
|player|p1|relic stone|lusamine-nihilego|1740
|player|p2|lt73iu sacred|youngathlete|1650
|teamsize|p1|6
|teamsize|p2|6
|gametype|singles
|gen|8
|tier|[Gen 8] OU
|rated|
|clearpoke
|poke|p1|Primarina, M|
|poke|p1|Excadrill, M|
|poke|p1|Tangrowth, M|
|poke|p1|Urshifu-*, M|
|poke|p1|Toxtricity, M|
|poke|p1|Marowak-Alola, M|
|poke|p2|Clefable, M|
|poke|p2|Gastrodon, M|
|poke|p2|Blissey, F|
|poke|p2|Ditto|
|poke|p2|Jirachi|
|poke|p2|Skarmory, M|
|rule|Sleep Clause Mod: Limit one foe put to sleep
|rule|Species Clause: Limit one of each Pokémon
|rule|OHKO Clause: OHKO moves are banned
|rule|Evasion Moves Clause: Evasion moves are banned
|rule|Endless Battle Clause: Forcing endless battles is banned
|rule|HP Percentage Mod: HP is shown in percentages
|rule|Dynamax Clause: You cannot dynamax
|teampreview
|inactive|Battle timer is ON: inactive players will automatically lose when time's up. (requested by lt73iu sacred)
|c|☆relic stone|hf
|
|t:|1598628376
|start
|switch|p1a: Phantom|Marowak-Alola, M, shiny|100/100
|switch|p2a: Clefable|Clefable, M|100/100
|turn|1
|
|t:|1598628381
|switch|p1a: Impaler|Excadrill, M, shiny|100/100
|-ability|p1a: Impaler|Mold Breaker
|move|p2a: Clefable|Knock Off|p1a: Impaler
|-damage|p1a: Impaler|76/100
|-enditem|p1a: Impaler|Leftovers|[from] move: Knock Off|[of] p2a: Clefable
|
|upkeep
|turn|2
|
|t:|1598628385
|switch|p2a: Skarmory|Skarmory, M|100/100
|move|p1a: Impaler|Stealth Rock|p2a: Skarmory
|-sidestart|p2: lt73iu sacred|move: Stealth Rock
|
|upkeep
|turn|3
|
|t:|1598628391
|switch|p1a: Phantom|Marowak-Alola, M, shiny|100/100
|switch|p2a: Clefable|Clefable, M|100/100
|
|upkeep
|turn|4
|
|t:|1598628395
|switch|p1a: Impaler|Excadrill, M, shiny|76/100
|-ability|p1a: Impaler|Mold Breaker
|move|p2a: Clefable|Knock Off|p1a: Impaler
|-damage|p1a: Impaler|59/100
|
|upkeep
|turn|5
|
|t:|1598628398
|switch|p1a: Kyotaro|Toxtricity, M|100/100
|switch|p2a: Skarmory|Skarmory, M|100/100
|-damage|p2a: Skarmory|88/100|[from] Stealth Rock
|
|upkeep
|turn|6
|
|t:|1598628402
|switch|p2a: Gastrodon|Gastrodon, M|100/100
|move|p1a: Kyotaro|Boomburst|p2a: Gastrodon
|-damage|p2a: Gastrodon|45/100
|-damage|p1a: Kyotaro|91/100|[from] item: Life Orb
|
|upkeep
|turn|7
|
|t:|1598628407
|switch|p2a: Blissey|Blissey, F|100/100
|move|p1a: Kyotaro|Boomburst|p2a: Blissey
|-damage|p2a: Blissey|69/100
|-damage|p1a: Kyotaro|81/100|[from] item: Life Orb
|
|upkeep
|turn|8
|
|t:|1598628411
|move|p1a: Kyotaro|Drain Punch|p2a: Blissey
|-supereffective|p2a: Blissey
|-damage|p2a: Blissey|30/100
|-heal|p1a: Kyotaro|100/100|[from] drain|[of] p2a: Blissey
|-damage|p1a: Kyotaro|91/100|[from] item: Life Orb
|move|p2a: Blissey|Seismic Toss|p1a: Kyotaro
|-damage|p1a: Kyotaro|56/100
|
|upkeep
|turn|9
|
|t:|1598628415
|switch|p2a: Ditto|Ditto|100/100
|-damage|p2a: Ditto|88/100|[from] Stealth Rock
|-transform|p2a: Ditto|p1a: Kyotaro|[from] ability: Imposter
|move|p1a: Kyotaro|Drain Punch|p2a: Ditto
|-resisted|p2a: Ditto
|-damage|p2a: Ditto|68/100
|-heal|p1a: Kyotaro|66/100|[from] drain|[of] p2a: Ditto
|-damage|p1a: Kyotaro|57/100|[from] item: Life Orb
|
|upkeep
|turn|10
|
|t:|1598628418
|move|p2a: Ditto|Boomburst|p1a: Kyotaro
|-damage|p1a: Kyotaro|9/100
|move|p1a: Kyotaro|Boomburst|p2a: Ditto
|-damage|p2a: Ditto|8/100
|-damage|p1a: Kyotaro|0 fnt|[from] item: Life Orb
|faint|p1a: Kyotaro
|
|upkeep
|
|t:|1598628424
|switch|p1a: Phantom|Marowak-Alola, M, shiny|100/100
|turn|11
|
|t:|1598628434
|switch|p2a: Gastrodon|Gastrodon, M|45/100
|move|p1a: Phantom|Substitute|p1a: Phantom
|-start|p1a: Phantom|Substitute
|-damage|p1a: Phantom|76/100
|
|upkeep
|turn|12
|
|t:|1598628437
|move|p1a: Phantom|Poltergeist|p2a: Gastrodon
|-activate|p2a: Gastrodon|move: Poltergeist|Heavy-Duty Boots
|-damage|p2a: Gastrodon|0 fnt
|faint|p2a: Gastrodon
|
|upkeep
|
|t:|1598628440
|switch|p2a: Clefable|Clefable, M|100/100
|turn|13
|
|t:|1598628443
|move|p1a: Phantom|Poltergeist|p2a: Clefable
|-activate|p2a: Clefable|move: Poltergeist|Life Orb
|-damage|p2a: Clefable|33/100
|move|p2a: Clefable|Knock Off|p1a: Phantom
|-supereffective|p1a: Phantom
|-end|p1a: Phantom|Substitute
|
|upkeep
|turn|14
|
|t:|1598628456
|switch|p2a: Skarmory|Skarmory, M|88/100
|-damage|p2a: Skarmory|76/100|[from] Stealth Rock
|move|p1a: Phantom|Fire Punch|p2a: Skarmory
|-supereffective|p2a: Skarmory
|-damage|p2a: Skarmory|0 fnt
|-damage|p1a: Phantom|59/100|[from] item: Rocky Helmet|[of] p2a: Skarmory
|faint|p2a: Skarmory
|
|upkeep
|
|t:|1598628460
|switch|p2a: Jirachi|Jirachi|100/100
|-damage|p2a: Jirachi|94/100|[from] Stealth Rock
|turn|15
|
|t:|1598628466
|move|p2a: Jirachi|Wish|p2a: Jirachi
|move|p1a: Phantom|Poltergeist|p2a: Jirachi
|-activate|p2a: Jirachi|move: Poltergeist|Leftovers
|-supereffective|p2a: Jirachi
|-damage|p2a: Jirachi|0 fnt
|faint|p2a: Jirachi
|
|upkeep
|
|t:|1598628475
|switch|p2a: Clefable|Clefable, M|33/100
|turn|16
|
|t:|1598628478
|switch|p2a: Blissey|Blissey, F|30/100
|move|p1a: Phantom|Swords Dance|p1a: Phantom
|-boost|p1a: Phantom|atk|2
|
|-heal|p2a: Blissey|58/100|[from] move: Wish|[wisher] Jirachi
|upkeep
|turn|17
|-message|lt73iu sacred forfeited.
|
|win|relic stone
|l|‽lt73iu sacred
|c|☆relic stone|gg
