|j|☆LT94JE IcicleCrash
|j|‽hypervortexreturns
|t:|1661164276
|gametype|singles
|player|p1|LT94JE IcicleCrash|marley|1725
|player|p2|hypervortexreturns|2|1783
|teamsize|p1|6
|teamsize|p2|6
|gen|8
|tier|[Gen 8] OU
|rated|
|rule|Sleep Clause Mod: Limit one foe put to sleep
|rule|Species Clause: Limit one of each Pokémon
|rule|OHKO Clause: OHKO moves are banned
|rule|Evasion Items Clause: Evasion items are banned
|rule|Evasion Moves Clause: Evasion moves are banned
|rule|Endless Battle Clause: Forcing endless battles is banned
|rule|HP Percentage Mod: HP is shown in percentages
|rule|Dynamax Clause: You cannot dynamax
|clearpoke
|poke|p1|Tapu Lele|
|poke|p1|Volcanion|
|poke|p1|Porygon2|
|poke|p1|Corviknight, M|
|poke|p1|Dragapult, M|
|poke|p1|Zeraora|
|poke|p2|Hydreigon, M|
|poke|p2|Excadrill, M|
|poke|p2|Azumarill, F|
|poke|p2|Corviknight, F|
|poke|p2|Zapdos|
|poke|p2|Tangrowth, M|
|teampreview
|c|☆LT94JE IcicleCrash|glhf
|inactive|Battle timer is ON: inactive players will automatically lose when time's up. (requested by LT94JE IcicleCrash)
|
|t:|1661164300
|start
|switch|p1a: Volcanion|Volcanion|100/100
|switch|p2a: Azumarill|Azumarill, F|100/100
|turn|1
|
|t:|1661164314
|switch|p2a: Hydreigon|Hydreigon, M|100/100
|move|p1a: Volcanion|Steam Eruption|p2a: Hydreigon
|-resisted|p2a: Hydreigon
|-damage|p2a: Hydreigon|58/100
|-status|p2a: Hydreigon|brn
|
|-heal|p2a: Hydreigon|64/100 brn|[from] item: Leftovers
|-damage|p2a: Hydreigon|58/100 brn|[from] brn
|upkeep
|turn|2
|j| lt94je whyaddicted
|
|t:|1661164330
|switch|p1a: Porygon2|Porygon2|100/100
|-ability|p1a: Porygon2|Levitate|[from] ability: Trace|[of] p2a: Hydreigon
|move|p2a: Hydreigon|Roost|p2a: Hydreigon
|-heal|p2a: Hydreigon|100/100 brn
|-singleturn|p2a: Hydreigon|move: Roost
|
|-damage|p2a: Hydreigon|94/100 brn|[from] brn
|upkeep
|turn|3
|j| Spitfire arcanine
|j| pianotheory
|
|t:|1661164347
|switch|p2a: Excadrill|Excadrill, M|100/100
|-ability|p2a: Excadrill|Mold Breaker
|move|p1a: Porygon2|Teleport|p1a: Porygon2
|
|t:|1661164350
|switch|p1a: Dragapult|Dragapult, M|100/100|[from]move: Teleport
|
|upkeep
|turn|4
|j| mitanachi suisei
|
|t:|1661164366
|switch|p2a: Corviknight|Corviknight, F|100/100
|-ability|p2a: Corviknight|Pressure
|move|p1a: Dragapult|Shadow Ball|p2a: Corviknight
|-damage|p2a: Corviknight|62/100
|
|-heal|p2a: Corviknight|68/100|[from] item: Leftovers
|upkeep
|turn|5
|
|t:|1661164375
|move|p1a: Dragapult|Shadow Ball|p2a: Corviknight
|-damage|p2a: Corviknight|34/100
|move|p2a: Corviknight|Roost|p2a: Corviknight
|-heal|p2a: Corviknight|84/100
|-singleturn|p2a: Corviknight|move: Roost
|
|-heal|p2a: Corviknight|91/100|[from] item: Leftovers
|upkeep
|turn|6
|c| pianotheory|thats a fat bird
|
|t:|1661164389
|switch|p1a: Volcanion|Volcanion|100/100
|switch|p2a: Hydreigon|Hydreigon, M|94/100 brn
|
|-heal|p2a: Hydreigon|100/100 brn|[from] item: Leftovers
|-damage|p2a: Hydreigon|94/100 brn|[from] brn
|upkeep
|turn|7
|
|t:|1661164403
|switch|p2a: Excadrill|Excadrill, M|100/100
|-ability|p2a: Excadrill|Mold Breaker
|switch|p1a: Porygon2|Porygon2|100/100
|-ability|p1a: Porygon2|Mold Breaker|[from] ability: Trace|[of] p2a: Excadrill
|-ability|p1a: Porygon2|Mold Breaker
|
|upkeep
|turn|8
|j| verfeb111
|
|t:|1661164414
|move|p2a: Excadrill|Stealth Rock|p1a: Porygon2
|-sidestart|p1: LT94JE IcicleCrash|move: Stealth Rock
|move|p1a: Porygon2|Ice Beam|p2a: Excadrill
|-damage|p2a: Excadrill|73/100
|
|-heal|p2a: Excadrill|79/100|[from] item: Leftovers
|upkeep
|turn|9
|j| Iamextremelyboring
|inactive|hypervortexreturns has 120 seconds left.
|
|t:|1661164442
|switch|p2a: Azumarill|Azumarill, F|100/100
|move|p1a: Porygon2|Ice Beam|p2a: Azumarill
|-resisted|p2a: Azumarill
|-damage|p2a: Azumarill|88/100
|
|upkeep
|turn|10
|l| Iamextremelyboring
|inactive|hypervortexreturns has 120 seconds left.
|
|t:|1661164454
|move|p2a: Azumarill|Knock Off|p1a: Porygon2
|-damage|p1a: Porygon2|75/100
|-enditem|p1a: Porygon2|Eviolite|[from] move: Knock Off|[of] p2a: Azumarill
|move|p1a: Porygon2|Thunder Wave|p2a: Azumarill
|-status|p2a: Azumarill|par
|
|upkeep
|turn|11
|inactive|hypervortexreturns has 120 seconds left.
|
|t:|1661164468
|move|p2a: Azumarill|Knock Off|p1a: Porygon2
|-crit|p1a: Porygon2
|-damage|p1a: Porygon2|36/100
|move|p1a: Porygon2|Teleport|p1a: Porygon2
|
|t:|1661164472
|switch|p1a: Corviknight|Corviknight, M|100/100|[from]move: Teleport
|-damage|p1a: Corviknight|88/100|[from] Stealth Rock
|-ability|p1a: Corviknight|Pressure
|
|upkeep
|turn|12
|inactive|hypervortexreturns has 120 seconds left.
|j| XXXfantasy
|j| bramitoboy
|
|t:|1661164496
|move|p1a: Corviknight|Defog|p2a: Azumarill
|-unboost|p2a: Azumarill|evasion|1
|-sideend|p1: LT94JE IcicleCrash|Stealth Rock|[from] move: Defog|[of] p1a: Corviknight
|move|p2a: Azumarill|Belly Drum|p2a: Azumarill
|-damage|p2a: Azumarill|38/100 par
|-setboost|p2a: Azumarill|atk|6|[from] move: Belly Drum
|-enditem|p2a: Azumarill|Sitrus Berry|[eat]
|-heal|p2a: Azumarill|63/100 par|[from] item: Sitrus Berry
|
|upkeep
|turn|13
|l| bramitoboy
|inactive|hypervortexreturns has 120 seconds left.
|
|t:|1661164507
|switch|p1a: Porygon2|Porygon2|36/100
|-ability|p1a: Porygon2|Huge Power|[from] ability: Trace|[of] p2a: Azumarill
|move|p2a: Azumarill|Knock Off|p1a: Porygon2
|-damage|p1a: Porygon2|0 fnt
|faint|p1a: Porygon2
|
|upkeep
|j| A Lucky Guy
|
|t:|1661164514
|switch|p1a: Tapu Lele|Tapu Lele|100/100
|-fieldstart|move: Psychic Terrain|[from] ability: Psychic Surge|[of] p1a: Tapu Lele
|turn|14
|
|t:|1661164522
|switch|p2a: Corviknight|Corviknight, F|91/100
|-ability|p2a: Corviknight|Pressure
|move|p1a: Tapu Lele|Psychic|p2a: Corviknight
|-resisted|p2a: Corviknight
|-damage|p2a: Corviknight|54/100
|
|-heal|p2a: Corviknight|61/100|[from] item: Leftovers
|upkeep
|turn|15
|
|t:|1661164531
|switch|p1a: Dragapult|Dragapult, M|100/100
|move|p2a: Corviknight|Roost|p2a: Corviknight
|-heal|p2a: Corviknight|100/100
|-singleturn|p2a: Corviknight|move: Roost
|
|upkeep
|turn|16
|
|t:|1661164544
|switch|p2a: Azumarill|Azumarill, F|63/100 par
|move|p1a: Dragapult|Shadow Ball|p2a: Azumarill
|-damage|p2a: Azumarill|0 fnt
|faint|p2a: Azumarill
|
|upkeep
|
|t:|1661164559
|switch|p2a: Hydreigon|Hydreigon, M|94/100 brn
|turn|17
|
|t:|1661164568
|switch|p1a: Tapu Lele|Tapu Lele|100/100
|move|p2a: Hydreigon|Dark Pulse|p1a: Tapu Lele
|-damage|p1a: Tapu Lele|62/100
|
|-heal|p2a: Hydreigon|100/100 brn|[from] item: Leftovers
|-damage|p2a: Hydreigon|94/100 brn|[from] brn
|upkeep
|turn|18
|inactive|hypervortexreturns has 120 seconds left.
|j| The art of
|
|t:|1661164594
|switch|p2a: Excadrill|Excadrill, M|79/100
|-ability|p2a: Excadrill|Mold Breaker
|move|p1a: Tapu Lele|Moonblast|p2a: Excadrill
|-resisted|p2a: Excadrill
|-damage|p2a: Excadrill|25/100
|
|-heal|p2a: Excadrill|31/100|[from] item: Leftovers
|-fieldend|move: Psychic Terrain
|upkeep
|turn|19
|inactive|hypervortexreturns has 120 seconds left.
|
|t:|1661164613
|move|p2a: Excadrill|Iron Head|p1a: Tapu Lele
|-supereffective|p1a: Tapu Lele
|-damage|p1a: Tapu Lele|0 fnt
|faint|p1a: Tapu Lele
|
|-heal|p2a: Excadrill|37/100|[from] item: Leftovers
|upkeep
|
|t:|1661164618
|switch|p1a: Dragapult|Dragapult, M|100/100
|turn|20
|inactive|hypervortexreturns has 120 seconds left.
|
|t:|1661164626
|move|p1a: Dragapult|Draco Meteor|p2a: Excadrill
|-resisted|p2a: Excadrill
|-damage|p2a: Excadrill|0 fnt
|-unboost|p1a: Dragapult|spa|2
|faint|p2a: Excadrill
|
|upkeep
|inactive|hypervortexreturns has 120 seconds left.
|
|t:|1661164647
|switch|p2a: Zapdos|Zapdos|100/100
|turn|21
|j| AnJian
|j| Byron Gym Leader
|
|t:|1661164665
|switch|p1a: Corviknight|Corviknight, M|88/100
|-ability|p1a: Corviknight|Pressure
|move|p2a: Zapdos|Discharge|p1a: Corviknight
|-supereffective|p1a: Corviknight
|-damage|p1a: Corviknight|18/100
|
|upkeep
|turn|22
|
|t:|1661164680
|move|p2a: Zapdos|Discharge|p1a: Corviknight
|-supereffective|p1a: Corviknight
|-damage|p1a: Corviknight|0 fnt
|faint|p1a: Corviknight
|
|upkeep
|
|t:|1661164691
|switch|p1a: Dragapult|Dragapult, M|100/100
|turn|23
|
|t:|1661164702
|move|p1a: Dragapult|Fire Blast|p2a: Zapdos
|-damage|p2a: Zapdos|55/100
|move|p2a: Zapdos|Roost|p2a: Zapdos
|-heal|p2a: Zapdos|100/100
|-singleturn|p2a: Zapdos|move: Roost
|
|upkeep
|turn|24
|
|t:|1661164710
|switch|p1a: Volcanion|Volcanion|100/100
|move|p2a: Zapdos|Toxic|p1a: Volcanion
|-status|p1a: Volcanion|tox
|
|-damage|p1a: Volcanion|94/100 tox|[from] psn
|upkeep
|turn|25
|
|t:|1661164721
|switch|p2a: Hydreigon|Hydreigon, M|94/100 brn
|switch|p1a: Dragapult|Dragapult, M|100/100
|
|-heal|p2a: Hydreigon|100/100 brn|[from] item: Leftovers
|-damage|p2a: Hydreigon|94/100 brn|[from] brn
|upkeep
|turn|26
|inactive|hypervortexreturns has 90 seconds left.
|
|t:|1661164758
|switch|p2a: Corviknight|Corviknight, F|100/100
|-ability|p2a: Corviknight|Pressure
|move|p1a: Dragapult|Fire Blast|p2a: Corviknight
|-supereffective|p2a: Corviknight
|-damage|p2a: Corviknight|28/100
|-status|p2a: Corviknight|brn
|
|-heal|p2a: Corviknight|34/100 brn|[from] item: Leftovers
|-damage|p2a: Corviknight|28/100 brn|[from] brn
|upkeep
|turn|27
|inactive|hypervortexreturns has 90 seconds left.
|
|t:|1661164771
|switch|p2a: Hydreigon|Hydreigon, M|94/100 brn
|move|p1a: Dragapult|Fire Blast|p2a: Hydreigon
|-resisted|p2a: Hydreigon
|-damage|p2a: Hydreigon|73/100 brn
|
|-heal|p2a: Hydreigon|79/100 brn|[from] item: Leftovers
|-damage|p2a: Hydreigon|73/100 brn|[from] brn
|upkeep
|turn|28
|inactive|hypervortexreturns has 90 seconds left.
|c| pianotheory|the playz tho
|
|t:|1661164784
|switch|p1a: Volcanion|Volcanion|94/100 tox
|move|p2a: Hydreigon|Earth Power|p1a: Volcanion
|-supereffective|p1a: Volcanion
|-damage|p1a: Volcanion|43/100 tox
|-unboost|p1a: Volcanion|spd|1
|
|-heal|p2a: Hydreigon|79/100 brn|[from] item: Leftovers
|-damage|p1a: Volcanion|37/100 tox|[from] psn
|-damage|p2a: Hydreigon|73/100 brn|[from] brn
|upkeep
|turn|29
|inactive|hypervortexreturns has 90 seconds left.
|
|t:|1661164795
|move|p2a: Hydreigon|Dark Pulse|p1a: Volcanion
|-damage|p1a: Volcanion|0 fnt
|faint|p1a: Volcanion
|
|-heal|p2a: Hydreigon|79/100 brn|[from] item: Leftovers
|-damage|p2a: Hydreigon|73/100 brn|[from] brn
|upkeep
|
|t:|1661164798
|switch|p1a: Dragapult|Dragapult, M|100/100
|turn|30
|inactive|hypervortexreturns has 90 seconds left.
|j| arnavgupta
|
|t:|1661164813
|switch|p2a: Corviknight|Corviknight, F|28/100 brn
|-ability|p2a: Corviknight|Pressure
|move|p1a: Dragapult|Draco Meteor|p2a: Corviknight|[miss]
|-miss|p1a: Dragapult|p2a: Corviknight
|
|-heal|p2a: Corviknight|34/100 brn|[from] item: Leftovers
|-damage|p2a: Corviknight|28/100 brn|[from] brn
|upkeep
|turn|31
|inactive|hypervortexreturns has 90 seconds left.
|c| pianotheory|ouch
|c| pianotheory|that goes a long way
|j| Shivam o)
|inactive|LT94JE IcicleCrash has 120 seconds left.
|j| JooshP
|l| Shivam o)
|l| Byron Gym Leader
|l| A Lucky Guy
|inactive|LT94JE IcicleCrash has 90 seconds left.
|
|t:|1661164874
|move|p1a: Dragapult|Draco Meteor|p2a: Corviknight
|-resisted|p2a: Corviknight
|-damage|p2a: Corviknight|0 fnt
|-unboost|p1a: Dragapult|spa|2
|faint|p2a: Corviknight
|
|upkeep
|l| XXXfantasy
|c|☆LT94JE IcicleCrash|not rlly
|
|t:|1661164882
|switch|p2a: Zapdos|Zapdos|100/100
|turn|32
|j| Z6MC
|inactive|hypervortexreturns has 90 seconds left.
|c|☆LT94JE IcicleCrash|i just lose now tho
|
|t:|1661164891
|switch|p1a: Zeraora|Zeraora|100/100
|move|p2a: Zapdos|Toxic|p1a: Zeraora
|-status|p1a: Zeraora|tox
|
|-damage|p1a: Zeraora|95/100 tox|[from] psn
|upkeep
|turn|33
|c| pianotheory|do you tho
|inactive|hypervortexreturns has 90 seconds left.
|
|t:|1661164902
|move|p1a: Zeraora|Plasma Fists|p2a: Zapdos
|-damage|p2a: Zapdos|29/100
|-fieldactivate|move: Ion Deluge
|-hint|Normal-type moves become Electric-type after using Plasma Fists.
|move|p2a: Zapdos|Roost|p2a: Zapdos
|-heal|p2a: Zapdos|79/100
|-singleturn|p2a: Zapdos|move: Roost
|
|-damage|p1a: Zeraora|83/100 tox|[from] psn
|upkeep
|turn|34
|c| pianotheory|pult is strong
|j| FBAM
|c| pianotheory|holy
|c| pianotheory|shit
|inactive|hypervortexreturns has 90 seconds left.
|c| pianotheory|zera is strong
|
|t:|1661164916
|switch|p2a: Tangrowth|Tangrowth, M|100/100
|move|p1a: Zeraora|Plasma Fists|p2a: Tangrowth
|-resisted|p2a: Tangrowth
|-crit|p2a: Tangrowth
|-damage|p2a: Tangrowth|72/100
|-fieldactivate|move: Ion Deluge
|-hint|Normal-type moves become Electric-type after using Plasma Fists.
|-damage|p1a: Zeraora|66/100 tox|[from] item: Rocky Helmet|[of] p2a: Tangrowth
|
|-damage|p1a: Zeraora|48/100 tox|[from] psn
|upkeep
|turn|35
|inactive|LT94JE IcicleCrash has 120 seconds left.
|inactive|hypervortexreturns has 90 seconds left.
|l| AnJian
|c| pianotheory|hey crash, crit every draco
|
|t:|1661164934
|move|p1a: Zeraora|Plasma Fists|p2a: Tangrowth
|-resisted|p2a: Tangrowth
|-damage|p2a: Tangrowth|54/100
|-fieldactivate|move: Ion Deluge
|-hint|Normal-type moves become Electric-type after using Plasma Fists.
|-damage|p1a: Zeraora|32/100 tox|[from] item: Rocky Helmet|[of] p2a: Tangrowth
|move|p2a: Tangrowth|Knock Off|p1a: Zeraora
|-damage|p1a: Zeraora|4/100 tox
|-enditem|p1a: Zeraora|Choice Band|[from] move: Knock Off|[of] p2a: Tangrowth
|
|-damage|p1a: Zeraora|0 fnt|[from] psn
|faint|p1a: Zeraora
|upkeep
|
|t:|1661164937
|switch|p1a: Dragapult|Dragapult, M|100/100
|turn|36
|c| pianotheory|:)
|
|t:|1661164951
|move|p1a: Dragapult|Draco Meteor|p2a: Tangrowth
|-damage|p2a: Tangrowth|0 fnt
|-unboost|p1a: Dragapult|spa|2
|faint|p2a: Tangrowth
|
|upkeep
|
|t:|1661164956
|switch|p2a: Zapdos|Zapdos|79/100
|turn|37
|
|t:|1661164960
|move|p1a: Dragapult|Draco Meteor|p2a: Zapdos
|-damage|p2a: Zapdos|40/100
|-unboost|p1a: Dragapult|spa|2
|move|p2a: Zapdos|Roost|p2a: Zapdos
|-heal|p2a: Zapdos|91/100
|-singleturn|p2a: Zapdos|move: Roost
|
|upkeep
|turn|38
|-message|LT94JE IcicleCrash forfeited.
|
|win|hypervortexreturns
|raw|LT94JE IcicleCrash's rating: 1725 &rarr; <strong>1708</strong><br />(-17 for losing)
|raw|hypervortexreturns's rating: 1783 &rarr; <strong>1800</strong><br />(+17 for winning)
|l|☆LT94JE IcicleCrash
|l| Z6MC
|l| pianotheory
|l| verfeb111
