|j|☆Brisssse
|j|☆wuilan jie
|t:|1655218542
|gametype|singles
|player|p1|Brisssse|1|1429
|player|p2|wuilan jie|red|1445
|teamsize|p1|6
|teamsize|p2|6
|gen|8
|tier|[Gen 8] OU
|rated|
|rule|Sleep Clause Mod: Limit one foe put to sleep
|rule|Species Clause: Limit one of each Pokémon
|rule|OHKO Clause: OHKO moves are banned
|rule|Evasion Moves Clause: Evasion moves are banned
|rule|Endless Battle Clause: Forcing endless battles is banned
|rule|HP Percentage Mod: HP is shown in percentages
|rule|Dynamax Clause: You cannot dynamax
|clearpoke
|poke|p1|Volcanion|
|poke|p1|Dragapult, M|
|poke|p1|Weavile, M|
|poke|p1|Heatran, F|
|poke|p1|Landorus-Therian, M|
|poke|p1|Bisharp, F|
|poke|p2|Celesteela|
|poke|p2|Hippowdon, M|
|poke|p2|Garchomp, F|
|poke|p2|Kartana|
|poke|p2|Kommo-o, F|
|poke|p2|Ditto|
|teampreview
|
|t:|1655218549
|start
|switch|p1a: Weavile|Weavile, M|100/100
|switch|p2a: Hippowdon|Hippowdon, M|100/100
|-ability|p1a: Weavile|Pressure
|-weather|Sandstorm|[from] ability: Sand Stream|[of] p2a: Hippowdon
|turn|1
|
|t:|1655218553
|switch|p1a: Volcanion|Volcanion|100/100
|move|p2a: Hippowdon|Yawn|p1a: Volcanion
|-start|p1a: Volcanion|move: Yawn|[of] p2a: Hippowdon
|
|-weather|Sandstorm|[upkeep]
|-damage|p1a: Volcanion|95/100|[from] Sandstorm
|upkeep
|turn|2
|
|t:|1655218561
|switch|p1a: Heatran|Heatran, F|100/100
|-item|p1a: Heatran|Air Balloon
|move|p2a: Hippowdon|Stealth Rock|p1a: Heatran
|-sidestart|p1: Brisssse|move: Stealth Rock
|
|-weather|Sandstorm|[upkeep]
|upkeep
|turn|3
|
|t:|1655218570
|move|p1a: Heatran|Magma Storm|p2a: Hippowdon
|-crit|p2a: Hippowdon
|-damage|p2a: Hippowdon|39/100
|-activate|p2a: Hippowdon|move: Magma Storm|[of] p1a: Heatran
|move|p2a: Hippowdon|Yawn|p1a: Heatran
|-start|p1a: Heatran|move: Yawn|[of] p2a: Hippowdon
|
|-weather|Sandstorm|[upkeep]
|-damage|p2a: Hippowdon|26/100|[from] move: Magma Storm|[partiallytrapped]
|upkeep
|turn|4
|
|t:|1655218592
|switch|p1a: Landorus|Landorus-Therian, M|100/100
|-damage|p1a: Landorus|88/100|[from] Stealth Rock
|-ability|p1a: Landorus|Intimidate|boost
|-unboost|p2a: Hippowdon|atk|1
|move|p2a: Hippowdon|Yawn|p1a: Landorus
|-start|p1a: Landorus|move: Yawn|[of] p2a: Hippowdon
|
|-weather|Sandstorm|[upkeep]
|-end|p2a: Hippowdon|Magma Storm|[partiallytrapped]|[silent]
|upkeep
|turn|5
|
|t:|1655218599
|move|p1a: Landorus|U-turn|p2a: Hippowdon
|-damage|p2a: Hippowdon|8/100
|
|t:|1655218603
|switch|p1a: Heatran|Heatran, F|100/100|[from]move: U-turn
|-damage|p1a: Heatran|88/100|[from] Stealth Rock
|-item|p1a: Heatran|Air Balloon
|move|p2a: Hippowdon|Yawn|p1a: Heatran
|-start|p1a: Heatran|move: Yawn|[of] p2a: Hippowdon
|
|-weather|Sandstorm|[upkeep]
|upkeep
|turn|6
|
|t:|1655218613
|switch|p1a: Landorus|Landorus-Therian, M|88/100
|-damage|p1a: Landorus|76/100|[from] Stealth Rock
|-ability|p1a: Landorus|Intimidate|boost
|-unboost|p2a: Hippowdon|atk|1
|move|p2a: Hippowdon|Whirlwind|p1a: Landorus
|drag|p1a: Dragapult|Dragapult, M|100/100
|-damage|p1a: Dragapult|88/100|[from] Stealth Rock
|
|-weather|Sandstorm|[upkeep]
|-damage|p1a: Dragapult|82/100|[from] Sandstorm
|upkeep
|turn|7
|
|t:|1655218624
|move|p1a: Dragapult|U-turn|p2a: Hippowdon
|-damage|p2a: Hippowdon|0 fnt
|faint|p2a: Hippowdon
|
|t:|1655218635
|switch|p1a: Weavile|Weavile, M|100/100|[from]move: U-turn
|-ability|p1a: Weavile|Pressure
|
|-weather|Sandstorm|[upkeep]
|-damage|p1a: Weavile|94/100|[from] Sandstorm
|upkeep
|
|t:|1655218643
|switch|p2a: Kartana|Kartana|100/100
|turn|8
|
|t:|1655218653
|switch|p1a: Landorus|Landorus-Therian, M|76/100
|-damage|p1a: Landorus|64/100|[from] Stealth Rock
|-ability|p1a: Landorus|Intimidate|boost
|-unboost|p2a: Kartana|atk|1
|move|p2a: Kartana|Knock Off|p1a: Landorus
|-damage|p1a: Landorus|24/100
|-enditem|p1a: Landorus|Focus Sash|[from] move: Knock Off|[of] p2a: Kartana
|
|-weather|none
|upkeep
|turn|9
|
|t:|1655218662
|move|p2a: Kartana|Knock Off|p1a: Landorus
|-damage|p1a: Landorus|0 fnt
|faint|p1a: Landorus
|-ability|p2a: Kartana|Beast Boost|boost
|-boost|p2a: Kartana|atk|1
|
|upkeep
|
|t:|1655218668
|switch|p1a: Bisharp|Bisharp, F|100/100
|-damage|p1a: Bisharp|95/100|[from] Stealth Rock
|turn|10
|
|t:|1655218671
|switch|p2a: Kommo-o|Kommo-o, F|100/100
|move|p1a: Bisharp|Knock Off|p2a: Kommo-o
|-resisted|p2a: Kommo-o
|-damage|p2a: Kommo-o|72/100
|-enditem|p2a: Kommo-o|Assault Vest|[from] move: Knock Off|[of] p1a: Bisharp
|
|upkeep
|turn|11
|
|t:|1655218682
|switch|p1a: Dragapult|Dragapult, M|82/100
|-damage|p1a: Dragapult|70/100|[from] Stealth Rock
|move|p2a: Kommo-o|Rock Polish|p2a: Kommo-o
|-boost|p2a: Kommo-o|spe|2
|
|upkeep
|turn|12
|
|t:|1655218693
|move|p2a: Kommo-o|Clanging Scales|p1a: Dragapult
|-supereffective|p1a: Dragapult
|-damage|p1a: Dragapult|0 fnt
|faint|p1a: Dragapult
|-unboost|p2a: Kommo-o|def|1
|
|upkeep
|
|t:|1655218696
|switch|p1a: Weavile|Weavile, M|94/100
|-ability|p1a: Weavile|Pressure
|turn|13
|
|t:|1655218698
|move|p1a: Weavile|Ice Shard|p2a: Kommo-o
|-supereffective|p2a: Kommo-o
|-damage|p2a: Kommo-o|14/100
|move|p2a: Kommo-o|Aura Sphere|p1a: Weavile
|-supereffective|p1a: Weavile
|-damage|p1a: Weavile|0 fnt
|faint|p1a: Weavile
|
|upkeep
|
|t:|1655218701
|switch|p1a: Bisharp|Bisharp, F|95/100
|-damage|p1a: Bisharp|89/100|[from] Stealth Rock
|turn|14
|
|t:|1655218707
|switch|p2a: Kartana|Kartana|100/100
|move|p1a: Bisharp|Sucker Punch||[still]
|-fail|p1a: Bisharp
|
|upkeep
|turn|15
|
|t:|1655218712
|move|p2a: Kartana|Sacred Sword|p1a: Bisharp
|-supereffective|p1a: Bisharp
|-damage|p1a: Bisharp|0 fnt
|faint|p1a: Bisharp
|-ability|p2a: Kartana|Beast Boost|boost
|-boost|p2a: Kartana|atk|1
|
|upkeep
|
|t:|1655218715
|switch|p1a: Volcanion|Volcanion|95/100
|turn|16
|
|t:|1655218719
|move|p2a: Kartana|Sacred Sword|p1a: Volcanion
|-damage|p1a: Volcanion|27/100
|move|p1a: Volcanion|Flamethrower|p2a: Kartana
|-supereffective|p2a: Kartana
|-damage|p2a: Kartana|0 fnt
|faint|p2a: Kartana
|
|upkeep
|
|t:|1655218728
|switch|p2a: Kommo-o|Kommo-o, F|14/100
|turn|17
|
|t:|1655218734
|move|p2a: Kommo-o|Clanging Scales|p1a: Volcanion
|-damage|p1a: Volcanion|0 fnt
|faint|p1a: Volcanion
|-unboost|p2a: Kommo-o|def|1
|
|upkeep
|
|t:|1655218737
|switch|p1a: Heatran|Heatran, F|88/100
|-damage|p1a: Heatran|76/100|[from] Stealth Rock
|-item|p1a: Heatran|Air Balloon
|turn|18
|
|t:|1655218740
|move|p2a: Kommo-o|Aura Sphere|p1a: Heatran
|-supereffective|p1a: Heatran
|-damage|p1a: Heatran|7/100
|-enditem|p1a: Heatran|Air Balloon
|move|p1a: Heatran|Flash Cannon|p2a: Kommo-o
|-damage|p2a: Kommo-o|0 fnt
|faint|p2a: Kommo-o
|
|upkeep
|
|t:|1655218745
|switch|p2a: Ditto|Ditto, shiny|100/100
|-transform|p2a: Ditto|p1a: Heatran|[from] ability: Imposter
|turn|19
|
|t:|1655218750
|move|p2a: Ditto|Flash Cannon|p1a: Heatran
|-resisted|p1a: Heatran
|-damage|p1a: Heatran|0 fnt
|faint|p1a: Heatran
|
|win|wuilan jie
|raw|Brisssse's rating: 1429 &rarr; <strong>1410</strong><br />(-19 for losing)
|raw|wuilan jie's rating: 1445 &rarr; <strong>1464</strong><br />(+19 for winning)
|l|☆Brisssse
||Ladder isn't responding, score probably updated but might not have (Request timeout).
