|j|☆Selah
|j|☆Draco09876
|t:|1610309969
|player|p1|Selah|alder|1776
|player|p2|Draco09876|266|1714
|teamsize|p1|6
|teamsize|p2|6
|gametype|singles
|gen|8
|tier|[Gen 8] OU
|rated|
|clearpoke
|poke|p1|Tapu Lele|
|poke|p1|Spectrier|
|poke|p1|Heatran, F|
|poke|p1|Toxapex, F|
|poke|p1|Mandibuzz, F|
|poke|p1|Hippowdon, F|
|poke|p2|Toxtricity, F|
|poke|p2|Tornadus-Therian, M|
|poke|p2|Mandibuzz, F|
|poke|p2|Dragapult, M|
|poke|p2|Clefable, M|
|poke|p2|Swampert, F|
|rule|Sleep Clause Mod: Limit one foe put to sleep
|rule|Species Clause: Limit one of each Pokémon
|rule|OHKO Clause: OHKO moves are banned
|rule|Evasion Moves Clause: Evasion moves are banned
|rule|Endless Battle Clause: Forcing endless battles is banned
|rule|HP Percentage Mod: HP is shown in percentages
|rule|Dynamax Clause: You cannot dynamax
|teampreview
|inactive|Battle timer is ON: inactive players will automatically lose when time's up. (requested by Draco09876)
|
|t:|1610309994
|start
|switch|p1a: Tapu Lele|Tapu Lele|100/100
|switch|p2a: Swampert|Swampert, F|100/100
|-fieldstart|move: Psychic Terrain|[from] ability: Psychic Surge|[of] p1a: Tapu Lele
|turn|1
|
|t:|1610310023
|switch|p2a: Clefable|Clefable, M|100/100
|move|p1a: Tapu Lele|Moonblast|p2a: Clefable
|-damage|p2a: Clefable|55/100
|
|-heal|p2a: Clefable|61/100|[from] item: Leftovers
|upkeep
|turn|2
|
|t:|1610310030
|switch|p1a: Toxapex|Toxapex, F|100/100
|move|p2a: Clefable|Thunder Wave|p1a: Toxapex
|-status|p1a: Toxapex|par
|
|-heal|p2a: Clefable|67/100|[from] item: Leftovers
|upkeep
|turn|3
|
|t:|1610310034
|move|p2a: Clefable|Soft-Boiled|p2a: Clefable
|-heal|p2a: Clefable|100/100
|move|p1a: Toxapex|Knock Off|p2a: Clefable
|-resisted|p2a: Clefable
|-crit|p2a: Clefable
|-damage|p2a: Clefable|89/100
|-enditem|p2a: Clefable|Leftovers|[from] move: Knock Off|[of] p1a: Toxapex
|
|upkeep
|turn|4
|
|t:|1610310039
|switch|p2a: Toxtricity|Toxtricity, F|100/100
|move|p1a: Toxapex|Toxic Spikes|p2a: Toxtricity
|-sidestart|p2: Draco09876|move: Toxic Spikes
|
|upkeep
|turn|5
|
|t:|1610310062
|switch|p1a: Heatran|Heatran, F|100/100
|move|p2a: Toxtricity|Boomburst|p1a: Heatran
|-resisted|p1a: Heatran
|-damage|p1a: Heatran|70/100
|
|-heal|p1a: Heatran|76/100|[from] item: Leftovers
|-fieldend|move: Psychic Terrain
|upkeep
|turn|6
|j| mahoubroujo
|
|t:|1610310082
|switch|p2a: Mandibuzz|Mandibuzz, F|100/100
|move|p1a: Heatran|Magma Storm|p2a: Mandibuzz
|-damage|p2a: Mandibuzz|57/100
|-activate|p2a: Mandibuzz|move: Magma Storm|[of] p1a: Heatran
|
|-heal|p1a: Heatran|83/100|[from] item: Leftovers
|-damage|p2a: Mandibuzz|44/100|[from] move: Magma Storm|[partiallytrapped]
|upkeep
|turn|7
|
|t:|1610310090
|move|p1a: Heatran|Taunt|p2a: Mandibuzz
|-start|p2a: Mandibuzz|move: Taunt
|move|p2a: Mandibuzz|U-turn|p1a: Heatran
|-resisted|p1a: Heatran
|-damage|p1a: Heatran|80/100
|
|t:|1610310094
|switch|p2a: Toxtricity|Toxtricity, F|100/100|[from]move: U-turn
|-sideend|p2: Draco09876|move: Toxic Spikes|[of] p2a: Toxtricity
|
|-heal|p1a: Heatran|86/100|[from] item: Leftovers
|upkeep
|turn|8
|j| BasedHasselbeck
|
|t:|1610310098
|switch|p2a: Swampert|Swampert, F|100/100
|move|p1a: Heatran|Magma Storm|p2a: Swampert
|-resisted|p2a: Swampert
|-damage|p2a: Swampert|84/100
|-activate|p2a: Swampert|move: Magma Storm|[of] p1a: Heatran
|
|-heal|p1a: Heatran|92/100|[from] item: Leftovers
|-heal|p2a: Swampert|91/100|[from] item: Leftovers
|-damage|p2a: Swampert|78/100|[from] move: Magma Storm|[partiallytrapped]
|upkeep
|turn|9
|l| BasedHasselbeck
|
|t:|1610310108
|move|p1a: Heatran|Protect|p1a: Heatran
|-singleturn|p1a: Heatran|Protect
|move|p2a: Swampert|Flip Turn|p1a: Heatran
|-activate|p1a: Heatran|move: Protect
|
|-heal|p1a: Heatran|98/100|[from] item: Leftovers
|-heal|p2a: Swampert|84/100|[from] item: Leftovers
|-damage|p2a: Swampert|72/100|[from] move: Magma Storm|[partiallytrapped]
|upkeep
|turn|10
|j| Gilbywilby
|j| Alemantas194
|
|t:|1610310122
|switch|p1a: Mandibuzz|Mandibuzz, F|100/100
|move|p2a: Swampert|Flip Turn|p1a: Mandibuzz
|-damage|p1a: Mandibuzz|86/100
|j| The Shitpoopers
|
|t:|1610310145
|switch|p2a: Toxtricity|Toxtricity, F|100/100|[from]move: Flip Turn
|
|upkeep
|turn|11
|
|t:|1610310151
|switch|p1a: Heatran|Heatran, F|98/100
|move|p2a: Toxtricity|Volt Switch|p1a: Heatran
|-damage|p1a: Heatran|65/100
|
|t:|1610310154
|switch|p2a: Swampert|Swampert, F|72/100|[from]move: Volt Switch
|
|-heal|p1a: Heatran|71/100|[from] item: Leftovers
|-heal|p2a: Swampert|78/100|[from] item: Leftovers
|upkeep
|turn|12
|
|t:|1610310158
|switch|p1a: Tapu Lele|Tapu Lele|100/100
|-fieldstart|move: Psychic Terrain|[from] ability: Psychic Surge|[of] p1a: Tapu Lele
|move|p2a: Swampert|Stealth Rock|p1a: Tapu Lele
|-sidestart|p1: Selah|move: Stealth Rock
|
|-heal|p2a: Swampert|84/100|[from] item: Leftovers
|upkeep
|turn|13
|j| yarcii
|
|t:|1610310165
|move|p1a: Tapu Lele|Moonblast|p2a: Swampert
|-damage|p2a: Swampert|34/100
|move|p2a: Swampert|Flip Turn|p1a: Tapu Lele
|-damage|p1a: Tapu Lele|68/100
|
|t:|1610310168
|switch|p2a: Toxtricity|Toxtricity, F|100/100|[from]move: Flip Turn
|
|upkeep
|turn|14
|j| flawless creation
|
|t:|1610310178
|switch|p1a: Heatran|Heatran, F|71/100
|-damage|p1a: Heatran|59/100|[from] Stealth Rock
|move|p2a: Toxtricity|Boomburst|p1a: Heatran
|-resisted|p1a: Heatran
|-damage|p1a: Heatran|30/100
|
|-heal|p1a: Heatran|37/100|[from] item: Leftovers
|upkeep
|turn|15
|j| Limited_Toolkit
|
|t:|1610310185
|switch|p2a: Swampert|Swampert, F|34/100
|move|p1a: Heatran|Earth Power|p2a: Swampert
|-damage|p2a: Swampert|12/100
|
|-heal|p1a: Heatran|43/100|[from] item: Leftovers
|-heal|p2a: Swampert|18/100|[from] item: Leftovers
|upkeep
|turn|16
|
|t:|1610310190
|move|p1a: Heatran|Earth Power|p2a: Swampert
|-damage|p2a: Swampert|0 fnt
|faint|p2a: Swampert
|
|-heal|p1a: Heatran|49/100|[from] item: Leftovers
|-fieldend|move: Psychic Terrain
|upkeep
|
|t:|1610310195
|switch|p2a: Toxtricity|Toxtricity, F|100/100
|turn|17
|
|t:|1610310198
|move|p1a: Heatran|Protect|p1a: Heatran
|-singleturn|p1a: Heatran|Protect
|move|p2a: Toxtricity|Volt Switch|p1a: Heatran
|-activate|p1a: Heatran|move: Protect
|
|-heal|p1a: Heatran|55/100|[from] item: Leftovers
|upkeep
|turn|18
|
|t:|1610310204
|switch|p2a: Tornadus|Tornadus-Therian, M|100/100
|move|p1a: Heatran|Magma Storm|p2a: Tornadus
|-damage|p2a: Tornadus|37/100
|-activate|p2a: Tornadus|move: Magma Storm|[of] p1a: Heatran
|
|-heal|p1a: Heatran|61/100|[from] item: Leftovers
|-damage|p2a: Tornadus|25/100|[from] move: Magma Storm|[partiallytrapped]
|upkeep
|turn|19
|j| deesnut
|l| flawless creation
|
|t:|1610310208
|move|p1a: Heatran|Protect|p1a: Heatran
|-singleturn|p1a: Heatran|Protect
|move|p2a: Tornadus|Air Slash|p1a: Heatran
|-activate|p1a: Heatran|move: Protect
|
|-heal|p1a: Heatran|67/100|[from] item: Leftovers
|-damage|p2a: Tornadus|13/100|[from] move: Magma Storm|[partiallytrapped]
|upkeep
|turn|20
|
|t:|1610310211
|move|p2a: Tornadus|Air Slash|p1a: Heatran
|-resisted|p1a: Heatran
|-damage|p1a: Heatran|51/100
|move|p1a: Heatran|Magma Storm|p2a: Tornadus
|-damage|p2a: Tornadus|0 fnt
|faint|p2a: Tornadus
|
|-heal|p1a: Heatran|57/100|[from] item: Leftovers
|upkeep
|
|t:|1610310215
|switch|p2a: Dragapult|Dragapult, M|100/100
|turn|21
|
|t:|1610310221
|switch|p1a: Mandibuzz|Mandibuzz, F|86/100
|move|p2a: Dragapult|Dragon Darts|p1a: Mandibuzz
|-damage|p1a: Mandibuzz|69/100
|-anim|p2a: Dragapult|Dragon Darts|p1a: Mandibuzz
|-damage|p1a: Mandibuzz|52/100
|
|upkeep
|turn|22
|
|t:|1610310229
|switch|p2a: Clefable|Clefable, M|89/100
|move|p1a: Mandibuzz|Roost|p1a: Mandibuzz
|-heal|p1a: Mandibuzz|100/100
|-singleturn|p1a: Mandibuzz|move: Roost
|
|upkeep
|turn|23
|
|t:|1610310237
|switch|p1a: Hippowdon|Hippowdon, F|100/100
|-damage|p1a: Hippowdon|94/100|[from] Stealth Rock
|-weather|Sandstorm|[from] ability: Sand Stream|[of] p1a: Hippowdon
|switch|p2a: Toxtricity|Toxtricity, F|100/100
|
|-weather|Sandstorm|[upkeep]
|-damage|p2a: Toxtricity|94/100|[from] Sandstorm
|-heal|p1a: Hippowdon|100/100|[from] item: Leftovers
|upkeep
|turn|24
|
|t:|1610310242
|move|p2a: Toxtricity|Boomburst|p1a: Hippowdon
|-damage|p1a: Hippowdon|44/100
|move|p1a: Hippowdon|Earthquake|p2a: Toxtricity
|-supereffective|p2a: Toxtricity
|-damage|p2a: Toxtricity|0 fnt
|faint|p2a: Toxtricity
|
|-weather|Sandstorm|[upkeep]
|-heal|p1a: Hippowdon|50/100|[from] item: Leftovers
|upkeep
|l| Gilbywilby
|
|t:|1610310253
|switch|p2a: Dragapult|Dragapult, M|100/100
|turn|25
|j| SpittingDuck
|
|t:|1610310257
|move|p2a: Dragapult|Dragon Dance|p2a: Dragapult
|-boost|p2a: Dragapult|atk|1
|-boost|p2a: Dragapult|spe|1
|move|p1a: Hippowdon|Toxic|p2a: Dragapult
|-status|p2a: Dragapult|tox
|
|-weather|Sandstorm|[upkeep]
|-damage|p2a: Dragapult|95/100 tox|[from] Sandstorm
|-heal|p2a: Dragapult|100/100 tox|[from] item: Leftovers
|-heal|p1a: Hippowdon|56/100|[from] item: Leftovers
|-damage|p2a: Dragapult|95/100 tox|[from] psn
|upkeep
|turn|26
|
|t:|1610310261
|move|p2a: Dragapult|Dragon Dance|p2a: Dragapult
|-boost|p2a: Dragapult|atk|1
|-boost|p2a: Dragapult|spe|1
|move|p1a: Hippowdon|Slack Off|p1a: Hippowdon
|-heal|p1a: Hippowdon|100/100
|
|-weather|Sandstorm|[upkeep]
|-damage|p2a: Dragapult|89/100 tox|[from] Sandstorm
|-heal|p2a: Dragapult|95/100 tox|[from] item: Leftovers
|-damage|p2a: Dragapult|83/100 tox|[from] psn
|upkeep
|turn|27
|
|t:|1610310266
|move|p2a: Dragapult|Dragon Darts|p1a: Hippowdon
|-damage|p1a: Hippowdon|76/100
|-anim|p2a: Dragapult|Dragon Darts|p1a: Hippowdon
|-damage|p1a: Hippowdon|51/100
|move|p1a: Hippowdon|Earthquake|p2a: Dragapult
|-damage|p2a: Dragapult|33/100 tox
|
|-weather|none
|-heal|p2a: Dragapult|39/100 tox|[from] item: Leftovers
|-heal|p1a: Hippowdon|58/100|[from] item: Leftovers
|-damage|p2a: Dragapult|21/100 tox|[from] psn
|upkeep
|turn|28
|
|t:|1610310272
|switch|p1a: Tapu Lele|Tapu Lele|68/100
|-damage|p1a: Tapu Lele|56/100|[from] Stealth Rock
|-fieldstart|move: Psychic Terrain|[from] ability: Psychic Surge|[of] p1a: Tapu Lele
|move|p2a: Dragapult|Dragon Darts|p1a: Tapu Lele
|-immune|p1a: Tapu Lele
|
|-heal|p2a: Dragapult|27/100 tox|[from] item: Leftovers
|-damage|p2a: Dragapult|3/100 tox|[from] psn
|upkeep
|turn|29
|
|t:|1610310276
|switch|p1a: Hippowdon|Hippowdon, F|58/100
|-damage|p1a: Hippowdon|51/100|[from] Stealth Rock
|-weather|Sandstorm|[from] ability: Sand Stream|[of] p1a: Hippowdon
|move|p2a: Dragapult|Dragon Darts|p1a: Hippowdon
|-crit|p1a: Hippowdon
|-damage|p1a: Hippowdon|13/100
|-anim|p2a: Dragapult|Dragon Darts|p1a: Hippowdon
|-damage|p1a: Hippowdon|0 fnt
|faint|p1a: Hippowdon
|
|-weather|Sandstorm|[upkeep]
|-damage|p2a: Dragapult|0 fnt|[from] Sandstorm
|faint|p2a: Dragapult
|upkeep
|j| ppev
|inactive|Draco09876 has 120 seconds left.
|inactive|Draco09876 has 90 seconds left.
|inactive|Draco09876 has 60 seconds left.
|c|☆Selah|gg
|inactive|Draco09876 has 30 seconds left.
|inactive|Draco09876 has 20 seconds left.
|inactive|Draco09876 has 15 seconds left.
|inactive|Draco09876 has 10 seconds left.
|l| Limited_Toolkit
|inactive|Draco09876 has 5 seconds left.
|-message|Draco09876 lost due to inactivity.
|
|win|Selah
|l|☆Selah
|j|☆Selah
|player|p1|Selah|alder
||Ladder (probably) updated, but score could not be retrieved (Request timeout).
