|raw|<div class="broadcast-blue"><strong>This battle is required to be public due to a player having a name starting with 'lt94je'.</div>
|j|☆LT94JE EGC
|j|☆Pinkacross
|t:|1661726187
|gametype|singles
|player|p1|LT94JE EGC|unknown|1894
|player|p2|Pinkacross|102|1823
|teamsize|p1|6
|teamsize|p2|6
|gen|8
|tier|[Gen 8] OU
|rated|
|rule|Sleep Clause Mod: Limit one foe put to sleep
|rule|Species Clause: Limit one of each Pokémon
|rule|OHKO Clause: OHKO moves are banned
|rule|Evasion Items Clause: Evasion items are banned
|rule|Evasion Moves Clause: Evasion moves are banned
|rule|Endless Battle Clause: Forcing endless battles is banned
|rule|HP Percentage Mod: HP is shown in percentages
|rule|Dynamax Clause: You cannot dynamax
|clearpoke
|poke|p1|Melmetal|
|poke|p1|Nihilego|
|poke|p1|Landorus-Therian, M|
|poke|p1|Magnezone|
|poke|p1|Kartana|
|poke|p1|Dragonite, F|
|poke|p2|Moltres-Galar|
|poke|p2|Bisharp, M|
|poke|p2|Volcarona, F|
|poke|p2|Volcanion|
|poke|p2|Ninetales-Alola, F|
|poke|p2|Landorus-Therian, M|
|teampreview
|inactive|Battle timer is ON: inactive players will automatically lose when time's up. (requested by LT94JE EGC)
|j| Venositile
|j| inv solak plz
|l| inv solak plz
|c|☆Pinkacross|hf
|inactive|Pinkacross has 120 seconds left.
|
|t:|1661726225
|start
|switch|p1a: Melmetal|Melmetal, shiny|100/100
|switch|p2a: Ninetales|Ninetales-Alola, F|100/100
|-weather|Hail|[from] ability: Snow Warning|[of] p2a: Ninetales
|turn|1
|j| London Beats
|
|t:|1661726237
|move|p2a: Ninetales|Aurora Veil|p2a: Ninetales
|-sidestart|p2: Pinkacross|move: Aurora Veil
|move|p1a: Melmetal|Double Iron Bash|p2a: Ninetales
|-supereffective|p2a: Ninetales
|-crit|p2a: Ninetales
|-damage|p2a: Ninetales|0 fnt
|faint|p2a: Ninetales
|-hitcount|p2: Ninetales|1
|
|-weather|Hail|[upkeep]
|-damage|p1a: Melmetal|94/100|[from] Hail
|upkeep
|j| LT94JE Tace
|j| lt94je cuzzie
|
|t:|1661726247
|switch|p2a: Landorus|Landorus-Therian, M|100/100
|-ability|p2a: Landorus|Intimidate|boost
|-unboost|p1a: Melmetal|atk|1
|turn|2
|
|t:|1661726250
|switch|p1a: Landorus|Landorus-Therian, M, shiny|100/100
|-ability|p1a: Landorus|Intimidate|boost
|-unboost|p2a: Landorus|atk|1
|move|p2a: Landorus|U-turn|p1a: Landorus
|-resisted|p1a: Landorus
|-damage|p1a: Landorus|85/100
|j| Kyurem
|
|t:|1661726252
|switch|p2a: Moltres|Moltres-Galar|100/100|[from]move: U-turn
|
|-weather|Hail|[upkeep]
|-damage|p1a: Landorus|79/100|[from] Hail
|-damage|p2a: Moltres|94/100|[from] Hail
|upkeep
|turn|3
|j| Rubiaa
|
|t:|1661726262
|switch|p1a: Nihilego|Nihilego, shiny|100/100
|move|p2a: Moltres|Nasty Plot|p2a: Moltres
|-boost|p2a: Moltres|spa|2
|
|-weather|Hail|[upkeep]
|-damage|p1a: Nihilego|94/100|[from] Hail
|-damage|p2a: Moltres|88/100|[from] Hail
|upkeep
|turn|4
|
|t:|1661726265
|move|p1a: Nihilego|Meteor Beam||[still]
|-prepare|p1a: Nihilego|Meteor Beam
|-boost|p1a: Nihilego|spa|1
|-enditem|p1a: Nihilego|Power Herb
|-anim|p1a: Nihilego|Meteor Beam|p2a: Moltres
|-supereffective|p2a: Moltres
|-damage|p2a: Moltres|19/100
|-ability|p2a: Moltres|Berserk|boost
|-boost|p2a: Moltres|spa|1
|move|p2a: Moltres|Agility|p2a: Moltres
|-boost|p2a: Moltres|spe|2
|
|-weather|Hail|[upkeep]
|-damage|p2a: Moltres|12/100|[from] Hail
|-damage|p1a: Nihilego|88/100|[from] Hail
|upkeep
|turn|5
|j|@ironwater
|inactive|Pinkacross has 120 seconds left.
|
|t:|1661726301
|move|p2a: Moltres|Rest|p2a: Moltres
|-status|p2a: Moltres|slp|[from] move: Rest
|-heal|p2a: Moltres|100/100 slp|[silent]
|-enditem|p2a: Moltres|Chesto Berry|[eat]
|-curestatus|p2a: Moltres|slp|[msg]
|move|p1a: Nihilego|Power Gem|p2a: Moltres
|-supereffective|p2a: Moltres
|-damage|p2a: Moltres|55/100
|
|-weather|none
|upkeep
|turn|6
|inactive|Pinkacross has 120 seconds left.
|
|t:|1661726328
|move|p2a: Moltres|Fiery Wrath|p1a: Nihilego
|-crit|p1a: Nihilego
|-damage|p1a: Nihilego|0 fnt
|faint|p1a: Nihilego
|
|upkeep
|
|t:|1661726336
|switch|p1a: Magnezone|Magnezone, shiny|100/100
|-item|p1a: Magnezone|Air Balloon
|turn|7
|
|t:|1661726338
|move|p2a: Moltres|Fiery Wrath|p1a: Magnezone
|-damage|p1a: Magnezone|10/100
|-enditem|p1a: Magnezone|Air Balloon
|cant|p1a: Magnezone|flinch
|
|upkeep
|turn|8
|c|☆LT94JE EGC|ugotta be kidding me
|
|t:|1661726350
|move|p2a: Moltres|Fiery Wrath|p1a: Magnezone
|-damage|p1a: Magnezone|0 fnt
|faint|p1a: Magnezone
|
|-sideend|p2: Pinkacross|move: Aurora Veil
|upkeep
|
|t:|1661726351
|switch|p1a: Dragonite|Dragonite, F, shiny|100/100
|turn|9
|c|☆Pinkacross|idk how big that was, it remains to be seen
|
|t:|1661726357
|move|p1a: Dragonite|Extreme Speed|p2a: Moltres
|-damage|p2a: Moltres|7/100
|-ability|p2a: Moltres|Berserk|boost
|-boost|p2a: Moltres|spa|1
|move|p2a: Moltres|Fiery Wrath|p1a: Dragonite
|-damage|p1a: Dragonite|0 fnt
|faint|p1a: Dragonite
|
|upkeep
|
|t:|1661726359
|switch|p1a: Landorus|Landorus-Therian, M, shiny|79/100
|-ability|p1a: Landorus|Intimidate|boost
|-unboost|p2a: Moltres|atk|1
|turn|10
|-message|LT94JE EGC forfeited.
|
|win|Pinkacross
|raw|LT94JE EGC's rating: 1894 &rarr; <strong>1870</strong><br />(-24 for losing)
|raw|Pinkacross's rating: 1823 &rarr; <strong>1847</strong><br />(+24 for winning)
|c|☆Pinkacross|oh yea that was very big
|c|☆Pinkacross|srry
|c|☆Pinkacross|that sucks
|l|☆LT94JE EGC
|l| Rubiaa
|l|@ironwater
|l| LT94JE Tace
