|j|☆mrdcaba6102022
|j|☆2(H2O)-Alt
|t:|1655416980
|gametype|singles
|player|p1|mrdcaba6102022|170|1600
|player|p2|2(H2O)-Alt|youngster|1640
|teamsize|p1|6
|teamsize|p2|6
|gen|8
|tier|[Gen 8] OU
|rated|
|rule|Sleep Clause Mod: Limit one foe put to sleep
|rule|Species Clause: Limit one of each Pokémon
|rule|OHKO Clause: OHKO moves are banned
|rule|Evasion Moves Clause: Evasion moves are banned
|rule|Endless Battle Clause: Forcing endless battles is banned
|rule|HP Percentage Mod: HP is shown in percentages
|rule|Dynamax Clause: You cannot dynamax
|clearpoke
|poke|p1|Pelipper, M|
|poke|p1|Barraskewda, M|
|poke|p1|Regieleki|
|poke|p1|Tapu Lele|
|poke|p1|Landorus-Therian, M|
|poke|p1|Ferrothorn, M|
|poke|p2|Tapu Lele|
|poke|p2|Victini|
|poke|p2|Melmetal|
|poke|p2|Dragonite, M|
|poke|p2|Landorus-Therian, M|
|poke|p2|Urshifu-*, M|
|teampreview
|inactive|Battle timer is ON: inactive players will automatically lose when time's up. (requested by 2(H2O)-Alt)
|inactive|mrdcaba6102022 has 120 seconds left.
|
|t:|1655417022
|start
|switch|p1a: Pelipper|Pelipper, M|100/100
|switch|p2a: Tapu Lele|Tapu Lele|100/100
|-fieldstart|move: Psychic Terrain|[from] ability: Psychic Surge|[of] p2a: Tapu Lele
|-weather|RainDance|[from] ability: Drizzle|[of] p1a: Pelipper
|turn|1
|
|t:|1655417028
|switch|p1a: Ferrothorn|Ferrothorn, M|100/100
|move|p2a: Tapu Lele|Future Sight|p1a: Ferrothorn
|-start|p2a: Tapu Lele|move: Future Sight
|
|-weather|RainDance|[upkeep]
|upkeep
|turn|2
|
|t:|1655417031
|switch|p2a: Urshifu|Urshifu-Rapid-Strike, M|100/100
|move|p1a: Ferrothorn|Knock Off|p2a: Urshifu
|-resisted|p2a: Urshifu
|-damage|p2a: Urshifu|90/100
|-enditem|p2a: Urshifu|Choice Band|[from] move: Knock Off|[of] p1a: Ferrothorn
|
|-weather|RainDance|[upkeep]
|upkeep
|turn|3
|
|t:|1655417036
|switch|p1a: Pelipper|Pelipper, M|100/100
|move|p2a: Urshifu|Close Combat|p1a: Pelipper
|-resisted|p1a: Pelipper
|-damage|p1a: Pelipper|60/100
|-unboost|p2a: Urshifu|def|1
|-unboost|p2a: Urshifu|spd|1
|
|-weather|RainDance|[upkeep]
|-end|p1a: Pelipper|move: Future Sight
|-damage|p1a: Pelipper|0 fnt
|faint|p1a: Pelipper
|upkeep
|
|t:|1655417040
|switch|p1a: Tapu Lele|Tapu Lele|100/100
|turn|4
|
|t:|1655417046
|switch|p2a: Melmetal|Melmetal|100/100
|move|p1a: Tapu Lele|Moonblast|p2a: Melmetal
|-resisted|p2a: Melmetal
|-damage|p2a: Melmetal|86/100
|-unboost|p2a: Melmetal|spa|1
|
|-weather|RainDance|[upkeep]
|upkeep
|turn|5
|inactive|2(H2O)-Alt has 120 seconds left.
|
|t:|1655417078
|switch|p1a: Ferrothorn|Ferrothorn, M|100/100
|switch|p2a: Urshifu|Urshifu-Rapid-Strike, M|90/100
|
|-weather|none
|-fieldend|move: Psychic Terrain
|upkeep
|turn|6
|inactive|2(H2O)-Alt has 120 seconds left.
|inactive|2(H2O)-Alt has 90 seconds left.
|
|t:|1655417138
|move|p2a: Urshifu|Close Combat|p1a: Ferrothorn
|-supereffective|p1a: Ferrothorn
|-damage|p1a: Ferrothorn|0 fnt
|-unboost|p2a: Urshifu|def|1
|-unboost|p2a: Urshifu|spd|1
|-damage|p2a: Urshifu|78/100|[from] ability: Iron Barbs|[of] p1a: Ferrothorn
|faint|p1a: Ferrothorn
|
|upkeep
|
|t:|1655417153
|switch|p1a: Tapu Lele|Tapu Lele|100/100
|-fieldstart|move: Psychic Terrain|[from] ability: Psychic Surge|[of] p1a: Tapu Lele
|turn|7
|
|t:|1655417156
|switch|p2a: Victini|Victini|100/100
|move|p1a: Tapu Lele|Future Sight|p2a: Victini
|-start|p1a: Tapu Lele|move: Future Sight
|
|upkeep
|turn|8
|
|t:|1655417161
|switch|p1a: Landorus|Landorus-Therian, M|100/100
|-ability|p1a: Landorus|Intimidate|boost
|-unboost|p2a: Victini|atk|1
|move|p2a: Victini|U-turn|p1a: Landorus
|-resisted|p1a: Landorus
|-damage|p1a: Landorus|95/100
|j| Hella Rare Pepe
|
|t:|1655417167
|switch|p2a: Landorus|Landorus-Therian, M|100/100|[from]move: U-turn
|-ability|p2a: Landorus|Intimidate|boost
|-unboost|p1a: Landorus|atk|1
|
|-heal|p1a: Landorus|100/100|[from] item: Leftovers
|upkeep
|turn|9
|
|t:|1655417172
|switch|p2a: Melmetal|Melmetal|86/100
|move|p1a: Landorus|U-turn|p2a: Melmetal
|-resisted|p2a: Melmetal
|-damage|p2a: Melmetal|83/100
|
|t:|1655417176
|switch|p1a: Barraskewda|Barraskewda, M|100/100|[from]move: U-turn
|
|-end|p2a: Melmetal|move: Future Sight
|-resisted|p2a: Melmetal
|-damage|p2a: Melmetal|60/100
|upkeep
|turn|10
|
|t:|1655417181
|switch|p2a: Dragonite|Dragonite, M|100/100
|move|p1a: Barraskewda|Flip Turn|p2a: Dragonite
|-resisted|p2a: Dragonite
|-damage|p2a: Dragonite|91/100
|
|t:|1655417184
|switch|p1a: Tapu Lele|Tapu Lele|100/100|[from]move: Flip Turn
|
|upkeep
|turn|11
|
|t:|1655417188
|switch|p2a: Victini|Victini|100/100
|move|p1a: Tapu Lele|Moonblast|p2a: Victini
|-resisted|p2a: Victini
|-damage|p2a: Victini|72/100
|
|-fieldend|move: Psychic Terrain
|upkeep
|turn|12
|
|t:|1655417192
|switch|p1a: Landorus|Landorus-Therian, M|100/100
|-ability|p1a: Landorus|Intimidate|boost
|-unboost|p2a: Victini|atk|1
|move|p2a: Victini|U-turn|p1a: Landorus
|-resisted|p1a: Landorus
|-damage|p1a: Landorus|94/100
|
|t:|1655417194
|switch|p2a: Urshifu|Urshifu-Rapid-Strike, M|78/100|[from]move: U-turn
|
|-heal|p1a: Landorus|99/100|[from] item: Leftovers
|upkeep
|turn|13
|
|t:|1655417200
|move|p2a: Urshifu|Surging Strikes|p1a: Landorus
|-supereffective|p1a: Landorus
|-crit|p1a: Landorus
|-damage|p1a: Landorus|63/100
|-supereffective|p1a: Landorus
|-crit|p1a: Landorus
|-damage|p1a: Landorus|28/100
|-supereffective|p1a: Landorus
|-crit|p1a: Landorus
|-damage|p1a: Landorus|0 fnt
|faint|p1a: Landorus
|-hitcount|p1: Landorus|3
|
|upkeep
|
|t:|1655417203
|switch|p1a: Regieleki|Regieleki|100/100
|turn|14
|-message|mrdcaba6102022 forfeited.
|
|win|2(H2O)-Alt
|raw|mrdcaba6102022's rating: 1600 &rarr; <strong>1582</strong><br />(-18 for losing)
|raw|2(H2O)-Alt's rating: 1640 &rarr; <strong>1658</strong><br />(+18 for winning)
|l|☆mrdcaba6102022
||Ladder isn't responding, score probably updated but might not have (Request timeout).
|l| Hella Rare Pepe
