|j|☆Run For Me Plz
|j|☆thepoopidoopi
|t:|1663268622
|gametype|singles
|player|p1|Run For Me Plz|blue-gen2|1547
|player|p2|thepoopidoopi|marnie-masters|1555
|teamsize|p1|6
|teamsize|p2|6
|gen|8
|tier|[Gen 8] OU
|rated|
|rule|Sleep Clause Mod: Limit one foe put to sleep
|rule|Species Clause: Limit one of each Pokémon
|rule|OHKO Clause: OHKO moves are banned
|rule|Evasion Items Clause: Evasion items are banned
|rule|Evasion Moves Clause: Evasion moves are banned
|rule|Endless Battle Clause: Forcing endless battles is banned
|rule|HP Percentage Mod: HP is shown in percentages
|rule|Dynamax Clause: You cannot dynamax
|clearpoke
|poke|p1|Zeraora|
|poke|p1|Slowbro, M|
|poke|p1|Tornadus-Therian, M|
|poke|p1|Garchomp, M|
|poke|p1|Blissey, F|
|poke|p1|Corviknight, M|
|poke|p2|Landorus-Therian, M|
|poke|p2|Ferrothorn, F|
|poke|p2|Pangoro, F|
|poke|p2|Tornadus-Therian, M|
|poke|p2|Dragapult, M|
|poke|p2|Tapu Lele|
|teampreview
|
|t:|1663268637
|start
|switch|p1a: Tornadus|Tornadus-Therian, M, shiny|100/100
|switch|p2a: Tapu Lele|Tapu Lele|100/100
|-fieldstart|move: Psychic Terrain|[from] ability: Psychic Surge|[of] p2a: Tapu Lele
|turn|1
|
|t:|1663268643
|switch|p2a: Tornadus|Tornadus-Therian, M|100/100
|move|p1a: Tornadus|Knock Off|p2a: Tornadus
|-damage|p2a: Tornadus|81/100
|-enditem|p2a: Tornadus|Assault Vest|[from] move: Knock Off|[of] p1a: Tornadus
|
|upkeep
|turn|2
|inactive|Battle timer is ON: inactive players will automatically lose when time's up. (requested by thepoopidoopi)
|
|t:|1663268670
|move|p2a: Tornadus|U-turn|p1a: Tornadus
|-resisted|p1a: Tornadus
|-damage|p1a: Tornadus|92/100
|
|t:|1663268675
|switch|p2a: Landorus|Landorus-Therian, M|100/100|[from]move: U-turn
|-ability|p2a: Landorus|Intimidate|boost
|-unboost|p1a: Tornadus|atk|1
|move|p1a: Tornadus|Hurricane|p2a: Landorus
|-damage|p2a: Landorus|70/100
|-start|p2a: Landorus|confusion
|
|-heal|p2a: Landorus|76/100|[from] item: Leftovers
|upkeep
|turn|3
|
|t:|1663268684
|switch|p2a: Tornadus|Tornadus-Therian, M|100/100
|move|p1a: Tornadus|Icy Wind|p2a: Tornadus
|-supereffective|p2a: Tornadus
|-damage|p2a: Tornadus|75/100
|-unboost|p2a: Tornadus|spe|1
|
|upkeep
|turn|4
|
|t:|1663268690
|move|p1a: Tornadus|Hurricane|p2a: Tornadus
|-damage|p2a: Tornadus|34/100
|move|p2a: Tornadus|Knock Off|p1a: Tornadus
|-damage|p1a: Tornadus|73/100
|-enditem|p1a: Tornadus|Heavy-Duty Boots|[from] move: Knock Off|[of] p2a: Tornadus
|
|upkeep
|turn|5
|
|t:|1663268701
|switch|p2a: Ferrothorn|Ferrothorn, F|100/100
|move|p1a: Tornadus|Knock Off|p2a: Ferrothorn
|-damage|p2a: Ferrothorn|93/100
|-damage|p1a: Tornadus|61/100|[from] ability: Iron Barbs|[of] p2a: Ferrothorn
|-damage|p1a: Tornadus|44/100|[from] item: Rocky Helmet|[of] p2a: Ferrothorn
|-enditem|p2a: Ferrothorn|Rocky Helmet|[from] move: Knock Off|[of] p1a: Tornadus
|
|-fieldend|move: Psychic Terrain
|upkeep
|turn|6
|
|t:|1663268721
|switch|p1a: Slowbro|Slowbro, M|100/100
|move|p2a: Ferrothorn|Leech Seed|p1a: Slowbro
|-start|p1a: Slowbro|move: Leech Seed
|
|-damage|p1a: Slowbro|88/100|[from] Leech Seed|[of] p2a: Ferrothorn
|-heal|p2a: Ferrothorn|100/100|[silent]
|upkeep
|turn|7
|
|t:|1663268734
|move|p2a: Ferrothorn|Knock Off|p1a: Slowbro
|-supereffective|p1a: Slowbro
|-enditem|p1a: Slowbro|Colbur Berry|[eat]
|-enditem|p1a: Slowbro|Colbur Berry|[weaken]
|-damage|p1a: Slowbro|75/100
|move|p1a: Slowbro|Teleport|p1a: Slowbro
|
|t:|1663268748
|switch|p1a: Tornadus|Tornadus-Therian, M, shiny|77/100|[from]move: Teleport
|
|upkeep
|turn|8
|
|t:|1663268751
|move|p1a: Tornadus|Hurricane|p2a: Ferrothorn
|-damage|p2a: Ferrothorn|64/100
|move|p2a: Ferrothorn|Leech Seed|p1a: Tornadus
|-start|p1a: Tornadus|move: Leech Seed
|
|-damage|p1a: Tornadus|65/100|[from] Leech Seed|[of] p2a: Ferrothorn
|-heal|p2a: Ferrothorn|76/100|[silent]
|upkeep
|turn|9
|
|t:|1663268756
|move|p1a: Tornadus|Hurricane|p2a: Ferrothorn|[miss]
|-miss|p1a: Tornadus|p2a: Ferrothorn
|move|p2a: Ferrothorn|Gyro Ball|p1a: Tornadus
|-damage|p1a: Tornadus|17/100
|
|-damage|p1a: Tornadus|5/100|[from] Leech Seed|[of] p2a: Ferrothorn
|-heal|p2a: Ferrothorn|89/100|[silent]
|upkeep
|turn|10
|
|t:|1663268759
|switch|p1a: Slowbro|Slowbro, M|100/100
|move|p2a: Ferrothorn|Leech Seed|p1a: Slowbro
|-start|p1a: Slowbro|move: Leech Seed
|
|-damage|p1a: Slowbro|88/100|[from] Leech Seed|[of] p2a: Ferrothorn
|-heal|p2a: Ferrothorn|100/100|[silent]
|upkeep
|turn|11
|
|t:|1663268766
|move|p2a: Ferrothorn|Stealth Rock|p1a: Slowbro
|-sidestart|p1: Run For Me Plz|move: Stealth Rock
|move|p1a: Slowbro|Teleport|p1a: Slowbro
|
|t:|1663268768
|switch|p1a: Corviknight|Corviknight, M, shiny|100/100|[from]move: Teleport
|-damage|p1a: Corviknight|88/100|[from] Stealth Rock
|-ability|p1a: Corviknight|Pressure
|
|-heal|p1a: Corviknight|94/100|[from] item: Leftovers
|upkeep
|turn|12
|
|t:|1663268778
|switch|p2a: Dragapult|Dragapult, M|100/100
|move|p1a: Corviknight|Defog|p2a: Dragapult
|-unboost|p2a: Dragapult|evasion|1
|-sideend|p1: Run For Me Plz|Stealth Rock|[from] move: Defog|[of] p1a: Corviknight
|
|-heal|p1a: Corviknight|100/100|[from] item: Leftovers
|upkeep
|turn|13
|
|t:|1663268789
|switch|p2a: Ferrothorn|Ferrothorn, F|100/100
|move|p1a: Corviknight|U-turn|p2a: Ferrothorn
|-damage|p2a: Ferrothorn|92/100
|-damage|p1a: Corviknight|88/100|[from] ability: Iron Barbs|[of] p2a: Ferrothorn
|
|t:|1663268802
|switch|p1a: Tornadus|Tornadus-Therian, M, shiny|38/100|[from]move: U-turn
|
|upkeep
|turn|14
|
|t:|1663268808
|switch|p1a: Slowbro|Slowbro, M|100/100
|move|p2a: Ferrothorn|Gyro Ball|p1a: Slowbro
|-resisted|p1a: Slowbro
|-damage|p1a: Slowbro|97/100
|
|upkeep
|turn|15
|
|t:|1663268826
|move|p2a: Ferrothorn|Stealth Rock|p1a: Slowbro
|-sidestart|p1: Run For Me Plz|move: Stealth Rock
|move|p1a: Slowbro|Teleport|p1a: Slowbro
|
|t:|1663268830
|switch|p1a: Corviknight|Corviknight, M, shiny|88/100|[from]move: Teleport
|-damage|p1a: Corviknight|75/100|[from] Stealth Rock
|-ability|p1a: Corviknight|Pressure
|
|-heal|p1a: Corviknight|82/100|[from] item: Leftovers
|upkeep
|turn|16
|inactive|thepoopidoopi has 120 seconds left.
|inactive|thepoopidoopi has 90 seconds left.
|
|t:|1663268908
|move|p1a: Corviknight|Defog|p2a: Ferrothorn
|-unboost|p2a: Ferrothorn|evasion|1
|-sideend|p1: Run For Me Plz|Stealth Rock|[from] move: Defog|[of] p1a: Corviknight
|move|p2a: Ferrothorn|Knock Off|p1a: Corviknight
|-damage|p1a: Corviknight|63/100
|-enditem|p1a: Corviknight|Leftovers|[from] move: Knock Off|[of] p2a: Ferrothorn
|
|upkeep
|turn|17
|
|t:|1663268916
|move|p1a: Corviknight|Roost|p1a: Corviknight
|-heal|p1a: Corviknight|100/100
|-singleturn|p1a: Corviknight|move: Roost
|move|p2a: Ferrothorn|Knock Off|p1a: Corviknight
|-damage|p1a: Corviknight|88/100
|
|upkeep
|turn|18
|
|t:|1663268926
|move|p1a: Corviknight|Brave Bird|p2a: Ferrothorn
|-damage|p2a: Ferrothorn|68/100
|-damage|p1a: Corviknight|75/100|[from] ability: Iron Barbs|[of] p2a: Ferrothorn
|-damage|p1a: Corviknight|69/100|[from] Recoil
|move|p2a: Ferrothorn|Gyro Ball|p1a: Corviknight
|-resisted|p1a: Corviknight
|-damage|p1a: Corviknight|56/100
|
|upkeep
|turn|19
|l|☆Run For Me Plz
|inactive|Run For Me Plz disconnected and has a minute to reconnect!
|player|p1|
|inactive|thepoopidoopi has 90 seconds left.
|
|t:|1663268938
|switch|p2a: Tornadus|Tornadus-Therian, M|67/100
|move|p1a: Corviknight|Roost|p1a: Corviknight
|-heal|p1a: Corviknight|100/100
|-singleturn|p1a: Corviknight|move: Roost
|
|upkeep
|turn|20
|j|☆Run For Me Plz
|inactive|Run For Me Plz reconnected and has 150 seconds left.
|player|p1|Run For Me Plz|blue-gen2
|
|t:|1663268943
|switch|p1a: Garchomp|Garchomp, M|100/100
|move|p2a: Tornadus|U-turn|p1a: Garchomp
|-damage|p1a: Garchomp|88/100
|-damage|p2a: Tornadus|55/100|[from] ability: Rough Skin|[of] p1a: Garchomp
|inactive|thepoopidoopi has 90 seconds left.
|
|t:|1663268960
|switch|p2a: Dragapult|Dragapult, M|100/100|[from]move: U-turn
|
|-heal|p1a: Garchomp|94/100|[from] item: Leftovers
|upkeep
|turn|21
|
|t:|1663268984
|switch|p2a: Pangoro|Pangoro, F, shiny|100/100
|switch|p1a: Corviknight|Corviknight, M, shiny|100/100
|-ability|p1a: Corviknight|Pressure
|
|upkeep
|turn|22
|
|t:|1663268999
|switch|p2a: Ferrothorn|Ferrothorn, F|68/100
|move|p1a: Corviknight|Brave Bird|p2a: Ferrothorn
|-crit|p2a: Ferrothorn
|-damage|p2a: Ferrothorn|33/100
|-damage|p1a: Corviknight|88/100|[from] ability: Iron Barbs|[of] p2a: Ferrothorn
|-damage|p1a: Corviknight|78/100|[from] Recoil
|
|upkeep
|turn|23
|
|t:|1663269007
|move|p1a: Corviknight|Roost|p1a: Corviknight
|-heal|p1a: Corviknight|100/100
|-singleturn|p1a: Corviknight|move: Roost
|move|p2a: Ferrothorn|Leech Seed|p1a: Corviknight
|-start|p1a: Corviknight|move: Leech Seed
|
|-damage|p1a: Corviknight|88/100|[from] Leech Seed|[of] p2a: Ferrothorn
|-heal|p2a: Ferrothorn|48/100|[silent]
|upkeep
|turn|24
|
|t:|1663269022
|switch|p1a: Slowbro|Slowbro, M|100/100
|switch|p2a: Tornadus|Tornadus-Therian, M|88/100
|
|upkeep
|turn|25
|
|t:|1663269032
|move|p2a: Tornadus|Hurricane|p1a: Slowbro|[miss]
|-miss|p2a: Tornadus|p1a: Slowbro
|move|p1a: Slowbro|Teleport|p1a: Slowbro
|
|t:|1663269039
|switch|p1a: Garchomp|Garchomp, M|94/100|[from]move: Teleport
|
|-heal|p1a: Garchomp|99/100|[from] item: Leftovers
|upkeep
|turn|26
|
|t:|1663269043
|move|p2a: Tornadus|Icy Wind|p1a: Garchomp
|-supereffective|p1a: Garchomp
|-damage|p1a: Garchomp|61/100
|-unboost|p1a: Garchomp|spe|1
|move|p1a: Garchomp|Stealth Rock|p2a: Tornadus
|-sidestart|p2: thepoopidoopi|move: Stealth Rock
|
|-heal|p1a: Garchomp|67/100|[from] item: Leftovers
|upkeep
|turn|27
|
|t:|1663269068
|move|p2a: Tornadus|Icy Wind|p1a: Garchomp
|-supereffective|p1a: Garchomp
|-damage|p1a: Garchomp|33/100
|-unboost|p1a: Garchomp|spe|1
|move|p1a: Garchomp|Toxic|p2a: Tornadus
|-status|p2a: Tornadus|tox
|
|-heal|p1a: Garchomp|39/100|[from] item: Leftovers
|-damage|p2a: Tornadus|82/100 tox|[from] psn
|upkeep
|turn|28
|
|t:|1663269078
|switch|p1a: Corviknight|Corviknight, M, shiny|88/100
|-ability|p1a: Corviknight|Pressure
|move|p2a: Tornadus|U-turn|p1a: Corviknight
|-resisted|p1a: Corviknight
|-damage|p1a: Corviknight|85/100
|
|t:|1663269083
|switch|p2a: Dragapult|Dragapult, M|100/100|[from]move: U-turn
|-damage|p2a: Dragapult|88/100|[from] Stealth Rock
|
|upkeep
|turn|29
|
|t:|1663269090
|move|p2a: Dragapult|Shadow Ball|p1a: Corviknight
|-damage|p1a: Corviknight|49/100
|move|p1a: Corviknight|U-turn|p2a: Dragapult
|-resisted|p2a: Dragapult
|-damage|p2a: Dragapult|79/100
|
|t:|1663269094
|switch|p1a: Zeraora|Zeraora, shiny|100/100|[from]move: U-turn
|
|upkeep
|turn|30
|
|t:|1663269098
|switch|p2a: Landorus|Landorus-Therian, M|76/100
|-damage|p2a: Landorus|64/100|[from] Stealth Rock
|-ability|p2a: Landorus|Intimidate|boost
|-unboost|p1a: Zeraora|atk|1
|move|p1a: Zeraora|Knock Off|p2a: Landorus
|-damage|p2a: Landorus|45/100
|-enditem|p2a: Landorus|Leftovers|[from] move: Knock Off|[of] p1a: Zeraora
|
|upkeep
|turn|31
|
|t:|1663269105
|switch|p1a: Tornadus|Tornadus-Therian, M, shiny|71/100
|move|p2a: Landorus|Defog|p1a: Tornadus
|-unboost|p1a: Tornadus|evasion|1
|-sideend|p2: thepoopidoopi|Stealth Rock|[from] move: Defog|[of] p2a: Landorus
|
|upkeep
|turn|32
|
|t:|1663269112
|switch|p2a: Tornadus|Tornadus-Therian, M|100/100 tox
|move|p1a: Tornadus|U-turn|p2a: Tornadus
|-resisted|p2a: Tornadus
|-damage|p2a: Tornadus|92/100 tox
|l|☆Run For Me Plz
|inactive|Run For Me Plz disconnected and has a minute to reconnect!
|player|p1|
|j|☆Run For Me Plz
|inactive|Run For Me Plz reconnected and has 140 seconds left.
|player|p1|Run For Me Plz|blue-gen2
|
|t:|1663269127
|switch|p1a: Garchomp|Garchomp, M|39/100|[from]move: U-turn
|
|-heal|p1a: Garchomp|45/100|[from] item: Leftovers
|-damage|p2a: Tornadus|86/100 tox|[from] psn
|upkeep
|turn|33
|
|t:|1663269130
|move|p2a: Tornadus|U-turn|p1a: Garchomp
|-damage|p1a: Garchomp|32/100
|-damage|p2a: Tornadus|74/100 tox|[from] ability: Rough Skin|[of] p1a: Garchomp
|
|t:|1663269134
|switch|p2a: Tapu Lele|Tapu Lele|100/100|[from]move: U-turn
|-fieldstart|move: Psychic Terrain|[from] ability: Psychic Surge|[of] p2a: Tapu Lele
|move|p1a: Garchomp|Stealth Rock|p2a: Tapu Lele
|-sidestart|p2: thepoopidoopi|move: Stealth Rock
|
|-heal|p1a: Garchomp|38/100|[from] item: Leftovers
|upkeep
|turn|34
|
|t:|1663269138
|switch|p1a: Tornadus|Tornadus-Therian, M, shiny|100/100
|move|p2a: Tapu Lele|Psyshock|p1a: Tornadus
|-damage|p1a: Tornadus|33/100
|
|upkeep
|turn|35
|
|t:|1663269143
|switch|p2a: Pangoro|Pangoro, F, shiny|100/100
|-damage|p2a: Pangoro|94/100|[from] Stealth Rock
|move|p1a: Tornadus|U-turn|p2a: Pangoro
|-damage|p2a: Pangoro|76/100
|
|t:|1663269146
|switch|p1a: Zeraora|Zeraora, shiny|100/100|[from]move: U-turn
|
|upkeep
|turn|36
|
|t:|1663269149
|switch|p2a: Ferrothorn|Ferrothorn, F|48/100
|-damage|p2a: Ferrothorn|41/100|[from] Stealth Rock
|move|p1a: Zeraora|Close Combat|p2a: Ferrothorn
|-supereffective|p2a: Ferrothorn
|-damage|p2a: Ferrothorn|0 fnt
|-unboost|p1a: Zeraora|def|1
|-unboost|p1a: Zeraora|spd|1
|-damage|p1a: Zeraora|88/100|[from] ability: Iron Barbs|[of] p2a: Ferrothorn
|faint|p2a: Ferrothorn
|
|upkeep
|
|t:|1663269156
|switch|p2a: Tapu Lele|Tapu Lele|100/100
|-damage|p2a: Tapu Lele|88/100|[from] Stealth Rock
|turn|37
|
|t:|1663269161
|switch|p1a: Slowbro|Slowbro, M|100/100
|move|p2a: Tapu Lele|Psyshock|p1a: Slowbro
|-resisted|p1a: Slowbro
|-damage|p1a: Slowbro|82/100
|
|-fieldend|move: Psychic Terrain
|upkeep
|turn|38
|
|t:|1663269165
|switch|p2a: Tornadus|Tornadus-Therian, M|100/100 tox
|-damage|p2a: Tornadus|75/100 tox|[from] Stealth Rock
|move|p1a: Slowbro|Teleport|p1a: Slowbro
|
|t:|1663269168
|switch|p1a: Zeraora|Zeraora, shiny|88/100|[from]move: Teleport
|
|-damage|p2a: Tornadus|69/100 tox|[from] psn
|upkeep
|turn|39
|
|t:|1663269172
|move|p1a: Zeraora|Plasma Fists|p2a: Tornadus
|-supereffective|p2a: Tornadus
|-damage|p2a: Tornadus|0 fnt
|-fieldactivate|move: Ion Deluge
|-hint|Normal-type moves become Electric-type after using Plasma Fists.
|faint|p2a: Tornadus
|
|upkeep
|
|t:|1663269175
|switch|p2a: Tapu Lele|Tapu Lele|88/100
|-damage|p2a: Tapu Lele|76/100|[from] Stealth Rock
|-fieldstart|move: Psychic Terrain|[from] ability: Psychic Surge|[of] p2a: Tapu Lele
|turn|40
|
|t:|1663269180
|switch|p1a: Slowbro|Slowbro, M|100/100
|move|p2a: Tapu Lele|Moonblast|p1a: Slowbro
|-damage|p1a: Slowbro|47/100
|
|upkeep
|turn|41
|
|t:|1663269183
|switch|p2a: Pangoro|Pangoro, F, shiny|76/100
|-damage|p2a: Pangoro|70/100|[from] Stealth Rock
|switch|p1a: Corviknight|Corviknight, M, shiny|49/100
|-ability|p1a: Corviknight|Pressure
|
|upkeep
|turn|42
|
|t:|1663269186
|switch|p1a: Garchomp|Garchomp, M|38/100
|move|p2a: Pangoro|Close Combat|p1a: Garchomp
|-damage|p1a: Garchomp|0 fnt
|-unboost|p2a: Pangoro|def|1
|-unboost|p2a: Pangoro|spd|1
|-damage|p2a: Pangoro|57/100|[from] ability: Rough Skin|[of] p1a: Garchomp
|faint|p1a: Garchomp
|
|upkeep
|
|t:|1663269189
|switch|p1a: Zeraora|Zeraora, shiny|88/100
|turn|43
|
|t:|1663269193
|switch|p2a: Dragapult|Dragapult, M|79/100
|-damage|p2a: Dragapult|67/100|[from] Stealth Rock
|move|p1a: Zeraora|Close Combat|p2a: Dragapult
|-immune|p2a: Dragapult
|
|upkeep
|turn|44
|
|t:|1663269195
|switch|p2a: Landorus|Landorus-Therian, M|45/100
|-damage|p2a: Landorus|32/100|[from] Stealth Rock
|-ability|p2a: Landorus|Intimidate|boost
|-unboost|p1a: Zeraora|atk|1
|move|p1a: Zeraora|Knock Off|p2a: Landorus
|-damage|p2a: Landorus|20/100
|
|-fieldend|move: Psychic Terrain
|upkeep
|turn|45
|
|t:|1663269201
|switch|p1a: Tornadus|Tornadus-Therian, M, shiny|66/100
|move|p2a: Landorus|Defog|p1a: Tornadus
|-unboost|p1a: Tornadus|evasion|1
|-sideend|p2: thepoopidoopi|Stealth Rock|[from] move: Defog|[of] p2a: Landorus
|
|upkeep
|turn|46
|
|t:|1663269206
|switch|p2a: Tapu Lele|Tapu Lele|76/100
|-fieldstart|move: Psychic Terrain|[from] ability: Psychic Surge|[of] p2a: Tapu Lele
|move|p1a: Tornadus|Icy Wind|p2a: Tapu Lele
|-damage|p2a: Tapu Lele|60/100
|-unboost|p2a: Tapu Lele|spe|1
|
|upkeep
|turn|47
|
|t:|1663269213
|move|p1a: Tornadus|Knock Off|p2a: Tapu Lele
|-damage|p2a: Tapu Lele|27/100
|-enditem|p2a: Tapu Lele|Choice Scarf|[from] move: Knock Off|[of] p1a: Tornadus
|move|p2a: Tapu Lele|Psyshock|p1a: Tornadus
|-damage|p1a: Tornadus|1/100
|
|upkeep
|turn|48
|
|t:|1663269221
|move|p1a: Tornadus|U-turn|p2a: Tapu Lele
|-crit|p2a: Tapu Lele
|-damage|p2a: Tapu Lele|0 fnt
|faint|p2a: Tapu Lele
|
|t:|1663269226
|switch|p1a: Corviknight|Corviknight, M, shiny|49/100|[from]move: U-turn
|-ability|p1a: Corviknight|Pressure
|
|upkeep
|
|t:|1663269230
|switch|p2a: Pangoro|Pangoro, F, shiny|57/100
|turn|49
|
|t:|1663269232
|move|p2a: Pangoro|Close Combat|p1a: Corviknight
|-damage|p1a: Corviknight|0 fnt
|-unboost|p2a: Pangoro|def|1
|-unboost|p2a: Pangoro|spd|1
|faint|p1a: Corviknight
|
|upkeep
|
|t:|1663269235
|switch|p1a: Zeraora|Zeraora, shiny|88/100
|turn|50
|
|t:|1663269238
|switch|p2a: Landorus|Landorus-Therian, M|20/100
|-ability|p2a: Landorus|Intimidate|boost
|-unboost|p1a: Zeraora|atk|1
|move|p1a: Zeraora|Close Combat|p2a: Landorus
|-resisted|p2a: Landorus
|-damage|p2a: Landorus|8/100
|-unboost|p1a: Zeraora|def|1
|-unboost|p1a: Zeraora|spd|1
|
|-fieldend|move: Psychic Terrain
|upkeep
|turn|51
|
|t:|1663269242
|switch|p2a: Dragapult|Dragapult, M|67/100
|move|p1a: Zeraora|Knock Off|p2a: Dragapult
|-supereffective|p2a: Dragapult
|-damage|p2a: Dragapult|7/100
|-enditem|p2a: Dragapult|Choice Specs|[from] move: Knock Off|[of] p1a: Zeraora
|
|upkeep
|turn|52
|
|t:|1663269244
|move|p1a: Zeraora|Knock Off|p2a: Dragapult
|-supereffective|p2a: Dragapult
|-damage|p2a: Dragapult|0 fnt
|faint|p2a: Dragapult
|
|upkeep
|-message|thepoopidoopi forfeited.
|
|win|Run For Me Plz
|raw|Run For Me Plz's rating: 1547 &rarr; <strong>1568</strong><br />(+21 for winning)
|raw|thepoopidoopi's rating: 1572 &rarr; <strong>1551</strong><br />(-21 for losing)
|l|☆thepoopidoopi
|j|☆thepoopidoopi
|player|p2|thepoopidoopi|marnie-masters
|l|☆Run For Me Plz
