|j|☆chokst du
|j|☆LECH24
|t:|1653002059
|gametype|singles
|player|p1|chokst du|lucas|1712
|player|p2|LECH24|102|1642
|teamsize|p1|6
|teamsize|p2|6
|gen|8
|tier|[Gen 8] OU
|rated|
|rule|Sleep Clause Mod: Limit one foe put to sleep
|rule|Species Clause: Limit one of each Pokémon
|rule|OHKO Clause: OHKO moves are banned
|rule|Evasion Moves Clause: Evasion moves are banned
|rule|Endless Battle Clause: Forcing endless battles is banned
|rule|HP Percentage Mod: HP is shown in percentages
|rule|Dynamax Clause: You cannot dynamax
|clearpoke
|poke|p1|Hippowdon, F|
|poke|p1|Zapdos-Galar|
|poke|p1|Weavile, F|
|poke|p1|Excadrill, F|
|poke|p1|Skarmory, M|
|poke|p1|Toxapex, F|
|poke|p2|Heatran, M|
|poke|p2|Tornadus-Therian, M|
|poke|p2|Dragapult, M|
|poke|p2|Nidoking, M|
|poke|p2|Buzzwole|
|poke|p2|Tapu Lele|
|teampreview
|
|t:|1653002076
|start
|switch|p1a: Zapdos|Zapdos-Galar|100/100
|switch|p2a: Dragapult|Dragapult, M|100/100
|turn|1
|
|t:|1653002085
|switch|p1a: Hippowdon|Hippowdon, F|100/100
|-weather|Sandstorm|[from] ability: Sand Stream|[of] p1a: Hippowdon
|move|p2a: Dragapult|Draco Meteor|p1a: Hippowdon
|-damage|p1a: Hippowdon|45/100
|-unboost|p2a: Dragapult|spa|2
|
|-weather|Sandstorm|[upkeep]
|-damage|p2a: Dragapult|95/100|[from] Sandstorm
|-heal|p1a: Hippowdon|51/100|[from] item: Leftovers
|upkeep
|turn|2
|
|t:|1653002092
|switch|p2a: Tornadus|Tornadus-Therian, M|100/100
|move|p1a: Hippowdon|Slack Off|p1a: Hippowdon
|-heal|p1a: Hippowdon|100/100
|
|-weather|Sandstorm|[upkeep]
|-damage|p2a: Tornadus|94/100|[from] Sandstorm
|upkeep
|turn|3
|inactive|Battle timer is ON: inactive players will automatically lose when time's up. (requested by LECH24)
|
|t:|1653002131
|move|p2a: Tornadus|Knock Off|p1a: Hippowdon
|-damage|p1a: Hippowdon|87/100
|-enditem|p1a: Hippowdon|Leftovers|[from] move: Knock Off|[of] p2a: Tornadus
|move|p1a: Hippowdon|Toxic|p2a: Tornadus
|-status|p2a: Tornadus|tox
|
|-weather|Sandstorm|[upkeep]
|-damage|p2a: Tornadus|88/100 tox|[from] Sandstorm
|-damage|p2a: Tornadus|82/100 tox|[from] psn
|upkeep
|turn|4
|j| animekingreal
|inactive|LECH24 has 120 seconds left.
|
|t:|1653002167
|move|p2a: Tornadus|Hurricane|p1a: Hippowdon
|-damage|p1a: Hippowdon|60/100
|move|p1a: Hippowdon|Stealth Rock|p2a: Tornadus
|-sidestart|p2: LECH24|move: Stealth Rock
|
|-weather|Sandstorm|[upkeep]
|-damage|p2a: Tornadus|76/100 tox|[from] Sandstorm
|-damage|p2a: Tornadus|64/100 tox|[from] psn
|upkeep
|turn|5
|j| ash_won_kalos
|
|t:|1653002191
|move|p2a: Tornadus|U-turn|p1a: Hippowdon
|-damage|p1a: Hippowdon|50/100
|
|t:|1653002195
|switch|p2a: Nidoking|Nidoking, M|100/100|[from]move: U-turn
|-damage|p2a: Nidoking|95/100|[from] Stealth Rock
|move|p1a: Hippowdon|Slack Off|p1a: Hippowdon
|-heal|p1a: Hippowdon|99/100
|
|-weather|none
|upkeep
|turn|6
|
|t:|1653002212
|switch|p2a: Tornadus|Tornadus-Therian, M|97/100 tox
|move|p1a: Hippowdon|Earthquake|p2a: Tornadus
|-immune|p2a: Tornadus
|
|-damage|p2a: Tornadus|91/100 tox|[from] psn
|upkeep
|turn|7
|
|t:|1653002219
|switch|p1a: Toxapex|Toxapex, F|100/100
|move|p2a: Tornadus|Hurricane|p1a: Toxapex
|-damage|p1a: Toxapex|69/100
|
|-damage|p2a: Tornadus|79/100 tox|[from] psn
|upkeep
|turn|8
|
|t:|1653002226
|move|p2a: Tornadus|U-turn|p1a: Toxapex
|-resisted|p1a: Toxapex
|-damage|p1a: Toxapex|64/100
|
|t:|1653002229
|switch|p2a: Nidoking|Nidoking, M|95/100|[from]move: U-turn
|-damage|p2a: Nidoking|89/100|[from] Stealth Rock
|move|p1a: Toxapex|Knock Off|p2a: Nidoking
|-damage|p2a: Nidoking|70/100
|-enditem|p2a: Nidoking|Life Orb|[from] move: Knock Off|[of] p1a: Toxapex
|
|upkeep
|turn|9
|
|t:|1653002233
|switch|p1a: Hippowdon|Hippowdon, F|99/100
|-weather|Sandstorm|[from] ability: Sand Stream|[of] p1a: Hippowdon
|move|p2a: Nidoking|Stealth Rock|p1a: Hippowdon
|-sidestart|p1: chokst du|move: Stealth Rock
|
|-weather|Sandstorm|[upkeep]
|upkeep
|turn|10
|
|t:|1653002238
|move|p2a: Nidoking|Ice Beam|p1a: Hippowdon
|-supereffective|p1a: Hippowdon
|-damage|p1a: Hippowdon|58/100
|move|p1a: Hippowdon|Earthquake|p2a: Nidoking
|-supereffective|p2a: Nidoking
|-damage|p2a: Nidoking|0 fnt
|faint|p2a: Nidoking
|
|-weather|Sandstorm|[upkeep]
|upkeep
|
|t:|1653002243
|switch|p2a: Heatran|Heatran, M|100/100
|-damage|p2a: Heatran|88/100|[from] Stealth Rock
|turn|11
|
|t:|1653002273
|switch|p1a: Toxapex|Toxapex, F|97/100
|-damage|p1a: Toxapex|84/100|[from] Stealth Rock
|move|p2a: Heatran|Eruption|p1a: Toxapex
|-resisted|p1a: Toxapex
|-damage|p1a: Toxapex|43/100
|
|-weather|Sandstorm|[upkeep]
|-damage|p1a: Toxapex|37/100|[from] Sandstorm
|upkeep
|turn|12
|
|t:|1653002277
|move|p2a: Heatran|Eruption|p1a: Toxapex
|-resisted|p1a: Toxapex
|-damage|p1a: Toxapex|0 fnt
|faint|p1a: Toxapex
|
|-weather|Sandstorm|[upkeep]
|upkeep
|
|t:|1653002280
|switch|p1a: Zapdos|Zapdos-Galar|100/100
|-damage|p1a: Zapdos|88/100|[from] Stealth Rock
|turn|13
|
|t:|1653002298
|switch|p2a: Tapu Lele|Tapu Lele|100/100
|-damage|p2a: Tapu Lele|88/100|[from] Stealth Rock
|-fieldstart|move: Psychic Terrain|[from] ability: Psychic Surge|[of] p2a: Tapu Lele
|move|p1a: Zapdos|Brave Bird|p2a: Tapu Lele
|-damage|p2a: Tapu Lele|0 fnt
|faint|p2a: Tapu Lele
|-damage|p1a: Zapdos|63/100|[from] Recoil
|
|-weather|none
|upkeep
|
|t:|1653002302
|switch|p2a: Tornadus|Tornadus-Therian, M|100/100 tox
|turn|14
|
|t:|1653002308
|switch|p1a: Weavile|Weavile, F|100/100
|-ability|p1a: Weavile|Pressure
|move|p2a: Tornadus|U-turn|p1a: Weavile
|-supereffective|p1a: Weavile
|-damage|p1a: Weavile|49/100
|
|t:|1653002315
|switch|p2a: Buzzwole|Buzzwole|100/100|[from]move: U-turn
|-damage|p2a: Buzzwole|88/100|[from] Stealth Rock
|
|-heal|p2a: Buzzwole|94/100|[from] item: Leftovers
|upkeep
|turn|15
|
|t:|1653002318
|switch|p1a: Skarmory|Skarmory, M|100/100
|-damage|p1a: Skarmory|88/100|[from] Stealth Rock
|move|p2a: Buzzwole|Close Combat|p1a: Skarmory
|-damage|p1a: Skarmory|53/100
|-unboost|p2a: Buzzwole|def|1
|-unboost|p2a: Buzzwole|spd|1
|-damage|p2a: Buzzwole|78/100|[from] item: Rocky Helmet|[of] p1a: Skarmory
|
|-heal|p2a: Buzzwole|84/100|[from] item: Leftovers
|upkeep
|turn|16
|
|t:|1653002322
|switch|p2a: Dragapult|Dragapult, M|95/100
|-damage|p2a: Dragapult|82/100|[from] Stealth Rock
|move|p1a: Skarmory|Roost|p1a: Skarmory
|-heal|p1a: Skarmory|100/100
|-singleturn|p1a: Skarmory|move: Roost
|
|upkeep
|turn|17
|
|t:|1653002328
|switch|p1a: Hippowdon|Hippowdon, F|58/100
|-damage|p1a: Hippowdon|51/100|[from] Stealth Rock
|-weather|Sandstorm|[from] ability: Sand Stream|[of] p1a: Hippowdon
|move|p2a: Dragapult|Shadow Ball|p1a: Hippowdon
|-damage|p1a: Hippowdon|12/100
|
|-weather|Sandstorm|[upkeep]
|-damage|p2a: Dragapult|76/100|[from] Sandstorm
|-fieldend|move: Psychic Terrain
|upkeep
|turn|18
|
|t:|1653002336
|switch|p1a: Excadrill|Excadrill, F|100/100
|-damage|p1a: Excadrill|97/100|[from] Stealth Rock
|move|p2a: Dragapult|Shadow Ball|p1a: Excadrill
|-damage|p1a: Excadrill|23/100
|
|-weather|Sandstorm|[upkeep]
|-damage|p2a: Dragapult|70/100|[from] Sandstorm
|-heal|p1a: Excadrill|30/100|[from] item: Leftovers
|upkeep
|turn|19
|
|t:|1653002345
|switch|p2a: Buzzwole|Buzzwole|84/100
|-damage|p2a: Buzzwole|72/100|[from] Stealth Rock
|move|p1a: Excadrill|Rapid Spin|p2a: Buzzwole
|-damage|p2a: Buzzwole|63/100
|-boost|p1a: Excadrill|spe|1
|-sideend|p1: chokst du|Stealth Rock|[from] move: Rapid Spin|[of] p1a: Excadrill
|
|-weather|Sandstorm|[upkeep]
|-damage|p2a: Buzzwole|57/100|[from] Sandstorm
|-heal|p1a: Excadrill|36/100|[from] item: Leftovers
|-heal|p2a: Buzzwole|63/100|[from] item: Leftovers
|upkeep
|turn|20
|
|t:|1653002351
|switch|p1a: Skarmory|Skarmory, M|100/100
|move|p2a: Buzzwole|Roost|p2a: Buzzwole
|-heal|p2a: Buzzwole|100/100
|-singleturn|p2a: Buzzwole|move: Roost
|
|-weather|Sandstorm|[upkeep]
|-damage|p2a: Buzzwole|94/100|[from] Sandstorm
|-heal|p2a: Buzzwole|100/100|[from] item: Leftovers
|upkeep
|turn|21
|
|t:|1653002355
|switch|p2a: Tornadus|Tornadus-Therian, M|100/100 tox
|move|p1a: Skarmory|Spikes|p2a: Tornadus
|-sidestart|p2: LECH24|Spikes
|
|-weather|none
|-damage|p2a: Tornadus|94/100 tox|[from] psn
|upkeep
|turn|22
|
|t:|1653002361
|switch|p1a: Weavile|Weavile, F|49/100
|-ability|p1a: Weavile|Pressure
|move|p2a: Tornadus|Knock Off|p1a: Weavile
|-resisted|p1a: Weavile
|-damage|p1a: Weavile|33/100
|-enditem|p1a: Weavile|Heavy-Duty Boots|[from] move: Knock Off|[of] p2a: Tornadus
|
|-damage|p2a: Tornadus|82/100 tox|[from] psn
|upkeep
|turn|23
|
|t:|1653002370
|switch|p2a: Buzzwole|Buzzwole|100/100
|-damage|p2a: Buzzwole|88/100|[from] Spikes
|-damage|p2a: Buzzwole|76/100|[from] Stealth Rock
|move|p1a: Weavile|Triple Axel|p2a: Buzzwole
|-damage|p2a: Buzzwole|71/100
|-damage|p2a: Buzzwole|61/100
|-damage|p2a: Buzzwole|46/100
|-hitcount|p2a: Buzzwole|3
|
|-heal|p2a: Buzzwole|52/100|[from] item: Leftovers
|upkeep
|turn|24
|
|t:|1653002377
|switch|p1a: Zapdos|Zapdos-Galar|63/100
|move|p2a: Buzzwole|Roost|p2a: Buzzwole
|-heal|p2a: Buzzwole|100/100
|-singleturn|p2a: Buzzwole|move: Roost
|
|upkeep
|turn|25
|
|t:|1653002382
|switch|p2a: Heatran|Heatran, M|88/100
|-damage|p2a: Heatran|76/100|[from] Spikes
|-damage|p2a: Heatran|63/100|[from] Stealth Rock
|move|p1a: Zapdos|Brave Bird|p2a: Heatran
|-resisted|p2a: Heatran
|-damage|p2a: Heatran|25/100
|-damage|p1a: Zapdos|48/100|[from] Recoil
|
|upkeep
|turn|26
|
|t:|1653002385
|move|p1a: Zapdos|Brave Bird|p2a: Heatran
|-resisted|p2a: Heatran
|-damage|p2a: Heatran|0 fnt
|faint|p2a: Heatran
|-damage|p1a: Zapdos|38/100|[from] Recoil
|
|upkeep
|
|t:|1653002387
|switch|p2a: Tornadus|Tornadus-Therian, M|100/100 tox
|turn|27
|
|t:|1653002392
|switch|p1a: Hippowdon|Hippowdon, F|12/100
|-weather|Sandstorm|[from] ability: Sand Stream|[of] p1a: Hippowdon
|move|p2a: Tornadus|Hurricane|p1a: Hippowdon|[miss]
|-miss|p2a: Tornadus|p1a: Hippowdon
|
|-weather|Sandstorm|[upkeep]
|-damage|p2a: Tornadus|94/100 tox|[from] Sandstorm
|-damage|p2a: Tornadus|88/100 tox|[from] psn
|upkeep
|turn|28
|
|t:|1653002396
|move|p2a: Tornadus|Defog|p1a: Hippowdon
|-unboost|p1a: Hippowdon|evasion|1
|-sideend|p2: LECH24|Spikes|[from] move: Defog|[of] p2a: Tornadus
|-sideend|p2: LECH24|Stealth Rock|[from] move: Defog|[of] p2a: Tornadus
|move|p1a: Hippowdon|Slack Off|p1a: Hippowdon
|-heal|p1a: Hippowdon|62/100
|
|-weather|Sandstorm|[upkeep]
|-damage|p2a: Tornadus|82/100 tox|[from] Sandstorm
|-damage|p2a: Tornadus|70/100 tox|[from] psn
|upkeep
|turn|29
|
|t:|1653002399
|move|p2a: Tornadus|Hurricane|p1a: Hippowdon
|-damage|p1a: Hippowdon|33/100
|-start|p1a: Hippowdon|confusion
|-activate|p1a: Hippowdon|confusion
|-damage|p1a: Hippowdon|26/100|[from] confusion
|
|-weather|Sandstorm|[upkeep]
|-damage|p2a: Tornadus|64/100 tox|[from] Sandstorm
|-damage|p2a: Tornadus|46/100 tox|[from] psn
|upkeep
|turn|30
|
|t:|1653002403
|move|p2a: Tornadus|Hurricane|p1a: Hippowdon
|-damage|p1a: Hippowdon|0 fnt
|faint|p1a: Hippowdon
|
|-weather|Sandstorm|[upkeep]
|-damage|p2a: Tornadus|40/100 tox|[from] Sandstorm
|-damage|p2a: Tornadus|15/100 tox|[from] psn
|upkeep
|
|t:|1653002405
|switch|p1a: Weavile|Weavile, F|33/100
|-ability|p1a: Weavile|Pressure
|turn|31
|
|t:|1653002409
|move|p1a: Weavile|Triple Axel|p2a: Tornadus
|-supereffective|p2a: Tornadus
|-damage|p2a: Tornadus|0 fnt
|faint|p2a: Tornadus
|-hitcount|p2: Tornadus|1
|
|-weather|none
|upkeep
|
|t:|1653002424
|switch|p2a: Dragapult|Dragapult, M|70/100
|turn|32
|
|t:|1653002428
|move|p1a: Weavile|Ice Shard|p2a: Dragapult
|-supereffective|p2a: Dragapult
|-damage|p2a: Dragapult|18/100
|move|p2a: Dragapult|Shadow Ball|p1a: Weavile
|-resisted|p1a: Weavile
|-damage|p1a: Weavile|0 fnt
|faint|p1a: Weavile
|
|upkeep
|
|t:|1653002433
|switch|p1a: Skarmory|Skarmory, M|100/100
|turn|33
|
|t:|1653002436
|switch|p2a: Buzzwole|Buzzwole|100/100
|move|p1a: Skarmory|Toxic|p2a: Buzzwole|[miss]
|-miss|p1a: Skarmory|p2a: Buzzwole
|
|upkeep
|turn|34
|
|t:|1653002449
|switch|p2a: Dragapult|Dragapult, M|18/100
|move|p1a: Skarmory|Spikes|p2a: Dragapult
|-sidestart|p2: LECH24|Spikes
|
|upkeep
|turn|35
|
|t:|1653002453
|move|p2a: Dragapult|Shadow Ball|p1a: Skarmory
|-damage|p1a: Skarmory|29/100
|move|p1a: Skarmory|Toxic|p2a: Dragapult
|-status|p2a: Dragapult|tox
|
|-damage|p2a: Dragapult|12/100 tox|[from] psn
|upkeep
|turn|36
|
|t:|1653002460
|move|p2a: Dragapult|Shadow Ball|p1a: Skarmory
|-damage|p1a: Skarmory|0 fnt
|faint|p1a: Skarmory
|
|-damage|p2a: Dragapult|0 fnt|[from] psn
|faint|p2a: Dragapult
|upkeep
|
|t:|1653002462
|switch|p2a: Buzzwole|Buzzwole|100/100
|switch|p1a: Zapdos|Zapdos-Galar|38/100
|-damage|p2a: Buzzwole|88/100|[from] Spikes
|turn|37
|
|t:|1653002463
|move|p1a: Zapdos|Brave Bird|p2a: Buzzwole
|-supereffective|p2a: Buzzwole
|-damage|p2a: Buzzwole|0 fnt
|faint|p2a: Buzzwole
|-damage|p1a: Zapdos|1/100|[from] Recoil
|
|win|chokst du
|raw|chokst du's rating: 1712 &rarr; <strong>1728</strong><br />(+16 for winning)
|raw|LECH24's rating: 1642 &rarr; <strong>1626</strong><br />(-16 for losing)
|c|☆LECH24|gg
|c|☆chokst du|gg
|l|☆LECH24
|l| ash_won_kalos
||Ladder isn't responding, score probably updated but might not have (Request timeout).
|player|p1|chokst du|lucas
