|j|☆228i996
|j|☆Delibird Heart
|inactive|Battle timer is ON: inactive players will automatically lose when time's up.
|t:|1668003360
|gametype|singles
|player|p1|228i996|unknown|
|player|p2|Delibird Heart|guitarist-gen4|
|teamsize|p1|6
|teamsize|p2|6
|gen|8
|tier|[Gen 8] OU
|rated|Tournament battle
|rule|Sleep Clause Mod: Limit one foe put to sleep
|rule|Species Clause: Limit one of each Pokémon
|rule|OHKO Clause: OHKO moves are banned
|rule|Evasion Items Clause: Evasion items are banned
|rule|Evasion Moves Clause: Evasion moves are banned
|rule|Endless Battle Clause: Forcing endless battles is banned
|rule|HP Percentage Mod: HP is shown in percentages
|rule|Dynamax Clause: You cannot dynamax
|clearpoke
|poke|p1|Kartana|
|poke|p1|Ninetales-Alola, F|
|poke|p1|Toxapex, M|
|poke|p1|Dragapult, F|
|poke|p1|Tapu Koko|
|poke|p1|Moltres-Galar|
|poke|p2|Sandaconda, M|
|poke|p2|Togekiss, F|
|poke|p2|Jirachi|
|poke|p2|Corviknight, M|
|poke|p2|Melmetal|
|poke|p2|Slowbro-Galar, M|
|teampreview
|inactive|Delibird Heart also wants the timer to be on.
|
|t:|1668003377
|start
|switch|p1a: Toxapex|Toxapex, M|100/100
|switch|p2a: Bolt Beef|Melmetal|100/100
|turn|1
|-activate|p2a: Bolt Beef|item: Quick Claw
|
|t:|1668003387
|move|p2a: Bolt Beef|Thunder Wave|p1a: Toxapex
|-status|p1a: Toxapex|par
|move|p1a: Toxapex|Scald|p2a: Bolt Beef
|-damage|p2a: Bolt Beef|81/100
|-status|p2a: Bolt Beef|brn
|
|-damage|p2a: Bolt Beef|75/100 brn|[from] brn
|upkeep
|turn|2
|
|t:|1668003403
|switch|p2a: Lucky Luke|Slowbro-Galar, M, shiny|100/100
|move|p1a: Toxapex|Baneful Bunker||[still]
|-fail|p1a: Toxapex
|
|upkeep
|turn|3
|
|t:|1668003411
|move|p2a: Lucky Luke|Nasty Plot|p2a: Lucky Luke
|-boost|p2a: Lucky Luke|spa|2
|move|p1a: Toxapex|Scald|p2a: Lucky Luke
|-damage|p2a: Lucky Luke|80/100
|
|upkeep
|turn|4
|
|t:|1668003419
|move|p2a: Lucky Luke|Psyshock|p1a: Toxapex
|-supereffective|p1a: Toxapex
|-damage|p1a: Toxapex|0 fnt
|faint|p1a: Toxapex
|
|upkeep
|
|t:|1668003437
|switch|p1a: Dragapult|Dragapult, F|100/100
|turn|5
|
|t:|1668003441
|move|p1a: Dragapult|Shadow Ball|p2a: Lucky Luke
|-supereffective|p2a: Lucky Luke
|-damage|p2a: Lucky Luke|0 fnt
|faint|p2a: Lucky Luke
|
|upkeep
|
|t:|1668003445
|switch|p2a: Mr. Sandman|Sandaconda, M|100/100
|turn|6
|
|t:|1668003448
|move|p1a: Dragapult|Shadow Ball|p2a: Mr. Sandman
|-damage|p2a: Mr. Sandman|61/100
|move|p2a: Mr. Sandman|Glare|p1a: Dragapult
|-status|p1a: Dragapult|par
|
|-heal|p2a: Mr. Sandman|67/100|[from] item: Leftovers
|upkeep
|turn|7
|
|t:|1668003457
|switch|p1a: Ninetales|Ninetales-Alola, F|100/100
|-weather|Hail|[from] ability: Snow Warning|[of] p1a: Ninetales
|move|p2a: Mr. Sandman|Stealth Rock|p1a: Ninetales
|-sidestart|p1: 228i996|move: Stealth Rock
|
|-weather|Hail|[upkeep]
|-damage|p2a: Mr. Sandman|61/100|[from] Hail
|-heal|p2a: Mr. Sandman|67/100|[from] item: Leftovers
|upkeep
|turn|8
|
|t:|1668003466
|move|p1a: Ninetales|Aurora Veil|p1a: Ninetales
|-sidestart|p1: 228i996|move: Aurora Veil
|move|p2a: Mr. Sandman|Glare|p1a: Ninetales
|-status|p1a: Ninetales|par
|
|-weather|Hail|[upkeep]
|-damage|p2a: Mr. Sandman|61/100|[from] Hail
|-heal|p2a: Mr. Sandman|67/100|[from] item: Leftovers
|upkeep
|turn|9
|
|t:|1668003475
|switch|p2a: Bolt Beef|Melmetal|75/100 brn
|move|p1a: Ninetales|Heal Bell|p1a: Ninetales
|-activate|p1a: Ninetales|move: Heal Bell
|-curestatus|p1a: Ninetales|par|[msg]
|-curestatus|p1: Dragapult|par|[msg]
|
|-weather|Hail|[upkeep]
|-damage|p2a: Bolt Beef|69/100 brn|[from] Hail
|-damage|p2a: Bolt Beef|63/100 brn|[from] brn
|upkeep
|turn|10
|
|t:|1668003486
|move|p1a: Ninetales|Blizzard|p2a: Bolt Beef
|-resisted|p2a: Bolt Beef
|-damage|p2a: Bolt Beef|40/100 brn
|move|p2a: Bolt Beef|Thunder Wave|p1a: Ninetales
|-status|p1a: Ninetales|par
|
|-weather|Hail|[upkeep]
|-damage|p2a: Bolt Beef|34/100 brn|[from] Hail
|-damage|p2a: Bolt Beef|28/100 brn|[from] brn
|upkeep
|turn|11
|
|t:|1668003494
|move|p1a: Ninetales|Heal Bell|p1a: Ninetales
|-activate|p1a: Ninetales|move: Heal Bell
|-curestatus|p1a: Ninetales|par|[msg]
|move|p2a: Bolt Beef|Double Iron Bash|p1a: Ninetales
|-supereffective|p1a: Ninetales
|-damage|p1a: Ninetales|41/100
|-supereffective|p1a: Ninetales
|-damage|p1a: Ninetales|0 fnt
|faint|p1a: Ninetales
|-hitcount|p1: Ninetales|2
|
|-weather|none
|-damage|p2a: Bolt Beef|22/100 brn|[from] brn
|upkeep
|
|t:|1668003507
|switch|p1a: Dragapult|Dragapult, F|100/100
|-damage|p1a: Dragapult|88/100|[from] Stealth Rock
|turn|12
|
|t:|1668003510
|move|p1a: Dragapult|U-turn|p2a: Bolt Beef
|-resisted|p2a: Bolt Beef
|-damage|p2a: Bolt Beef|17/100 brn
|
|t:|1668003514
|switch|p1a: Kartana|Kartana|100/100|[from]move: U-turn
|-damage|p1a: Kartana|94/100|[from] Stealth Rock
|move|p2a: Bolt Beef|Thunder Wave|p1a: Kartana
|-status|p1a: Kartana|par
|
|-damage|p2a: Bolt Beef|11/100 brn|[from] brn
|-sideend|p1: 228i996|move: Aurora Veil
|upkeep
|turn|13
|
|t:|1668003523
|switch|p2a: Emo Dove|Corviknight, M|100/100
|-ability|p2a: Emo Dove|Pressure
|move|p1a: Kartana|Swords Dance|p1a: Kartana
|-boost|p1a: Kartana|atk|2
|
|upkeep
|turn|14
|
|t:|1668003535
|move|p1a: Kartana|Knock Off|p2a: Emo Dove
|-damage|p2a: Emo Dove|57/100
|-enditem|p2a: Emo Dove|Leftovers|[from] move: Knock Off|[of] p1a: Kartana
|move|p2a: Emo Dove|Iron Head|p1a: Kartana
|-resisted|p1a: Kartana
|-damage|p1a: Kartana|83/100 par
|
|upkeep
|turn|15
|
|t:|1668003541
|move|p1a: Kartana|Swords Dance|p1a: Kartana
|-boost|p1a: Kartana|atk|2
|move|p2a: Emo Dove|Roost|p2a: Emo Dove
|-heal|p2a: Emo Dove|100/100
|-singleturn|p2a: Emo Dove|move: Roost
|
|upkeep
|turn|16
|
|t:|1668003549
|switch|p2a: Bolt Beef|Melmetal|11/100 brn
|move|p1a: Kartana|Knock Off|p2a: Bolt Beef
|-damage|p2a: Bolt Beef|0 fnt
|-enditem|p2a: Bolt Beef|Quick Claw|[from] move: Knock Off|[of] p1a: Kartana
|faint|p2a: Bolt Beef
|-ability|p1a: Kartana|Beast Boost|boost
|-boost|p1a: Kartana|atk|1
|
|upkeep
|
|t:|1668003551
|switch|p2a: Dove|Togekiss, F|100/100
|turn|17
|
|t:|1668003559
|move|p2a: Dove|Flamethrower|p1a: Kartana
|-supereffective|p1a: Kartana
|-damage|p1a: Kartana|0 fnt
|faint|p1a: Kartana
|
|upkeep
|
|t:|1668003568
|switch|p1a: Tapu Koko|Tapu Koko|100/100
|-damage|p1a: Tapu Koko|88/100|[from] Stealth Rock
|-fieldstart|move: Electric Terrain|[from] ability: Electric Surge|[of] p1a: Tapu Koko
|turn|18
|
|t:|1668003572
|switch|p2a: Mr. Sandman|Sandaconda, M|67/100
|move|p1a: Tapu Koko|Defog|p2a: Mr. Sandman
|-unboost|p2a: Mr. Sandman|evasion|1
|-sideend|p1: 228i996|Stealth Rock|[from] move: Defog|[of] p1a: Tapu Koko
|-fieldend|move: Electric Terrain
|
|-heal|p2a: Mr. Sandman|73/100|[from] item: Leftovers
|upkeep
|turn|19
|
|t:|1668003588
|switch|p1a: Dragapult|Dragapult, F|88/100
|move|p2a: Mr. Sandman|Earthquake|p1a: Dragapult
|-damage|p1a: Dragapult|43/100
|
|-heal|p2a: Mr. Sandman|79/100|[from] item: Leftovers
|upkeep
|turn|20
|
|t:|1668003597
|move|p1a: Dragapult|Dragon Pulse|p2a: Mr. Sandman
|-damage|p2a: Mr. Sandman|32/100
|move|p2a: Mr. Sandman|Earthquake|p1a: Dragapult
|-damage|p1a: Dragapult|0 fnt
|faint|p1a: Dragapult
|
|-heal|p2a: Mr. Sandman|38/100|[from] item: Leftovers
|upkeep
|
|t:|1668003604
|switch|p1a: Moltres|Moltres-Galar|100/100
|turn|21
|
|t:|1668003608
|move|p1a: Moltres|Nasty Plot|p1a: Moltres
|-boost|p1a: Moltres|spa|2
|move|p2a: Mr. Sandman|Glare|p1a: Moltres
|-status|p1a: Moltres|par
|
|-heal|p2a: Mr. Sandman|44/100|[from] item: Leftovers
|upkeep
|turn|22
|
|t:|1668003619
|switch|p2a: Dove|Togekiss, F|100/100
|move|p1a: Moltres|Fiery Wrath|p2a: Dove
|-resisted|p2a: Dove
|-damage|p2a: Dove|60/100
|
|upkeep
|turn|23
|
|t:|1668003625
|move|p2a: Dove|Air Slash|p1a: Moltres
|-damage|p1a: Moltres|71/100 par
|cant|p1a: Moltres|flinch
|
|upkeep
|turn|24
|
|t:|1668003629
|move|p2a: Dove|Air Slash|p1a: Moltres
|-damage|p1a: Moltres|42/100 par
|-ability|p1a: Moltres|Berserk|boost
|-boost|p1a: Moltres|spa|1
|move|p1a: Moltres|Air Slash|p2a: Dove
|-damage|p2a: Dove|0 fnt
|faint|p2a: Dove
|
|upkeep
|
|t:|1668003635
|switch|p2a: Polaris|Jirachi|100/100
|turn|25
|
|t:|1668003638
|move|p2a: Polaris|Iron Head|p1a: Moltres
|-damage|p1a: Moltres|0 fnt
|faint|p1a: Moltres
|
|upkeep
|
|t:|1668003641
|switch|p1a: Tapu Koko|Tapu Koko|88/100
|-fieldstart|move: Electric Terrain|[from] ability: Electric Surge|[of] p1a: Tapu Koko
|turn|26
|
|t:|1668003652
|move|p1a: Tapu Koko|Brave Bird|p2a: Polaris
|-resisted|p2a: Polaris
|-damage|p2a: Polaris|88/100
|-damage|p1a: Tapu Koko|82/100|[from] Recoil
|move|p2a: Polaris|Wish|p2a: Polaris
|
|upkeep
|turn|27
|
|t:|1668003658
|move|p1a: Tapu Koko|Thunderbolt|p2a: Polaris
|-damage|p2a: Polaris|48/100
|move|p2a: Polaris|Iron Head|p1a: Tapu Koko
|-damage|p1a: Tapu Koko|26/100
|
|-heal|p2a: Polaris|98/100|[from] move: Wish|[wisher] Polaris
|upkeep
|turn|28
|c|☆Delibird Heart|gg
|
|t:|1668003665
|move|p1a: Tapu Koko|Thunderbolt|p2a: Polaris
|-damage|p2a: Polaris|58/100
|-status|p2a: Polaris|par
|cant|p2a: Polaris|par
|
|upkeep
|turn|29
|
|t:|1668003673
|move|p1a: Tapu Koko|Roost|p1a: Tapu Koko
|-heal|p1a: Tapu Koko|76/100
|-singleturn|p1a: Tapu Koko|move: Roost
|cant|p2a: Polaris|par
|
|upkeep
|turn|30
|
|t:|1668003678
|move|p1a: Tapu Koko|Roost|p1a: Tapu Koko
|-heal|p1a: Tapu Koko|100/100
|-singleturn|p1a: Tapu Koko|move: Roost
|cant|p2a: Polaris|par
|
|-fieldend|move: Electric Terrain
|upkeep
|turn|31
|
|t:|1668003683
|move|p1a: Tapu Koko|Thunderbolt|p2a: Polaris
|-damage|p2a: Polaris|29/100 par
|cant|p2a: Polaris|par
|
|upkeep
|turn|32
|
|t:|1668003687
|move|p1a: Tapu Koko|Thunderbolt|p2a: Polaris
|-crit|p2a: Polaris
|-damage|p2a: Polaris|0 fnt
|faint|p2a: Polaris
|
|upkeep
|
|t:|1668003692
|switch|p2a: Mr. Sandman|Sandaconda, M|44/100
|turn|33
|
|t:|1668003701
|move|p1a: Tapu Koko|Brave Bird|p2a: Mr. Sandman
|-damage|p2a: Mr. Sandman|23/100
|-damage|p1a: Tapu Koko|92/100|[from] Recoil
|move|p2a: Mr. Sandman|Rest|p2a: Mr. Sandman
|-status|p2a: Mr. Sandman|slp|[from] move: Rest
|-heal|p2a: Mr. Sandman|100/100 slp|[silent]
|
|upkeep
|turn|34
|
|t:|1668003708
|move|p1a: Tapu Koko|Brave Bird|p2a: Mr. Sandman
|-damage|p2a: Mr. Sandman|78/100 slp
|-damage|p1a: Tapu Koko|83/100|[from] Recoil
|cant|p2a: Mr. Sandman|slp
|
|-heal|p2a: Mr. Sandman|84/100 slp|[from] item: Leftovers
|upkeep
|turn|35
|
|t:|1668003716
|move|p1a: Tapu Koko|Brave Bird|p2a: Mr. Sandman
|-damage|p2a: Mr. Sandman|61/100 slp
|-damage|p1a: Tapu Koko|73/100|[from] Recoil
|cant|p2a: Mr. Sandman|slp
|
|-activate|p2a: Mr. Sandman|ability: Shed Skin
|-curestatus|p2a: Mr. Sandman|slp|[msg]
|-heal|p2a: Mr. Sandman|67/100|[from] item: Leftovers
|upkeep
|turn|36
|j|@SetsuStsna
|
|t:|1668003725
|move|p1a: Tapu Koko|Brave Bird|p2a: Mr. Sandman
|-damage|p2a: Mr. Sandman|45/100
|-damage|p1a: Tapu Koko|65/100|[from] Recoil
|move|p2a: Mr. Sandman|Earthquake|p1a: Tapu Koko
|-supereffective|p1a: Tapu Koko
|-damage|p1a: Tapu Koko|0 fnt
|faint|p1a: Tapu Koko
|
|win|Delibird Heart
|n|☆228i996|228i996
|n|☆Delibird Heart|delibirdheart
|n| SetsuStsna|setsustsna
|l| SetsuStsna
|c|☆228i996|gg
|c|☆Delibird Heart|gg
