|j|☆ctufan23
|j|☆Gurtrant
|t:|1646424158
|gametype|singles
|player|p1|ctufan23|gentleman-gen4|1561
|player|p2|Gurtrant|veteran|1691
|teamsize|p1|6
|teamsize|p2|6
|gen|8
|tier|[Gen 8] OU
|rated|
|rule|Sleep Clause Mod: Limit one foe put to sleep
|rule|Species Clause: Limit one of each Pokémon
|rule|OHKO Clause: OHKO moves are banned
|rule|Evasion Moves Clause: Evasion moves are banned
|rule|Endless Battle Clause: Forcing endless battles is banned
|rule|HP Percentage Mod: HP is shown in percentages
|rule|Dynamax Clause: You cannot dynamax
|clearpoke
|poke|p1|Landorus-Therian, M|
|poke|p1|Tapu Lele|
|poke|p1|Ferrothorn, F|
|poke|p1|Barraskewda, M|
|poke|p1|Pelipper, M|
|poke|p1|Chansey, F|
|poke|p2|Pelipper, F|
|poke|p2|Heliolisk, F|
|poke|p2|Seismitoad, F|
|poke|p2|Barraskewda, F|
|poke|p2|Ferrothorn, F|
|poke|p2|Zapdos|
|teampreview
|inactive|Battle timer is ON: inactive players will automatically lose when time's up. (requested by Gurtrant)
|
|t:|1646424176
|start
|switch|p1a: Chansey|Chansey, F|100/100
|switch|p2a: Pelipper|Pelipper, F|100/100
|-weather|RainDance|[from] ability: Drizzle|[of] p2a: Pelipper
|turn|1
|
|t:|1646424187
|move|p2a: Pelipper|U-turn|p1a: Chansey
|-damage|p1a: Chansey|95/100
|
|t:|1646424199
|switch|p2a: Ferrothorn|Ferrothorn, F|100/100|[from]move: U-turn
|move|p1a: Chansey|Stealth Rock|p2a: Ferrothorn
|-sidestart|p2: Gurtrant|move: Stealth Rock
|
|-weather|RainDance|[upkeep]
|upkeep
|turn|2
|
|t:|1646424203
|switch|p1a: Ferrothorn|Ferrothorn, F|100/100
|move|p2a: Ferrothorn|Knock Off|p1a: Ferrothorn
|-damage|p1a: Ferrothorn|89/100
|-damage|p2a: Ferrothorn|88/100|[from] ability: Iron Barbs|[of] p1a: Ferrothorn
|-damage|p2a: Ferrothorn|72/100|[from] item: Rocky Helmet|[of] p1a: Ferrothorn
|-enditem|p1a: Ferrothorn|Rocky Helmet|[from] move: Knock Off|[of] p2a: Ferrothorn
|
|-weather|RainDance|[upkeep]
|-heal|p2a: Ferrothorn|78/100|[from] item: Leftovers
|upkeep
|turn|3
|
|t:|1646424210
|move|p2a: Ferrothorn|Spikes|p1a: Ferrothorn
|-sidestart|p1: ctufan23|Spikes
|move|p1a: Ferrothorn|Spikes|p2a: Ferrothorn
|-sidestart|p2: Gurtrant|Spikes
|
|-weather|RainDance|[upkeep]
|-heal|p2a: Ferrothorn|84/100|[from] item: Leftovers
|upkeep
|turn|4
|
|t:|1646424215
|switch|p2a: Zapdos|Zapdos|100/100
|switch|p1a: Landorus|Landorus-Therian, M|100/100
|-ability|p1a: Landorus|Intimidate|boost
|-unboost|p2a: Zapdos|atk|1
|
|-weather|RainDance|[upkeep]
|upkeep
|turn|5
|
|t:|1646424219
|switch|p1a: Chansey|Chansey, F|95/100
|-damage|p1a: Chansey|82/100|[from] Spikes
|move|p2a: Zapdos|Defog|p1a: Chansey
|-unboost|p1a: Chansey|evasion|1
|-sideend|p1: ctufan23|Spikes|[from] move: Defog|[of] p2a: Zapdos
|-sideend|p2: Gurtrant|Spikes|[from] move: Defog|[of] p2a: Zapdos
|-sideend|p2: Gurtrant|Stealth Rock|[from] move: Defog|[of] p2a: Zapdos
|
|-weather|RainDance|[upkeep]
|upkeep
|turn|6
|
|t:|1646424222
|move|p2a: Zapdos|U-turn|p1a: Chansey
|-damage|p1a: Chansey|77/100
|
|t:|1646424228
|switch|p2a: Ferrothorn|Ferrothorn, F|84/100|[from]move: U-turn
|move|p1a: Chansey|Stealth Rock|p2a: Ferrothorn
|-sidestart|p2: Gurtrant|move: Stealth Rock
|
|-weather|RainDance|[upkeep]
|-heal|p2a: Ferrothorn|90/100|[from] item: Leftovers
|upkeep
|turn|7
|
|t:|1646424232
|switch|p1a: Ferrothorn|Ferrothorn, F|89/100
|move|p2a: Ferrothorn|Spikes|p1a: Ferrothorn
|-sidestart|p1: ctufan23|Spikes
|
|-weather|RainDance|[upkeep]
|-heal|p2a: Ferrothorn|97/100|[from] item: Leftovers
|upkeep
|turn|8
|
|t:|1646424237
|switch|p2a: Heliolisk|Heliolisk, F, shiny|100/100
|-damage|p2a: Heliolisk|88/100|[from] Stealth Rock
|move|p1a: Ferrothorn|Spikes|p2a: Heliolisk
|-sidestart|p2: Gurtrant|Spikes
|
|-weather|none
|upkeep
|turn|9
|
|t:|1646424241
|move|p1a: Ferrothorn|Protect|p1a: Ferrothorn
|-singleturn|p1a: Ferrothorn|Protect
|move|p2a: Heliolisk|Focus Blast|p1a: Ferrothorn
|-activate|p1a: Ferrothorn|move: Protect
|
|upkeep
|turn|10
|
|t:|1646424247
|move|p2a: Heliolisk|Volt Switch|p1a: Ferrothorn
|-resisted|p1a: Ferrothorn
|-damage|p1a: Ferrothorn|71/100
|-damage|p2a: Heliolisk|78/100|[from] item: Life Orb
|
|t:|1646424250
|switch|p2a: Zapdos|Zapdos|100/100|[from]move: Volt Switch
|move|p1a: Ferrothorn|Leech Seed|p2a: Zapdos
|-start|p2a: Zapdos|move: Leech Seed
|
|-damage|p2a: Zapdos|88/100|[from] Leech Seed|[of] p1a: Ferrothorn
|-heal|p1a: Ferrothorn|85/100|[silent]
|upkeep
|turn|11
|
|t:|1646424253
|move|p2a: Zapdos|Defog|p1a: Ferrothorn
|-unboost|p1a: Ferrothorn|evasion|1
|-sideend|p1: ctufan23|Spikes|[from] move: Defog|[of] p2a: Zapdos
|-sideend|p2: Gurtrant|Spikes|[from] move: Defog|[of] p2a: Zapdos
|-sideend|p2: Gurtrant|Stealth Rock|[from] move: Defog|[of] p2a: Zapdos
|move|p1a: Ferrothorn|Gyro Ball|p2a: Zapdos
|-resisted|p2a: Zapdos
|-damage|p2a: Zapdos|72/100
|-status|p1a: Ferrothorn|par|[from] ability: Static|[of] p2a: Zapdos
|
|-damage|p2a: Zapdos|59/100|[from] Leech Seed|[of] p1a: Ferrothorn
|-heal|p1a: Ferrothorn|98/100 par|[silent]
|upkeep
|turn|12
|
|t:|1646424260
|switch|p2a: Ferrothorn|Ferrothorn, F|97/100
|move|p1a: Ferrothorn|Spikes|p2a: Ferrothorn
|-sidestart|p2: Gurtrant|Spikes
|
|-heal|p2a: Ferrothorn|100/100|[from] item: Leftovers
|upkeep
|turn|13
|
|t:|1646424263
|move|p2a: Ferrothorn|Spikes|p1a: Ferrothorn
|-sidestart|p1: ctufan23|Spikes
|cant|p1a: Ferrothorn|par
|
|upkeep
|turn|14
|
|t:|1646424266
|switch|p1a: Landorus|Landorus-Therian, M|100/100
|-ability|p1a: Landorus|Intimidate|boost
|-unboost|p2a: Ferrothorn|atk|1
|move|p2a: Ferrothorn|Spikes|p1a: Landorus
|-sidestart|p1: ctufan23|Spikes
|
|upkeep
|turn|15
|
|t:|1646424269
|switch|p2a: Pelipper|Pelipper, F|100/100
|-weather|RainDance|[from] ability: Drizzle|[of] p2a: Pelipper
|move|p1a: Landorus|Substitute|p1a: Landorus
|-start|p1a: Landorus|Substitute
|-damage|p1a: Landorus|76/100
|
|-weather|RainDance|[upkeep]
|-heal|p1a: Landorus|82/100|[from] item: Leftovers
|upkeep
|turn|16
|
|t:|1646424272
|move|p1a: Landorus|Knock Off|p2a: Pelipper
|-crit|p2a: Pelipper
|-damage|p2a: Pelipper|57/100
|-enditem|p2a: Pelipper|Damp Rock|[from] move: Knock Off|[of] p1a: Landorus
|move|p2a: Pelipper|Scald|p1a: Landorus
|-supereffective|p1a: Landorus
|-end|p1a: Landorus|Substitute
|
|-weather|RainDance|[upkeep]
|-heal|p1a: Landorus|88/100|[from] item: Leftovers
|upkeep
|turn|17
|
|t:|1646424277
|switch|p1a: Chansey|Chansey, F|77/100
|-damage|p1a: Chansey|61/100|[from] Spikes
|move|p2a: Pelipper|Scald|p1a: Chansey
|-damage|p1a: Chansey|48/100
|
|-weather|RainDance|[upkeep]
|upkeep
|turn|18
|
|t:|1646424282
|move|p2a: Pelipper|Roost|p2a: Pelipper
|-heal|p2a: Pelipper|100/100
|-singleturn|p2a: Pelipper|move: Roost
|move|p1a: Chansey|Soft-Boiled|p1a: Chansey
|-heal|p1a: Chansey|99/100
|
|-weather|RainDance|[upkeep]
|upkeep
|turn|19
|
|t:|1646424284
|move|p2a: Pelipper|U-turn|p1a: Chansey
|-damage|p1a: Chansey|93/100
|
|t:|1646424287
|switch|p2a: Ferrothorn|Ferrothorn, F|100/100|[from]move: U-turn
|-damage|p2a: Ferrothorn|88/100|[from] Spikes
|move|p1a: Chansey|Stealth Rock|p2a: Ferrothorn
|-sidestart|p2: Gurtrant|move: Stealth Rock
|
|-weather|RainDance|[upkeep]
|-heal|p2a: Ferrothorn|94/100|[from] item: Leftovers
|upkeep
|turn|20
|
|t:|1646424290
|switch|p1a: Ferrothorn|Ferrothorn, F|98/100 par
|-damage|p1a: Ferrothorn|82/100 par|[from] Spikes
|move|p2a: Ferrothorn|Spikes|p1a: Ferrothorn
|-sidestart|p1: ctufan23|Spikes
|
|-weather|RainDance|[upkeep]
|-heal|p2a: Ferrothorn|100/100|[from] item: Leftovers
|upkeep
|turn|21
|
|t:|1646424294
|switch|p2a: Heliolisk|Heliolisk, F, shiny|78/100
|-damage|p2a: Heliolisk|66/100|[from] Spikes
|-damage|p2a: Heliolisk|53/100|[from] Stealth Rock
|switch|p1a: Landorus|Landorus-Therian, M|88/100
|-ability|p1a: Landorus|Intimidate|boost
|-unboost|p2a: Heliolisk|atk|1
|
|-weather|RainDance|[upkeep]
|-heal|p2a: Heliolisk|66/100|[from] ability: Dry Skin
|-heal|p1a: Landorus|94/100|[from] item: Leftovers
|upkeep
|turn|22
|
|t:|1646424300
|switch|p1a: Chansey|Chansey, F|93/100
|-damage|p1a: Chansey|68/100|[from] Spikes
|move|p2a: Heliolisk|Surf|p1a: Chansey
|-damage|p1a: Chansey|51/100
|-damage|p2a: Heliolisk|56/100|[from] item: Life Orb
|
|-weather|none
|upkeep
|turn|23
|
|t:|1646424305
|switch|p2a: Pelipper|Pelipper, F|100/100
|-damage|p2a: Pelipper|75/100|[from] Stealth Rock
|-weather|RainDance|[from] ability: Drizzle|[of] p2a: Pelipper
|move|p1a: Chansey|Soft-Boiled|p1a: Chansey
|-heal|p1a: Chansey|100/100
|
|-weather|RainDance|[upkeep]
|upkeep
|turn|24
|
|t:|1646424307
|move|p2a: Pelipper|U-turn|p1a: Chansey
|-damage|p1a: Chansey|96/100
|
|t:|1646424310
|switch|p2a: Ferrothorn|Ferrothorn, F|100/100|[from]move: U-turn
|-damage|p2a: Ferrothorn|94/100|[from] Stealth Rock
|-damage|p2a: Ferrothorn|82/100|[from] Spikes
|move|p1a: Chansey|Seismic Toss|p2a: Ferrothorn
|-damage|p2a: Ferrothorn|53/100
|-damage|p1a: Chansey|83/100|[from] ability: Iron Barbs|[of] p2a: Ferrothorn
|
|-weather|RainDance|[upkeep]
|-heal|p2a: Ferrothorn|60/100|[from] item: Leftovers
|upkeep
|turn|25
|
|t:|1646424313
|switch|p1a: Ferrothorn|Ferrothorn, F|82/100 par
|-damage|p1a: Ferrothorn|57/100 par|[from] Spikes
|move|p2a: Ferrothorn|Knock Off|p1a: Ferrothorn
|-damage|p1a: Ferrothorn|49/100 par
|-damage|p2a: Ferrothorn|47/100|[from] ability: Iron Barbs|[of] p1a: Ferrothorn
|
|-weather|RainDance|[upkeep]
|-heal|p2a: Ferrothorn|53/100|[from] item: Leftovers
|upkeep
|turn|26
|
|t:|1646424321
|switch|p2a: Heliolisk|Heliolisk, F, shiny|56/100
|-damage|p2a: Heliolisk|44/100|[from] Stealth Rock
|-damage|p2a: Heliolisk|31/100|[from] Spikes
|switch|p1a: Landorus|Landorus-Therian, M|94/100
|-ability|p1a: Landorus|Intimidate|boost
|-unboost|p2a: Heliolisk|atk|1
|
|-weather|RainDance|[upkeep]
|-heal|p2a: Heliolisk|44/100|[from] ability: Dry Skin
|-heal|p1a: Landorus|99/100|[from] item: Leftovers
|upkeep
|turn|27
|
|t:|1646424323
|switch|p1a: Chansey|Chansey, F|83/100
|-damage|p1a: Chansey|58/100|[from] Spikes
|move|p2a: Heliolisk|Surf|p1a: Chansey
|-damage|p1a: Chansey|41/100
|-damage|p2a: Heliolisk|34/100|[from] item: Life Orb
|
|-weather|none
|upkeep
|turn|28
|
|t:|1646424328
|switch|p2a: Pelipper|Pelipper, F|75/100
|-damage|p2a: Pelipper|50/100|[from] Stealth Rock
|-weather|RainDance|[from] ability: Drizzle|[of] p2a: Pelipper
|move|p1a: Chansey|Soft-Boiled|p1a: Chansey
|-heal|p1a: Chansey|91/100
|
|-weather|RainDance|[upkeep]
|upkeep
|turn|29
|
|t:|1646424332
|move|p2a: Pelipper|Roost|p2a: Pelipper
|-heal|p2a: Pelipper|100/100
|-singleturn|p2a: Pelipper|move: Roost
|move|p1a: Chansey|Seismic Toss|p2a: Pelipper
|-damage|p2a: Pelipper|70/100
|
|-weather|RainDance|[upkeep]
|upkeep
|turn|30
|
|t:|1646424334
|move|p2a: Pelipper|U-turn|p1a: Chansey
|-damage|p1a: Chansey|85/100
|
|t:|1646424336
|switch|p2a: Ferrothorn|Ferrothorn, F|53/100|[from]move: U-turn
|-damage|p2a: Ferrothorn|41/100|[from] Spikes
|-damage|p2a: Ferrothorn|35/100|[from] Stealth Rock
|move|p1a: Chansey|Seismic Toss|p2a: Ferrothorn
|-damage|p2a: Ferrothorn|6/100
|-damage|p1a: Chansey|72/100|[from] ability: Iron Barbs|[of] p2a: Ferrothorn
|
|-weather|RainDance|[upkeep]
|-heal|p2a: Ferrothorn|12/100|[from] item: Leftovers
|upkeep
|turn|31
|
|t:|1646424339
|move|p1a: Chansey|Seismic Toss|p2a: Ferrothorn
|-damage|p2a: Ferrothorn|0 fnt
|-damage|p1a: Chansey|60/100|[from] ability: Iron Barbs|[of] p2a: Ferrothorn
|faint|p2a: Ferrothorn
|
|-weather|RainDance|[upkeep]
|upkeep
|
|t:|1646424342
|switch|p2a: Barraskewda|Barraskewda, F|100/100
|-damage|p2a: Barraskewda|88/100|[from] Stealth Rock
|-damage|p2a: Barraskewda|76/100|[from] Spikes
|turn|32
|
|t:|1646424344
|switch|p1a: Ferrothorn|Ferrothorn, F|49/100 par
|-damage|p1a: Ferrothorn|24/100 par|[from] Spikes
|move|p2a: Barraskewda|Liquidation|p1a: Ferrothorn
|-resisted|p1a: Ferrothorn
|-damage|p1a: Ferrothorn|0 fnt
|-damage|p2a: Barraskewda|64/100|[from] ability: Iron Barbs|[of] p1a: Ferrothorn
|faint|p1a: Ferrothorn
|
|-weather|none
|upkeep
|
|t:|1646424346
|switch|p1a: Tapu Lele|Tapu Lele|100/100
|-damage|p1a: Tapu Lele|76/100|[from] Spikes
|-fieldstart|move: Psychic Terrain|[from] ability: Psychic Surge|[of] p1a: Tapu Lele
|turn|33
|
|t:|1646424349
|switch|p2a: Zapdos|Zapdos|59/100
|move|p1a: Tapu Lele|Moonblast|p2a: Zapdos
|-damage|p2a: Zapdos|9/100
|
|upkeep
|turn|34
|
|t:|1646424357
|switch|p2a: Pelipper|Pelipper, F|70/100
|-damage|p2a: Pelipper|45/100|[from] Stealth Rock
|-weather|RainDance|[from] ability: Drizzle|[of] p2a: Pelipper
|move|p1a: Tapu Lele|Moonblast|p2a: Pelipper
|-damage|p2a: Pelipper|0 fnt
|faint|p2a: Pelipper
|
|-weather|RainDance|[upkeep]
|upkeep
|
|t:|1646424367
|switch|p2a: Seismitoad|Seismitoad, F|100/100
|-damage|p2a: Seismitoad|94/100|[from] Stealth Rock
|-damage|p2a: Seismitoad|82/100|[from] Spikes
|turn|35
|
|t:|1646424370
|switch|p1a: Pelipper|Pelipper, M|100/100
|move|p2a: Seismitoad|Weather Ball|p1a: Pelipper
|-resisted|p1a: Pelipper
|-damage|p1a: Pelipper|39/100
|-damage|p2a: Seismitoad|72/100|[from] item: Life Orb
|
|-weather|RainDance|[upkeep]
|upkeep
|turn|36
|
|t:|1646424374
|switch|p1a: Chansey|Chansey, F|60/100
|-damage|p1a: Chansey|35/100|[from] Spikes
|move|p2a: Seismitoad|Weather Ball|p1a: Chansey
|-damage|p1a: Chansey|8/100
|-damage|p2a: Seismitoad|62/100|[from] item: Life Orb
|
|-weather|RainDance|[upkeep]
|upkeep
|turn|37
|
|t:|1646424376
|move|p2a: Seismitoad|Weather Ball|p1a: Chansey
|-damage|p1a: Chansey|0 fnt
|faint|p1a: Chansey
|-damage|p2a: Seismitoad|52/100|[from] item: Life Orb
|
|-weather|RainDance|[upkeep]
|-fieldend|move: Psychic Terrain
|upkeep
|
|t:|1646424377
|switch|p1a: Barraskewda|Barraskewda, M|100/100
|-damage|p1a: Barraskewda|76/100|[from] Spikes
|turn|38
|
|t:|1646424381
|switch|p2a: Zapdos|Zapdos|9/100
|move|p1a: Barraskewda|Liquidation|p2a: Zapdos
|-damage|p2a: Zapdos|0 fnt
|faint|p2a: Zapdos
|
|-weather|none
|upkeep
|
|t:|1646424385
|switch|p2a: Heliolisk|Heliolisk, F, shiny|34/100
|-damage|p2a: Heliolisk|21/100|[from] Spikes
|-damage|p2a: Heliolisk|9/100|[from] Stealth Rock
|turn|39
|
|t:|1646424402
|move|p1a: Barraskewda|Liquidation|p2a: Heliolisk
|-heal|p2a: Heliolisk|34/100|[from] ability: Dry Skin|[of] p1a: Barraskewda
|move|p2a: Heliolisk|Surf|p1a: Barraskewda
|-resisted|p1a: Barraskewda
|-damage|p1a: Barraskewda|36/100
|-damage|p2a: Heliolisk|24/100|[from] item: Life Orb
|
|upkeep
|turn|40
|
|t:|1646424408
|move|p1a: Barraskewda|Liquidation|p2a: Heliolisk
|-heal|p2a: Heliolisk|49/100|[from] ability: Dry Skin|[of] p1a: Barraskewda
|move|p2a: Heliolisk|Surf|p1a: Barraskewda
|-resisted|p1a: Barraskewda
|-damage|p1a: Barraskewda|0 fnt
|faint|p1a: Barraskewda
|-damage|p2a: Heliolisk|39/100|[from] item: Life Orb
|
|upkeep
|
|t:|1646424413
|switch|p1a: Tapu Lele|Tapu Lele|76/100
|-damage|p1a: Tapu Lele|51/100|[from] Spikes
|-fieldstart|move: Psychic Terrain|[from] ability: Psychic Surge|[of] p1a: Tapu Lele
|turn|41
|
|t:|1646424417
|move|p1a: Tapu Lele|Psyshock|p2a: Heliolisk
|-damage|p2a: Heliolisk|0 fnt
|faint|p2a: Heliolisk
|
|upkeep
|
|t:|1646424427
|switch|p2a: Seismitoad|Seismitoad, F|52/100
|-damage|p2a: Seismitoad|39/100|[from] Spikes
|-damage|p2a: Seismitoad|33/100|[from] Stealth Rock
|turn|42
|
|t:|1646424429
|move|p1a: Tapu Lele|Psyshock|p2a: Seismitoad
|-damage|p2a: Seismitoad|0 fnt
|faint|p2a: Seismitoad
|
|upkeep
|
|t:|1646424431
|switch|p2a: Barraskewda|Barraskewda, F|64/100
|-damage|p2a: Barraskewda|52/100|[from] Stealth Rock
|-damage|p2a: Barraskewda|40/100|[from] Spikes
|turn|43
|
|t:|1646424433
|move|p1a: Tapu Lele|Psyshock|p2a: Barraskewda
|-damage|p2a: Barraskewda|0 fnt
|faint|p2a: Barraskewda
|
|win|ctufan23
|raw|ctufan23's rating: 1561 &rarr; <strong>1588</strong><br />(+27 for winning)
|raw|Gurtrant's rating: 1691 &rarr; <strong>1664</strong><br />(-27 for losing)
