|html|<div class="broadcast-blue"><strong>[Gen 8] OU is currently suspecting Melmetal! For information on how to participate check out the <a href="https://www.smogon.com/forums/threads/np-ss-ou-suspect-process-round-12-monster-mash.3709234/">suspect thread</a>.</strong></div>
|j|☆RggV
|j|☆samohi0
|t:|1665899873
|gametype|singles
|player|p1|RggV|scientist-gen4|1572
|player|p2|samohi0|265|1665
|teamsize|p1|6
|teamsize|p2|6
|gen|8
|tier|[Gen 8] OU
|rated|
|rule|Sleep Clause Mod: Limit one foe put to sleep
|rule|Species Clause: Limit one of each Pokémon
|rule|OHKO Clause: OHKO moves are banned
|rule|Evasion Items Clause: Evasion items are banned
|rule|Evasion Moves Clause: Evasion moves are banned
|rule|Endless Battle Clause: Forcing endless battles is banned
|rule|HP Percentage Mod: HP is shown in percentages
|rule|Dynamax Clause: You cannot dynamax
|clearpoke
|poke|p1|Unfezant, M|
|poke|p1|Magnezone|
|poke|p1|Tapu Fini|
|poke|p1|Dragapult, M|
|poke|p1|Landorus-Therian, M|
|poke|p1|Weavile, F|
|poke|p2|Heatran, F|
|poke|p2|Dragapult, M|
|poke|p2|Toxapex, M|
|poke|p2|Hydreigon, M|
|poke|p2|Landorus-Therian, M|
|poke|p2|Rillaboom, F|
|teampreview
|inactive|Battle timer is ON: inactive players will automatically lose when time's up. (requested by RggV)
|
|t:|1665899882
|start
|switch|p1a: Weavile|Weavile, F|100/100
|switch|p2a: Dragapult|Dragapult, M, shiny|100/100
|-ability|p1a: Weavile|Pressure
|turn|1
|
|t:|1665899888
|switch|p2a: Toxapex|Toxapex, M|100/100
|switch|p1a: Tapu Fini|Tapu Fini|100/100
|-fieldstart|move: Misty Terrain|[from] ability: Misty Surge|[of] p1a: Tapu Fini
|
|upkeep
|turn|2
|
|t:|1665899892
|move|p1a: Tapu Fini|Trick|p2a: Toxapex
|-activate|p1a: Tapu Fini|move: Trick|[of] p2a: Toxapex
|-item|p2a: Toxapex|Choice Scarf|[from] move: Trick
|-item|p1a: Tapu Fini|Rocky Helmet|[from] move: Trick
|move|p2a: Toxapex|Poison Jab|p1a: Tapu Fini
|-supereffective|p1a: Tapu Fini
|-damage|p1a: Tapu Fini|68/100
|-damage|p2a: Toxapex|84/100|[from] item: Rocky Helmet|[of] p1a: Tapu Fini
|
|upkeep
|turn|3
|
|t:|1665899899
|switch|p1a: Magnezone|Magnezone|100/100
|move|p2a: Toxapex|Poison Jab|p1a: Magnezone
|-immune|p1a: Magnezone
|
|upkeep
|turn|4
|
|t:|1665899902
|switch|p2a: Heatran|Heatran, F, shiny|100/100
|move|p1a: Magnezone|Flash Cannon|p2a: Heatran
|-resisted|p2a: Heatran
|-crit|p2a: Heatran
|-damage|p2a: Heatran|86/100
|
|-heal|p2a: Heatran|92/100|[from] item: Leftovers
|upkeep
|turn|5
|
|t:|1665899907
|switch|p1a: Enten|Landorus-Therian, M, shiny|100/100
|-ability|p1a: Enten|Intimidate|boost
|-unboost|p2a: Heatran|atk|1
|move|p2a: Heatran|Magma Storm|p1a: Enten|[miss]
|-miss|p2a: Heatran|p1a: Enten
|
|-heal|p2a: Heatran|98/100|[from] item: Leftovers
|-fieldend|Misty Terrain
|upkeep
|turn|6
|
|t:|1665899913
|switch|p2a: Landorus|Landorus-Therian, M, shiny|100/100
|-ability|p2a: Landorus|Intimidate|boost
|-unboost|p1a: Enten|atk|1
|move|p1a: Enten|Knock Off|p2a: Landorus
|-damage|p2a: Landorus|82/100
|-enditem|p2a: Landorus|Leftovers|[from] move: Knock Off|[of] p1a: Enten
|
|upkeep
|turn|7
|j| sfghfdfahag
|
|t:|1665899929
|move|p2a: Landorus|Defog|p1a: Enten
|-unboost|p1a: Enten|evasion|1
|move|p1a: Enten|Stealth Rock|p2a: Landorus
|-sidestart|p2: samohi0|move: Stealth Rock
|
|upkeep
|turn|8
|inactive|RggV has 120 seconds left.
|
|t:|1665899965
|move|p2a: Landorus|Toxic|p1a: Enten
|-status|p1a: Enten|tox
|move|p1a: Enten|U-turn|p2a: Landorus
|-resisted|p2a: Landorus
|-damage|p2a: Landorus|74/100
|
|t:|1665899969
|switch|p1a: Weavile|Weavile, F|100/100|[from]move: U-turn
|-ability|p1a: Weavile|Pressure
|
|upkeep
|turn|9
|
|t:|1665899973
|switch|p2a: Toxapex|Toxapex, M|100/100
|-damage|p2a: Toxapex|88/100|[from] Stealth Rock
|move|p1a: Weavile|Beat Up|p2a: Toxapex
|-damage|p2a: Toxapex|79/100
|-damage|p2a: Toxapex|73/100
|-damage|p2a: Toxapex|65/100
|-damage|p2a: Toxapex|59/100
|-damage|p2a: Toxapex|50/100
|-hitcount|p2a: Toxapex|5
|
|upkeep
|turn|10
|
|t:|1665899983
|move|p1a: Weavile|Beat Up|p2a: Toxapex
|-damage|p2a: Toxapex|42/100
|-damage|p2a: Toxapex|35/100
|-crit|p2a: Toxapex
|-damage|p2a: Toxapex|24/100
|-crit|p2a: Toxapex
|-damage|p2a: Toxapex|14/100
|-damage|p2a: Toxapex|6/100
|-hitcount|p2a: Toxapex|5
|move|p2a: Toxapex|Poison Jab|p1a: Weavile
|-damage|p1a: Weavile|67/100
|
|upkeep
|turn|11
|
|t:|1665899999
|switch|p1a: Dragapult|Dragapult, M|100/100
|move|p2a: Toxapex|Poison Jab|p1a: Dragapult
|-resisted|p1a: Dragapult
|-damage|p1a: Dragapult|88/100
|-status|p1a: Dragapult|psn
|
|-damage|p1a: Dragapult|76/100 psn|[from] psn
|upkeep
|turn|12
|
|t:|1665900005
|move|p1a: Dragapult|Draco Meteor|p2a: Toxapex
|-damage|p2a: Toxapex|0 fnt
|-unboost|p1a: Dragapult|spa|2
|faint|p2a: Toxapex
|
|-damage|p1a: Dragapult|64/100 psn|[from] psn
|upkeep
|
|t:|1665900009
|switch|p2a: Heatran|Heatran, F, shiny|98/100
|-damage|p2a: Heatran|86/100|[from] Stealth Rock
|turn|13
|
|t:|1665900013
|switch|p1a: Tapu Fini|Tapu Fini|68/100
|-fieldstart|move: Misty Terrain|[from] ability: Misty Surge|[of] p1a: Tapu Fini
|move|p2a: Heatran|Stealth Rock|p1a: Tapu Fini
|-sidestart|p1: RggV|move: Stealth Rock
|
|-heal|p2a: Heatran|92/100|[from] item: Leftovers
|upkeep
|turn|14
|
|t:|1665900018
|switch|p2a: Rillaboom|Rillaboom, F, shiny|100/100
|-damage|p2a: Rillaboom|88/100|[from] Stealth Rock
|-fieldstart|move: Grassy Terrain|[from] ability: Grassy Surge|[of] p2a: Rillaboom
|move|p1a: Tapu Fini|Scald|p2a: Rillaboom
|-resisted|p2a: Rillaboom
|-damage|p2a: Rillaboom|73/100
|
|-heal|p1a: Tapu Fini|75/100|[from] Grassy Terrain
|-heal|p2a: Rillaboom|79/100|[from] Grassy Terrain
|upkeep
|turn|15
|
|t:|1665900031
|switch|p1a: Enten|Landorus-Therian, M, shiny|100/100 tox
|-damage|p1a: Enten|88/100 tox|[from] Stealth Rock
|-ability|p1a: Enten|Intimidate|boost
|-unboost|p2a: Rillaboom|atk|1
|move|p2a: Rillaboom|Swords Dance|p2a: Rillaboom
|-boost|p2a: Rillaboom|atk|2
|
|-heal|p2a: Rillaboom|86/100|[from] Grassy Terrain
|-heal|p1a: Enten|94/100 tox|[from] item: Leftovers
|-damage|p1a: Enten|88/100 tox|[from] psn
|upkeep
|turn|16
|
|t:|1665900036
|move|p2a: Rillaboom|Grassy Glide|p1a: Enten
|-damage|p1a: Enten|0 fnt
|faint|p1a: Enten
|-damage|p2a: Rillaboom|76/100|[from] item: Life Orb
|
|-heal|p2a: Rillaboom|82/100|[from] Grassy Terrain
|upkeep
|
|t:|1665900044
|switch|p1a: Tapu Fini|Tapu Fini|75/100
|-damage|p1a: Tapu Fini|62/100|[from] Stealth Rock
|-fieldstart|move: Misty Terrain|[from] ability: Misty Surge|[of] p1a: Tapu Fini
|turn|17
|
|t:|1665900049
|switch|p1a: Magnezone|Magnezone|100/100
|-damage|p1a: Magnezone|94/100|[from] Stealth Rock
|move|p2a: Rillaboom|Grassy Glide|p1a: Magnezone
|-resisted|p1a: Magnezone
|-damage|p1a: Magnezone|56/100
|-damage|p2a: Rillaboom|72/100|[from] item: Life Orb
|
|upkeep
|turn|18
|
|t:|1665900054
|switch|p2a: Landorus|Landorus-Therian, M, shiny|74/100
|-damage|p2a: Landorus|61/100|[from] Stealth Rock
|-ability|p2a: Landorus|Intimidate|boost
|-unboost|p1a: Magnezone|atk|1
|move|p1a: Magnezone|Steel Beam|p2a: Landorus
|-damage|p2a: Landorus|0 fnt
|-damage|p1a: Magnezone|5/100|[from] mindblown
|faint|p2a: Landorus
|
|upkeep
|
|t:|1665900057
|switch|p2a: Dragapult|Dragapult, M, shiny|100/100
|-damage|p2a: Dragapult|88/100|[from] Stealth Rock
|turn|19
|
|t:|1665900059
|move|p2a: Dragapult|Shadow Ball|p1a: Magnezone
|-damage|p1a: Magnezone|0 fnt
|faint|p1a: Magnezone
|
|upkeep
|
|t:|1665900061
|switch|p1a: Unfezant|Unfezant, M|100/100
|-damage|p1a: Unfezant|76/100|[from] Stealth Rock
|turn|20
|
|t:|1665900064
|switch|p2a: Heatran|Heatran, F, shiny|92/100
|-damage|p2a: Heatran|80/100|[from] Stealth Rock
|switch|p1a: Dragapult|Dragapult, M|64/100 psn
|-damage|p1a: Dragapult|51/100 psn|[from] Stealth Rock
|
|-heal|p2a: Heatran|86/100|[from] item: Leftovers
|-damage|p1a: Dragapult|39/100 psn|[from] psn
|upkeep
|turn|21
|
|t:|1665900066
|move|p1a: Dragapult|Shadow Ball|p2a: Heatran
|-damage|p2a: Heatran|49/100
|-unboost|p2a: Heatran|spd|1
|move|p2a: Heatran|Earth Power|p1a: Dragapult
|-damage|p1a: Dragapult|1/100 psn
|
|-heal|p2a: Heatran|55/100|[from] item: Leftovers
|-damage|p1a: Dragapult|0 fnt|[from] psn
|faint|p1a: Dragapult
|-fieldend|Misty Terrain
|upkeep
|
|t:|1665900069
|switch|p1a: Weavile|Weavile, F|67/100
|-damage|p1a: Weavile|42/100|[from] Stealth Rock
|-ability|p1a: Weavile|Pressure
|turn|22
|
|t:|1665900071
|move|p1a: Weavile|Knock Off|p2a: Heatran
|-damage|p2a: Heatran|0 fnt
|-enditem|p2a: Heatran|Leftovers|[from] move: Knock Off|[of] p1a: Weavile
|faint|p2a: Heatran
|
|upkeep
|
|t:|1665900075
|switch|p2a: Hydreigon|Hydreigon, M|100/100
|-damage|p2a: Hydreigon|88/100|[from] Stealth Rock
|turn|23
|
|t:|1665900080
|switch|p1a: Tapu Fini|Tapu Fini|62/100
|-damage|p1a: Tapu Fini|50/100|[from] Stealth Rock
|-fieldstart|move: Misty Terrain|[from] ability: Misty Surge|[of] p1a: Tapu Fini
|move|p2a: Hydreigon|Earth Power|p1a: Tapu Fini
|-damage|p1a: Tapu Fini|19/100
|-damage|p2a: Hydreigon|78/100|[from] item: Life Orb
|
|upkeep
|turn|24
|
|t:|1665900085
|move|p1a: Tapu Fini|Moonblast|p2a: Hydreigon
|-supereffective|p2a: Hydreigon
|-damage|p2a: Hydreigon|0 fnt
|faint|p2a: Hydreigon
|
|upkeep
|
|t:|1665900088
|switch|p2a: Rillaboom|Rillaboom, F, shiny|72/100
|-damage|p2a: Rillaboom|60/100|[from] Stealth Rock
|-fieldstart|move: Grassy Terrain|[from] ability: Grassy Surge|[of] p2a: Rillaboom
|turn|25
|
|t:|1665900093
|move|p2a: Rillaboom|Grassy Glide|p1a: Tapu Fini
|-supereffective|p1a: Tapu Fini
|-damage|p1a: Tapu Fini|0 fnt
|-damage|p2a: Rillaboom|43/100|[from] item: Rocky Helmet|[of] p1a: Tapu Fini
|faint|p1a: Tapu Fini
|-damage|p2a: Rillaboom|33/100|[from] item: Life Orb
|
|-heal|p2a: Rillaboom|39/100|[from] Grassy Terrain
|upkeep
|
|t:|1665900103
|switch|p1a: Unfezant|Unfezant, M|76/100
|-damage|p1a: Unfezant|51/100|[from] Stealth Rock
|turn|26
|
|t:|1665900110
|move|p2a: Rillaboom|Grassy Glide|p1a: Unfezant
|-resisted|p1a: Unfezant
|-damage|p1a: Unfezant|11/100
|-damage|p2a: Rillaboom|29/100|[from] item: Life Orb
|move|p1a: Unfezant|Roost|p1a: Unfezant
|-heal|p1a: Unfezant|62/100
|-singleturn|p1a: Unfezant|move: Roost
|
|-heal|p1a: Unfezant|68/100|[from] Grassy Terrain
|-heal|p2a: Rillaboom|36/100|[from] Grassy Terrain
|upkeep
|turn|27
|
|t:|1665900131
|switch|p2a: Dragapult|Dragapult, M, shiny|88/100
|-damage|p2a: Dragapult|76/100|[from] Stealth Rock
|move|p1a: Unfezant|Brave Bird|p2a: Dragapult
|-crit|p2a: Dragapult
|-damage|p2a: Dragapult|0 fnt
|faint|p2a: Dragapult
|-damage|p1a: Unfezant|41/100|[from] Recoil
|
|upkeep
|-message|samohi0 forfeited.
|
|win|RggV
|raw|RggV's rating: 1572 &rarr; <strong>1597</strong><br />(+25 for winning)
|raw|samohi0's rating: 1665 &rarr; <strong>1640</strong><br />(-25 for losing)
|l|☆samohi0
