|html|<div class="broadcast-blue"><strong>[Gen 8] OU is currently suspecting Melmetal! For information on how to participate check out the <a href="https://www.smogon.com/forums/threads/np-ss-ou-suspect-process-round-12-monster-mash.3709234/">suspect thread</a>.</strong></div>
|j|☆cbbab
|j|☆jushu114514
|t:|1666096333
|gametype|singles
|player|p1|cbbab|caitlin|1719
|player|p2|jushu114514|169|1824
|teamsize|p1|6
|teamsize|p2|6
|gen|8
|tier|[Gen 8] OU
|rated|
|rule|Sleep Clause Mod: Limit one foe put to sleep
|rule|Species Clause: Limit one of each Pokémon
|rule|OHKO Clause: OHKO moves are banned
|rule|Evasion Items Clause: Evasion items are banned
|rule|Evasion Moves Clause: Evasion moves are banned
|rule|Endless Battle Clause: Forcing endless battles is banned
|rule|HP Percentage Mod: HP is shown in percentages
|rule|Dynamax Clause: You cannot dynamax
|clearpoke
|poke|p1|Crawdaunt, F|
|poke|p1|Melmetal|
|poke|p1|Marowak-Alola, F|
|poke|p1|Porygon2|
|poke|p1|Hatterene, F|
|poke|p1|Cresselia, F|
|poke|p2|Dragapult, M|
|poke|p2|Weavile, M|
|poke|p2|Landorus-Therian, M|
|poke|p2|Melmetal|
|poke|p2|Crawdaunt, M|
|poke|p2|Kartana|
|teampreview
|j| Palladiawa D
|inactive|Battle timer is ON: inactive players will automatically lose when time's up. (requested by jushu114514)
|inactive|cbbab also wants the timer to be on.
|
|t:|1666096339
|start
|switch|p1a: Melmetal|Melmetal|100/100
|switch|p2a: Fate|Melmetal, shiny|100/100
|turn|1
|j| Ebullient Days
|
|t:|1666096345
|switch|p2a: Enten|Landorus-Therian, M, shiny|100/100
|-ability|p2a: Enten|Intimidate|boost
|-unboost|p1a: Melmetal|atk|1
|switch|p1a: Cresselia|Cresselia, F|100/100
|
|upkeep
|turn|2
|
|t:|1666096351
|move|p2a: Enten|Stealth Rock|p1a: Cresselia
|-sidestart|p1: cbbab|move: Stealth Rock
|move|p1a: Cresselia|Ice Beam|p2a: Enten
|-supereffective|p2a: Enten
|-damage|p2a: Enten|50/100
|
|-heal|p2a: Enten|56/100|[from] item: Leftovers
|upkeep
|turn|3
|
|t:|1666096354
|move|p2a: Enten|U-turn|p1a: Cresselia
|-supereffective|p1a: Cresselia
|-damage|p1a: Cresselia|78/100
|
|t:|1666096356
|switch|p2a: Fate|Melmetal, shiny|100/100|[from]move: U-turn
|move|p1a: Cresselia|Trick Room|p1a: Cresselia
|-fieldstart|move: Trick Room|[of] p1a: Cresselia
|
|upkeep
|turn|4
|inactive|cbbab has 120 seconds left.
|
|t:|1666096389
|move|p2a: Fate|Double Iron Bash|p1a: Cresselia
|-damage|p1a: Cresselia|45/100
|-damage|p1a: Cresselia|12/100
|-hitcount|p1a: Cresselia|2
|cant|p1a: Cresselia|flinch
|
|upkeep
|turn|5
|
|t:|1666096394
|switch|p1a: Melmetal|Melmetal|100/100
|-damage|p1a: Melmetal|94/100|[from] Stealth Rock
|move|p2a: Fate|Double Iron Bash|p1a: Melmetal
|-resisted|p1a: Melmetal
|-damage|p1a: Melmetal|77/100
|-resisted|p1a: Melmetal
|-damage|p1a: Melmetal|61/100
|-hitcount|p1a: Melmetal|2
|
|upkeep
|turn|6
|
|t:|1666096408
|switch|p2a: Leviathan|Dragapult, M, shiny|100/100
|move|p1a: Melmetal|Double Iron Bash|p2a: Leviathan
|-crit|p2a: Leviathan
|-damage|p2a: Leviathan|0 fnt
|faint|p2a: Leviathan
|-hitcount|p2: Leviathan|1
|
|upkeep
|
|t:|1666096417
|switch|p2a: Enten|Landorus-Therian, M, shiny|56/100
|-ability|p2a: Enten|Intimidate|boost
|-unboost|p1a: Melmetal|atk|1
|turn|7
|j| Siyoumu
|j| Let's a gooo
|
|t:|1666096429
|switch|p1a: Cresselia|Cresselia, F|12/100
|-damage|p1a: Cresselia|0 fnt|[from] Stealth Rock
|faint|p1a: Cresselia
|switch|p2a: Fate|Melmetal, shiny|100/100
|
|-fieldend|move: Trick Room
|upkeep
|
|t:|1666096436
|switch|p1a: Porygon2|Porygon2|100/100
|-damage|p1a: Porygon2|88/100|[from] Stealth Rock
|-ability|p1a: Porygon2|Download|boost
|-boost|p1a: Porygon2|spa|1
|turn|8
|
|t:|1666096439
|move|p2a: Fate|Double Iron Bash|p1a: Porygon2
|-damage|p1a: Porygon2|46/100
|-damage|p1a: Porygon2|7/100
|-hitcount|p1a: Porygon2|2
|move|p1a: Porygon2|Trick Room|p1a: Porygon2
|-fieldstart|move: Trick Room|[of] p1a: Porygon2
|
|upkeep
|turn|9
|
|t:|1666096445
|move|p1a: Porygon2|Thunderbolt|p2a: Fate
|-damage|p2a: Fate|65/100
|move|p2a: Fate|Double Iron Bash|p1a: Porygon2
|-damage|p1a: Porygon2|0 fnt
|faint|p1a: Porygon2
|-hitcount|p1: Porygon2|1
|
|upkeep
|
|t:|1666096473
|switch|p1a: Marowak|Marowak-Alola, F|100/100
|-damage|p1a: Marowak|76/100|[from] Stealth Rock
|turn|10
|
|t:|1666096481
|switch|p2a: Enten|Landorus-Therian, M, shiny|56/100
|-ability|p2a: Enten|Intimidate|boost
|-unboost|p1a: Marowak|atk|1
|move|p1a: Marowak|Flare Blitz|p2a: Enten
|-damage|p2a: Enten|0 fnt
|faint|p2a: Enten
|
|upkeep
|
|t:|1666096487
|switch|p2a: Predator|Crawdaunt, M, shiny|100/100
|turn|11
|inactive|cbbab has 120 seconds left.
|j| tapu moxo
|
|t:|1666096519
|move|p1a: Marowak|Bonemerang|p2a: Predator
|-crit|p2a: Predator
|-damage|p2a: Predator|42/100
|-damage|p2a: Predator|15/100
|-hitcount|p2a: Predator|2
|move|p2a: Predator|Swords Dance|p2a: Predator
|-boost|p2a: Predator|atk|2
|
|upkeep
|turn|12
|inactive|cbbab has 120 seconds left.
|
|t:|1666096529
|move|p2a: Predator|Aqua Jet|p1a: Marowak
|-supereffective|p1a: Marowak
|-damage|p1a: Marowak|0 fnt
|faint|p1a: Marowak
|-damage|p2a: Predator|5/100|[from] item: Life Orb
|
|-fieldend|move: Trick Room
|upkeep
|
|t:|1666096533
|switch|p1a: Crawdaunt|Crawdaunt, F|100/100
|-damage|p1a: Crawdaunt|88/100|[from] Stealth Rock
|turn|13
|
|t:|1666096539
|move|p2a: Predator|Aqua Jet|p1a: Crawdaunt
|-resisted|p1a: Crawdaunt
|-damage|p1a: Crawdaunt|40/100
|-damage|p2a: Predator|0 fnt|[from] item: Life Orb
|faint|p2a: Predator
|move|p1a: Crawdaunt|Aqua Jet|p2: Predator|[notarget]
|-fail|p1a: Crawdaunt
|
|upkeep
|
|t:|1666096550
|switch|p2a: Fate|Melmetal, shiny|65/100
|turn|14
|
|t:|1666096563
|switch|p1a: Melmetal|Melmetal|61/100
|-damage|p1a: Melmetal|55/100|[from] Stealth Rock
|move|p2a: Fate|Double Iron Bash|p1a: Melmetal
|-resisted|p1a: Melmetal
|-damage|p1a: Melmetal|36/100
|-resisted|p1a: Melmetal
|-damage|p1a: Melmetal|18/100
|-hitcount|p1a: Melmetal|2
|
|upkeep
|turn|15
|
|t:|1666096573
|move|p2a: Fate|Double Iron Bash|p1a: Melmetal
|-resisted|p1a: Melmetal
|-damage|p1a: Melmetal|0 fnt
|faint|p1a: Melmetal
|-hitcount|p1: Melmetal|1
|
|upkeep
|
|t:|1666096575
|switch|p1a: Hatterene|Hatterene, F|100/100
|-damage|p1a: Hatterene|88/100|[from] Stealth Rock
|turn|16
|
|t:|1666096577
|move|p2a: Fate|Double Iron Bash|p1a: Hatterene
|-supereffective|p1a: Hatterene
|-damage|p1a: Hatterene|0 fnt
|faint|p1a: Hatterene
|-hitcount|p1: Hatterene|1
|
|upkeep
|
|t:|1666096579
|switch|p1a: Crawdaunt|Crawdaunt, F|40/100
|-damage|p1a: Crawdaunt|28/100|[from] Stealth Rock
|turn|17
|
|t:|1666096590
|move|p2a: Fate|Double Iron Bash|p1a: Crawdaunt
|-resisted|p1a: Crawdaunt
|-damage|p1a: Crawdaunt|0 fnt
|faint|p1a: Crawdaunt
|-hitcount|p1: Crawdaunt|1
|
|win|jushu114514
|raw|cbbab's rating: 1719 &rarr; <strong>1706</strong><br />(-13 for losing)
|raw|jushu114514's rating: 1838 &rarr; <strong>1851</strong><br />(+13 for winning)
|l|☆cbbab
|l| Let's a gooo
|l| Siyoumu
||Ladder isn't responding, score probably updated but might not have (Request timeout).
