|j|☆RCRover
|j|☆Batataplays
|t:|1652499287
|gametype|singles
|player|p1|RCRover|leon-tower|1699
|player|p2|Batataplays|sonia|1713
|teamsize|p1|6
|teamsize|p2|6
|gen|8
|tier|[Gen 8] OU
|rated|
|rule|Sleep Clause Mod: Limit one foe put to sleep
|rule|Species Clause: Limit one of each Pokémon
|rule|OHKO Clause: OHKO moves are banned
|rule|Evasion Moves Clause: Evasion moves are banned
|rule|Endless Battle Clause: Forcing endless battles is banned
|rule|HP Percentage Mod: HP is shown in percentages
|rule|Dynamax Clause: You cannot dynamax
|clearpoke
|poke|p1|Ferrothorn, M|
|poke|p1|Landorus-Therian, M|
|poke|p1|Heatran, M|
|poke|p1|Tapu Fini|
|poke|p1|Dragapult, M|
|poke|p1|Tornadus-Therian, M|
|poke|p2|Politoed, M|
|poke|p2|Mandibuzz, F|
|poke|p2|Landorus-Therian, M|
|poke|p2|Tapu Lele|
|poke|p2|Kartana|
|poke|p2|Urshifu-*, F|
|teampreview
|inactive|Battle timer is ON: inactive players will automatically lose when time's up. (requested by RCRover)
|
|t:|1652499305
|start
|switch|p1a: Tornadus|Tornadus-Therian, M|100/100
|switch|p2a: Politoed|Politoed, M|100/100
|-weather|RainDance|[from] ability: Drizzle|[of] p2a: Politoed
|turn|1
|
|t:|1652499309
|move|p1a: Tornadus|Knock Off|p2a: Politoed
|-damage|p2a: Politoed|73/100
|-enditem|p2a: Politoed|Choice Specs|[from] move: Knock Off|[of] p1a: Tornadus
|move|p2a: Politoed|Weather Ball|p1a: Tornadus
|-damage|p1a: Tornadus|32/100
|
|-weather|RainDance|[upkeep]
|upkeep
|turn|2
|
|t:|1652499315
|move|p1a: Tornadus|U-turn|p2a: Politoed
|-damage|p2a: Politoed|53/100
|
|t:|1652499326
|switch|p1a: Dragapult|Dragapult, M|100/100|[from]move: U-turn
|move|p2a: Politoed|Focus Blast|p1a: Dragapult
|-immune|p1a: Dragapult
|
|-weather|RainDance|[upkeep]
|upkeep
|turn|3
|
|t:|1652499333
|switch|p2a: Mandibuzz|Mandibuzz, F|100/100
|move|p1a: Dragapult|Draco Meteor|p2a: Mandibuzz
|-damage|p2a: Mandibuzz|35/100
|-unboost|p1a: Dragapult|spa|2
|
|-weather|RainDance|[upkeep]
|upkeep
|turn|4
|
|t:|1652499338
|move|p1a: Dragapult|Draco Meteor|p2a: Mandibuzz
|-damage|p2a: Mandibuzz|3/100
|-unboost|p1a: Dragapult|spa|2
|move|p2a: Mandibuzz|Roost|p2a: Mandibuzz
|-heal|p2a: Mandibuzz|53/100
|-singleturn|p2a: Mandibuzz|move: Roost
|
|-weather|RainDance|[upkeep]
|upkeep
|turn|5
|
|t:|1652499342
|switch|p1a: Landorus|Landorus-Therian, M|100/100
|-ability|p1a: Landorus|Intimidate|boost
|-unboost|p2a: Mandibuzz|atk|1
|move|p2a: Mandibuzz|U-turn|p1a: Landorus
|-resisted|p1a: Landorus
|-damage|p1a: Landorus|98/100
|
|t:|1652499344
|switch|p2a: Urshifu|Urshifu-Rapid-Strike, F|100/100|[from]move: U-turn
|
|-weather|none
|-heal|p1a: Landorus|100/100|[from] item: Leftovers
|upkeep
|turn|6
|
|t:|1652499351
|switch|p1a: Tapu Fini|Tapu Fini|100/100
|-fieldstart|move: Misty Terrain|[from] ability: Misty Surge|[of] p1a: Tapu Fini
|move|p2a: Urshifu|Surging Strikes|p1a: Tapu Fini
|-resisted|p1a: Tapu Fini
|-crit|p1a: Tapu Fini
|-damage|p1a: Tapu Fini|90/100
|-resisted|p1a: Tapu Fini
|-crit|p1a: Tapu Fini
|-damage|p1a: Tapu Fini|80/100
|-resisted|p1a: Tapu Fini
|-crit|p1a: Tapu Fini
|-damage|p1a: Tapu Fini|68/100
|-hitcount|p1a: Tapu Fini|3
|
|-heal|p1a: Tapu Fini|74/100|[from] item: Leftovers
|upkeep
|turn|7
|
|t:|1652499361
|switch|p2a: Politoed|Politoed, M|53/100
|-weather|RainDance|[from] ability: Drizzle|[of] p2a: Politoed
|move|p1a: Tapu Fini|Scald|p2a: Politoed
|-resisted|p2a: Politoed
|-damage|p2a: Politoed|34/100
|
|-weather|RainDance|[upkeep]
|-heal|p1a: Tapu Fini|80/100|[from] item: Leftovers
|upkeep
|turn|8
|
|t:|1652499365
|switch|p2a: Urshifu|Urshifu-Rapid-Strike, F|100/100
|move|p1a: Tapu Fini|Draining Kiss|p2a: Urshifu
|-supereffective|p2a: Urshifu
|-damage|p2a: Urshifu|49/100
|-heal|p1a: Tapu Fini|100/100|[from] drain|[of] p2a: Urshifu
|
|-weather|RainDance|[upkeep]
|upkeep
|turn|9
|
|t:|1652499370
|move|p2a: Urshifu|Surging Strikes|p1a: Tapu Fini
|-resisted|p1a: Tapu Fini
|-crit|p1a: Tapu Fini
|-damage|p1a: Tapu Fini|84/100
|-resisted|p1a: Tapu Fini
|-crit|p1a: Tapu Fini
|-damage|p1a: Tapu Fini|69/100
|-resisted|p1a: Tapu Fini
|-crit|p1a: Tapu Fini
|-damage|p1a: Tapu Fini|53/100
|-hitcount|p1a: Tapu Fini|3
|move|p1a: Tapu Fini|Draining Kiss|p2a: Urshifu
|-supereffective|p2a: Urshifu
|-damage|p2a: Urshifu|1/100
|-heal|p1a: Tapu Fini|89/100|[from] drain|[of] p2a: Urshifu
|
|-weather|RainDance|[upkeep]
|-heal|p1a: Tapu Fini|95/100|[from] item: Leftovers
|upkeep
|turn|10
|
|t:|1652499374
|switch|p1a: Ferrothorn|Ferrothorn, M|100/100
|move|p2a: Urshifu|Surging Strikes|p1a: Ferrothorn
|-resisted|p1a: Ferrothorn
|-crit|p1a: Ferrothorn
|-damage|p1a: Ferrothorn|88/100
|-damage|p2a: Urshifu|0 fnt|[from] ability: Iron Barbs|[of] p1a: Ferrothorn
|faint|p2a: Urshifu
|-hitcount|p1a: Ferrothorn|1
|
|-weather|RainDance|[upkeep]
|-heal|p1a: Ferrothorn|94/100|[from] item: Leftovers
|-fieldend|Misty Terrain
|upkeep
|
|t:|1652499377
|switch|p2a: Tapu Lele|Tapu Lele|100/100
|-fieldstart|move: Psychic Terrain|[from] ability: Psychic Surge|[of] p2a: Tapu Lele
|turn|11
|
|t:|1652499385
|switch|p1a: Tapu Fini|Tapu Fini|95/100
|-fieldstart|move: Misty Terrain|[from] ability: Misty Surge|[of] p1a: Tapu Fini
|move|p2a: Tapu Lele|Focus Blast|p1a: Tapu Fini
|-resisted|p1a: Tapu Fini
|-damage|p1a: Tapu Fini|79/100
|
|-weather|none
|-heal|p1a: Tapu Fini|85/100|[from] item: Leftovers
|upkeep
|turn|12
|
|t:|1652499394
|move|p2a: Tapu Lele|Thunderbolt|p1a: Tapu Fini
|-supereffective|p1a: Tapu Fini
|-damage|p1a: Tapu Fini|36/100
|move|p1a: Tapu Fini|Scald|p2a: Tapu Lele
|-damage|p2a: Tapu Lele|74/100
|
|-heal|p1a: Tapu Fini|42/100|[from] item: Leftovers
|upkeep
|turn|13
|
|t:|1652499401
|switch|p1a: Heatran|Heatran, M|100/100
|move|p2a: Tapu Lele|Moonblast|p1a: Heatran
|-resisted|p1a: Heatran
|-damage|p1a: Heatran|92/100
|
|-heal|p1a: Heatran|98/100|[from] item: Leftovers
|upkeep
|turn|14
|
|t:|1652499405
|switch|p1a: Dragapult|Dragapult, M|100/100
|move|p2a: Tapu Lele|Focus Blast|p1a: Dragapult
|-immune|p1a: Dragapult
|
|upkeep
|turn|15
|
|t:|1652499410
|switch|p2a: Mandibuzz|Mandibuzz, F|53/100
|move|p1a: Dragapult|U-turn|p2a: Mandibuzz
|-damage|p2a: Mandibuzz|43/100
|
|t:|1652499416
|switch|p1a: Heatran|Heatran, M|98/100|[from]move: U-turn
|
|-heal|p1a: Heatran|100/100|[from] item: Leftovers
|-fieldend|Misty Terrain
|upkeep
|turn|16
|
|t:|1652499420
|switch|p2a: Politoed|Politoed, M|34/100
|-weather|RainDance|[from] ability: Drizzle|[of] p2a: Politoed
|move|p1a: Heatran|Toxic|p2a: Politoed
|-status|p2a: Politoed|tox
|
|-weather|RainDance|[upkeep]
|-damage|p2a: Politoed|27/100 tox|[from] psn
|upkeep
|turn|17
|
|t:|1652499424
|switch|p1a: Ferrothorn|Ferrothorn, M|94/100
|move|p2a: Politoed|Weather Ball|p1a: Ferrothorn
|-resisted|p1a: Ferrothorn
|-damage|p1a: Ferrothorn|64/100
|
|-weather|RainDance|[upkeep]
|-heal|p1a: Ferrothorn|70/100|[from] item: Leftovers
|-damage|p2a: Politoed|15/100 tox|[from] psn
|upkeep
|turn|18
|
|t:|1652499429
|move|p2a: Politoed|Weather Ball|p1a: Ferrothorn
|-resisted|p1a: Ferrothorn
|-damage|p1a: Ferrothorn|42/100
|move|p1a: Ferrothorn|Spikes|p2a: Politoed
|-sidestart|p2: Batataplays|Spikes
|
|-weather|RainDance|[upkeep]
|-heal|p1a: Ferrothorn|48/100|[from] item: Leftovers
|-damage|p2a: Politoed|0 fnt|[from] psn
|faint|p2a: Politoed
|upkeep
|
|t:|1652499431
|switch|p2a: Landorus|Landorus-Therian, M|100/100
|-ability|p2a: Landorus|Intimidate|boost
|-unboost|p1a: Ferrothorn|atk|1
|turn|19
|
|t:|1652499434
|move|p2a: Landorus|Stealth Rock|p1a: Ferrothorn
|-sidestart|p1: RCRover|move: Stealth Rock
|move|p1a: Ferrothorn|Leech Seed|p2a: Landorus
|-start|p2a: Landorus|move: Leech Seed
|
|-weather|RainDance|[upkeep]
|-heal|p1a: Ferrothorn|54/100|[from] item: Leftovers
|-damage|p2a: Landorus|88/100|[from] Leech Seed|[of] p1a: Ferrothorn
|-heal|p1a: Ferrothorn|68/100|[silent]
|upkeep
|turn|20
|
|t:|1652499437
|move|p2a: Landorus|U-turn|p1a: Ferrothorn
|-damage|p1a: Ferrothorn|55/100
|-damage|p2a: Landorus|76/100|[from] ability: Iron Barbs|[of] p1a: Ferrothorn
|
|t:|1652499440
|switch|p2a: Tapu Lele|Tapu Lele|74/100|[from]move: U-turn
|-damage|p2a: Tapu Lele|61/100|[from] Spikes
|-fieldstart|move: Psychic Terrain|[from] ability: Psychic Surge|[of] p2a: Tapu Lele
|move|p1a: Ferrothorn|Spikes|p2a: Tapu Lele
|-sidestart|p2: Batataplays|Spikes
|
|-weather|none
|-heal|p1a: Ferrothorn|61/100|[from] item: Leftovers
|upkeep
|turn|21
|
|t:|1652499452
|move|p2a: Tapu Lele|Moonblast|p1a: Ferrothorn
|-resisted|p1a: Ferrothorn
|-damage|p1a: Ferrothorn|40/100
|move|p1a: Ferrothorn|Power Whip|p2a: Tapu Lele
|-damage|p2a: Tapu Lele|22/100
|
|-heal|p1a: Ferrothorn|46/100|[from] item: Leftovers
|upkeep
|turn|22
|
|t:|1652499458
|switch|p1a: Tornadus|Tornadus-Therian, M|66/100
|move|p2a: Tapu Lele|Moonblast|p1a: Tornadus
|-damage|p1a: Tornadus|15/100
|
|upkeep
|turn|23
|
|t:|1652499467
|switch|p2a: Landorus|Landorus-Therian, M|76/100
|-ability|p2a: Landorus|Intimidate|boost
|-unboost|p1a: Tornadus|atk|1
|move|p1a: Tornadus|Knock Off|p2a: Landorus
|-damage|p2a: Landorus|66/100
|-enditem|p2a: Landorus|Leftovers|[from] move: Knock Off|[of] p1a: Tornadus
|
|upkeep
|turn|24
|
|t:|1652499471
|move|p1a: Tornadus|U-turn|p2a: Landorus
|-resisted|p2a: Landorus
|-damage|p2a: Landorus|63/100
|
|t:|1652499473
|switch|p1a: Landorus|Landorus-Therian, M|100/100|[from]move: U-turn
|-damage|p1a: Landorus|88/100|[from] Stealth Rock
|-ability|p1a: Landorus|Intimidate|boost
|-unboost|p2a: Landorus|atk|1
|move|p2a: Landorus|U-turn|p1a: Landorus
|-resisted|p1a: Landorus
|-damage|p1a: Landorus|82/100
|
|t:|1652499476
|switch|p2a: Mandibuzz|Mandibuzz, F|43/100|[from]move: U-turn
|
|-heal|p1a: Landorus|88/100|[from] item: Leftovers
|-fieldend|move: Psychic Terrain
|upkeep
|turn|25
|
|t:|1652499479
|move|p1a: Landorus|Toxic|p2a: Mandibuzz|[miss]
|-miss|p1a: Landorus|p2a: Mandibuzz
|move|p2a: Mandibuzz|Foul Play|p1a: Landorus
|-damage|p1a: Landorus|57/100
|
|-heal|p1a: Landorus|63/100|[from] item: Leftovers
|upkeep
|turn|26
|
|t:|1652499486
|move|p1a: Landorus|Stealth Rock|p2a: Mandibuzz
|-sidestart|p2: Batataplays|move: Stealth Rock
|move|p2a: Mandibuzz|Roost|p2a: Mandibuzz
|-heal|p2a: Mandibuzz|93/100
|-singleturn|p2a: Mandibuzz|move: Roost
|
|-heal|p1a: Landorus|69/100|[from] item: Leftovers
|upkeep
|turn|27
|
|t:|1652499490
|move|p1a: Landorus|Toxic|p2a: Mandibuzz
|-status|p2a: Mandibuzz|tox
|move|p2a: Mandibuzz|Foul Play|p1a: Landorus
|-damage|p1a: Landorus|33/100
|
|-heal|p1a: Landorus|39/100|[from] item: Leftovers
|-damage|p2a: Mandibuzz|87/100 tox|[from] psn
|upkeep
|turn|28
|
|t:|1652499493
|move|p1a: Landorus|U-turn|p2a: Mandibuzz
|-damage|p2a: Mandibuzz|73/100 tox
|
|t:|1652499496
|switch|p1a: Tornadus|Tornadus-Therian, M|49/100|[from]move: U-turn
|move|p2a: Mandibuzz|U-turn|p1a: Tornadus
|-resisted|p1a: Tornadus
|-damage|p1a: Tornadus|43/100
|
|t:|1652499499
|switch|p2a: Landorus|Landorus-Therian, M|63/100|[from]move: U-turn
|-damage|p2a: Landorus|50/100|[from] Stealth Rock
|-ability|p2a: Landorus|Intimidate|boost
|-unboost|p1a: Tornadus|atk|1
|
|upkeep
|turn|29
|j| 50 at max
|
|t:|1652499504
|move|p1a: Tornadus|U-turn|p2a: Landorus
|-resisted|p2a: Landorus
|-damage|p2a: Landorus|47/100
|
|t:|1652499506
|switch|p1a: Heatran|Heatran, M|100/100|[from]move: U-turn
|-damage|p1a: Heatran|88/100|[from] Stealth Rock
|move|p2a: Landorus|Toxic|p1a: Heatran
|-immune|p1a: Heatran
|
|-heal|p1a: Heatran|94/100|[from] item: Leftovers
|upkeep
|turn|30
|
|t:|1652499515
|switch|p1a: Tornadus|Tornadus-Therian, M|76/100
|move|p2a: Landorus|U-turn|p1a: Tornadus
|-resisted|p1a: Tornadus
|-damage|p1a: Tornadus|63/100
|
|t:|1652499518
|switch|p2a: Mandibuzz|Mandibuzz, F|73/100 tox|[from]move: U-turn
|
|-damage|p2a: Mandibuzz|67/100 tox|[from] psn
|upkeep
|turn|31
|
|t:|1652499523
|move|p1a: Tornadus|U-turn|p2a: Mandibuzz
|-damage|p2a: Mandibuzz|57/100 tox
|
|t:|1652499534
|switch|p1a: Heatran|Heatran, M|94/100|[from]move: U-turn
|-damage|p1a: Heatran|82/100|[from] Stealth Rock
|move|p2a: Mandibuzz|Foul Play|p1a: Heatran
|-damage|p1a: Heatran|60/100
|
|-heal|p1a: Heatran|66/100|[from] item: Leftovers
|-damage|p2a: Mandibuzz|45/100 tox|[from] psn
|upkeep
|turn|32
|
|t:|1652499538
|move|p2a: Mandibuzz|Defog|p1a: Heatran
|-unboost|p1a: Heatran|evasion|1
|-sideend|p1: RCRover|Stealth Rock|[from] move: Defog|[of] p2a: Mandibuzz
|-sideend|p2: Batataplays|Spikes|[from] move: Defog|[of] p2a: Mandibuzz
|-sideend|p2: Batataplays|Stealth Rock|[from] move: Defog|[of] p2a: Mandibuzz
|move|p1a: Heatran|Taunt|p2a: Mandibuzz
|-start|p2a: Mandibuzz|move: Taunt
|
|-heal|p1a: Heatran|72/100|[from] item: Leftovers
|-damage|p2a: Mandibuzz|27/100 tox|[from] psn
|upkeep
|turn|33
|
|t:|1652499542
|move|p2a: Mandibuzz|U-turn|p1a: Heatran
|-resisted|p1a: Heatran
|-damage|p1a: Heatran|70/100
|
|t:|1652499543
|switch|p2a: Landorus|Landorus-Therian, M|47/100|[from]move: U-turn
|-ability|p2a: Landorus|Intimidate|boost
|-unboost|p1a: Heatran|atk|1
|move|p1a: Heatran|Magma Storm|p2a: Landorus
|-damage|p2a: Landorus|0 fnt
|faint|p2a: Landorus
|
|-heal|p1a: Heatran|76/100|[from] item: Leftovers
|upkeep
|
|t:|1652499546
|switch|p2a: Tapu Lele|Tapu Lele|22/100
|-fieldstart|move: Psychic Terrain|[from] ability: Psychic Surge|[of] p2a: Tapu Lele
|turn|34
|
|t:|1652499549
|move|p2a: Tapu Lele|Moonblast|p1a: Heatran
|-resisted|p1a: Heatran
|-damage|p1a: Heatran|68/100
|move|p1a: Heatran|Earth Power|p2a: Tapu Lele
|-damage|p2a: Tapu Lele|0 fnt
|faint|p2a: Tapu Lele
|
|-heal|p1a: Heatran|74/100|[from] item: Leftovers
|upkeep
|-message|Batataplays forfeited.
|
|win|RCRover
|raw|RCRover's rating: 1699 &rarr; <strong>1720</strong><br />(+21 for winning)
|raw|Batataplays's rating: 1713 &rarr; <strong>1692</strong><br />(-21 for losing)
|l|☆Batataplays
