|html|<div class="broadcast-blue"><strong>[Gen 8] OU is currently suspecting Melmetal! For information on how to participate check out the <a href="https://www.smogon.com/forums/threads/np-ss-ou-suspect-process-round-12-monster-mash.3709234/">suspect thread</a>.</strong></div>
|j|☆LolzMachine
|j|☆mowlawner-bot
|t:|1665667562
|gametype|singles
|player|p1|LolzMachine|1|1450
|player|p2|mowlawner-bot|2|1442
|teamsize|p1|6
|teamsize|p2|6
|gen|8
|tier|[Gen 8] OU
|rated|
|rule|Sleep Clause Mod: Limit one foe put to sleep
|rule|Species Clause: Limit one of each Pokémon
|rule|OHKO Clause: OHKO moves are banned
|rule|Evasion Items Clause: Evasion items are banned
|rule|Evasion Moves Clause: Evasion moves are banned
|rule|Endless Battle Clause: Forcing endless battles is banned
|rule|HP Percentage Mod: HP is shown in percentages
|rule|Dynamax Clause: You cannot dynamax
|clearpoke
|poke|p1|Vanilluxe, F|
|poke|p1|Weavile, F|
|poke|p1|Garchomp, F|
|poke|p1|Blacephalon|
|poke|p1|Heatran, M|
|poke|p1|Rotom-Wash|
|poke|p2|Seismitoad, M|
|poke|p2|Rotom-Heat|
|poke|p2|Corviknight, M|
|poke|p2|Hatterene, F|
|poke|p2|Dragapult, M|
|poke|p2|Hippowdon, F|
|teampreview
|
|t:|1665667578
|start
|switch|p1a: Rotom|Rotom-Wash|100/100
|switch|p2a: Hippowdon|Hippowdon, F|100/100
|-weather|Sandstorm|[from] ability: Sand Stream|[of] p2a: Hippowdon
|turn|1
|c|☆mowlawner-bot|Hello! I am a bot created to test my creator's coding ability. I may do some strange things during this battle. I cannot respond to your messages. Good luck and have fun!
|inactive|Battle timer is ON: inactive players will automatically lose when time's up. (requested by mowlawner-bot)
|
|t:|1665667602
|move|p1a: Rotom|Hydro Pump|p2a: Hippowdon
|-supereffective|p2a: Hippowdon
|-damage|p2a: Hippowdon|0 fnt
|faint|p2a: Hippowdon
|
|-weather|Sandstorm|[upkeep]
|-damage|p1a: Rotom|94/100|[from] Sandstorm
|upkeep
|
|t:|1665667604
|switch|p2a: Seismitoad|Seismitoad, M|100/100
|turn|2
|
|t:|1665667610
|move|p1a: Rotom|Will-O-Wisp|p2a: Seismitoad|[miss]
|-miss|p1a: Rotom|p2a: Seismitoad
|move|p2a: Seismitoad|Liquidation|p1a: Rotom
|-resisted|p1a: Rotom
|-damage|p1a: Rotom|53/100
|-damage|p2a: Seismitoad|84/100|[from] item: Rocky Helmet|[of] p1a: Rotom
|
|-weather|Sandstorm|[upkeep]
|-damage|p1a: Rotom|47/100|[from] Sandstorm
|upkeep
|turn|3
|
|t:|1665667624
|switch|p1a: Garchomp|Garchomp, F|100/100
|move|p2a: Seismitoad|Liquidation|p1a: Garchomp
|-damage|p1a: Garchomp|53/100
|-unboost|p1a: Garchomp|def|1
|-damage|p2a: Seismitoad|72/100|[from] ability: Rough Skin|[of] p1a: Garchomp
|-damage|p2a: Seismitoad|55/100|[from] item: Rocky Helmet|[of] p1a: Garchomp
|
|-weather|Sandstorm|[upkeep]
|upkeep
|turn|4
|
|t:|1665667642
|switch|p2a: Corviknight|Corviknight, M|100/100
|-ability|p2a: Corviknight|Pressure
|move|p1a: Garchomp|Earthquake|p2a: Corviknight
|-immune|p2a: Corviknight
|
|-weather|Sandstorm|[upkeep]
|upkeep
|turn|5
|
|t:|1665667644
|move|p1a: Garchomp|Stealth Rock|p2a: Corviknight
|-sidestart|p2: mowlawner-bot|move: Stealth Rock
|move|p2a: Corviknight|Iron Head|p1a: Garchomp
|-damage|p1a: Garchomp|24/100
|-damage|p2a: Corviknight|88/100|[from] ability: Rough Skin|[of] p1a: Garchomp
|-damage|p2a: Corviknight|71/100|[from] item: Rocky Helmet|[of] p1a: Garchomp
|
|-weather|none
|-heal|p2a: Corviknight|78/100|[from] item: Leftovers
|upkeep
|turn|6
|
|t:|1665667647
|move|p1a: Garchomp|Fire Blast|p2a: Corviknight
|-supereffective|p2a: Corviknight
|-damage|p2a: Corviknight|43/100
|move|p2a: Corviknight|Defog|p1a: Garchomp
|-unboost|p1a: Garchomp|evasion|1
|-sideend|p2: mowlawner-bot|Stealth Rock|[from] move: Defog|[of] p2a: Corviknight
|
|-heal|p2a: Corviknight|49/100|[from] item: Leftovers
|upkeep
|turn|7
|
|t:|1665667653
|move|p1a: Garchomp|Stealth Rock|p2a: Corviknight
|-sidestart|p2: mowlawner-bot|move: Stealth Rock
|move|p2a: Corviknight|Roost|p2a: Corviknight
|-heal|p2a: Corviknight|99/100
|-singleturn|p2a: Corviknight|move: Roost
|
|-heal|p2a: Corviknight|100/100|[from] item: Leftovers
|upkeep
|turn|8
|
|t:|1665667656
|move|p2a: Corviknight|Defog|p1a: Garchomp
|-unboost|p1a: Garchomp|evasion|1
|-sideend|p2: mowlawner-bot|Stealth Rock|[from] move: Defog|[of] p2a: Corviknight
|move|p1a: Garchomp|Dragon Tail|p2a: Corviknight
|-resisted|p2a: Corviknight
|-damage|p2a: Corviknight|92/100
|drag|p2a: rotomheat|Rotom-Heat|100/100
|
|upkeep
|turn|9
|
|t:|1665667659
|move|p2a: rotomheat|Overheat|p1a: Garchomp
|-resisted|p1a: Garchomp
|-damage|p1a: Garchomp|0 fnt
|-unboost|p2a: rotomheat|spa|2
|faint|p1a: Garchomp
|
|upkeep
|
|t:|1665667666
|switch|p1a: Blacephalon|Blacephalon|100/100
|turn|10
|
|t:|1665667668
|switch|p2a: Seismitoad|Seismitoad, M|55/100
|move|p1a: Blacephalon|Substitute|p1a: Blacephalon
|-start|p1a: Blacephalon|Substitute
|-damage|p1a: Blacephalon|75/100
|
|upkeep
|turn|11
|
|t:|1665667670
|move|p1a: Blacephalon|Shadow Ball|p2a: Seismitoad
|-damage|p2a: Seismitoad|0 fnt
|faint|p2a: Seismitoad
|-ability|p1a: Blacephalon|Beast Boost|boost
|-boost|p1a: Blacephalon|spa|1
|
|upkeep
|
|t:|1665667670
|switch|p2a: Dragapult|Dragapult, M|100/100
|turn|12
|
|t:|1665667677
|switch|p1a: Rotom|Rotom-Wash|47/100
|move|p2a: Dragapult|Shadow Ball|p1a: Rotom
|-damage|p1a: Rotom|0 fnt
|faint|p1a: Rotom
|
|upkeep
|
|t:|1665667681
|switch|p1a: Weavile|Weavile, F|100/100
|turn|13
|
|t:|1665667683
|switch|p2a: Corviknight|Corviknight, M|92/100
|-ability|p2a: Corviknight|Pressure
|move|p1a: Weavile|Knock Off|p2a: Corviknight
|-damage|p2a: Corviknight|62/100
|-enditem|p2a: Corviknight|Leftovers|[from] move: Knock Off|[of] p1a: Weavile
|
|upkeep
|turn|14
|
|t:|1665667686
|switch|p1a: Heatran|Heatran, M|100/100
|move|p2a: Corviknight|Roost|p2a: Corviknight
|-heal|p2a: Corviknight|100/100
|-singleturn|p2a: Corviknight|move: Roost
|
|upkeep
|turn|15
|
|t:|1665667689
|switch|p2a: rotomheat|Rotom-Heat|100/100
|move|p1a: Heatran|Lava Plume|p2a: rotomheat
|-resisted|p2a: rotomheat
|-damage|p2a: rotomheat|79/100
|
|upkeep
|turn|16
|
|t:|1665667692
|move|p2a: rotomheat|Volt Switch|p1a: Heatran
|-damage|p1a: Heatran|74/100
|
|t:|1665667693
|switch|p2a: Dragapult|Dragapult, M|100/100|[from]move: Volt Switch
|move|p1a: Heatran|Lava Plume|p2a: Dragapult
|-resisted|p2a: Dragapult
|-damage|p2a: Dragapult|79/100
|
|upkeep
|turn|17
|
|t:|1665667699
|move|p2a: Dragapult|Shadow Ball|p1a: Heatran
|-damage|p1a: Heatran|22/100
|move|p1a: Heatran|Earth Power|p2a: Dragapult
|-damage|p2a: Dragapult|45/100
|
|upkeep
|turn|18
|
|t:|1665667720
|switch|p1a: Weavile|Weavile, F|100/100
|move|p2a: Dragapult|Shadow Ball|p1a: Weavile
|-resisted|p1a: Weavile
|-damage|p1a: Weavile|61/100
|
|upkeep
|turn|19
|
|t:|1665667730
|switch|p1a: Vanilluxe|Vanilluxe, F|100/100
|-weather|Hail|[from] ability: Snow Warning|[of] p1a: Vanilluxe
|switch|p2a: Corviknight|Corviknight, M|100/100
|-ability|p2a: Corviknight|Pressure
|
|-weather|Hail|[upkeep]
|-damage|p2a: Corviknight|94/100|[from] Hail
|upkeep
|turn|20
|
|t:|1665667735
|move|p1a: Vanilluxe|Aurora Veil|p1a: Vanilluxe
|-sidestart|p1: LolzMachine|move: Aurora Veil
|move|p2a: Corviknight|Iron Head|p1a: Vanilluxe
|-supereffective|p1a: Vanilluxe
|-damage|p1a: Vanilluxe|66/100
|
|-weather|Hail|[upkeep]
|-damage|p2a: Corviknight|88/100|[from] Hail
|upkeep
|turn|21
|
|t:|1665667738
|move|p1a: Vanilluxe|Blizzard|p2a: Corviknight
|-damage|p2a: Corviknight|35/100
|move|p2a: Corviknight|Defog|p1a: Vanilluxe
|-unboost|p1a: Vanilluxe|evasion|1
|-sideend|p1: LolzMachine|move: Aurora Veil
|
|-weather|Hail|[upkeep]
|-damage|p2a: Corviknight|29/100|[from] Hail
|upkeep
|turn|22
|
|t:|1665667743
|switch|p2a: rotomheat|Rotom-Heat|79/100
|move|p1a: Vanilluxe|Blizzard|p2a: rotomheat
|-resisted|p2a: rotomheat
|-damage|p2a: rotomheat|42/100
|
|-weather|Hail|[upkeep]
|-damage|p2a: rotomheat|35/100|[from] Hail
|upkeep
|turn|23
|
|t:|1665667749
|switch|p1a: Heatran|Heatran, M|22/100
|move|p2a: rotomheat|Volt Switch|p1a: Heatran
|-damage|p1a: Heatran|0 fnt
|faint|p1a: Heatran
|
|t:|1665667749
|switch|p2a: Corviknight|Corviknight, M|29/100|[from]move: Volt Switch
|-ability|p2a: Corviknight|Pressure
|
|-weather|none
|upkeep
|
|t:|1665667754
|switch|p1a: Vanilluxe|Vanilluxe, F|66/100
|-weather|Hail|[from] ability: Snow Warning|[of] p1a: Vanilluxe
|turn|24
|
|t:|1665667761
|switch|p2a: Hatterene|Hatterene, F|100/100
|move|p1a: Vanilluxe|Aurora Veil|p1a: Vanilluxe
|-sidestart|p1: LolzMachine|move: Aurora Veil
|
|-weather|Hail|[upkeep]
|-damage|p2a: Hatterene|95/100|[from] Hail
|upkeep
|turn|25
|
|t:|1665667763
|move|p1a: Vanilluxe|Blizzard|p2a: Hatterene
|-damage|p2a: Hatterene|60/100
|move|p2a: Hatterene|Draining Kiss|p1a: Vanilluxe
|-damage|p1a: Vanilluxe|50/100
|-heal|p2a: Hatterene|71/100|[from] drain|[of] p1a: Vanilluxe
|
|-weather|Hail|[upkeep]
|-damage|p2a: Hatterene|65/100|[from] Hail
|upkeep
|turn|26
|
|t:|1665667767
|move|p1a: Vanilluxe|Blizzard|p2a: Hatterene
|-damage|p2a: Hatterene|28/100
|move|p2a: Hatterene|Mystical Fire|p1a: Vanilluxe
|-supereffective|p1a: Vanilluxe
|-damage|p1a: Vanilluxe|17/100
|-unboost|p1a: Vanilluxe|spa|1
|
|-weather|Hail|[upkeep]
|-damage|p2a: Hatterene|22/100|[from] Hail
|upkeep
|turn|27
|
|t:|1665667769
|move|p1a: Vanilluxe|Blizzard|p2a: Hatterene
|-damage|p2a: Hatterene|0 fnt
|faint|p2a: Hatterene
|
|-weather|Hail|[upkeep]
|upkeep
|
|t:|1665667769
|switch|p2a: Dragapult|Dragapult, M|45/100
|turn|28
|
|t:|1665667772
|move|p2a: Dragapult|Draco Meteor|p1a: Vanilluxe
|-damage|p1a: Vanilluxe|0 fnt
|-unboost|p2a: Dragapult|spa|2
|faint|p1a: Vanilluxe
|
|-weather|none
|-sideend|p1: LolzMachine|move: Aurora Veil
|upkeep
|
|t:|1665667779
|switch|p1a: Blacephalon|Blacephalon|75/100
|turn|29
|
|t:|1665667786
|move|p2a: Dragapult|Draco Meteor|p1a: Blacephalon
|-damage|p1a: Blacephalon|0 fnt
|-unboost|p2a: Dragapult|spa|2
|faint|p1a: Blacephalon
|
|upkeep
|
|t:|1665667789
|switch|p1a: Weavile|Weavile, F|61/100
|turn|30
|
|t:|1665667804
|switch|p2a: rotomheat|Rotom-Heat|35/100
|move|p1a: Weavile|Swords Dance|p1a: Weavile
|-boost|p1a: Weavile|atk|2
|
|upkeep
|turn|31
|
|t:|1665667811
|move|p2a: rotomheat|Overheat|p1a: Weavile
|-supereffective|p1a: Weavile
|-damage|p1a: Weavile|0 fnt
|-unboost|p2a: rotomheat|spa|2
|faint|p1a: Weavile
|
|win|mowlawner-bot
|raw|LolzMachine's rating: 1450 &rarr; <strong>1430</strong><br />(-20 for losing)
|raw|mowlawner-bot's rating: 1442 &rarr; <strong>1462</strong><br />(+20 for winning)
|c|☆mowlawner-bot|Thanks for playing against me!
