|j|☆Chikami
|j|☆AI Synthesis
|t:|1638055974
|gametype|singles
|player|p1|Chikami|ethan|1769
|player|p2|AI Synthesis|bellelba|1678
|teamsize|p1|6
|teamsize|p2|6
|gen|8
|tier|[Gen 8] OU
|rated|
|rule|Sleep Clause Mod: Limit one foe put to sleep
|rule|Species Clause: Limit one of each Pokémon
|rule|OHKO Clause: OHKO moves are banned
|rule|Evasion Moves Clause: Evasion moves are banned
|rule|Endless Battle Clause: Forcing endless battles is banned
|rule|HP Percentage Mod: HP is shown in percentages
|rule|Dynamax Clause: You cannot dynamax
|clearpoke
|poke|p1|Pelipper, F|
|poke|p1|Ferrothorn, F|
|poke|p1|Dragapult, M|
|poke|p1|Bisharp, M|
|poke|p1|Barraskewda, F|
|poke|p1|Scolipede, M|
|poke|p2|Arctozolt|
|poke|p2|Corviknight, M|
|poke|p2|Landorus-Therian, M|
|poke|p2|Ninetales-Alola, M|
|poke|p2|Tornadus-Therian, M|
|poke|p2|Volcanion|
|teampreview
|j| Kardis
|
|t:|1638055995
|start
|switch|p1a: Barraskewda|Barraskewda, F|100/100
|switch|p2a: Volcanion|Volcanion|100/100
|turn|1
|
|t:|1638056003
|switch|p1a: Pelipper|Pelipper, F|100/100
|-weather|RainDance|[from] ability: Drizzle|[of] p1a: Pelipper
|switch|p2a: Corviknight|Corviknight, M|100/100
|-ability|p2a: Corviknight|Pressure
|
|-weather|RainDance|[upkeep]
|upkeep
|turn|2
|
|t:|1638056012
|switch|p2a: Ninetales|Ninetales-Alola, M|100/100
|-weather|Hail|[from] ability: Snow Warning|[of] p2a: Ninetales
|move|p1a: Pelipper|U-turn|p2a: Ninetales
|-resisted|p2a: Ninetales
|-damage|p2a: Ninetales|94/100
|
|t:|1638056029
|switch|p1a: Ferrothorn|Ferrothorn, F|100/100|[from]move: U-turn
|
|-weather|Hail|[upkeep]
|-damage|p1a: Ferrothorn|95/100|[from] Hail
|upkeep
|turn|3
|
|t:|1638056045
|switch|p2a: Tornadus|Tornadus-Therian, M|100/100
|move|p1a: Ferrothorn|Stealth Rock|p2a: Tornadus
|-sidestart|p2: AI Synthesis|move: Stealth Rock
|
|-weather|Hail|[upkeep]
|-damage|p2a: Tornadus|94/100|[from] Hail
|-damage|p1a: Ferrothorn|89/100|[from] Hail
|upkeep
|turn|4
|
|t:|1638056062
|switch|p1a: Pelipper|Pelipper, F|100/100
|-weather|RainDance|[from] ability: Drizzle|[of] p1a: Pelipper
|move|p2a: Tornadus|U-turn|p1a: Pelipper
|-resisted|p1a: Pelipper
|-damage|p1a: Pelipper|95/100
|
|t:|1638056080
|switch|p2a: Ninetales|Ninetales-Alola, M|94/100|[from]move: U-turn
|-damage|p2a: Ninetales|69/100|[from] Stealth Rock
|-weather|Hail|[from] ability: Snow Warning|[of] p2a: Ninetales
|
|-weather|Hail|[upkeep]
|-damage|p1a: Pelipper|89/100|[from] Hail
|upkeep
|turn|5
|
|t:|1638056088
|switch|p2a: Corviknight|Corviknight, M|100/100
|-damage|p2a: Corviknight|88/100|[from] Stealth Rock
|-ability|p2a: Corviknight|Pressure
|switch|p1a: Ferrothorn|Ferrothorn, F|89/100
|
|-weather|Hail|[upkeep]
|-damage|p2a: Corviknight|82/100|[from] Hail
|-damage|p1a: Ferrothorn|83/100|[from] Hail
|upkeep
|turn|6
|
|t:|1638056099
|move|p2a: Corviknight|Defog|p1a: Ferrothorn
|-unboost|p1a: Ferrothorn|evasion|1
|-sideend|p2: AI Synthesis|Stealth Rock|[from] move: Defog|[of] p2a: Corviknight
|move|p1a: Ferrothorn|Knock Off|p2a: Corviknight
|-damage|p2a: Corviknight|69/100
|-damage|p1a: Ferrothorn|66/100|[from] item: Rocky Helmet|[of] p2a: Corviknight
|-enditem|p2a: Corviknight|Rocky Helmet|[from] move: Knock Off|[of] p1a: Ferrothorn
|
|-weather|Hail|[upkeep]
|-damage|p2a: Corviknight|63/100|[from] Hail
|-damage|p1a: Ferrothorn|60/100|[from] Hail
|upkeep
|turn|7
|
|t:|1638056104
|move|p2a: Corviknight|Roost|p2a: Corviknight
|-heal|p2a: Corviknight|100/100
|-singleturn|p2a: Corviknight|move: Roost
|move|p1a: Ferrothorn|Stealth Rock|p2a: Corviknight
|-sidestart|p2: AI Synthesis|move: Stealth Rock
|
|-weather|Hail|[upkeep]
|-damage|p2a: Corviknight|94/100|[from] Hail
|-damage|p1a: Ferrothorn|54/100|[from] Hail
|upkeep
|turn|8
|
|t:|1638056118
|move|p2a: Corviknight|Defog|p1a: Ferrothorn
|-unboost|p1a: Ferrothorn|evasion|1
|-sideend|p2: AI Synthesis|Stealth Rock|[from] move: Defog|[of] p2a: Corviknight
|move|p1a: Ferrothorn|Body Press|p2a: Corviknight
|-damage|p2a: Corviknight|77/100
|
|-weather|Hail|[upkeep]
|-damage|p2a: Corviknight|71/100|[from] Hail
|-damage|p1a: Ferrothorn|48/100|[from] Hail
|upkeep
|turn|9
|
|t:|1638056124
|move|p2a: Corviknight|Roost|p2a: Corviknight
|-heal|p2a: Corviknight|100/100
|-singleturn|p2a: Corviknight|move: Roost
|move|p1a: Ferrothorn|Stealth Rock|p2a: Corviknight
|-sidestart|p2: AI Synthesis|move: Stealth Rock
|
|-weather|Hail|[upkeep]
|-damage|p2a: Corviknight|94/100|[from] Hail
|-damage|p1a: Ferrothorn|42/100|[from] Hail
|upkeep
|turn|10
|j| H347R4N
|
|t:|1638056131
|move|p2a: Corviknight|Defog|p1a: Ferrothorn
|-unboost|p1a: Ferrothorn|evasion|1
|-sideend|p2: AI Synthesis|Stealth Rock|[from] move: Defog|[of] p2a: Corviknight
|move|p1a: Ferrothorn|Body Press|p2a: Corviknight
|-damage|p2a: Corviknight|76/100
|
|-weather|Hail|[upkeep]
|-damage|p2a: Corviknight|70/100|[from] Hail
|-damage|p1a: Ferrothorn|36/100|[from] Hail
|upkeep
|turn|11
|
|t:|1638056134
|move|p2a: Corviknight|Roost|p2a: Corviknight
|-heal|p2a: Corviknight|100/100
|-singleturn|p2a: Corviknight|move: Roost
|move|p1a: Ferrothorn|Stealth Rock|p2a: Corviknight
|-sidestart|p2: AI Synthesis|move: Stealth Rock
|
|-weather|none
|upkeep
|turn|12
|
|t:|1638056137
|move|p2a: Corviknight|Defog|p1a: Ferrothorn
|-unboost|p1a: Ferrothorn|evasion|1
|-sideend|p2: AI Synthesis|Stealth Rock|[from] move: Defog|[of] p2a: Corviknight
|move|p1a: Ferrothorn|Body Press|p2a: Corviknight
|-damage|p2a: Corviknight|81/100
|
|upkeep
|turn|13
|
|t:|1638056142
|switch|p2a: Volcanion|Volcanion|100/100
|move|p1a: Ferrothorn|Stealth Rock|p2a: Volcanion
|-sidestart|p2: AI Synthesis|move: Stealth Rock
|
|upkeep
|turn|14
|
|t:|1638056151
|switch|p1a: Dragapult|Dragapult, M|100/100
|move|p2a: Volcanion|Steam Eruption|p1a: Dragapult
|-resisted|p1a: Dragapult
|-damage|p1a: Dragapult|40/100
|-status|p1a: Dragapult|brn
|
|-damage|p1a: Dragapult|34/100 brn|[from] brn
|upkeep
|turn|15
|
|t:|1638056160
|switch|p2a: Landorus|Landorus-Therian, M|100/100
|-damage|p2a: Landorus|88/100|[from] Stealth Rock
|-ability|p2a: Landorus|Intimidate|boost
|-unboost|p1a: Dragapult|atk|1
|move|p1a: Dragapult|Draco Meteor|p2a: Landorus
|-damage|p2a: Landorus|25/100
|-unboost|p1a: Dragapult|spa|2
|
|-heal|p2a: Landorus|31/100|[from] item: Leftovers
|-damage|p1a: Dragapult|28/100 brn|[from] brn
|upkeep
|turn|16
|
|t:|1638056179
|move|p1a: Dragapult|Draco Meteor|p2a: Landorus
|-damage|p2a: Landorus|2/100
|-unboost|p1a: Dragapult|spa|2
|move|p2a: Landorus|Defog|p1a: Dragapult
|-unboost|p1a: Dragapult|evasion|1
|-sideend|p2: AI Synthesis|Stealth Rock|[from] move: Defog|[of] p2a: Landorus
|
|-heal|p2a: Landorus|8/100|[from] item: Leftovers
|-damage|p1a: Dragapult|22/100 brn|[from] brn
|upkeep
|turn|17
|
|t:|1638056200
|switch|p1a: Ferrothorn|Ferrothorn, F|36/100
|switch|p2a: Ninetales|Ninetales-Alola, M|69/100
|-weather|Hail|[from] ability: Snow Warning|[of] p2a: Ninetales
|
|-weather|Hail|[upkeep]
|-damage|p1a: Ferrothorn|30/100|[from] Hail
|upkeep
|turn|18
|
|t:|1638056209
|switch|p2a: Corviknight|Corviknight, M|81/100
|-ability|p2a: Corviknight|Pressure
|move|p1a: Ferrothorn|Stealth Rock|p2a: Corviknight
|-sidestart|p2: AI Synthesis|move: Stealth Rock
|
|-weather|Hail|[upkeep]
|-damage|p2a: Corviknight|74/100|[from] Hail
|-damage|p1a: Ferrothorn|24/100|[from] Hail
|upkeep
|turn|19
|
|t:|1638056218
|switch|p1a: Bisharp|Bisharp, M|100/100
|move|p2a: Corviknight|Body Press|p1a: Bisharp
|-supereffective|p1a: Bisharp
|-damage|p1a: Bisharp|0 fnt
|faint|p1a: Bisharp
|
|-weather|Hail|[upkeep]
|-damage|p2a: Corviknight|68/100|[from] Hail
|upkeep
|
|t:|1638056228
|switch|p1a: Dragapult|Dragapult, M|22/100 brn
|turn|20
|j| zxczxczxcvbn
|
|t:|1638056239
|switch|p2a: Landorus|Landorus-Therian, M|8/100
|-damage|p2a: Landorus|0 fnt|[from] Stealth Rock
|faint|p2a: Landorus
|move|p1a: Dragapult|Shadow Ball|p2: Landorus|[notarget]
|-fail|p1a: Dragapult
|
|-weather|Hail|[upkeep]
|-damage|p1a: Dragapult|16/100 brn|[from] Hail
|-damage|p1a: Dragapult|10/100 brn|[from] brn
|upkeep
|
|t:|1638056242
|switch|p2a: Tornadus|Tornadus-Therian, M|100/100
|-damage|p2a: Tornadus|76/100|[from] Stealth Rock
|turn|21
|
|t:|1638056264
|switch|p1a: Ferrothorn|Ferrothorn, F|24/100
|move|p2a: Tornadus|U-turn|p1a: Ferrothorn
|-damage|p1a: Ferrothorn|15/100
|-damage|p2a: Tornadus|63/100|[from] ability: Iron Barbs|[of] p1a: Ferrothorn
|
|t:|1638056269
|switch|p2a: Corviknight|Corviknight, M|68/100|[from]move: U-turn
|-damage|p2a: Corviknight|56/100|[from] Stealth Rock
|-ability|p2a: Corviknight|Pressure
|
|-weather|Hail|[upkeep]
|-damage|p2a: Corviknight|49/100|[from] Hail
|-damage|p1a: Ferrothorn|9/100|[from] Hail
|upkeep
|turn|22
|j| ccrespo85
|
|t:|1638056278
|switch|p1a: Dragapult|Dragapult, M|10/100 brn
|move|p2a: Corviknight|Roost|p2a: Corviknight
|-heal|p2a: Corviknight|99/100
|-singleturn|p2a: Corviknight|move: Roost
|
|-weather|Hail|[upkeep]
|-damage|p1a: Dragapult|4/100 brn|[from] Hail
|-damage|p2a: Corviknight|93/100|[from] Hail
|-damage|p1a: Dragapult|0 fnt|[from] brn
|faint|p1a: Dragapult
|upkeep
|
|t:|1638056283
|switch|p1a: Pelipper|Pelipper, F|89/100
|-weather|RainDance|[from] ability: Drizzle|[of] p1a: Pelipper
|turn|23
|
|t:|1638056289
|switch|p2a: Ninetales|Ninetales-Alola, M|69/100
|-damage|p2a: Ninetales|44/100|[from] Stealth Rock
|-weather|Hail|[from] ability: Snow Warning|[of] p2a: Ninetales
|move|p1a: Pelipper|U-turn|p2a: Ninetales
|-resisted|p2a: Ninetales
|-damage|p2a: Ninetales|38/100
|l| ccrespo85
|
|t:|1638056292
|switch|p1a: Barraskewda|Barraskewda, F|100/100|[from]move: U-turn
|
|-weather|Hail|[upkeep]
|-damage|p1a: Barraskewda|94/100|[from] Hail
|upkeep
|turn|24
|
|t:|1638056312
|switch|p2a: Corviknight|Corviknight, M|93/100
|-damage|p2a: Corviknight|81/100|[from] Stealth Rock
|-ability|p2a: Corviknight|Pressure
|move|p1a: Barraskewda|Close Combat|p2a: Corviknight
|-damage|p2a: Corviknight|40/100
|-unboost|p1a: Barraskewda|def|1
|-unboost|p1a: Barraskewda|spd|1
|
|-weather|Hail|[upkeep]
|-damage|p1a: Barraskewda|88/100|[from] Hail
|-damage|p2a: Corviknight|33/100|[from] Hail
|upkeep
|turn|25
|
|t:|1638056319
|switch|p2a: Tornadus|Tornadus-Therian, M|96/100
|-damage|p2a: Tornadus|71/100|[from] Stealth Rock
|move|p1a: Barraskewda|Close Combat|p2a: Tornadus
|-resisted|p2a: Tornadus
|-crit|p2a: Tornadus
|-damage|p2a: Tornadus|21/100
|-unboost|p1a: Barraskewda|def|1
|-unboost|p1a: Barraskewda|spd|1
|
|-weather|Hail|[upkeep]
|-damage|p1a: Barraskewda|82/100|[from] Hail
|-damage|p2a: Tornadus|15/100|[from] Hail
|upkeep
|turn|26
|
|t:|1638056329
|switch|p1a: Ferrothorn|Ferrothorn, F|9/100
|move|p2a: Tornadus|Knock Off|p1a: Ferrothorn
|-damage|p1a: Ferrothorn|0 fnt
|-damage|p2a: Tornadus|2/100|[from] ability: Iron Barbs|[of] p1a: Ferrothorn
|-enditem|p1a: Ferrothorn|Chople Berry|[from] move: Knock Off|[of] p2a: Tornadus
|faint|p1a: Ferrothorn
|
|-weather|Hail|[upkeep]
|-damage|p2a: Tornadus|0 fnt|[from] Hail
|faint|p2a: Tornadus
|upkeep
|
|t:|1638056336
|switch|p2a: Arctozolt|Arctozolt|100/100
|switch|p1a: Pelipper|Pelipper, F|89/100
|-damage|p2a: Arctozolt|76/100|[from] Stealth Rock
|-weather|RainDance|[from] ability: Drizzle|[of] p1a: Pelipper
|turn|27
|
|t:|1638056366
|switch|p1a: Scolipede|Scolipede, M|100/100
|move|p2a: Arctozolt|Bolt Beak|p1a: Scolipede
|-damage|p1a: Scolipede|0 fnt
|faint|p1a: Scolipede
|
|-weather|RainDance|[upkeep]
|-heal|p2a: Arctozolt|82/100|[from] item: Leftovers
|upkeep
|
|t:|1638056370
|switch|p1a: Barraskewda|Barraskewda, F|82/100
|turn|28
|
|t:|1638056393
|switch|p2a: Corviknight|Corviknight, M|33/100
|-damage|p2a: Corviknight|21/100|[from] Stealth Rock
|-ability|p2a: Corviknight|Pressure
|move|p1a: Barraskewda|Close Combat|p2a: Corviknight
|-damage|p2a: Corviknight|0 fnt
|-unboost|p1a: Barraskewda|def|1
|-unboost|p1a: Barraskewda|spd|1
|faint|p2a: Corviknight
|
|-weather|RainDance|[upkeep]
|upkeep
|
|t:|1638056395
|switch|p2a: Ninetales|Ninetales-Alola, M|38/100
|-damage|p2a: Ninetales|13/100|[from] Stealth Rock
|-weather|Hail|[from] ability: Snow Warning|[of] p2a: Ninetales
|turn|29
|
|t:|1638056397
|switch|p2a: Volcanion|Volcanion|100/100
|-damage|p2a: Volcanion|76/100|[from] Stealth Rock
|move|p1a: Barraskewda|Close Combat|p2a: Volcanion
|-damage|p2a: Volcanion|10/100
|-unboost|p1a: Barraskewda|def|1
|-unboost|p1a: Barraskewda|spd|1
|
|-weather|Hail|[upkeep]
|-damage|p1a: Barraskewda|76/100|[from] Hail
|-damage|p2a: Volcanion|4/100|[from] Hail
|upkeep
|turn|30
|
|t:|1638056401
|move|p1a: Barraskewda|Close Combat|p2a: Volcanion
|-damage|p2a: Volcanion|0 fnt
|-unboost|p1a: Barraskewda|def|1
|-unboost|p1a: Barraskewda|spd|1
|faint|p2a: Volcanion
|
|-weather|Hail|[upkeep]
|-damage|p1a: Barraskewda|70/100|[from] Hail
|upkeep
|
|t:|1638056403
|switch|p2a: Arctozolt|Arctozolt|82/100
|-damage|p2a: Arctozolt|57/100|[from] Stealth Rock
|turn|31
|
|t:|1638056412
|switch|p1a: Pelipper|Pelipper, F|89/100
|-weather|RainDance|[from] ability: Drizzle|[of] p1a: Pelipper
|move|p2a: Arctozolt|Substitute|p2a: Arctozolt
|-start|p2a: Arctozolt|Substitute
|-damage|p2a: Arctozolt|32/100
|
|-weather|RainDance|[upkeep]
|-heal|p2a: Arctozolt|38/100|[from] item: Leftovers
|upkeep
|turn|32
|
|t:|1638056430
|move|p2a: Arctozolt|Bolt Beak|p1a: Pelipper
|-supereffective|p1a: Pelipper
|-damage|p1a: Pelipper|0 fnt
|faint|p1a: Pelipper
|
|-weather|RainDance|[upkeep]
|-heal|p2a: Arctozolt|44/100|[from] item: Leftovers
|upkeep
|
|t:|1638056433
|switch|p1a: Barraskewda|Barraskewda, F|70/100
|turn|33
|
|t:|1638056437
|move|p1a: Barraskewda|Liquidation|p2a: Arctozolt
|-end|p2a: Arctozolt|Substitute
|move|p2a: Arctozolt|Bolt Beak|p1a: Barraskewda
|-supereffective|p1a: Barraskewda
|-damage|p1a: Barraskewda|0 fnt
|faint|p1a: Barraskewda
|
|win|AI Synthesis
|raw|Chikami's rating: 1769 &rarr; <strong>1744</strong><br />(-25 for losing)
|raw|AI Synthesis's rating: 1678 &rarr; <strong>1703</strong><br />(+25 for winning)
|l|☆Chikami
