|raw|<div class="broadcast-blue"><strong>This battle is required to be public due to a player having a name starting with 'lt92pf'.</div>
|j|☆Kanye is batman
|j|☆LT92PF Lennart
|t:|1660169158
|gametype|singles
|player|p1|Kanye is batman|silver|1684
|player|p2|LT92PF Lennart|may|1720
|teamsize|p1|6
|teamsize|p2|6
|gen|8
|tier|[Gen 8] OU
|rated|
|rule|Sleep Clause Mod: Limit one foe put to sleep
|rule|Species Clause: Limit one of each Pokémon
|rule|OHKO Clause: OHKO moves are banned
|rule|Evasion Items Clause: Evasion items are banned
|rule|Evasion Moves Clause: Evasion moves are banned
|rule|Endless Battle Clause: Forcing endless battles is banned
|rule|HP Percentage Mod: HP is shown in percentages
|rule|Dynamax Clause: You cannot dynamax
|clearpoke
|poke|p1|Pelipper, F|
|poke|p1|Barraskewda, F|
|poke|p1|Ferrothorn, M|
|poke|p1|Seismitoad, F|
|poke|p1|Tapu Koko|
|poke|p1|Tornadus-Therian, M|
|poke|p2|Rillaboom, M|
|poke|p2|Dragonite, M|
|poke|p2|Weavile, F|
|poke|p2|Heatran, M|
|poke|p2|Nidoking, M|
|poke|p2|Crawdaunt, M|
|teampreview
|inactive|Battle timer is ON: inactive players will automatically lose when time's up. (requested by Kanye is batman)
|inactive|LT92PF Lennart has 120 seconds left.
|
|t:|1660169190
|start
|switch|p1a: One fish two fish|Barraskewda, F|100/100
|switch|p2a: Nidoking|Nidoking, M|100/100
|turn|1
|
|t:|1660169200
|switch|p2a: Rillaboom|Rillaboom, M|100/100
|-fieldstart|move: Grassy Terrain|[from] ability: Grassy Surge|[of] p2a: Rillaboom
|move|p1a: One fish two fish|Flip Turn|p2a: Rillaboom
|-resisted|p2a: Rillaboom
|-damage|p2a: Rillaboom|79/100
|
|t:|1660169203
|switch|p1a: Lando Black sheep|Tornadus-Therian, M|100/100|[from]move: Flip Turn
|
|-heal|p2a: Rillaboom|85/100|[from] Grassy Terrain
|upkeep
|turn|2
|
|t:|1660169218
|switch|p2a: Heatran|Heatran, M|100/100
|-item|p2a: Heatran|Air Balloon
|move|p1a: Lando Black sheep|U-turn|p2a: Heatran
|-resisted|p2a: Heatran
|-damage|p2a: Heatran|98/100
|-enditem|p2a: Heatran|Air Balloon
|
|t:|1660169226
|switch|p1a: One fish two fish|Barraskewda, F|100/100|[from]move: U-turn
|
|-heal|p2a: Heatran|100/100|[from] Grassy Terrain
|upkeep
|turn|3
|
|t:|1660169230
|switch|p2a: Rillaboom|Rillaboom, M|85/100
|move|p1a: One fish two fish|Flip Turn|p2a: Rillaboom
|-resisted|p2a: Rillaboom
|-damage|p2a: Rillaboom|62/100
|
|t:|1660169234
|switch|p1a: Lando Black sheep|Tornadus-Therian, M|100/100|[from]move: Flip Turn
|
|-heal|p2a: Rillaboom|68/100|[from] Grassy Terrain
|upkeep
|turn|4
|
|t:|1660169238
|switch|p2a: Heatran|Heatran, M|100/100
|move|p1a: Lando Black sheep|U-turn|p2a: Heatran
|-resisted|p2a: Heatran
|-damage|p2a: Heatran|98/100
|
|t:|1660169250
|switch|p1a: One fish two fish|Barraskewda, F|100/100|[from]move: U-turn
|
|-heal|p2a: Heatran|100/100|[from] Grassy Terrain
|upkeep
|turn|5
|
|t:|1660169255
|switch|p2a: Rillaboom|Rillaboom, M|68/100
|move|p1a: One fish two fish|Flip Turn|p2a: Rillaboom
|-resisted|p2a: Rillaboom
|-damage|p2a: Rillaboom|46/100
|
|t:|1660169258
|switch|p1a: Lando Black sheep|Tornadus-Therian, M|100/100|[from]move: Flip Turn
|
|-heal|p2a: Rillaboom|52/100|[from] Grassy Terrain
|-fieldend|move: Grassy Terrain
|upkeep
|turn|6
|
|t:|1660169262
|switch|p2a: Heatran|Heatran, M|100/100
|move|p1a: Lando Black sheep|U-turn|p2a: Heatran
|-resisted|p2a: Heatran
|-damage|p2a: Heatran|98/100
|
|t:|1660169265
|switch|p1a: One fish two fish|Barraskewda, F|100/100|[from]move: U-turn
|
|upkeep
|turn|7
|
|t:|1660169270
|switch|p2a: Rillaboom|Rillaboom, M|52/100
|-fieldstart|move: Grassy Terrain|[from] ability: Grassy Surge|[of] p2a: Rillaboom
|move|p1a: One fish two fish|Flip Turn|p2a: Rillaboom
|-resisted|p2a: Rillaboom
|-damage|p2a: Rillaboom|30/100
|
|t:|1660169279
|switch|p1a: Lando Black sheep|Tornadus-Therian, M|100/100|[from]move: Flip Turn
|
|-heal|p2a: Rillaboom|36/100|[from] Grassy Terrain
|upkeep
|turn|8
|
|t:|1660169282
|switch|p2a: Heatran|Heatran, M|98/100
|move|p1a: Lando Black sheep|U-turn|p2a: Heatran
|-resisted|p2a: Heatran
|-damage|p2a: Heatran|95/100
|
|t:|1660169285
|switch|p1a: One fish two fish|Barraskewda, F|100/100|[from]move: U-turn
|
|-heal|p2a: Heatran|100/100|[from] Grassy Terrain
|upkeep
|turn|9
|
|t:|1660169292
|switch|p2a: Rillaboom|Rillaboom, M|36/100
|move|p1a: One fish two fish|Flip Turn|p2a: Rillaboom
|-resisted|p2a: Rillaboom
|-damage|p2a: Rillaboom|13/100
|
|t:|1660169295
|switch|p1a: Lando Black sheep|Tornadus-Therian, M|100/100|[from]move: Flip Turn
|
|-heal|p2a: Rillaboom|19/100|[from] Grassy Terrain
|upkeep
|turn|10
|
|t:|1660169310
|switch|p2a: Heatran|Heatran, M|100/100
|move|p1a: Lando Black sheep|U-turn|p2a: Heatran
|-resisted|p2a: Heatran
|-damage|p2a: Heatran|98/100
|
|t:|1660169313
|switch|p1a: One fish two fish|Barraskewda, F|100/100|[from]move: U-turn
|
|-heal|p2a: Heatran|100/100|[from] Grassy Terrain
|upkeep
|turn|11
|c|☆LT92PF Lennart|how do u uturn 80 times and get no flame body
|
|t:|1660169333
|switch|p2a: Dragonite|Dragonite, M|100/100
|move|p1a: One fish two fish|Liquidation|p2a: Dragonite
|-resisted|p2a: Dragonite
|-damage|p2a: Dragonite|81/100
|-unboost|p2a: Dragonite|def|1
|
|-fieldend|move: Grassy Terrain
|upkeep
|turn|12
|
|t:|1660169337
|switch|p1a: Hates rain|Ferrothorn, M|100/100
|move|p2a: Dragonite|Roost|p2a: Dragonite
|-heal|p2a: Dragonite|100/100
|-singleturn|p2a: Dragonite|move: Roost
|
|upkeep
|turn|13
|
|t:|1660169340
|switch|p2a: Heatran|Heatran, M|100/100
|move|p1a: Hates rain|Leech Seed|p2a: Heatran
|-start|p2a: Heatran|move: Leech Seed
|
|-damage|p2a: Heatran|88/100|[from] Leech Seed|[of] p1a: Hates rain
|upkeep
|turn|14
|
|t:|1660169344
|switch|p1a: Big Gulp sponsor|Pelipper, F|100/100
|-weather|RainDance|[from] ability: Drizzle|[of] p1a: Big Gulp sponsor
|move|p2a: Heatran|Stealth Rock|p1a: Big Gulp sponsor
|-sidestart|p1: Kanye is batman|move: Stealth Rock
|
|-weather|RainDance|[upkeep]
|-damage|p2a: Heatran|76/100|[from] Leech Seed|[of] p1a: Big Gulp sponsor
|upkeep
|turn|15
|
|t:|1660169351
|move|p2a: Heatran|Toxic|p1a: Big Gulp sponsor
|-status|p1a: Big Gulp sponsor|tox
|move|p1a: Big Gulp sponsor|U-turn|p2a: Heatran
|-resisted|p2a: Heatran
|-crit|p2a: Heatran
|-damage|p2a: Heatran|74/100
|
|t:|1660169355
|switch|p1a: Agent ¥|Seismitoad, F, shiny|100/100|[from]move: U-turn
|-damage|p1a: Agent ¥|95/100|[from] Stealth Rock
|
|-weather|RainDance|[upkeep]
|-damage|p2a: Heatran|61/100|[from] Leech Seed|[of] p1a: Agent ¥
|-heal|p1a: Agent ¥|100/100|[silent]
|upkeep
|turn|16
|
|t:|1660169367
|switch|p2a: Rillaboom|Rillaboom, M|19/100
|-fieldstart|move: Grassy Terrain|[from] ability: Grassy Surge|[of] p2a: Rillaboom
|move|p1a: Agent ¥|Weather Ball|p2a: Rillaboom
|-resisted|p2a: Rillaboom
|-damage|p2a: Rillaboom|0 fnt
|faint|p2a: Rillaboom
|-damage|p1a: Agent ¥|91/100|[from] item: Life Orb
|
|-weather|RainDance|[upkeep]
|-heal|p1a: Agent ¥|97/100|[from] Grassy Terrain
|upkeep
|
|t:|1660169373
|switch|p2a: Dragonite|Dragonite, M|100/100
|turn|17
|
|t:|1660169377
|switch|p1a: Hates rain|Ferrothorn, M|100/100
|-damage|p1a: Hates rain|94/100|[from] Stealth Rock
|move|p2a: Dragonite|Dragon Dance|p2a: Dragonite
|-boost|p2a: Dragonite|atk|1
|-boost|p2a: Dragonite|spe|1
|
|-weather|RainDance|[upkeep]
|-heal|p1a: Hates rain|100/100|[from] Grassy Terrain
|upkeep
|turn|18
|
|t:|1660169383
|switch|p2a: Heatran|Heatran, M|61/100
|move|p1a: Hates rain|Leech Seed|p2a: Heatran
|-start|p2a: Heatran|move: Leech Seed
|
|-weather|RainDance|[upkeep]
|-heal|p2a: Heatran|67/100|[from] Grassy Terrain
|-damage|p2a: Heatran|55/100|[from] Leech Seed|[of] p1a: Hates rain
|upkeep
|turn|19
|
|t:|1660169388
|switch|p2a: Nidoking|Nidoking, M|100/100
|switch|p1a: Lando Black sheep|Tornadus-Therian, M|100/100
|
|-weather|RainDance|[upkeep]
|upkeep
|turn|20
|
|t:|1660169398
|move|p1a: Lando Black sheep|Knock Off|p2a: Nidoking
|-damage|p2a: Nidoking|71/100
|-enditem|p2a: Nidoking|Life Orb|[from] move: Knock Off|[of] p1a: Lando Black sheep
|move|p2a: Nidoking|Ice Beam|p1a: Lando Black sheep
|-supereffective|p1a: Lando Black sheep
|-damage|p1a: Lando Black sheep|28/100
|
|-weather|RainDance|[upkeep]
|-heal|p2a: Nidoking|77/100|[from] Grassy Terrain
|-fieldend|move: Grassy Terrain
|upkeep
|turn|21
|
|t:|1660169403
|switch|p2a: Heatran|Heatran, M|55/100
|move|p1a: Lando Black sheep|Defog|p2a: Heatran
|-unboost|p2a: Heatran|evasion|1
|-sideend|p1: Kanye is batman|Stealth Rock|[from] move: Defog|[of] p1a: Lando Black sheep
|
|-weather|none
|upkeep
|turn|22
|
|t:|1660169413
|move|p1a: Lando Black sheep|U-turn|p2a: Heatran
|-resisted|p2a: Heatran
|-crit|p2a: Heatran
|-damage|p2a: Heatran|51/100
|
|t:|1660169417
|switch|p1a: Big Gulp sponsor|Pelipper, F|100/100 tox|[from]move: U-turn
|-weather|RainDance|[from] ability: Drizzle|[of] p1a: Big Gulp sponsor
|move|p2a: Heatran|Stealth Rock|p1a: Big Gulp sponsor
|-sidestart|p1: Kanye is batman|move: Stealth Rock
|
|-weather|RainDance|[upkeep]
|-damage|p1a: Big Gulp sponsor|94/100 tox|[from] psn
|upkeep
|turn|23
|
|t:|1660169435
|move|p2a: Heatran|Taunt|p1a: Big Gulp sponsor
|-start|p1a: Big Gulp sponsor|move: Taunt
|move|p1a: Big Gulp sponsor|U-turn|p2a: Heatran
|-resisted|p2a: Heatran
|-damage|p2a: Heatran|50/100
|
|t:|1660169439
|switch|p1a: Lando Black sheep|Tornadus-Therian, M|61/100|[from]move: U-turn
|
|-weather|RainDance|[upkeep]
|upkeep
|turn|24
|
|t:|1660169442
|move|p1a: Lando Black sheep|Defog|p2a: Heatran
|-unboost|p2a: Heatran|evasion|1
|-sideend|p1: Kanye is batman|Stealth Rock|[from] move: Defog|[of] p1a: Lando Black sheep
|move|p2a: Heatran|Toxic|p1a: Lando Black sheep
|-status|p1a: Lando Black sheep|tox
|
|-weather|RainDance|[upkeep]
|-damage|p1a: Lando Black sheep|55/100 tox|[from] psn
|upkeep
|turn|25
|
|t:|1660169445
|move|p1a: Lando Black sheep|U-turn|p2a: Heatran
|-resisted|p2a: Heatran
|-damage|p2a: Heatran|48/100
|
|t:|1660169457
|switch|p1a: Agent ¥|Seismitoad, F, shiny|97/100|[from]move: U-turn
|move|p2a: Heatran|Stealth Rock|p1a: Agent ¥
|-sidestart|p1: Kanye is batman|move: Stealth Rock
|
|-weather|RainDance|[upkeep]
|upkeep
|turn|26
|
|t:|1660169484
|move|p1a: Agent ¥|Weather Ball|p2a: Heatran
|-supereffective|p2a: Heatran
|-damage|p2a: Heatran|0 fnt
|faint|p2a: Heatran
|-damage|p1a: Agent ¥|87/100|[from] item: Life Orb
|
|-weather|RainDance|[upkeep]
|upkeep
|
|t:|1660169489
|switch|p2a: Dragonite|Dragonite, M|100/100
|turn|27
|
|t:|1660169495
|switch|p1a: Hates rain|Ferrothorn, M|100/100
|-damage|p1a: Hates rain|94/100|[from] Stealth Rock
|move|p2a: Dragonite|Dragon Dance|p2a: Dragonite
|-boost|p2a: Dragonite|atk|1
|-boost|p2a: Dragonite|spe|1
|
|-weather|RainDance|[upkeep]
|-heal|p1a: Hates rain|100/100|[from] item: Leftovers
|upkeep
|turn|28
|
|t:|1660169498
|move|p2a: Dragonite|Dragon Dance|p2a: Dragonite
|-boost|p2a: Dragonite|atk|1
|-boost|p2a: Dragonite|spe|1
|move|p1a: Hates rain|Leech Seed|p2a: Dragonite|[miss]
|-miss|p1a: Hates rain|p2a: Dragonite
|
|-weather|RainDance|[upkeep]
|upkeep
|turn|29
|
|t:|1660169503
|move|p2a: Dragonite|Dragon Dance|p2a: Dragonite
|-boost|p2a: Dragonite|atk|1
|-boost|p2a: Dragonite|spe|1
|move|p1a: Hates rain|Leech Seed|p2a: Dragonite
|-start|p2a: Dragonite|move: Leech Seed
|
|-weather|none
|-damage|p2a: Dragonite|88/100|[from] Leech Seed|[of] p1a: Hates rain
|upkeep
|turn|30
|
|t:|1660169515
|move|p2a: Dragonite|Earthquake|p1a: Hates rain
|-damage|p1a: Hates rain|53/100
|move|p1a: Hates rain|Gyro Ball|p2a: Dragonite
|-damage|p2a: Dragonite|31/100
|
|-heal|p1a: Hates rain|60/100|[from] item: Leftovers
|-damage|p2a: Dragonite|18/100|[from] Leech Seed|[of] p1a: Hates rain
|-heal|p1a: Hates rain|71/100|[silent]
|upkeep
|turn|31
|
|t:|1660169539
|move|p2a: Dragonite|Earthquake|p1a: Hates rain
|-damage|p1a: Hates rain|23/100
|move|p1a: Hates rain|Gyro Ball|p2a: Dragonite
|-damage|p2a: Dragonite|0 fnt
|faint|p2a: Dragonite
|
|-heal|p1a: Hates rain|29/100|[from] item: Leftovers
|upkeep
|inactive|LT92PF Lennart has 120 seconds left.
|
|t:|1660169582
|switch|p2a: Weavile|Weavile, F|100/100
|-ability|p2a: Weavile|Pressure
|turn|32
|
|t:|1660169586
|move|p2a: Weavile|Knock Off|p1a: Hates rain
|-damage|p1a: Hates rain|0 fnt
|-damage|p2a: Weavile|88/100|[from] ability: Iron Barbs|[of] p1a: Hates rain
|-enditem|p1a: Hates rain|Leftovers|[from] move: Knock Off|[of] p2a: Weavile
|faint|p1a: Hates rain
|-damage|p2a: Weavile|78/100|[from] item: Life Orb
|
|upkeep
|
|t:|1660169595
|switch|p1a: Speed Overdose|Tapu Koko|100/100
|-damage|p1a: Speed Overdose|88/100|[from] Stealth Rock
|-fieldstart|move: Electric Terrain|[from] ability: Electric Surge|[of] p1a: Speed Overdose
|turn|33
|
|t:|1660169601
|switch|p2a: Nidoking|Nidoking, M|77/100
|move|p1a: Speed Overdose|Dazzling Gleam|p2a: Nidoking
|-resisted|p2a: Nidoking
|-damage|p2a: Nidoking|39/100
|
|upkeep
|turn|34
|inactive|LT92PF Lennart has 120 seconds left.
|
|t:|1660169611
|switch|p1a: Lando Black sheep|Tornadus-Therian, M|88/100 tox
|move|p2a: Nidoking|Ice Beam|p1a: Lando Black sheep
|-supereffective|p1a: Lando Black sheep
|-damage|p1a: Lando Black sheep|22/100 tox
|
|-damage|p1a: Lando Black sheep|16/100 tox|[from] psn
|upkeep
|turn|35
|inactive|LT92PF Lennart has 120 seconds left.
|
|t:|1660169622
|switch|p2a: Weavile|Weavile, F|78/100
|-ability|p2a: Weavile|Pressure
|move|p1a: Lando Black sheep|Defog|p2a: Weavile
|-unboost|p2a: Weavile|evasion|1
|-sideend|p1: Kanye is batman|Stealth Rock|[from] move: Defog|[of] p1a: Lando Black sheep
|-fieldend|move: Electric Terrain
|
|-damage|p1a: Lando Black sheep|4/100 tox|[from] psn
|upkeep
|turn|36
|inactive|LT92PF Lennart has 120 seconds left.
|
|t:|1660169630
|move|p2a: Weavile|Swords Dance|p2a: Weavile
|-boost|p2a: Weavile|atk|2
|move|p1a: Lando Black sheep|U-turn|p2a: Weavile
|-supereffective|p2a: Weavile
|-damage|p2a: Weavile|25/100
|
|t:|1660169648
|switch|p1a: Speed Overdose|Tapu Koko|88/100|[from]move: U-turn
|-fieldstart|move: Electric Terrain|[from] ability: Electric Surge|[of] p1a: Speed Overdose
|
|upkeep
|turn|37
|
|t:|1660169653
|move|p2a: Weavile|Ice Shard|p1a: Speed Overdose
|-damage|p1a: Speed Overdose|12/100
|-damage|p2a: Weavile|15/100|[from] item: Life Orb
|move|p1a: Speed Overdose|Dazzling Gleam|p2a: Weavile
|-supereffective|p2a: Weavile
|-damage|p2a: Weavile|0 fnt
|faint|p2a: Weavile
|
|upkeep
|
|t:|1660169665
|switch|p2a: Nidoking|Nidoking, M|39/100
|turn|38
|
|t:|1660169668
|move|p1a: Speed Overdose|Dazzling Gleam|p2a: Nidoking
|-resisted|p2a: Nidoking
|-damage|p2a: Nidoking|3/100
|move|p2a: Nidoking|Sludge Wave|p1a: Speed Overdose
|-supereffective|p1a: Speed Overdose
|-damage|p1a: Speed Overdose|0 fnt
|faint|p1a: Speed Overdose
|
|upkeep
|
|t:|1660169672
|switch|p1a: One fish two fish|Barraskewda, F|100/100
|turn|39
|
|t:|1660169675
|move|p1a: One fish two fish|Flip Turn|p2a: Nidoking
|-supereffective|p2a: Nidoking
|-damage|p2a: Nidoking|0 fnt
|faint|p2a: Nidoking
|
|t:|1660169678
|switch|p1a: Agent ¥|Seismitoad, F, shiny|87/100|[from]move: Flip Turn
|
|upkeep
|
|t:|1660169681
|switch|p2a: Crawdaunt|Crawdaunt, M|100/100
|turn|40
|
|t:|1660169689
|move|p1a: Agent ¥|Earth Power|p2a: Crawdaunt
|-crit|p2a: Crawdaunt
|-damage|p2a: Crawdaunt|0 fnt
|faint|p2a: Crawdaunt
|-damage|p1a: Agent ¥|77/100|[from] item: Life Orb
|
|win|Kanye is batman
|raw|Kanye is batman's rating: 1684 &rarr; <strong>1706</strong><br />(+22 for winning)
|raw|LT92PF Lennart's rating: 1720 &rarr; <strong>1698</strong><br />(-22 for losing)
|l|☆LT92PF Lennart
||Ladder isn't responding, score probably updated but might not have (Request timeout).
