|html|<div class="broadcast-blue"><strong>[Gen 8] OU is currently suspecting Melmetal! For information on how to participate check out the <a href="https://www.smogon.com/forums/threads/np-ss-ou-suspect-process-round-12-monster-mash.3709234/">suspect thread</a>.</strong></div>
|j|☆Daevank5
|j|☆shiawasenostory
|t:|1666658969
|gametype|singles
|player|p1|Daevank5|workerice|1802
|player|p2|shiawasenostory|winona|1890
|teamsize|p1|6
|teamsize|p2|6
|gen|8
|tier|[Gen 8] OU
|rated|
|rule|Sleep Clause Mod: Limit one foe put to sleep
|rule|Species Clause: Limit one of each Pokémon
|rule|OHKO Clause: OHKO moves are banned
|rule|Evasion Items Clause: Evasion items are banned
|rule|Evasion Moves Clause: Evasion moves are banned
|rule|Endless Battle Clause: Forcing endless battles is banned
|rule|HP Percentage Mod: HP is shown in percentages
|rule|Dynamax Clause: You cannot dynamax
|clearpoke
|poke|p1|Slowking-Galar, M|
|poke|p1|Clefable, F|
|poke|p1|Tornadus-Therian, M|
|poke|p1|Buzzwole|
|poke|p1|Melmetal|
|poke|p1|Seismitoad, M|
|poke|p2|Skarmory, F|
|poke|p2|Ditto|
|poke|p2|Toxapex, M|
|poke|p2|Blissey, F|
|poke|p2|Shedinja|
|poke|p2|Quagsire, M|
|teampreview
|j| first_to_strike
|
|t:|1666658991
|start
|switch|p1a: Clefable|Clefable, F|100/100
|switch|p2a: Ditto|Ditto, shiny|100/100
|-transform|p2a: Ditto|p1a: Clefable|[from] ability: Imposter
|-item|p2a: Ditto|Air Balloon
|turn|1
|inactive|Battle timer is ON: inactive players will automatically lose when time's up. (requested by Daevank5)
|
|t:|1666659012
|move|p1a: Clefable|Moonblast|p2a: Ditto
|-damage|p2a: Ditto|74/100
|-enditem|p2a: Ditto|Air Balloon
|move|p2a: Ditto|Thunder Wave|p1a: Clefable
|-status|p1a: Clefable|par
|
|upkeep
|turn|2
|
|t:|1666659025
|switch|p2a: Blissey|Blissey, F|100/100
|move|p1a: Clefable|Trick|p2a: Blissey
|-activate|p1a: Clefable|move: Trick|[of] p2a: Blissey
|-item|p2a: Blissey|Sticky Barb|[from] move: Trick
|-item|p1a: Clefable|Heavy-Duty Boots|[from] move: Trick
|
|-damage|p2a: Blissey|88/100|[from] item: Sticky Barb
|upkeep
|turn|3
|
|t:|1666659034
|move|p2a: Blissey|Stealth Rock|p1a: Clefable
|-sidestart|p1: Daevank5|move: Stealth Rock
|move|p1a: Clefable|Moonblast|p2a: Blissey
|-damage|p2a: Blissey|77/100
|-unboost|p2a: Blissey|spa|1
|
|-damage|p2a: Blissey|64/100|[from] item: Sticky Barb
|upkeep
|turn|4
|
|t:|1666659049
|switch|p2a: Skarmory|Skarmory, F|100/100
|switch|p1a: Seismitoad|Seismitoad, M|100/100
|-damage|p1a: Seismitoad|94/100|[from] Stealth Rock
|
|-heal|p1a: Seismitoad|100/100|[from] item: Leftovers
|upkeep
|turn|5
|
|t:|1666659053
|move|p1a: Seismitoad|Protect|p1a: Seismitoad
|-singleturn|p1a: Seismitoad|Protect
|move|p2a: Skarmory|Spikes|p1a: Seismitoad
|-sidestart|p1: Daevank5|Spikes
|
|upkeep
|turn|6
|
|t:|1666659057
|switch|p1a: Tornadus|Tornadus-Therian, M|100/100
|move|p2a: Skarmory|Whirlwind|p1a: Tornadus
|drag|p1a: Seismitoad|Seismitoad, M|100/100
|-damage|p1a: Seismitoad|94/100|[from] Stealth Rock
|-damage|p1a: Seismitoad|82/100|[from] Spikes
|
|-heal|p1a: Seismitoad|88/100|[from] item: Leftovers
|upkeep
|turn|7
|
|t:|1666659064
|switch|p2a: Ditto|Ditto, shiny|74/100
|-transform|p2a: Ditto|p1a: Seismitoad|[from] ability: Imposter
|move|p1a: Seismitoad|Scald|p2a: Ditto
|-heal|p2a: Ditto|99/100|[from] ability: Water Absorb|[of] p1a: Seismitoad
|
|-heal|p1a: Seismitoad|94/100|[from] item: Leftovers
|upkeep
|turn|8
|
|t:|1666659076
|switch|p2a: Shedinja|Shedinja|100/100
|move|p1a: Seismitoad|Earth Power|p2a: Shedinja
|-immune|p2a: Shedinja|[from] ability: Wonder Guard
|
|-heal|p1a: Seismitoad|99/100|[from] item: Leftovers
|upkeep
|turn|9
|j| KappaHalo
|j| CanUrepeat
|
|t:|1666659081
|switch|p1a: Clefable|Clefable, F|100/100 par
|move|p2a: Shedinja|Toxic||[still]
|-fail|p2a: Shedinja
|
|upkeep
|turn|10
|
|t:|1666659094
|switch|p2a: Toxapex|Toxapex, M|100/100
|switch|p1a: Tornadus|Tornadus-Therian, M|100/100
|
|upkeep
|turn|11
|
|t:|1666659099
|switch|p1a: Clefable|Clefable, F|100/100 par
|switch|p2a: Blissey|Blissey, F|64/100
|
|-damage|p2a: Blissey|52/100|[from] item: Sticky Barb
|upkeep
|turn|12
|
|t:|1666659109
|switch|p1a: Tornadus|Tornadus-Therian, M|100/100
|move|p2a: Blissey|Soft-Boiled|p2a: Blissey
|-heal|p2a: Blissey|100/100
|
|-damage|p2a: Blissey|88/100|[from] item: Sticky Barb
|upkeep
|turn|13
|
|t:|1666659117
|switch|p1a: Clefable|Clefable, F|100/100 par
|move|p2a: Blissey|Toxic||[still]
|-fail|p2a: Blissey
|
|-damage|p2a: Blissey|76/100|[from] item: Sticky Barb
|upkeep
|turn|14
|
|t:|1666659124
|switch|p2a: Toxapex|Toxapex, M|100/100
|move|p1a: Clefable|Thunder Wave|p2a: Toxapex
|-status|p2a: Toxapex|par
|
|upkeep
|turn|15
|j| qwertysadge
|
|t:|1666659136
|switch|p1a: Slowking|Slowking-Galar, M|100/100
|-damage|p1a: Slowking|88/100|[from] Stealth Rock
|-damage|p1a: Slowking|76/100|[from] Spikes
|move|p2a: Toxapex|Knock Off|p1a: Slowking
|-supereffective|p1a: Slowking
|-damage|p1a: Slowking|54/100
|-enditem|p1a: Slowking|Black Sludge|[from] move: Knock Off|[of] p2a: Toxapex
|
|upkeep
|turn|16
|
|t:|1666659149
|switch|p2a: Ditto|Ditto, shiny|99/100
|-transform|p2a: Ditto|p1a: Slowking|[from] ability: Imposter
|move|p1a: Slowking|Psyshock|p2a: Ditto
|-damage|p2a: Ditto|71/100
|
|upkeep
|turn|17
|
|t:|1666659160
|move|p2a: Ditto|Psyshock|p1a: Slowking
|-damage|p1a: Slowking|30/100
|move|p1a: Slowking|Trick||[still]
|-fail|p1a: Slowking
|
|upkeep
|turn|18
|j| fafdad
|
|t:|1666659172
|move|p2a: Ditto|Trick||[still]
|-fail|p2a: Ditto
|move|p1a: Slowking|Psyshock|p2a: Ditto
|-damage|p2a: Ditto|44/100
|
|upkeep
|turn|19
|l| fafdad
|
|t:|1666659186
|switch|p2a: Quagsire|Quagsire, M|100/100
|move|p1a: Slowking|Psyshock|p2a: Quagsire
|-damage|p2a: Quagsire|80/100
|
|upkeep
|turn|20
|
|t:|1666659199
|switch|p1a: Tornadus|Tornadus-Therian, M|100/100
|switch|p2a: Toxapex|Toxapex, M|100/100 par
|
|upkeep
|turn|21
|j| 123SQZ永远滴神
|
|t:|1666659204
|move|p1a: Tornadus|Defog|p2a: Toxapex
|-unboost|p2a: Toxapex|evasion|1
|-sideend|p1: Daevank5|Spikes|[from] move: Defog|[of] p1a: Tornadus
|-sideend|p1: Daevank5|Stealth Rock|[from] move: Defog|[of] p1a: Tornadus
|cant|p2a: Toxapex|par
|
|upkeep
|turn|22
|
|t:|1666659209
|switch|p1a: Slowking|Slowking-Galar, M|64/100
|cant|p2a: Toxapex|par
|
|upkeep
|turn|23
|
|t:|1666659223
|switch|p2a: Blissey|Blissey, F|76/100
|move|p1a: Slowking|Trick|p2a: Blissey
|-activate|p1a: Slowking|move: Trick|[of] p2a: Blissey
|-enditem|p2a: Blissey|Sticky Barb|[silent]|[from] move: Trick
|-item|p1a: Slowking|Sticky Barb|[from] move: Trick
|
|-damage|p1a: Slowking|51/100|[from] item: Sticky Barb
|upkeep
|turn|24
|
|t:|1666659231
|switch|p2a: Quagsire|Quagsire, M|80/100
|move|p1a: Slowking|Trick|p2a: Quagsire
|-activate|p1a: Slowking|move: Trick|[of] p2a: Quagsire
|-item|p2a: Quagsire|Sticky Barb|[from] move: Trick
|-item|p1a: Slowking|Heavy-Duty Boots|[from] move: Trick
|
|-damage|p2a: Quagsire|68/100|[from] item: Sticky Barb
|upkeep
|turn|25
|
|t:|1666659240
|switch|p1a: Melmetal|Melmetal|100/100
|switch|p2a: Blissey|Blissey, F|76/100
|
|upkeep
|turn|26
|
|t:|1666659248
|switch|p2a: Skarmory|Skarmory, F|100/100
|switch|p1a: Seismitoad|Seismitoad, M|99/100
|
|-heal|p1a: Seismitoad|100/100|[from] item: Leftovers
|upkeep
|turn|27
|
|t:|1666659257
|move|p2a: Skarmory|Spikes|p1a: Seismitoad
|-sidestart|p1: Daevank5|Spikes
|move|p1a: Seismitoad|Stealth Rock|p2a: Skarmory
|-sidestart|p2: shiawasenostory|move: Stealth Rock
|
|upkeep
|turn|28
|
|t:|1666659268
|switch|p2a: Blissey|Blissey, F|76/100
|-damage|p2a: Blissey|63/100|[from] Stealth Rock
|move|p1a: Seismitoad|Earth Power|p2a: Blissey
|-damage|p2a: Blissey|53/100
|-unboost|p2a: Blissey|spd|1
|
|upkeep
|turn|29
|
|t:|1666659273
|switch|p1a: Slowking|Slowking-Galar, M|85/100
|move|p2a: Blissey|Soft-Boiled|p2a: Blissey
|-heal|p2a: Blissey|100/100
|
|upkeep
|turn|30
|
|t:|1666659280
|move|p2a: Blissey|Stealth Rock|p1a: Slowking
|-sidestart|p1: Daevank5|move: Stealth Rock
|move|p1a: Slowking|Nasty Plot|p1a: Slowking
|-boost|p1a: Slowking|spa|2
|
|upkeep
|turn|31
|
|t:|1666659288
|switch|p2a: Shedinja|Shedinja|100/100
|move|p1a: Slowking|Nasty Plot|p1a: Slowking
|-boost|p1a: Slowking|spa|2
|
|upkeep
|turn|32
|
|t:|1666659293
|switch|p1a: Clefable|Clefable, F|100/100 par
|move|p2a: Shedinja|Shadow Sneak|p1a: Clefable
|-damage|p1a: Clefable|80/100 par
|
|upkeep
|turn|33
|
|t:|1666659302
|move|p2a: Shedinja|Shadow Sneak|p1a: Clefable
|-damage|p1a: Clefable|58/100 par
|move|p1a: Clefable|Soft-Boiled|p1a: Clefable
|-heal|p1a: Clefable|100/100 par
|
|upkeep
|turn|34
|
|t:|1666659316
|switch|p2a: Ditto|Ditto, shiny|77/100
|-damage|p2a: Ditto|65/100|[from] Stealth Rock
|-transform|p2a: Ditto|p1a: Clefable|[from] ability: Imposter
|cant|p1a: Clefable|par
|
|upkeep
|turn|35
|
|t:|1666659324
|move|p2a: Ditto|Soft-Boiled|p2a: Ditto
|-heal|p2a: Ditto|100/100
|move|p1a: Clefable|Thunder Wave|p2a: Ditto
|-status|p2a: Ditto|par
|
|upkeep
|turn|36
|
|t:|1666659334
|move|p2a: Ditto|Trick|p1a: Clefable
|-activate|p2a: Ditto|move: Trick|[of] p1a: Clefable
|-enditem|p1a: Clefable|Heavy-Duty Boots|[silent]|[from] move: Trick
|-item|p2a: Ditto|Heavy-Duty Boots|[from] move: Trick
|cant|p1a: Clefable|par
|
|upkeep
|turn|37
|
|t:|1666659347
|switch|p2a: Blissey|Blissey, F|100/100
|-damage|p2a: Blissey|88/100|[from] Stealth Rock
|move|p1a: Clefable|Moonblast|p2a: Blissey
|-damage|p2a: Blissey|77/100
|
|upkeep
|turn|38
|
|t:|1666659355
|switch|p1a: Slowking|Slowking-Galar, M|100/100
|move|p2a: Blissey|Seismic Toss|p1a: Slowking
|-damage|p1a: Slowking|75/100
|
|upkeep
|turn|39
|
|t:|1666659363
|switch|p1a: Clefable|Clefable, F|100/100 par
|move|p2a: Blissey|Seismic Toss|p1a: Clefable
|-damage|p1a: Clefable|75/100 par
|
|upkeep
|turn|40
|
|t:|1666659367
|switch|p1a: Slowking|Slowking-Galar, M|100/100
|move|p2a: Blissey|Seismic Toss|p1a: Slowking
|-damage|p1a: Slowking|75/100
|
|upkeep
|turn|41
|
|t:|1666659371
|switch|p1a: Tornadus|Tornadus-Therian, M|100/100
|move|p2a: Blissey|Seismic Toss|p1a: Tornadus
|-damage|p1a: Tornadus|73/100
|
|upkeep
|turn|42
|
|t:|1666659376
|switch|p1a: Slowking|Slowking-Galar, M|100/100
|move|p2a: Blissey|Seismic Toss|p1a: Slowking
|-damage|p1a: Slowking|75/100
|
|upkeep
|turn|43
|
|t:|1666659379
|move|p2a: Blissey|Seismic Toss|p1a: Slowking
|-damage|p1a: Slowking|50/100
|move|p1a: Slowking|Psyshock|p2a: Blissey
|-damage|p2a: Blissey|51/100
|
|upkeep
|turn|44
|
|t:|1666659383
|switch|p1a: Tornadus|Tornadus-Therian, M|100/100
|move|p2a: Blissey|Toxic|p1a: Tornadus
|-status|p1a: Tornadus|tox
|
|-damage|p1a: Tornadus|94/100 tox|[from] psn
|upkeep
|turn|45
|
|t:|1666659386
|switch|p1a: Slowking|Slowking-Galar, M|83/100
|move|p2a: Blissey|Soft-Boiled|p2a: Blissey
|-heal|p2a: Blissey|100/100
|
|upkeep
|turn|46
|
|t:|1666659391
|switch|p2a: Toxapex|Toxapex, M|100/100 par
|move|p1a: Slowking|Nasty Plot|p1a: Slowking
|-boost|p1a: Slowking|spa|2
|
|upkeep
|turn|47
|
|t:|1666659397
|switch|p2a: Shedinja|Shedinja|100/100
|move|p1a: Slowking|Psyshock|p2a: Shedinja
|-immune|p2a: Shedinja|[from] ability: Wonder Guard
|
|upkeep
|turn|48
|
|t:|1666659405
|switch|p1a: Tornadus|Tornadus-Therian, M|100/100 tox
|move|p2a: Shedinja|Will-O-Wisp||[still]
|-fail|p2a: Shedinja
|
|-damage|p1a: Tornadus|94/100 tox|[from] psn
|upkeep
|turn|49
|
|t:|1666659417
|switch|p1a: Clefable|Clefable, F|75/100 par
|move|p2a: Shedinja|Protect||[still]
|-fail|p2a: Shedinja
|
|upkeep
|turn|50
|
|t:|1666659430
|switch|p2a: Blissey|Blissey, F|100/100
|-damage|p2a: Blissey|88/100|[from] Stealth Rock
|move|p1a: Clefable|Soft-Boiled|p1a: Clefable
|-heal|p1a: Clefable|100/100 par
|
|upkeep
|turn|51
|
|t:|1666659434
|switch|p1a: Tornadus|Tornadus-Therian, M|100/100 tox
|move|p2a: Blissey|Seismic Toss|p1a: Tornadus
|-damage|p1a: Tornadus|73/100 tox
|
|-damage|p1a: Tornadus|67/100 tox|[from] psn
|upkeep
|turn|52
|
|t:|1666659445
|switch|p1a: Slowking|Slowking-Galar, M|100/100
|move|p2a: Blissey|Seismic Toss|p1a: Slowking
|-damage|p1a: Slowking|75/100
|
|upkeep
|turn|53
|
|t:|1666659449
|switch|p1a: Tornadus|Tornadus-Therian, M|99/100 tox
|move|p2a: Blissey|Seismic Toss|p1a: Tornadus
|-damage|p1a: Tornadus|72/100 tox
|
|-damage|p1a: Tornadus|66/100 tox|[from] psn
|upkeep
|turn|54
|j| weergo
|
|t:|1666659453
|switch|p1a: Slowking|Slowking-Galar, M|100/100
|switch|p2a: Toxapex|Toxapex, M|100/100 par
|
|upkeep
|turn|55
|
|t:|1666659459
|move|p1a: Slowking|Psyshock|p2a: Toxapex
|-supereffective|p2a: Toxapex
|-damage|p2a: Toxapex|63/100 par
|move|p2a: Toxapex|Knock Off|p1a: Slowking
|-supereffective|p1a: Slowking
|-damage|p1a: Slowking|78/100
|-enditem|p1a: Slowking|Heavy-Duty Boots|[from] move: Knock Off|[of] p2a: Toxapex
|
|upkeep
|turn|56
|
|t:|1666659463
|switch|p2a: Blissey|Blissey, F|88/100
|-damage|p2a: Blissey|76/100|[from] Stealth Rock
|move|p1a: Slowking|Nasty Plot|p1a: Slowking
|-boost|p1a: Slowking|spa|2
|
|upkeep
|turn|57
|l| KappaHalo
|
|t:|1666659470
|move|p2a: Blissey|Seismic Toss|p1a: Slowking
|-damage|p1a: Slowking|53/100
|move|p1a: Slowking|Sludge Bomb|p2a: Blissey
|-damage|p2a: Blissey|50/100
|
|upkeep
|turn|58
|
|t:|1666659475
|move|p2a: Blissey|Soft-Boiled|p2a: Blissey
|-heal|p2a: Blissey|99/100
|move|p1a: Slowking|Psyshock|p2a: Blissey
|-damage|p2a: Blissey|47/100
|
|upkeep
|turn|59
|
|t:|1666659480
|move|p2a: Blissey|Soft-Boiled|p2a: Blissey
|-heal|p2a: Blissey|97/100
|move|p1a: Slowking|Nasty Plot|p1a: Slowking
|-boost|p1a: Slowking|spa|2
|
|upkeep
|turn|60
|
|t:|1666659489
|move|p2a: Blissey|Seismic Toss|p1a: Slowking
|-damage|p1a: Slowking|27/100
|move|p1a: Slowking|Trick||[still]
|-fail|p1a: Slowking
|
|upkeep
|turn|61
|
|t:|1666659495
|move|p2a: Blissey|Seismic Toss|p1a: Slowking
|-damage|p1a: Slowking|2/100
|move|p1a: Slowking|Psyshock|p2a: Blissey
|-damage|p2a: Blissey|16/100
|
|upkeep
|turn|62
|
|t:|1666659501
|switch|p1a: Tornadus|Tornadus-Therian, M|99/100 tox
|move|p2a: Blissey|Soft-Boiled|p2a: Blissey
|-heal|p2a: Blissey|66/100
|
|-damage|p1a: Tornadus|93/100 tox|[from] psn
|upkeep
|turn|63
|
|t:|1666659508
|move|p1a: Tornadus|Defog|p2a: Blissey
|-unboost|p2a: Blissey|evasion|1
|-sideend|p2: shiawasenostory|Stealth Rock|[from] move: Defog|[of] p1a: Tornadus
|-sideend|p1: Daevank5|Spikes|[from] move: Defog|[of] p1a: Tornadus
|-sideend|p1: Daevank5|Stealth Rock|[from] move: Defog|[of] p1a: Tornadus
|move|p2a: Blissey|Seismic Toss|p1a: Tornadus
|-damage|p1a: Tornadus|66/100 tox
|
|-damage|p1a: Tornadus|54/100 tox|[from] psn
|upkeep
|turn|64
|
|t:|1666659513
|switch|p1a: Slowking|Slowking-Galar, M|35/100
|move|p2a: Blissey|Stealth Rock|p1a: Slowking
|-sidestart|p1: Daevank5|move: Stealth Rock
|
|upkeep
|turn|65
|
|t:|1666659517
|switch|p1a: Tornadus|Tornadus-Therian, M|87/100 tox
|move|p2a: Blissey|Seismic Toss|p1a: Tornadus
|-damage|p1a: Tornadus|59/100 tox
|
|-damage|p1a: Tornadus|53/100 tox|[from] psn
|upkeep
|turn|66
|
|t:|1666659521
|switch|p1a: Slowking|Slowking-Galar, M|69/100
|-damage|p1a: Slowking|56/100|[from] Stealth Rock
|move|p2a: Blissey|Soft-Boiled|p2a: Blissey
|-heal|p2a: Blissey|100/100
|
|upkeep
|turn|67
|
|t:|1666659528
|switch|p2a: Skarmory|Skarmory, F|100/100
|switch|p1a: Tornadus|Tornadus-Therian, M|86/100 tox
|
|-damage|p1a: Tornadus|80/100 tox|[from] psn
|upkeep
|turn|68
|j| Jongruenwald
|
|t:|1666659533
|move|p1a: Tornadus|Defog|p2a: Skarmory
|-unboost|p2a: Skarmory|evasion|1
|-sideend|p1: Daevank5|Stealth Rock|[from] move: Defog|[of] p1a: Tornadus
|move|p2a: Skarmory|Whirlwind|p1a: Tornadus
|drag|p1a: Seismitoad|Seismitoad, M|100/100
|
|upkeep
|turn|69
|
|t:|1666659539
|move|p2a: Skarmory|Spikes|p1a: Seismitoad
|-sidestart|p1: Daevank5|Spikes
|move|p1a: Seismitoad|Scald|p2a: Skarmory
|-damage|p2a: Skarmory|65/100
|
|-heal|p2a: Skarmory|71/100|[from] item: Leftovers
|upkeep
|turn|70
|
|t:|1666659543
|switch|p2a: Blissey|Blissey, F|100/100
|move|p1a: Seismitoad|Scald|p2a: Blissey
|-crit|p2a: Blissey
|-damage|p2a: Blissey|86/100
|
|upkeep
|turn|71
|
|t:|1666659546
|switch|p1a: Tornadus|Tornadus-Therian, M|100/100 tox
|move|p2a: Blissey|Toxic|p1a: Tornadus
|-fail|p1a: Tornadus|tox
|
|-damage|p1a: Tornadus|94/100 tox|[from] psn
|upkeep
|turn|72
|
|t:|1666659551
|switch|p2a: Ditto|Ditto, shiny|100/100 par
|-transform|p2a: Ditto|p1a: Tornadus|[from] ability: Imposter
|move|p1a: Tornadus|Defog|p2a: Ditto
|-unboost|p2a: Ditto|evasion|1
|-sideend|p1: Daevank5|Spikes|[from] move: Defog|[of] p1a: Tornadus
|
|-damage|p1a: Tornadus|82/100 tox|[from] psn
|upkeep
|turn|73
|
|t:|1666659558
|switch|p1a: Slowking|Slowking-Galar, M|89/100
|move|p2a: Ditto|Hurricane|p1a: Slowking
|-damage|p1a: Slowking|58/100
|
|upkeep
|turn|74
|
|t:|1666659566
|switch|p2a: Toxapex|Toxapex, M|96/100 par
|switch|p1a: Tornadus|Tornadus-Therian, M|100/100 tox
|
|-damage|p1a: Tornadus|94/100 tox|[from] psn
|upkeep
|turn|75
|
|t:|1666659570
|switch|p1a: Slowking|Slowking-Galar, M|91/100
|move|p2a: Toxapex|Scald|p1a: Slowking
|-damage|p1a: Slowking|78/100
|
|upkeep
|turn|76
|
|t:|1666659575
|move|p1a: Slowking|Nasty Plot|p1a: Slowking
|-boost|p1a: Slowking|spa|2
|move|p2a: Toxapex|Scald|p1a: Slowking
|-damage|p1a: Slowking|64/100
|
|upkeep
|turn|77
|
|t:|1666659581
|switch|p2a: Skarmory|Skarmory, F|71/100
|move|p1a: Slowking|Nasty Plot|p1a: Slowking
|-boost|p1a: Slowking|spa|2
|
|-heal|p2a: Skarmory|78/100|[from] item: Leftovers
|upkeep
|turn|78
|
|t:|1666659587
|move|p2a: Skarmory|Roost|p2a: Skarmory
|-heal|p2a: Skarmory|100/100
|-singleturn|p2a: Skarmory|move: Roost
|move|p1a: Slowking|Trick|p2a: Skarmory
|-activate|p1a: Slowking|move: Trick|[of] p2a: Skarmory
|-enditem|p2a: Skarmory|Leftovers|[silent]|[from] move: Trick
|-item|p1a: Slowking|Leftovers|[from] move: Trick
|
|-heal|p1a: Slowking|70/100|[from] item: Leftovers
|upkeep
|turn|79
|
|t:|1666659590
|move|p2a: Skarmory|Spikes|p1a: Slowking
|-sidestart|p1: Daevank5|Spikes
|move|p1a: Slowking|Psyshock|p2a: Skarmory
|-resisted|p2a: Skarmory
|-damage|p2a: Skarmory|67/100
|
|-heal|p1a: Slowking|76/100|[from] item: Leftovers
|upkeep
|turn|80
|
|t:|1666659598
|move|p2a: Skarmory|Spikes|p1a: Slowking
|-sidestart|p1: Daevank5|Spikes
|move|p1a: Slowking|Nasty Plot|p1a: Slowking
|-boost|p1a: Slowking|spa|2
|
|-heal|p1a: Slowking|82/100|[from] item: Leftovers
|upkeep
|turn|81
|
|t:|1666659601
|move|p2a: Skarmory|Roost|p2a: Skarmory
|-heal|p2a: Skarmory|100/100
|-singleturn|p2a: Skarmory|move: Roost
|move|p1a: Slowking|Psyshock|p2a: Skarmory
|-resisted|p2a: Skarmory
|-damage|p2a: Skarmory|55/100
|
|-heal|p1a: Slowking|88/100|[from] item: Leftovers
|upkeep
|turn|82
|
|t:|1666659606
|switch|p1a: Tornadus|Tornadus-Therian, M|100/100 tox
|move|p2a: Skarmory|Roost|p2a: Skarmory
|-heal|p2a: Skarmory|100/100
|-singleturn|p2a: Skarmory|move: Roost
|
|-damage|p1a: Tornadus|94/100 tox|[from] psn
|upkeep
|turn|83
|
|t:|1666659615
|switch|p2a: Toxapex|Toxapex, M|100/100 par
|move|p1a: Tornadus|Defog|p2a: Toxapex
|-unboost|p2a: Toxapex|evasion|1
|-sideend|p1: Daevank5|Spikes|[from] move: Defog|[of] p1a: Tornadus
|
|-damage|p1a: Tornadus|82/100 tox|[from] psn
|upkeep
|turn|84
|
|t:|1666659618
|switch|p1a: Slowking|Slowking-Galar, M|100/100
|move|p2a: Toxapex|Scald|p1a: Slowking
|-damage|p1a: Slowking|87/100
|-status|p1a: Slowking|brn
|
|-heal|p1a: Slowking|93/100 brn|[from] item: Leftovers
|-damage|p1a: Slowking|87/100 brn|[from] brn
|upkeep
|turn|85
|
|t:|1666659624
|switch|p1a: Clefable|Clefable, F|100/100 par
|switch|p2a: Skarmory|Skarmory, F|100/100
|
|upkeep
|turn|86
|
|t:|1666659631
|switch|p2a: Blissey|Blissey, F|86/100
|cant|p1a: Clefable|par
|
|upkeep
|turn|87
|
|t:|1666659634
|switch|p1a: Tornadus|Tornadus-Therian, M|100/100 tox
|move|p2a: Blissey|Stealth Rock|p1a: Tornadus
|-sidestart|p1: Daevank5|move: Stealth Rock
|
|-damage|p1a: Tornadus|94/100 tox|[from] psn
|upkeep
|turn|88
|l| weergo
|
|t:|1666659637
|switch|p1a: Slowking|Slowking-Galar, M|100/100 brn
|-damage|p1a: Slowking|88/100 brn|[from] Stealth Rock
|move|p2a: Blissey|Seismic Toss|p1a: Slowking
|-damage|p1a: Slowking|63/100 brn
|
|-heal|p1a: Slowking|69/100 brn|[from] item: Leftovers
|-damage|p1a: Slowking|63/100 brn|[from] brn
|upkeep
|turn|89
|
|t:|1666659640
|switch|p1a: Tornadus|Tornadus-Therian, M|100/100 tox
|move|p2a: Blissey|Seismic Toss|p1a: Tornadus
|-damage|p1a: Tornadus|73/100 tox
|
|-damage|p1a: Tornadus|67/100 tox|[from] psn
|upkeep
|turn|90
|
|t:|1666659645
|switch|p1a: Slowking|Slowking-Galar, M|96/100 brn
|-damage|p1a: Slowking|83/100 brn|[from] Stealth Rock
|switch|p2a: Skarmory|Skarmory, F|100/100
|
|-heal|p1a: Slowking|90/100 brn|[from] item: Leftovers
|-damage|p1a: Slowking|83/100 brn|[from] brn
|upkeep
|turn|91
|
|t:|1666659648
|switch|p1a: Tornadus|Tornadus-Therian, M|99/100 tox
|move|p2a: Skarmory|Spikes|p1a: Tornadus
|-sidestart|p1: Daevank5|Spikes
|
|-damage|p1a: Tornadus|94/100 tox|[from] psn
|upkeep
|turn|92
|
|t:|1666659651
|move|p1a: Tornadus|Defog|p2a: Skarmory
|-unboost|p2a: Skarmory|evasion|1
|-sideend|p1: Daevank5|Spikes|[from] move: Defog|[of] p1a: Tornadus
|-sideend|p1: Daevank5|Stealth Rock|[from] move: Defog|[of] p1a: Tornadus
|move|p2a: Skarmory|Spikes|p1a: Tornadus
|-sidestart|p1: Daevank5|Spikes
|
|-damage|p1a: Tornadus|82/100 tox|[from] psn
|upkeep
|turn|93
|
|t:|1666659657
|switch|p2a: Blissey|Blissey, F|86/100
|move|p1a: Tornadus|Heat Wave|p2a: Blissey
|-damage|p2a: Blissey|78/100
|-status|p2a: Blissey|brn
|
|-damage|p1a: Tornadus|63/100 tox|[from] psn
|-damage|p2a: Blissey|71/100 brn|[from] brn
|upkeep
|turn|94
|j| Kwaga
|
|t:|1666659660
|switch|p1a: Slowking|Slowking-Galar, M|100/100 brn
|-damage|p1a: Slowking|88/100 brn|[from] Spikes
|move|p2a: Blissey|Stealth Rock|p1a: Slowking
|-sidestart|p1: Daevank5|move: Stealth Rock
|
|-heal|p1a: Slowking|94/100 brn|[from] item: Leftovers
|-damage|p2a: Blissey|65/100 brn|[from] brn
|-damage|p1a: Slowking|88/100 brn|[from] brn
|upkeep
|turn|95
|
|t:|1666659665
|-curestatus|p2a: Blissey|brn|[from] ability: Natural Cure
|switch|p2a: Ditto|Ditto, shiny|100/100 par
|-transform|p2a: Ditto|p1a: Slowking|[from] ability: Imposter
|switch|p1a: Tornadus|Tornadus-Therian, M|97/100 tox
|
|-damage|p1a: Tornadus|91/100 tox|[from] psn
|upkeep
|turn|96
|
|t:|1666659676
|move|p1a: Tornadus|Defog|p2a: Ditto
|-unboost|p2a: Ditto|evasion|1
|-sideend|p1: Daevank5|Spikes|[from] move: Defog|[of] p1a: Tornadus
|-sideend|p1: Daevank5|Stealth Rock|[from] move: Defog|[of] p1a: Tornadus
|move|p2a: Ditto|Sludge Bomb|p1a: Tornadus
|-damage|p1a: Tornadus|53/100 tox
|
|-damage|p1a: Tornadus|41/100 tox|[from] psn
|upkeep
|turn|97
|
|t:|1666659685
|switch|p1a: Melmetal|Melmetal|100/100
|switch|p2a: Skarmory|Skarmory, F|100/100
|
|upkeep
|turn|98
|
|t:|1666659690
|switch|p1a: Tornadus|Tornadus-Therian, M|74/100 tox
|move|p2a: Skarmory|Spikes|p1a: Tornadus
|-sidestart|p1: Daevank5|Spikes
|
|-damage|p1a: Tornadus|68/100 tox|[from] psn
|upkeep
|turn|99
|
|t:|1666659695
|switch|p1a: Slowking|Slowking-Galar, M|100/100 brn
|-damage|p1a: Slowking|88/100 brn|[from] Spikes
|switch|p2a: Blissey|Blissey, F|65/100
|
|-heal|p1a: Slowking|94/100 brn|[from] item: Leftovers
|-damage|p1a: Slowking|88/100 brn|[from] brn
|upkeep
|turn|100
|j| tapu moxo
|
|t:|1666659710
|switch|p1a: Tornadus|Tornadus-Therian, M|100/100 tox
|move|p2a: Blissey|Stealth Rock|p1a: Tornadus
|-sidestart|p1: Daevank5|move: Stealth Rock
|
|-damage|p1a: Tornadus|94/100 tox|[from] psn
|upkeep
|turn|101
|
|t:|1666659716
|switch|p2a: Skarmory|Skarmory, F|100/100
|move|p1a: Tornadus|Defog|p2a: Skarmory
|-unboost|p2a: Skarmory|evasion|1
|-sideend|p1: Daevank5|Spikes|[from] move: Defog|[of] p1a: Tornadus
|-sideend|p1: Daevank5|Stealth Rock|[from] move: Defog|[of] p1a: Tornadus
|
|-damage|p1a: Tornadus|82/100 tox|[from] psn
|upkeep
|turn|102
|
|t:|1666659722
|switch|p1a: Slowking|Slowking-Galar, M|100/100 brn
|switch|p2a: Toxapex|Toxapex, M|100/100 par
|
|-damage|p1a: Slowking|94/100 brn|[from] brn
|upkeep
|turn|103
|
|t:|1666659727
|switch|p1a: Clefable|Clefable, F|100/100 par
|move|p2a: Toxapex|Knock Off|p1a: Clefable
|-resisted|p1a: Clefable
|-damage|p1a: Clefable|95/100 par
|
|upkeep
|turn|104
|
|t:|1666659736
|switch|p2a: Skarmory|Skarmory, F|100/100
|move|p1a: Clefable|Moonblast|p2a: Skarmory
|-resisted|p2a: Skarmory
|-damage|p2a: Skarmory|74/100
|
|upkeep
|turn|105
|
|t:|1666659738
|move|p2a: Skarmory|Spikes|p1a: Clefable
|-sidestart|p1: Daevank5|Spikes
|move|p1a: Clefable|Thunder Wave|p2a: Skarmory
|-status|p2a: Skarmory|par
|
|upkeep
|turn|106
|
|t:|1666659743
|switch|p1a: Tornadus|Tornadus-Therian, M|100/100 tox
|move|p2a: Skarmory|Roost|p2a: Skarmory
|-heal|p2a: Skarmory|100/100 par
|-singleturn|p2a: Skarmory|move: Roost
|
|-damage|p1a: Tornadus|94/100 tox|[from] psn
|upkeep
|turn|107
|
|t:|1666659747
|switch|p1a: Slowking|Slowking-Galar, M|100/100 brn
|-damage|p1a: Slowking|88/100 brn|[from] Spikes
|switch|p2a: Toxapex|Toxapex, M|100/100 par
|
|-heal|p1a: Slowking|94/100 brn|[from] item: Leftovers
|-damage|p1a: Slowking|88/100 brn|[from] brn
|upkeep
|turn|108
|
|t:|1666659751
|switch|p1a: Clefable|Clefable, F|95/100 par
|move|p2a: Toxapex|Knock Off|p1a: Clefable
|-resisted|p1a: Clefable
|-damage|p1a: Clefable|89/100 par
|
|upkeep
|turn|109
|j| Woody Fox
|
|t:|1666659758
|switch|p2a: Blissey|Blissey, F|65/100
|move|p1a: Clefable|Moonblast|p2a: Blissey
|-damage|p2a: Blissey|55/100
|
|upkeep
|turn|110
|
|t:|1666659764
|switch|p1a: Tornadus|Tornadus-Therian, M|100/100 tox
|move|p2a: Blissey|Stealth Rock|p1a: Tornadus
|-sidestart|p1: Daevank5|move: Stealth Rock
|
|-damage|p1a: Tornadus|94/100 tox|[from] psn
|upkeep
|turn|111
|
|t:|1666659767
|switch|p1a: Slowking|Slowking-Galar, M|100/100 brn
|-damage|p1a: Slowking|88/100 brn|[from] Spikes
|-damage|p1a: Slowking|76/100 brn|[from] Stealth Rock
|move|p2a: Blissey|Stealth Rock||[still]
|-fail|p2a: Blissey
|
|-heal|p1a: Slowking|82/100 brn|[from] item: Leftovers
|-damage|p1a: Slowking|76/100 brn|[from] brn
|upkeep
|turn|112
|
|t:|1666659770
|switch|p1a: Tornadus|Tornadus-Therian, M|100/100 tox
|move|p2a: Blissey|Soft-Boiled|p2a: Blissey
|-heal|p2a: Blissey|100/100
|
|-damage|p1a: Tornadus|94/100 tox|[from] psn
|upkeep
|turn|113
|
|t:|1666659776
|move|p1a: Tornadus|Defog|p2a: Blissey
|-unboost|p2a: Blissey|evasion|1
|-sideend|p1: Daevank5|Spikes|[from] move: Defog|[of] p1a: Tornadus
|-sideend|p1: Daevank5|Stealth Rock|[from] move: Defog|[of] p1a: Tornadus
|move|p2a: Blissey|Seismic Toss|p1a: Tornadus
|-damage|p1a: Tornadus|67/100 tox
|
|-damage|p1a: Tornadus|55/100 tox|[from] psn
|upkeep
|turn|114
|
|t:|1666659780
|switch|p1a: Slowking|Slowking-Galar, M|100/100 brn
|move|p2a: Blissey|Stealth Rock|p1a: Slowking
|-sidestart|p1: Daevank5|move: Stealth Rock
|
|-damage|p1a: Slowking|94/100 brn|[from] brn
|upkeep
|turn|115
|
|t:|1666659783
|switch|p2a: Skarmory|Skarmory, F|100/100 par
|switch|p1a: Tornadus|Tornadus-Therian, M|88/100 tox
|
|-damage|p1a: Tornadus|82/100 tox|[from] psn
|upkeep
|turn|116
|j| marietee
|
|t:|1666659787
|move|p1a: Tornadus|Hurricane|p2a: Skarmory|[miss]
|-miss|p1a: Tornadus|p2a: Skarmory
|move|p2a: Skarmory|Spikes|p1a: Tornadus
|-sidestart|p1: Daevank5|Spikes
|
|-damage|p1a: Tornadus|70/100 tox|[from] psn
|upkeep
|turn|117
|
|t:|1666659793
|switch|p1a: Slowking|Slowking-Galar, M|100/100 brn
|-damage|p1a: Slowking|88/100 brn|[from] Stealth Rock
|-damage|p1a: Slowking|76/100 brn|[from] Spikes
|switch|p2a: Toxapex|Toxapex, M|100/100 par
|
|-heal|p1a: Slowking|82/100 brn|[from] item: Leftovers
|-damage|p1a: Slowking|76/100 brn|[from] brn
|upkeep
|turn|118
|j| weergo
|
|t:|1666659802
|switch|p1a: Clefable|Clefable, F|89/100 par
|switch|p2a: Blissey|Blissey, F|100/100
|
|upkeep
|turn|119
|j| Quagshi
|
|t:|1666659809
|switch|p1a: Tornadus|Tornadus-Therian, M|100/100 tox
|move|p2a: Blissey|Seismic Toss|p1a: Tornadus
|-damage|p1a: Tornadus|73/100 tox
|
|-damage|p1a: Tornadus|67/100 tox|[from] psn
|upkeep
|turn|120
|l| Quagshi
|
|t:|1666659815
|switch|p2a: Ditto|Ditto, shiny|100/100 par
|-transform|p2a: Ditto|p1a: Tornadus|[from] ability: Imposter
|move|p1a: Tornadus|Defog|p2a: Ditto
|-unboost|p2a: Ditto|evasion|1
|-sideend|p1: Daevank5|Spikes|[from] move: Defog|[of] p1a: Tornadus
|-sideend|p1: Daevank5|Stealth Rock|[from] move: Defog|[of] p1a: Tornadus
|
|-damage|p1a: Tornadus|55/100 tox|[from] psn
|upkeep
|turn|121
|
|t:|1666659825
|switch|p1a: Slowking|Slowking-Galar, M|100/100 brn
|move|p2a: Ditto|Hurricane|p1a: Slowking
|-damage|p1a: Slowking|69/100 brn
|
|-heal|p1a: Slowking|75/100 brn|[from] item: Leftovers
|-damage|p1a: Slowking|69/100 brn|[from] brn
|upkeep
|turn|122
|
|t:|1666659834
|switch|p1a: Tornadus|Tornadus-Therian, M|88/100 tox
|cant|p2a: Ditto|par
|
|-damage|p1a: Tornadus|82/100 tox|[from] psn
|upkeep
|turn|123
|
|t:|1666659841
|switch|p1a: Slowking|Slowking-Galar, M|100/100 brn
|switch|p2a: Toxapex|Toxapex, M|100/100 par
|
|-damage|p1a: Slowking|94/100 brn|[from] brn
|upkeep
|turn|124
|
|t:|1666659845
|switch|p1a: Clefable|Clefable, F|89/100 par
|switch|p2a: Ditto|Ditto, shiny|100/100 par
|-transform|p2a: Ditto|p1a: Clefable|[from] ability: Imposter
|
|upkeep
|turn|125
|l| Kwaga
|j| Kwaga
|
|t:|1666659855
|move|p1a: Clefable|Moonblast|p2a: Ditto
|-damage|p2a: Ditto|74/100 par
|move|p2a: Ditto|Trick|p1a: Clefable
|-activate|p2a: Ditto|move: Trick|[of] p1a: Clefable
|-item|p1a: Clefable|Heavy-Duty Boots|[from] move: Trick
|-enditem|p2a: Ditto|Heavy-Duty Boots|[silent]|[from] move: Trick
|
|upkeep
|turn|126
|
|t:|1666659858
|move|p1a: Clefable|Moonblast|p2a: Ditto
|-damage|p2a: Ditto|48/100 par
|move|p2a: Ditto|Soft-Boiled|p2a: Ditto
|-heal|p2a: Ditto|98/100 par
|
|upkeep
|turn|127
|
|t:|1666659864
|switch|p2a: Toxapex|Toxapex, M|100/100 par
|move|p1a: Clefable|Moonblast|p2a: Toxapex
|-resisted|p2a: Toxapex
|-damage|p2a: Toxapex|87/100 par
|-unboost|p2a: Toxapex|spa|1
|
|upkeep
|turn|128
|
|t:|1666659868
|move|p1a: Clefable|Moonblast|p2a: Toxapex
|-resisted|p2a: Toxapex
|-damage|p2a: Toxapex|75/100 par
|-unboost|p2a: Toxapex|spa|1
|cant|p2a: Toxapex|par
|
|upkeep
|turn|129
|
|t:|1666659874
|switch|p1a: Slowking|Slowking-Galar, M|100/100 brn
|cant|p2a: Toxapex|par
|
|-damage|p1a: Slowking|94/100 brn|[from] brn
|upkeep
|turn|130
|
|t:|1666659880
|switch|p1a: Clefable|Clefable, F|89/100 par
|move|p2a: Toxapex|Knock Off|p1a: Clefable
|-resisted|p1a: Clefable
|-damage|p1a: Clefable|80/100 par
|-enditem|p1a: Clefable|Heavy-Duty Boots|[from] move: Knock Off|[of] p2a: Toxapex
|
|upkeep
|turn|131
|
|t:|1666659889
|switch|p1a: Slowking|Slowking-Galar, M|100/100 brn
|move|p2a: Toxapex|Knock Off|p1a: Slowking
|-supereffective|p1a: Slowking
|-crit|p1a: Slowking
|-damage|p1a: Slowking|62/100 brn
|-enditem|p1a: Slowking|Leftovers|[from] move: Knock Off|[of] p2a: Toxapex
|
|-damage|p1a: Slowking|56/100 brn|[from] brn
|upkeep
|turn|132
|
|t:|1666659897
|switch|p1a: Clefable|Clefable, F|80/100 par
|switch|p2a: Blissey|Blissey, F|100/100
|
|upkeep
|turn|133
|
|t:|1666659903
|switch|p1a: Melmetal|Melmetal|100/100
|move|p2a: Blissey|Stealth Rock|p1a: Melmetal
|-sidestart|p1: Daevank5|move: Stealth Rock
|
|upkeep
|turn|134
|l| Kwaga
|j| Kwaga
|
|t:|1666659918
|switch|p2a: Ditto|Ditto, shiny|98/100 par
|-transform|p2a: Ditto|p1a: Melmetal|[from] ability: Imposter
|switch|p1a: Seismitoad|Seismitoad, M|100/100
|-damage|p1a: Seismitoad|94/100|[from] Stealth Rock
|
|-heal|p1a: Seismitoad|100/100|[from] item: Leftovers
|upkeep
|turn|135
|
|t:|1666659929
|switch|p1a: Melmetal|Melmetal|100/100
|-damage|p1a: Melmetal|94/100|[from] Stealth Rock
|switch|p2a: Blissey|Blissey, F|100/100
|
|-heal|p1a: Melmetal|100/100|[from] item: Leftovers
|upkeep
|turn|136
|
|t:|1666659933
|switch|p2a: Skarmory|Skarmory, F|100/100 par
|switch|p1a: Tornadus|Tornadus-Therian, M|100/100 tox
|
|-damage|p1a: Tornadus|94/100 tox|[from] psn
|upkeep
|turn|137
|
|t:|1666659942
|switch|p2a: Toxapex|Toxapex, M|100/100 par
|move|p1a: Tornadus|Heat Wave|p2a: Toxapex
|-resisted|p2a: Toxapex
|-damage|p2a: Toxapex|91/100 par
|
|-damage|p1a: Tornadus|82/100 tox|[from] psn
|upkeep
|turn|138
|
|t:|1666659946
|switch|p1a: Slowking|Slowking-Galar, M|90/100 brn
|-damage|p1a: Slowking|77/100 brn|[from] Stealth Rock
|move|p2a: Toxapex|Scald|p1a: Slowking
|-damage|p1a: Slowking|64/100 brn
|
|-damage|p1a: Slowking|58/100 brn|[from] brn
|upkeep
|turn|139
|
|t:|1666659952
|switch|p1a: Clefable|Clefable, F|80/100 par
|cant|p2a: Toxapex|par
|
|upkeep
|turn|140
|
|t:|1666659958
|switch|p1a: Slowking|Slowking-Galar, M|91/100 brn
|-damage|p1a: Slowking|79/100 brn|[from] Stealth Rock
|move|p2a: Toxapex|Knock Off|p1a: Slowking
|-supereffective|p1a: Slowking
|-damage|p1a: Slowking|63/100 brn
|
|-damage|p1a: Slowking|57/100 brn|[from] brn
|upkeep
|turn|141
|
|t:|1666659965
|switch|p1a: Clefable|Clefable, F|80/100 par
|cant|p2a: Toxapex|par
|
|upkeep
|turn|142
|
|t:|1666659969
|switch|p1a: Slowking|Slowking-Galar, M|90/100 brn
|-damage|p1a: Slowking|78/100 brn|[from] Stealth Rock
|move|p2a: Toxapex|Knock Off|p1a: Slowking
|-supereffective|p1a: Slowking
|-damage|p1a: Slowking|62/100 brn
|
|-damage|p1a: Slowking|56/100 brn|[from] brn
|upkeep
|turn|143
|
|t:|1666659976
|switch|p1a: Clefable|Clefable, F|80/100 par
|switch|p2a: Skarmory|Skarmory, F|100/100 par
|
|upkeep
|turn|144
|
|t:|1666659980
|move|p2a: Skarmory|Spikes|p1a: Clefable
|-sidestart|p1: Daevank5|Spikes
|cant|p1a: Clefable|par
|
|upkeep
|turn|145
|
|t:|1666659982
|move|p1a: Clefable|Moonblast|p2a: Skarmory
|-resisted|p2a: Skarmory
|-crit|p2a: Skarmory
|-damage|p2a: Skarmory|65/100 par
|-unboost|p2a: Skarmory|spa|1
|move|p2a: Skarmory|Whirlwind|p1a: Clefable
|drag|p1a: Tornadus|Tornadus-Therian, M|100/100 tox
|
|-damage|p1a: Tornadus|94/100 tox|[from] psn
|upkeep
|turn|146
|
|t:|1666659989
|switch|p2a: Blissey|Blissey, F|100/100
|move|p1a: Tornadus|Heat Wave|p2a: Blissey
|-damage|p2a: Blissey|92/100
|
|-damage|p1a: Tornadus|82/100 tox|[from] psn
|upkeep
|turn|147
|
|t:|1666659996
|switch|p2a: Skarmory|Skarmory, F|65/100 par
|move|p1a: Tornadus|Defog|p2a: Skarmory
|-unboost|p2a: Skarmory|evasion|1
|-sideend|p1: Daevank5|Spikes|[from] move: Defog|[of] p1a: Tornadus
|-sideend|p1: Daevank5|Stealth Rock|[from] move: Defog|[of] p1a: Tornadus
|
|-damage|p1a: Tornadus|64/100 tox|[from] psn
|upkeep
|turn|148
|
|t:|1666660000
|switch|p2a: Blissey|Blissey, F|92/100
|move|p1a: Tornadus|Heat Wave|p2a: Blissey
|-damage|p2a: Blissey|83/100
|
|-damage|p1a: Tornadus|40/100 tox|[from] psn
|upkeep
|turn|149
|
|t:|1666660003
|switch|p1a: Melmetal|Melmetal|100/100
|move|p2a: Blissey|Stealth Rock|p1a: Melmetal
|-sidestart|p1: Daevank5|move: Stealth Rock
|
|upkeep
|turn|150
|
|t:|1666660007
|switch|p2a: Toxapex|Toxapex, M|100/100 par
|move|p1a: Melmetal|Double Iron Bash|p2a: Toxapex
|-resisted|p2a: Toxapex
|-damage|p2a: Toxapex|88/100 par
|-resisted|p2a: Toxapex
|-damage|p2a: Toxapex|74/100 par
|-hitcount|p2a: Toxapex|2
|
|upkeep
|turn|151
|l| first_to_strike
|
|t:|1666660018
|move|p1a: Melmetal|Earthquake|p2a: Toxapex
|-supereffective|p2a: Toxapex
|-damage|p2a: Toxapex|25/100 par
|cant|p2a: Toxapex|par
|
|upkeep
|turn|152
|l| marietee
|
|t:|1666660028
|switch|p2a: Skarmory|Skarmory, F|65/100 par
|move|p1a: Melmetal|Double Iron Bash|p2a: Skarmory
|-resisted|p2a: Skarmory
|-damage|p2a: Skarmory|48/100 par
|-resisted|p2a: Skarmory
|-damage|p2a: Skarmory|32/100 par
|-hitcount|p2a: Skarmory|2
|
|upkeep
|turn|153
|j| marietee
|l| marietee
|
|t:|1666660042
|move|p2a: Skarmory|Roost|p2a: Skarmory
|-heal|p2a: Skarmory|82/100 par
|-singleturn|p2a: Skarmory|move: Roost
|move|p1a: Melmetal|Double Iron Bash|p2a: Skarmory
|-resisted|p2a: Skarmory
|-damage|p2a: Skarmory|66/100 par
|-resisted|p2a: Skarmory
|-damage|p2a: Skarmory|51/100 par
|-hitcount|p2a: Skarmory|2
|
|upkeep
|turn|154
|
|t:|1666660048
|move|p2a: Skarmory|Roost|p2a: Skarmory
|-heal|p2a: Skarmory|100/100 par
|-singleturn|p2a: Skarmory|move: Roost
|move|p1a: Melmetal|Earthquake|p2a: Skarmory
|-supereffective|p2a: Skarmory
|-damage|p2a: Skarmory|38/100 par
|
|upkeep
|turn|155
|
|t:|1666660051
|cant|p2a: Skarmory|par
|move|p1a: Melmetal|Earthquake|p2a: Skarmory
|-immune|p2a: Skarmory
|
|upkeep
|turn|156
|
|t:|1666660053
|move|p2a: Skarmory|Roost|p2a: Skarmory
|-heal|p2a: Skarmory|88/100 par
|-singleturn|p2a: Skarmory|move: Roost
|move|p1a: Melmetal|Earthquake|p2a: Skarmory
|-supereffective|p2a: Skarmory
|-damage|p2a: Skarmory|23/100 par
|
|upkeep
|turn|157
|
|t:|1666660061
|switch|p2a: Quagsire|Quagsire, M|68/100
|move|p1a: Melmetal|Earthquake|p2a: Quagsire
|-damage|p2a: Quagsire|38/100
|
|-damage|p2a: Quagsire|26/100|[from] item: Sticky Barb
|upkeep
|turn|158
|
|t:|1666660068
|move|p1a: Melmetal|Toxic|p2a: Quagsire
|-status|p2a: Quagsire|tox
|move|p2a: Quagsire|Recover|p2a: Quagsire
|-heal|p2a: Quagsire|76/100 tox
|
|-damage|p2a: Quagsire|70/100 tox|[from] psn
|-damage|p2a: Quagsire|57/100 tox|[from] item: Sticky Barb
|upkeep
|turn|159
|
|t:|1666660074
|switch|p2a: Ditto|Ditto, shiny|98/100 par
|-transform|p2a: Ditto|p1a: Melmetal|[from] ability: Imposter
|move|p1a: Melmetal|Earthquake|p2a: Ditto
|-supereffective|p2a: Ditto
|-crit|p2a: Ditto
|-damage|p2a: Ditto|0 fnt
|faint|p2a: Ditto
|
|upkeep
|
|t:|1666660079
|switch|p2a: Shedinja|Shedinja|100/100
|turn|160
|
|t:|1666660090
|switch|p2a: Toxapex|Toxapex, M|58/100 par
|switch|p1a: Tornadus|Tornadus-Therian, M|73/100 tox
|
|-damage|p1a: Tornadus|67/100 tox|[from] psn
|upkeep
|turn|161
|c| Kwaga|LFG!
|
|t:|1666660094
|switch|p1a: Clefable|Clefable, F|80/100 par
|move|p2a: Toxapex|Recover|p2a: Toxapex
|-heal|p2a: Toxapex|100/100 par
|
|upkeep
|turn|162
|
|t:|1666660098
|move|p1a: Clefable|Soft-Boiled|p1a: Clefable
|-heal|p1a: Clefable|100/100 par
|move|p2a: Toxapex|Knock Off|p1a: Clefable
|-resisted|p1a: Clefable
|-damage|p1a: Clefable|95/100 par
|
|upkeep
|turn|163
|
|t:|1666660108
|switch|p2a: Shedinja|Shedinja|100/100
|move|p1a: Clefable|Moonblast|p2a: Shedinja
|-immune|p2a: Shedinja|[from] ability: Wonder Guard
|
|upkeep
|turn|164
|
|t:|1666660116
|move|p2a: Shedinja|Will-O-Wisp||[still]
|-fail|p2a: Shedinja
|move|p1a: Clefable|Moonblast|p2a: Shedinja
|-immune|p2a: Shedinja|[from] ability: Wonder Guard
|
|upkeep
|turn|165
|
|t:|1666660120
|move|p2a: Shedinja|Will-O-Wisp||[still]
|-fail|p2a: Shedinja
|move|p1a: Clefable|Trick|p2a: Shedinja
|-activate|p1a: Clefable|move: Trick|[of] p2a: Shedinja
|-enditem|p2a: Shedinja|Heavy-Duty Boots|[silent]|[from] move: Trick
|-item|p1a: Clefable|Heavy-Duty Boots|[from] move: Trick
|
|upkeep
|turn|166
|
|t:|1666660126
|switch|p1a: Tornadus|Tornadus-Therian, M|99/100 tox
|move|p2a: Shedinja|Will-O-Wisp||[still]
|-fail|p2a: Shedinja
|
|-damage|p1a: Tornadus|94/100 tox|[from] psn
|upkeep
|turn|167
|
|t:|1666660134
|switch|p2a: Blissey|Blissey, F|83/100
|move|p1a: Tornadus|Defog|p2a: Blissey
|-unboost|p2a: Blissey|evasion|1
|-sideend|p1: Daevank5|Stealth Rock|[from] move: Defog|[of] p1a: Tornadus
|
|-damage|p1a: Tornadus|82/100 tox|[from] psn
|upkeep
|turn|168
|
|t:|1666660138
|switch|p1a: Melmetal|Melmetal|100/100
|move|p2a: Blissey|Toxic|p1a: Melmetal|[miss]
|-miss|p2a: Blissey|p1a: Melmetal
|
|upkeep
|turn|169
|j| Quagshi
|
|t:|1666660146
|switch|p2a: Shedinja|Shedinja|100/100
|move|p1a: Melmetal|Toxic|p2a: Shedinja
|-status|p2a: Shedinja|tox
|
|-damage|p2a: Shedinja|0 fnt|[from] psn
|faint|p2a: Shedinja
|upkeep
|-message|shiawasenostory forfeited.
|
|win|Daevank5
|raw|Daevank5's rating: 1802 &rarr; <strong>1827</strong><br />(+25 for winning)
|raw|shiawasenostory's rating: 1890 &rarr; <strong>1865</strong><br />(-25 for losing)
|l|☆shiawasenostory
|c| Kwaga|YEEE
|l| Quagshi
|l| qwertysadge
|c|☆Daevank5|GG
|c| Kwaga|stall destruction
|c|☆Daevank5|:)
|c| Kwaga|love to see it
|c|☆Daevank5|YESSIR
|c|☆Daevank5|sending this one to Blim :)
|c| Kwaga|good
|c| Kwaga|this guys team is
|c| Kwaga|disgusting
|l| weergo
|c|☆Daevank5|It really is
|c|☆Daevank5|If he had heal bell
|c| Kwaga|made me throw up my mouth
|c|☆Daevank5|i would have lost 1000%
|c|☆Daevank5|Genuinely
|c| Kwaga|ye hed jus stlal u out
||Ladder isn't responding, score probably updated but might not have (Request timeout).
|l| CanUrepeat
|c| Kwaga|well played mang
|l| Kwaga
|c|☆Daevank5|Cheers brother
