|j|☆child in her poor
|j|☆i'm back from mars
|inactive|Battle timer is ON: inactive players will automatically lose when time's up.
|t:|1596574183
|player|p1|child in her poor|olympia|
|player|p2|i'm back from mars|skierf|
|teamsize|p1|6
|teamsize|p2|6
|gametype|singles
|gen|8
|tier|[Gen 8] OU
|rated|Tournament battle
|html|<div class="broadcast-blue"><strong>OU is currently suspecting Magearna! For information on how to participate check out the <a href="https://www.smogon.com/forums/threads/3667669/">suspect thread</a>.</strong></div>
|clearpoke
|poke|p1|Chansey, F|
|poke|p1|Toxapex, M|
|poke|p1|Seismitoad, F|
|poke|p1|Corviknight, M|
|poke|p1|Clefable, F|
|poke|p1|Mandibuzz, F|
|poke|p2|Mew|
|poke|p2|Kyurem|
|poke|p2|Mandibuzz, F|
|poke|p2|Toxapex, M|
|poke|p2|Chansey, F|
|poke|p2|Quagsire, M|
|rule|Sleep Clause Mod: Limit one foe put to sleep
|rule|Species Clause: Limit one of each Pokémon
|rule|OHKO Clause: OHKO moves are banned
|rule|Evasion Moves Clause: Evasion moves are banned
|rule|Endless Battle Clause: Forcing endless battles is banned
|rule|HP Percentage Mod: HP is shown in percentages
|rule|Dynamax Clause: You cannot dynamax
|teampreview
|inactive|child in her poor also wants the timer to be on.
|c|☆i'm back from mars|hi sky
|c|☆child in her poor|pink mons?
|j| Liquid Nitro
|c|☆i'm back from mars|y
|c|☆child in her poor|how are you?
|c|☆i'm back from mars|great and you ?
|c|☆child in her poor|p good
|j| TachFenix
|inactive|child in her poor has 120 seconds left.
|c|☆child in her poor|are u doing olt this year?
|j| cypherstest
|c| Liquid Nitro|looks like you guys are having too much fun
|
|t:|1596574230
|start
|switch|p1a: Agumon|Toxapex, M, shiny|100/100
|switch|p2a: Toxapex|Toxapex, M, shiny|100/100
|turn|1
|c|☆i'm back from mars|maybe but idt i will have time
|
|t:|1596574234
|move|p2a: Toxapex|Knock Off|p1a: Agumon
|-damage|p1a: Agumon|92/100
|-damage|p2a: Toxapex|84/100|[from] item: Rocky Helmet|[of] p1a: Agumon
|-enditem|p1a: Agumon|Rocky Helmet|[from] move: Knock Off|[of] p2a: Toxapex
|move|p1a: Agumon|Knock Off|p2a: Toxapex
|-damage|p2a: Toxapex|75/100
|-damage|p1a: Agumon|75/100|[from] item: Rocky Helmet|[of] p2a: Toxapex
|-enditem|p2a: Toxapex|Rocky Helmet|[from] move: Knock Off|[of] p1a: Agumon
|
|upkeep
|turn|2
|
|t:|1596574244
|move|p2a: Toxapex|Knock Off|p1a: Agumon
|-damage|p1a: Agumon|69/100
|move|p1a: Agumon|Knock Off|p2a: Toxapex
|-damage|p2a: Toxapex|69/100
|
|upkeep
|turn|3
|
|t:|1596574248
|move|p1a: Agumon|Knock Off|p2a: Toxapex
|-damage|p2a: Toxapex|62/100
|move|p2a: Toxapex|Knock Off|p1a: Agumon
|-damage|p1a: Agumon|63/100
|
|upkeep
|turn|4
|c| Liquid Nitro|you have the time running this stuff
|
|t:|1596574251
|move|p1a: Agumon|Knock Off|p2a: Toxapex
|-damage|p2a: Toxapex|56/100
|move|p2a: Toxapex|Knock Off|p1a: Agumon
|-damage|p1a: Agumon|57/100
|
|upkeep
|turn|5
|c|☆i'm back from mars|this is exactly the mu i wanted to try
|
|t:|1596574269
|switch|p2a: Mew|Mew|100/100
|switch|p1a: Angemon|Corviknight, M, shiny|100/100
|-ability|p1a: Angemon|Pressure
|
|upkeep
|turn|6
|c|☆child in her poor|for kyurem?
|c|☆i'm back from mars|ye
|
|t:|1596574284
|switch|p2a: Toxapex|Toxapex, M, shiny|89/100
|move|p1a: Angemon|Iron Defense|p1a: Angemon
|-boost|p1a: Angemon|def|2
|
|upkeep
|turn|7
|
|t:|1596574288
|switch|p1a: Agumon|Toxapex, M, shiny|90/100
|move|p2a: Toxapex|Haze|p2a: Toxapex
|-clearallboost
|
|upkeep
|turn|8
|
|t:|1596574294
|move|p2a: Toxapex|Knock Off|p1a: Agumon
|-damage|p1a: Agumon|83/100
|move|p1a: Agumon|Haze|p1a: Agumon
|-clearallboost
|
|upkeep
|turn|9
|
|t:|1596574297
|switch|p2a: Mew|Mew|100/100
|move|p1a: Agumon|Haze|p1a: Agumon
|-clearallboost
|
|upkeep
|turn|10
|
|t:|1596574302
|switch|p1a: Angemon|Corviknight, M, shiny|100/100
|-ability|p1a: Angemon|Pressure
|move|p2a: Mew|Will-O-Wisp|p1a: Angemon
|-status|p1a: Angemon|brn
|
|-damage|p1a: Angemon|94/100 brn|[from] brn
|upkeep
|turn|11
|c| Liquid Nitro|1 hour later
|
|t:|1596574312
|switch|p2a: Kyurem|Kyurem|100/100
|-ability|p2a: Kyurem|Pressure
|switch|p1a: Greymon|Chansey, F, shiny|100/100
|
|upkeep
|turn|12
|
|t:|1596574317
|move|p2a: Kyurem|Substitute|p2a: Kyurem
|-start|p2a: Kyurem|Substitute
|-damage|p2a: Kyurem|76/100
|move|p1a: Greymon|Thunder Wave||[still]
|-fail|p1a: Greymon
|
|upkeep
|turn|13
|
|t:|1596574323
|move|p2a: Kyurem|Icicle Spear|p1a: Greymon
|-damage|p1a: Greymon|91/100
|-damage|p1a: Greymon|80/100
|-damage|p1a: Greymon|71/100
|-hitcount|p1a: Greymon|3
|move|p1a: Greymon|Aromatherapy|p1a: Greymon
|-activate|p1a: Greymon|move: Aromatherapy
|-curestatus|p1: Angemon|brn|[msg]
|
|upkeep
|turn|14
|
|t:|1596574334
|move|p2a: Kyurem|Icicle Spear|p1a: Greymon
|-damage|p1a: Greymon|60/100
|-damage|p1a: Greymon|51/100
|-damage|p1a: Greymon|41/100
|-damage|p1a: Greymon|30/100
|-damage|p1a: Greymon|19/100
|-hitcount|p1a: Greymon|5
|move|p1a: Greymon|Soft-Boiled|p1a: Greymon
|-heal|p1a: Greymon|69/100
|
|upkeep
|turn|15
|c|☆child in her poor|jesus, that has a ton of pp
|c|☆i'm back from mars|yes
|l| Liquid Nitro
|
|t:|1596574347
|switch|p1a: Agumon|Toxapex, M, shiny|100/100
|move|p2a: Kyurem|Icicle Spear|p1a: Agumon
|-resisted|p1a: Agumon
|-damage|p1a: Agumon|96/100
|-resisted|p1a: Agumon
|-damage|p1a: Agumon|91/100
|-hitcount|p1a: Agumon|2
|
|upkeep
|turn|16
|
|t:|1596574353
|switch|p1a: Angemon|Corviknight, M, shiny|94/100
|-ability|p1a: Angemon|Pressure
|move|p2a: Kyurem|Freeze-Dry|p1a: Angemon
|-damage|p1a: Angemon|61/100
|
|upkeep
|turn|17
|
|t:|1596574359
|move|p2a: Kyurem|Freeze-Dry|p1a: Angemon
|-damage|p1a: Angemon|28/100
|move|p1a: Angemon|Roost|p1a: Angemon
|-heal|p1a: Angemon|78/100
|-singleturn|p1a: Angemon|move: Roost
|
|upkeep
|turn|18
|
|t:|1596574367
|move|p2a: Kyurem|Icicle Spear|p1a: Angemon
|-damage|p1a: Angemon|69/100
|-damage|p1a: Angemon|59/100
|-hitcount|p1a: Angemon|2
|move|p1a: Angemon|Roost|p1a: Angemon
|-heal|p1a: Angemon|100/100
|-singleturn|p1a: Angemon|move: Roost
|
|upkeep
|turn|19
|c|☆child in her poor|thought u were dd
|
|t:|1596574374
|move|p2a: Kyurem|Freeze-Dry|p1a: Angemon
|-damage|p1a: Angemon|63/100
|move|p1a: Angemon|Iron Defense|p1a: Angemon
|-boost|p1a: Angemon|def|2
|
|upkeep
|turn|20
|c|☆i'm back from mars|idk
|
|t:|1596574378
|move|p2a: Kyurem|Freeze-Dry|p1a: Angemon
|-damage|p1a: Angemon|27/100
|move|p1a: Angemon|Roost|p1a: Angemon
|-heal|p1a: Angemon|77/100
|-singleturn|p1a: Angemon|move: Roost
|
|upkeep
|turn|21
|
|t:|1596574385
|move|p2a: Kyurem|Freeze-Dry|p1a: Angemon
|-damage|p1a: Angemon|41/100
|move|p1a: Angemon|Roost|p1a: Angemon
|-heal|p1a: Angemon|91/100
|-singleturn|p1a: Angemon|move: Roost
|
|upkeep
|turn|22
|
|t:|1596574391
|switch|p2a: Toxapex|Toxapex, M, shiny|100/100
|move|p1a: Angemon|Iron Defense|p1a: Angemon
|-boost|p1a: Angemon|def|2
|
|upkeep
|turn|23
|
|t:|1596574394
|switch|p1a: Agumon|Toxapex, M, shiny|100/100
|move|p2a: Toxapex|Haze|p2a: Toxapex
|-clearallboost
|
|upkeep
|turn|24
|
|t:|1596574402
|switch|p1a: Gatomon|Seismitoad, F, shiny|100/100
|move|p2a: Toxapex|Knock Off|p1a: Gatomon
|-damage|p1a: Gatomon|87/100
|-enditem|p1a: Gatomon|Leftovers|[from] move: Knock Off|[of] p2a: Toxapex
|
|upkeep
|turn|25
|
|t:|1596574407
|switch|p2a: Mew|Mew|100/100
|move|p1a: Gatomon|Stealth Rock|p2a: Mew
|-sidestart|p2: i'm back from mars|move: Stealth Rock
|
|upkeep
|turn|26
|
|t:|1596574411
|move|p2a: Mew|Defog|p1a: Gatomon
|-unboost|p1a: Gatomon|evasion|1
|-sideend|p2: i'm back from mars|Stealth Rock|[from] move: Defog|[of] p2a: Mew
|move|p1a: Gatomon|Scald|p2a: Mew
|-damage|p2a: Mew|84/100
|
|upkeep
|turn|27
|
|t:|1596574413
|move|p2a: Mew|Will-O-Wisp|p1a: Gatomon
|-status|p1a: Gatomon|brn
|move|p1a: Gatomon|Stealth Rock|p2a: Mew
|-sidestart|p2: i'm back from mars|move: Stealth Rock
|
|-damage|p1a: Gatomon|81/100 brn|[from] brn
|upkeep
|turn|28
|
|t:|1596574415
|move|p2a: Mew|Defog|p1a: Gatomon
|-unboost|p1a: Gatomon|evasion|1
|-sideend|p2: i'm back from mars|Stealth Rock|[from] move: Defog|[of] p2a: Mew
|move|p1a: Gatomon|Scald|p2a: Mew
|-damage|p2a: Mew|65/100
|
|-damage|p1a: Gatomon|75/100 brn|[from] brn
|upkeep
|turn|29
|
|t:|1596574418
|move|p2a: Mew|Psychic|p1a: Gatomon
|-damage|p1a: Gatomon|41/100 brn
|move|p1a: Gatomon|Stealth Rock|p2a: Mew
|-sidestart|p2: i'm back from mars|move: Stealth Rock
|
|-damage|p1a: Gatomon|35/100 brn|[from] brn
|upkeep
|turn|30
|j| DoctorofTime
|
|t:|1596574423
|move|p2a: Mew|Defog|p1a: Gatomon
|-unboost|p1a: Gatomon|evasion|1
|-sideend|p2: i'm back from mars|Stealth Rock|[from] move: Defog|[of] p2a: Mew
|move|p1a: Gatomon|Rest|p1a: Gatomon
|-status|p1a: Gatomon|slp|[from] move: Rest
|-heal|p1a: Gatomon|100/100 slp|[silent]
|
|upkeep
|turn|31
|
|t:|1596574428
|switch|p2a: Kyurem|Kyurem|76/100
|-ability|p2a: Kyurem|Pressure
|cant|p1a: Gatomon|slp
|
|upkeep
|turn|32
|l| DoctorofTime
|
|t:|1596574439
|switch|p1a: Angemon|Corviknight, M, shiny|91/100
|-ability|p1a: Angemon|Pressure
|move|p2a: Kyurem|Icicle Spear|p1a: Angemon
|-damage|p1a: Angemon|82/100
|-crit|p1a: Angemon
|-damage|p1a: Angemon|67/100
|-damage|p1a: Angemon|57/100
|-damage|p1a: Angemon|47/100
|-hitcount|p1a: Angemon|4
|
|upkeep
|turn|33
|
|t:|1596574442
|move|p2a: Kyurem|Freeze-Dry|p1a: Angemon
|-damage|p1a: Angemon|10/100
|move|p1a: Angemon|Roost|p1a: Angemon
|-heal|p1a: Angemon|60/100
|-singleturn|p1a: Angemon|move: Roost
|
|upkeep
|turn|34
|j| DoctorofTime
|l| DoctorofTime
|
|t:|1596574461
|switch|p2a: Mew|Mew|65/100
|move|p1a: Angemon|Roost|p1a: Angemon
|-heal|p1a: Angemon|100/100
|-singleturn|p1a: Angemon|move: Roost
|
|upkeep
|turn|35
|
|t:|1596574473
|switch|p1a: Gatomon|Seismitoad, F, shiny|100/100 slp
|move|p2a: Mew|Soft-Boiled|p2a: Mew
|-heal|p2a: Mew|100/100
|
|upkeep
|turn|36
|
|t:|1596574481
|move|p2a: Mew|Psychic|p1a: Gatomon
|-damage|p1a: Gatomon|71/100 slp
|cant|p1a: Gatomon|slp
|
|upkeep
|turn|37
|
|t:|1596574485
|move|p2a: Mew|Psychic|p1a: Gatomon
|-damage|p1a: Gatomon|38/100 slp
|-curestatus|p1a: Gatomon|slp|[msg]
|move|p1a: Gatomon|Rest|p1a: Gatomon
|-status|p1a: Gatomon|slp|[from] move: Rest
|-heal|p1a: Gatomon|100/100 slp|[silent]
|
|upkeep
|turn|38
|
|t:|1596574493
|switch|p2a: Kyurem|Kyurem|76/100
|-ability|p2a: Kyurem|Pressure
|cant|p1a: Gatomon|slp
|
|upkeep
|turn|39
|
|t:|1596574496
|switch|p1a: Angemon|Corviknight, M, shiny|100/100
|-ability|p1a: Angemon|Pressure
|move|p2a: Kyurem|Substitute|p2a: Kyurem
|-start|p2a: Kyurem|Substitute
|-damage|p2a: Kyurem|51/100
|
|upkeep
|turn|40
|
|t:|1596574502
|switch|p1a: Greymon|Chansey, F, shiny|69/100
|move|p2a: Kyurem|Roost|p2a: Kyurem
|-heal|p2a: Kyurem|100/100
|-singleturn|p2a: Kyurem|move: Roost
|
|upkeep
|turn|41
|
|t:|1596574505
|move|p2a: Kyurem|Icicle Spear|p1a: Greymon
|-damage|p1a: Greymon|60/100
|-damage|p1a: Greymon|51/100
|-damage|p1a: Greymon|40/100
|-damage|p1a: Greymon|30/100
|-damage|p1a: Greymon|20/100
|-hitcount|p1a: Greymon|5
|move|p1a: Greymon|Soft-Boiled|p1a: Greymon
|-heal|p1a: Greymon|70/100
|
|upkeep
|turn|42
|
|t:|1596574512
|move|p2a: Kyurem|Icicle Spear|p1a: Greymon
|-damage|p1a: Greymon|60/100
|-damage|p1a: Greymon|51/100
|-damage|p1a: Greymon|40/100
|-hitcount|p1a: Greymon|3
|move|p1a: Greymon|Soft-Boiled|p1a: Greymon
|-heal|p1a: Greymon|90/100
|
|upkeep
|turn|43
|
|t:|1596574518
|switch|p1a: Agumon|Toxapex, M, shiny|100/100
|move|p2a: Kyurem|Icicle Spear|p1a: Agumon
|-resisted|p1a: Agumon
|-damage|p1a: Agumon|96/100
|-resisted|p1a: Agumon
|-damage|p1a: Agumon|91/100
|-resisted|p1a: Agumon
|-damage|p1a: Agumon|86/100
|-hitcount|p1a: Agumon|3
|
|upkeep
|turn|44
|
|t:|1596574522
|move|p2a: Kyurem|Icicle Spear|p1a: Agumon
|-resisted|p1a: Agumon
|-damage|p1a: Agumon|82/100
|-resisted|p1a: Agumon
|-damage|p1a: Agumon|76/100
|-resisted|p1a: Agumon
|-damage|p1a: Agumon|72/100
|-hitcount|p1a: Agumon|3
|move|p1a: Agumon|Recover|p1a: Agumon
|-heal|p1a: Agumon|100/100
|
|upkeep
|turn|45
|
|t:|1596574528
|move|p2a: Kyurem|Freeze-Dry|p1a: Agumon
|-supereffective|p1a: Agumon
|-damage|p1a: Agumon|41/100
|move|p1a: Agumon|Recover|p1a: Agumon
|-heal|p1a: Agumon|91/100
|
|upkeep
|turn|46
|
|t:|1596574541
|switch|p2a: Mew|Mew|100/100
|move|p1a: Agumon|Recover|p1a: Agumon
|-heal|p1a: Agumon|100/100
|
|upkeep
|turn|47
|
|t:|1596574544
|move|p2a: Mew|Will-O-Wisp|p1a: Agumon
|-status|p1a: Agumon|brn
|move|p1a: Agumon|Toxic||[still]
|-status|p2a: Mew|tox
|-activate|p2a: Mew|ability: Synchronize
|-fail|p2a: Mew
|
|-damage|p2a: Mew|94/100 tox|[from] psn
|-damage|p1a: Agumon|94/100 brn|[from] brn
|upkeep
|turn|48
|
|t:|1596574554
|switch|p2a: Toxapex|Toxapex, M, shiny|100/100
|switch|p1a: Greymon|Chansey, F, shiny|90/100
|
|upkeep
|turn|49
|
|t:|1596574558
|switch|p1a: Agumon|Toxapex, M, shiny|100/100 brn
|move|p2a: Toxapex|Knock Off|p1a: Agumon
|-damage|p1a: Agumon|94/100 brn
|
|-damage|p1a: Agumon|88/100 brn|[from] brn
|upkeep
|turn|50
|
|t:|1596574561
|switch|p1a: Gatomon|Seismitoad, F, shiny|100/100 slp
|move|p2a: Toxapex|Knock Off|p1a: Gatomon
|-crit|p1a: Gatomon
|-damage|p1a: Gatomon|88/100 slp
|
|upkeep
|turn|51
|
|t:|1596574565
|switch|p2a: Kyurem|Kyurem|100/100
|-ability|p2a: Kyurem|Pressure
|cant|p1a: Gatomon|slp
|
|upkeep
|turn|52
|
|t:|1596574572
|switch|p1a: Angemon|Corviknight, M, shiny|100/100
|-ability|p1a: Angemon|Pressure
|move|p2a: Kyurem|Substitute|p2a: Kyurem
|-start|p2a: Kyurem|Substitute
|-damage|p2a: Kyurem|76/100
|
|upkeep
|turn|53
|
|t:|1596574579
|move|p2a: Kyurem|Icicle Spear|p1a: Angemon
|-damage|p1a: Angemon|91/100
|-damage|p1a: Angemon|82/100
|-damage|p1a: Angemon|72/100
|-hitcount|p1a: Angemon|3
|move|p1a: Angemon|Iron Defense|p1a: Angemon
|-boost|p1a: Angemon|def|2
|
|upkeep
|turn|54
|
|t:|1596574588
|move|p2a: Kyurem|Freeze-Dry|p1a: Angemon
|-damage|p1a: Angemon|36/100
|move|p1a: Angemon|Roost|p1a: Angemon
|-heal|p1a: Angemon|86/100
|-singleturn|p1a: Angemon|move: Roost
|
|upkeep
|turn|55
|
|t:|1596574597
|move|p2a: Kyurem|Icicle Spear|p1a: Angemon
|-damage|p1a: Angemon|81/100
|-damage|p1a: Angemon|76/100
|-crit|p1a: Angemon
|-damage|p1a: Angemon|61/100
|-damage|p1a: Angemon|57/100
|-damage|p1a: Angemon|51/100
|-hitcount|p1a: Angemon|5
|move|p1a: Angemon|Roost|p1a: Angemon
|-heal|p1a: Angemon|100/100
|-singleturn|p1a: Angemon|move: Roost
|
|upkeep
|turn|56
|
|t:|1596574610
|switch|p2a: Toxapex|Toxapex, M, shiny|100/100
|move|p1a: Angemon|Iron Defense|p1a: Angemon
|-boost|p1a: Angemon|def|2
|
|upkeep
|turn|57
|
|t:|1596574615
|switch|p1a: Gatomon|Seismitoad, F, shiny|88/100 slp
|move|p2a: Toxapex|Knock Off|p1a: Gatomon
|-damage|p1a: Gatomon|80/100 slp
|
|upkeep
|turn|58
|
|t:|1596574629
|switch|p2a: Kyurem|Kyurem|76/100
|-ability|p2a: Kyurem|Pressure
|-curestatus|p1a: Gatomon|slp|[msg]
|move|p1a: Gatomon|Stealth Rock|p2a: Kyurem
|-sidestart|p2: i'm back from mars|move: Stealth Rock
|
|upkeep
|turn|59
|
|t:|1596574636
|switch|p1a: Angemon|Corviknight, M, shiny|100/100
|-ability|p1a: Angemon|Pressure
|move|p2a: Kyurem|Substitute|p2a: Kyurem
|-start|p2a: Kyurem|Substitute
|-damage|p2a: Kyurem|51/100
|
|upkeep
|turn|60
|
|t:|1596574638
|switch|p1a: Greymon|Chansey, F, shiny|90/100
|move|p2a: Kyurem|Roost|p2a: Kyurem
|-heal|p2a: Kyurem|100/100
|-singleturn|p2a: Kyurem|move: Roost
|
|upkeep
|turn|61
|
|t:|1596574644
|move|p2a: Kyurem|Icicle Spear|p1a: Greymon
|-damage|p1a: Greymon|81/100
|-damage|p1a: Greymon|71/100
|-hitcount|p1a: Greymon|2
|move|p1a: Greymon|Soft-Boiled|p1a: Greymon
|-heal|p1a: Greymon|100/100
|
|upkeep
|turn|62
|
|t:|1596574650
|move|p2a: Kyurem|Icicle Spear|p1a: Greymon
|-damage|p1a: Greymon|90/100
|-crit|p1a: Greymon
|-damage|p1a: Greymon|74/100
|-hitcount|p1a: Greymon|2
|move|p1a: Greymon|Aromatherapy|p1a: Greymon
|-activate|p1a: Greymon|move: Aromatherapy
|-curestatus|p1: Agumon|brn|[msg]
|
|upkeep
|turn|63
|
|t:|1596574657
|move|p2a: Kyurem|Freeze-Dry|p1a: Greymon
|-damage|p1a: Greymon|64/100
|move|p1a: Greymon|Soft-Boiled|p1a: Greymon
|-heal|p1a: Greymon|100/100
|
|upkeep
|turn|64
|
|t:|1596574666
|switch|p1a: Angemon|Corviknight, M, shiny|100/100
|-ability|p1a: Angemon|Pressure
|move|p2a: Kyurem|Freeze-Dry|p1a: Angemon
|-damage|p1a: Angemon|62/100
|
|upkeep
|turn|65
|
|t:|1596574669
|move|p2a: Kyurem|Freeze-Dry|p1a: Angemon
|-damage|p1a: Angemon|24/100
|move|p1a: Angemon|Roost|p1a: Angemon
|-heal|p1a: Angemon|74/100
|-singleturn|p1a: Angemon|move: Roost
|
|upkeep
|turn|66
|
|t:|1596574676
|move|p2a: Kyurem|Freeze-Dry|p1a: Angemon
|-crit|p1a: Angemon
|-damage|p1a: Angemon|21/100
|move|p1a: Angemon|Roost|p1a: Angemon
|-heal|p1a: Angemon|71/100
|-singleturn|p1a: Angemon|move: Roost
|
|upkeep
|turn|67
|
|t:|1596574685
|move|p2a: Kyurem|Freeze-Dry|p1a: Angemon
|-crit|p1a: Angemon
|-damage|p1a: Angemon|14/100
|-status|p1a: Angemon|frz
|cant|p1a: Angemon|frz
|
|upkeep
|turn|68
|
|t:|1596574691
|switch|p1a: Greymon|Chansey, F, shiny|100/100
|move|p2a: Kyurem|Icicle Spear|p1a: Greymon
|-damage|p1a: Greymon|89/100
|-damage|p1a: Greymon|79/100
|-damage|p1a: Greymon|69/100
|-damage|p1a: Greymon|58/100
|-hitcount|p1a: Greymon|4
|
|upkeep
|turn|69
|
|t:|1596574694
|move|p2a: Kyurem|Icicle Spear|p1a: Greymon
|-damage|p1a: Greymon|49/100
|-damage|p1a: Greymon|38/100
|-hitcount|p1a: Greymon|2
|move|p1a: Greymon|Soft-Boiled|p1a: Greymon
|-heal|p1a: Greymon|88/100
|
|upkeep
|turn|70
|
|t:|1596574699
|move|p2a: Kyurem|Icicle Spear|p1a: Greymon
|-damage|p1a: Greymon|78/100
|-damage|p1a: Greymon|67/100
|-damage|p1a: Greymon|57/100
|-damage|p1a: Greymon|47/100
|-hitcount|p1a: Greymon|4
|move|p1a: Greymon|Aromatherapy|p1a: Greymon
|-activate|p1a: Greymon|move: Aromatherapy
|-curestatus|p1: Angemon|frz|[msg]
|
|upkeep
|turn|71
|
|t:|1596574706
|move|p2a: Kyurem|Icicle Spear|p1a: Greymon
|-damage|p1a: Greymon|37/100
|-damage|p1a: Greymon|28/100
|-hitcount|p1a: Greymon|2
|move|p1a: Greymon|Soft-Boiled|p1a: Greymon
|-heal|p1a: Greymon|78/100
|
|upkeep
|turn|72
|
|t:|1596574712
|move|p2a: Kyurem|Icicle Spear|p1a: Greymon
|-damage|p1a: Greymon|67/100
|-damage|p1a: Greymon|57/100
|-damage|p1a: Greymon|47/100
|-damage|p1a: Greymon|37/100
|-damage|p1a: Greymon|26/100
|-hitcount|p1a: Greymon|5
|move|p1a: Greymon|Soft-Boiled|p1a: Greymon
|-heal|p1a: Greymon|76/100
|
|upkeep
|turn|73
|
|t:|1596574721
|switch|p1a: Agumon|Toxapex, M, shiny|100/100
|move|p2a: Kyurem|Icicle Spear|p1a: Agumon
|-resisted|p1a: Agumon
|-damage|p1a: Agumon|96/100
|-resisted|p1a: Agumon
|-damage|p1a: Agumon|91/100
|-resisted|p1a: Agumon
|-damage|p1a: Agumon|86/100
|-resisted|p1a: Agumon
|-damage|p1a: Agumon|81/100
|-resisted|p1a: Agumon
|-damage|p1a: Agumon|76/100
|-hitcount|p1a: Agumon|5
|
|upkeep
|turn|74
|
|t:|1596574726
|move|p2a: Kyurem|Icicle Spear|p1a: Agumon
|-resisted|p1a: Agumon
|-damage|p1a: Agumon|72/100
|-resisted|p1a: Agumon
|-damage|p1a: Agumon|67/100
|-resisted|p1a: Agumon
|-damage|p1a: Agumon|62/100
|-resisted|p1a: Agumon
|-damage|p1a: Agumon|57/100
|-resisted|p1a: Agumon
|-damage|p1a: Agumon|53/100
|-hitcount|p1a: Agumon|5
|move|p1a: Agumon|Recover|p1a: Agumon
|-heal|p1a: Agumon|100/100
|
|upkeep
|turn|75
|
|t:|1596574729
|move|p2a: Kyurem|Icicle Spear|p1a: Agumon
|-resisted|p1a: Agumon
|-damage|p1a: Agumon|95/100
|-resisted|p1a: Agumon
|-damage|p1a: Agumon|91/100
|-resisted|p1a: Agumon
|-damage|p1a: Agumon|86/100
|-hitcount|p1a: Agumon|3
|move|p1a: Agumon|Recover|p1a: Agumon
|-heal|p1a: Agumon|100/100
|
|upkeep
|turn|76
|
|t:|1596574736
|move|p2a: Kyurem|Icicle Spear|p1a: Agumon
|-resisted|p1a: Agumon
|-damage|p1a: Agumon|96/100
|-resisted|p1a: Agumon
|-damage|p1a: Agumon|91/100
|-resisted|p1a: Agumon
|-damage|p1a: Agumon|86/100
|-hitcount|p1a: Agumon|3
|move|p1a: Agumon|Knock Off|p2a: Kyurem
|-activate|p2a: Kyurem|move: Substitute|[damage]
|
|upkeep
|turn|77
|
|t:|1596574745
|move|p2a: Kyurem|Icicle Spear|p1a: Agumon
|-resisted|p1a: Agumon
|-damage|p1a: Agumon|82/100
|-resisted|p1a: Agumon
|-damage|p1a: Agumon|77/100
|-resisted|p1a: Agumon
|-damage|p1a: Agumon|72/100
|-resisted|p1a: Agumon
|-damage|p1a: Agumon|67/100
|-resisted|p1a: Agumon
|-damage|p1a: Agumon|62/100
|-hitcount|p1a: Agumon|5
|move|p1a: Agumon|Recover|p1a: Agumon
|-heal|p1a: Agumon|100/100
|
|upkeep
|turn|78
|j| swadly122
|
|t:|1596574755
|move|p2a: Kyurem|Icicle Spear|p1a: Agumon
|-resisted|p1a: Agumon
|-damage|p1a: Agumon|96/100
|-resisted|p1a: Agumon
|-damage|p1a: Agumon|91/100
|-resisted|p1a: Agumon
|-damage|p1a: Agumon|86/100
|-resisted|p1a: Agumon
|-damage|p1a: Agumon|82/100
|-resisted|p1a: Agumon
|-damage|p1a: Agumon|77/100
|-hitcount|p1a: Agumon|5
|move|p1a: Agumon|Knock Off|p2a: Kyurem
|-end|p2a: Kyurem|Substitute
|
|upkeep
|turn|79
|j| OUTU Hide And Seek
|
|t:|1596574765
|switch|p1a: Biyomon|Clefable, F, shiny|100/100
|move|p2a: Kyurem|Roost||[still]
|-fail|p2a: Kyurem|heal
|
|upkeep
|turn|80
|
|t:|1596574769
|move|p2a: Kyurem|Substitute|p2a: Kyurem
|-start|p2a: Kyurem|Substitute
|-damage|p2a: Kyurem|76/100
|move|p1a: Biyomon|Wish|p1a: Biyomon
|
|upkeep
|turn|81
|j| NameNotFoundError
|
|t:|1596574777
|move|p2a: Kyurem|Icicle Spear|p1a: Biyomon
|-damage|p1a: Biyomon|88/100
|-damage|p1a: Biyomon|75/100
|-hitcount|p1a: Biyomon|2
|move|p1a: Biyomon|Moonblast|p2a: Kyurem
|-supereffective|p2a: Kyurem
|-end|p2a: Kyurem|Substitute
|
|-heal|p1a: Biyomon|100/100|[from] move: Wish|[wisher] Biyomon
|upkeep
|turn|82
|
|t:|1596574787
|move|p2a: Kyurem|Substitute|p2a: Kyurem
|-start|p2a: Kyurem|Substitute
|-damage|p2a: Kyurem|51/100
|move|p1a: Biyomon|Wish|p1a: Biyomon
|
|upkeep
|turn|83
|
|t:|1596574790
|move|p2a: Kyurem|Roost|p2a: Kyurem
|-heal|p2a: Kyurem|100/100
|-singleturn|p2a: Kyurem|move: Roost
|move|p1a: Biyomon|Calm Mind|p1a: Biyomon
|-boost|p1a: Biyomon|spa|1
|-boost|p1a: Biyomon|spd|1
|
|upkeep
|turn|84
|c| NameNotFoundError|how did u get those sprites for your team
|
|t:|1596574813
|switch|p2a: Chansey|Chansey, F|100/100
|-damage|p2a: Chansey|88/100|[from] Stealth Rock
|switch|p1a: Angemon|Corviknight, M, shiny|14/100
|-ability|p1a: Angemon|Pressure
|
|upkeep
|turn|85
|
|t:|1596574818
|move|p1a: Angemon|Roost|p1a: Angemon
|-heal|p1a: Angemon|64/100
|-singleturn|p1a: Angemon|move: Roost
|move|p2a: Chansey|Thunder Wave|p1a: Angemon
|-status|p1a: Angemon|par
|
|upkeep
|turn|86
|
|t:|1596574825
|switch|p2a: Kyurem|Kyurem|100/100
|-damage|p2a: Kyurem|76/100|[from] Stealth Rock
|-ability|p2a: Kyurem|Pressure
|switch|p1a: Greymon|Chansey, F, shiny|76/100
|
|upkeep
|turn|87
|
|t:|1596574830
|switch|p1a: Agumon|Toxapex, M, shiny|100/100
|move|p2a: Kyurem|Substitute|p2a: Kyurem
|-start|p2a: Kyurem|Substitute
|-damage|p2a: Kyurem|51/100
|
|upkeep
|turn|88
|
|t:|1596574834
|switch|p1a: Biyomon|Clefable, F, shiny|100/100
|move|p2a: Kyurem|Roost|p2a: Kyurem
|-heal|p2a: Kyurem|100/100
|-singleturn|p2a: Kyurem|move: Roost
|
|upkeep
|turn|89
|
|t:|1596574838
|move|p2a: Kyurem|Icicle Spear|p1a: Biyomon
|-damage|p1a: Biyomon|89/100
|-damage|p1a: Biyomon|76/100
|-damage|p1a: Biyomon|64/100
|-hitcount|p1a: Biyomon|3
|move|p1a: Biyomon|Calm Mind|p1a: Biyomon
|-boost|p1a: Biyomon|spa|1
|-boost|p1a: Biyomon|spd|1
|
|-heal|p1a: Biyomon|70/100|[from] item: Leftovers
|upkeep
|turn|90
|
|t:|1596574845
|move|p2a: Kyurem|Icicle Spear|p1a: Biyomon
|-damage|p1a: Biyomon|57/100
|-damage|p1a: Biyomon|45/100
|-hitcount|p1a: Biyomon|2
|move|p1a: Biyomon|Wish|p1a: Biyomon
|
|-heal|p1a: Biyomon|51/100|[from] item: Leftovers
|upkeep
|turn|91
|
|t:|1596574853
|switch|p2a: Chansey|Chansey, F|88/100
|-damage|p2a: Chansey|76/100|[from] Stealth Rock
|move|p1a: Biyomon|Protect||[still]
|-fail|p1a: Biyomon
|
|-heal|p1a: Biyomon|100/100|[from] move: Wish|[wisher] Biyomon
|upkeep
|turn|92
|
|t:|1596574858
|switch|p1a: Greymon|Chansey, F, shiny|76/100
|move|p2a: Chansey|Heal Bell|p2a: Chansey
|-activate|p2a: Chansey|move: Heal Bell
|-curestatus|p2: Mew|tox|[msg]
|
|upkeep
|turn|93
|
|t:|1596574867
|switch|p2a: Mandibuzz|Mandibuzz, F, shiny|100/100
|move|p1a: Greymon|Aromatherapy|p1a: Greymon
|-activate|p1a: Greymon|move: Aromatherapy
|-curestatus|p1: Angemon|par|[msg]
|
|upkeep
|turn|94
|
|t:|1596574877
|switch|p1a: Angemon|Corviknight, M, shiny|64/100
|-ability|p1a: Angemon|Pressure
|move|p2a: Mandibuzz|Knock Off|p1a: Angemon
|-damage|p1a: Angemon|50/100
|-enditem|p1a: Angemon|Shed Shell|[from] move: Knock Off|[of] p2a: Mandibuzz
|
|upkeep
|turn|95
|
|t:|1596574880
|move|p2a: Mandibuzz|Defog|p1a: Angemon
|-unboost|p1a: Angemon|evasion|1
|-sideend|p2: i'm back from mars|Stealth Rock|[from] move: Defog|[of] p2a: Mandibuzz
|move|p1a: Angemon|Roost|p1a: Angemon
|-heal|p1a: Angemon|99/100
|-singleturn|p1a: Angemon|move: Roost
|
|upkeep
|turn|96
|
|t:|1596574886
|switch|p2a: Kyurem|Kyurem|100/100
|-ability|p2a: Kyurem|Pressure
|switch|p1a: Agumon|Toxapex, M, shiny|100/100
|
|upkeep
|turn|97
|
|t:|1596574895
|switch|p1a: Angemon|Corviknight, M, shiny|99/100
|-ability|p1a: Angemon|Pressure
|move|p2a: Kyurem|Substitute|p2a: Kyurem
|-start|p2a: Kyurem|Substitute
|-damage|p2a: Kyurem|76/100
|
|upkeep
|turn|98
|
|t:|1596574901
|switch|p1a: Agumon|Toxapex, M, shiny|100/100
|move|p2a: Kyurem|Icicle Spear|p1a: Agumon
|-resisted|p1a: Agumon
|-damage|p1a: Agumon|96/100
|-resisted|p1a: Agumon
|-damage|p1a: Agumon|91/100
|-hitcount|p1a: Agumon|2
|
|upkeep
|turn|99
|
|t:|1596574904
|switch|p1a: Angemon|Corviknight, M, shiny|99/100
|-ability|p1a: Angemon|Pressure
|move|p2a: Kyurem|Freeze-Dry|p1a: Angemon
|-damage|p1a: Angemon|67/100
|
|upkeep
|turn|100
|
|t:|1596574906
|move|p2a: Kyurem|Freeze-Dry|p1a: Angemon
|-damage|p1a: Angemon|29/100
|-status|p1a: Angemon|frz
|cant|p1a: Angemon|frz
|
|upkeep
|turn|101
|
|t:|1596574915
|switch|p1a: Biyomon|Clefable, F, shiny|100/100
|move|p2a: Kyurem|Icicle Spear|p1a: Biyomon
|-damage|p1a: Biyomon|88/100
|-damage|p1a: Biyomon|75/100
|-damage|p1a: Biyomon|64/100
|-damage|p1a: Biyomon|52/100
|-hitcount|p1a: Biyomon|4
|
|-heal|p1a: Biyomon|58/100|[from] item: Leftovers
|upkeep
|turn|102
|
|t:|1596574930
|move|p2a: Kyurem|Freeze-Dry|p1a: Biyomon
|-damage|p1a: Biyomon|26/100
|-status|p1a: Biyomon|frz
|cant|p1a: Biyomon|frz
|
|-heal|p1a: Biyomon|32/100 frz|[from] item: Leftovers
|upkeep
|turn|103
|
|t:|1596574936
|switch|p1a: Agumon|Toxapex, M, shiny|100/100
|move|p2a: Kyurem|Icicle Spear|p1a: Agumon
|-resisted|p1a: Agumon
|-damage|p1a: Agumon|96/100
|-resisted|p1a: Agumon
|-damage|p1a: Agumon|91/100
|-resisted|p1a: Agumon
|-damage|p1a: Agumon|87/100
|-resisted|p1a: Agumon
|-damage|p1a: Agumon|82/100
|-resisted|p1a: Agumon
|-damage|p1a: Agumon|77/100
|-hitcount|p1a: Agumon|5
|
|upkeep
|turn|104
|c| NameNotFoundError|jesus
|
|t:|1596574945
|move|p2a: Kyurem|Icicle Spear|p1a: Agumon
|-resisted|p1a: Agumon
|-damage|p1a: Agumon|72/100
|-resisted|p1a: Agumon
|-damage|p1a: Agumon|67/100
|-hitcount|p1a: Agumon|2
|move|p1a: Agumon|Recover|p1a: Agumon
|-heal|p1a: Agumon|100/100
|
|upkeep
|turn|105
|
|t:|1596574949
|move|p2a: Kyurem|Icicle Spear|p1a: Agumon
|-resisted|p1a: Agumon
|-damage|p1a: Agumon|95/100
|-resisted|p1a: Agumon
|-damage|p1a: Agumon|91/100
|-hitcount|p1a: Agumon|2
|move|p1a: Agumon|Knock Off|p2a: Kyurem
|-activate|p2a: Kyurem|move: Substitute|[damage]
|
|upkeep
|turn|106
|
|t:|1596574951
|move|p2a: Kyurem|Icicle Spear|p1a: Agumon
|-resisted|p1a: Agumon
|-damage|p1a: Agumon|86/100
|-resisted|p1a: Agumon
|-damage|p1a: Agumon|81/100
|-resisted|p1a: Agumon
|-damage|p1a: Agumon|76/100
|-hitcount|p1a: Agumon|3
|move|p1a: Agumon|Knock Off|p2a: Kyurem
|-end|p2a: Kyurem|Substitute
|
|upkeep
|turn|107
|
|t:|1596574954
|switch|p1a: Greymon|Chansey, F, shiny|76/100
|move|p2a: Kyurem|Substitute|p2a: Kyurem
|-start|p2a: Kyurem|Substitute
|-damage|p2a: Kyurem|51/100
|
|upkeep
|turn|108
|
|t:|1596574957
|move|p2a: Kyurem|Icicle Spear|p1a: Greymon
|-damage|p1a: Greymon|66/100
|-damage|p1a: Greymon|55/100
|-damage|p1a: Greymon|45/100
|-damage|p1a: Greymon|35/100
|-hitcount|p1a: Greymon|4
|move|p1a: Greymon|Soft-Boiled|p1a: Greymon
|-heal|p1a: Greymon|85/100
|
|upkeep
|turn|109
|
|t:|1596574965
|move|p2a: Kyurem|Icicle Spear|p1a: Greymon
|-damage|p1a: Greymon|75/100
|-damage|p1a: Greymon|64/100
|-hitcount|p1a: Greymon|2
|move|p1a: Greymon|Aromatherapy|p1a: Greymon
|-activate|p1a: Greymon|move: Aromatherapy
|-curestatus|p1: Biyomon|frz|[msg]
|-curestatus|p1: Angemon|frz|[msg]
|
|upkeep
|turn|110
|
|t:|1596574971
|move|p2a: Kyurem|Freeze-Dry|p1a: Greymon
|-damage|p1a: Greymon|53/100
|move|p1a: Greymon|Soft-Boiled|p1a: Greymon
|-heal|p1a: Greymon|100/100
|
|upkeep
|turn|111
|
|t:|1596574974
|switch|p1a: Agumon|Toxapex, M, shiny|100/100
|move|p2a: Kyurem|Icicle Spear|p1a: Agumon
|-resisted|p1a: Agumon
|-damage|p1a: Agumon|96/100
|-resisted|p1a: Agumon
|-damage|p1a: Agumon|91/100
|-resisted|p1a: Agumon
|-damage|p1a: Agumon|86/100
|-hitcount|p1a: Agumon|3
|
|upkeep
|turn|112
|
|t:|1596574979
|switch|p1a: Greymon|Chansey, F, shiny|100/100
|move|p2a: Kyurem|Icicle Spear|p1a: Greymon
|-damage|p1a: Greymon|90/100
|-damage|p1a: Greymon|80/100
|-damage|p1a: Greymon|70/100
|-hitcount|p1a: Greymon|3
|
|upkeep
|turn|113
|
|t:|1596574982
|switch|p1a: Agumon|Toxapex, M, shiny|100/100
|move|p2a: Kyurem|Icicle Spear|p1a: Agumon
|-resisted|p1a: Agumon
|-damage|p1a: Agumon|96/100
|-resisted|p1a: Agumon
|-damage|p1a: Agumon|91/100
|-resisted|p1a: Agumon
|-damage|p1a: Agumon|86/100
|-hitcount|p1a: Agumon|3
|
|upkeep
|turn|114
|
|t:|1596574986
|move|p2a: Kyurem|Icicle Spear|p1a: Agumon
|-resisted|p1a: Agumon
|-damage|p1a: Agumon|81/100
|-resisted|p1a: Agumon
|-damage|p1a: Agumon|76/100
|-resisted|p1a: Agumon
|-damage|p1a: Agumon|71/100
|-hitcount|p1a: Agumon|3
|move|p1a: Agumon|Knock Off|p2a: Kyurem
|-activate|p2a: Kyurem|move: Substitute|[damage]
|
|upkeep
|turn|115
|
|t:|1596574989
|move|p2a: Kyurem|Freeze-Dry|p1a: Agumon
|-supereffective|p1a: Agumon
|-damage|p1a: Agumon|6/100
|move|p1a: Agumon|Recover|p1a: Agumon
|-heal|p1a: Agumon|56/100
|
|upkeep
|turn|116
|
|t:|1596574998
|move|p2a: Kyurem|Freeze-Dry|p1a: Agumon
|-supereffective|p1a: Agumon
|-damage|p1a: Agumon|0 fnt
|faint|p1a: Agumon
|
|upkeep
|
|t:|1596575003
|switch|p1a: Gatomon|Seismitoad, F, shiny|80/100
|turn|117
|
|t:|1596575006
|move|p2a: Kyurem|Icicle Spear|p1a: Gatomon
|-damage|p1a: Gatomon|67/100
|-damage|p1a: Gatomon|54/100
|-hitcount|p1a: Gatomon|2
|move|p1a: Gatomon|Rest|p1a: Gatomon
|-status|p1a: Gatomon|slp|[from] move: Rest
|-heal|p1a: Gatomon|100/100 slp|[silent]
|
|upkeep
|turn|118
|
|t:|1596575013
|move|p2a: Kyurem|Icicle Spear|p1a: Gatomon
|-damage|p1a: Gatomon|87/100 slp
|-damage|p1a: Gatomon|74/100 slp
|-damage|p1a: Gatomon|60/100 slp
|-hitcount|p1a: Gatomon|3
|cant|p1a: Gatomon|slp
|
|upkeep
|turn|119
|
|t:|1596575026
|move|p2a: Kyurem|Icicle Spear|p1a: Gatomon
|-damage|p1a: Gatomon|48/100 slp
|-damage|p1a: Gatomon|35/100 slp
|-damage|p1a: Gatomon|22/100 slp
|-damage|p1a: Gatomon|8/100 slp
|-damage|p1a: Gatomon|0 fnt
|-hitcount|p1a: Gatomon|5
|faint|p1a: Gatomon
|
|upkeep
|
|t:|1596575030
|switch|p1a: Greymon|Chansey, F, shiny|70/100
|turn|120
|l| OUTU Hide And Seek
|c|☆child in her poor|gg
|
|t:|1596575056
|move|p2a: Kyurem|Icicle Spear|p1a: Greymon
|-damage|p1a: Greymon|61/100
|-damage|p1a: Greymon|49/100
|-damage|p1a: Greymon|40/100
|-hitcount|p1a: Greymon|3
|move|p1a: Greymon|Soft-Boiled|p1a: Greymon
|-heal|p1a: Greymon|90/100
|
|upkeep
|turn|121
|-message|child in her poor forfeited.
|
|win|i'm back from mars
|c|☆i'm back from mars|idk
|l| NameNotFoundError
