|j|☆playeraccount
|j|☆Sleepdrawing
|t:|1667829171
|gametype|singles
|player|p1|playeraccount|2|1722
|player|p2|Sleepdrawing|lillie|1755
|teamsize|p1|6
|teamsize|p2|6
|gen|8
|tier|[Gen 8] OU
|rated|
|rule|Sleep Clause Mod: Limit one foe put to sleep
|rule|Species Clause: Limit one of each Pokémon
|rule|OHKO Clause: OHKO moves are banned
|rule|Evasion Items Clause: Evasion items are banned
|rule|Evasion Moves Clause: Evasion moves are banned
|rule|Endless Battle Clause: Forcing endless battles is banned
|rule|HP Percentage Mod: HP is shown in percentages
|rule|Dynamax Clause: You cannot dynamax
|clearpoke
|poke|p1|Druddigon, F|
|poke|p1|Nidoqueen, F|
|poke|p1|Zapdos|
|poke|p1|Blissey, F|
|poke|p1|Kartana|
|poke|p1|Ditto|
|poke|p2|Rillaboom, M|
|poke|p2|Blaziken, F|
|poke|p2|Slowbro, M|
|poke|p2|Hippowdon, M|
|poke|p2|Tapu Fini|
|poke|p2|Corviknight, F|
|teampreview
|inactive|Battle timer is ON: inactive players will automatically lose when time's up. (requested by Sleepdrawing)
|j| thisgameissobatman
|l| thisgameissobatman
|
|t:|1667829191
|start
|switch|p1a: Kartana|Kartana, shiny|100/100
|switch|p2a: Tapu Fini|Tapu Fini, shiny|100/100
|-fieldstart|move: Misty Terrain|[from] ability: Misty Surge|[of] p2a: Tapu Fini
|turn|1
|
|t:|1667829205
|switch|p2a: Corviknight|Corviknight, F|100/100
|-ability|p2a: Corviknight|Pressure
|switch|p1a: Ditto|Ditto, shiny|100/100
|-transform|p1a: Ditto|p2a: Corviknight|[from] ability: Imposter
|-ability|p1a: Ditto|Pressure
|
|upkeep
|turn|2
|j| xiluoer
|
|t:|1667829221
|switch|p1a: Druddigon|Druddigon, F, shiny|100/100
|switch|p2a: Slowbro|Slowbro, M|100/100
|
|upkeep
|turn|3
|l| xiluoer
|
|t:|1667829230
|switch|p2a: Tapu Fini|Tapu Fini, shiny|100/100
|move|p1a: Druddigon|Stealth Rock|p2a: Tapu Fini
|-sidestart|p2: Sleepdrawing|move: Stealth Rock
|
|upkeep
|turn|4
|j| Aspenmoder
|
|t:|1667829239
|switch|p1a: Blissey|Blissey, F|100/100
|move|p2a: Tapu Fini|Trick|p1a: Blissey
|-activate|p2a: Tapu Fini|move: Trick|[of] p1a: Blissey
|-item|p1a: Blissey|Choice Scarf|[from] move: Trick
|-item|p2a: Tapu Fini|Leftovers|[from] move: Trick
|
|upkeep
|turn|5
|
|t:|1667829256
|switch|p2a: Corviknight|Corviknight, F|100/100
|-damage|p2a: Corviknight|88/100|[from] Stealth Rock
|-ability|p2a: Corviknight|Pressure
|move|p1a: Blissey|Teleport|p1a: Blissey
|
|t:|1667829263
|switch|p1a: Nidoqueen|Nidoqueen, F, shiny|100/100|[from]move: Teleport
|
|-heal|p2a: Corviknight|94/100|[from] item: Leftovers
|-fieldend|Misty Terrain
|upkeep
|turn|6
|
|t:|1667829270
|switch|p2a: Hippowdon|Hippowdon, M|100/100
|-damage|p2a: Hippowdon|94/100|[from] Stealth Rock
|-weather|Sandstorm|[from] ability: Sand Stream|[of] p2a: Hippowdon
|move|p1a: Nidoqueen|Ice Beam|p2a: Hippowdon
|-supereffective|p2a: Hippowdon
|-damage|p2a: Hippowdon|41/100
|
|-weather|Sandstorm|[upkeep]
|-heal|p2a: Hippowdon|47/100|[from] item: Leftovers
|upkeep
|turn|7
|
|t:|1667829282
|switch|p2a: Tapu Fini|Tapu Fini, shiny|100/100
|-damage|p2a: Tapu Fini|88/100|[from] Stealth Rock
|-fieldstart|move: Misty Terrain|[from] ability: Misty Surge|[of] p2a: Tapu Fini
|move|p1a: Nidoqueen|Ice Beam|p2a: Tapu Fini
|-resisted|p2a: Tapu Fini
|-damage|p2a: Tapu Fini|72/100
|
|-weather|Sandstorm|[upkeep]
|-damage|p2a: Tapu Fini|66/100|[from] Sandstorm
|-heal|p2a: Tapu Fini|72/100|[from] item: Leftovers
|upkeep
|turn|8
|
|t:|1667829293
|switch|p2a: Corviknight|Corviknight, F|94/100
|-damage|p2a: Corviknight|82/100|[from] Stealth Rock
|-ability|p2a: Corviknight|Pressure
|switch|p1a: Blissey|Blissey, F|100/100
|
|-weather|Sandstorm|[upkeep]
|-damage|p1a: Blissey|94/100|[from] Sandstorm
|-heal|p2a: Corviknight|88/100|[from] item: Leftovers
|upkeep
|turn|9
|
|t:|1667829299
|switch|p1a: Druddigon|Druddigon, F, shiny|100/100
|move|p2a: Corviknight|Defog|p1a: Druddigon
|-unboost|p1a: Druddigon|evasion|1
|-sideend|p2: Sleepdrawing|Stealth Rock|[from] move: Defog|[of] p2a: Corviknight
|-fieldend|Misty Terrain
|
|-weather|Sandstorm|[upkeep]
|-damage|p1a: Druddigon|94/100|[from] Sandstorm
|-heal|p2a: Corviknight|94/100|[from] item: Leftovers
|-heal|p1a: Druddigon|100/100|[from] item: Leftovers
|upkeep
|turn|10
|j| xiaolong891
|
|t:|1667829306
|move|p2a: Corviknight|Iron Defense|p2a: Corviknight
|-boost|p2a: Corviknight|def|2
|move|p1a: Druddigon|Stealth Rock|p2a: Corviknight
|-sidestart|p2: Sleepdrawing|move: Stealth Rock
|
|-weather|none
|-heal|p2a: Corviknight|100/100|[from] item: Leftovers
|upkeep
|turn|11
|
|t:|1667829309
|move|p2a: Corviknight|Defog|p1a: Druddigon
|-unboost|p1a: Druddigon|evasion|1
|-sideend|p2: Sleepdrawing|Stealth Rock|[from] move: Defog|[of] p2a: Corviknight
|move|p1a: Druddigon|Glare|p2a: Corviknight
|-status|p2a: Corviknight|par
|
|upkeep
|turn|12
|
|t:|1667829315
|switch|p1a: Zapdos|Zapdos, shiny|100/100
|move|p2a: Corviknight|Iron Defense|p2a: Corviknight
|-boost|p2a: Corviknight|def|2
|
|upkeep
|turn|13
|j| Ran Kob
|j| qlalaqq
|
|t:|1667829323
|switch|p2a: Hippowdon|Hippowdon, M|47/100
|-weather|Sandstorm|[from] ability: Sand Stream|[of] p2a: Hippowdon
|move|p1a: Zapdos|Volt Switch|p2a: Hippowdon
|-immune|p2a: Hippowdon
|
|-weather|Sandstorm|[upkeep]
|-damage|p1a: Zapdos|94/100|[from] Sandstorm
|-heal|p2a: Hippowdon|53/100|[from] item: Leftovers
|upkeep
|turn|14
|
|t:|1667829329
|switch|p1a: Kartana|Kartana, shiny|100/100
|move|p2a: Hippowdon|Slack Off|p2a: Hippowdon
|-heal|p2a: Hippowdon|100/100
|
|-weather|Sandstorm|[upkeep]
|upkeep
|turn|15
|
|t:|1667829341
|switch|p2a: Blaziken|Blaziken, F|100/100
|move|p1a: Kartana|Knock Off|p2a: Blaziken
|-resisted|p2a: Blaziken
|-damage|p2a: Blaziken|57/100
|-enditem|p2a: Blaziken|Leftovers|[from] move: Knock Off|[of] p1a: Kartana
|
|-weather|Sandstorm|[upkeep]
|-damage|p2a: Blaziken|51/100|[from] Sandstorm
|upkeep
|turn|16
|
|t:|1667829350
|switch|p1a: Druddigon|Druddigon, F, shiny|100/100
|move|p2a: Blaziken|Close Combat|p1a: Druddigon
|-damage|p1a: Druddigon|45/100
|-unboost|p2a: Blaziken|def|1
|-unboost|p2a: Blaziken|spd|1
|-damage|p2a: Blaziken|38/100|[from] ability: Rough Skin|[of] p1a: Druddigon
|
|-weather|Sandstorm|[upkeep]
|-damage|p2a: Blaziken|32/100|[from] Sandstorm
|-damage|p1a: Druddigon|39/100|[from] Sandstorm
|-heal|p1a: Druddigon|45/100|[from] item: Leftovers
|-ability|p2a: Blaziken|Speed Boost|boost
|-boost|p2a: Blaziken|spe|1
|upkeep
|turn|17
|l| Aspenmoder
|
|t:|1667829359
|move|p2a: Blaziken|Close Combat|p1a: Druddigon
|-damage|p1a: Druddigon|0 fnt
|-unboost|p2a: Blaziken|def|1
|-unboost|p2a: Blaziken|spd|1
|-damage|p2a: Blaziken|19/100|[from] ability: Rough Skin|[of] p1a: Druddigon
|faint|p1a: Druddigon
|
|-weather|none
|-ability|p2a: Blaziken|Speed Boost|boost
|-boost|p2a: Blaziken|spe|1
|upkeep
|j| badslowking
|
|t:|1667829364
|switch|p1a: Ditto|Ditto, shiny|100/100
|-transform|p1a: Ditto|p2a: Blaziken|[from] ability: Imposter
|turn|18
|
|t:|1667829367
|move|p2a: Blaziken|Protect|p2a: Blaziken
|-singleturn|p2a: Blaziken|Protect
|move|p1a: Ditto|Close Combat|p2a: Blaziken
|-activate|p2a: Blaziken|move: Protect
|
|-ability|p1a: Ditto|Speed Boost|boost
|-boost|p1a: Ditto|spe|1
|-ability|p2a: Blaziken|Speed Boost|boost
|-boost|p2a: Blaziken|spe|1
|upkeep
|turn|19
|
|t:|1667829380
|switch|p1a: Zapdos|Zapdos, shiny|94/100
|switch|p2a: Slowbro|Slowbro, M|100/100
|
|upkeep
|turn|20
|
|t:|1667829388
|switch|p2a: Hippowdon|Hippowdon, M|100/100
|-weather|Sandstorm|[from] ability: Sand Stream|[of] p2a: Hippowdon
|move|p1a: Zapdos|Volt Switch|p2a: Hippowdon
|-immune|p2a: Hippowdon
|
|-weather|Sandstorm|[upkeep]
|-damage|p1a: Zapdos|88/100|[from] Sandstorm
|upkeep
|turn|21
|
|t:|1667829394
|switch|p1a: Blissey|Blissey, F|94/100
|move|p2a: Hippowdon|Stealth Rock|p1a: Blissey
|-sidestart|p1: playeraccount|move: Stealth Rock
|
|-weather|Sandstorm|[upkeep]
|-damage|p1a: Blissey|88/100|[from] Sandstorm
|upkeep
|turn|22
|
|t:|1667829400
|switch|p2a: Corviknight|Corviknight, F|100/100 par
|-ability|p2a: Corviknight|Pressure
|move|p1a: Blissey|Teleport|p1a: Blissey
|
|t:|1667829406
|switch|p1a: Nidoqueen|Nidoqueen, F, shiny|100/100|[from]move: Teleport
|-damage|p1a: Nidoqueen|94/100|[from] Stealth Rock
|
|-weather|Sandstorm|[upkeep]
|upkeep
|turn|23
|
|t:|1667829413
|switch|p2a: Slowbro|Slowbro, M|100/100
|move|p1a: Nidoqueen|Flamethrower|p2a: Slowbro
|-resisted|p2a: Slowbro
|-damage|p2a: Slowbro|81/100
|
|-weather|Sandstorm|[upkeep]
|-damage|p2a: Slowbro|75/100|[from] Sandstorm
|upkeep
|turn|24
|
|t:|1667829425
|switch|p1a: Blissey|Blissey, F|88/100
|-damage|p1a: Blissey|76/100|[from] Stealth Rock
|move|p2a: Slowbro|Scald|p1a: Blissey
|-damage|p1a: Blissey|65/100
|
|-weather|none
|upkeep
|turn|25
|
|t:|1667829429
|move|p1a: Blissey|Soft-Boiled|p1a: Blissey
|-heal|p1a: Blissey|100/100
|move|p2a: Slowbro|Future Sight|p1a: Blissey
|-start|p2a: Slowbro|move: Future Sight
|
|upkeep
|turn|26
|
|t:|1667829447
|switch|p1a: Zapdos|Zapdos, shiny|88/100
|switch|p2a: Blaziken|Blaziken, F|19/100
|
|upkeep
|turn|27
|j| DuskZ1919810
|
|t:|1667829456
|move|p2a: Blaziken|Protect|p2a: Blaziken
|-singleturn|p2a: Blaziken|Protect
|move|p1a: Zapdos|Volt Switch|p2a: Blaziken
|-activate|p2a: Blaziken|move: Protect
|
|-end|p1a: Zapdos|move: Future Sight
|-damage|p1a: Zapdos|47/100
|-ability|p2a: Blaziken|Speed Boost|boost
|-boost|p2a: Blaziken|spe|1
|upkeep
|turn|28
|
|t:|1667829478
|switch|p2a: Hippowdon|Hippowdon, M|100/100
|-weather|Sandstorm|[from] ability: Sand Stream|[of] p2a: Hippowdon
|move|p1a: Zapdos|Roost|p1a: Zapdos
|-heal|p1a: Zapdos|97/100
|-singleturn|p1a: Zapdos|move: Roost
|
|-weather|Sandstorm|[upkeep]
|-damage|p1a: Zapdos|91/100|[from] Sandstorm
|upkeep
|turn|29
|
|t:|1667829492
|switch|p1a: Kartana|Kartana, shiny|100/100
|-damage|p1a: Kartana|94/100|[from] Stealth Rock
|move|p2a: Hippowdon|Toxic|p1a: Kartana
|-immune|p1a: Kartana
|
|-weather|Sandstorm|[upkeep]
|upkeep
|turn|30
|
|t:|1667829502
|switch|p2a: Corviknight|Corviknight, F|100/100 par
|-ability|p2a: Corviknight|Pressure
|move|p1a: Kartana|Leaf Blade|p2a: Corviknight
|-resisted|p2a: Corviknight
|-crit|p2a: Corviknight
|-damage|p2a: Corviknight|81/100 par
|
|-weather|Sandstorm|[upkeep]
|-heal|p2a: Corviknight|87/100 par|[from] item: Leftovers
|upkeep
|turn|31
|
|t:|1667829513
|switch|p1a: Zapdos|Zapdos, shiny|91/100
|switch|p2a: Hippowdon|Hippowdon, M|100/100
|
|-weather|Sandstorm|[upkeep]
|-damage|p1a: Zapdos|85/100|[from] Sandstorm
|upkeep
|turn|32
|
|t:|1667829526
|switch|p1a: Blissey|Blissey, F|100/100
|-damage|p1a: Blissey|88/100|[from] Stealth Rock
|move|p2a: Hippowdon|Earthquake|p1a: Blissey
|-damage|p1a: Blissey|55/100
|
|-weather|none
|upkeep
|turn|33
|
|t:|1667829538
|switch|p2a: Tapu Fini|Tapu Fini, shiny|72/100
|-fieldstart|move: Misty Terrain|[from] ability: Misty Surge|[of] p2a: Tapu Fini
|move|p1a: Blissey|Toxic|p2a: Tapu Fini
|-activate|p2a: Tapu Fini|move: Misty Terrain
|
|-heal|p2a: Tapu Fini|78/100|[from] item: Leftovers
|upkeep
|turn|34
|
|t:|1667829547
|switch|p1a: Ditto|Ditto, shiny|100/100
|-damage|p1a: Ditto|88/100|[from] Stealth Rock
|-transform|p1a: Ditto|p2a: Tapu Fini|[from] ability: Imposter
|move|p2a: Tapu Fini|Moonblast|p1a: Ditto
|-crit|p1a: Ditto
|-damage|p1a: Ditto|37/100
|
|-heal|p2a: Tapu Fini|84/100|[from] item: Leftovers
|upkeep
|turn|35
|j| ddddddabai
|l| Ran Kob
|
|t:|1667829576
|switch|p1a: Blissey|Blissey, F|55/100
|-damage|p1a: Blissey|43/100|[from] Stealth Rock
|switch|p2a: Rillaboom|Rillaboom, M|100/100
|-fieldstart|move: Grassy Terrain|[from] ability: Grassy Surge|[of] p2a: Rillaboom
|
|-heal|p1a: Blissey|49/100|[from] Grassy Terrain
|upkeep
|turn|36
|
|t:|1667829584
|move|p2a: Rillaboom|Swords Dance|p2a: Rillaboom
|-boost|p2a: Rillaboom|atk|2
|move|p1a: Blissey|Teleport|p1a: Blissey
|
|t:|1667829588
|switch|p1a: Zapdos|Zapdos, shiny|85/100|[from]move: Teleport
|
|upkeep
|turn|37
|
|t:|1667829591
|move|p1a: Zapdos|Heat Wave|p2a: Rillaboom|[miss]
|-miss|p1a: Zapdos|p2a: Rillaboom
|move|p2a: Rillaboom|Knock Off|p1a: Zapdos
|-damage|p1a: Zapdos|38/100
|-enditem|p1a: Zapdos|Heavy-Duty Boots|[from] move: Knock Off|[of] p2a: Rillaboom
|
|upkeep
|turn|38
|
|t:|1667829596
|move|p2a: Rillaboom|Grassy Glide|p1a: Zapdos
|-resisted|p1a: Zapdos
|-damage|p1a: Zapdos|4/100
|move|p1a: Zapdos|Roost|p1a: Zapdos
|-heal|p1a: Zapdos|54/100
|-singleturn|p1a: Zapdos|move: Roost
|
|-heal|p1a: Zapdos|60/100|[from] Grassy Terrain
|upkeep
|turn|39
|
|t:|1667829616
|move|p1a: Zapdos|Roost|p1a: Zapdos
|-heal|p1a: Zapdos|100/100
|-singleturn|p1a: Zapdos|move: Roost
|move|p2a: Rillaboom|Swords Dance|p2a: Rillaboom
|-boost|p2a: Rillaboom|atk|2
|
|-fieldend|move: Grassy Terrain
|upkeep
|turn|40
|
|t:|1667829620
|move|p1a: Zapdos|Defog|p2a: Rillaboom
|-unboost|p2a: Rillaboom|evasion|1
|-sideend|p1: playeraccount|Stealth Rock|[from] move: Defog|[of] p1a: Zapdos
|move|p2a: Rillaboom|Drain Punch|p1a: Zapdos
|-resisted|p1a: Zapdos
|-damage|p1a: Zapdos|72/100
|
|upkeep
|turn|41
|
|t:|1667829623
|move|p1a: Zapdos|Heat Wave|p2a: Rillaboom
|-supereffective|p2a: Rillaboom
|-damage|p2a: Rillaboom|45/100
|move|p2a: Rillaboom|Drain Punch|p1a: Zapdos
|-resisted|p1a: Zapdos
|-damage|p1a: Zapdos|42/100
|-heal|p2a: Rillaboom|60/100|[from] drain|[of] p1a: Zapdos
|
|-heal|p2a: Rillaboom|66/100|[from] item: Leftovers
|upkeep
|turn|42
|
|t:|1667829635
|switch|p2a: Hippowdon|Hippowdon, M|100/100
|-weather|Sandstorm|[from] ability: Sand Stream|[of] p2a: Hippowdon
|move|p1a: Zapdos|Heat Wave|p2a: Hippowdon
|-damage|p2a: Hippowdon|81/100
|
|-weather|Sandstorm|[upkeep]
|-damage|p1a: Zapdos|36/100|[from] Sandstorm
|-heal|p2a: Hippowdon|87/100|[from] item: Leftovers
|upkeep
|turn|43
|
|t:|1667829643
|switch|p1a: Kartana|Kartana, shiny|94/100
|move|p2a: Hippowdon|Earthquake|p1a: Kartana
|-damage|p1a: Kartana|55/100
|
|-weather|Sandstorm|[upkeep]
|-heal|p2a: Hippowdon|93/100|[from] item: Leftovers
|upkeep
|turn|44
|
|t:|1667829649
|switch|p2a: Corviknight|Corviknight, F|87/100 par
|-ability|p2a: Corviknight|Pressure
|move|p1a: Kartana|Knock Off|p2a: Corviknight
|-damage|p2a: Corviknight|44/100 par
|-enditem|p2a: Corviknight|Leftovers|[from] move: Knock Off|[of] p1a: Kartana
|
|-weather|Sandstorm|[upkeep]
|upkeep
|turn|45
|
|t:|1667829660
|switch|p1a: Zapdos|Zapdos, shiny|36/100
|cant|p2a: Corviknight|par
|
|-weather|Sandstorm|[upkeep]
|-damage|p1a: Zapdos|30/100|[from] Sandstorm
|upkeep
|turn|46
|
|t:|1667829667
|switch|p2a: Hippowdon|Hippowdon, M|93/100
|move|p1a: Zapdos|Heat Wave|p2a: Hippowdon
|-damage|p2a: Hippowdon|73/100
|
|-weather|none
|-heal|p2a: Hippowdon|79/100|[from] item: Leftovers
|upkeep
|turn|47
|
|t:|1667829673
|switch|p1a: Blissey|Blissey, F|49/100
|move|p2a: Hippowdon|Stealth Rock|p1a: Blissey
|-sidestart|p1: playeraccount|move: Stealth Rock
|
|-heal|p2a: Hippowdon|85/100|[from] item: Leftovers
|upkeep
|turn|48
|
|t:|1667829681
|switch|p2a: Tapu Fini|Tapu Fini, shiny|84/100
|-fieldstart|move: Misty Terrain|[from] ability: Misty Surge|[of] p2a: Tapu Fini
|move|p1a: Blissey|Soft-Boiled|p1a: Blissey
|-heal|p1a: Blissey|99/100
|
|-heal|p2a: Tapu Fini|90/100|[from] item: Leftovers
|upkeep
|turn|49
|
|t:|1667829690
|move|p2a: Tapu Fini|Moonblast|p1a: Blissey
|-crit|p1a: Blissey
|-damage|p1a: Blissey|76/100
|move|p1a: Blissey|Soft-Boiled|p1a: Blissey
|-heal|p1a: Blissey|100/100
|
|-heal|p2a: Tapu Fini|96/100|[from] item: Leftovers
|upkeep
|turn|50
|
|t:|1667829695
|move|p2a: Tapu Fini|Moonblast|p1a: Blissey
|-damage|p1a: Blissey|85/100
|move|p1a: Blissey|Soft-Boiled|p1a: Blissey
|-heal|p1a: Blissey|100/100
|
|-heal|p2a: Tapu Fini|100/100|[from] item: Leftovers
|upkeep
|turn|51
|
|t:|1667829702
|move|p2a: Tapu Fini|Moonblast|p1a: Blissey
|-damage|p1a: Blissey|85/100
|-unboost|p1a: Blissey|spa|1
|move|p1a: Blissey|Soft-Boiled|p1a: Blissey
|-heal|p1a: Blissey|100/100
|
|upkeep
|turn|52
|j| wistwind
|inactive|playeraccount has 120 seconds left.
|
|t:|1667829745
|move|p2a: Tapu Fini|Hydro Pump|p1a: Blissey
|-damage|p1a: Blissey|84/100
|move|p1a: Blissey|Soft-Boiled|p1a: Blissey
|-heal|p1a: Blissey|100/100
|
|-fieldend|Misty Terrain
|upkeep
|turn|53
|
|t:|1667829751
|switch|p1a: Ditto|Ditto, shiny|37/100
|-damage|p1a: Ditto|25/100|[from] Stealth Rock
|-transform|p1a: Ditto|p2a: Tapu Fini|[from] ability: Imposter
|-fieldstart|move: Misty Terrain|[from] ability: Misty Surge|[of] p1a: Ditto
|move|p2a: Tapu Fini|Hydro Pump|p1a: Ditto
|-resisted|p1a: Ditto
|-crit|p1a: Ditto
|-damage|p1a: Ditto|0 fnt
|faint|p1a: Ditto
|
|upkeep
|
|t:|1667829754
|switch|p1a: Kartana|Kartana, shiny|55/100
|-damage|p1a: Kartana|48/100|[from] Stealth Rock
|turn|54
|j| jushu114514
|
|t:|1667829773
|switch|p2a: Corviknight|Corviknight, F|44/100 par
|-ability|p2a: Corviknight|Pressure
|move|p1a: Kartana|Leaf Blade|p2a: Corviknight
|-resisted|p2a: Corviknight
|-crit|p2a: Corviknight
|-damage|p2a: Corviknight|24/100 par
|
|upkeep
|turn|55
|c| jushu114514|hr
|
|t:|1667829782
|move|p1a: Kartana|Leaf Blade|p2a: Corviknight
|-resisted|p2a: Corviknight
|-damage|p2a: Corviknight|9/100 par
|move|p2a: Corviknight|Roost|p2a: Corviknight
|-heal|p2a: Corviknight|59/100 par
|-singleturn|p2a: Corviknight|move: Roost
|
|upkeep
|turn|56
|
|t:|1667829787
|switch|p1a: Nidoqueen|Nidoqueen, F, shiny|94/100
|-damage|p1a: Nidoqueen|88/100|[from] Stealth Rock
|cant|p2a: Corviknight|par
|
|upkeep
|turn|57
|
|t:|1667829800
|switch|p2a: Slowbro|Slowbro, M|100/100
|move|p1a: Nidoqueen|Flamethrower|p2a: Slowbro
|-resisted|p2a: Slowbro
|-damage|p2a: Slowbro|81/100
|
|-fieldend|Misty Terrain
|upkeep
|turn|58
|
|t:|1667829805
|move|p1a: Nidoqueen|Sludge Wave|p2a: Slowbro
|-damage|p2a: Slowbro|14/100
|move|p2a: Slowbro|Scald|p1a: Nidoqueen
|-supereffective|p1a: Nidoqueen
|-damage|p1a: Nidoqueen|28/100
|
|upkeep
|turn|59
|j| wzt123
|inactive|Sleepdrawing has 120 seconds left.
|
|t:|1667829839
|move|p1a: Nidoqueen|Earth Power|p2a: Slowbro
|-damage|p2a: Slowbro|0 fnt
|faint|p2a: Slowbro
|
|upkeep
|
|t:|1667829842
|switch|p2a: Rillaboom|Rillaboom, M|66/100
|-fieldstart|move: Grassy Terrain|[from] ability: Grassy Surge|[of] p2a: Rillaboom
|turn|60
|
|t:|1667829849
|move|p2a: Rillaboom|Grassy Glide|p1a: Nidoqueen
|-damage|p1a: Nidoqueen|0 fnt
|faint|p1a: Nidoqueen
|
|-heal|p2a: Rillaboom|72/100|[from] Grassy Terrain
|-heal|p2a: Rillaboom|79/100|[from] item: Leftovers
|upkeep
|
|t:|1667829852
|switch|p1a: Kartana|Kartana, shiny|48/100
|-damage|p1a: Kartana|42/100|[from] Stealth Rock
|turn|61
|
|t:|1667829857
|move|p1a: Kartana|Knock Off|p2a: Rillaboom
|-damage|p2a: Rillaboom|22/100
|-enditem|p2a: Rillaboom|Leftovers|[from] move: Knock Off|[of] p1a: Kartana
|move|p2a: Rillaboom|Drain Punch|p1a: Kartana
|-supereffective|p1a: Kartana
|-damage|p1a: Kartana|0 fnt
|-heal|p2a: Rillaboom|35/100|[from] drain|[of] p1a: Kartana
|faint|p1a: Kartana
|
|-heal|p2a: Rillaboom|42/100|[from] Grassy Terrain
|upkeep
|
|t:|1667829861
|switch|p1a: Zapdos|Zapdos, shiny|30/100
|-damage|p1a: Zapdos|5/100|[from] Stealth Rock
|turn|62
|
|t:|1667829863
|move|p2a: Rillaboom|Grassy Glide|p1a: Zapdos
|-resisted|p1a: Zapdos
|-damage|p1a: Zapdos|0 fnt
|faint|p1a: Zapdos
|
|-heal|p2a: Rillaboom|48/100|[from] Grassy Terrain
|upkeep
|
|t:|1667829869
|switch|p1a: Blissey|Blissey, F|100/100
|-damage|p1a: Blissey|88/100|[from] Stealth Rock
|turn|63
|
|t:|1667829872
|move|p1a: Blissey|Seismic Toss|p2a: Rillaboom
|-damage|p2a: Rillaboom|23/100
|move|p2a: Rillaboom|Drain Punch|p1a: Blissey
|-supereffective|p1a: Blissey
|-damage|p1a: Blissey|40/100
|-heal|p2a: Rillaboom|66/100|[from] drain|[of] p1a: Blissey
|
|-heal|p1a: Blissey|46/100|[from] Grassy Terrain
|-heal|p2a: Rillaboom|72/100|[from] Grassy Terrain
|upkeep
|turn|64
|
|t:|1667829879
|move|p2a: Rillaboom|Grassy Glide|p1a: Blissey
|-damage|p1a: Blissey|4/100
|move|p1a: Blissey|Seismic Toss|p2a: Rillaboom
|-damage|p2a: Rillaboom|47/100
|
|-heal|p1a: Blissey|10/100|[from] Grassy Terrain
|-heal|p2a: Rillaboom|54/100|[from] Grassy Terrain
|-fieldend|move: Grassy Terrain
|upkeep
|turn|65
|
|t:|1667829882
|move|p1a: Blissey|Seismic Toss|p2a: Rillaboom
|-damage|p2a: Rillaboom|29/100
|move|p2a: Rillaboom|Grassy Glide|p1a: Blissey
|-damage|p1a: Blissey|0 fnt
|faint|p1a: Blissey
|
|win|Sleepdrawing
|raw|playeraccount's rating: 1722 &rarr; <strong>1704</strong><br />(-18 for losing)
|raw|Sleepdrawing's rating: 1755 &rarr; <strong>1773</strong><br />(+18 for winning)
