|j|☆ferromolybdenum
|j|☆Aggron
|player|p1|ferromolybdenum|lucas|1571
|player|p2|Aggron|200|1599
|teamsize|p1|6
|teamsize|p2|6
|gametype|singles
|gen|8
|tier|[Gen 8] OU
|rated|
|html|<div class="broadcast-red"><strong>OU is currently suspecting Melmetal! For information on how to participate check out the <a href="https://www.smogon.com/forums/threads/3662190/">suspect thread</a>.</strong></div>
|clearpoke
|poke|p1|Melmetal|
|poke|p1|Dragapult, M|
|poke|p1|Clefable, M|
|poke|p1|Kyurem|
|poke|p1|Seismitoad, F|
|poke|p1|Corviknight, M|
|poke|p2|Conkeldurr, F|
|poke|p2|Jellicent, F|
|poke|p2|Hatterene, F|
|poke|p2|Turtonator, M|
|poke|p2|Celebi|
|poke|p2|Melmetal|
|rule|Sleep Clause Mod: Limit one foe put to sleep
|rule|Species Clause: Limit one of each Pokémon
|rule|OHKO Clause: OHKO moves are banned
|rule|Evasion Moves Clause: Evasion moves are banned
|rule|Endless Battle Clause: Forcing endless battles is banned
|rule|HP Percentage Mod: HP is shown in percentages
|rule|Dynamax Clause: You cannot dynamax
|teampreview
|inactive|Battle timer is ON: inactive players will automatically lose when time's up. (requested by ferromolybdenum)
|
|start
|switch|p1a: Kyurem|Kyurem|100/100
|switch|p2a: Celebi|Celebi|100/100
|-ability|p1a: Kyurem|Pressure
|turn|1
|
|move|p2a: Celebi|U-turn|p1a: Kyurem
|-damage|p1a: Kyurem|87/100
|
|switch|p2a: Melmetal|Melmetal|100/100|[from]move: U-turn
|move|p1a: Kyurem|Ice Beam|p2a: Melmetal
|-resisted|p2a: Melmetal
|-damage|p2a: Melmetal|80/100
|
|upkeep
|turn|2
|
|switch|p1a: Seismitoad|Seismitoad, F|100/100
|move|p2a: Melmetal|Thunder Punch|p1a: Seismitoad
|-immune|p1a: Seismitoad
|
|upkeep
|turn|3
|
|switch|p2a: Celebi|Celebi|100/100
|move|p1a: Seismitoad|Stealth Rock|p2a: Celebi
|-sidestart|p2: Aggron|move: Stealth Rock
|
|upkeep
|turn|4
|
|switch|p1a: Corviknight|Corviknight, M|100/100
|-ability|p1a: Corviknight|Pressure
|move|p2a: Celebi|Trick|p1a: Corviknight
|-activate|p2a: Celebi|move: Trick|[of] p1a: Corviknight
|-item|p1a: Corviknight|Choice Scarf|[from] move: Trick
|-item|p2a: Celebi|Leftovers|[from] move: Trick
|
|upkeep
|turn|5
|
|move|p2a: Celebi|U-turn|p1a: Corviknight
|-resisted|p1a: Corviknight
|-damage|p1a: Corviknight|98/100
|
|switch|p2a: Jellicent|Jellicent, F|100/100|[from]move: U-turn
|-damage|p2a: Jellicent|88/100|[from] Stealth Rock
|move|p1a: Corviknight|U-turn|p2a: Jellicent
|-resisted|p2a: Jellicent
|-damage|p2a: Jellicent|82/100
|
|switch|p1a: Kyurem|Kyurem|87/100|[from]move: U-turn
|-ability|p1a: Kyurem|Pressure
|
|-heal|p2a: Jellicent|89/100|[from] item: Leftovers
|upkeep
|turn|6
|
|switch|p2a: Melmetal|Melmetal|80/100
|-damage|p2a: Melmetal|74/100|[from] Stealth Rock
|move|p1a: Kyurem|Freeze-Dry|p2a: Melmetal
|-resisted|p2a: Melmetal
|-damage|p2a: Melmetal|58/100
|
|upkeep
|turn|7
|
|switch|p1a: Corviknight|Corviknight, M|98/100
|-ability|p1a: Corviknight|Pressure
|switch|p2a: Turtonator|Turtonator, M|100/100
|
|upkeep
|turn|8
|
|move|p1a: Corviknight|U-turn|p2a: Turtonator
|-resisted|p2a: Turtonator
|-damage|p2a: Turtonator|93/100
|
|switch|p1a: Seismitoad|Seismitoad, F|100/100|[from]move: U-turn
|move|p2a: Turtonator|Dragon Pulse|p1a: Seismitoad
|-damage|p1a: Seismitoad|58/100
|
|-heal|p1a: Seismitoad|64/100|[from] item: Leftovers
|upkeep
|turn|9
|
|switch|p2a: Celebi|Celebi|100/100
|-damage|p2a: Celebi|88/100|[from] Stealth Rock
|move|p1a: Seismitoad|Earth Power|p2a: Celebi
|-resisted|p2a: Celebi
|-damage|p2a: Celebi|74/100
|
|-heal|p2a: Celebi|80/100|[from] item: Leftovers
|-heal|p1a: Seismitoad|70/100|[from] item: Leftovers
|upkeep
|turn|10
|
|switch|p1a: Corviknight|Corviknight, M|98/100
|-ability|p1a: Corviknight|Pressure
|move|p2a: Celebi|U-turn|p1a: Corviknight
|-resisted|p1a: Corviknight
|-damage|p1a: Corviknight|96/100
|
|switch|p2a: Turtonator|Turtonator, M|93/100|[from]move: U-turn
|
|upkeep
|turn|11
|
|move|p1a: Corviknight|U-turn|p2a: Turtonator
|-resisted|p2a: Turtonator
|-damage|p2a: Turtonator|85/100
|
|switch|p1a: Clefable|Clefable, M|100/100|[from]move: U-turn
|move|p2a: Turtonator|Rapid Spin|p1a: Clefable
|-damage|p1a: Clefable|92/100
|-boost|p2a: Turtonator|spe|1
|-sideend|p2: Aggron|Stealth Rock|[from] move: Rapid Spin|[of] p2a: Turtonator
|
|-heal|p1a: Clefable|98/100|[from] item: Leftovers
|upkeep
|turn|12
|
|switch|p2a: Jellicent|Jellicent, F|89/100
|move|p1a: Clefable|Wish|p1a: Clefable
|
|-heal|p1a: Clefable|100/100|[from] item: Leftovers
|-heal|p2a: Jellicent|95/100|[from] item: Leftovers
|upkeep
|turn|13
|
|move|p1a: Clefable|Teleport|p1a: Clefable
|
|switch|p1a: Seismitoad|Seismitoad, F|70/100|[from]move: Teleport
|move|p2a: Jellicent|Trick Room|p2a: Jellicent
|-fieldstart|move: Trick Room|[of] p2a: Jellicent
|
|-heal|p1a: Seismitoad|100/100|[from] move: Wish|[wisher] Clefable
|-heal|p2a: Jellicent|100/100|[from] item: Leftovers
|upkeep
|turn|14
|
|switch|p2a: Hatterene|Hatterene, F|100/100
|move|p1a: Seismitoad|Stealth Rock|p2a: Hatterene
|move|p2a: Hatterene|Stealth Rock|p1a: Seismitoad|[from]Magic Bounce
|-sidestart|p1: ferromolybdenum|move: Stealth Rock
|
|upkeep
|turn|15
|
|switch|p1a: Corviknight|Corviknight, M|96/100
|-damage|p1a: Corviknight|83/100|[from] Stealth Rock
|-ability|p1a: Corviknight|Pressure
|move|p2a: Hatterene|Future Sight|p1a: Corviknight
|-start|p2a: Hatterene|move: Future Sight
|
|upkeep
|turn|16
|
|switch|p2a: Turtonator|Turtonator, M|85/100
|move|p1a: Corviknight|Defog|p2a: Turtonator
|-unboost|p2a: Turtonator|evasion|1
|-sideend|p1: ferromolybdenum|Stealth Rock|[from] move: Defog|[of] p1a: Corviknight
|
|upkeep
|turn|17
|
|move|p2a: Turtonator|Shell Smash|p2a: Turtonator
|-unboost|p2a: Turtonator|def|1
|-unboost|p2a: Turtonator|spd|1
|-boost|p2a: Turtonator|atk|2
|-boost|p2a: Turtonator|spa|2
|-boost|p2a: Turtonator|spe|2
|move|p1a: Corviknight|Defog|p2a: Turtonator
|-unboost|p2a: Turtonator|evasion|1
|
|-end|p1a: Corviknight|move: Future Sight
|-resisted|p1a: Corviknight
|-damage|p1a: Corviknight|55/100
|-fieldend|move: Trick Room
|upkeep
|turn|18
|
|move|p2a: Turtonator|Shell Smash|p2a: Turtonator
|-unboost|p2a: Turtonator|def|1
|-unboost|p2a: Turtonator|spd|1
|-boost|p2a: Turtonator|atk|2
|-boost|p2a: Turtonator|spa|2
|-boost|p2a: Turtonator|spe|2
|move|p1a: Corviknight|Defog|p2a: Turtonator
|-unboost|p2a: Turtonator|evasion|1
|
|upkeep
|turn|19
|
|switch|p1a: Dragapult|Dragapult, M|100/100
|move|p2a: Turtonator|Shell Smash|p2a: Turtonator
|-unboost|p2a: Turtonator|def|1
|-unboost|p2a: Turtonator|spd|1
|-boost|p2a: Turtonator|atk|2
|-boost|p2a: Turtonator|spa|2
|-boost|p2a: Turtonator|spe|2
|
|upkeep
|turn|20
|
|move|p2a: Turtonator|Dragon Pulse|p1a: Dragapult
|-supereffective|p1a: Dragapult
|-damage|p1a: Dragapult|0 fnt
|faint|p1a: Dragapult
|
|upkeep
|
|switch|p1a: Clefable|Clefable, M|100/100
|turn|21
|
|move|p2a: Turtonator|Fire Blast|p1a: Clefable
|-damage|p1a: Clefable|0 fnt
|faint|p1a: Clefable
|
|upkeep
|
|switch|p1a: Melmetal|Melmetal|100/100
|turn|22
|
|move|p2a: Turtonator|Fire Blast|p1a: Melmetal
|-supereffective|p1a: Melmetal
|-damage|p1a: Melmetal|0 fnt
|faint|p1a: Melmetal
|
|upkeep
|-message|ferromolybdenum forfeited.
|
|win|Aggron
|l|☆ferromolybdenum
|raw|ferromolybdenum's rating: 1547 &rarr; <strong>1530</strong><br />(-17 for losing)
|raw|Aggron's rating: 1599 &rarr; <strong>1616</strong><br />(+17 for winning)
