|j|☆A3720
|j|☆minimax_ai
|t:|1665179775
|gametype|singles
|player|p1|A3720|170|1574
|player|p2|minimax_ai|lusamine-nihilego|1534
|teamsize|p1|6
|teamsize|p2|6
|gen|8
|tier|[Gen 8] OU
|rated|
|rule|Sleep Clause Mod: Limit one foe put to sleep
|rule|Species Clause: Limit one of each Pokémon
|rule|OHKO Clause: OHKO moves are banned
|rule|Evasion Items Clause: Evasion items are banned
|rule|Evasion Moves Clause: Evasion moves are banned
|rule|Endless Battle Clause: Forcing endless battles is banned
|rule|HP Percentage Mod: HP is shown in percentages
|rule|Dynamax Clause: You cannot dynamax
|clearpoke
|poke|p1|Buzzwole|
|poke|p1|Volcarona, M|
|poke|p1|Scizor, F|
|poke|p1|Araquanid, M|
|poke|p1|Scolipede, F|
|poke|p1|Galvantula, F|
|poke|p2|Rotom-Wash|
|poke|p2|Weavile, M|
|poke|p2|Landorus-Therian, M|
|poke|p2|Heatran, M|
|poke|p2|Tangrowth, F|
|poke|p2|Melmetal|
|teampreview
|c|☆minimax_ai|hf
|inactive|Battle timer is ON: inactive players will automatically lose when time's up. (requested by minimax_ai)
|j| Gjisgaleic
|
|t:|1665179791
|start
|switch|p1a: Scolipede|Scolipede, F|100/100
|switch|p2a: landorustherian|Landorus-Therian, M|100/100
|-ability|p2a: landorustherian|Intimidate|boost
|-unboost|p1a: Scolipede|atk|1
|turn|1
|
|t:|1665179802
|switch|p2a: Melmetal|Melmetal|100/100
|move|p1a: Scolipede|Spikes|p2a: Melmetal
|-sidestart|p2: minimax_ai|Spikes
|
|-ability|p1a: Scolipede|Speed Boost|boost
|-boost|p1a: Scolipede|spe|1
|upkeep
|turn|2
|
|t:|1665179811
|switch|p1a: Buzzwole|Buzzwole|100/100
|move|p2a: Melmetal|Double Iron Bash|p1a: Buzzwole
|-damage|p1a: Buzzwole|75/100
|-damage|p2a: Melmetal|84/100|[from] item: Rocky Helmet|[of] p1a: Buzzwole
|-damage|p1a: Buzzwole|48/100
|-damage|p2a: Melmetal|67/100|[from] item: Rocky Helmet|[of] p1a: Buzzwole
|-hitcount|p1a: Buzzwole|2
|
|upkeep
|turn|3
|
|t:|1665179815
|switch|p2a: Tangrowth|Tangrowth, F|100/100
|-damage|p2a: Tangrowth|88/100|[from] Spikes
|move|p1a: Buzzwole|Roost|p1a: Buzzwole
|-heal|p1a: Buzzwole|98/100
|-singleturn|p1a: Buzzwole|move: Roost
|
|upkeep
|turn|4
|
|t:|1665179823
|switch|p1a: Scolipede|Scolipede, F|100/100
|move|p2a: Tangrowth|Sleep Powder|p1a: Scolipede
|-status|p1a: Scolipede|slp|[from] move: Sleep Powder
|
|upkeep
|turn|5
|
|t:|1665179829
|switch|p2a: landorustherian|Landorus-Therian, M|100/100
|-ability|p2a: landorustherian|Intimidate|boost
|-unboost|p1a: Scolipede|atk|1
|cant|p1a: Scolipede|slp
|
|-ability|p1a: Scolipede|Speed Boost|boost
|-boost|p1a: Scolipede|spe|1
|upkeep
|turn|6
|
|t:|1665179833
|-curestatus|p1a: Scolipede|slp|[msg]
|move|p1a: Scolipede|Spikes|p2a: landorustherian
|-sidestart|p2: minimax_ai|Spikes
|move|p2a: landorustherian|Defog|p1a: Scolipede
|-unboost|p1a: Scolipede|evasion|1
|-sideend|p2: minimax_ai|Spikes|[from] move: Defog|[of] p2a: landorustherian
|
|-ability|p1a: Scolipede|Speed Boost|boost
|-boost|p1a: Scolipede|spe|1
|upkeep
|turn|7
|
|t:|1665179838
|move|p1a: Scolipede|Spikes|p2a: landorustherian
|-sidestart|p2: minimax_ai|Spikes
|move|p2a: landorustherian|Earthquake|p1a: Scolipede
|-damage|p1a: Scolipede|38/100
|
|-ability|p1a: Scolipede|Speed Boost|boost
|-boost|p1a: Scolipede|spe|1
|upkeep
|turn|8
|
|t:|1665179842
|move|p1a: Scolipede|Endeavor|p2a: landorustherian
|-damage|p2a: landorustherian|26/100
|move|p2a: landorustherian|Defog|p1a: Scolipede
|-unboost|p1a: Scolipede|evasion|1
|-sideend|p2: minimax_ai|Spikes|[from] move: Defog|[of] p2a: landorustherian
|
|-heal|p2a: landorustherian|32/100|[from] item: Leftovers
|-ability|p1a: Scolipede|Speed Boost|boost
|-boost|p1a: Scolipede|spe|1
|upkeep
|turn|9
|
|t:|1665179845
|move|p1a: Scolipede|Spikes|p2a: landorustherian
|-sidestart|p2: minimax_ai|Spikes
|move|p2a: landorustherian|Earthquake|p1a: Scolipede
|-damage|p1a: Scolipede|0 fnt
|faint|p1a: Scolipede
|
|-heal|p2a: landorustherian|38/100|[from] item: Leftovers
|upkeep
|
|t:|1665179852
|switch|p1a: Buzzwole|Buzzwole|98/100
|turn|10
|l| Gjisgaleic
|
|t:|1665179855
|switch|p2a: rotomwash|Rotom-Wash|100/100
|move|p1a: Buzzwole|Ice Punch|p2a: rotomwash
|-resisted|p2a: rotomwash
|-damage|p2a: rotomwash|85/100
|
|-heal|p2a: rotomwash|91/100|[from] item: Leftovers
|upkeep
|turn|11
|
|t:|1665179859
|move|p2a: rotomwash|Nasty Plot|p2a: rotomwash
|-boost|p2a: rotomwash|spa|2
|move|p1a: Buzzwole|Close Combat|p2a: rotomwash
|-damage|p2a: rotomwash|19/100
|-unboost|p1a: Buzzwole|def|1
|-unboost|p1a: Buzzwole|spd|1
|
|-heal|p2a: rotomwash|25/100|[from] item: Leftovers
|upkeep
|turn|12
|j| Gjisgaleic
|
|t:|1665179880
|switch|p1a: Galvantula|Galvantula, F|100/100
|move|p2a: rotomwash|Hydro Pump|p1a: Galvantula
|-damage|p1a: Galvantula|0 fnt
|faint|p1a: Galvantula
|
|-heal|p2a: rotomwash|32/100|[from] item: Leftovers
|upkeep
|
|t:|1665179884
|switch|p1a: Volcarona|Volcarona, M|100/100
|turn|13
|
|t:|1665179887
|switch|p2a: Heatran|Heatran, M|100/100
|-item|p2a: Heatran|Air Balloon
|move|p1a: Volcarona|Bug Buzz|p2a: Heatran
|-resisted|p2a: Heatran
|-damage|p2a: Heatran|89/100
|-enditem|p2a: Heatran|Air Balloon
|
|upkeep
|turn|14
|
|t:|1665179891
|switch|p1a: Araquanid|Araquanid, M|100/100
|move|p2a: Heatran|Eruption|p1a: Araquanid
|-damage|p1a: Araquanid|71/100
|
|upkeep
|turn|15
|
|t:|1665179901
|switch|p2a: Tangrowth|Tangrowth, F|100/100
|-damage|p2a: Tangrowth|88/100|[from] Spikes
|move|p1a: Araquanid|Leech Life|p2a: Tangrowth
|-supereffective|p2a: Tangrowth
|-damage|p2a: Tangrowth|55/100
|-heal|p1a: Araquanid|91/100|[from] drain|[of] p2a: Tangrowth
|-damage|p1a: Araquanid|75/100|[from] item: Rocky Helmet|[of] p2a: Tangrowth
|
|upkeep
|turn|16
|
|t:|1665179905
|move|p1a: Araquanid|Sticky Web|p2a: Tangrowth
|-sidestart|p2: minimax_ai|move: Sticky Web
|move|p2a: Tangrowth|Knock Off|p1a: Araquanid
|-damage|p1a: Araquanid|49/100
|-enditem|p1a: Araquanid|Heavy-Duty Boots|[from] move: Knock Off|[of] p2a: Tangrowth
|
|upkeep
|turn|17
|
|t:|1665179907
|move|p1a: Araquanid|Leech Life|p2a: Tangrowth
|-supereffective|p2a: Tangrowth
|-damage|p2a: Tangrowth|21/100
|-heal|p1a: Araquanid|70/100|[from] drain|[of] p2a: Tangrowth
|-damage|p1a: Araquanid|54/100|[from] item: Rocky Helmet|[of] p2a: Tangrowth
|move|p2a: Tangrowth|Sleep Powder|p1a: Araquanid
|-status|p1a: Araquanid|slp|[from] move: Sleep Powder
|
|upkeep
|turn|18
|
|t:|1665179916
|switch|p1a: Volcarona|Volcarona, M|100/100
|switch|p2a: rotomwash|Rotom-Wash|32/100
|
|-heal|p2a: rotomwash|38/100|[from] item: Leftovers
|upkeep
|turn|19
|
|t:|1665179924
|move|p1a: Volcarona|Quiver Dance|p1a: Volcarona
|-boost|p1a: Volcarona|spa|1
|-boost|p1a: Volcarona|spd|1
|-boost|p1a: Volcarona|spe|1
|move|p2a: rotomwash|Pain Split|p1a: Volcarona
|-sethp|p1a: Volcarona|69/100|[from] move: Pain Split|[silent]
|-sethp|p2a: rotomwash|70/100|[from] move: Pain Split
|
|-heal|p2a: rotomwash|76/100|[from] item: Leftovers
|upkeep
|turn|20
|
|t:|1665179927
|switch|p2a: Heatran|Heatran, M|89/100
|-damage|p2a: Heatran|77/100|[from] Spikes
|-activate|p2a: Heatran|move: Sticky Web
|-unboost|p2a: Heatran|spe|1
|move|p1a: Volcarona|Quiver Dance|p1a: Volcarona
|-boost|p1a: Volcarona|spa|1
|-boost|p1a: Volcarona|spd|1
|-boost|p1a: Volcarona|spe|1
|
|upkeep
|turn|21
|
|t:|1665179930
|move|p1a: Volcarona|Psychic|p2a: Heatran
|-resisted|p2a: Heatran
|-damage|p2a: Heatran|46/100
|move|p2a: Heatran|Magma Storm|p1a: Volcarona
|-damage|p1a: Volcarona|43/100
|-activate|p1a: Volcarona|move: Magma Storm|[of] p2a: Heatran
|
|-damage|p1a: Volcarona|30/100|[from] move: Magma Storm|[partiallytrapped]
|upkeep
|turn|22
|
|t:|1665179937
|move|p1a: Volcarona|Psychic|p2a: Heatran
|-resisted|p2a: Heatran
|-damage|p2a: Heatran|15/100
|move|p2a: Heatran|Magma Storm|p1a: Volcarona
|-damage|p1a: Volcarona|1/100
|
|-damage|p1a: Volcarona|0 fnt|[from] move: Magma Storm|[partiallytrapped]
|faint|p1a: Volcarona
|upkeep
|
|t:|1665179948
|switch|p1a: Buzzwole|Buzzwole|98/100
|turn|23
|
|t:|1665179949
|switch|p2a: Tangrowth|Tangrowth, F|54/100
|-damage|p2a: Tangrowth|42/100|[from] Spikes
|-activate|p2a: Tangrowth|move: Sticky Web
|-unboost|p2a: Tangrowth|spe|1
|move|p1a: Buzzwole|Close Combat|p2a: Tangrowth
|-damage|p2a: Tangrowth|7/100
|-unboost|p1a: Buzzwole|def|1
|-unboost|p1a: Buzzwole|spd|1
|-damage|p1a: Buzzwole|81/100|[from] item: Rocky Helmet|[of] p2a: Tangrowth
|
|upkeep
|turn|24
|
|t:|1665179956
|switch|p2a: rotomwash|Rotom-Wash|76/100
|move|p1a: Buzzwole|Ice Punch|p2a: rotomwash
|-resisted|p2a: rotomwash
|-damage|p2a: rotomwash|62/100
|-status|p2a: rotomwash|frz
|
|-heal|p2a: rotomwash|69/100 frz|[from] item: Leftovers
|upkeep
|turn|25
|
|t:|1665179961
|cant|p2a: rotomwash|frz
|move|p1a: Buzzwole|Close Combat|p2a: rotomwash
|-damage|p2a: rotomwash|0 fnt
|-unboost|p1a: Buzzwole|def|1
|-unboost|p1a: Buzzwole|spd|1
|faint|p2a: rotomwash
|-ability|p1a: Buzzwole|Beast Boost|boost
|-boost|p1a: Buzzwole|atk|1
|
|upkeep
|
|t:|1665179961
|switch|p2a: Weavile|Weavile, M|100/100
|-damage|p2a: Weavile|88/100|[from] Spikes
|-activate|p2a: Weavile|move: Sticky Web
|-unboost|p2a: Weavile|spe|1
|-ability|p2a: Weavile|Pressure
|turn|26
|
|t:|1665179972
|switch|p1a: Araquanid|Araquanid, M|54/100 slp
|move|p2a: Weavile|Triple Axel|p1a: Araquanid
|-resisted|p1a: Araquanid
|-damage|p1a: Araquanid|45/100 slp
|-resisted|p1a: Araquanid
|-damage|p1a: Araquanid|30/100 slp
|-resisted|p1a: Araquanid
|-damage|p1a: Araquanid|4/100 slp
|-hitcount|p1a: Araquanid|3
|
|upkeep
|turn|27
|
|t:|1665179976
|move|p2a: Weavile|Triple Axel|p1a: Araquanid
|-resisted|p1a: Araquanid
|-damage|p1a: Araquanid|0 fnt
|faint|p1a: Araquanid
|-hitcount|p1: Araquanid|1
|
|upkeep
|
|t:|1665179985
|switch|p1a: Scizor|Scizor, F|100/100
|turn|28
|
|t:|1665179987
|switch|p2a: Tangrowth|Tangrowth, F|40/100
|-damage|p2a: Tangrowth|28/100|[from] Spikes
|-activate|p2a: Tangrowth|move: Sticky Web
|-unboost|p2a: Tangrowth|spe|1
|move|p1a: Scizor|Swords Dance|p1a: Scizor
|-boost|p1a: Scizor|atk|2
|
|upkeep
|turn|29
|
|t:|1665179995
|switch|p2a: Melmetal|Melmetal|67/100
|-damage|p2a: Melmetal|55/100|[from] Spikes
|-activate|p2a: Melmetal|move: Sticky Web
|-unboost|p2a: Melmetal|spe|1
|move|p1a: Scizor|Knock Off|p2a: Melmetal
|-damage|p2a: Melmetal|0 fnt
|-enditem|p2a: Melmetal|Assault Vest|[from] move: Knock Off|[of] p1a: Scizor
|faint|p2a: Melmetal
|-damage|p1a: Scizor|91/100|[from] item: Life Orb
|
|upkeep
|
|t:|1665179995
|switch|p2a: Tangrowth|Tangrowth, F|61/100
|-damage|p2a: Tangrowth|49/100|[from] Spikes
|-activate|p2a: Tangrowth|move: Sticky Web
|-unboost|p2a: Tangrowth|spe|1
|turn|30
|
|t:|1665179998
|switch|p2a: Heatran|Heatran, M|15/100
|-damage|p2a: Heatran|2/100|[from] Spikes
|-activate|p2a: Heatran|move: Sticky Web
|-unboost|p2a: Heatran|spe|1
|move|p1a: Scizor|Knock Off|p2a: Heatran
|-damage|p2a: Heatran|0 fnt
|faint|p2a: Heatran
|-damage|p1a: Scizor|81/100|[from] item: Life Orb
|
|upkeep
|
|t:|1665179998
|switch|p2a: Tangrowth|Tangrowth, F|82/100
|-damage|p2a: Tangrowth|70/100|[from] Spikes
|-activate|p2a: Tangrowth|move: Sticky Web
|-unboost|p2a: Tangrowth|spe|1
|turn|31
|
|t:|1665180001
|move|p1a: Scizor|Knock Off|p2a: Tangrowth
|-damage|p2a: Tangrowth|21/100
|-damage|p1a: Scizor|64/100|[from] item: Rocky Helmet|[of] p2a: Tangrowth
|-enditem|p2a: Tangrowth|Rocky Helmet|[from] move: Knock Off|[of] p1a: Scizor
|-damage|p1a: Scizor|54/100|[from] item: Life Orb
|move|p2a: Tangrowth|Focus Blast|p1a: Scizor
|-damage|p1a: Scizor|8/100
|
|upkeep
|turn|32
|
|t:|1665180008
|switch|p2a: landorustherian|Landorus-Therian, M|38/100
|-ability|p2a: landorustherian|Intimidate|boost
|-unboost|p1a: Scizor|atk|1
|move|p1a: Scizor|Bullet Punch|p2a: landorustherian
|-damage|p2a: landorustherian|0 fnt
|faint|p2a: landorustherian
|-damage|p1a: Scizor|0 fnt|[from] item: Life Orb
|faint|p1a: Scizor
|
|upkeep
|
|t:|1665180010
|switch|p1a: Buzzwole|Buzzwole|81/100
|switch|p2a: Tangrowth|Tangrowth, F|54/100
|-damage|p2a: Tangrowth|41/100|[from] Spikes
|-activate|p2a: Tangrowth|move: Sticky Web
|-unboost|p2a: Tangrowth|spe|1
|turn|33
|
|t:|1665180014
|move|p1a: Buzzwole|Dual Wingbeat|p2a: Tangrowth|[miss]
|-miss|p1a: Buzzwole|p2a: Tangrowth
|move|p2a: Tangrowth|Giga Drain|p1a: Buzzwole
|-resisted|p1a: Buzzwole
|-damage|p1a: Buzzwole|62/100
|-heal|p2a: Tangrowth|51/100|[from] drain|[of] p1a: Buzzwole
|
|upkeep
|turn|34
|
|t:|1665180016
|move|p1a: Buzzwole|Dual Wingbeat|p2a: Tangrowth
|-supereffective|p2a: Tangrowth
|-damage|p2a: Tangrowth|35/100
|-supereffective|p2a: Tangrowth
|-damage|p2a: Tangrowth|18/100
|-hitcount|p2a: Tangrowth|2
|move|p2a: Tangrowth|Giga Drain|p1a: Buzzwole
|-resisted|p1a: Buzzwole
|-damage|p1a: Buzzwole|41/100
|-heal|p2a: Tangrowth|29/100|[from] drain|[of] p1a: Buzzwole
|
|upkeep
|turn|35
|
|t:|1665180027
|switch|p2a: Weavile|Weavile, M|88/100
|-damage|p2a: Weavile|76/100|[from] Spikes
|-activate|p2a: Weavile|move: Sticky Web
|-unboost|p2a: Weavile|spe|1
|-ability|p2a: Weavile|Pressure
|move|p1a: Buzzwole|Roost|p1a: Buzzwole
|-heal|p1a: Buzzwole|91/100
|-singleturn|p1a: Buzzwole|move: Roost
|
|upkeep
|turn|36
|
|t:|1665180035
|move|p2a: Weavile|Triple Axel|p1a: Buzzwole
|-damage|p1a: Buzzwole|80/100
|-damage|p2a: Weavile|59/100|[from] item: Rocky Helmet|[of] p1a: Buzzwole
|-damage|p1a: Buzzwole|61/100
|-damage|p2a: Weavile|43/100|[from] item: Rocky Helmet|[of] p1a: Buzzwole
|-damage|p1a: Buzzwole|34/100
|-damage|p2a: Weavile|26/100|[from] item: Rocky Helmet|[of] p1a: Buzzwole
|-hitcount|p1a: Buzzwole|3
|move|p1a: Buzzwole|Close Combat|p2a: Weavile
|-supereffective|p2a: Weavile
|-damage|p2a: Weavile|0 fnt
|-unboost|p1a: Buzzwole|def|1
|-unboost|p1a: Buzzwole|spd|1
|faint|p2a: Weavile
|-ability|p1a: Buzzwole|Beast Boost|boost
|-boost|p1a: Buzzwole|atk|1
|
|upkeep
|
|t:|1665180035
|switch|p2a: Tangrowth|Tangrowth, F|62/100
|-damage|p2a: Tangrowth|50/100|[from] Spikes
|-activate|p2a: Tangrowth|move: Sticky Web
|-unboost|p2a: Tangrowth|spe|1
|turn|37
|
|t:|1665180053
|move|p1a: Buzzwole|Dual Wingbeat|p2a: Tangrowth
|-supereffective|p2a: Tangrowth
|-damage|p2a: Tangrowth|24/100
|-supereffective|p2a: Tangrowth
|-damage|p2a: Tangrowth|2/100
|-hitcount|p2a: Tangrowth|2
|move|p2a: Tangrowth|Giga Drain|p1a: Buzzwole
|-resisted|p1a: Buzzwole
|-damage|p1a: Buzzwole|3/100
|-heal|p2a: Tangrowth|17/100|[from] drain|[of] p1a: Buzzwole
|
|upkeep
|turn|38
|
|t:|1665180057
|move|p1a: Buzzwole|Ice Punch|p2a: Tangrowth
|-supereffective|p2a: Tangrowth
|-damage|p2a: Tangrowth|0 fnt
|faint|p2a: Tangrowth
|
|win|A3720
|raw|A3720's rating: 1547 &rarr; <strong>1566</strong><br />(+19 for winning)
|raw|minimax_ai's rating: 1534 &rarr; <strong>1515</strong><br />(-19 for losing)
|c|☆minimax_ai|gg
