|j|☆ldailey19
|j|☆Traffalgar D Law
|t:|1658014632
|gametype|singles
|player|p1|ldailey19|lance|1447
|player|p2|Traffalgar D Law|scientist-gen3|1505
|teamsize|p1|6
|teamsize|p2|6
|gen|8
|tier|[Gen 8] OU
|rated|
|rule|Sleep Clause Mod: Limit one foe put to sleep
|rule|Species Clause: Limit one of each Pokémon
|rule|OHKO Clause: OHKO moves are banned
|rule|Evasion Moves Clause: Evasion moves are banned
|rule|Endless Battle Clause: Forcing endless battles is banned
|rule|HP Percentage Mod: HP is shown in percentages
|rule|Dynamax Clause: You cannot dynamax
|clearpoke
|poke|p1|Magnezone|
|poke|p1|Weavile, M|
|poke|p1|Urshifu-*, M|
|poke|p1|Heatran, F|
|poke|p1|Landorus-Therian, M|
|poke|p1|Dragapult, M|
|poke|p2|Hydreigon, M|
|poke|p2|Melmetal|
|poke|p2|Dragapult, M|
|poke|p2|Tapu Fini|
|poke|p2|Magnezone|
|poke|p2|Landorus-Therian, M|
|teampreview
|inactive|Battle timer is ON: inactive players will automatically lose when time's up. (requested by ldailey19)
|inactive|Traffalgar D Law also wants the timer to be on.
|
|t:|1658014638
|start
|switch|p1a: Dragapult|Dragapult, M, shiny|100/100
|switch|p2a: Devil Jin|Dragapult, M|100/100
|turn|1
|
|t:|1658014652
|move|p2a: Devil Jin|Shadow Ball|p1a: Dragapult
|-supereffective|p1a: Dragapult
|-enditem|p1a: Dragapult|Focus Sash
|-damage|p1a: Dragapult|1/100
|-unboost|p1a: Dragapult|spd|1
|move|p1a: Dragapult|U-turn|p2a: Devil Jin
|-resisted|p2a: Devil Jin
|-damage|p2a: Devil Jin|84/100
|
|t:|1658014670
|switch|p1a: Weavile|Weavile, M|100/100|[from]move: U-turn
|-ability|p1a: Weavile|Pressure
|
|upkeep
|turn|2
|
|t:|1658014696
|switch|p2a: Angel|Tapu Fini|100/100
|-fieldstart|move: Misty Terrain|[from] ability: Misty Surge|[of] p2a: Angel
|move|p1a: Weavile|Knock Off|p2a: Angel
|-resisted|p2a: Angel
|-damage|p2a: Angel|63/100
|-enditem|p2a: Angel|Choice Scarf|[from] move: Knock Off|[of] p1a: Weavile
|
|upkeep
|turn|3
|
|t:|1658014707
|switch|p1a: Dragapult|Dragapult, M, shiny|1/100
|move|p2a: Angel|Surf|p1a: Dragapult
|-resisted|p1a: Dragapult
|-damage|p1a: Dragapult|0 fnt
|faint|p1a: Dragapult
|
|upkeep
|
|t:|1658014713
|switch|p1a: Magnezone|Magnezone, shiny|100/100
|turn|4
|
|t:|1658014715
|switch|p2a: Heihachi|Landorus-Therian, M|100/100
|-ability|p2a: Heihachi|Intimidate|boost
|-unboost|p1a: Magnezone|atk|1
|move|p1a: Magnezone|Flash Cannon|p2a: Heihachi
|-damage|p2a: Heihachi|56/100
|
|-heal|p2a: Heihachi|62/100|[from] item: Leftovers
|upkeep
|turn|5
|
|t:|1658014721
|switch|p1a: Landorus|Landorus-Therian, M|100/100
|-ability|p1a: Landorus|Intimidate|boost
|-unboost|p2a: Heihachi|atk|1
|move|p2a: Heihachi|U-turn|p1a: Landorus
|-resisted|p1a: Landorus
|-damage|p1a: Landorus|95/100
|-damage|p2a: Heihachi|46/100|[from] item: Rocky Helmet|[of] p1a: Landorus
|inactive|Traffalgar D Law has 120 seconds left.
|
|t:|1658014751
|switch|p2a: Devil Jin|Dragapult, M|84/100|[from]move: U-turn
|
|upkeep
|turn|6
|
|t:|1658014763
|move|p2a: Devil Jin|Draco Meteor|p1a: Landorus
|-damage|p1a: Landorus|7/100
|-unboost|p2a: Devil Jin|spa|2
|move|p1a: Landorus|Knock Off|p2a: Devil Jin
|-supereffective|p2a: Devil Jin
|-damage|p2a: Devil Jin|3/100
|-enditem|p2a: Devil Jin|Choice Specs|[from] move: Knock Off|[of] p1a: Landorus
|
|-fieldend|Misty Terrain
|upkeep
|turn|7
|
|t:|1658014789
|switch|p1a: Magnezone|Magnezone, shiny|100/100
|move|p2a: Devil Jin|Shadow Ball|p1a: Magnezone
|-crit|p1a: Magnezone
|-damage|p1a: Magnezone|61/100
|-unboost|p1a: Magnezone|spd|1
|
|upkeep
|turn|8
|inactive|Traffalgar D Law has 120 seconds left.
|
|t:|1658014836
|move|p2a: Devil Jin|Flamethrower|p1a: Magnezone
|-supereffective|p1a: Magnezone
|-damage|p1a: Magnezone|32/100
|move|p1a: Magnezone|Flash Cannon|p2a: Devil Jin
|-damage|p2a: Devil Jin|0 fnt
|faint|p2a: Devil Jin
|
|upkeep
|
|t:|1658014854
|switch|p2a: Angel|Tapu Fini|63/100
|-fieldstart|move: Misty Terrain|[from] ability: Misty Surge|[of] p2a: Angel
|turn|9
|inactive|ldailey19 has 120 seconds left.
|
|t:|1658014883
|switch|p1a: Landorus|Landorus-Therian, M|7/100
|-ability|p1a: Landorus|Intimidate|boost
|-unboost|p2a: Angel|atk|1
|move|p2a: Angel|Surf|p1a: Landorus
|-supereffective|p1a: Landorus
|-damage|p1a: Landorus|0 fnt
|faint|p1a: Landorus
|
|upkeep
|
|t:|1658014897
|switch|p1a: Urshifu|Urshifu-Rapid-Strike, M|100/100
|turn|10
|
|t:|1658014921
|move|p1a: Urshifu|Thunder Punch|p2a: Angel
|-supereffective|p2a: Angel
|-damage|p2a: Angel|7/100
|move|p2a: Angel|Moonblast|p1a: Urshifu
|-supereffective|p1a: Urshifu
|-enditem|p1a: Urshifu|Focus Sash
|-damage|p1a: Urshifu|1/100
|
|upkeep
|turn|11
|inactive|ldailey19 has 120 seconds left.
|inactive|Traffalgar D Law has 90 seconds left.
|inactive|Traffalgar D Law has 60 seconds left.
|
|t:|1658014973
|move|p1a: Urshifu|Surging Strikes|p2a: Angel
|-resisted|p2a: Angel
|-crit|p2a: Angel
|-damage|p2a: Angel|0 fnt
|faint|p2a: Angel
|-hitcount|p2: Angel|1
|
|upkeep
|inactive|Traffalgar D Law has 60 seconds left.
|
|t:|1658014980
|switch|p2a: Devil Kazuya|Hydreigon, M|100/100
|turn|12
|inactive|ldailey19 has 120 seconds left.
|
|t:|1658015004
|switch|p1a: Magnezone|Magnezone, shiny|32/100
|move|p2a: Devil Kazuya|Earth Power|p1a: Magnezone
|-supereffective|p1a: Magnezone
|-damage|p1a: Magnezone|0 fnt
|faint|p1a: Magnezone
|-damage|p2a: Devil Kazuya|91/100|[from] item: Life Orb
|
|upkeep
|
|t:|1658015019
|switch|p1a: Heatran|Heatran, F, shiny|100/100
|-item|p1a: Heatran|Air Balloon
|turn|13
|
|t:|1658015038
|move|p2a: Devil Kazuya|Dark Pulse|p1a: Heatran
|-damage|p1a: Heatran|64/100
|-enditem|p1a: Heatran|Air Balloon
|-damage|p2a: Devil Kazuya|81/100|[from] item: Life Orb
|move|p1a: Heatran|Toxic|p2a: Devil Kazuya
|-status|p2a: Devil Kazuya|tox
|
|-damage|p2a: Devil Kazuya|75/100 tox|[from] psn
|-fieldend|Misty Terrain
|upkeep
|turn|14
|inactive|ldailey19 has 90 seconds left.
|
|t:|1658015055
|move|p1a: Heatran|Protect|p1a: Heatran
|-singleturn|p1a: Heatran|Protect
|move|p2a: Devil Kazuya|Earth Power|p1a: Heatran
|-activate|p1a: Heatran|move: Protect
|
|-damage|p2a: Devil Kazuya|62/100 tox|[from] psn
|upkeep
|turn|15
|inactive|ldailey19 has 90 seconds left.
|inactive|ldailey19 has 60 seconds left.
|inactive|ldailey19 has 30 seconds left.
|
|t:|1658015129
|move|p2a: Devil Kazuya|Earth Power|p1a: Heatran
|-supereffective|p1a: Heatran
|-damage|p1a: Heatran|0 fnt
|faint|p1a: Heatran
|-damage|p2a: Devil Kazuya|52/100 tox|[from] item: Life Orb
|
|-damage|p2a: Devil Kazuya|34/100 tox|[from] psn
|upkeep
|inactive|ldailey19 has 30 seconds left.
|
|t:|1658015136
|switch|p1a: Urshifu|Urshifu-Rapid-Strike, M|1/100
|turn|16
|inactive|ldailey19 has 30 seconds left.
|
|t:|1658015154
|switch|p1a: Weavile|Weavile, M|100/100
|-ability|p1a: Weavile|Pressure
|move|p2a: Devil Kazuya|Earth Power|p1a: Weavile
|-damage|p1a: Weavile|45/100
|-damage|p2a: Devil Kazuya|24/100 tox|[from] item: Life Orb
|
|-damage|p2a: Devil Kazuya|0 fnt|[from] psn
|faint|p2a: Devil Kazuya
|upkeep
|inactive|ldailey19 has 30 seconds left this turn.
|inactive|Traffalgar D Law has 120 seconds left.
|inactive|Traffalgar D Law has 90 seconds left.
|
|t:|1658015208
|switch|p2a: Jack-7|Melmetal|100/100
|turn|17
|inactive|ldailey19 has 30 seconds left.
|
|t:|1658015225
|move|p1a: Weavile|Low Kick|p2a: Jack-7
|-supereffective|p2a: Jack-7
|-damage|p2a: Jack-7|34/100
|move|p2a: Jack-7|Double Iron Bash|p1a: Weavile
|-supereffective|p1a: Weavile
|-damage|p1a: Weavile|0 fnt
|faint|p1a: Weavile
|-hitcount|p1: Weavile|1
|
|-heal|p2a: Jack-7|40/100|[from] item: Leftovers
|upkeep
|inactive|ldailey19 has 30 seconds left this turn.
|
|t:|1658015230
|switch|p1a: Urshifu|Urshifu-Rapid-Strike, M|1/100
|turn|18
|inactive|ldailey19 has 30 seconds left.
|
|t:|1658015245
|switch|p2a: Heihachi|Landorus-Therian, M|46/100
|-ability|p2a: Heihachi|Intimidate|boost
|-unboost|p1a: Urshifu|atk|1
|move|p1a: Urshifu|Close Combat|p2a: Heihachi
|-resisted|p2a: Heihachi
|-damage|p2a: Heihachi|26/100
|-unboost|p1a: Urshifu|def|1
|-unboost|p1a: Urshifu|spd|1
|
|-heal|p2a: Heihachi|32/100|[from] item: Leftovers
|upkeep
|turn|19
|
|t:|1658015250
|move|p1a: Urshifu|Surging Strikes|p2a: Heihachi
|-supereffective|p2a: Heihachi
|-crit|p2a: Heihachi
|-damage|p2a: Heihachi|0 fnt
|faint|p2a: Heihachi
|-hitcount|p2: Heihachi|1
|
|upkeep
|
|t:|1658015253
|switch|p2a: NANCY-MI847J|Magnezone|100/100
|turn|20
|
|t:|1658015256
|move|p1a: Urshifu|Close Combat|p2a: NANCY-MI847J
|-supereffective|p2a: NANCY-MI847J
|-damage|p2a: NANCY-MI847J|40/100
|-unboost|p1a: Urshifu|def|1
|-unboost|p1a: Urshifu|spd|1
|move|p2a: NANCY-MI847J|Thunderbolt|p1a: Urshifu
|-supereffective|p1a: Urshifu
|-damage|p1a: Urshifu|0 fnt
|faint|p1a: Urshifu
|
|win|Traffalgar D Law
|raw|ldailey19's rating: 1447 &rarr; <strong>1430</strong><br />(-17 for losing)
|raw|Traffalgar D Law's rating: 1505 &rarr; <strong>1522</strong><br />(+17 for winning)
