|j|☆exlipse
|j|☆AlIoutdragadarts
|inactive|Battle timer is ON: inactive players will automatically lose when time's up.
|t:|1664721591
|gametype|singles
|player|p1|exlipse|scientist|
|player|p2|AlIoutdragadarts|hiker-gen4|
|teamsize|p1|6
|teamsize|p2|6
|gen|8
|tier|[Gen 8] OU
|rated|Tournament battle
|rule|Sleep Clause Mod: Limit one foe put to sleep
|rule|Species Clause: Limit one of each Pokémon
|rule|OHKO Clause: OHKO moves are banned
|rule|Evasion Items Clause: Evasion items are banned
|rule|Evasion Moves Clause: Evasion moves are banned
|rule|Endless Battle Clause: Forcing endless battles is banned
|rule|HP Percentage Mod: HP is shown in percentages
|rule|Dynamax Clause: You cannot dynamax
|clearpoke
|poke|p1|Clefable, F|
|poke|p1|Toxapex, M|
|poke|p1|Reuniclus, M|
|poke|p1|Landorus-Therian, M|
|poke|p1|Dragonite, M|
|poke|p1|Corviknight, F|
|poke|p2|Clefable, F|
|poke|p2|Garchomp, M|
|poke|p2|Slowking-Galar, M|
|poke|p2|Rotom-Wash|
|poke|p2|Tornadus-Therian, M|
|poke|p2|Ferrothorn, M|
|teampreview
|j|%Sww-Suwa
|
|t:|1664721598
|start
|switch|p1a: Kei|Landorus-Therian, M|100/100
|switch|p2a: Tornadus|Tornadus-Therian, M, shiny|100/100
|-ability|p1a: Kei|Intimidate|boost
|-unboost|p2a: Tornadus|atk|1
|turn|1
|
|t:|1664721602
|move|p2a: Tornadus|Knock Off|p1a: Kei
|-damage|p1a: Kei|86/100
|-damage|p2a: Tornadus|84/100|[from] item: Rocky Helmet|[of] p1a: Kei
|-enditem|p1a: Kei|Rocky Helmet|[from] move: Knock Off|[of] p2a: Tornadus
|move|p1a: Kei|Knock Off|p2a: Tornadus
|-damage|p2a: Tornadus|41/100
|-enditem|p2a: Tornadus|Heavy-Duty Boots|[from] move: Knock Off|[of] p1a: Kei
|
|upkeep
|turn|2
|
|t:|1664721608
|move|p2a: Tornadus|Hurricane|p1a: Kei
|-damage|p1a: Kei|33/100
|move|p1a: Kei|Stealth Rock|p2a: Tornadus
|-sidestart|p2: AlIoutdragadarts|move: Stealth Rock
|
|upkeep
|turn|3
|j| Stunfisk2140
|
|t:|1664721618
|switch|p1a: Magent Magent|Toxapex, M|100/100
|move|p2a: Tornadus|Defog|p1a: Magent Magent
|-unboost|p1a: Magent Magent|evasion|1
|-sideend|p2: AlIoutdragadarts|Stealth Rock|[from] move: Defog|[of] p2a: Tornadus
|
|upkeep
|turn|4
|j| Mon cappuccino
|
|t:|1664721625
|move|p1a: Magent Magent|Baneful Bunker|p1a: Magent Magent
|-singleturn|p1a: Magent Magent|move: Protect
|move|p2a: Tornadus|Knock Off|p1a: Magent Magent
|-activate|p1a: Magent Magent|move: Protect
|-status|p2a: Tornadus|psn
|
|-damage|p2a: Tornadus|29/100 psn|[from] psn
|upkeep
|turn|5
|
|t:|1664721632
|switch|p2a: Clefable|Clefable, F, shiny|100/100
|move|p1a: Magent Magent|Scald|p2a: Clefable
|-crit|p2a: Clefable
|-damage|p2a: Clefable|76/100
|
|upkeep
|turn|6
|j| lou dort
|
|t:|1664721641
|switch|p1a: Corviknight|Corviknight, F|100/100
|-ability|p1a: Corviknight|Pressure
|move|p2a: Clefable|Aromatherapy|p2a: Clefable
|-activate|p2a: Clefable|move: Aromatherapy
|-curestatus|p2: Tornadus|psn|[msg]
|
|upkeep
|turn|7
|
|t:|1664721652
|switch|p2a: Tornadus|Tornadus-Therian, M, shiny|62/100
|move|p1a: Corviknight|Bulk Up|p1a: Corviknight
|-boost|p1a: Corviknight|atk|1
|-boost|p1a: Corviknight|def|1
|
|upkeep
|turn|8
|
|t:|1664721654
|move|p2a: Tornadus|U-turn|p1a: Corviknight
|-resisted|p1a: Corviknight
|-damage|p1a: Corviknight|98/100
|
|t:|1664721656
|switch|p2a: Rotom|Rotom-Wash, shiny|100/100|[from]move: U-turn
|move|p1a: Corviknight|Brave Bird|p2a: Rotom
|-resisted|p2a: Rotom
|-damage|p2a: Rotom|79/100
|-damage|p1a: Corviknight|93/100|[from] Recoil
|
|-heal|p2a: Rotom|85/100|[from] item: Leftovers
|-heal|p1a: Corviknight|99/100|[from] item: Leftovers
|upkeep
|turn|9
|
|t:|1664721662
|switch|p1a: Damo|Reuniclus, M|100/100
|move|p2a: Rotom|Volt Switch|p1a: Damo
|-damage|p1a: Damo|89/100
|
|t:|1664721666
|switch|p2a: Tornadus|Tornadus-Therian, M, shiny|95/100|[from]move: Volt Switch
|
|upkeep
|turn|10
|
|t:|1664721668
|switch|p1a: Magent Magent|Toxapex, M|100/100
|move|p2a: Tornadus|Knock Off|p1a: Magent Magent
|-damage|p1a: Magent Magent|89/100
|-enditem|p1a: Magent Magent|Black Sludge|[from] move: Knock Off|[of] p2a: Tornadus
|
|upkeep
|turn|11
|
|t:|1664721675
|move|p2a: Tornadus|Hurricane|p1a: Magent Magent
|-damage|p1a: Magent Magent|56/100
|-start|p1a: Magent Magent|confusion
|-activate|p1a: Magent Magent|confusion
|-damage|p1a: Magent Magent|52/100|[from] confusion
|
|upkeep
|turn|12
|j| TheNewBrends11
|
|t:|1664721691
|-end|p1a: Magent Magent|confusion
|move|p1a: Magent Magent|Baneful Bunker|p1a: Magent Magent
|-singleturn|p1a: Magent Magent|move: Protect
|move|p2a: Tornadus|Hurricane|p1a: Magent Magent
|-activate|p1a: Magent Magent|move: Protect
|
|upkeep
|turn|13
|
|t:|1664721698
|move|p2a: Tornadus|U-turn|p1a: Magent Magent
|-resisted|p1a: Magent Magent
|-damage|p1a: Magent Magent|48/100
|
|t:|1664721700
|switch|p2a: Garchomp|Garchomp, M, shiny|100/100|[from]move: U-turn
|move|p1a: Magent Magent|Recover|p1a: Magent Magent
|-heal|p1a: Magent Magent|98/100
|
|upkeep
|turn|14
|
|t:|1664721703
|switch|p1a: Corviknight|Corviknight, F|99/100
|-ability|p1a: Corviknight|Pressure
|move|p2a: Garchomp|Stealth Rock|p1a: Corviknight
|-sidestart|p1: exlipse|move: Stealth Rock
|
|-heal|p1a: Corviknight|100/100|[from] item: Leftovers
|upkeep
|turn|15
|j| Ladder Prodigy
|
|t:|1664721708
|switch|p2a: Rotom|Rotom-Wash, shiny|85/100
|move|p1a: Corviknight|Defog|p2a: Rotom
|-unboost|p2a: Rotom|evasion|1
|-sideend|p1: exlipse|Stealth Rock|[from] move: Defog|[of] p1a: Corviknight
|
|-heal|p2a: Rotom|91/100|[from] item: Leftovers
|upkeep
|turn|16
|
|t:|1664721712
|switch|p1a: Damo|Reuniclus, M|100/100
|move|p2a: Rotom|Volt Switch|p1a: Damo
|-damage|p1a: Damo|89/100
|
|t:|1664721715
|switch|p2a: Ferrothorn|Ferrothorn, M, shiny|100/100|[from]move: Volt Switch
|
|upkeep
|turn|17
|
|t:|1664721722
|move|p1a: Damo|Knock Off|p2a: Ferrothorn
|-damage|p2a: Ferrothorn|91/100
|-damage|p1a: Damo|76/100|[from] ability: Iron Barbs|[of] p2a: Ferrothorn
|-enditem|p2a: Ferrothorn|Leftovers|[from] move: Knock Off|[of] p1a: Damo
|move|p2a: Ferrothorn|Knock Off|p1a: Damo
|-supereffective|p1a: Damo
|-damage|p1a: Damo|31/100
|-enditem|p1a: Damo|Assault Vest|[from] move: Knock Off|[of] p2a: Ferrothorn
|
|upkeep
|turn|18
|
|t:|1664721733
|switch|p1a: Corviknight|Corviknight, F|100/100
|-ability|p1a: Corviknight|Pressure
|move|p2a: Ferrothorn|Gyro Ball|p1a: Corviknight
|-resisted|p1a: Corviknight
|-damage|p1a: Corviknight|86/100
|
|-heal|p1a: Corviknight|92/100|[from] item: Leftovers
|upkeep
|turn|19
|
|t:|1664721747
|switch|p1a: Magent Magent|Toxapex, M|100/100
|move|p2a: Ferrothorn|Knock Off|p1a: Magent Magent
|-damage|p1a: Magent Magent|92/100
|
|upkeep
|turn|20
|
|t:|1664721751
|move|p1a: Magent Magent|Scald|p2a: Ferrothorn
|-resisted|p2a: Ferrothorn
|-damage|p2a: Ferrothorn|85/100
|-status|p2a: Ferrothorn|brn
|move|p2a: Ferrothorn|Spikes|p1a: Magent Magent
|-sidestart|p1: exlipse|Spikes
|
|-damage|p2a: Ferrothorn|78/100 brn|[from] brn
|upkeep
|turn|21
|
|t:|1664721757
|switch|p1a: Corviknight|Corviknight, F|92/100
|-ability|p1a: Corviknight|Pressure
|switch|p2a: Rotom|Rotom-Wash, shiny|91/100
|
|-heal|p2a: Rotom|97/100|[from] item: Leftovers
|-heal|p1a: Corviknight|98/100|[from] item: Leftovers
|upkeep
|turn|22
|
|t:|1664721765
|move|p2a: Rotom|Volt Switch|p1a: Corviknight
|-supereffective|p1a: Corviknight
|-damage|p1a: Corviknight|62/100
|
|t:|1664721768
|switch|p2a: Slowking|Slowking-Galar, M, shiny|100/100|[from]move: Volt Switch
|move|p1a: Corviknight|Defog|p2a: Slowking
|-unboost|p2a: Slowking|evasion|1
|-sideend|p1: exlipse|Spikes|[from] move: Defog|[of] p1a: Corviknight
|
|-heal|p1a: Corviknight|68/100|[from] item: Leftovers
|upkeep
|turn|23
|
|t:|1664721774
|switch|p1a: Damo|Reuniclus, M|64/100
|move|p2a: Slowking|Nasty Plot|p2a: Slowking
|-boost|p2a: Slowking|spa|2
|
|upkeep
|turn|24
|l| Stunfisk2140
|
|t:|1664721781
|move|p2a: Slowking|Sludge Bomb|p1a: Damo
|-damage|p1a: Damo|18/100
|move|p1a: Damo|Knock Off|p2a: Slowking
|-supereffective|p2a: Slowking
|-damage|p2a: Slowking|75/100
|-enditem|p2a: Slowking|Black Sludge|[from] move: Knock Off|[of] p1a: Damo
|
|upkeep
|turn|25
|
|t:|1664721793
|switch|p1a: Joshu|Dragonite, M|100/100
|move|p2a: Slowking|Psychic|p1a: Joshu
|-crit|p1a: Joshu
|-damage|p1a: Joshu|55/100
|-unboost|p1a: Joshu|spd|1
|
|upkeep
|turn|26
|
|t:|1664721798
|move|p1a: Joshu|Earthquake|p2a: Slowking
|-supereffective|p2a: Slowking
|-damage|p2a: Slowking|22/100
|move|p2a: Slowking|Sludge Bomb|p1a: Joshu
|-damage|p1a: Joshu|0 fnt
|faint|p1a: Joshu
|
|upkeep
|
|t:|1664721811
|switch|p1a: Damo|Reuniclus, M|51/100
|turn|27
|
|t:|1664721817
|switch|p2a: Tornadus|Tornadus-Therian, M, shiny|100/100
|move|p1a: Damo|Psyshock|p2a: Tornadus
|-damage|p2a: Tornadus|68/100
|
|upkeep
|turn|28
|j| UwUKingUwU
|
|t:|1664721823
|switch|p1a: Magent Magent|Toxapex, M|100/100
|move|p2a: Tornadus|U-turn|p1a: Magent Magent
|-resisted|p1a: Magent Magent
|-damage|p1a: Magent Magent|96/100
|
|t:|1664721829
|switch|p2a: Garchomp|Garchomp, M, shiny|100/100|[from]move: U-turn
|
|upkeep
|turn|29
|
|t:|1664721833
|switch|p1a: Corviknight|Corviknight, F|68/100
|-ability|p1a: Corviknight|Pressure
|move|p2a: Garchomp|Stealth Rock|p1a: Corviknight
|-sidestart|p1: exlipse|move: Stealth Rock
|
|-heal|p1a: Corviknight|74/100|[from] item: Leftovers
|upkeep
|turn|30
|
|t:|1664721839
|switch|p2a: Slowking|Slowking-Galar, M, shiny|55/100
|move|p1a: Corviknight|Defog|p2a: Slowking
|-unboost|p2a: Slowking|evasion|1
|-sideend|p1: exlipse|Stealth Rock|[from] move: Defog|[of] p1a: Corviknight
|
|-heal|p1a: Corviknight|81/100|[from] item: Leftovers
|upkeep
|turn|31
|
|t:|1664721845
|switch|p2a: Rotom|Rotom-Wash, shiny|97/100
|move|p1a: Corviknight|Bulk Up|p1a: Corviknight
|-boost|p1a: Corviknight|atk|1
|-boost|p1a: Corviknight|def|1
|
|-heal|p2a: Rotom|100/100|[from] item: Leftovers
|-heal|p1a: Corviknight|87/100|[from] item: Leftovers
|upkeep
|turn|32
|
|t:|1664721850
|move|p2a: Rotom|Will-O-Wisp|p1a: Corviknight
|-status|p1a: Corviknight|brn
|move|p1a: Corviknight|Roost|p1a: Corviknight
|-heal|p1a: Corviknight|100/100 brn
|-singleturn|p1a: Corviknight|move: Roost
|
|-damage|p1a: Corviknight|94/100 brn|[from] brn
|upkeep
|turn|33
|
|t:|1664721856
|switch|p1a: Damo|Reuniclus, M|84/100
|move|p2a: Rotom|Volt Switch|p1a: Damo
|-crit|p1a: Damo
|-damage|p1a: Damo|60/100
|
|t:|1664721868
|switch|p2a: Tornadus|Tornadus-Therian, M, shiny|100/100|[from]move: Volt Switch
|
|upkeep
|turn|34
|
|t:|1664721873
|move|p2a: Tornadus|U-turn|p1a: Damo
|-supereffective|p1a: Damo
|-damage|p1a: Damo|28/100
|
|t:|1664721877
|switch|p2a: Slowking|Slowking-Galar, M, shiny|89/100|[from]move: U-turn
|move|p1a: Damo|Future Sight|p2a: Slowking
|-start|p1a: Damo|move: Future Sight
|
|upkeep
|turn|35
|l| UwUKingUwU
|
|t:|1664721883
|move|p2a: Slowking|Psychic|p1a: Damo
|-resisted|p1a: Damo
|-damage|p1a: Damo|17/100
|move|p1a: Damo|Psyshock|p2a: Slowking
|-damage|p2a: Slowking|62/100
|
|upkeep
|turn|36
|
|t:|1664721893
|switch|p2a: Tornadus|Tornadus-Therian, M, shiny|100/100
|switch|p1a: Corviknight|Corviknight, F|94/100 brn
|-ability|p1a: Corviknight|Pressure
|
|-end|p2a: Tornadus|move: Future Sight
|-damage|p2a: Tornadus|48/100
|-heal|p1a: Corviknight|100/100 brn|[from] item: Leftovers
|-damage|p1a: Corviknight|94/100 brn|[from] brn
|upkeep
|turn|37
|inactive|exlipse has 120 seconds left.
|
|t:|1664721925
|move|p2a: Tornadus|U-turn|p1a: Corviknight
|-resisted|p1a: Corviknight
|-damage|p1a: Corviknight|91/100 brn
|
|t:|1664721931
|switch|p2a: Slowking|Slowking-Galar, M, shiny|96/100|[from]move: U-turn
|move|p1a: Corviknight|Bulk Up|p1a: Corviknight
|-boost|p1a: Corviknight|atk|1
|-boost|p1a: Corviknight|def|1
|
|-heal|p1a: Corviknight|98/100 brn|[from] item: Leftovers
|-damage|p1a: Corviknight|91/100 brn|[from] brn
|upkeep
|turn|38
|j| gotsnsd
|
|t:|1664721938
|move|p1a: Corviknight|Bulk Up|p1a: Corviknight
|-boost|p1a: Corviknight|atk|1
|-boost|p1a: Corviknight|def|1
|move|p2a: Slowking|Trick|p1a: Corviknight
|-activate|p2a: Slowking|move: Trick|[of] p1a: Corviknight
|-enditem|p1a: Corviknight|Leftovers|[silent]|[from] move: Trick
|-item|p2a: Slowking|Leftovers|[from] move: Trick
|
|-heal|p2a: Slowking|100/100|[from] item: Leftovers
|-damage|p1a: Corviknight|85/100 brn|[from] brn
|upkeep
|turn|39
|
|t:|1664721947
|switch|p2a: Clefable|Clefable, F, shiny|76/100
|move|p1a: Corviknight|Bulk Up|p1a: Corviknight
|-boost|p1a: Corviknight|atk|1
|-boost|p1a: Corviknight|def|1
|
|-damage|p1a: Corviknight|79/100 brn|[from] brn
|upkeep
|turn|40
|j| Meroz
|
|t:|1664721952
|switch|p1a: Carne|Clefable, F|100/100
|move|p2a: Clefable|Aromatherapy|p2a: Clefable
|-activate|p2a: Clefable|move: Aromatherapy
|-curestatus|p2: Ferrothorn|brn|[msg]
|
|upkeep
|turn|41
|j| UwUKingUwU
|
|t:|1664721961
|move|p2a: Clefable|Wish|p2a: Clefable
|move|p1a: Carne|Aromatherapy|p1a: Carne
|-activate|p1a: Carne|move: Aromatherapy
|-curestatus|p1: Corviknight|brn|[msg]
|
|upkeep
|turn|42
|
|t:|1664721968
|switch|p2a: Ferrothorn|Ferrothorn, M, shiny|78/100
|move|p1a: Carne|Moonblast|p2a: Ferrothorn
|-resisted|p2a: Ferrothorn
|-damage|p2a: Ferrothorn|65/100
|
|-heal|p2a: Ferrothorn|100/100|[from] move: Wish|[wisher] Clefable
|upkeep
|turn|43
|
|t:|1664721971
|switch|p1a: Corviknight|Corviknight, F|79/100
|-ability|p1a: Corviknight|Pressure
|move|p2a: Ferrothorn|Spikes|p1a: Corviknight
|-sidestart|p1: exlipse|Spikes
|
|upkeep
|turn|44
|
|t:|1664721979
|move|p1a: Corviknight|Defog|p2a: Ferrothorn
|-unboost|p2a: Ferrothorn|evasion|1
|-sideend|p1: exlipse|Spikes|[from] move: Defog|[of] p1a: Corviknight
|move|p2a: Ferrothorn|Leech Seed|p1a: Corviknight
|-start|p1a: Corviknight|move: Leech Seed
|
|-damage|p1a: Corviknight|66/100|[from] Leech Seed|[of] p2a: Ferrothorn
|upkeep
|turn|45
|c| UwUKingUwU|Final game belike:
|j|+playerW17
|
|t:|1664721990
|switch|p1a: Magent Magent|Toxapex, M|100/100
|move|p2a: Ferrothorn|Spikes|p1a: Magent Magent
|-sidestart|p1: exlipse|Spikes
|
|upkeep
|turn|46
|
|t:|1664721998
|switch|p2a: Rotom|Rotom-Wash, shiny|100/100
|move|p1a: Magent Magent|Scald|p2a: Rotom
|-resisted|p2a: Rotom
|-damage|p2a: Rotom|92/100
|-status|p2a: Rotom|brn
|
|-heal|p2a: Rotom|98/100 brn|[from] item: Leftovers
|-damage|p2a: Rotom|92/100 brn|[from] brn
|upkeep
|turn|47
|
|t:|1664722005
|move|p1a: Magent Magent|Baneful Bunker|p1a: Magent Magent
|-singleturn|p1a: Magent Magent|move: Protect
|move|p2a: Rotom|Volt Switch|p1a: Magent Magent
|-activate|p1a: Magent Magent|move: Protect
|
|-heal|p2a: Rotom|98/100 brn|[from] item: Leftovers
|-damage|p2a: Rotom|92/100 brn|[from] brn
|upkeep
|turn|48
|l| Meroz
|
|t:|1664722015
|move|p2a: Rotom|Will-O-Wisp|p1a: Magent Magent
|-status|p1a: Magent Magent|brn
|move|p1a: Magent Magent|Recover||[still]
|-fail|p1a: Magent Magent|heal
|
|-heal|p2a: Rotom|98/100 brn|[from] item: Leftovers
|-damage|p2a: Rotom|92/100 brn|[from] brn
|-damage|p1a: Magent Magent|94/100 brn|[from] brn
|upkeep
|turn|49
|
|t:|1664722023
|move|p2a: Rotom|Volt Switch|p1a: Magent Magent
|-supereffective|p1a: Magent Magent
|-damage|p1a: Magent Magent|49/100 brn
|
|t:|1664722029
|switch|p2a: Slowking|Slowking-Galar, M, shiny|100/100|[from]move: Volt Switch
|move|p1a: Magent Magent|Scald|p2a: Slowking
|-damage|p2a: Slowking|87/100
|
|-heal|p2a: Slowking|94/100|[from] item: Leftovers
|-damage|p1a: Magent Magent|43/100 brn|[from] brn
|upkeep
|turn|50
|
|t:|1664722037
|switch|p1a: Corviknight|Corviknight, F|66/100
|-ability|p1a: Corviknight|Pressure
|move|p2a: Slowking|Psychic|p1a: Corviknight
|-resisted|p1a: Corviknight
|-damage|p1a: Corviknight|54/100
|
|-heal|p2a: Slowking|99/100|[from] item: Leftovers
|upkeep
|turn|51
|
|t:|1664722045
|switch|p2a: Rotom|Rotom-Wash, shiny|92/100 brn
|move|p1a: Corviknight|Defog|p2a: Rotom
|-unboost|p2a: Rotom|evasion|1
|-sideend|p1: exlipse|Spikes|[from] move: Defog|[of] p1a: Corviknight
|
|-heal|p2a: Rotom|98/100 brn|[from] item: Leftovers
|-damage|p2a: Rotom|92/100 brn|[from] brn
|upkeep
|turn|52
|
|t:|1664722050
|switch|p1a: Carne|Clefable, F|100/100
|move|p2a: Rotom|Will-O-Wisp|p1a: Carne
|-status|p1a: Carne|brn
|
|-heal|p2a: Rotom|98/100 brn|[from] item: Leftovers
|-damage|p2a: Rotom|92/100 brn|[from] brn
|-damage|p1a: Carne|94/100 brn|[from] brn
|upkeep
|turn|53
|l| UwUKingUwU
|
|t:|1664722055
|move|p2a: Rotom|Volt Switch|p1a: Carne
|-damage|p1a: Carne|70/100 brn
|
|t:|1664722057
|switch|p2a: Ferrothorn|Ferrothorn, M, shiny|100/100|[from]move: Volt Switch
|move|p1a: Carne|Aromatherapy|p1a: Carne
|-activate|p1a: Carne|move: Aromatherapy
|-curestatus|p1a: Carne|brn|[msg]
|-curestatus|p1: Magent Magent|brn|[msg]
|
|-heal|p1a: Carne|76/100|[from] item: Leftovers
|upkeep
|turn|54
|
|t:|1664722063
|switch|p1a: Corviknight|Corviknight, F|54/100
|-ability|p1a: Corviknight|Pressure
|move|p2a: Ferrothorn|Leech Seed|p1a: Corviknight
|-start|p1a: Corviknight|move: Leech Seed
|
|-damage|p1a: Corviknight|42/100|[from] Leech Seed|[of] p2a: Ferrothorn
|upkeep
|turn|55
|
|t:|1664722069
|switch|p2a: Slowking|Slowking-Galar, M, shiny|100/100
|move|p1a: Corviknight|Roost|p1a: Corviknight
|-heal|p1a: Corviknight|92/100
|-singleturn|p1a: Corviknight|move: Roost
|
|-damage|p1a: Corviknight|79/100|[from] Leech Seed|[of] p2a: Slowking
|upkeep
|turn|56
|
|t:|1664722072
|switch|p1a: Damo|Reuniclus, M|51/100
|move|p2a: Slowking|Nasty Plot|p2a: Slowking
|-boost|p2a: Slowking|spa|2
|
|upkeep
|turn|57
|
|t:|1664722081
|switch|p1a: Corviknight|Corviknight, F|79/100
|-ability|p1a: Corviknight|Pressure
|move|p2a: Slowking|Sludge Bomb|p1a: Corviknight
|-immune|p1a: Corviknight
|
|upkeep
|turn|58
|
|t:|1664722088
|move|p1a: Corviknight|Bulk Up|p1a: Corviknight
|-boost|p1a: Corviknight|atk|1
|-boost|p1a: Corviknight|def|1
|move|p2a: Slowking|Nasty Plot|p2a: Slowking
|-boost|p2a: Slowking|spa|2
|
|upkeep
|turn|59
|inactive|exlipse has 120 seconds left.
|
|t:|1664722130
|move|p1a: Corviknight|Brave Bird|p2a: Slowking
|-damage|p2a: Slowking|56/100
|-damage|p1a: Corviknight|66/100|[from] Recoil
|move|p2a: Slowking|Psychic|p1a: Corviknight
|-resisted|p1a: Corviknight
|-damage|p1a: Corviknight|29/100
|
|-heal|p2a: Slowking|62/100|[from] item: Leftovers
|upkeep
|turn|60
|
|t:|1664722136
|move|p1a: Corviknight|Roost|p1a: Corviknight
|-heal|p1a: Corviknight|79/100
|-singleturn|p1a: Corviknight|move: Roost
|move|p2a: Slowking|Nasty Plot|p2a: Slowking
|-boost|p2a: Slowking|spa|2
|
|-heal|p2a: Slowking|68/100|[from] item: Leftovers
|upkeep
|turn|61
|inactive|exlipse has 120 seconds left.
|
|t:|1664722142
|move|p1a: Corviknight|Roost|p1a: Corviknight
|-heal|p1a: Corviknight|100/100
|-singleturn|p1a: Corviknight|move: Roost
|move|p2a: Slowking|Psychic|p1a: Corviknight
|-resisted|p1a: Corviknight
|-damage|p1a: Corviknight|54/100
|
|-heal|p2a: Slowking|75/100|[from] item: Leftovers
|upkeep
|turn|62
|j| GoatNoir
|
|t:|1664722149
|switch|p2a: Rotom|Rotom-Wash, shiny|92/100 brn
|move|p1a: Corviknight|Roost|p1a: Corviknight
|-heal|p1a: Corviknight|100/100
|-singleturn|p1a: Corviknight|move: Roost
|
|-heal|p2a: Rotom|98/100 brn|[from] item: Leftovers
|-damage|p2a: Rotom|92/100 brn|[from] brn
|upkeep
|turn|63
|
|t:|1664722153
|switch|p1a: Damo|Reuniclus, M|84/100
|move|p2a: Rotom|Will-O-Wisp|p1a: Damo|[miss]
|-miss|p2a: Rotom|p1a: Damo
|
|-heal|p2a: Rotom|98/100 brn|[from] item: Leftovers
|-damage|p2a: Rotom|92/100 brn|[from] brn
|upkeep
|turn|64
|
|t:|1664722161
|move|p2a: Rotom|Volt Switch|p1a: Damo
|-damage|p1a: Damo|68/100
|
|t:|1664722166
|switch|p2a: Ferrothorn|Ferrothorn, M, shiny|100/100|[from]move: Volt Switch
|move|p1a: Damo|Future Sight|p2a: Ferrothorn
|-start|p1a: Damo|move: Future Sight
|
|upkeep
|turn|65
|l| Mon cappuccino
|l| GoatNoir
|
|t:|1664722171
|move|p1a: Damo|Focus Blast|p2a: Ferrothorn
|-supereffective|p2a: Ferrothorn
|-damage|p2a: Ferrothorn|49/100
|move|p2a: Ferrothorn|Leech Seed|p1a: Damo
|-start|p1a: Damo|move: Leech Seed
|
|-damage|p1a: Damo|56/100|[from] Leech Seed|[of] p2a: Ferrothorn
|-heal|p2a: Ferrothorn|64/100|[silent]
|upkeep
|turn|66
|
|t:|1664722180
|switch|p1a: Corviknight|Corviknight, F|100/100
|-ability|p1a: Corviknight|Pressure
|move|p2a: Ferrothorn|Gyro Ball|p1a: Corviknight
|-resisted|p1a: Corviknight
|-damage|p1a: Corviknight|87/100
|
|-end|p2a: Ferrothorn|move: Future Sight
|-resisted|p2a: Ferrothorn
|-damage|p2a: Ferrothorn|45/100
|upkeep
|turn|67
|
|t:|1664722195
|switch|p1a: Damo|Reuniclus, M|89/100
|switch|p2a: Clefable|Clefable, F, shiny|76/100
|
|upkeep
|turn|68
|
|t:|1664722206
|switch|p2a: Garchomp|Garchomp, M, shiny|100/100
|move|p1a: Damo|Future Sight|p2a: Garchomp
|-start|p1a: Damo|move: Future Sight
|
|upkeep
|turn|69
|
|t:|1664722212
|move|p2a: Garchomp|Toxic|p1a: Damo|[miss]
|-miss|p2a: Garchomp|p1a: Damo
|move|p1a: Damo|Knock Off|p2a: Garchomp
|-damage|p2a: Garchomp|86/100
|-damage|p1a: Damo|76/100|[from] ability: Rough Skin|[of] p2a: Garchomp
|-enditem|p2a: Garchomp|Leftovers|[from] move: Knock Off|[of] p1a: Damo
|
|upkeep
|turn|70
|
|t:|1664722227
|move|p2a: Garchomp|Stealth Rock|p1a: Damo
|-sidestart|p1: exlipse|move: Stealth Rock
|move|p1a: Damo|Psyshock|p2a: Garchomp
|-damage|p2a: Garchomp|56/100
|
|-end|p2a: Garchomp|move: Future Sight
|-damage|p2a: Garchomp|24/100
|upkeep
|turn|71
|
|t:|1664722230
|switch|p2a: Tornadus|Tornadus-Therian, M, shiny|81/100
|switch|p1a: Corviknight|Corviknight, F|87/100
|-damage|p1a: Corviknight|74/100|[from] Stealth Rock
|-ability|p1a: Corviknight|Pressure
|
|upkeep
|turn|72
|
|t:|1664722233
|move|p2a: Tornadus|U-turn|p1a: Corviknight
|-resisted|p1a: Corviknight
|-damage|p1a: Corviknight|71/100
|
|t:|1664722236
|switch|p2a: Rotom|Rotom-Wash, shiny|92/100 brn|[from]move: U-turn
|move|p1a: Corviknight|Defog|p2a: Rotom
|-unboost|p2a: Rotom|evasion|1
|-sideend|p1: exlipse|Stealth Rock|[from] move: Defog|[of] p1a: Corviknight
|
|-heal|p2a: Rotom|98/100 brn|[from] item: Leftovers
|-damage|p2a: Rotom|92/100 brn|[from] brn
|upkeep
|turn|73
|
|t:|1664722243
|switch|p1a: Damo|Reuniclus, M|100/100
|move|p2a: Rotom|Volt Switch|p1a: Damo
|-damage|p1a: Damo|83/100
|j| UwUKingUwU
|
|t:|1664722258
|switch|p2a: Tornadus|Tornadus-Therian, M, shiny|100/100|[from]move: Volt Switch
|
|upkeep
|turn|74
|
|t:|1664722262
|move|p2a: Tornadus|Hurricane|p1a: Damo
|-damage|p1a: Damo|58/100
|move|p1a: Damo|Future Sight|p2a: Tornadus
|-start|p1a: Damo|move: Future Sight
|
|upkeep
|turn|75
|
|t:|1664722267
|move|p2a: Tornadus|Knock Off|p1a: Damo
|-supereffective|p1a: Damo
|-damage|p1a: Damo|28/100
|move|p1a: Damo|Psyshock|p2a: Tornadus
|-damage|p2a: Tornadus|65/100
|
|upkeep
|turn|76
|
|t:|1664722277
|switch|p1a: Corviknight|Corviknight, F|71/100
|-ability|p1a: Corviknight|Pressure
|move|p2a: Tornadus|U-turn|p1a: Corviknight
|-resisted|p1a: Corviknight
|-crit|p1a: Corviknight
|-damage|p1a: Corviknight|67/100
|
|t:|1664722282
|switch|p2a: Slowking|Slowking-Galar, M, shiny|100/100|[from]move: U-turn
|
|-end|p2a: Slowking|move: Future Sight
|-damage|p2a: Slowking|57/100
|-heal|p2a: Slowking|63/100|[from] item: Leftovers
|upkeep
|turn|77
|
|t:|1664722291
|switch|p2a: Clefable|Clefable, F, shiny|76/100
|move|p1a: Corviknight|Bulk Up|p1a: Corviknight
|-boost|p1a: Corviknight|atk|1
|-boost|p1a: Corviknight|def|1
|
|upkeep
|turn|78
|
|t:|1664722299
|move|p1a: Corviknight|Brave Bird|p2a: Clefable
|-damage|p2a: Clefable|35/100
|-damage|p1a: Corviknight|50/100|[from] item: Rocky Helmet|[of] p2a: Clefable
|-damage|p1a: Corviknight|37/100|[from] Recoil
|move|p2a: Clefable|Wish|p2a: Clefable
|
|upkeep
|turn|79
|l| UwUKingUwU
|
|t:|1664722308
|switch|p2a: Ferrothorn|Ferrothorn, M, shiny|45/100
|move|p1a: Corviknight|Bulk Up|p1a: Corviknight
|-boost|p1a: Corviknight|atk|1
|-boost|p1a: Corviknight|def|1
|
|-heal|p2a: Ferrothorn|100/100|[from] move: Wish|[wisher] Clefable
|upkeep
|turn|80
|
|t:|1664722312
|switch|p2a: Rotom|Rotom-Wash, shiny|92/100 brn
|move|p1a: Corviknight|Roost|p1a: Corviknight
|-heal|p1a: Corviknight|87/100
|-singleturn|p1a: Corviknight|move: Roost
|
|-heal|p2a: Rotom|98/100 brn|[from] item: Leftovers
|-damage|p2a: Rotom|92/100 brn|[from] brn
|upkeep
|turn|81
|
|t:|1664722324
|switch|p1a: Damo|Reuniclus, M|61/100
|move|p2a: Rotom|Will-O-Wisp|p1a: Damo
|-status|p1a: Damo|brn
|
|-heal|p2a: Rotom|98/100 brn|[from] item: Leftovers
|-damage|p2a: Rotom|92/100 brn|[from] brn
|-damage|p1a: Damo|55/100 brn|[from] brn
|upkeep
|turn|82
|
|t:|1664722340
|move|p2a: Rotom|Volt Switch|p1a: Damo
|-damage|p1a: Damo|38/100 brn
|j|+Milo
|
|t:|1664722352
|switch|p2a: Tornadus|Tornadus-Therian, M, shiny|99/100|[from]move: Volt Switch
|move|p1a: Damo|Future Sight|p2a: Tornadus
|-start|p1a: Damo|move: Future Sight
|
|-damage|p1a: Damo|32/100 brn|[from] brn
|upkeep
|turn|83
|
|t:|1664722358
|switch|p1a: Magent Magent|Toxapex, M|76/100
|move|p2a: Tornadus|U-turn|p1a: Magent Magent
|-resisted|p1a: Magent Magent
|-damage|p1a: Magent Magent|72/100
|
|t:|1664722366
|switch|p2a: Clefable|Clefable, F, shiny|35/100|[from]move: U-turn
|
|upkeep
|turn|84
|
|t:|1664722373
|move|p2a: Clefable|Soft-Boiled|p2a: Clefable
|-heal|p2a: Clefable|85/100
|move|p1a: Magent Magent|Scald|p2a: Clefable
|-damage|p2a: Clefable|71/100
|
|-end|p2a: Clefable|move: Future Sight
|-damage|p2a: Clefable|23/100
|upkeep
|turn|85
|
|t:|1664722380
|move|p2a: Clefable|Soft-Boiled|p2a: Clefable
|-heal|p2a: Clefable|74/100
|move|p1a: Magent Magent|Scald|p2a: Clefable
|-damage|p2a: Clefable|58/100
|
|upkeep
|turn|86
|
|t:|1664722382
|move|p2a: Clefable|Soft-Boiled|p2a: Clefable
|-heal|p2a: Clefable|100/100
|move|p1a: Magent Magent|Scald|p2a: Clefable
|-damage|p2a: Clefable|86/100
|
|upkeep
|turn|87
|
|t:|1664722387
|move|p2a: Clefable|Wish|p2a: Clefable
|move|p1a: Magent Magent|Scald|p2a: Clefable
|-damage|p2a: Clefable|69/100
|-status|p2a: Clefable|brn
|
|upkeep
|turn|88
|j| sufy512
|
|t:|1664722406
|switch|p2a: Garchomp|Garchomp, M, shiny|24/100
|switch|p1a: Kei|Landorus-Therian, M|33/100
|-ability|p1a: Kei|Intimidate|boost
|-unboost|p2a: Garchomp|atk|1
|
|-heal|p2a: Garchomp|70/100|[from] move: Wish|[wisher] Clefable
|upkeep
|turn|89
|
|t:|1664722414
|switch|p1a: Corviknight|Corviknight, F|87/100
|-ability|p1a: Corviknight|Pressure
|switch|p2a: Tornadus|Tornadus-Therian, M, shiny|100/100
|
|upkeep
|turn|90
|
|t:|1664722421
|switch|p2a: Rotom|Rotom-Wash, shiny|92/100 brn
|switch|p1a: Magent Magent|Toxapex, M|100/100
|
|-heal|p2a: Rotom|98/100 brn|[from] item: Leftovers
|-damage|p2a: Rotom|92/100 brn|[from] brn
|upkeep
|turn|91
|
|t:|1664722433
|move|p1a: Magent Magent|Baneful Bunker|p1a: Magent Magent
|-singleturn|p1a: Magent Magent|move: Protect
|move|p2a: Rotom|Volt Switch|p1a: Magent Magent
|-activate|p1a: Magent Magent|move: Protect
|
|-heal|p2a: Rotom|98/100 brn|[from] item: Leftovers
|-damage|p2a: Rotom|92/100 brn|[from] brn
|upkeep
|turn|92
|
|t:|1664722439
|move|p2a: Rotom|Volt Switch|p1a: Magent Magent
|-supereffective|p1a: Magent Magent
|-damage|p1a: Magent Magent|55/100
|
|t:|1664722444
|switch|p2a: Garchomp|Garchomp, M, shiny|70/100|[from]move: Volt Switch
|move|p1a: Magent Magent|Scald|p2a: Garchomp
|-damage|p2a: Garchomp|59/100
|
|upkeep
|turn|93
|
|t:|1664722447
|switch|p1a: Corviknight|Corviknight, F|87/100
|-ability|p1a: Corviknight|Pressure
|move|p2a: Garchomp|Stealth Rock|p1a: Corviknight
|-sidestart|p1: exlipse|move: Stealth Rock
|
|upkeep
|turn|94
|
|t:|1664722453
|move|p2a: Garchomp|Protect|p2a: Garchomp
|-singleturn|p2a: Garchomp|Protect
|move|p1a: Corviknight|Defog|p2a: Garchomp
|-activate|p2a: Garchomp|move: Protect
|
|upkeep
|turn|95
|
|t:|1664722458
|switch|p2a: Ferrothorn|Ferrothorn, M, shiny|100/100
|move|p1a: Corviknight|Defog|p2a: Ferrothorn
|-unboost|p2a: Ferrothorn|evasion|1
|-sideend|p1: exlipse|Stealth Rock|[from] move: Defog|[of] p1a: Corviknight
|
|upkeep
|turn|96
|
|t:|1664722465
|switch|p1a: Magent Magent|Toxapex, M|88/100
|move|p2a: Ferrothorn|Spikes|p1a: Magent Magent
|-sidestart|p1: exlipse|Spikes
|
|upkeep
|turn|97
|
|t:|1664722471
|switch|p2a: Rotom|Rotom-Wash, shiny|92/100 brn
|move|p1a: Magent Magent|Scald|p2a: Rotom
|-resisted|p2a: Rotom
|-damage|p2a: Rotom|83/100 brn
|
|-heal|p2a: Rotom|89/100 brn|[from] item: Leftovers
|-damage|p2a: Rotom|83/100 brn|[from] brn
|upkeep
|turn|98
|
|t:|1664722487
|switch|p1a: Kei|Landorus-Therian, M|33/100
|-ability|p1a: Kei|Intimidate|boost
|-unboost|p2a: Rotom|atk|1
|move|p2a: Rotom|Hydro Pump|p1a: Kei
|-supereffective|p1a: Kei
|-damage|p1a: Kei|0 fnt
|faint|p1a: Kei
|
|-heal|p2a: Rotom|89/100 brn|[from] item: Leftovers
|-damage|p2a: Rotom|83/100 brn|[from] brn
|upkeep
|inactive|exlipse has 120 seconds left.
|
|t:|1664722511
|switch|p1a: Magent Magent|Toxapex, M|100/100
|-damage|p1a: Magent Magent|88/100|[from] Spikes
|turn|99
|inactive|exlipse has 120 seconds left.
|
|t:|1664722523
|switch|p1a: Damo|Reuniclus, M|65/100 brn
|-damage|p1a: Damo|52/100 brn|[from] Spikes
|move|p2a: Rotom|Will-O-Wisp|p1a: Damo
|-fail|p1a: Damo|brn
|
|-heal|p2a: Rotom|89/100 brn|[from] item: Leftovers
|-damage|p2a: Rotom|83/100 brn|[from] brn
|-damage|p1a: Damo|46/100 brn|[from] brn
|upkeep
|turn|100
|inactive|exlipse has 120 seconds left.
|
|t:|1664722534
|switch|p1a: Magent Magent|Toxapex, M|100/100
|-damage|p1a: Magent Magent|88/100|[from] Spikes
|move|p2a: Rotom|Volt Switch|p1a: Magent Magent
|-supereffective|p1a: Magent Magent
|-damage|p1a: Magent Magent|44/100
|
|t:|1664722539
|switch|p2a: Ferrothorn|Ferrothorn, M, shiny|100/100|[from]move: Volt Switch
|
|upkeep
|turn|101
|
|t:|1664722542
|switch|p1a: Corviknight|Corviknight, F|87/100
|-ability|p1a: Corviknight|Pressure
|switch|p2a: Rotom|Rotom-Wash, shiny|83/100 brn
|
|-heal|p2a: Rotom|89/100 brn|[from] item: Leftovers
|-damage|p2a: Rotom|83/100 brn|[from] brn
|upkeep
|turn|102
|j| faatbatman
|
|t:|1664722549
|switch|p1a: Magent Magent|Toxapex, M|77/100
|-damage|p1a: Magent Magent|65/100|[from] Spikes
|move|p2a: Rotom|Will-O-Wisp|p1a: Magent Magent
|-status|p1a: Magent Magent|brn
|
|-heal|p2a: Rotom|89/100 brn|[from] item: Leftovers
|-damage|p2a: Rotom|83/100 brn|[from] brn
|-damage|p1a: Magent Magent|58/100 brn|[from] brn
|upkeep
|turn|103
|
|t:|1664722555
|switch|p1a: Corviknight|Corviknight, F|87/100
|-ability|p1a: Corviknight|Pressure
|move|p2a: Rotom|Volt Switch|p1a: Corviknight
|-supereffective|p1a: Corviknight
|-damage|p1a: Corviknight|54/100
|
|t:|1664722560
|switch|p2a: Ferrothorn|Ferrothorn, M, shiny|100/100|[from]move: Volt Switch
|
|upkeep
|turn|104
|
|t:|1664722568
|switch|p1a: Magent Magent|Toxapex, M|92/100 brn
|-damage|p1a: Magent Magent|79/100 brn|[from] Spikes
|move|p2a: Ferrothorn|Leech Seed|p1a: Magent Magent
|-start|p1a: Magent Magent|move: Leech Seed
|
|-damage|p1a: Magent Magent|67/100 brn|[from] Leech Seed|[of] p2a: Ferrothorn
|-damage|p1a: Magent Magent|60/100 brn|[from] brn
|upkeep
|turn|105
|
|t:|1664722576
|switch|p1a: Corviknight|Corviknight, F|54/100
|-ability|p1a: Corviknight|Pressure
|move|p2a: Ferrothorn|Spikes|p1a: Corviknight
|-sidestart|p1: exlipse|Spikes
|
|upkeep
|turn|106
|
|t:|1664722582
|move|p1a: Corviknight|Defog|p2a: Ferrothorn
|-unboost|p2a: Ferrothorn|evasion|1
|-sideend|p1: exlipse|Spikes|[from] move: Defog|[of] p1a: Corviknight
|move|p2a: Ferrothorn|Spikes|p1a: Corviknight
|-sidestart|p1: exlipse|Spikes
|
|upkeep
|turn|107
|l| sufy512
|
|t:|1664722588
|switch|p2a: Clefable|Clefable, F, shiny|69/100 brn
|move|p1a: Corviknight|Defog|p2a: Clefable
|-unboost|p2a: Clefable|evasion|1
|-sideend|p1: exlipse|Spikes|[from] move: Defog|[of] p1a: Corviknight
|
|upkeep
|turn|108
|
|t:|1664722593
|switch|p1a: Carne|Clefable, F|76/100
|move|p2a: Clefable|Wish|p2a: Clefable
|
|-heal|p1a: Carne|82/100|[from] item: Leftovers
|upkeep
|turn|109
|
|t:|1664722600
|switch|p2a: Ferrothorn|Ferrothorn, M, shiny|100/100
|move|p1a: Carne|Aromatherapy|p1a: Carne
|-activate|p1a: Carne|move: Aromatherapy
|-curestatus|p1: Magent Magent|brn|[msg]
|-curestatus|p1: Damo|brn|[msg]
|
|-heal|p1a: Carne|88/100|[from] item: Leftovers
|upkeep
|turn|110
|
|t:|1664722611
|move|p1a: Carne|Wish|p1a: Carne
|move|p2a: Ferrothorn|Spikes|p1a: Carne
|-sidestart|p1: exlipse|Spikes
|
|-heal|p1a: Carne|94/100|[from] item: Leftovers
|upkeep
|turn|111
|
|t:|1664722626
|switch|p1a: Corviknight|Corviknight, F|54/100
|-ability|p1a: Corviknight|Pressure
|move|p2a: Ferrothorn|Leech Seed|p1a: Corviknight
|-start|p1a: Corviknight|move: Leech Seed
|
|-heal|p1a: Corviknight|100/100|[from] move: Wish|[wisher] Carne
|-damage|p1a: Corviknight|88/100|[from] Leech Seed|[of] p2a: Ferrothorn
|upkeep
|turn|112
|
|t:|1664722634
|switch|p1a: Magent Magent|Toxapex, M|94/100
|-damage|p1a: Magent Magent|81/100|[from] Spikes
|switch|p2a: Garchomp|Garchomp, M, shiny|59/100
|
|upkeep
|turn|113
|
|t:|1664722641
|switch|p1a: Corviknight|Corviknight, F|88/100
|-ability|p1a: Corviknight|Pressure
|move|p2a: Garchomp|Stealth Rock|p1a: Corviknight
|-sidestart|p1: exlipse|move: Stealth Rock
|
|upkeep
|turn|114
|
|t:|1664722647
|switch|p2a: Rotom|Rotom-Wash, shiny|83/100 brn
|move|p1a: Corviknight|Defog|p2a: Rotom
|-unboost|p2a: Rotom|evasion|1
|-sideend|p1: exlipse|Spikes|[from] move: Defog|[of] p1a: Corviknight
|-sideend|p1: exlipse|Stealth Rock|[from] move: Defog|[of] p1a: Corviknight
|
|-heal|p2a: Rotom|89/100 brn|[from] item: Leftovers
|-damage|p2a: Rotom|83/100 brn|[from] brn
|upkeep
|turn|115
|
|t:|1664722653
|switch|p1a: Magent Magent|Toxapex, M|100/100
|move|p2a: Rotom|Will-O-Wisp|p1a: Magent Magent
|-status|p1a: Magent Magent|brn
|
|-heal|p2a: Rotom|89/100 brn|[from] item: Leftovers
|-damage|p2a: Rotom|83/100 brn|[from] brn
|-damage|p1a: Magent Magent|94/100 brn|[from] brn
|upkeep
|turn|116
|
|t:|1664722658
|switch|p1a: Damo|Reuniclus, M|80/100
|move|p2a: Rotom|Volt Switch|p1a: Damo
|-damage|p1a: Damo|62/100
|
|t:|1664722665
|switch|p2a: Tornadus|Tornadus-Therian, M, shiny|100/100|[from]move: Volt Switch
|
|upkeep
|turn|117
|
|t:|1664722669
|move|p2a: Tornadus|U-turn|p1a: Damo
|-supereffective|p1a: Damo
|-damage|p1a: Damo|32/100
|
|t:|1664722672
|switch|p2a: Garchomp|Garchomp, M, shiny|59/100|[from]move: U-turn
|move|p1a: Damo|Future Sight|p2a: Garchomp
|-start|p1a: Damo|move: Future Sight
|
|upkeep
|turn|118
|
|t:|1664722677
|switch|p1a: Corviknight|Corviknight, F|88/100
|-ability|p1a: Corviknight|Pressure
|move|p2a: Garchomp|Stealth Rock|p1a: Corviknight
|-sidestart|p1: exlipse|move: Stealth Rock
|
|upkeep
|turn|119
|
|t:|1664722687
|switch|p2a: Ferrothorn|Ferrothorn, M, shiny|100/100
|move|p1a: Corviknight|Defog|p2a: Ferrothorn
|-unboost|p2a: Ferrothorn|evasion|1
|-sideend|p1: exlipse|Stealth Rock|[from] move: Defog|[of] p1a: Corviknight
|
|-end|p2a: Ferrothorn|move: Future Sight
|-resisted|p2a: Ferrothorn
|-damage|p2a: Ferrothorn|82/100
|upkeep
|turn|120
|
|t:|1664722695
|move|p1a: Corviknight|Bulk Up|p1a: Corviknight
|-boost|p1a: Corviknight|atk|1
|-boost|p1a: Corviknight|def|1
|move|p2a: Ferrothorn|Spikes|p1a: Corviknight
|-sidestart|p1: exlipse|Spikes
|
|upkeep
|turn|121
|
|t:|1664722700
|switch|p2a: Rotom|Rotom-Wash, shiny|83/100 brn
|move|p1a: Corviknight|Bulk Up|p1a: Corviknight
|-boost|p1a: Corviknight|atk|1
|-boost|p1a: Corviknight|def|1
|
|-heal|p2a: Rotom|89/100 brn|[from] item: Leftovers
|-damage|p2a: Rotom|83/100 brn|[from] brn
|upkeep
|turn|122
|
|t:|1664722707
|switch|p1a: Damo|Reuniclus, M|65/100
|-damage|p1a: Damo|53/100|[from] Spikes
|move|p2a: Rotom|Volt Switch|p1a: Damo
|-damage|p1a: Damo|36/100
|
|t:|1664722722
|switch|p2a: Garchomp|Garchomp, M, shiny|59/100|[from]move: Volt Switch
|
|upkeep
|turn|123
|
|t:|1664722729
|switch|p1a: Corviknight|Corviknight, F|88/100
|-ability|p1a: Corviknight|Pressure
|move|p2a: Garchomp|Earthquake|p1a: Corviknight
|-immune|p1a: Corviknight
|
|upkeep
|turn|124
|
|t:|1664722742
|switch|p2a: Clefable|Clefable, F, shiny|69/100 brn
|switch|p1a: Magent Magent|Toxapex, M|100/100 brn
|-damage|p1a: Magent Magent|88/100 brn|[from] Spikes
|
|-damage|p1a: Magent Magent|82/100 brn|[from] brn
|upkeep
|turn|125
|
|t:|1664722745
|switch|p1a: Corviknight|Corviknight, F|88/100
|-ability|p1a: Corviknight|Pressure
|move|p2a: Clefable|Wish|p2a: Clefable
|
|upkeep
|turn|126
|
|t:|1664722756
|switch|p1a: Magent Magent|Toxapex, M|100/100 brn
|-damage|p1a: Magent Magent|88/100 brn|[from] Spikes
|switch|p2a: Garchomp|Garchomp, M, shiny|59/100
|
|-heal|p2a: Garchomp|100/100|[from] move: Wish|[wisher] Clefable
|-damage|p1a: Magent Magent|82/100 brn|[from] brn
|upkeep
|turn|127
|
|t:|1664722762
|switch|p1a: Corviknight|Corviknight, F|88/100
|-ability|p1a: Corviknight|Pressure
|move|p2a: Garchomp|Stealth Rock|p1a: Corviknight
|-sidestart|p1: exlipse|move: Stealth Rock
|
|upkeep
|turn|128
|
|t:|1664722768
|move|p2a: Garchomp|Protect|p2a: Garchomp
|-singleturn|p2a: Garchomp|Protect
|move|p1a: Corviknight|Defog|p2a: Garchomp
|-activate|p2a: Garchomp|move: Protect
|
|upkeep
|turn|129
|
|t:|1664722774
|move|p2a: Garchomp|Protect|p2a: Garchomp
|-singleturn|p2a: Garchomp|Protect
|move|p1a: Corviknight|Defog|p2a: Garchomp
|-activate|p2a: Garchomp|move: Protect
|
|upkeep
|turn|130
|l|+Milo
|
|t:|1664722782
|move|p2a: Garchomp|Earthquake|p1a: Corviknight
|-immune|p1a: Corviknight
|move|p1a: Corviknight|Defog|p2a: Garchomp
|-unboost|p2a: Garchomp|evasion|1
|-sideend|p1: exlipse|Spikes|[from] move: Defog|[of] p1a: Corviknight
|-sideend|p1: exlipse|Stealth Rock|[from] move: Defog|[of] p1a: Corviknight
|
|upkeep
|turn|131
|
|t:|1664722789
|move|p2a: Garchomp|Stealth Rock|p1a: Corviknight
|-sidestart|p1: exlipse|move: Stealth Rock
|move|p1a: Corviknight|Bulk Up|p1a: Corviknight
|-boost|p1a: Corviknight|atk|1
|-boost|p1a: Corviknight|def|1
|
|upkeep
|turn|132
|
|t:|1664722793
|switch|p2a: Rotom|Rotom-Wash, shiny|83/100 brn
|move|p1a: Corviknight|Bulk Up|p1a: Corviknight
|-boost|p1a: Corviknight|atk|1
|-boost|p1a: Corviknight|def|1
|
|-heal|p2a: Rotom|89/100 brn|[from] item: Leftovers
|-damage|p2a: Rotom|83/100 brn|[from] brn
|upkeep
|turn|133
|
|t:|1664722806
|move|p2a: Rotom|Will-O-Wisp|p1a: Corviknight
|-status|p1a: Corviknight|brn
|move|p1a: Corviknight|Brave Bird|p2a: Rotom
|-resisted|p2a: Rotom
|-damage|p2a: Rotom|68/100 brn
|-damage|p1a: Corviknight|84/100 brn|[from] Recoil
|
|-heal|p2a: Rotom|74/100 brn|[from] item: Leftovers
|-damage|p2a: Rotom|68/100 brn|[from] brn
|-damage|p1a: Corviknight|78/100 brn|[from] brn
|upkeep
|turn|134
|
|t:|1664722814
|switch|p1a: Magent Magent|Toxapex, M|100/100 brn
|-damage|p1a: Magent Magent|88/100 brn|[from] Stealth Rock
|move|p2a: Rotom|Volt Switch|p1a: Magent Magent
|-supereffective|p1a: Magent Magent
|-damage|p1a: Magent Magent|48/100 brn
|
|t:|1664722819
|switch|p2a: Slowking|Slowking-Galar, M, shiny|97/100|[from]move: Volt Switch
|
|-heal|p2a: Slowking|100/100|[from] item: Leftovers
|-damage|p1a: Magent Magent|42/100 brn|[from] brn
|upkeep
|turn|135
|
|t:|1664722829
|switch|p1a: Carne|Clefable, F|94/100
|-damage|p1a: Carne|82/100|[from] Stealth Rock
|move|p2a: Slowking|Nasty Plot|p2a: Slowking
|-boost|p2a: Slowking|spa|2
|
|-heal|p1a: Carne|88/100|[from] item: Leftovers
|upkeep
|turn|136
|
|t:|1664722835
|move|p1a: Carne|Protect|p1a: Carne
|-singleturn|p1a: Carne|Protect
|move|p2a: Slowking|Sludge Bomb|p1a: Carne
|-activate|p1a: Carne|move: Protect
|
|-heal|p1a: Carne|94/100|[from] item: Leftovers
|upkeep
|turn|137
|
|t:|1664722839
|switch|p1a: Corviknight|Corviknight, F|78/100 brn
|-damage|p1a: Corviknight|65/100 brn|[from] Stealth Rock
|-ability|p1a: Corviknight|Pressure
|move|p2a: Slowking|Nasty Plot|p2a: Slowking
|-boost|p2a: Slowking|spa|2
|
|-damage|p1a: Corviknight|59/100 brn|[from] brn
|upkeep
|turn|138
|
|t:|1664722851
|move|p1a: Corviknight|Defog|p2a: Slowking
|-unboost|p2a: Slowking|evasion|1
|-sideend|p1: exlipse|Stealth Rock|[from] move: Defog|[of] p1a: Corviknight
|move|p2a: Slowking|Nasty Plot|p2a: Slowking
|-boost|p2a: Slowking|spa|2
|
|-damage|p1a: Corviknight|53/100 brn|[from] brn
|upkeep
|turn|139
|
|t:|1664722858
|move|p1a: Corviknight|Roost|p1a: Corviknight
|-heal|p1a: Corviknight|100/100 brn
|-singleturn|p1a: Corviknight|move: Roost
|move|p2a: Slowking|Sludge Bomb|p1a: Corviknight
|-immune|p1a: Corviknight
|
|-damage|p1a: Corviknight|94/100 brn|[from] brn
|upkeep
|turn|140
|
|t:|1664722870
|move|p1a: Corviknight|Roost|p1a: Corviknight
|-heal|p1a: Corviknight|100/100 brn
|-singleturn|p1a: Corviknight|move: Roost
|move|p2a: Slowking|Psychic|p1a: Corviknight
|-resisted|p1a: Corviknight
|-damage|p1a: Corviknight|55/100 brn
|
|-damage|p1a: Corviknight|49/100 brn|[from] brn
|upkeep
|turn|141
|
|t:|1664722879
|switch|p2a: Garchomp|Garchomp, M, shiny|100/100
|move|p1a: Corviknight|Roost|p1a: Corviknight
|-heal|p1a: Corviknight|99/100 brn
|-singleturn|p1a: Corviknight|move: Roost
|
|-damage|p1a: Corviknight|93/100 brn|[from] brn
|upkeep
|turn|142
|
|t:|1664722883
|move|p2a: Garchomp|Stealth Rock|p1a: Corviknight
|-sidestart|p1: exlipse|move: Stealth Rock
|move|p1a: Corviknight|Bulk Up|p1a: Corviknight
|-boost|p1a: Corviknight|atk|1
|-boost|p1a: Corviknight|def|1
|
|-damage|p1a: Corviknight|86/100 brn|[from] brn
|upkeep
|turn|143
|
|t:|1664722888
|move|p2a: Garchomp|Protect|p2a: Garchomp
|-singleturn|p2a: Garchomp|Protect
|move|p1a: Corviknight|Bulk Up|p1a: Corviknight
|-boost|p1a: Corviknight|atk|1
|-boost|p1a: Corviknight|def|1
|
|-damage|p1a: Corviknight|80/100 brn|[from] brn
|upkeep
|turn|144
|
|t:|1664722896
|move|p2a: Garchomp|Protect||[still]
|-fail|p2a: Garchomp
|move|p1a: Corviknight|Defog|p2a: Garchomp
|-unboost|p2a: Garchomp|evasion|1
|-sideend|p1: exlipse|Stealth Rock|[from] move: Defog|[of] p1a: Corviknight
|
|-damage|p1a: Corviknight|74/100 brn|[from] brn
|upkeep
|turn|145
|
|t:|1664722904
|switch|p1a: Magent Magent|Toxapex, M|75/100 brn
|move|p2a: Garchomp|Stealth Rock|p1a: Magent Magent
|-sidestart|p1: exlipse|move: Stealth Rock
|
|-damage|p1a: Magent Magent|69/100 brn|[from] brn
|upkeep
|turn|146
|
|t:|1664722908
|switch|p2a: Rotom|Rotom-Wash, shiny|68/100 brn
|switch|p1a: Carne|Clefable, F|94/100
|-damage|p1a: Carne|82/100|[from] Stealth Rock
|
|-heal|p2a: Rotom|74/100 brn|[from] item: Leftovers
|-heal|p1a: Carne|88/100|[from] item: Leftovers
|-damage|p2a: Rotom|68/100 brn|[from] brn
|upkeep
|turn|147
|
|t:|1664722912
|move|p1a: Carne|Protect|p1a: Carne
|-singleturn|p1a: Carne|Protect
|move|p2a: Rotom|Volt Switch|p1a: Carne
|-activate|p1a: Carne|move: Protect
|
|-heal|p2a: Rotom|74/100 brn|[from] item: Leftovers
|-heal|p1a: Carne|94/100|[from] item: Leftovers
|-damage|p2a: Rotom|68/100 brn|[from] brn
|upkeep
|turn|148
|
|t:|1664722923
|switch|p2a: Ferrothorn|Ferrothorn, M, shiny|82/100
|move|p1a: Carne|Aromatherapy|p1a: Carne
|-activate|p1a: Carne|move: Aromatherapy
|-curestatus|p1: Corviknight|brn|[msg]
|-curestatus|p1: Magent Magent|brn|[msg]
|
|-heal|p1a: Carne|99/100|[from] item: Leftovers
|upkeep
|turn|149
|
|t:|1664722928
|switch|p1a: Corviknight|Corviknight, F|74/100
|-damage|p1a: Corviknight|61/100|[from] Stealth Rock
|-ability|p1a: Corviknight|Pressure
|move|p2a: Ferrothorn|Spikes|p1a: Corviknight
|-sidestart|p1: exlipse|Spikes
|
|upkeep
|turn|150
|
|t:|1664722935
|switch|p2a: Garchomp|Garchomp, M, shiny|100/100
|move|p1a: Corviknight|Bulk Up|p1a: Corviknight
|-boost|p1a: Corviknight|atk|1
|-boost|p1a: Corviknight|def|1
|
|upkeep
|turn|151
|j| Ug and Nevaeh 2022
|
|t:|1664722937
|switch|p2a: Rotom|Rotom-Wash, shiny|68/100 brn
|move|p1a: Corviknight|Bulk Up|p1a: Corviknight
|-boost|p1a: Corviknight|atk|1
|-boost|p1a: Corviknight|def|1
|
|-heal|p2a: Rotom|74/100 brn|[from] item: Leftovers
|-damage|p2a: Rotom|68/100 brn|[from] brn
|upkeep
|turn|152
|
|t:|1664722943
|switch|p1a: Magent Magent|Toxapex, M|100/100
|-damage|p1a: Magent Magent|88/100|[from] Stealth Rock
|-damage|p1a: Magent Magent|75/100|[from] Spikes
|move|p2a: Rotom|Will-O-Wisp|p1a: Magent Magent
|-status|p1a: Magent Magent|brn
|
|-heal|p2a: Rotom|74/100 brn|[from] item: Leftovers
|-damage|p2a: Rotom|68/100 brn|[from] brn
|-damage|p1a: Magent Magent|69/100 brn|[from] brn
|upkeep
|turn|153
|
|t:|1664722955
|switch|p2a: Ferrothorn|Ferrothorn, M, shiny|82/100
|move|p1a: Magent Magent|Recover|p1a: Magent Magent
|-heal|p1a: Magent Magent|100/100 brn
|
|-damage|p1a: Magent Magent|94/100 brn|[from] brn
|upkeep
|turn|154
|
|t:|1664722970
|switch|p1a: Corviknight|Corviknight, F|61/100
|-damage|p1a: Corviknight|49/100|[from] Stealth Rock
|-ability|p1a: Corviknight|Pressure
|move|p2a: Ferrothorn|Leech Seed|p1a: Corviknight
|-start|p1a: Corviknight|move: Leech Seed
|
|-damage|p1a: Corviknight|36/100|[from] Leech Seed|[of] p2a: Ferrothorn
|-heal|p2a: Ferrothorn|96/100|[silent]
|upkeep
|turn|155
|
|t:|1664722978
|switch|p2a: Rotom|Rotom-Wash, shiny|68/100 brn
|move|p1a: Corviknight|Defog|p2a: Rotom
|-unboost|p2a: Rotom|evasion|1
|-sideend|p1: exlipse|Spikes|[from] move: Defog|[of] p1a: Corviknight
|-sideend|p1: exlipse|Stealth Rock|[from] move: Defog|[of] p1a: Corviknight
|
|-heal|p2a: Rotom|74/100 brn|[from] item: Leftovers
|-damage|p1a: Corviknight|24/100|[from] Leech Seed|[of] p2a: Rotom
|-heal|p2a: Rotom|91/100 brn|[silent]
|-damage|p2a: Rotom|85/100 brn|[from] brn
|upkeep
|turn|156
|
|t:|1664722983
|switch|p1a: Carne|Clefable, F|99/100
|move|p2a: Rotom|Volt Switch|p1a: Carne
|-damage|p1a: Carne|75/100
|
|t:|1664722993
|switch|p2a: Garchomp|Garchomp, M, shiny|100/100|[from]move: Volt Switch
|
|-heal|p1a: Carne|81/100|[from] item: Leftovers
|upkeep
|turn|157
|
|t:|1664722996
|move|p2a: Garchomp|Stealth Rock|p1a: Carne
|-sidestart|p1: exlipse|move: Stealth Rock
|move|p1a: Carne|Wish|p1a: Carne
|
|-heal|p1a: Carne|88/100|[from] item: Leftovers
|upkeep
|turn|158
|
|t:|1664723003
|switch|p2a: Rotom|Rotom-Wash, shiny|85/100 brn
|switch|p1a: Corviknight|Corviknight, F|24/100
|-damage|p1a: Corviknight|11/100|[from] Stealth Rock
|-ability|p1a: Corviknight|Pressure
|
|-heal|p1a: Corviknight|61/100|[from] move: Wish|[wisher] Carne
|-heal|p2a: Rotom|91/100 brn|[from] item: Leftovers
|-damage|p2a: Rotom|85/100 brn|[from] brn
|upkeep
|turn|159
|
|t:|1664723009
|switch|p1a: Magent Magent|Toxapex, M|100/100 brn
|-damage|p1a: Magent Magent|88/100 brn|[from] Stealth Rock
|move|p2a: Rotom|Hydro Pump|p1a: Magent Magent
|-resisted|p1a: Magent Magent
|-damage|p1a: Magent Magent|73/100 brn
|
|-heal|p2a: Rotom|91/100 brn|[from] item: Leftovers
|-damage|p2a: Rotom|85/100 brn|[from] brn
|-damage|p1a: Magent Magent|67/100 brn|[from] brn
|upkeep
|turn|160
|
|t:|1664723019
|switch|p2a: Tornadus|Tornadus-Therian, M, shiny|100/100
|switch|p1a: Damo|Reuniclus, M|69/100
|-damage|p1a: Damo|56/100|[from] Stealth Rock
|
|upkeep
|turn|161
|
|t:|1664723024
|switch|p1a: Magent Magent|Toxapex, M|99/100 brn
|-damage|p1a: Magent Magent|88/100 brn|[from] Stealth Rock
|move|p2a: Tornadus|Knock Off|p1a: Magent Magent
|-damage|p1a: Magent Magent|79/100 brn
|
|-damage|p1a: Magent Magent|73/100 brn|[from] brn
|upkeep
|turn|162
|
|t:|1664723030
|move|p1a: Magent Magent|Baneful Bunker|p1a: Magent Magent
|-singleturn|p1a: Magent Magent|move: Protect
|move|p2a: Tornadus|Hurricane|p1a: Magent Magent
|-activate|p1a: Magent Magent|move: Protect
|
|-damage|p1a: Magent Magent|67/100 brn|[from] brn
|upkeep
|turn|163
|
|t:|1664723034
|move|p2a: Tornadus|Hurricane|p1a: Magent Magent
|-damage|p1a: Magent Magent|33/100 brn
|move|p1a: Magent Magent|Recover|p1a: Magent Magent
|-heal|p1a: Magent Magent|83/100 brn
|
|-damage|p1a: Magent Magent|77/100 brn|[from] brn
|upkeep
|turn|164
|
|t:|1664723040
|switch|p2a: Ferrothorn|Ferrothorn, M, shiny|96/100
|move|p1a: Magent Magent|Baneful Bunker||[still]
|-fail|p1a: Magent Magent
|
|-damage|p1a: Magent Magent|71/100 brn|[from] brn
|upkeep
|turn|165
|
|t:|1664723046
|switch|p2a: Rotom|Rotom-Wash, shiny|85/100 brn
|move|p1a: Magent Magent|Scald|p2a: Rotom
|-resisted|p2a: Rotom
|-damage|p2a: Rotom|77/100 brn
|
|-heal|p2a: Rotom|83/100 brn|[from] item: Leftovers
|-damage|p2a: Rotom|77/100 brn|[from] brn
|-damage|p1a: Magent Magent|64/100 brn|[from] brn
|upkeep
|turn|166
|j| PkmnMasterEclipse
|
|t:|1664723053
|switch|p2a: Ferrothorn|Ferrothorn, M, shiny|96/100
|switch|p1a: Damo|Reuniclus, M|90/100
|-damage|p1a: Damo|77/100|[from] Stealth Rock
|
|upkeep
|turn|167
|j| tessa rhydon
|
|t:|1664723060
|switch|p2a: Tornadus|Tornadus-Therian, M, shiny|100/100
|move|p1a: Damo|Focus Blast|p2a: Tornadus|[miss]
|-miss|p1a: Damo|p2a: Tornadus
|
|upkeep
|turn|168
|
|t:|1664723066
|move|p2a: Tornadus|Hurricane|p1a: Damo
|-damage|p1a: Damo|50/100
|move|p1a: Damo|Future Sight|p2a: Tornadus
|-start|p1a: Damo|move: Future Sight
|
|upkeep
|turn|169
|
|t:|1664723071
|move|p2a: Tornadus|U-turn|p1a: Damo
|-supereffective|p1a: Damo
|-damage|p1a: Damo|20/100
|
|t:|1664723079
|switch|p2a: Garchomp|Garchomp, M, shiny|100/100|[from]move: U-turn
|move|p1a: Damo|Psyshock|p2a: Garchomp
|-damage|p2a: Garchomp|73/100
|
|upkeep
|turn|170
|
|t:|1664723087
|switch|p2a: Ferrothorn|Ferrothorn, M, shiny|96/100
|switch|p1a: Magent Magent|Toxapex, M|98/100 brn
|-damage|p1a: Magent Magent|85/100 brn|[from] Stealth Rock
|
|-end|p2a: Ferrothorn|move: Future Sight
|-resisted|p2a: Ferrothorn
|-damage|p2a: Ferrothorn|74/100
|-damage|p1a: Magent Magent|79/100 brn|[from] brn
|upkeep
|turn|171
|
|t:|1664723093
|switch|p1a: Damo|Reuniclus, M|53/100
|-damage|p1a: Damo|41/100|[from] Stealth Rock
|move|p2a: Ferrothorn|Spikes|p1a: Damo
|-sidestart|p1: exlipse|Spikes
|
|upkeep
|turn|172
|
|t:|1664723099
|switch|p1a: Magent Magent|Toxapex, M|100/100 brn
|-damage|p1a: Magent Magent|88/100 brn|[from] Stealth Rock
|-damage|p1a: Magent Magent|75/100 brn|[from] Spikes
|move|p2a: Ferrothorn|Gyro Ball|p1a: Magent Magent
|-resisted|p1a: Magent Magent
|-damage|p1a: Magent Magent|69/100 brn
|
|-damage|p1a: Magent Magent|62/100 brn|[from] brn
|upkeep
|turn|173
|
|t:|1664723105
|switch|p1a: Damo|Reuniclus, M|74/100
|-damage|p1a: Damo|62/100|[from] Stealth Rock
|-damage|p1a: Damo|49/100|[from] Spikes
|move|p2a: Ferrothorn|Spikes|p1a: Damo
|-sidestart|p1: exlipse|Spikes
|
|upkeep
|turn|174
|
|t:|1664723112
|switch|p1a: Corviknight|Corviknight, F|61/100
|-damage|p1a: Corviknight|48/100|[from] Stealth Rock
|-ability|p1a: Corviknight|Pressure
|switch|p2a: Tornadus|Tornadus-Therian, M, shiny|100/100
|
|upkeep
|turn|175
|
|t:|1664723119
|switch|p2a: Rotom|Rotom-Wash, shiny|77/100 brn
|move|p1a: Corviknight|Roost|p1a: Corviknight
|-heal|p1a: Corviknight|98/100
|-singleturn|p1a: Corviknight|move: Roost
|
|-heal|p2a: Rotom|83/100 brn|[from] item: Leftovers
|-damage|p2a: Rotom|77/100 brn|[from] brn
|upkeep
|turn|176
|
|t:|1664723129
|switch|p1a: Magent Magent|Toxapex, M|96/100 brn
|-damage|p1a: Magent Magent|83/100 brn|[from] Stealth Rock
|-damage|p1a: Magent Magent|67/100 brn|[from] Spikes
|move|p2a: Rotom|Pain Split|p1a: Magent Magent
|-sethp|p1a: Magent Magent|72/100 brn|[from] move: Pain Split|[silent]
|-sethp|p2a: Rotom|72/100 brn|[from] move: Pain Split
|
|-heal|p2a: Rotom|78/100 brn|[from] item: Leftovers
|-damage|p2a: Rotom|72/100 brn|[from] brn
|-damage|p1a: Magent Magent|65/100 brn|[from] brn
|upkeep
|turn|177
|
|t:|1664723145
|switch|p2a: Ferrothorn|Ferrothorn, M, shiny|74/100
|move|p1a: Magent Magent|Baneful Bunker||[still]
|-fail|p1a: Magent Magent
|
|-damage|p1a: Magent Magent|59/100 brn|[from] brn
|upkeep
|turn|178
|
|t:|1664723158
|switch|p1a: Corviknight|Corviknight, F|98/100
|-damage|p1a: Corviknight|86/100|[from] Stealth Rock
|-ability|p1a: Corviknight|Pressure
|switch|p2a: Rotom|Rotom-Wash, shiny|72/100 brn
|
|-heal|p2a: Rotom|78/100 brn|[from] item: Leftovers
|-damage|p2a: Rotom|72/100 brn|[from] brn
|upkeep
|turn|179
|inactive|exlipse has 120 seconds left.
|
|t:|1664723170
|switch|p1a: Magent Magent|Toxapex, M|92/100 brn
|-damage|p1a: Magent Magent|80/100 brn|[from] Stealth Rock
|-damage|p1a: Magent Magent|63/100 brn|[from] Spikes
|move|p2a: Rotom|Will-O-Wisp|p1a: Magent Magent
|-fail|p1a: Magent Magent|brn
|
|-heal|p2a: Rotom|78/100 brn|[from] item: Leftovers
|-damage|p2a: Rotom|72/100 brn|[from] brn
|-damage|p1a: Magent Magent|57/100 brn|[from] brn
|upkeep
|turn|180
|
|t:|1664723178
|move|p1a: Magent Magent|Baneful Bunker|p1a: Magent Magent
|-singleturn|p1a: Magent Magent|move: Protect
|move|p2a: Rotom|Volt Switch|p1a: Magent Magent
|-activate|p1a: Magent Magent|move: Protect
|
|-heal|p2a: Rotom|78/100 brn|[from] item: Leftovers
|-damage|p2a: Rotom|72/100 brn|[from] brn
|-damage|p1a: Magent Magent|51/100 brn|[from] brn
|upkeep
|turn|181
|
|t:|1664723191
|switch|p2a: Ferrothorn|Ferrothorn, M, shiny|74/100
|move|p1a: Magent Magent|Recover|p1a: Magent Magent
|-heal|p1a: Magent Magent|100/100 brn
|
|-damage|p1a: Magent Magent|94/100 brn|[from] brn
|upkeep
|turn|182
|
|t:|1664723194
|switch|p1a: Corviknight|Corviknight, F|86/100
|-damage|p1a: Corviknight|73/100|[from] Stealth Rock
|-ability|p1a: Corviknight|Pressure
|move|p2a: Ferrothorn|Spikes|p1a: Corviknight
|-sidestart|p1: exlipse|Spikes
|
|upkeep
|turn|183
|
|t:|1664723203
|switch|p2a: Garchomp|Garchomp, M, shiny|73/100
|move|p1a: Corviknight|Defog|p2a: Garchomp
|-unboost|p2a: Garchomp|evasion|1
|-sideend|p1: exlipse|Spikes|[from] move: Defog|[of] p1a: Corviknight
|-sideend|p1: exlipse|Stealth Rock|[from] move: Defog|[of] p1a: Corviknight
|
|upkeep
|turn|184
|j| amsTan
|
|t:|1664723217
|move|p2a: Garchomp|Stealth Rock|p1a: Corviknight
|-sidestart|p1: exlipse|move: Stealth Rock
|move|p1a: Corviknight|Brave Bird|p2a: Garchomp
|-damage|p2a: Garchomp|43/100
|-damage|p1a: Corviknight|61/100|[from] ability: Rough Skin|[of] p2a: Garchomp
|-damage|p1a: Corviknight|50/100|[from] Recoil
|
|upkeep
|turn|185
|
|t:|1664723223
|switch|p2a: Rotom|Rotom-Wash, shiny|72/100 brn
|move|p1a: Corviknight|Roost|p1a: Corviknight
|-heal|p1a: Corviknight|100/100
|-singleturn|p1a: Corviknight|move: Roost
|
|-heal|p2a: Rotom|78/100 brn|[from] item: Leftovers
|-damage|p2a: Rotom|72/100 brn|[from] brn
|upkeep
|turn|186
|l| amsTan
|j| amsTan
|
|t:|1664723233
|switch|p2a: Clefable|Clefable, F, shiny|69/100 brn
|switch|p1a: Magent Magent|Toxapex, M|100/100 brn
|-damage|p1a: Magent Magent|88/100 brn|[from] Stealth Rock
|
|-damage|p1a: Magent Magent|82/100 brn|[from] brn
|upkeep
|turn|187
|
|t:|1664723243
|switch|p1a: Corviknight|Corviknight, F|100/100
|-damage|p1a: Corviknight|88/100|[from] Stealth Rock
|-ability|p1a: Corviknight|Pressure
|move|p2a: Clefable|Wish|p2a: Clefable
|
|upkeep
|turn|188
|j| YSWelcomeToForever
|l| amsTan
|inactive|exlipse has 90 seconds left.
|
|t:|1664723252
|switch|p1a: Damo|Reuniclus, M|82/100
|-damage|p1a: Damo|70/100|[from] Stealth Rock
|switch|p2a: Garchomp|Garchomp, M, shiny|43/100
|
|-heal|p2a: Garchomp|90/100|[from] move: Wish|[wisher] Clefable
|upkeep
|turn|189
|inactive|exlipse has 90 seconds left.
|
|t:|1664723260
|switch|p1a: Corviknight|Corviknight, F|88/100
|-damage|p1a: Corviknight|75/100|[from] Stealth Rock
|-ability|p1a: Corviknight|Pressure
|move|p2a: Garchomp|Toxic|p1a: Corviknight
|-immune|p1a: Corviknight
|
|upkeep
|turn|190
|
|t:|1664723268
|switch|p2a: Rotom|Rotom-Wash, shiny|72/100 brn
|switch|p1a: Magent Magent|Toxapex, M|100/100 brn
|-damage|p1a: Magent Magent|88/100 brn|[from] Stealth Rock
|
|-heal|p2a: Rotom|78/100 brn|[from] item: Leftovers
|-damage|p2a: Rotom|72/100 brn|[from] brn
|-damage|p1a: Magent Magent|82/100 brn|[from] brn
|upkeep
|turn|191
|
|t:|1664723276
|switch|p2a: Ferrothorn|Ferrothorn, M, shiny|74/100
|move|p1a: Magent Magent|Scald|p2a: Ferrothorn
|-resisted|p2a: Ferrothorn
|-damage|p2a: Ferrothorn|68/100
|-status|p2a: Ferrothorn|brn
|
|-damage|p1a: Magent Magent|75/100 brn|[from] brn
|-damage|p2a: Ferrothorn|61/100 brn|[from] brn
|upkeep
|turn|192
|j|#ironwater
|
|t:|1664723284
|switch|p1a: Corviknight|Corviknight, F|75/100
|-damage|p1a: Corviknight|63/100|[from] Stealth Rock
|-ability|p1a: Corviknight|Pressure
|switch|p2a: Clefable|Clefable, F, shiny|69/100 brn
|
|upkeep
|turn|193
|
|t:|1664723301
|move|p1a: Corviknight|Brave Bird|p2a: Clefable
|-damage|p2a: Clefable|41/100 brn
|-damage|p1a: Corviknight|46/100|[from] item: Rocky Helmet|[of] p2a: Clefable
|-damage|p1a: Corviknight|37/100|[from] Recoil
|move|p2a: Clefable|Aromatherapy|p2a: Clefable
|-activate|p2a: Clefable|move: Aromatherapy
|-curestatus|p2a: Clefable|brn|[msg]
|-curestatus|p2: Rotom|brn|[msg]
|-curestatus|p2: Ferrothorn|brn|[msg]
|
|upkeep
|turn|194
|inactive|AlIoutdragadarts has 120 seconds left.
|
|t:|1664723328
|move|p1a: Corviknight|Roost|p1a: Corviknight
|-heal|p1a: Corviknight|87/100
|-singleturn|p1a: Corviknight|move: Roost
|move|p2a: Clefable|Soft-Boiled|p2a: Clefable
|-heal|p2a: Clefable|91/100
|
|upkeep
|turn|195
|inactive|exlipse has 60 seconds left.
|
|t:|1664723341
|switch|p1a: Damo|Reuniclus, M|100/100
|-damage|p1a: Damo|88/100|[from] Stealth Rock
|switch|p2a: Rotom|Rotom-Wash, shiny|72/100
|
|-heal|p2a: Rotom|78/100|[from] item: Leftovers
|upkeep
|turn|196
|j| hump
|c|%Sww-Suwa|Just to let you know we are letting this continue for a little while
|
|t:|1664723351
|switch|p2a: Garchomp|Garchomp, M, shiny|90/100
|move|p1a: Damo|Knock Off|p2a: Garchomp
|-damage|p2a: Garchomp|80/100
|-damage|p1a: Damo|75/100|[from] ability: Rough Skin|[of] p2a: Garchomp
|
|upkeep
|turn|197
|l| hump
|c|☆AlIoutdragadarts|bruh
|
|t:|1664723371
|switch|p1a: Magent Magent|Toxapex, M|100/100 brn
|-damage|p1a: Magent Magent|88/100 brn|[from] Stealth Rock
|move|p2a: Garchomp|Toxic||[still]
|-fail|p2a: Garchomp
|
|-damage|p1a: Magent Magent|82/100 brn|[from] brn
|upkeep
|turn|198
|inactive|AlIoutdragadarts has 90 seconds left.
|
|t:|1664723380
|switch|p1a: Damo|Reuniclus, M|100/100
|-damage|p1a: Damo|88/100|[from] Stealth Rock
|move|p2a: Garchomp|Earthquake|p1a: Damo
|-damage|p1a: Damo|42/100
|
|upkeep
|turn|199
|c| TheNewBrends11|pp is hardly an issue
|inactive|AlIoutdragadarts has 90 seconds left.
|
|t:|1664723399
|switch|p2a: Rotom|Rotom-Wash, shiny|78/100
|switch|p1a: Magent Magent|Toxapex, M|100/100 brn
|-damage|p1a: Magent Magent|88/100 brn|[from] Stealth Rock
|
|-heal|p2a: Rotom|84/100|[from] item: Leftovers
|-damage|p1a: Magent Magent|82/100 brn|[from] brn
|upkeep
|turn|200
|inactive|exlipse has 30 seconds left.
|
|t:|1664723420
|switch|p2a: Ferrothorn|Ferrothorn, M, shiny|61/100
|switch|p1a: Damo|Reuniclus, M|76/100
|-damage|p1a: Damo|63/100|[from] Stealth Rock
|
|upkeep
|turn|201
|inactive|exlipse has 30 seconds left.
|l| gotsnsd
|inactive|exlipse has 20 seconds left.
|
|t:|1664723436
|switch|p1a: Corviknight|Corviknight, F|87/100
|-damage|p1a: Corviknight|75/100|[from] Stealth Rock
|-ability|p1a: Corviknight|Pressure
|switch|p2a: Tornadus|Tornadus-Therian, M, shiny|100/100
|
|upkeep
|turn|202
|inactive|exlipse has 20 seconds left this turn.
|j| gotsnsd
|inactive|exlipse has 15 seconds left.
|
|t:|1664723443
|switch|p1a: Magent Magent|Toxapex, M|100/100 brn
|-damage|p1a: Magent Magent|88/100 brn|[from] Stealth Rock
|move|p2a: Tornadus|U-turn|p1a: Magent Magent
|-resisted|p1a: Magent Magent
|-crit|p1a: Magent Magent
|-damage|p1a: Magent Magent|82/100 brn
|inactive|exlipse has 20 seconds left this turn.
|
|t:|1664723448
|switch|p2a: Ferrothorn|Ferrothorn, M, shiny|61/100|[from]move: U-turn
|
|-damage|p1a: Magent Magent|75/100 brn|[from] brn
|upkeep
|turn|203
|inactive|exlipse has 20 seconds left this turn.
|
|t:|1664723451
|switch|p1a: Carne|Clefable, F|88/100
|-damage|p1a: Carne|75/100|[from] Stealth Rock
|move|p2a: Ferrothorn|Spikes|p1a: Carne
|-sidestart|p1: exlipse|Spikes
|
|-heal|p1a: Carne|81/100|[from] item: Leftovers
|upkeep
|turn|204
|inactive|exlipse has 25 seconds left this turn.
|
|t:|1664723455
|move|p1a: Carne|Wish|p1a: Carne
|move|p2a: Ferrothorn|Knock Off|p1a: Carne
|-resisted|p1a: Carne
|-damage|p1a: Carne|73/100
|-enditem|p1a: Carne|Leftovers|[from] move: Knock Off|[of] p2a: Ferrothorn
|
|upkeep
|turn|205
|inactive|exlipse has 25 seconds left this turn.
|inactive|exlipse has 20 seconds left.
|
|t:|1664723466
|switch|p1a: Corviknight|Corviknight, F|75/100
|-damage|p1a: Corviknight|62/100|[from] Stealth Rock
|-ability|p1a: Corviknight|Pressure
|switch|p2a: Tornadus|Tornadus-Therian, M, shiny|100/100
|
|-heal|p1a: Corviknight|100/100|[from] move: Wish|[wisher] Carne
|upkeep
|turn|206
|inactive|exlipse has 25 seconds left this turn.
|inactive|exlipse has 20 seconds left.
|
|t:|1664723476
|switch|p2a: Garchomp|Garchomp, M, shiny|80/100
|move|p1a: Corviknight|Bulk Up|p1a: Corviknight
|-boost|p1a: Corviknight|atk|1
|-boost|p1a: Corviknight|def|1
|
|upkeep
|turn|207
|inactive|exlipse has 20 seconds left this turn.
|inactive|exlipse has 15 seconds left.
|
|t:|1664723483
|switch|p2a: Rotom|Rotom-Wash, shiny|84/100
|move|p1a: Corviknight|Brave Bird|p2a: Rotom
|-resisted|p2a: Rotom
|-damage|p2a: Rotom|62/100
|-damage|p1a: Corviknight|95/100|[from] Recoil
|
|-heal|p2a: Rotom|68/100|[from] item: Leftovers
|upkeep
|turn|208
|inactive|exlipse has 20 seconds left this turn.
|inactive|exlipse has 15 seconds left.
|inactive|exlipse has 10 seconds left.
|
|t:|1664723493
|switch|p1a: Magent Magent|Toxapex, M|100/100 brn
|-damage|p1a: Magent Magent|88/100 brn|[from] Stealth Rock
|-damage|p1a: Magent Magent|75/100 brn|[from] Spikes
|move|p2a: Rotom|Pain Split|p1a: Magent Magent
|-sethp|p1a: Magent Magent|72/100 brn|[from] move: Pain Split|[silent]
|-sethp|p2a: Rotom|72/100|[from] move: Pain Split
|
|-heal|p2a: Rotom|78/100|[from] item: Leftovers
|-damage|p1a: Magent Magent|65/100 brn|[from] brn
|upkeep
|turn|209
|inactive|exlipse has 10 seconds left this turn.
|l| gotsnsd
|
|t:|1664723501
|switch|p2a: Slowking|Slowking-Galar, M, shiny|100/100
|move|p1a: Magent Magent|Recover|p1a: Magent Magent
|-heal|p1a: Magent Magent|100/100 brn
|
|-damage|p1a: Magent Magent|94/100 brn|[from] brn
|upkeep
|turn|210
|inactive|exlipse has 15 seconds left this turn.
|
|t:|1664723506
|switch|p1a: Corviknight|Corviknight, F|95/100
|-damage|p1a: Corviknight|83/100|[from] Stealth Rock
|-ability|p1a: Corviknight|Pressure
|move|p2a: Slowking|Nasty Plot|p2a: Slowking
|-boost|p2a: Slowking|spa|2
|
|upkeep
|turn|211
|inactive|exlipse has 15 seconds left this turn.
|inactive|exlipse has 10 seconds left.
|
|t:|1664723512
|move|p1a: Corviknight|Bulk Up|p1a: Corviknight
|-boost|p1a: Corviknight|atk|1
|-boost|p1a: Corviknight|def|1
|move|p2a: Slowking|Nasty Plot|p2a: Slowking
|-boost|p2a: Slowking|spa|2
|
|upkeep
|turn|212
|inactive|exlipse has 15 seconds left this turn.
|
|t:|1664723517
|move|p1a: Corviknight|Bulk Up|p1a: Corviknight
|-boost|p1a: Corviknight|atk|1
|-boost|p1a: Corviknight|def|1
|move|p2a: Slowking|Nasty Plot|p2a: Slowking
|-boost|p2a: Slowking|spa|2
|
|upkeep
|turn|213
|inactive|exlipse has 15 seconds left this turn.
|inactive|exlipse has 10 seconds left.
|
|t:|1664723522
|move|p1a: Corviknight|Bulk Up|p1a: Corviknight
|-boost|p1a: Corviknight|atk|1
|-boost|p1a: Corviknight|def|1
|move|p2a: Slowking|Psychic|p1a: Corviknight
|-resisted|p1a: Corviknight
|-damage|p1a: Corviknight|38/100
|
|upkeep
|turn|214
|inactive|exlipse has 15 seconds left this turn.
|
|t:|1664723527
|move|p1a: Corviknight|Roost|p1a: Corviknight
|-heal|p1a: Corviknight|88/100
|-singleturn|p1a: Corviknight|move: Roost
|move|p2a: Slowking|Psychic|p1a: Corviknight
|-resisted|p1a: Corviknight
|-damage|p1a: Corviknight|42/100
|
|upkeep
|turn|215
|inactive|exlipse has 15 seconds left this turn.
|inactive|exlipse has 10 seconds left.
|inactive|AlIoutdragadarts has 90 seconds left.
|
|t:|1664723533
|move|p1a: Corviknight|Roost|p1a: Corviknight
|-heal|p1a: Corviknight|92/100
|-singleturn|p1a: Corviknight|move: Roost
|move|p2a: Slowking|Psychic|p1a: Corviknight
|-resisted|p1a: Corviknight
|-damage|p1a: Corviknight|47/100
|
|upkeep
|turn|216
|inactive|exlipse has 15 seconds left this turn.
|inactive|exlipse has 10 seconds left.
|
|t:|1664723540
|switch|p2a: Rotom|Rotom-Wash, shiny|78/100
|move|p1a: Corviknight|Bulk Up|p1a: Corviknight
|-boost|p1a: Corviknight|atk|1
|-boost|p1a: Corviknight|def|1
|
|-heal|p2a: Rotom|84/100|[from] item: Leftovers
|upkeep
|turn|217
|inactive|exlipse has 10 seconds left this turn.
|inactive|AlIoutdragadarts has 90 seconds left.
|
|t:|1664723545
|move|p2a: Rotom|Will-O-Wisp|p1a: Corviknight
|-status|p1a: Corviknight|brn
|move|p1a: Corviknight|Roost|p1a: Corviknight
|-heal|p1a: Corviknight|97/100 brn
|-singleturn|p1a: Corviknight|move: Roost
|
|-heal|p2a: Rotom|90/100|[from] item: Leftovers
|-damage|p1a: Corviknight|91/100 brn|[from] brn
|upkeep
|turn|218
|inactive|exlipse has 15 seconds left this turn.
|inactive|exlipse has 10 seconds left.
|inactive|AlIoutdragadarts has 90 seconds left.
|
|t:|1664723556
|switch|p1a: Damo|Reuniclus, M|96/100
|-damage|p1a: Damo|84/100|[from] Stealth Rock
|-damage|p1a: Damo|71/100|[from] Spikes
|move|p2a: Rotom|Volt Switch|p1a: Damo
|-damage|p1a: Damo|56/100
|inactive|exlipse has 10 seconds left this turn.
|
|t:|1664723560
|switch|p2a: Tornadus|Tornadus-Therian, M, shiny|100/100|[from]move: Volt Switch
|
|upkeep
|turn|219
|inactive|exlipse has 15 seconds left this turn.
|inactive|exlipse has 10 seconds left.
|
|t:|1664723566
|move|p2a: Tornadus|Hurricane|p1a: Damo
|-damage|p1a: Damo|31/100
|move|p1a: Damo|Future Sight|p2a: Tornadus
|-start|p1a: Damo|move: Future Sight
|
|upkeep
|turn|220
|inactive|exlipse has 10 seconds left this turn.
|l| PkmnMasterEclipse
|
|t:|1664723571
|switch|p1a: Magent Magent|Toxapex, M|100/100 brn
|-damage|p1a: Magent Magent|88/100 brn|[from] Stealth Rock
|-damage|p1a: Magent Magent|75/100 brn|[from] Spikes
|move|p2a: Tornadus|Hurricane|p1a: Magent Magent
|-damage|p1a: Magent Magent|41/100 brn
|-start|p1a: Magent Magent|confusion
|
|-damage|p1a: Magent Magent|35/100 brn|[from] brn
|upkeep
|turn|221
|inactive|exlipse has 15 seconds left this turn.
|
|t:|1664723579
|switch|p1a: Damo|Reuniclus, M|64/100
|-damage|p1a: Damo|51/100|[from] Stealth Rock
|-damage|p1a: Damo|39/100|[from] Spikes
|move|p2a: Tornadus|Hurricane|p1a: Damo
|-damage|p1a: Damo|12/100
|
|-end|p2a: Tornadus|move: Future Sight
|-damage|p2a: Tornadus|52/100
|upkeep
|turn|222
|inactive|exlipse has 15 seconds left this turn.
|inactive|exlipse has 10 seconds left.
|
|t:|1664723587
|switch|p1a: Magent Magent|Toxapex, M|68/100 brn
|-damage|p1a: Magent Magent|55/100 brn|[from] Stealth Rock
|-damage|p1a: Magent Magent|43/100 brn|[from] Spikes
|move|p2a: Tornadus|Hurricane|p1a: Magent Magent
|-damage|p1a: Magent Magent|11/100 brn
|-start|p1a: Magent Magent|confusion
|
|-damage|p1a: Magent Magent|5/100 brn|[from] brn
|upkeep
|turn|223
|inactive|exlipse has 15 seconds left this turn.
|inactive|exlipse has 10 seconds left.
|j| gotsnsd
|
|t:|1664723601
|switch|p1a: Corviknight|Corviknight, F|91/100 brn
|-damage|p1a: Corviknight|79/100 brn|[from] Stealth Rock
|-ability|p1a: Corviknight|Pressure
|move|p2a: Tornadus|U-turn|p1a: Corviknight
|-resisted|p1a: Corviknight
|-damage|p1a: Corviknight|76/100 brn
|inactive|exlipse has 10 seconds left this turn.
|
|t:|1664723604
|switch|p2a: Rotom|Rotom-Wash, shiny|90/100|[from]move: U-turn
|
|-heal|p2a: Rotom|96/100|[from] item: Leftovers
|-damage|p1a: Corviknight|69/100 brn|[from] brn
|upkeep
|turn|224
|inactive|exlipse has 15 seconds left this turn.
|
|t:|1664723607
|move|p2a: Rotom|Volt Switch|p1a: Corviknight
|-supereffective|p1a: Corviknight
|-damage|p1a: Corviknight|33/100 brn
|inactive|exlipse has 15 seconds left this turn.
|
|t:|1664723612
|switch|p2a: Tornadus|Tornadus-Therian, M, shiny|85/100|[from]move: Volt Switch
|move|p1a: Corviknight|Bulk Up|p1a: Corviknight
|-boost|p1a: Corviknight|atk|1
|-boost|p1a: Corviknight|def|1
|
|-damage|p1a: Corviknight|27/100 brn|[from] brn
|upkeep
|turn|225
|inactive|exlipse has 20 seconds left this turn.
|inactive|exlipse has 15 seconds left.
|
|t:|1664723618
|move|p2a: Tornadus|U-turn|p1a: Corviknight
|-resisted|p1a: Corviknight
|-damage|p1a: Corviknight|25/100 brn
|inactive|exlipse has 15 seconds left this turn.
|j| cdgedp
|
|t:|1664723621
|switch|p2a: Rotom|Rotom-Wash, shiny|96/100|[from]move: U-turn
|move|p1a: Corviknight|Roost|p1a: Corviknight
|-heal|p1a: Corviknight|75/100 brn
|-singleturn|p1a: Corviknight|move: Roost
|
|-heal|p2a: Rotom|100/100|[from] item: Leftovers
|-damage|p1a: Corviknight|68/100 brn|[from] brn
|upkeep
|turn|226
|inactive|exlipse has 20 seconds left this turn.
|
|t:|1664723625
|move|p2a: Rotom|Volt Switch|p1a: Corviknight
|-supereffective|p1a: Corviknight
|-damage|p1a: Corviknight|32/100 brn
|inactive|exlipse has 20 seconds left this turn.
|
|t:|1664723629
|switch|p2a: Garchomp|Garchomp, M, shiny|80/100|[from]move: Volt Switch
|move|p1a: Corviknight|Defog|p2a: Garchomp
|-unboost|p2a: Garchomp|evasion|1
|-sideend|p1: exlipse|Spikes|[from] move: Defog|[of] p1a: Corviknight
|-sideend|p1: exlipse|Stealth Rock|[from] move: Defog|[of] p1a: Corviknight
|
|-damage|p1a: Corviknight|26/100 brn|[from] brn
|upkeep
|turn|227
|inactive|exlipse has 25 seconds left this turn.
|
|t:|1664723633
|switch|p1a: Carne|Clefable, F|73/100
|move|p2a: Garchomp|Stealth Rock|p1a: Carne
|-sidestart|p1: exlipse|move: Stealth Rock
|
|upkeep
|turn|228
|inactive|exlipse has 25 seconds left this turn.
|inactive|AlIoutdragadarts has 90 seconds left.
|
|t:|1664723652
|switch|p2a: Ferrothorn|Ferrothorn, M, shiny|61/100
|move|p1a: Carne|Wish|p1a: Carne
|
|upkeep
|turn|229
|inactive|exlipse has 30 seconds left this turn.
|
|t:|1664723666
|move|p1a: Carne|Aromatherapy|p1a: Carne
|-activate|p1a: Carne|move: Aromatherapy
|-curestatus|p1: Corviknight|brn|[msg]
|-curestatus|p1: Magent Magent|brn|[msg]
|move|p2a: Ferrothorn|Gyro Ball|p1a: Carne
|-supereffective|p1a: Carne
|-damage|p1a: Carne|20/100
|
|-heal|p1a: Carne|70/100|[from] move: Wish|[wisher] Carne
|upkeep
|turn|230
|inactive|exlipse has 25 seconds left this turn.
|inactive|exlipse has 20 seconds left.
|
|t:|1664723674
|move|p1a: Carne|Protect|p1a: Carne
|-singleturn|p1a: Carne|Protect
|move|p2a: Ferrothorn|Leech Seed|p1a: Carne
|-activate|p1a: Carne|move: Protect
|
|upkeep
|turn|231
|inactive|exlipse has 25 seconds left this turn.
|j| DuGuo
|
|t:|1664723679
|move|p1a: Carne|Wish|p1a: Carne
|move|p2a: Ferrothorn|Spikes|p1a: Carne
|-sidestart|p1: exlipse|Spikes
|
|upkeep
|turn|232
|inactive|exlipse has 25 seconds left this turn.
|
|t:|1664723686
|switch|p1a: Corviknight|Corviknight, F|26/100
|-damage|p1a: Corviknight|14/100|[from] Stealth Rock
|-ability|p1a: Corviknight|Pressure
|move|p2a: Ferrothorn|Gyro Ball|p1a: Corviknight
|-resisted|p1a: Corviknight
|-damage|p1a: Corviknight|0 fnt
|faint|p1a: Corviknight
|
|upkeep
|inactive|exlipse has 30 seconds left this turn.
|j| sufys12
|c|☆AlIoutdragadarts|okay
|c|☆exlipse|gg
|inactive|exlipse has 20 seconds left.
|-message|exlipse forfeited.
|
|win|AlIoutdragadarts
|inactive|exlipse has 25 seconds left this turn.
|n|☆exlipse|exlipse
|n|☆AlIoutdragadarts|alioutdragadarts
|n| Sww-Suwa|swwsuwa
|n| lou dort|loudort
|n| TheNewBrends11|thenewbrends11
|n| Ladder Prodigy|ladderprodigy
|n|+playerW17|playerw17
|n| faatbatman|faatbatman
|n| Ug and Nevaeh 2022|ugandnevaeh2022
|n| tessa rhydon|tessarhydon
|n| YSWelcomeToForever|yswelcometoforever
|n|@ironwater|ironwater
|n| gotsnsd|gotsnsd
|n| cdgedp|cdgedp
|n| DuGuo|duguo
|n| sufys12|sufys12
|c|☆AlIoutdragadarts|gg
|l| Ladder Prodigy
|c|☆AlIoutdragadarts|finally
|l| YSWelcomeToForever
|l| lou dort
|l| Sww-Suwa
|l| gotsnsd
|l| Ug and Nevaeh 2022
|l| faatbatman
|l|@ironwater
|l| sufys12
|l| tessa rhydon
|l|+playerW17
|l| cdgedp
|player|p2|AlIoutdragadarts|hiker-gen4
|l| DuGuo
|l|☆AlIoutdragadarts
|player|p2|
|l|☆exlipse
