|html|<div class="broadcast-blue"><strong>[Gen 8] OU is currently suspecting Melmetal! For information on how to participate check out the <a href="https://www.smogon.com/forums/threads/np-ss-ou-suspect-process-round-12-monster-mash.3709234/">suspect thread</a>.</strong></div>
|j|☆derpaderpaderp24
|j|☆Huskothy
|t:|1666026279
|gametype|singles
|player|p1|derpaderpaderp24|jasmine|1567
|player|p2|Huskothy|lucas|1616
|teamsize|p1|6
|teamsize|p2|6
|gen|8
|tier|[Gen 8] OU
|rated|
|rule|Sleep Clause Mod: Limit one foe put to sleep
|rule|Species Clause: Limit one of each Pokémon
|rule|OHKO Clause: OHKO moves are banned
|rule|Evasion Items Clause: Evasion items are banned
|rule|Evasion Moves Clause: Evasion moves are banned
|rule|Endless Battle Clause: Forcing endless battles is banned
|rule|HP Percentage Mod: HP is shown in percentages
|rule|Dynamax Clause: You cannot dynamax
|clearpoke
|poke|p1|Dragapult, M|
|poke|p1|Urshifu-*, F|
|poke|p1|Tapu Lele|
|poke|p1|Landorus-Therian, M|
|poke|p1|Zapdos|
|poke|p1|Melmetal|
|poke|p2|Swampert, F|
|poke|p2|Obstagoon, F|
|poke|p2|Landorus-Therian, M|
|poke|p2|Regieleki|
|poke|p2|Ferrothorn, M|
|poke|p2|Clefable, F|
|teampreview
|j| StupidIdiotMe
|
|t:|1666026301
|start
|switch|p1a: Landorus|Landorus-Therian, M|100/100
|switch|p2a: Landorus|Landorus-Therian, M|100/100
|-ability|p1a: Landorus|Intimidate|boost
|-unboost|p2a: Landorus|atk|1
|-ability|p2a: Landorus|Intimidate|boost
|-unboost|p1a: Landorus|atk|1
|turn|1
|
|t:|1666026317
|move|p1a: Landorus|Stealth Rock|p2a: Landorus
|-sidestart|p2: Huskothy|move: Stealth Rock
|move|p2a: Landorus|Toxic|p1a: Landorus
|-status|p1a: Landorus|tox
|
|-damage|p1a: Landorus|94/100 tox|[from] psn
|upkeep
|turn|2
|
|t:|1666026319
|move|p1a: Landorus|Knock Off|p2a: Landorus
|-damage|p2a: Landorus|80/100
|-enditem|p2a: Landorus|Leftovers|[from] move: Knock Off|[of] p1a: Landorus
|move|p2a: Landorus|Stealth Rock|p1a: Landorus
|-sidestart|p1: derpaderpaderp24|move: Stealth Rock
|
|-heal|p1a: Landorus|100/100 tox|[from] item: Leftovers
|-damage|p1a: Landorus|88/100 tox|[from] psn
|upkeep
|turn|3
|j| Inv solak plz
|
|t:|1666026324
|move|p1a: Landorus|U-turn|p2a: Landorus
|-resisted|p2a: Landorus
|-damage|p2a: Landorus|73/100
|
|t:|1666026333
|switch|p1a: Urshifu|Urshifu-Rapid-Strike, F|100/100|[from]move: U-turn
|-damage|p1a: Urshifu|94/100|[from] Stealth Rock
|move|p2a: Landorus|U-turn|p1a: Urshifu
|-resisted|p1a: Urshifu
|-damage|p1a: Urshifu|87/100
|
|t:|1666026335
|switch|p2a: Regieleki|Regieleki|100/100|[from]move: U-turn
|
|upkeep
|turn|4
|
|t:|1666026339
|switch|p1a: Landorus|Landorus-Therian, M|88/100 tox
|-damage|p1a: Landorus|76/100 tox|[from] Stealth Rock
|-ability|p1a: Landorus|Intimidate|boost
|-unboost|p2a: Regieleki|atk|1
|move|p2a: Regieleki|Volt Switch|p1a: Landorus
|-immune|p1a: Landorus
|
|-heal|p1a: Landorus|82/100 tox|[from] item: Leftovers
|-damage|p1a: Landorus|76/100 tox|[from] psn
|upkeep
|turn|5
|
|t:|1666026343
|switch|p2a: Clefable|Clefable, F|100/100
|move|p1a: Landorus|U-turn|p2a: Clefable
|-resisted|p2a: Clefable
|-damage|p2a: Clefable|90/100
|-damage|p1a: Landorus|60/100 tox|[from] item: Rocky Helmet|[of] p2a: Clefable
|
|t:|1666026347
|switch|p1a: Melmetal|Melmetal|100/100|[from]move: U-turn
|-damage|p1a: Melmetal|94/100|[from] Stealth Rock
|
|-heal|p1a: Melmetal|100/100|[from] item: Leftovers
|upkeep
|turn|6
|
|t:|1666026355
|switch|p2a: Ferrothorn|Ferrothorn, M|100/100
|-damage|p2a: Ferrothorn|94/100|[from] Stealth Rock
|move|p1a: Melmetal|Earthquake|p2a: Ferrothorn
|-damage|p2a: Ferrothorn|69/100
|
|upkeep
|turn|7
|
|t:|1666026367
|switch|p1a: Zapdos|Zapdos|100/100
|move|p2a: Ferrothorn|Leech Seed|p1a: Zapdos
|-start|p1a: Zapdos|move: Leech Seed
|
|-damage|p1a: Zapdos|88/100|[from] Leech Seed|[of] p2a: Ferrothorn
|-heal|p2a: Ferrothorn|80/100|[silent]
|upkeep
|turn|8
|
|t:|1666026372
|switch|p2a: Obstagoon|Obstagoon, F|100/100
|-damage|p2a: Obstagoon|88/100|[from] Stealth Rock
|move|p1a: Zapdos|Heat Wave|p2a: Obstagoon
|-damage|p2a: Obstagoon|46/100
|
|-damage|p1a: Zapdos|76/100|[from] Leech Seed|[of] p2a: Obstagoon
|-heal|p2a: Obstagoon|58/100|[silent]
|-status|p2a: Obstagoon|brn|[from] item: Flame Orb
|upkeep
|turn|9
|
|t:|1666026383
|move|p1a: Zapdos|Hurricane|p2a: Obstagoon
|-damage|p2a: Obstagoon|0 fnt
|faint|p2a: Obstagoon
|
|upkeep
|
|t:|1666026387
|switch|p2a: Regieleki|Regieleki|100/100
|turn|10
|
|t:|1666026389
|switch|p1a: Landorus|Landorus-Therian, M|60/100 tox
|-damage|p1a: Landorus|47/100 tox|[from] Stealth Rock
|-ability|p1a: Landorus|Intimidate|boost
|-unboost|p2a: Regieleki|atk|1
|move|p2a: Regieleki|Rapid Spin|p1a: Landorus
|-damage|p1a: Landorus|40/100 tox
|-boost|p2a: Regieleki|spe|1
|-sideend|p2: Huskothy|Stealth Rock|[from] move: Rapid Spin|[of] p2a: Regieleki
|
|-heal|p1a: Landorus|46/100 tox|[from] item: Leftovers
|-damage|p1a: Landorus|40/100 tox|[from] psn
|upkeep
|turn|11
|
|t:|1666026395
|switch|p2a: Landorus|Landorus-Therian, M|73/100
|-ability|p2a: Landorus|Intimidate|boost
|-unboost|p1a: Landorus|atk|1
|move|p1a: Landorus|U-turn|p2a: Landorus
|-resisted|p2a: Landorus
|-damage|p2a: Landorus|66/100
|
|t:|1666026410
|switch|p1a: Dragapult|Dragapult, M|100/100|[from]move: U-turn
|-damage|p1a: Dragapult|88/100|[from] Stealth Rock
|
|upkeep
|turn|12
|
|t:|1666026425
|move|p1a: Dragapult|Shadow Ball|p2a: Landorus
|-damage|p2a: Landorus|23/100
|move|p2a: Landorus|Earthquake|p1a: Dragapult
|-damage|p1a: Dragapult|27/100
|
|upkeep
|turn|13
|
|t:|1666026434
|move|p1a: Dragapult|Shadow Ball|p2a: Landorus
|-damage|p2a: Landorus|0 fnt
|faint|p2a: Landorus
|
|upkeep
|
|t:|1666026436
|switch|p2a: Regieleki|Regieleki|100/100
|turn|14
|
|t:|1666026444
|switch|p1a: Landorus|Landorus-Therian, M|40/100 tox
|-damage|p1a: Landorus|28/100 tox|[from] Stealth Rock
|-ability|p1a: Landorus|Intimidate|boost
|-unboost|p2a: Regieleki|atk|1
|move|p2a: Regieleki|Volt Switch|p1a: Landorus
|-immune|p1a: Landorus
|
|-heal|p1a: Landorus|34/100 tox|[from] item: Leftovers
|-damage|p1a: Landorus|28/100 tox|[from] psn
|upkeep
|turn|15
|
|t:|1666026453
|switch|p2a: Clefable|Clefable, F|90/100
|move|p1a: Landorus|Stealth Rock|p2a: Clefable
|-sidestart|p2: Huskothy|move: Stealth Rock
|
|-heal|p1a: Landorus|34/100 tox|[from] item: Leftovers
|-damage|p1a: Landorus|21/100 tox|[from] psn
|upkeep
|turn|16
|
|t:|1666026466
|switch|p1a: Urshifu|Urshifu-Rapid-Strike, F|87/100
|-damage|p1a: Urshifu|81/100|[from] Stealth Rock
|move|p2a: Clefable|Moonblast|p1a: Urshifu
|-supereffective|p1a: Urshifu
|-damage|p1a: Urshifu|0 fnt
|faint|p1a: Urshifu
|
|upkeep
|inactive|Battle timer is ON: inactive players will automatically lose when time's up. (requested by derpaderpaderp24)
|
|t:|1666026474
|switch|p1a: Melmetal|Melmetal|100/100
|-damage|p1a: Melmetal|94/100|[from] Stealth Rock
|turn|17
|
|t:|1666026480
|switch|p2a: Ferrothorn|Ferrothorn, M|80/100
|-damage|p2a: Ferrothorn|74/100|[from] Stealth Rock
|switch|p1a: Zapdos|Zapdos|76/100
|
|upkeep
|turn|18
|l| Inv solak plz
|
|t:|1666026508
|switch|p2a: Swampert|Swampert, F|100/100
|-damage|p2a: Swampert|94/100|[from] Stealth Rock
|move|p1a: Zapdos|Volt Switch|p2a: Swampert
|-immune|p2a: Swampert
|
|-heal|p2a: Swampert|100/100|[from] item: Leftovers
|upkeep
|turn|19
|
|t:|1666026516
|move|p1a: Zapdos|Defog|p2a: Swampert
|-unboost|p2a: Swampert|evasion|1
|-sideend|p2: Huskothy|Stealth Rock|[from] move: Defog|[of] p1a: Zapdos
|-sideend|p1: derpaderpaderp24|Stealth Rock|[from] move: Defog|[of] p1a: Zapdos
|move|p2a: Swampert|Liquidation|p1a: Zapdos
|-damage|p1a: Zapdos|29/100
|
|upkeep
|turn|20
|inactive|derpaderpaderp24 has 120 seconds left.
|
|t:|1666026540
|switch|p1a: Tapu Lele|Tapu Lele|100/100
|-fieldstart|move: Psychic Terrain|[from] ability: Psychic Surge|[of] p1a: Tapu Lele
|move|p2a: Swampert|Bulk Up|p2a: Swampert
|-boost|p2a: Swampert|atk|1
|-boost|p2a: Swampert|def|1
|
|upkeep
|turn|21
|
|t:|1666026545
|move|p1a: Tapu Lele|Future Sight|p2a: Swampert
|-start|p1a: Tapu Lele|move: Future Sight
|move|p2a: Swampert|Earthquake|p1a: Tapu Lele
|-damage|p1a: Tapu Lele|0 fnt
|faint|p1a: Tapu Lele
|
|upkeep
|
|t:|1666026558
|switch|p1a: Melmetal|Melmetal|94/100
|turn|22
|
|t:|1666026562
|move|p1a: Melmetal|Protect|p1a: Melmetal
|-singleturn|p1a: Melmetal|Protect
|move|p2a: Swampert|Substitute|p2a: Swampert
|-start|p2a: Swampert|Substitute
|-damage|p2a: Swampert|75/100
|
|-heal|p2a: Swampert|82/100|[from] item: Leftovers
|-heal|p1a: Melmetal|100/100|[from] item: Leftovers
|upkeep
|turn|23
|
|t:|1666026566
|move|p2a: Swampert|Bulk Up|p2a: Swampert
|-boost|p2a: Swampert|atk|1
|-boost|p2a: Swampert|def|1
|move|p1a: Melmetal|Earthquake|p2a: Swampert
|-activate|p2a: Swampert|move: Substitute|[damage]
|
|-end|p2a: Swampert|move: Future Sight
|-end|p2a: Swampert|Substitute
|-heal|p2a: Swampert|88/100|[from] item: Leftovers
|upkeep
|turn|24
|
|t:|1666026571
|move|p2a: Swampert|Substitute|p2a: Swampert
|-start|p2a: Swampert|Substitute
|-damage|p2a: Swampert|63/100
|move|p1a: Melmetal|Toxic||[still]
|-fail|p1a: Melmetal
|
|-heal|p2a: Swampert|69/100|[from] item: Leftovers
|-fieldend|move: Psychic Terrain
|upkeep
|turn|25
|
|t:|1666026580
|switch|p1a: Zapdos|Zapdos|29/100
|move|p2a: Swampert|Liquidation|p1a: Zapdos
|-damage|p1a: Zapdos|0 fnt
|faint|p1a: Zapdos
|
|-heal|p2a: Swampert|75/100|[from] item: Leftovers
|upkeep
|
|t:|1666026582
|switch|p1a: Dragapult|Dragapult, M|27/100
|turn|26
|
|t:|1666026586
|move|p1a: Dragapult|Draco Meteor|p2a: Swampert
|-damage|p2a: Swampert|0 fnt
|-unboost|p1a: Dragapult|spa|2
|faint|p2a: Swampert
|
|upkeep
|
|t:|1666026593
|switch|p2a: Ferrothorn|Ferrothorn, M|74/100
|turn|27
|
|t:|1666026596
|switch|p1a: Melmetal|Melmetal|100/100
|move|p2a: Ferrothorn|Leech Seed|p1a: Melmetal
|-start|p1a: Melmetal|move: Leech Seed
|
|-damage|p1a: Melmetal|88/100|[from] Leech Seed|[of] p2a: Ferrothorn
|-heal|p2a: Ferrothorn|88/100|[silent]
|upkeep
|turn|28
|
|t:|1666026611
|switch|p1a: Dragapult|Dragapult, M|27/100
|move|p2a: Ferrothorn|Power Whip|p1a: Dragapult
|-resisted|p1a: Dragapult
|-damage|p1a: Dragapult|1/100
|
|upkeep
|turn|29
|inactive|derpaderpaderp24 has 120 seconds left.
|
|t:|1666026641
|move|p1a: Dragapult|Shadow Ball|p2a: Ferrothorn
|-damage|p2a: Ferrothorn|37/100
|move|p2a: Ferrothorn|Power Whip|p1a: Dragapult|[miss]
|-miss|p2a: Ferrothorn|p1a: Dragapult
|
|upkeep
|turn|30
|
|t:|1666026656
|switch|p2a: Clefable|Clefable, F|90/100
|move|p1a: Dragapult|Shadow Ball|p2a: Clefable
|-damage|p2a: Clefable|42/100
|-unboost|p2a: Clefable|spd|1
|
|upkeep
|turn|31
|c|☆Huskothy|gg
|c|☆derpaderpaderp24|Gg
|-message|Huskothy forfeited.
|
|win|derpaderpaderp24
|raw|derpaderpaderp24's rating: 1567 &rarr; <strong>1590</strong><br />(+23 for winning)
|raw|Huskothy's rating: 1616 &rarr; <strong>1593</strong><br />(-23 for losing)
|l|☆derpaderpaderp24
