|j|☆cump3
|j|☆fishy8995
|t:|1655262152
|gametype|singles
|player|p1|cump3|gentleman-gen4|1541
|player|p2|fishy8995|265|1597
|teamsize|p1|6
|teamsize|p2|6
|gen|8
|tier|[Gen 8] OU
|rated|
|rule|Sleep Clause Mod: Limit one foe put to sleep
|rule|Species Clause: Limit one of each Pokémon
|rule|OHKO Clause: OHKO moves are banned
|rule|Evasion Moves Clause: Evasion moves are banned
|rule|Endless Battle Clause: Forcing endless battles is banned
|rule|HP Percentage Mod: HP is shown in percentages
|rule|Dynamax Clause: You cannot dynamax
|clearpoke
|poke|p1|Mew|
|poke|p1|Bisharp, M|
|poke|p1|Cloyster, M|
|poke|p1|Rillaboom, F|
|poke|p1|Silvally-*|
|poke|p1|Hawlucha, F|
|poke|p2|Hippowdon, M|
|poke|p2|Tyranitar, M|
|poke|p2|Excadrill, F|
|poke|p2|Latias, F|
|poke|p2|Toxapex, F|
|poke|p2|Dracozolt|
|teampreview
|
|t:|1655262157
|start
|switch|p1a: Silvally|Silvally-Ghost|100/100
|switch|p2a: Hippowdon|Hippowdon, M|100/100
|-weather|Sandstorm|[from] ability: Sand Stream|[of] p2a: Hippowdon
|turn|1
|
|t:|1655262163
|move|p1a: Silvally|Swords Dance|p1a: Silvally
|-boost|p1a: Silvally|atk|2
|move|p2a: Hippowdon|Toxic|p1a: Silvally
|-status|p1a: Silvally|tox
|
|-weather|Sandstorm|[upkeep]
|-damage|p1a: Silvally|94/100 tox|[from] Sandstorm
|-damage|p1a: Silvally|88/100 tox|[from] psn
|upkeep
|turn|2
|
|t:|1655262166
|move|p1a: Silvally|Swords Dance|p1a: Silvally
|-boost|p1a: Silvally|atk|2
|move|p2a: Hippowdon|Whirlwind|p1a: Silvally
|drag|p1a: Rillaboom|Rillaboom, F|100/100
|-fieldstart|move: Grassy Terrain|[from] ability: Grassy Surge|[of] p1a: Rillaboom
|
|-weather|Sandstorm|[upkeep]
|-damage|p1a: Rillaboom|94/100|[from] Sandstorm
|-heal|p1a: Rillaboom|100/100|[from] Grassy Terrain
|upkeep
|turn|3
|
|t:|1655262170
|move|p1a: Rillaboom|Grassy Glide|p2a: Hippowdon
|-supereffective|p2a: Hippowdon
|-damage|p2a: Hippowdon|33/100
|move|p2a: Hippowdon|Stealth Rock|p1a: Rillaboom
|-sidestart|p1: cump3|move: Stealth Rock
|
|-weather|Sandstorm|[upkeep]
|-damage|p1a: Rillaboom|94/100|[from] Sandstorm
|-heal|p1a: Rillaboom|100/100|[from] Grassy Terrain
|-heal|p2a: Hippowdon|40/100|[from] Grassy Terrain
|upkeep
|turn|4
|
|t:|1655262173
|switch|p2a: Latias|Latias, F, shiny|100/100
|move|p1a: Rillaboom|Swords Dance|p1a: Rillaboom
|-boost|p1a: Rillaboom|atk|2
|
|-weather|Sandstorm|[upkeep]
|-damage|p2a: Latias|94/100|[from] Sandstorm
|-damage|p1a: Rillaboom|94/100|[from] Sandstorm
|-heal|p1a: Rillaboom|100/100|[from] Grassy Terrain
|upkeep
|turn|5
|
|t:|1655262179
|move|p2a: Latias|Healing Wish|p2a: Latias
|faint|p2a: Latias
|move|p1a: Rillaboom|Knock Off|p2: Latias|[notarget]
|-fail|p1a: Rillaboom
|
|-weather|Sandstorm|[upkeep]
|-damage|p1a: Rillaboom|94/100|[from] Sandstorm
|-heal|p1a: Rillaboom|100/100|[from] Grassy Terrain
|upkeep
|j| lakob
|
|t:|1655262185
|switch|p2a: Dracozolt|Dracozolt|100/100
|turn|6
|
|t:|1655262191
|move|p1a: Rillaboom|Grassy Glide|p2a: Dracozolt
|-resisted|p2a: Dracozolt
|-damage|p2a: Dracozolt|36/100
|move|p2a: Dracozolt|Flamethrower|p1a: Rillaboom
|-supereffective|p1a: Rillaboom
|-damage|p1a: Rillaboom|40/100
|-damage|p2a: Dracozolt|26/100|[from] item: Life Orb
|
|-weather|Sandstorm|[upkeep]
|-damage|p1a: Rillaboom|33/100|[from] Sandstorm
|-heal|p2a: Dracozolt|32/100|[from] Grassy Terrain
|-heal|p1a: Rillaboom|40/100|[from] Grassy Terrain
|-fieldend|move: Grassy Terrain
|upkeep
|turn|7
|
|t:|1655262201
|switch|p1a: Silvally|Silvally-Ghost|88/100 tox
|-damage|p1a: Silvally|76/100 tox|[from] Stealth Rock
|move|p2a: Dracozolt|Bolt Beak|p1a: Silvally
|-damage|p1a: Silvally|0 fnt
|faint|p1a: Silvally
|-damage|p2a: Dracozolt|22/100|[from] item: Life Orb
|
|-weather|Sandstorm|[upkeep]
|upkeep
|
|t:|1655262208
|switch|p1a: Rillaboom|Rillaboom, F|40/100
|-damage|p1a: Rillaboom|27/100|[from] Stealth Rock
|-fieldstart|move: Grassy Terrain|[from] ability: Grassy Surge|[of] p1a: Rillaboom
|turn|8
|
|t:|1655262212
|switch|p2a: Toxapex|Toxapex, F|100/100
|move|p1a: Rillaboom|Knock Off|p2a: Toxapex
|-damage|p2a: Toxapex|68/100
|-enditem|p2a: Toxapex|Black Sludge|[from] move: Knock Off|[of] p1a: Rillaboom
|
|-weather|none
|-heal|p1a: Rillaboom|33/100|[from] Grassy Terrain
|-heal|p2a: Toxapex|74/100|[from] Grassy Terrain
|upkeep
|turn|9
|
|t:|1655262219
|switch|p1a: Mew|Mew, shiny|100/100
|-damage|p1a: Mew|88/100|[from] Stealth Rock
|move|p2a: Toxapex|Toxic|p1a: Mew
|-status|p1a: Mew|tox
|-activate|p1a: Mew|ability: Synchronize
|-immune|p2a: Toxapex
|
|-heal|p1a: Mew|94/100 tox|[from] Grassy Terrain
|-heal|p2a: Toxapex|81/100|[from] Grassy Terrain
|-damage|p1a: Mew|88/100 tox|[from] psn
|upkeep
|turn|10
|
|t:|1655262225
|switch|p2a: Tyranitar|Tyranitar, M|100/100
|-weather|Sandstorm|[from] ability: Sand Stream|[of] p2a: Tyranitar
|move|p1a: Mew|Stealth Rock|p2a: Tyranitar
|-sidestart|p2: fishy8995|move: Stealth Rock
|
|-weather|Sandstorm|[upkeep]
|-damage|p1a: Mew|82/100 tox|[from] Sandstorm
|-heal|p1a: Mew|88/100 tox|[from] Grassy Terrain
|-damage|p1a: Mew|76/100 tox|[from] psn
|upkeep
|turn|11
|
|t:|1655262231
|move|p1a: Mew|Spikes|p2a: Tyranitar
|-sidestart|p2: fishy8995|Spikes
|move|p2a: Tyranitar|Flamethrower|p1a: Mew
|-damage|p1a: Mew|52/100 tox
|-enditem|p1a: Mew|Red Card|[of] p2a: Tyranitar
|drag|p2a: Hippowdon|Hippowdon, M|40/100
|-heal|p2a: Hippowdon|100/100|[from] move: Healing Wish
|-damage|p2a: Hippowdon|94/100|[from] Stealth Rock
|-damage|p2a: Hippowdon|82/100|[from] Spikes
|
|-weather|Sandstorm|[upkeep]
|-damage|p1a: Mew|46/100 tox|[from] Sandstorm
|-heal|p1a: Mew|52/100 tox|[from] Grassy Terrain
|-heal|p2a: Hippowdon|88/100|[from] Grassy Terrain
|-damage|p1a: Mew|34/100 tox|[from] psn
|upkeep
|turn|12
|
|t:|1655262245
|move|p1a: Mew|Explosion|p2a: Hippowdon
|-damage|p2a: Hippowdon|60/100
|faint|p1a: Mew
|move|p2a: Hippowdon|Whirlwind|p1: Mew|[notarget]
|-fail|p2a: Hippowdon
|
|-weather|Sandstorm|[upkeep]
|-heal|p2a: Hippowdon|66/100|[from] Grassy Terrain
|-fieldend|move: Grassy Terrain
|upkeep
|
|t:|1655262254
|switch|p1a: Cloyster|Cloyster, M, shiny|100/100
|-damage|p1a: Cloyster|76/100|[from] Stealth Rock
|turn|13
|
|t:|1655262259
|move|p1a: Cloyster|Icicle Spear|p2a: Hippowdon
|-supereffective|p2a: Hippowdon
|-damage|p2a: Hippowdon|53/100
|-supereffective|p2a: Hippowdon
|-damage|p2a: Hippowdon|41/100
|-supereffective|p2a: Hippowdon
|-damage|p2a: Hippowdon|28/100
|-supereffective|p2a: Hippowdon
|-damage|p2a: Hippowdon|15/100
|-supereffective|p2a: Hippowdon
|-damage|p2a: Hippowdon|3/100
|-hitcount|p2a: Hippowdon|5
|move|p2a: Hippowdon|Whirlwind|p1a: Cloyster
|drag|p1a: Bisharp|Bisharp, M, shiny|100/100
|-damage|p1a: Bisharp|95/100|[from] Stealth Rock
|
|-weather|Sandstorm|[upkeep]
|upkeep
|turn|14
|
|t:|1655262265
|move|p1a: Bisharp|Knock Off|p2a: Hippowdon
|-damage|p2a: Hippowdon|0 fnt
|-enditem|p2a: Hippowdon|Smooth Rock|[from] move: Knock Off|[of] p1a: Bisharp
|faint|p2a: Hippowdon
|
|-weather|none
|upkeep
|
|t:|1655262302
|switch|p2a: Excadrill|Excadrill, F, shiny|100/100
|-damage|p2a: Excadrill|97/100|[from] Stealth Rock
|-damage|p2a: Excadrill|85/100|[from] Spikes
|turn|15
|
|t:|1655262312
|switch|p1a: Hawlucha|Hawlucha, F|100/100
|-damage|p1a: Hawlucha|88/100|[from] Stealth Rock
|move|p2a: Excadrill|Earthquake|p1a: Hawlucha
|-immune|p1a: Hawlucha
|
|upkeep
|turn|16
|
|t:|1655262333
|switch|p1a: Rillaboom|Rillaboom, F|33/100
|-damage|p1a: Rillaboom|21/100|[from] Stealth Rock
|-fieldstart|move: Grassy Terrain|[from] ability: Grassy Surge|[of] p1a: Rillaboom
|move|p2a: Excadrill|Iron Head|p1a: Rillaboom
|-damage|p1a: Rillaboom|0 fnt
|faint|p1a: Rillaboom
|
|-heal|p2a: Excadrill|91/100|[from] Grassy Terrain
|upkeep
|
|t:|1655262338
|switch|p1a: Hawlucha|Hawlucha, F|88/100
|-damage|p1a: Hawlucha|76/100|[from] Stealth Rock
|-enditem|p1a: Hawlucha|Grassy Seed
|-boost|p1a: Hawlucha|def|1|[from] item: Grassy Seed
|turn|17
|
|t:|1655262359
|move|p1a: Hawlucha|Swords Dance|p1a: Hawlucha
|-boost|p1a: Hawlucha|atk|2
|move|p2a: Excadrill|Iron Head|p1a: Hawlucha
|-damage|p1a: Hawlucha|32/100
|
|-heal|p2a: Excadrill|97/100|[from] Grassy Terrain
|upkeep
|turn|18
|
|t:|1655262366
|switch|p2a: Tyranitar|Tyranitar, M|100/100
|-damage|p2a: Tyranitar|88/100|[from] Stealth Rock
|-damage|p2a: Tyranitar|76/100|[from] Spikes
|-weather|Sandstorm|[from] ability: Sand Stream|[of] p2a: Tyranitar
|move|p1a: Hawlucha|Close Combat|p2a: Tyranitar
|-supereffective|p2a: Tyranitar
|-damage|p2a: Tyranitar|0 fnt
|-unboost|p1a: Hawlucha|def|1
|-unboost|p1a: Hawlucha|spd|1
|faint|p2a: Tyranitar
|
|-weather|Sandstorm|[upkeep]
|-damage|p1a: Hawlucha|26/100|[from] Sandstorm
|upkeep
|
|t:|1655262370
|switch|p2a: Toxapex|Toxapex, F|100/100
|-damage|p2a: Toxapex|88/100|[from] Stealth Rock
|-damage|p2a: Toxapex|76/100|[from] Spikes
|turn|19
|
|t:|1655262372
|move|p1a: Hawlucha|Acrobatics|p2a: Toxapex
|-damage|p2a: Toxapex|0 fnt
|faint|p2a: Toxapex
|
|-weather|Sandstorm|[upkeep]
|-damage|p1a: Hawlucha|20/100|[from] Sandstorm
|upkeep
|
|t:|1655262375
|switch|p2a: Excadrill|Excadrill, F, shiny|97/100
|-damage|p2a: Excadrill|94/100|[from] Stealth Rock
|-damage|p2a: Excadrill|82/100|[from] Spikes
|turn|20
|
|t:|1655262377
|move|p1a: Hawlucha|Close Combat|p2a: Excadrill
|-supereffective|p2a: Excadrill
|-damage|p2a: Excadrill|0 fnt
|-unboost|p1a: Hawlucha|def|1
|-unboost|p1a: Hawlucha|spd|1
|faint|p2a: Excadrill
|
|-weather|Sandstorm|[upkeep]
|-damage|p1a: Hawlucha|14/100|[from] Sandstorm
|-fieldend|move: Grassy Terrain
|upkeep
|
|t:|1655262379
|switch|p2a: Dracozolt|Dracozolt|22/100
|-damage|p2a: Dracozolt|10/100|[from] Stealth Rock
|-damage|p2a: Dracozolt|0 fnt|[from] Spikes
|faint|p2a: Dracozolt
|
|win|cump3
|raw|cump3's rating: 1541 &rarr; <strong>1564</strong><br />(+23 for winning)
|raw|fishy8995's rating: 1597 &rarr; <strong>1574</strong><br />(-23 for losing)
||Ladder isn't responding, score probably updated but might not have (Request timeout).
