|html|<div class="broadcast-blue"><strong>[Gen 8] OU is currently suspecting Spectrier! For information on how to participate check out the <a href="https://www.smogon.com/forums/threads/np-ss-ou-suspect-process-round-9-old-town-road.3676744/">suspect thread</a>.</strong></div>
|j|☆X-Wing Fighter
|j|☆restainer
|inactive|Battle timer is ON: inactive players will automatically lose when time's up.
|t:|1611882559
|player|p1|X-Wing Fighter|hilbert|
|player|p2|restainer|hiker-gen4|
|teamsize|p1|6
|teamsize|p2|6
|gametype|singles
|gen|8
|tier|[Gen 8] OU
|rated|Tournament battle
|clearpoke
|poke|p1|Urshifu-*, M|
|poke|p1|Slowbro, M|
|poke|p1|Corviknight, F|
|poke|p1|Slowking-Galar, M|
|poke|p1|Rillaboom, M|
|poke|p1|Krookodile, M|
|poke|p2|Venusaur, F|
|poke|p2|Torkoal, F|
|poke|p2|Cinderace, M|
|poke|p2|Hatterene, F|
|poke|p2|Bisharp, M|
|poke|p2|Zapdos|
|rule|Sleep Clause Mod: Limit one foe put to sleep
|rule|Species Clause: Limit one of each Pokémon
|rule|OHKO Clause: OHKO moves are banned
|rule|Evasion Moves Clause: Evasion moves are banned
|rule|Endless Battle Clause: Forcing endless battles is banned
|rule|HP Percentage Mod: HP is shown in percentages
|rule|Dynamax Clause: You cannot dynamax
|teampreview
|j|%Fusien
|j| Treyvion
|j| kalouless
|j|^Steez Ibanez
|j| Nesnot
|j| cesles
|c|☆restainer|im boutta hold an L lol
|j| Stroft
|inactive|X-Wing Fighter has 120 seconds left.
|j| mustard is spicy
|j| lo hung
|j| BerrySlice
|j| Just a Hoothoot
|j| Mel0nL0rd
|c| mustard is spicy|but broken ass venu
|inactive|X-Wing Fighter has 90 seconds left.
|c|☆restainer|mate
|c| Mel0nL0rd|venu isnt broken?
|j| berunkasuteru ☭
|
|t:|1611882644
|start
|switch|p1a: Urshifu|Urshifu-Rapid-Strike, M|100/100
|switch|p2a: Cinderace|Cinderace, M|100/100
|turn|1
|l|^Steez Ibanez
|c| Nesnot|It can destroy some teams though
|
|t:|1611882652
|switch|p2a: Torkoal|Torkoal, F|100/100
|-weather|SunnyDay|[from] ability: Drought|[of] p2a: Torkoal
|switch|p1a: Slowbro|Slowbro, M|100/100
|
|-weather|SunnyDay|[upkeep]
|upkeep
|turn|2
|
|t:|1611882660
|move|p2a: Torkoal|Stealth Rock|p1a: Slowbro
|-sidestart|p1: X-Wing Fighter|move: Stealth Rock
|move|p1a: Slowbro|Future Sight|p2a: Torkoal
|-start|p1a: Slowbro|move: Future Sight
|
|-weather|SunnyDay|[upkeep]
|upkeep
|turn|3
|c| mustard is spicy|its broken for the few turns its in sun, unless u have like blissey
|j| skeb
|
|t:|1611882664
|switch|p2a: Bisharp|Bisharp, M|100/100
|move|p1a: Slowbro|Teleport|p1a: Slowbro
|
|t:|1611882667
|switch|p1a: Urshifu|Urshifu-Rapid-Strike, M|100/100|[from]move: Teleport
|-damage|p1a: Urshifu|94/100|[from] Stealth Rock
|
|-weather|SunnyDay|[upkeep]
|upkeep
|turn|4
|j|^Steez Ibanez
|
|t:|1611882672
|switch|p2a: Zapdos|Zapdos|100/100
|move|p1a: Urshifu|Close Combat|p2a: Zapdos
|-resisted|p2a: Zapdos
|-damage|p2a: Zapdos|61/100
|-unboost|p1a: Urshifu|def|1
|-unboost|p1a: Urshifu|spd|1
|
|-weather|SunnyDay|[upkeep]
|-end|p2a: Zapdos|move: Future Sight
|-crit|p2a: Zapdos
|-damage|p2a: Zapdos|0 fnt
|upkeep
|faint|p2a: Zapdos
|j| kisian
|j| KimanY105
|c|☆restainer|brah
|c| kalouless|rip
|
|t:|1611882687
|switch|p2a: Venusaur|Venusaur, F|100/100
|turn|5
|c| Nesnot|This is why I hate Teleport
|
|t:|1611882692
|switch|p1a: Slowking|Slowking-Galar, M|100/100
|-damage|p1a: Slowking|88/100|[from] Stealth Rock
|move|p2a: Venusaur|Growth|p2a: Venusaur
|-boost|p2a: Venusaur|atk|2
|-boost|p2a: Venusaur|spa|2
|
|-weather|SunnyDay|[upkeep]
|upkeep
|turn|6
|c| Nesnot|makes Future Sight so easy to use
|j| heatrangoat
|c| Mel0nL0rd|e powaaaaaa
|c|☆restainer|fuck it im over it
|
|t:|1611882710
|move|p2a: Venusaur|Earth Power|p1a: Slowking
|-supereffective|p1a: Slowking
|-damage|p1a: Slowking|28/100
|-damage|p2a: Venusaur|91/100|[from] item: Life Orb
|move|p1a: Slowking|Future Sight|p2a: Venusaur
|-start|p1a: Slowking|move: Future Sight
|
|-weather|SunnyDay|[upkeep]
|upkeep
|turn|7
|c| Nesnot|I think Earth Power is needed, so let's see.. oh
|
|t:|1611882725
|switch|p1a: Corviknight|Corviknight, F|100/100
|-damage|p1a: Corviknight|88/100|[from] Stealth Rock
|-ability|p1a: Corviknight|Pressure
|move|p2a: Venusaur|Weather Ball|p1a: Corviknight
|-supereffective|p1a: Corviknight
|-crit|p1a: Corviknight
|-damage|p1a: Corviknight|0 fnt
|-damage|p2a: Venusaur|81/100|[from] item: Life Orb
|faint|p1a: Corviknight
|
|-weather|SunnyDay|[upkeep]
|upkeep
|c|☆restainer|get read
|c| Nesnot|Weather Ball would have KO'd
|inactive|X-Wing Fighter has 120 seconds left.
|
|t:|1611882749
|switch|p1a: Slowbro|Slowbro, M|100/100
|-damage|p1a: Slowbro|88/100|[from] Stealth Rock
|turn|8
|c| Mel0nL0rd|assault vest is slowking g is goated
|c| Mel0nL0rd|lmao
|l| Just a Hoothoot
|
|t:|1611882755
|switch|p2a: Bisharp|Bisharp, M|100/100
|switch|p1a: Slowking|Slowking-Galar, M|62/100
|-damage|p1a: Slowking|49/100|[from] Stealth Rock
|
|-weather|none
|-end|p2a: Bisharp|move: Future Sight
|-immune|p2a: Bisharp
|upkeep
|turn|9
|j| Yugizx
|j| 30GXENOOB
|c| Nesnot|if 180 can do 60% the 150 is able to do 30%
|
|t:|1611882772
|switch|p1a: Urshifu|Urshifu-Rapid-Strike, M|94/100
|-damage|p1a: Urshifu|88/100|[from] Stealth Rock
|move|p2a: Bisharp|Knock Off|p1a: Urshifu
|-resisted|p1a: Urshifu
|-damage|p1a: Urshifu|57/100
|-enditem|p1a: Urshifu|Choice Band|[from] move: Knock Off|[of] p2a: Bisharp
|
|upkeep
|turn|10
|c| berunkasuteru ☭|lets go bishhhh
|c| kalouless|that did a ton wtf
|c| berunkasuteru ☭|dont sleep on bish
|c| Nesnot|Bisharp hits hard
|c|☆restainer|this how mon suppose to be played
|inactive|restainer has 120 seconds left.
|
|t:|1611882804
|switch|p2a: Torkoal|Torkoal, F|100/100
|-weather|SunnyDay|[from] ability: Drought|[of] p2a: Torkoal
|move|p1a: Urshifu|U-turn|p2a: Torkoal
|-resisted|p2a: Torkoal
|-damage|p2a: Torkoal|92/100
|
|t:|1611882828
|switch|p1a: Krookodile|Krookodile, M|100/100|[from]move: U-turn
|-damage|p1a: Krookodile|94/100|[from] Stealth Rock
|-ability|p1a: Krookodile|Intimidate|boost
|-unboost|p2a: Torkoal|atk|1
|
|-weather|SunnyDay|[upkeep]
|-heal|p1a: Krookodile|100/100|[from] item: Leftovers
|upkeep
|turn|11
|inactive|restainer has 120 seconds left.
|
|t:|1611882842
|move|p1a: Krookodile|High Horsepower|p2a: Torkoal|[miss]
|-miss|p1a: Krookodile|p2a: Torkoal
|move|p2a: Torkoal|Yawn|p1a: Krookodile
|-start|p1a: Krookodile|move: Yawn|[of] p2a: Torkoal
|
|-weather|SunnyDay|[upkeep]
|upkeep
|turn|12
|c| Mel0nL0rd|so dum how frikin slowking g is still gud after all those hits lmao
|l|^Steez Ibanez
|c| Mel0nL0rd|oop
|inactive|restainer has 120 seconds left.
|c| Mel0nL0rd|hhp
|c| Nesnot|I'm guessing it's running max bulk
|l| 30GXENOOB
|c|☆restainer|hmm
|inactive|restainer has 90 seconds left.
|
|t:|1611882883
|switch|p1a: Slowbro|Slowbro, M|100/100
|-damage|p1a: Slowbro|88/100|[from] Stealth Rock
|switch|p2a: Cinderace|Cinderace, M|100/100
|
|-weather|SunnyDay|[upkeep]
|upkeep
|turn|13
|c| berunkasuteru ☭|gamefreak really did just want us all to suffer when they made high horsepower huh
|
|t:|1611882893
|move|p2a: Cinderace|U-turn|p1a: Slowbro
|-start|p2a: Cinderace|typechange|Bug|[from] ability: Libero
|-supereffective|p1a: Slowbro
|-crit|p1a: Slowbro
|-damage|p1a: Slowbro|4/100
|-damage|p2a: Cinderace|84/100|[from] item: Rocky Helmet|[of] p1a: Slowbro
|j|^Steez Ibanez
|inactive|restainer has 90 seconds left.
|
|t:|1611882903
|switch|p2a: Bisharp|Bisharp, M|100/100|[from]move: U-turn
|move|p1a: Slowbro|Teleport|p1a: Slowbro
|c| mustard is spicy|oof
|
|t:|1611882913
|switch|p1a: Krookodile|Krookodile, M|100/100|[from]move: Teleport
|-damage|p1a: Krookodile|94/100|[from] Stealth Rock
|-ability|p1a: Krookodile|Intimidate|boost
|-unboost|p2a: Bisharp|atk|1
|-ability|p2a: Bisharp|Defiant
|-boost|p2a: Bisharp|atk|2
|
|-weather|SunnyDay|[upkeep]
|-heal|p1a: Krookodile|100/100|[from] item: Leftovers
|upkeep
|turn|14
|c|☆X-Wing Fighter|fuck
|inactive|restainer has 90 seconds left.
|c|☆X-Wing Fighter|oh well
|
|t:|1611882938
|move|p2a: Bisharp|Iron Head|p1a: Krookodile
|-damage|p1a: Krookodile|34/100
|move|p1a: Krookodile|High Horsepower|p2a: Bisharp
|-supereffective|p2a: Bisharp
|-damage|p2a: Bisharp|11/100
|
|-weather|SunnyDay|[upkeep]
|-heal|p1a: Krookodile|40/100|[from] item: Leftovers
|upkeep
|turn|15
|c| mustard is spicy|what do u mean u outspeed dont u
|inactive|restainer has 90 seconds left.
|c| mustard is spicy|wat
|c|%Fusien|Rip
|c| Yugizx|lol?
|
|t:|1611882952
|switch|p1a: Urshifu|Urshifu-Rapid-Strike, M|57/100
|-damage|p1a: Urshifu|51/100|[from] Stealth Rock
|move|p2a: Bisharp|Iron Head|p1a: Urshifu
|-resisted|p1a: Urshifu
|-damage|p1a: Urshifu|20/100
|
|-weather|SunnyDay|[upkeep]
|upkeep
|turn|16
|inactive|restainer has 90 seconds left.
|c| berunkasuteru ☭|fat fuck friday
|c| kisian|scarf bish goat
|c| Mel0nL0rd|the 311 max speed mon is slower than the 262 lmoa
|
|t:|1611882962
|move|p2a: Bisharp|Sucker Punch|p1a: Urshifu
|-resisted|p1a: Urshifu
|-damage|p1a: Urshifu|0 fnt
|faint|p1a: Urshifu
|
|-weather|SunnyDay|[upkeep]
|upkeep
|c|☆X-Wing Fighter|really
|
|t:|1611882968
|switch|p1a: Rillaboom|Rillaboom, M|100/100
|-damage|p1a: Rillaboom|88/100|[from] Stealth Rock
|-fieldstart|move: Grassy Terrain|[from] ability: Grassy Surge|[of] p1a: Rillaboom
|turn|17
|j| BurlyBear_poke
|c| Nesnot|I'm guessing he's using a lot of bulk
|c|☆restainer|should i keep this
|inactive|restainer has 90 seconds left.
|c|☆restainer|nah 252 speed
|c|☆restainer|its defensive krook
|c|%Fusien|It is
|c| Nesnot|I meant Krookadile
|inactive|restainer has 60 seconds left.
|
|t:|1611883016
|move|p1a: Rillaboom|Grassy Glide|p2a: Bisharp
|-resisted|p2a: Bisharp
|-damage|p2a: Bisharp|0 fnt
|faint|p2a: Bisharp
|
|-weather|none
|-heal|p1a: Rillaboom|94/100|[from] Grassy Terrain
|upkeep
|inactive|restainer has 60 seconds left.
|
|t:|1611883026
|switch|p2a: Cinderace|Cinderace, M|84/100
|turn|18
|c|☆restainer|im doing a lot better then i expected
|inactive|X-Wing Fighter has 120 seconds left.
|c|☆restainer|im usually trash
|c| Nesnot|nah you got this budd
|c|☆X-Wing Fighter|so am i
|inactive|X-Wing Fighter has 90 seconds left.
|l| KimanY105
|c|☆restainer|i mean u beat that annoying fat guy
|c|☆restainer|those guys are always high ladder
|c|☆X-Wing Fighter|nah i didnt
|c| berunkasuteru ☭|no he didnt? lol
|c| Nesnot|Hey don't make fun of him for his weight
|
|t:|1611883115
|switch|p1a: Slowking|Slowking-Galar, M|83/100
|-damage|p1a: Slowking|70/100|[from] Stealth Rock
|move|p2a: Cinderace|U-turn|p1a: Slowking
|-start|p2a: Cinderace|typechange|Bug|[from] ability: Libero
|-damage|p1a: Slowking|21/100
|inactive|restainer has 60 seconds left.
|j| 30GXENOOB
|c|☆restainer|so annoying
|
|t:|1611883145
|switch|p2a: Venusaur|Venusaur, F|81/100|[from]move: U-turn
|
|-heal|p2a: Venusaur|87/100|[from] Grassy Terrain
|-heal|p1a: Slowking|27/100|[from] Grassy Terrain
|upkeep
|turn|19
|c|%Fusien|Shoutout galking
|c| Nesnot|I want to use Venusaur in rain now thanks to you.
|c| Nesnot|I mean OU
|inactive|X-Wing Fighter has 60 seconds left.
|c|☆restainer|it way too slow without sun
|
|t:|1611883172
|switch|p1a: Rillaboom|Rillaboom, M|94/100
|-damage|p1a: Rillaboom|82/100|[from] Stealth Rock
|move|p2a: Venusaur|Earth Power|p1a: Rillaboom
|-resisted|p1a: Rillaboom
|-damage|p1a: Rillaboom|57/100
|-damage|p2a: Venusaur|77/100|[from] item: Life Orb
|
|-heal|p1a: Rillaboom|64/100|[from] Grassy Terrain
|-heal|p2a: Venusaur|83/100|[from] Grassy Terrain
|upkeep
|turn|20
|l| heatrangoat
|inactive|X-Wing Fighter has 60 seconds left.
|inactive|restainer has 60 seconds left.
|
|t:|1611883183
|switch|p2a: Torkoal|Torkoal, F|92/100
|-weather|SunnyDay|[from] ability: Drought|[of] p2a: Torkoal
|move|p1a: Rillaboom|U-turn|p2a: Torkoal
|-resisted|p2a: Torkoal
|-damage|p2a: Torkoal|81/100
|inactive|X-Wing Fighter has 60 seconds left.
|c|☆restainer|whenz slow suspect
|
|t:|1611883209
|switch|p1a: Slowbro|Slowbro, M|37/100|[from]move: U-turn
|-damage|p1a: Slowbro|25/100|[from] Stealth Rock
|
|-weather|SunnyDay|[upkeep]
|-heal|p2a: Torkoal|87/100|[from] Grassy Terrain
|-heal|p1a: Slowbro|31/100|[from] Grassy Terrain
|upkeep
|turn|21
|c| Mel0nL0rd|i kinda wish they would finally make it not just be chlorophyl that boosts speed in the sun so we can have some actual stab fire types in sun
|inactive|restainer has 60 seconds left.
|
|t:|1611883221
|move|p2a: Torkoal|Yawn|p1a: Slowbro
|-start|p1a: Slowbro|move: Yawn|[of] p2a: Torkoal
|move|p1a: Slowbro|Future Sight|p2a: Torkoal
|-start|p1a: Slowbro|move: Future Sight
|
|-weather|SunnyDay|[upkeep]
|-heal|p2a: Torkoal|94/100|[from] Grassy Terrain
|-heal|p1a: Slowbro|37/100|[from] Grassy Terrain
|-fieldend|move: Grassy Terrain
|upkeep
|turn|22
|
|t:|1611883229
|switch|p2a: Hatterene|Hatterene, F|100/100
|move|p1a: Slowbro|Teleport|p1a: Slowbro
|inactive|X-Wing Fighter has 60 seconds left.
|c| Nesnot|the closest we get is venusaur in cammomonos
|c| mustard is spicy|or could give a fire type cholorphyll
|c| mustard is spicy|altho i guess that wouldnt mmake sense
|l| mustard is spicy
|c| Mel0nL0rd|i forgot hatterene existed lmao
|l| kisian
|l|^Steez Ibanez
|
|t:|1611883273
|switch|p1a: Slowking|Slowking-Galar, M|61/100|[from]move: Teleport
|-damage|p1a: Slowking|48/100|[from] Stealth Rock
|
|-weather|SunnyDay|[upkeep]
|upkeep
|turn|23
|inactive|X-Wing Fighter has 60 seconds left.
|
|t:|1611883311
|move|p1a: Slowking|Sludge Bomb|p2a: Hatterene
|-supereffective|p2a: Hatterene
|-damage|p2a: Hatterene|36/100
|move|p2a: Hatterene|Psychic|p1a: Slowking
|-damage|p1a: Slowking|32/100
|
|-weather|SunnyDay|[upkeep]
|-end|p2a: Hatterene|move: Future Sight
|-resisted|p2a: Hatterene
|-damage|p2a: Hatterene|13/100
|-heal|p2a: Hatterene|19/100|[from] item: Leftovers
|upkeep
|turn|24
|j| kisian
|c|☆restainer|wack
|c| kalouless|nice chip
|c|%Fusien|16
|inactive|X-Wing Fighter has 60 seconds left.
|inactive|restainer has 60 seconds left.
|c|%Fusien|shoutout
|c|%Fusien|Galking
|j| mustard is spicy
|
|t:|1611883337
|move|p1a: Slowking|Flamethrower|p2a: Hatterene
|-damage|p2a: Hatterene|0 fnt
|faint|p2a: Hatterene
|
|-weather|SunnyDay|[upkeep]
|upkeep
|inactive|restainer has 60 seconds left.
|
|t:|1611883342
|switch|p2a: Venusaur|Venusaur, F|83/100
|turn|25
|j|^Steez Ibanez
|c|☆X-Wing Fighter|shoot
|
|t:|1611883349
|move|p2a: Venusaur|Growth|p2a: Venusaur
|-boost|p2a: Venusaur|atk|2
|-boost|p2a: Venusaur|spa|2
|move|p1a: Slowking|Future Sight|p2a: Venusaur
|-start|p1a: Slowking|move: Future Sight
|
|-weather|SunnyDay|[upkeep]
|upkeep
|turn|26
|
|t:|1611883358
|switch|p1a: Slowbro|Slowbro, M|70/100
|-damage|p1a: Slowbro|58/100|[from] Stealth Rock
|move|p2a: Venusaur|Weather Ball|p1a: Slowbro
|-resisted|p1a: Slowbro
|-damage|p1a: Slowbro|0 fnt
|-damage|p2a: Venusaur|73/100|[from] item: Life Orb
|faint|p1a: Slowbro
|
|-weather|SunnyDay|[upkeep]
|upkeep
|
|t:|1611883369
|switch|p1a: Slowking|Slowking-Galar, M|65/100
|-damage|p1a: Slowking|53/100|[from] Stealth Rock
|turn|27
|c| Mel0nL0rd|weather ball pog
|inactive|X-Wing Fighter has 60 seconds left.
|c| Mel0nL0rd|whos gonna take the future sight?
|c| Yugizx|venusaur is a obo
|
|t:|1611883397
|move|p2a: Venusaur|Earth Power|p1a: Slowking
|-supereffective|p1a: Slowking
|-damage|p1a: Slowking|0 fnt
|-damage|p2a: Venusaur|63/100|[from] item: Life Orb
|faint|p1a: Slowking
|
|-weather|none
|-end|p2a: Venusaur|move: Future Sight
|-supereffective|p2a: Venusaur
|-damage|p2a: Venusaur|0 fnt
|upkeep
|faint|p2a: Venusaur
|inactive|X-Wing Fighter has 60 seconds left.
|c|☆restainer|shhhh
|c|☆restainer|dont tell him
|
|t:|1611883419
|switch|p2a: Torkoal|Torkoal, F|94/100
|switch|p1a: Krookodile|Krookodile, M|40/100
|-damage|p1a: Krookodile|34/100|[from] Stealth Rock
|-ability|p1a: Krookodile|Intimidate|boost
|-unboost|p2a: Torkoal|atk|1
|-weather|SunnyDay|[from] ability: Drought|[of] p2a: Torkoal
|turn|28
|c| Mel0nL0rd|does cind and torkoal beat krook?
|c|☆restainer|end game torkoal sweep
|
|t:|1611883428
|move|p1a: Krookodile|Taunt|p2a: Torkoal
|-start|p2a: Torkoal|move: Taunt
|move|p2a: Torkoal|Lava Plume|p1a: Krookodile
|-damage|p1a: Krookodile|6/100
|-status|p1a: Krookodile|brn
|
|-weather|SunnyDay|[upkeep]
|-heal|p1a: Krookodile|12/100 brn|[from] item: Leftovers
|-damage|p1a: Krookodile|6/100 brn|[from] brn
|upkeep
|turn|29
|inactive|X-Wing Fighter has 60 seconds left.
|
|t:|1611883438
|move|p1a: Krookodile|High Horsepower|p2a: Torkoal
|-supereffective|p2a: Torkoal
|-damage|p2a: Torkoal|71/100
|move|p2a: Torkoal|Lava Plume|p1a: Krookodile
|-damage|p1a: Krookodile|0 fnt
|faint|p1a: Krookodile
|
|-weather|SunnyDay|[upkeep]
|upkeep
|
|t:|1611883441
|switch|p1a: Rillaboom|Rillaboom, M|64/100
|-damage|p1a: Rillaboom|51/100|[from] Stealth Rock
|-fieldstart|move: Grassy Terrain|[from] ability: Grassy Surge|[of] p1a: Rillaboom
|turn|30
|c| Mel0nL0rd|lmao burn big sad
|c|☆restainer|gg
|l| 30GXENOOB
|inactive|restainer has 90 seconds left.
|
|t:|1611883452
|move|p1a: Rillaboom|Grassy Glide|p2a: Torkoal
|-resisted|p2a: Torkoal
|-damage|p2a: Torkoal|49/100
|move|p2a: Torkoal|Lava Plume|p1a: Rillaboom
|-supereffective|p1a: Rillaboom
|-damage|p1a: Rillaboom|0 fnt
|faint|p1a: Rillaboom
|
|win|restainer
|n|☆X-Wing Fighter|xwingfighter
|n|☆restainer|restainer
|n| Fusien|fusien
|n| Treyvion|treyvion
|n| kalouless|kalouless
|n| Nesnot|nesnot
|n| cesles|cesles
|n| Stroft|stroft
|n| lo hung|lohung
|n| BerrySlice|berryslice
|n| Mel0nL0rd|mel0nl0rd
|n| berunkasuteru ☭|berunkasuteru
|n| skeb|skeb
|n| Yugizx|yugizx
|n| BurlyBear_poke|burlybearpoke
|n| kisian|kisian
|n| mustard is spicy|mustardisspicy
|n| Steez Ibanez|steezibanez
|c|☆X-Wing Fighter|gg
|l| Steez Ibanez
|l| Mel0nL0rd
|l| Yugizx
|l| kalouless
|l| lo hung
|l| mustard is spicy
|l| kisian
|l| Treyvion
|j| Teddy bear18
|l|☆X-Wing Fighter
|j|☆X-Wing Fighter
|player|p1|X-Wing Fighter|hilbert
|l|☆restainer
|l|☆X-Wing Fighter
|player|p1|
|j|☆X-Wing Fighter
|player|p1|X-Wing Fighter|hilbert
