|html|<div class="broadcast-blue"><strong>[Gen 8] OU is currently suspecting Kyurem! For information on how to participate check out the <a href="https://www.smogon.com/forums/threads/np-ss-ou-suspect-process-round-11-break-the-ice.3694129/">suspect thread</a>.</strong></div>
|j|☆Maitredouard2
|j|☆Valor Ironsoul
|t:|1639132217
|gametype|singles
|player|p1|Maitredouard2|265|1650
|player|p2|Valor Ironsoul|nanu|1590
|teamsize|p1|6
|teamsize|p2|6
|gen|8
|tier|[Gen 8] OU
|rated|
|rule|Sleep Clause Mod: Limit one foe put to sleep
|rule|Species Clause: Limit one of each Pokémon
|rule|OHKO Clause: OHKO moves are banned
|rule|Evasion Moves Clause: Evasion moves are banned
|rule|Endless Battle Clause: Forcing endless battles is banned
|rule|HP Percentage Mod: HP is shown in percentages
|rule|Dynamax Clause: You cannot dynamax
|clearpoke
|poke|p1|Mandibuzz, F|
|poke|p1|Landorus-Therian, M|
|poke|p1|Blissey, F|
|poke|p1|Heatran, F|
|poke|p1|Toxapex, F|
|poke|p1|Dragapult, M|
|poke|p2|Bisharp, F|
|poke|p2|Tapu Fini|
|poke|p2|Mew|
|poke|p2|Hawlucha, F|
|poke|p2|Volcarona, M|
|poke|p2|Garchomp, F|
|teampreview
|inactive|Battle timer is ON: inactive players will automatically lose when time's up. (requested by Maitredouard2)
|
|t:|1639132249
|start
|switch|p1a: Heatran|Heatran, F|100/100
|switch|p2a: Tapu Fini|Tapu Fini|100/100
|-fieldstart|move: Misty Terrain|[from] ability: Misty Surge|[of] p2a: Tapu Fini
|-item|p1a: Heatran|Air Balloon
|turn|1
|
|t:|1639132259
|switch|p1a: Blissey|Blissey, F|100/100
|move|p2a: Tapu Fini|Light Screen|p2a: Tapu Fini
|-sidestart|p2: Valor Ironsoul|move: Light Screen
|
|upkeep
|turn|2
|
|t:|1639132272
|move|p2a: Tapu Fini|Reflect|p2a: Tapu Fini
|-sidestart|p2: Valor Ironsoul|Reflect
|move|p1a: Blissey|Seismic Toss|p2a: Tapu Fini
|-damage|p2a: Tapu Fini|71/100
|
|upkeep
|turn|3
|j| C0co99
|
|t:|1639132288
|switch|p2a: Hawlucha|Hawlucha, F|100/100
|-enditem|p2a: Hawlucha|Misty Seed
|-boost|p2a: Hawlucha|spd|1|[from] item: Misty Seed
|move|p1a: Blissey|Seismic Toss|p2a: Hawlucha
|-damage|p2a: Hawlucha|67/100
|
|upkeep
|turn|4
|
|t:|1639132297
|switch|p1a: Toxapex|Toxapex, F|100/100
|move|p2a: Hawlucha|Swords Dance|p2a: Hawlucha
|-boost|p2a: Hawlucha|atk|2
|
|upkeep
|turn|5
|
|t:|1639132303
|move|p2a: Hawlucha|Swords Dance|p2a: Hawlucha
|-boost|p2a: Hawlucha|atk|2
|move|p1a: Toxapex|Haze|p1a: Toxapex
|-clearallboost
|
|-sideend|p2: Valor Ironsoul|move: Light Screen
|upkeep
|turn|6
|
|t:|1639132311
|move|p2a: Hawlucha|Swords Dance|p2a: Hawlucha
|-boost|p2a: Hawlucha|atk|2
|move|p1a: Toxapex|Toxic|p2a: Hawlucha
|-status|p2a: Hawlucha|tox
|
|-damage|p2a: Hawlucha|61/100 tox|[from] psn
|-sideend|p2: Valor Ironsoul|Reflect
|upkeep
|turn|7
|
|t:|1639132323
|move|p2a: Hawlucha|Acrobatics|p1a: Toxapex
|-damage|p1a: Toxapex|39/100
|-damage|p2a: Hawlucha|44/100 tox|[from] item: Rocky Helmet|[of] p1a: Toxapex
|move|p1a: Toxapex|Haze|p1a: Toxapex
|-clearallboost
|
|-damage|p2a: Hawlucha|32/100 tox|[from] psn
|upkeep
|turn|8
|
|t:|1639132337
|move|p2a: Hawlucha|Acrobatics|p1a: Toxapex
|-damage|p1a: Toxapex|8/100
|-damage|p2a: Hawlucha|16/100 tox|[from] item: Rocky Helmet|[of] p1a: Toxapex
|move|p1a: Toxapex|Recover|p1a: Toxapex
|-heal|p1a: Toxapex|58/100
|
|-damage|p2a: Hawlucha|0 fnt|[from] psn
|faint|p2a: Hawlucha
|-fieldend|Misty Terrain
|upkeep
|
|t:|1639132351
|switch|p2a: Tapu Fini|Tapu Fini|71/100
|-fieldstart|move: Misty Terrain|[from] ability: Misty Surge|[of] p2a: Tapu Fini
|turn|9
|
|t:|1639132358
|switch|p1a: Blissey|Blissey, F|100/100
|move|p2a: Tapu Fini|Reflect|p2a: Tapu Fini
|-sidestart|p2: Valor Ironsoul|Reflect
|
|upkeep
|turn|10
|
|t:|1639132364
|move|p2a: Tapu Fini|Light Screen|p2a: Tapu Fini
|-sidestart|p2: Valor Ironsoul|move: Light Screen
|move|p1a: Blissey|Seismic Toss|p2a: Tapu Fini
|-damage|p2a: Tapu Fini|42/100
|
|upkeep
|turn|11
|
|t:|1639132388
|switch|p2a: Mew|Mew|100/100
|move|p1a: Blissey|Teleport|p1a: Blissey
|
|t:|1639132393
|switch|p1a: Dragapult|Dragapult, M|100/100|[from]move: Teleport
|
|upkeep
|turn|12
|j| noob732163
|
|t:|1639132400
|switch|p2a: Bisharp|Bisharp, F|100/100
|move|p1a: Dragapult|Shadow Ball|p2a: Bisharp
|-resisted|p2a: Bisharp
|-damage|p2a: Bisharp|60/100
|-unboost|p2a: Bisharp|spd|1
|-ability|p2a: Bisharp|Defiant
|-boost|p2a: Bisharp|atk|2
|
|upkeep
|turn|13
|l| noob732163
|
|t:|1639132411
|switch|p1a: Mandibuzz|Mandibuzz, F|100/100
|move|p2a: Bisharp|Swords Dance|p2a: Bisharp
|-boost|p2a: Bisharp|atk|2
|
|-sideend|p2: Valor Ironsoul|Reflect
|upkeep
|turn|14
|
|t:|1639132419
|move|p2a: Bisharp|Iron Head|p1a: Mandibuzz
|-damage|p1a: Mandibuzz|7/100
|cant|p1a: Mandibuzz|flinch
|
|-sideend|p2: Valor Ironsoul|move: Light Screen
|upkeep
|turn|15
|
|t:|1639132426
|move|p2a: Bisharp|Iron Head|p1a: Mandibuzz
|-crit|p1a: Mandibuzz
|-damage|p1a: Mandibuzz|0 fnt
|faint|p1a: Mandibuzz
|
|upkeep
|
|t:|1639132434
|switch|p1a: Dragapult|Dragapult, M|100/100
|turn|16
|
|t:|1639132438
|move|p2a: Bisharp|Sucker Punch|p1a: Dragapult
|-supereffective|p1a: Dragapult
|-damage|p1a: Dragapult|0 fnt
|faint|p1a: Dragapult
|
|-fieldend|Misty Terrain
|upkeep
|
|t:|1639132445
|switch|p1a: Toxapex|Toxapex, F|91/100
|turn|17
|
|t:|1639132449
|move|p2a: Bisharp|Knock Off|p1a: Toxapex
|-damage|p1a: Toxapex|0 fnt
|-damage|p2a: Bisharp|43/100|[from] item: Rocky Helmet|[of] p1a: Toxapex
|-enditem|p1a: Toxapex|Rocky Helmet|[from] move: Knock Off|[of] p2a: Bisharp
|faint|p1a: Toxapex
|
|upkeep
|-message|Maitredouard2 forfeited.
|
|win|Valor Ironsoul
|raw|Maitredouard2's rating: 1650 &rarr; <strong>1627</strong><br />(-23 for losing)
|raw|Valor Ironsoul's rating: 1590 &rarr; <strong>1613</strong><br />(+23 for winning)
|l|☆Maitredouard2
