|j|☆2222mm
|j|☆PeerlessZ
|player|p1|2222mm|wallace|1695
|player|p2|PeerlessZ|gambler|1700
|teamsize|p1|6
|teamsize|p2|6
|gametype|singles
|gen|8
|tier|[Gen 8] OU
|rated|
|clearpoke
|poke|p1|Pelipper, M|
|poke|p1|Dracovish|
|poke|p1|Mantine, M|
|poke|p1|Seismitoad, M|
|poke|p1|Ferrothorn, F|
|poke|p1|Jirachi|
|poke|p2|Chandelure, M|
|poke|p2|Obstagoon, M|
|poke|p2|Rotom-Heat|
|poke|p2|Hatterene, F|
|poke|p2|Toxapex, M|
|poke|p2|Clefable, M|
|rule|Sleep Clause Mod: Limit one foe put to sleep
|rule|Species Clause: Limit one of each Pokémon
|rule|OHKO Clause: OHKO moves are banned
|rule|Evasion Moves Clause: Evasion moves are banned
|rule|Endless Battle Clause: Forcing endless battles is banned
|rule|HP Percentage Mod: HP is shown in percentages
|rule|Dynamax Clause: You cannot dynamax
|teampreview
|inactive|Battle timer is ON: inactive players will automatically lose when time's up. (requested by 2222mm)
|
|start
|switch|p1a: Pelipper|Pelipper, M|100/100
|switch|p2a: Chandelure|Chandelure, M|100/100
|-weather|RainDance|[from] ability: Drizzle|[of] p1a: Pelipper
|turn|1
|
|move|p2a: Chandelure|Shadow Ball|p1a: Pelipper
|-damage|p1a: Pelipper|19/100
|move|p1a: Pelipper|U-turn|p2a: Chandelure
|-resisted|p2a: Chandelure
|-damage|p2a: Chandelure|97/100
|
|switch|p1a: Seismitoad|Seismitoad, M|100/100|[from]move: U-turn
|
|-weather|RainDance|[upkeep]
|upkeep
|turn|2
|
|switch|p2a: Toxapex|Toxapex, M|100/100
|move|p1a: Seismitoad|Earthquake|p2a: Toxapex
|-supereffective|p2a: Toxapex
|-damage|p2a: Toxapex|34/100
|-damage|p1a: Seismitoad|91/100|[from] item: Life Orb
|
|-weather|RainDance|[upkeep]
|-heal|p2a: Toxapex|40/100|[from] item: Black Sludge
|upkeep
|turn|3
|
|move|p2a: Toxapex|Baneful Bunker|p2a: Toxapex
|-singleturn|p2a: Toxapex|move: Protect
|move|p1a: Seismitoad|Earthquake|p2a: Toxapex
|-activate|p2a: Toxapex|move: Protect
|
|-weather|RainDance|[upkeep]
|-heal|p2a: Toxapex|46/100|[from] item: Black Sludge
|upkeep
|turn|4
|
|move|p1a: Seismitoad|Earthquake|p2a: Toxapex
|-supereffective|p2a: Toxapex
|-damage|p2a: Toxapex|0 fnt
|-damage|p1a: Seismitoad|81/100|[from] item: Life Orb
|faint|p2a: Toxapex
|
|-weather|RainDance|[upkeep]
|upkeep
|
|switch|p2a: Rotom|Rotom-Heat|100/100
|turn|5
|-message|PeerlessZ forfeited.
|
|win|2222mm
|l|☆PeerlessZ
|raw|2222mm's rating: 1695 &rarr; <strong>1715</strong><br />(+20 for winning)
|raw|PeerlessZ's rating: 1700 &rarr; <strong>1680</strong><br />(-20 for losing)
