|j|☆bizarman
|j|☆minimax_ai
|t:|1661365269
|gametype|singles
|player|p1|bizarman|scientist-gen4|1687
|player|p2|minimax_ai|lusamine-nihilego|1651
|teamsize|p1|6
|teamsize|p2|6
|gen|8
|tier|[Gen 8] OU
|rated|
|rule|Sleep Clause Mod: Limit one foe put to sleep
|rule|Species Clause: Limit one of each Pokémon
|rule|OHKO Clause: OHKO moves are banned
|rule|Evasion Items Clause: Evasion items are banned
|rule|Evasion Moves Clause: Evasion moves are banned
|rule|Endless Battle Clause: Forcing endless battles is banned
|rule|HP Percentage Mod: HP is shown in percentages
|rule|Dynamax Clause: You cannot dynamax
|clearpoke
|poke|p1|Tyranitar, M|
|poke|p1|Kartana|
|poke|p1|Corviknight, F|
|poke|p1|Clefable, M|
|poke|p1|Landorus-Therian, M|
|poke|p1|Rotom-Wash|
|poke|p2|Rotom-Wash|
|poke|p2|Weavile, M|
|poke|p2|Landorus-Therian, M|
|poke|p2|Heatran, M|
|poke|p2|Tangrowth, F|
|poke|p2|Melmetal|
|teampreview
|c|☆minimax_ai|hf
|inactive|Battle timer is ON: inactive players will automatically lose when time's up. (requested by minimax_ai)
|
|t:|1661365276
|start
|switch|p1a: Rotom|Rotom-Wash|100/100
|switch|p2a: landorustherian|Landorus-Therian, M|100/100
|-ability|p2a: landorustherian|Intimidate|boost
|-unboost|p1a: Rotom|atk|1
|turn|1
|
|t:|1661365282
|move|p2a: landorustherian|U-turn|p1a: Rotom
|-damage|p1a: Rotom|84/100
|
|t:|1661365282
|switch|p2a: Tangrowth|Tangrowth, F|100/100|[from]move: U-turn
|move|p1a: Rotom|Will-O-Wisp|p2a: Tangrowth
|-status|p2a: Tangrowth|brn
|
|-heal|p1a: Rotom|90/100|[from] item: Leftovers
|-damage|p2a: Tangrowth|94/100 brn|[from] brn
|upkeep
|turn|2
|
|t:|1661365294
|move|p1a: Rotom|Volt Switch|p2a: Tangrowth
|-resisted|p2a: Tangrowth
|-damage|p2a: Tangrowth|76/100 brn
|
|t:|1661365308
|switch|p1a: Landorus|Landorus-Therian, M|100/100|[from]move: Volt Switch
|-ability|p1a: Landorus|Intimidate|boost
|-unboost|p2a: Tangrowth|atk|1
|move|p2a: Tangrowth|Giga Drain|p1a: Landorus
|-damage|p1a: Landorus|81/100
|-heal|p2a: Tangrowth|85/100 brn|[from] drain|[of] p1a: Landorus
|
|-heal|p1a: Landorus|87/100|[from] item: Leftovers
|-damage|p2a: Tangrowth|79/100 brn|[from] brn
|upkeep
|turn|3
|
|t:|1661365319
|move|p1a: Landorus|Stealth Rock|p2a: Tangrowth
|-sidestart|p2: minimax_ai|move: Stealth Rock
|move|p2a: Tangrowth|Sleep Powder|p1a: Landorus
|-status|p1a: Landorus|slp|[from] move: Sleep Powder
|
|-heal|p1a: Landorus|93/100 slp|[from] item: Leftovers
|-damage|p2a: Tangrowth|73/100 brn|[from] brn
|upkeep
|turn|4
|
|t:|1661365327
|switch|p1a: Corviknight|Corviknight, F|100/100
|-ability|p1a: Corviknight|Pressure
|move|p2a: Tangrowth|Giga Drain|p1a: Corviknight
|-resisted|p1a: Corviknight
|-damage|p1a: Corviknight|94/100
|-heal|p2a: Tangrowth|76/100 brn|[from] drain|[of] p1a: Corviknight
|
|-damage|p2a: Tangrowth|70/100 brn|[from] brn
|upkeep
|turn|5
|
|t:|1661365336
|switch|p2a: landorustherian|Landorus-Therian, M|100/100
|-damage|p2a: landorustherian|88/100|[from] Stealth Rock
|-ability|p2a: landorustherian|Intimidate|boost
|-unboost|p1a: Corviknight|atk|1
|move|p1a: Corviknight|U-turn|p2a: landorustherian
|-resisted|p2a: landorustherian
|-damage|p2a: landorustherian|83/100
|
|t:|1661365343
|switch|p1a: Rotom|Rotom-Wash|90/100|[from]move: U-turn
|
|-heal|p2a: landorustherian|89/100|[from] item: Leftovers
|-heal|p1a: Rotom|97/100|[from] item: Leftovers
|upkeep
|turn|6
|
|t:|1661365349
|move|p2a: landorustherian|Defog|p1a: Rotom
|-unboost|p1a: Rotom|evasion|1
|-sideend|p2: minimax_ai|Stealth Rock|[from] move: Defog|[of] p2a: landorustherian
|move|p1a: Rotom|Hydro Pump|p2a: landorustherian
|-supereffective|p2a: landorustherian
|-damage|p2a: landorustherian|29/100
|
|-heal|p2a: landorustherian|35/100|[from] item: Leftovers
|-heal|p1a: Rotom|100/100|[from] item: Leftovers
|upkeep
|turn|7
|
|t:|1661365359
|move|p2a: landorustherian|U-turn|p1a: Rotom
|-damage|p1a: Rotom|81/100
|
|t:|1661365359
|switch|p2a: rotomwash|Rotom-Wash|100/100|[from]move: U-turn
|move|p1a: Rotom|Hydro Pump|p2a: rotomwash|[miss]
|-miss|p1a: Rotom|p2a: rotomwash
|
|-heal|p1a: Rotom|87/100|[from] item: Leftovers
|upkeep
|turn|8
|
|t:|1661365368
|switch|p1a: Clefable|Clefable, M|100/100
|move|p2a: rotomwash|Thunderbolt|p1a: Clefable
|-damage|p1a: Clefable|64/100
|
|-heal|p1a: Clefable|70/100|[from] item: Leftovers
|upkeep
|turn|9
|
|t:|1661365375
|move|p2a: rotomwash|Nasty Plot|p2a: rotomwash
|-boost|p2a: rotomwash|spa|2
|move|p1a: Clefable|Flamethrower|p2a: rotomwash
|-resisted|p2a: rotomwash
|-damage|p2a: rotomwash|89/100
|
|-heal|p2a: rotomwash|96/100|[from] item: Leftovers
|-heal|p1a: Clefable|76/100|[from] item: Leftovers
|upkeep
|turn|10
|inactive|bizarman has 120 seconds left.
|
|t:|1661365421
|switch|p1a: Landorus|Landorus-Therian, M|93/100 slp
|-ability|p1a: Landorus|Intimidate|boost
|-unboost|p2a: rotomwash|atk|1
|move|p2a: rotomwash|Hydro Pump|p1a: Landorus
|-supereffective|p1a: Landorus
|-damage|p1a: Landorus|0 fnt
|faint|p1a: Landorus
|
|-heal|p2a: rotomwash|100/100|[from] item: Leftovers
|upkeep
|
|t:|1661365431
|switch|p1a: Kartana|Kartana|100/100
|turn|11
|
|t:|1661365434
|switch|p2a: Tangrowth|Tangrowth, F|100/100 brn
|move|p1a: Kartana|Leaf Blade|p2a: Tangrowth
|-resisted|p2a: Tangrowth
|-damage|p2a: Tangrowth|86/100 brn
|-damage|p1a: Kartana|84/100|[from] item: Rocky Helmet|[of] p2a: Tangrowth
|
|-damage|p2a: Tangrowth|79/100 brn|[from] brn
|upkeep
|turn|12
|inactive|bizarman has 120 seconds left.
|
|t:|1661365450
|switch|p1a: Tyranitar|Tyranitar, M|100/100
|-weather|Sandstorm|[from] ability: Sand Stream|[of] p1a: Tyranitar
|move|p2a: Tangrowth|Giga Drain|p1a: Tyranitar
|-supereffective|p1a: Tyranitar
|-damage|p1a: Tyranitar|64/100
|-heal|p2a: Tangrowth|95/100 brn|[from] drain|[of] p1a: Tyranitar
|
|-weather|Sandstorm|[upkeep]
|-damage|p2a: Tangrowth|89/100 brn|[from] Sandstorm
|-damage|p2a: Tangrowth|83/100 brn|[from] brn
|upkeep
|turn|13
|
|t:|1661365461
|move|p1a: Tyranitar|Stone Edge|p2a: Tangrowth
|-damage|p2a: Tangrowth|36/100 brn
|move|p2a: Tangrowth|Giga Drain|p1a: Tyranitar
|-supereffective|p1a: Tyranitar
|-damage|p1a: Tyranitar|26/100
|-heal|p2a: Tangrowth|51/100 brn|[from] drain|[of] p1a: Tyranitar
|
|-weather|Sandstorm|[upkeep]
|-damage|p2a: Tangrowth|45/100 brn|[from] Sandstorm
|-damage|p2a: Tangrowth|39/100 brn|[from] brn
|upkeep
|turn|14
|
|t:|1661365475
|switch|p1a: Rotom|Rotom-Wash|87/100
|switch|p2a: Melmetal|Melmetal|100/100
|
|-weather|Sandstorm|[upkeep]
|-damage|p1a: Rotom|81/100|[from] Sandstorm
|-heal|p1a: Rotom|87/100|[from] item: Leftovers
|upkeep
|turn|15
|
|t:|1661365483
|switch|p2a: rotomwash|Rotom-Wash|100/100
|move|p1a: Rotom|Volt Switch|p2a: rotomwash
|-damage|p2a: rotomwash|75/100
|
|t:|1661365489
|switch|p1a: Kartana|Kartana|84/100|[from]move: Volt Switch
|
|-weather|Sandstorm|[upkeep]
|-damage|p2a: rotomwash|69/100|[from] Sandstorm
|-heal|p2a: rotomwash|75/100|[from] item: Leftovers
|upkeep
|turn|16
|inactive|bizarman has 120 seconds left.
|
|t:|1661365496
|switch|p2a: Tangrowth|Tangrowth, F|72/100 brn
|move|p1a: Kartana|Knock Off|p2a: Tangrowth
|-damage|p2a: Tangrowth|50/100 brn
|-damage|p1a: Kartana|67/100|[from] item: Rocky Helmet|[of] p2a: Tangrowth
|-enditem|p2a: Tangrowth|Rocky Helmet|[from] move: Knock Off|[of] p1a: Kartana
|
|-weather|none
|-damage|p2a: Tangrowth|44/100 brn|[from] brn
|upkeep
|turn|17
|inactive|bizarman has 120 seconds left.
|
|t:|1661365506
|switch|p1a: Clefable|Clefable, M|76/100
|move|p2a: Tangrowth|Giga Drain|p1a: Clefable
|-damage|p1a: Clefable|47/100
|-heal|p2a: Tangrowth|58/100 brn|[from] drain|[of] p1a: Clefable
|
|-heal|p1a: Clefable|53/100|[from] item: Leftovers
|-damage|p2a: Tangrowth|52/100 brn|[from] brn
|upkeep
|turn|18
|
|t:|1661365515
|switch|p2a: Heatran|Heatran, M|100/100
|-item|p2a: Heatran|Air Balloon
|move|p1a: Clefable|Soft-Boiled|p1a: Clefable
|-heal|p1a: Clefable|100/100
|
|upkeep
|turn|19
|
|t:|1661365524
|switch|p1a: Rotom|Rotom-Wash|87/100
|move|p2a: Heatran|Eruption|p1a: Rotom
|-resisted|p1a: Rotom
|-damage|p1a: Rotom|47/100
|
|-heal|p1a: Rotom|53/100|[from] item: Leftovers
|upkeep
|turn|20
|
|t:|1661365532
|switch|p2a: rotomwash|Rotom-Wash|75/100
|move|p1a: Rotom|Volt Switch|p2a: rotomwash
|-damage|p2a: rotomwash|48/100
|
|t:|1661365540
|switch|p1a: Kartana|Kartana|67/100|[from]move: Volt Switch
|
|-heal|p2a: rotomwash|54/100|[from] item: Leftovers
|upkeep
|turn|21
|
|t:|1661365545
|switch|p2a: Tangrowth|Tangrowth, F|85/100 brn
|move|p1a: Kartana|Leaf Blade|p2a: Tangrowth
|-resisted|p2a: Tangrowth
|-damage|p2a: Tangrowth|69/100 brn
|
|-damage|p2a: Tangrowth|63/100 brn|[from] brn
|upkeep
|turn|22
|
|t:|1661365555
|switch|p1a: Corviknight|Corviknight, F|94/100
|-ability|p1a: Corviknight|Pressure
|move|p2a: Tangrowth|Giga Drain|p1a: Corviknight
|-resisted|p1a: Corviknight
|-damage|p1a: Corviknight|88/100
|-heal|p2a: Tangrowth|66/100 brn|[from] drain|[of] p1a: Corviknight
|
|-damage|p2a: Tangrowth|60/100 brn|[from] brn
|upkeep
|turn|23
|
|t:|1661365564
|switch|p2a: landorustherian|Landorus-Therian, M|35/100
|-ability|p2a: landorustherian|Intimidate|boost
|-unboost|p1a: Corviknight|atk|1
|move|p1a: Corviknight|U-turn|p2a: landorustherian
|-resisted|p2a: landorustherian
|-damage|p2a: landorustherian|30/100
|
|t:|1661365573
|switch|p1a: Rotom|Rotom-Wash|53/100|[from]move: U-turn
|
|-heal|p2a: landorustherian|36/100|[from] item: Leftovers
|-heal|p1a: Rotom|60/100|[from] item: Leftovers
|upkeep
|turn|24
|
|t:|1661365579
|switch|p2a: rotomwash|Rotom-Wash|54/100
|move|p1a: Rotom|Hydro Pump|p2a: rotomwash
|-resisted|p2a: rotomwash
|-damage|p2a: rotomwash|34/100
|
|-heal|p2a: rotomwash|40/100|[from] item: Leftovers
|-heal|p1a: Rotom|66/100|[from] item: Leftovers
|upkeep
|turn|25
|
|t:|1661365587
|move|p2a: rotomwash|Thunderbolt|p1a: Rotom
|-crit|p1a: Rotom
|-damage|p1a: Rotom|9/100
|move|p1a: Rotom|Volt Switch|p2a: rotomwash
|-damage|p2a: rotomwash|14/100
|
|t:|1661365594
|switch|p1a: Kartana|Kartana|67/100|[from]move: Volt Switch
|
|-heal|p2a: rotomwash|21/100|[from] item: Leftovers
|upkeep
|turn|26
|
|t:|1661365602
|switch|p1a: Tyranitar|Tyranitar, M|26/100
|-weather|Sandstorm|[from] ability: Sand Stream|[of] p1a: Tyranitar
|switch|p2a: Tangrowth|Tangrowth, F|93/100 brn
|
|-weather|Sandstorm|[upkeep]
|-damage|p2a: Tangrowth|87/100 brn|[from] Sandstorm
|-damage|p2a: Tangrowth|81/100 brn|[from] brn
|upkeep
|turn|27
|
|t:|1661365611
|move|p1a: Tyranitar|Fire Punch|p2a: Tangrowth
|-supereffective|p2a: Tangrowth
|-damage|p2a: Tangrowth|37/100 brn
|move|p2a: Tangrowth|Giga Drain|p1a: Tyranitar
|-supereffective|p1a: Tyranitar
|-crit|p1a: Tyranitar
|-damage|p1a: Tyranitar|0 fnt
|-heal|p2a: Tangrowth|48/100 brn|[from] drain|[of] p1a: Tyranitar
|faint|p1a: Tyranitar
|
|-weather|Sandstorm|[upkeep]
|-damage|p2a: Tangrowth|42/100 brn|[from] Sandstorm
|-damage|p2a: Tangrowth|35/100 brn|[from] brn
|upkeep
|
|t:|1661365623
|switch|p1a: Clefable|Clefable, M|100/100
|turn|28
|
|t:|1661365625
|switch|p2a: Heatran|Heatran, M|100/100
|-item|p2a: Heatran|Air Balloon
|move|p1a: Clefable|Moonblast|p2a: Heatran
|-resisted|p2a: Heatran
|-damage|p2a: Heatran|92/100
|-enditem|p2a: Heatran|Air Balloon
|
|-weather|Sandstorm|[upkeep]
|upkeep
|turn|29
|
|t:|1661365644
|switch|p1a: Rotom|Rotom-Wash|9/100
|move|p2a: Heatran|Magma Storm|p1a: Rotom
|-resisted|p1a: Rotom
|-damage|p1a: Rotom|0 fnt
|faint|p1a: Rotom
|
|-weather|Sandstorm|[upkeep]
|upkeep
|
|t:|1661365654
|switch|p1a: Kartana|Kartana|67/100
|turn|30
|
|t:|1661365657
|move|p1a: Kartana|Sacred Sword|p2a: Heatran
|-supereffective|p2a: Heatran
|-damage|p2a: Heatran|13/100
|move|p2a: Heatran|Eruption|p1a: Kartana
|-supereffective|p1a: Kartana
|-damage|p1a: Kartana|0 fnt
|faint|p1a: Kartana
|
|-weather|none
|upkeep
|
|t:|1661365665
|switch|p1a: Clefable|Clefable, M|100/100
|turn|31
|
|t:|1661365670
|move|p2a: Heatran|Magma Storm|p1a: Clefable
|-damage|p1a: Clefable|55/100
|-activate|p1a: Clefable|move: Magma Storm|[of] p2a: Heatran
|move|p1a: Clefable|Moonblast|p2a: Heatran
|-resisted|p2a: Heatran
|-damage|p2a: Heatran|5/100
|
|-heal|p1a: Clefable|61/100|[from] item: Leftovers
|upkeep
|turn|32
|
|t:|1661365678
|move|p2a: Heatran|Magma Storm|p1a: Clefable
|-damage|p1a: Clefable|12/100
|move|p1a: Clefable|Moonblast|p2a: Heatran
|-resisted|p2a: Heatran
|-damage|p2a: Heatran|0 fnt
|faint|p2a: Heatran
|
|-heal|p1a: Clefable|18/100|[from] item: Leftovers
|-end|p1a: Clefable|Magma Storm|[partiallytrapped]|[silent]
|upkeep
|
|t:|1661365678
|switch|p2a: rotomwash|Rotom-Wash|21/100
|turn|33
|c|☆bizarman|gg
|
|t:|1661365688
|move|p2a: rotomwash|Thunderbolt|p1a: Clefable
|-damage|p1a: Clefable|0 fnt
|faint|p1a: Clefable
|
|-heal|p2a: rotomwash|27/100|[from] item: Leftovers
|upkeep
|-message|bizarman forfeited.
|
|win|minimax_ai
|raw|bizarman's rating: 1687 &rarr; <strong>1665</strong><br />(-22 for losing)
|raw|minimax_ai's rating: 1651 &rarr; <strong>1673</strong><br />(+22 for winning)
|c|☆minimax_ai|gg
