|j|☆tanishq1
|j|☆Master Step
|inactive|Battle timer is ON: inactive players will automatically lose when time's up.
|t:|1658301155
|gametype|singles
|player|p1|tanishq1|266|
|player|p2|Master Step|rood|
|teamsize|p1|6
|teamsize|p2|6
|gen|8
|tier|[Gen 8] OU
|rated|Tournament battle
|rule|Sleep Clause Mod: Limit one foe put to sleep
|rule|Species Clause: Limit one of each Pokémon
|rule|OHKO Clause: OHKO moves are banned
|rule|Evasion Moves Clause: Evasion moves are banned
|rule|Endless Battle Clause: Forcing endless battles is banned
|rule|HP Percentage Mod: HP is shown in percentages
|rule|Dynamax Clause: You cannot dynamax
|clearpoke
|poke|p1|Dragapult, F|
|poke|p1|Tapu Fini|
|poke|p1|Blacephalon|
|poke|p1|Tapu Lele|
|poke|p1|Landorus-Therian, M|
|poke|p1|Melmetal|
|poke|p2|Reuniclus, F|
|poke|p2|Corviknight, F|
|poke|p2|Clefable, M|
|poke|p2|Gastrodon-East, F|
|poke|p2|Toxapex, M|
|poke|p2|Tornadus-Therian, M|
|teampreview
|j| Jank Central
|
|t:|1658301174
|start
|switch|p1a: Melmetal|Melmetal|100/100
|switch|p2a: Tornadus|Tornadus-Therian, M|100/100
|turn|1
|
|t:|1658301186
|move|p2a: Tornadus|Heat Wave|p1a: Melmetal
|-supereffective|p1a: Melmetal
|-damage|p1a: Melmetal|62/100
|move|p1a: Melmetal|Thunder Punch|p2a: Tornadus
|-supereffective|p2a: Tornadus
|-crit|p2a: Tornadus
|-damage|p2a: Tornadus|0 fnt
|faint|p2a: Tornadus
|
|-heal|p1a: Melmetal|68/100|[from] item: Leftovers
|upkeep
|j| gatorskk
|
|t:|1658301198
|switch|p2a: Toxapex|Toxapex, M, shiny|100/100
|turn|2
|
|t:|1658301206
|move|p1a: Melmetal|Protect|p1a: Melmetal
|-singleturn|p1a: Melmetal|Protect
|move|p2a: Toxapex|Knock Off|p1a: Melmetal
|-activate|p1a: Melmetal|move: Protect
|
|-heal|p1a: Melmetal|74/100|[from] item: Leftovers
|upkeep
|turn|3
|
|t:|1658301210
|switch|p1a: Tapu Fini|Tapu Fini|100/100
|-fieldstart|move: Misty Terrain|[from] ability: Misty Surge|[of] p1a: Tapu Fini
|move|p2a: Toxapex|Knock Off|p1a: Tapu Fini
|-resisted|p1a: Tapu Fini
|-damage|p1a: Tapu Fini|95/100
|-enditem|p1a: Tapu Fini|Leftovers|[from] move: Knock Off|[of] p2a: Toxapex
|
|upkeep
|turn|4
|
|t:|1658301220
|switch|p2a: Gastrodon|Gastrodon-East, F|100/100
|move|p1a: Tapu Fini|Knock Off|p2a: Gastrodon
|-damage|p2a: Gastrodon|84/100
|-enditem|p2a: Gastrodon|Leftovers|[from] move: Knock Off|[of] p1a: Tapu Fini
|
|upkeep
|turn|5
|
|t:|1658301230
|move|p1a: Tapu Fini|Nature's Madness|p2a: Gastrodon
|-damage|p2a: Gastrodon|42/100
|move|p2a: Gastrodon|Earth Power|p1a: Tapu Fini
|-damage|p1a: Tapu Fini|72/100
|-unboost|p1a: Tapu Fini|spd|1
|
|upkeep
|turn|6
|j| Aseo23
|
|t:|1658301238
|switch|p1a: Tapu Lele|Tapu Lele|100/100
|-fieldstart|move: Psychic Terrain|[from] ability: Psychic Surge|[of] p1a: Tapu Lele
|move|p2a: Gastrodon|Recover|p2a: Gastrodon
|-heal|p2a: Gastrodon|92/100
|
|upkeep
|turn|7
|
|t:|1658301250
|move|p1a: Tapu Lele|Psyshock|p2a: Gastrodon
|-damage|p2a: Gastrodon|33/100
|move|p2a: Gastrodon|Scald|p1a: Tapu Lele
|-damage|p1a: Tapu Lele|73/100
|
|upkeep
|turn|8
|
|t:|1658301258
|switch|p1a: Blacephalon|Blacephalon|100/100
|switch|p2a: Reuniclus|Reuniclus, F|100/100
|
|upkeep
|turn|9
|
|t:|1658301261
|switch|p2a: Toxapex|Toxapex, M, shiny|100/100
|move|p1a: Blacephalon|Shadow Ball|p2a: Toxapex
|-damage|p2a: Toxapex|47/100
|
|upkeep
|turn|10
|
|t:|1658301266
|switch|p2a: Gastrodon|Gastrodon-East, F|33/100
|move|p1a: Blacephalon|Shadow Ball|p2a: Gastrodon
|-damage|p2a: Gastrodon|0 fnt
|faint|p2a: Gastrodon
|-ability|p1a: Blacephalon|Beast Boost|boost
|-boost|p1a: Blacephalon|spa|1
|
|-fieldend|move: Psychic Terrain
|upkeep
|
|t:|1658301268
|switch|p2a: Toxapex|Toxapex, M, shiny|80/100
|turn|11
|
|t:|1658301272
|switch|p1a: Tapu Lele|Tapu Lele|73/100
|-fieldstart|move: Psychic Terrain|[from] ability: Psychic Surge|[of] p1a: Tapu Lele
|move|p2a: Toxapex|Knock Off|p1a: Tapu Lele
|-damage|p1a: Tapu Lele|50/100
|-enditem|p1a: Tapu Lele|Choice Scarf|[from] move: Knock Off|[of] p2a: Toxapex
|
|upkeep
|turn|12
|
|t:|1658301277
|switch|p1a: Blacephalon|Blacephalon|100/100
|switch|p2a: Corviknight|Corviknight, F|100/100
|-ability|p2a: Corviknight|Pressure
|
|upkeep
|turn|13
|
|t:|1658301285
|switch|p2a: Toxapex|Toxapex, M, shiny|100/100
|move|p1a: Blacephalon|Shadow Ball|p2a: Toxapex
|-damage|p2a: Toxapex|42/100
|
|upkeep
|turn|14
|
|t:|1658301294
|switch|p2a: Clefable|Clefable, M|100/100
|move|p1a: Blacephalon|Shadow Ball|p2a: Clefable
|-damage|p2a: Clefable|33/100
|
|-heal|p2a: Clefable|40/100|[from] item: Leftovers
|upkeep
|turn|15
|
|t:|1658301297
|move|p1a: Blacephalon|Shadow Ball|p2a: Clefable
|-crit|p2a: Clefable
|-damage|p2a: Clefable|0 fnt
|faint|p2a: Clefable
|-ability|p1a: Blacephalon|Beast Boost|boost
|-boost|p1a: Blacephalon|spa|1
|
|-fieldend|move: Psychic Terrain
|upkeep
|
|t:|1658301301
|switch|p2a: Toxapex|Toxapex, M, shiny|75/100
|turn|16
|
|t:|1658301302
|move|p1a: Blacephalon|Shadow Ball|p2a: Toxapex
|-damage|p2a: Toxapex|0 fnt
|faint|p2a: Toxapex
|-ability|p1a: Blacephalon|Beast Boost|boost
|-boost|p1a: Blacephalon|spa|1
|
|upkeep
|
|t:|1658301306
|switch|p2a: Corviknight|Corviknight, F|100/100
|-ability|p2a: Corviknight|Pressure
|turn|17
|
|t:|1658301309
|move|p1a: Blacephalon|Shadow Ball|p2a: Corviknight
|-damage|p2a: Corviknight|0 fnt
|faint|p2a: Corviknight
|-ability|p1a: Blacephalon|Beast Boost|boost
|-boost|p1a: Blacephalon|spa|1
|
|upkeep
|-message|Master Step forfeited.
|
|win|tanishq1
|n|☆tanishq1|tanishq1
|n|☆Master Step|masterstep
|n| Jank Central|jankcentral
|n| gatorskk|gatorskk
|n| Aseo23|aseo23
