|j|☆galaxyxxivory
|j|☆Stellar Flares
|inactive|Battle timer is ON: inactive players will automatically lose when time's up.
|t:|1643706505
|gametype|singles
|player|p1|galaxyxxivory|acetrainerf-gen4dp|
|player|p2|Stellar Flares|palmer|
|teamsize|p1|6
|teamsize|p2|6
|gen|8
|tier|[Gen 8] OU
|rated|Tournament battle
|rule|Sleep Clause Mod: Limit one foe put to sleep
|rule|Species Clause: Limit one of each Pokémon
|rule|OHKO Clause: OHKO moves are banned
|rule|Evasion Moves Clause: Evasion moves are banned
|rule|Endless Battle Clause: Forcing endless battles is banned
|rule|HP Percentage Mod: HP is shown in percentages
|rule|Dynamax Clause: You cannot dynamax
|clearpoke
|poke|p1|Tapu Fini|
|poke|p1|Incineroar, M|
|poke|p1|Hatterene, F|
|poke|p1|Zapdos|
|poke|p1|Golurk|
|poke|p1|Kartana|
|poke|p2|Tornadus-Therian, M|
|poke|p2|Hippowdon, M|
|poke|p2|Slowbro, F|
|poke|p2|Kartana|
|poke|p2|Dragapult, F|
|poke|p2|Corviknight, M|
|teampreview
|j| fruityiscool423
|j|@azure nights
|
|t:|1643706518
|start
|switch|p1a: Incineroar|Incineroar, M|100/100
|switch|p2a: Tornadus|Tornadus-Therian, M|100/100
|-ability|p1a: Incineroar|Intimidate|boost
|-unboost|p2a: Tornadus|atk|1
|turn|1
|j| TheJestofJesters
|
|t:|1643706525
|move|p2a: Tornadus|Knock Off|p1a: Incineroar
|-resisted|p1a: Incineroar
|-damage|p1a: Incineroar|94/100
|-enditem|p1a: Incineroar|Heavy-Duty Boots|[from] move: Knock Off|[of] p2a: Tornadus
|move|p1a: Incineroar|Will-O-Wisp|p2a: Tornadus
|-status|p2a: Tornadus|brn
|
|-damage|p2a: Tornadus|94/100 brn|[from] brn
|upkeep
|turn|2
|
|t:|1643706534
|switch|p2a: Slowbro|Slowbro, F|100/100
|move|p1a: Incineroar|Parting Shot|p2a: Slowbro
|-unboost|p2a: Slowbro|atk|1
|-unboost|p2a: Slowbro|spa|1
|
|t:|1643706541
|switch|p1a: Kartana|Kartana|100/100|[from]move: Parting Shot
|
|upkeep
|turn|3
|
|t:|1643706548
|move|p1a: Kartana|Knock Off|p2a: Slowbro
|-supereffective|p2a: Slowbro
|-enditem|p2a: Slowbro|Colbur Berry|[eat]
|-enditem|p2a: Slowbro|Colbur Berry|[weaken]
|-damage|p2a: Slowbro|74/100
|move|p2a: Slowbro|Teleport|p2a: Slowbro
|c| TheJestofJesters|ngl I never knew Inciniroar was a support mon until know
|j| Mimikyu VG7
|
|t:|1643706560
|switch|p2a: Tornadus|Tornadus-Therian, M|100/100 brn|[from]move: Teleport
|
|-damage|p2a: Tornadus|94/100 brn|[from] brn
|upkeep
|turn|4
|c| TheJestofJesters|fire/dark typing looks very offensive
|c|☆galaxyxxivory|incin is based
|
|t:|1643706576
|switch|p1a: Incineroar|Incineroar, M|94/100
|-ability|p1a: Incineroar|Intimidate|boost
|-unboost|p2a: Tornadus|atk|1
|move|p2a: Tornadus|Heat Wave|p1a: Incineroar
|-resisted|p1a: Incineroar
|-crit|p1a: Incineroar
|-damage|p1a: Incineroar|79/100
|
|-damage|p2a: Tornadus|88/100 brn|[from] brn
|upkeep
|turn|5
|
|t:|1643706584
|switch|p2a: Slowbro|Slowbro, F|100/100
|move|p1a: Incineroar|Overheat|p2a: Slowbro
|-resisted|p2a: Slowbro
|-damage|p2a: Slowbro|75/100
|-unboost|p1a: Incineroar|spa|2
|
|upkeep
|turn|6
|
|t:|1643706596
|switch|p1a: Tapu Fini|Tapu Fini, shiny|100/100
|-fieldstart|move: Misty Terrain|[from] ability: Misty Surge|[of] p1a: Tapu Fini
|move|p2a: Slowbro|Future Sight|p1a: Tapu Fini
|-start|p2a: Slowbro|move: Future Sight
|
|upkeep
|turn|7
|c| TheJestofJesters|but the intimidate just made it broken in VGC
|
|t:|1643706611
|switch|p2a: Tornadus|Tornadus-Therian, M|100/100 brn
|move|p1a: Tapu Fini|Surf|p2a: Tornadus
|-damage|p2a: Tornadus|65/100 brn
|
|-damage|p2a: Tornadus|59/100 brn|[from] brn
|upkeep
|turn|8
|
|t:|1643706618
|switch|p2a: Slowbro|Slowbro, F|100/100
|move|p1a: Tapu Fini|Calm Mind|p1a: Tapu Fini
|-boost|p1a: Tapu Fini|spa|1
|-boost|p1a: Tapu Fini|spd|1
|
|-end|p1a: Tapu Fini|move: Future Sight
|-damage|p1a: Tapu Fini|76/100
|-heal|p1a: Tapu Fini|82/100|[from] item: Leftovers
|upkeep
|turn|9
|c| TheJestofJesters|phys attackers are worse in VGC for the prominence of intimidate spam
|
|t:|1643706627
|move|p1a: Tapu Fini|Surf|p2a: Slowbro
|-resisted|p2a: Slowbro
|-damage|p2a: Slowbro|72/100
|move|p2a: Slowbro|Teleport|p2a: Slowbro
|
|t:|1643706629
|switch|p2a: Kartana|Kartana|100/100|[from]move: Teleport
|
|-heal|p1a: Tapu Fini|88/100|[from] item: Leftovers
|upkeep
|turn|10
|c| TheJestofJesters|oo fini with the CM
|
|t:|1643706636
|switch|p1a: Zapdos|Zapdos|100/100
|move|p2a: Kartana|Leaf Blade|p1a: Zapdos
|-resisted|p1a: Zapdos
|-crit|p1a: Zapdos
|-damage|p1a: Zapdos|30/100
|
|-fieldend|Misty Terrain
|upkeep
|turn|11
|c| TheJestofJesters|ngl I always thought CM to be really bad cus theres so many phys attackers
|c| TheJestofJesters|that can trip you up
|c| fruityiscool423|holy duck
|inactive|Stellar Flares has 120 seconds left.
|
|t:|1643706670
|switch|p2a: Hippowdon|Hippowdon, M|100/100
|-weather|Sandstorm|[from] ability: Sand Stream|[of] p2a: Hippowdon
|switch|p1a: Kartana|Kartana|100/100
|
|-weather|Sandstorm|[upkeep]
|upkeep
|turn|12
|
|t:|1643706678
|switch|p1a: Hatterene|Hatterene, F|100/100
|switch|p2a: Tornadus|Tornadus-Therian, M|92/100 brn
|
|-weather|Sandstorm|[upkeep]
|-damage|p2a: Tornadus|86/100 brn|[from] Sandstorm
|-damage|p1a: Hatterene|95/100|[from] Sandstorm
|-heal|p1a: Hatterene|100/100|[from] item: Leftovers
|-damage|p2a: Tornadus|80/100 brn|[from] brn
|upkeep
|turn|13
|
|t:|1643706696
|switch|p2a: Slowbro|Slowbro, F|100/100
|move|p1a: Hatterene|Mystical Fire|p2a: Slowbro
|-resisted|p2a: Slowbro
|-damage|p2a: Slowbro|87/100
|-unboost|p2a: Slowbro|spa|1
|
|-weather|Sandstorm|[upkeep]
|-damage|p1a: Hatterene|95/100|[from] Sandstorm
|-damage|p2a: Slowbro|81/100|[from] Sandstorm
|-heal|p1a: Hatterene|100/100|[from] item: Leftovers
|upkeep
|turn|14
|j| lemonstre1
|
|t:|1643706706
|switch|p1a: Zapdos|Zapdos|30/100
|move|p2a: Slowbro|Teleport|p2a: Slowbro
|
|t:|1643706713
|switch|p2a: Dragapult|Dragapult, F|100/100|[from]move: Teleport
|
|-weather|Sandstorm|[upkeep]
|-damage|p2a: Dragapult|95/100|[from] Sandstorm
|-damage|p1a: Zapdos|24/100|[from] Sandstorm
|upkeep
|turn|15
|
|t:|1643706719
|switch|p1a: Tapu Fini|Tapu Fini, shiny|88/100
|-fieldstart|move: Misty Terrain|[from] ability: Misty Surge|[of] p1a: Tapu Fini
|move|p2a: Dragapult|Hex|p1a: Tapu Fini
|-damage|p1a: Tapu Fini|63/100
|
|-weather|none
|-heal|p1a: Tapu Fini|69/100|[from] item: Leftovers
|upkeep
|turn|16
|
|t:|1643706728
|move|p2a: Dragapult|U-turn|p1a: Tapu Fini
|-resisted|p1a: Tapu Fini
|-damage|p1a: Tapu Fini|62/100
|
|t:|1643706748
|switch|p2a: Kartana|Kartana|100/100|[from]move: U-turn
|move|p1a: Tapu Fini|Draining Kiss|p2a: Kartana
|-resisted|p2a: Kartana
|-damage|p2a: Kartana|68/100
|-heal|p1a: Tapu Fini|81/100|[from] drain|[of] p2a: Kartana
|
|-heal|p1a: Tapu Fini|87/100|[from] item: Leftovers
|upkeep
|turn|17
|c| TheJestofJesters|ngl kart looks very threatining to galaxy rn
|c| TheJestofJesters|zaps chippped
|
|t:|1643706763
|switch|p1a: Hatterene|Hatterene, F|100/100
|move|p2a: Kartana|Leaf Blade|p1a: Hatterene
|-damage|p1a: Hatterene|20/100
|
|-heal|p1a: Hatterene|26/100|[from] item: Leftovers
|upkeep
|turn|18
|
|t:|1643706772
|switch|p1a: Kartana|Kartana|100/100
|move|p2a: Kartana|Leaf Blade|p1a: Kartana
|-resisted|p1a: Kartana
|-damage|p1a: Kartana|77/100
|
|upkeep
|turn|19
|
|t:|1643706787
|switch|p2a: Tornadus|Tornadus-Therian, M|100/100 brn
|move|p1a: Kartana|Sacred Sword|p2a: Tornadus
|-resisted|p2a: Tornadus
|-damage|p2a: Tornadus|79/100 brn
|
|-damage|p2a: Tornadus|73/100 brn|[from] brn
|-fieldend|Misty Terrain
|upkeep
|turn|20
|c| TheJestofJesters|and all of his mons can take more than one attack (if its not banded)
|c| TheJestofJesters|or scarfed
|
|t:|1643706809
|switch|p1a: Golurk|Golurk, shiny|100/100
|move|p2a: Tornadus|Knock Off|p1a: Golurk
|-supereffective|p1a: Golurk
|-damage|p1a: Golurk|79/100
|-enditem|p1a: Golurk|Assault Vest|[from] move: Knock Off|[of] p2a: Tornadus
|
|-damage|p2a: Tornadus|67/100 brn|[from] brn
|upkeep
|turn|21
|
|t:|1643706818
|switch|p2a: Slowbro|Slowbro, F|100/100
|move|p1a: Golurk|Stone Edge|p2a: Slowbro
|-damage|p2a: Slowbro|78/100
|
|upkeep
|turn|22
|
|t:|1643706830
|move|p1a: Golurk|Poltergeist||[still]
|-fail|p1a: Golurk
|move|p2a: Slowbro|Future Sight|p1a: Golurk
|-start|p2a: Slowbro|move: Future Sight
|
|upkeep
|turn|23
|c| fruityiscool423|lol
|c| TheJestofJesters|teh berry was eaten
|c| TheJestofJesters|oofies
|
|t:|1643706850
|move|p1a: Golurk|Earthquake|p2a: Slowbro
|-damage|p2a: Slowbro|43/100
|move|p2a: Slowbro|Teleport|p2a: Slowbro
|c|☆Stellar Flares|I knocked it off as well to be sure it wouldn't trick its AV to slowbro
|
|t:|1643706870
|switch|p2a: Kartana|Kartana|68/100|[from]move: Teleport
|
|upkeep
|turn|24
|c| TheJestofJesters|very nice
|
|t:|1643706881
|switch|p1a: Incineroar|Incineroar, M|79/100
|-ability|p1a: Incineroar|Intimidate|boost
|-unboost|p2a: Kartana|atk|1
|move|p2a: Kartana|Leaf Blade|p1a: Incineroar
|-resisted|p1a: Incineroar
|-damage|p1a: Incineroar|49/100
|
|-end|p1a: Incineroar|move: Future Sight
|-immune|p1a: Incineroar
|upkeep
|turn|25
|
|t:|1643706890
|switch|p2a: Slowbro|Slowbro, F|76/100
|move|p1a: Incineroar|Parting Shot|p2a: Slowbro
|-unboost|p2a: Slowbro|atk|1
|-unboost|p2a: Slowbro|spa|1
|
|t:|1643706905
|switch|p1a: Hatterene|Hatterene, F|26/100|[from]move: Parting Shot
|
|-heal|p1a: Hatterene|32/100|[from] item: Leftovers
|upkeep
|turn|26
|
|t:|1643706914
|move|p1a: Hatterene|Mystical Fire|p2a: Slowbro
|-resisted|p2a: Slowbro
|-damage|p2a: Slowbro|63/100
|-unboost|p2a: Slowbro|spa|1
|move|p2a: Slowbro|Teleport|p2a: Slowbro
|
|t:|1643706916
|switch|p2a: Kartana|Kartana|68/100|[from]move: Teleport
|
|-heal|p1a: Hatterene|38/100|[from] item: Leftovers
|upkeep
|turn|27
|c| TheJestofJesters|le hate
|
|t:|1643706931
|switch|p1a: Kartana|Kartana|77/100
|move|p2a: Kartana|Leaf Blade|p1a: Kartana
|-resisted|p1a: Kartana
|-damage|p1a: Kartana|54/100
|
|upkeep
|turn|28
|
|t:|1643706944
|switch|p2a: Tornadus|Tornadus-Therian, M|99/100 brn
|move|p1a: Kartana|Smart Strike|p2a: Tornadus
|-damage|p2a: Tornadus|52/100 brn
|
|-damage|p2a: Tornadus|46/100 brn|[from] brn
|upkeep
|turn|29
|
|t:|1643706951
|switch|p2a: Slowbro|Slowbro, F|96/100
|move|p1a: Kartana|Smart Strike|p2a: Slowbro
|-resisted|p2a: Slowbro
|-damage|p2a: Slowbro|81/100
|
|upkeep
|turn|30
|c|☆Stellar Flares|Another one
|
|t:|1643706961
|switch|p1a: Tapu Fini|Tapu Fini, shiny|87/100
|-fieldstart|move: Misty Terrain|[from] ability: Misty Surge|[of] p1a: Tapu Fini
|move|p2a: Slowbro|Teleport|p2a: Slowbro
|
|t:|1643706963
|switch|p2a: Kartana|Kartana|68/100|[from]move: Teleport
|
|-heal|p1a: Tapu Fini|93/100|[from] item: Leftovers
|upkeep
|turn|31
|c| TheJestofJesters|dont you guys havee knock off and kart?
|c|☆Stellar Flares|And another one
|c| TheJestofJesters|knock off is very reliable
|
|t:|1643706978
|switch|p1a: Golurk|Golurk, shiny|79/100
|move|p2a: Kartana|Leaf Blade|p1a: Golurk
|-supereffective|p1a: Golurk
|-crit|p1a: Golurk
|-damage|p1a: Golurk|0 fnt
|faint|p1a: Golurk
|-ability|p2a: Kartana|Beast Boost|boost
|-boost|p2a: Kartana|atk|1
|
|upkeep
|j| mimilimi
|c| TheJestofJesters|on doing good nuetral
|l| fruityiscool423
|
|t:|1643706987
|switch|p1a: Kartana|Kartana|54/100
|turn|32
|
|t:|1643706991
|switch|p2a: Slowbro|Slowbro, F|100/100
|move|p1a: Kartana|Sacred Sword|p2a: Slowbro
|-resisted|p2a: Slowbro
|-damage|p2a: Slowbro|88/100
|
|upkeep
|turn|33
|
|t:|1643706998
|switch|p1a: Hatterene|Hatterene, F|38/100
|move|p2a: Slowbro|Teleport|p2a: Slowbro
|
|t:|1643706999
|switch|p2a: Kartana|Kartana|68/100|[from]move: Teleport
|
|-heal|p1a: Hatterene|44/100|[from] item: Leftovers
|upkeep
|turn|34
|c|☆galaxyxxivory|gg
|j| fruityiscool423
|-message|galaxyxxivory forfeited.
|
|win|Stellar Flares
|n|☆galaxyxxivory|galaxyxxivory
|n|☆Stellar Flares|stellarflares
|n|+azure nights|azurenights
|n| TheJestofJesters|thejestofjesters
|n| Mimikyu VG7|mimikyuvg7
|n| lemonstre1|lemonstre1
|n| mimilimi|mimilimi
|n| fruityiscool423|fruityiscool423
|l|☆galaxyxxivory
|l| fruityiscool423
|l| lemonstre1
|l| Mimikyu VG7
|l|☆Stellar Flares
|c| TheJestofJesters|noice
|l| TheJestofJesters
|l| mimilimi
|j| mimilimi
|l| mimilimi
|j| Spitfire arcanine
