|html|<div class="broadcast-blue"><strong>[Gen 8] OU is currently suspecting Melmetal! For information on how to participate check out the <a href="https://www.smogon.com/forums/threads/np-ss-ou-suspect-process-round-12-monster-mash.3709234/">suspect thread</a>.</strong></div>
|j|☆minimax_ai
|j|☆Geenobe
|t:|1666646830
|gametype|singles
|player|p1|minimax_ai|lusamine-nihilego|1490
|player|p2|Geenobe|102|1500
|teamsize|p1|6
|teamsize|p2|6
|gen|8
|tier|[Gen 8] OU
|rated|
|rule|Sleep Clause Mod: Limit one foe put to sleep
|rule|Species Clause: Limit one of each Pokémon
|rule|OHKO Clause: OHKO moves are banned
|rule|Evasion Items Clause: Evasion items are banned
|rule|Evasion Moves Clause: Evasion moves are banned
|rule|Endless Battle Clause: Forcing endless battles is banned
|rule|HP Percentage Mod: HP is shown in percentages
|rule|Dynamax Clause: You cannot dynamax
|clearpoke
|poke|p1|Rotom-Wash|
|poke|p1|Weavile, F|
|poke|p1|Landorus-Therian, M|
|poke|p1|Heatran, M|
|poke|p1|Tangrowth, M|
|poke|p1|Melmetal|
|poke|p2|Barraskewda, F|
|poke|p2|Pelipper, F|
|poke|p2|Seismitoad, M|
|poke|p2|Tornadus-Therian, M|
|poke|p2|Ferrothorn, F|
|poke|p2|Dragonite, M|
|teampreview
|c|☆minimax_ai|hf
|inactive|Battle timer is ON: inactive players will automatically lose when time's up. (requested by minimax_ai)
|c|☆Geenobe|U2
|
|t:|1666646854
|start
|switch|p1a: landorustherian|Landorus-Therian, M|100/100
|switch|p2a: Pelipper|Pelipper, F|100/100
|-ability|p1a: landorustherian|Intimidate|boost
|-unboost|p2a: Pelipper|atk|1
|-weather|RainDance|[from] ability: Drizzle|[of] p2a: Pelipper
|turn|1
|
|t:|1666646856
|switch|p1a: rotomwash|Rotom-Wash|100/100
|move|p2a: Pelipper|U-turn|p1a: rotomwash
|-damage|p1a: rotomwash|94/100
|
|t:|1666646860
|switch|p2a: Ferrothorn|Ferrothorn, F|100/100|[from]move: U-turn
|
|-weather|RainDance|[upkeep]
|-heal|p1a: rotomwash|100/100|[from] item: Leftovers
|upkeep
|turn|2
|
|t:|1666646862
|switch|p1a: landorustherian|Landorus-Therian, M|100/100
|-ability|p1a: landorustherian|Intimidate|boost
|-unboost|p2a: Ferrothorn|atk|1
|move|p2a: Ferrothorn|Power Whip|p1a: landorustherian
|-damage|p1a: landorustherian|74/100
|
|-weather|RainDance|[upkeep]
|-heal|p1a: landorustherian|80/100|[from] item: Leftovers
|upkeep
|turn|3
|
|t:|1666646867
|move|p1a: landorustherian|Toxic|p2a: Ferrothorn
|-immune|p2a: Ferrothorn
|move|p2a: Ferrothorn|Knock Off|p1a: landorustherian
|-damage|p1a: landorustherian|65/100
|-enditem|p1a: landorustherian|Leftovers|[from] move: Knock Off|[of] p2a: Ferrothorn
|
|-weather|RainDance|[upkeep]
|upkeep
|turn|4
|
|t:|1666646873
|switch|p2a: Barraskewda|Barraskewda, F|100/100
|move|p1a: landorustherian|U-turn|p2a: Barraskewda
|-damage|p2a: Barraskewda|56/100
|
|t:|1666646873
|switch|p1a: Tangrowth|Tangrowth, M|100/100|[from]move: U-turn
|
|-weather|RainDance|[upkeep]
|upkeep
|turn|5
|
|t:|1666646881
|switch|p2a: Tornadus|Tornadus-Therian, M|100/100
|move|p1a: Tangrowth|Sleep Powder|p2a: Tornadus
|-status|p2a: Tornadus|slp|[from] move: Sleep Powder
|
|-weather|RainDance|[upkeep]
|upkeep
|turn|6
|
|t:|1666646886
|switch|p1a: rotomwash|Rotom-Wash|100/100
|cant|p2a: Tornadus|slp
|
|-weather|RainDance|[upkeep]
|upkeep
|turn|7
|
|t:|1666646892
|switch|p2a: Ferrothorn|Ferrothorn, F|100/100
|move|p1a: rotomwash|Nasty Plot|p1a: rotomwash
|-boost|p1a: rotomwash|spa|2
|
|-weather|RainDance|[upkeep]
|upkeep
|turn|8
|
|t:|1666646895
|switch|p1a: Tangrowth|Tangrowth, M|100/100
|move|p2a: Ferrothorn|Power Whip|p1a: Tangrowth|[miss]
|-miss|p2a: Ferrothorn|p1a: Tangrowth
|
|-weather|none
|upkeep
|turn|9
|
|t:|1666646899
|move|p1a: Tangrowth|Focus Blast|p2a: Ferrothorn|[miss]
|-miss|p1a: Tangrowth|p2a: Ferrothorn
|move|p2a: Ferrothorn|Knock Off|p1a: Tangrowth
|-damage|p1a: Tangrowth|89/100
|-damage|p2a: Ferrothorn|84/100|[from] item: Rocky Helmet|[of] p1a: Tangrowth
|-enditem|p1a: Tangrowth|Rocky Helmet|[from] move: Knock Off|[of] p2a: Ferrothorn
|
|-heal|p2a: Ferrothorn|90/100|[from] item: Leftovers
|upkeep
|turn|10
|
|t:|1666646902
|switch|p2a: Tornadus|Tornadus-Therian, M|100/100 slp
|move|p1a: Tangrowth|Focus Blast|p2a: Tornadus
|-resisted|p2a: Tornadus
|-damage|p2a: Tornadus|81/100 slp
|
|upkeep
|turn|11
|
|t:|1666646906
|switch|p1a: Heatran|Heatran, M|100/100
|-item|p1a: Heatran|Air Balloon
|cant|p2a: Tornadus|slp
|
|upkeep
|turn|12
|
|t:|1666646914
|cant|p2a: Tornadus|slp
|move|p1a: Heatran|Magma Storm|p2a: Tornadus
|-damage|p2a: Tornadus|11/100 slp
|-activate|p2a: Tornadus|move: Magma Storm|[of] p1a: Heatran
|
|-damage|p2a: Tornadus|0 fnt|[from] move: Magma Storm|[partiallytrapped]
|faint|p2a: Tornadus
|upkeep
|
|t:|1666646921
|switch|p2a: Barraskewda|Barraskewda, F|56/100
|turn|13
|
|t:|1666646924
|switch|p1a: Tangrowth|Tangrowth, M|100/100
|move|p2a: Barraskewda|Flip Turn|p1a: Tangrowth
|-resisted|p1a: Tangrowth
|-damage|p1a: Tangrowth|87/100
|
|t:|1666646925
|switch|p2a: Pelipper|Pelipper, F|100/100|[from]move: Flip Turn
|-weather|RainDance|[from] ability: Drizzle|[of] p2a: Pelipper
|
|-weather|RainDance|[upkeep]
|upkeep
|turn|14
|
|t:|1666646927
|move|p2a: Pelipper|Hurricane|p1a: Tangrowth
|-supereffective|p1a: Tangrowth
|-damage|p1a: Tangrowth|0 fnt
|faint|p1a: Tangrowth
|
|-weather|RainDance|[upkeep]
|upkeep
|
|t:|1666646927
|switch|p1a: Weavile|Weavile, F|100/100
|-ability|p1a: Weavile|Pressure
|turn|15
|
|t:|1666646931
|move|p1a: Weavile|Triple Axel|p2a: Pelipper
|-damage|p2a: Pelipper|90/100
|-damage|p2a: Pelipper|66/100
|-damage|p2a: Pelipper|34/100
|-hitcount|p2a: Pelipper|3
|move|p2a: Pelipper|U-turn|p1a: Weavile
|-supereffective|p1a: Weavile
|-damage|p1a: Weavile|71/100
|
|t:|1666646937
|switch|p2a: Barraskewda|Barraskewda, F|56/100|[from]move: U-turn
|
|-weather|RainDance|[upkeep]
|upkeep
|turn|16
|
|t:|1666646939
|switch|p1a: rotomwash|Rotom-Wash|100/100
|move|p2a: Barraskewda|Flip Turn|p1a: rotomwash
|-resisted|p1a: rotomwash
|-damage|p1a: rotomwash|59/100
|
|t:|1666646954
|switch|p2a: Ferrothorn|Ferrothorn, F|90/100|[from]move: Flip Turn
|
|-weather|RainDance|[upkeep]
|-heal|p1a: rotomwash|66/100|[from] item: Leftovers
|-heal|p2a: Ferrothorn|97/100|[from] item: Leftovers
|upkeep
|turn|17
|
|t:|1666646960
|switch|p1a: Melmetal|Melmetal|100/100
|switch|p2a: Seismitoad|Seismitoad, M|100/100
|
|-weather|RainDance|[upkeep]
|upkeep
|turn|18
|
|t:|1666646964
|move|p2a: Seismitoad|Weather Ball|p1a: Melmetal
|-damage|p1a: Melmetal|57/100
|-damage|p2a: Seismitoad|91/100|[from] item: Life Orb
|move|p1a: Melmetal|Ice Punch|p2a: Seismitoad
|-damage|p2a: Seismitoad|48/100
|
|-weather|RainDance|[upkeep]
|upkeep
|turn|19
|
|t:|1666646971
|move|p2a: Seismitoad|Earth Power|p1a: Melmetal
|-supereffective|p1a: Melmetal
|-damage|p1a: Melmetal|8/100
|-damage|p2a: Seismitoad|38/100|[from] item: Life Orb
|move|p1a: Melmetal|Earthquake|p2a: Seismitoad
|-damage|p2a: Seismitoad|0 fnt
|faint|p2a: Seismitoad
|
|-weather|RainDance|[upkeep]
|upkeep
|
|t:|1666646975
|switch|p2a: Barraskewda|Barraskewda, F|56/100
|turn|20
|
|t:|1666646977
|move|p2a: Barraskewda|Flip Turn|p1a: Melmetal
|-damage|p1a: Melmetal|0 fnt
|faint|p1a: Melmetal
|
|t:|1666646984
|switch|p2a: Dragonite|Dragonite, M|100/100|[from]move: Flip Turn
|
|-weather|none
|upkeep
|
|t:|1666646984
|switch|p1a: Weavile|Weavile, F|71/100
|-ability|p1a: Weavile|Pressure
|turn|21
|
|t:|1666646991
|switch|p2a: Pelipper|Pelipper, F|34/100
|-weather|RainDance|[from] ability: Drizzle|[of] p2a: Pelipper
|move|p1a: Weavile|Triple Axel|p2a: Pelipper
|-damage|p2a: Pelipper|21/100
|-damage|p2a: Pelipper|0 fnt
|faint|p2a: Pelipper
|-hitcount|p2: Pelipper|2
|
|-weather|RainDance|[upkeep]
|upkeep
|
|t:|1666646992
|switch|p2a: Barraskewda|Barraskewda, F|56/100
|turn|22
|
|t:|1666646994
|switch|p1a: landorustherian|Landorus-Therian, M|65/100
|-ability|p1a: landorustherian|Intimidate|boost
|-unboost|p2a: Barraskewda|atk|1
|move|p2a: Barraskewda|Liquidation|p1a: landorustherian
|-supereffective|p1a: landorustherian
|-damage|p1a: landorustherian|0 fnt
|faint|p1a: landorustherian
|
|-weather|RainDance|[upkeep]
|upkeep
|
|t:|1666646994
|switch|p1a: rotomwash|Rotom-Wash|66/100
|turn|23
|
|t:|1666646996
|move|p2a: Barraskewda|Liquidation|p1a: rotomwash
|-resisted|p1a: rotomwash
|-damage|p1a: rotomwash|27/100
|move|p1a: rotomwash|Thunderbolt|p2a: Barraskewda
|-supereffective|p2a: Barraskewda
|-damage|p2a: Barraskewda|0 fnt
|faint|p2a: Barraskewda
|
|-weather|RainDance|[upkeep]
|-heal|p1a: rotomwash|33/100|[from] item: Leftovers
|upkeep
|
|t:|1666647006
|switch|p2a: Ferrothorn|Ferrothorn, F|97/100
|turn|24
|
|t:|1666647010
|switch|p2a: Dragonite|Dragonite, M|100/100
|move|p1a: rotomwash|Pain Split|p2a: Dragonite
|-sethp|p2a: Dragonite|63/100|[from] move: Pain Split|[silent]
|-sethp|p1a: rotomwash|80/100|[from] move: Pain Split
|
|-weather|RainDance|[upkeep]
|-heal|p1a: rotomwash|86/100|[from] item: Leftovers
|upkeep
|turn|25
|
|t:|1666647014
|move|p1a: rotomwash|Nasty Plot|p1a: rotomwash
|-boost|p1a: rotomwash|spa|2
|move|p2a: Dragonite|Roost|p2a: Dragonite
|-heal|p2a: Dragonite|100/100
|-singleturn|p2a: Dragonite|move: Roost
|
|-weather|RainDance|[upkeep]
|-heal|p1a: rotomwash|93/100|[from] item: Leftovers
|upkeep
|turn|26
|
|t:|1666647018
|switch|p2a: Ferrothorn|Ferrothorn, F|97/100
|move|p1a: rotomwash|Nasty Plot|p1a: rotomwash
|-boost|p1a: rotomwash|spa|2
|
|-weather|RainDance|[upkeep]
|-heal|p1a: rotomwash|99/100|[from] item: Leftovers
|-heal|p2a: Ferrothorn|100/100|[from] item: Leftovers
|upkeep
|turn|27
|
|t:|1666647020
|move|p1a: rotomwash|Hydro Pump|p2a: Ferrothorn|[miss]
|-miss|p1a: rotomwash|p2a: Ferrothorn
|move|p2a: Ferrothorn|Power Whip|p1a: rotomwash
|-supereffective|p1a: rotomwash
|-damage|p1a: rotomwash|11/100
|
|-weather|RainDance|[upkeep]
|-heal|p1a: rotomwash|18/100|[from] item: Leftovers
|upkeep
|turn|28
|
|t:|1666647023
|move|p1a: rotomwash|Pain Split|p2a: Ferrothorn
|-sethp|p2a: Ferrothorn|58/100|[from] move: Pain Split|[silent]
|-sethp|p1a: rotomwash|67/100|[from] move: Pain Split
|move|p2a: Ferrothorn|Knock Off|p1a: rotomwash
|-damage|p1a: rotomwash|44/100
|-enditem|p1a: rotomwash|Leftovers|[from] move: Knock Off|[of] p2a: Ferrothorn
|
|-weather|none
|-heal|p2a: Ferrothorn|64/100|[from] item: Leftovers
|upkeep
|turn|29
|
|t:|1666647026
|move|p1a: rotomwash|Thunderbolt|p2a: Ferrothorn
|-resisted|p2a: Ferrothorn
|-damage|p2a: Ferrothorn|30/100
|move|p2a: Ferrothorn|Leech Seed|p1a: rotomwash|[miss]
|-miss|p2a: Ferrothorn|p1a: rotomwash
|
|-heal|p2a: Ferrothorn|37/100|[from] item: Leftovers
|upkeep
|turn|30
|
|t:|1666647029
|move|p1a: rotomwash|Hydro Pump|p2a: Ferrothorn
|-resisted|p2a: Ferrothorn
|-damage|p2a: Ferrothorn|0 fnt
|faint|p2a: Ferrothorn
|
|upkeep
|
|t:|1666647031
|switch|p2a: Dragonite|Dragonite, M|100/100
|turn|31
|
|t:|1666647035
|switch|p1a: Weavile|Weavile, F|71/100
|-ability|p1a: Weavile|Pressure
|move|p2a: Dragonite|Earthquake|p1a: Weavile
|-damage|p1a: Weavile|13/100
|
|upkeep
|turn|32
|
|t:|1666647043
|move|p1a: Weavile|Triple Axel|p2a: Dragonite
|-supereffective|p2a: Dragonite
|-damage|p2a: Dragonite|76/100
|-supereffective|p2a: Dragonite
|-damage|p2a: Dragonite|0 fnt
|faint|p2a: Dragonite
|-hitcount|p2: Dragonite|2
|
|win|minimax_ai
|raw|minimax_ai's rating: 1490 &rarr; <strong>1511</strong><br />(+21 for winning)
|raw|Geenobe's rating: 1500 &rarr; <strong>1479</strong><br />(-21 for losing)
|c|☆minimax_ai|gg
