|j|☆wooloo test
|j|☆willcoxw
|player|p1|wooloo test|lucas|1639
|player|p2|willcoxw|karen|1712
|teamsize|p1|6
|teamsize|p2|6
|gametype|singles
|gen|8
|tier|[Gen 8] OU
|rated|
|clearpoke
|poke|p1|Beartic, F|
|poke|p1|Jirachi|
|poke|p1|Kommo-o, F|
|poke|p1|Barraskewda, F|
|poke|p1|Pelipper, M|
|poke|p1|Clefable, M|
|poke|p2|Shuckle, M|
|poke|p2|Togekiss, M|
|poke|p2|Cinderace, M|
|poke|p2|Dracozolt|
|poke|p2|Kyurem|
|poke|p2|Zeraora|
|rule|Sleep Clause Mod: Limit one foe put to sleep
|rule|Species Clause: Limit one of each Pokémon
|rule|OHKO Clause: OHKO moves are banned
|rule|Evasion Moves Clause: Evasion moves are banned
|rule|Endless Battle Clause: Forcing endless battles is banned
|rule|HP Percentage Mod: HP is shown in percentages
|rule|Dynamax Clause: You cannot dynamax
|teampreview
|
|start
|switch|p1a: Jirachi|Jirachi|100/100
|switch|p2a: Dracozolt|Dracozolt|100/100
|turn|1
|
|switch|p1a: Kommo-o|Kommo-o, F|100/100
|move|p2a: Dracozolt|Bolt Beak|p1a: Kommo-o
|-resisted|p1a: Kommo-o
|-crit|p1a: Kommo-o
|-damage|p1a: Kommo-o|43/100
|-damage|p2a: Dracozolt|84/100|[from] item: Rocky Helmet|[of] p1a: Kommo-o
|
|upkeep
|turn|2
|
|switch|p2a: Shuckle|Shuckle, M|100/100
|move|p1a: Kommo-o|Stealth Rock|p2a: Shuckle
|-sidestart|p2: willcoxw|move: Stealth Rock
|
|upkeep
|turn|3
|
|switch|p1a: Jirachi|Jirachi|100/100
|move|p2a: Shuckle|Stealth Rock|p1a: Jirachi
|-sidestart|p1: wooloo test|move: Stealth Rock
|
|upkeep
|turn|4
|
|move|p1a: Jirachi|Doom Desire|p2a: Shuckle
|-start|p1a: Jirachi|Doom Desire
|move|p2a: Shuckle|Sticky Web|p1a: Jirachi
|-sidestart|p1: wooloo test|move: Sticky Web
|
|upkeep
|turn|5
|
|switch|p1a: Kommo-o|Kommo-o, F|43/100
|-activate|p1a: Kommo-o|move: Sticky Web
|-unboost|p1a: Kommo-o|spe|1
|-damage|p1a: Kommo-o|37/100|[from] Stealth Rock
|switch|p2a: Cinderace|Cinderace, M|100/100
|
|upkeep
|turn|6
|
|move|p2a: Cinderace|Zen Headbutt|p1a: Kommo-o
|-start|p2a: Cinderace|typechange|Psychic|[from] ability: Libero
|-supereffective|p1a: Kommo-o
|-damage|p1a: Kommo-o|0 fnt
|-damage|p2a: Cinderace|84/100|[from] item: Rocky Helmet|[of] p1a: Kommo-o
|faint|p1a: Kommo-o
|
|-end|p2a: Cinderace|move: Doom Desire
|-crit|p2a: Cinderace
|-damage|p2a: Cinderace|0 fnt
|upkeep
|faint|p2a: Cinderace
|
|switch|p2a: Dracozolt|Dracozolt|84/100
|switch|p1a: Pelipper|Pelipper, M|100/100
|-damage|p2a: Dracozolt|72/100|[from] Stealth Rock
|-damage|p1a: Pelipper|75/100|[from] Stealth Rock
|-weather|RainDance|[from] ability: Drizzle|[of] p1a: Pelipper
|turn|7
|
|switch|p1a: Clefable|Clefable, M|100/100
|-activate|p1a: Clefable|move: Sticky Web
|-unboost|p1a: Clefable|spe|1
|move|p2a: Dracozolt|Bolt Beak|p1a: Clefable
|-damage|p1a: Clefable|0 fnt
|faint|p1a: Clefable
|
|-weather|RainDance|[upkeep]
|upkeep
|
|switch|p1a: Beartic|Beartic, F|100/100
|turn|8
|
|switch|p2a: Shuckle|Shuckle, M|100/100
|-damage|p2a: Shuckle|75/100|[from] Stealth Rock
|move|p1a: Beartic|Icicle Crash|p2a: Shuckle
|-damage|p2a: Shuckle|53/100
|-enditem|p2a: Shuckle|Red Card|[of] p1a: Beartic
|drag|p1a: Jirachi|Jirachi|100/100
|-damage|p1a: Jirachi|94/100|[from] Stealth Rock
|-activate|p1a: Jirachi|move: Sticky Web
|-unboost|p1a: Jirachi|spe|1
|
|-weather|RainDance|[upkeep]
|upkeep
|turn|9
|
|move|p1a: Jirachi|Doom Desire|p2a: Shuckle
|-start|p1a: Jirachi|Doom Desire
|move|p2a: Shuckle|Final Gambit|p1a: Jirachi
|-damage|p1a: Jirachi|57/100
|faint|p2a: Shuckle
|
|-weather|RainDance|[upkeep]
|upkeep
|
|switch|p2a: Zeraora|Zeraora|100/100
|-damage|p2a: Zeraora|88/100|[from] Stealth Rock
|turn|10
|
|move|p2a: Zeraora|Bulk Up|p2a: Zeraora
|-boost|p2a: Zeraora|atk|1
|-boost|p2a: Zeraora|def|1
|move|p1a: Jirachi|Psychic|p2a: Zeraora
|-damage|p2a: Zeraora|34/100
|-unboost|p2a: Zeraora|spd|1
|
|-weather|RainDance|[upkeep]
|-heal|p2a: Zeraora|40/100|[from] item: Leftovers
|upkeep
|turn|11
|
|move|p2a: Zeraora|Plasma Fists|p1a: Jirachi
|-damage|p1a: Jirachi|0 fnt
|-fieldactivate|move: Ion Deluge
|faint|p1a: Jirachi
|
|-weather|RainDance|[upkeep]
|-end|p2a: Zeraora|move: Doom Desire
|-resisted|p2a: Zeraora
|-damage|p2a: Zeraora|0 fnt
|faint|p2a: Zeraora
|upkeep
|
|switch|p2a: Kyurem|Kyurem|100/100
|switch|p1a: Barraskewda|Barraskewda, F|100/100
|-activate|p1a: Barraskewda|move: Sticky Web
|-unboost|p1a: Barraskewda|spe|1
|-damage|p1a: Barraskewda|88/100|[from] Stealth Rock
|-damage|p2a: Kyurem|75/100|[from] Stealth Rock
|-ability|p2a: Kyurem|Pressure
|turn|12
|
|move|p1a: Barraskewda|Close Combat|p2a: Kyurem
|-supereffective|p2a: Kyurem
|-damage|p2a: Kyurem|0 fnt
|-unboost|p1a: Barraskewda|def|1
|-unboost|p1a: Barraskewda|spd|1
|-damage|p1a: Barraskewda|78/100|[from] item: Life Orb
|faint|p2a: Kyurem
|
|-weather|RainDance|[upkeep]
|upkeep
|-message|willcoxw forfeited.
|
|win|wooloo test
|l|☆willcoxw
