|j|☆Dragonzord 6
|j|☆lebanesestinker
|player|p1|Dragonzord 6|266|1360
|player|p2|lebanesestinker|policeman|1330
|teamsize|p1|6
|teamsize|p2|6
|gametype|singles
|gen|8
|tier|[Gen 8] OU
|rated|
|clearpoke
|poke|p1|Pelipper, M|
|poke|p1|Seismitoad, F|
|poke|p1|Barraskewda, M|
|poke|p1|Ferrothorn, F|
|poke|p1|Kyurem|
|poke|p1|Accelgor, M|
|poke|p2|Clefable, M|
|poke|p2|Sirfetch'd, F|
|poke|p2|Chandelure, M|
|poke|p2|Bisharp, M|
|poke|p2|Araquanid, M|
|poke|p2|Hippowdon, F|
|rule|Sleep Clause Mod: Limit one foe put to sleep
|rule|Species Clause: Limit one of each Pokémon
|rule|OHKO Clause: OHKO moves are banned
|rule|Evasion Moves Clause: Evasion moves are banned
|rule|Endless Battle Clause: Forcing endless battles is banned
|rule|HP Percentage Mod: HP is shown in percentages
|rule|Dynamax Clause: You cannot dynamax
|teampreview
|inactive|Battle timer is ON: inactive players will automatically lose when time's up. (requested by Dragonzord 6)
|
|start
|switch|p1a: Accelgor|Accelgor, M, shiny|100/100
|switch|p2a: Araquanid|Araquanid, M|100/100
|turn|1
|
|move|p1a: Accelgor|Final Gambit|p2a: Araquanid
|-damage|p2a: Araquanid|0 fnt
|faint|p1a: Accelgor
|faint|p2a: Araquanid
|
|upkeep
|
|switch|p1a: Pelipper|Pelipper, M|100/100
|switch|p2a: Clefable|Clefable, M|100/100
|-weather|RainDance|[from] ability: Drizzle|[of] p1a: Pelipper
|turn|2
|
|move|p2a: Clefable|Moonblast|p1a: Pelipper
|-damage|p1a: Pelipper|27/100
|move|p1a: Pelipper|Scald|p2a: Clefable
|-damage|p2a: Clefable|18/100
|-status|p2a: Clefable|brn
|
|-weather|RainDance|[upkeep]
|upkeep
|turn|3
|
|switch|p1a: Ferrothorn|Ferrothorn, F|100/100
|move|p2a: Clefable|Moonblast|p1a: Ferrothorn
|-resisted|p1a: Ferrothorn
|-damage|p1a: Ferrothorn|77/100
|-unboost|p1a: Ferrothorn|spa|1
|
|-weather|RainDance|[upkeep]
|upkeep
|turn|4
|
|move|p2a: Clefable|Flamethrower|p1a: Ferrothorn
|-supereffective|p1a: Ferrothorn
|-damage|p1a: Ferrothorn|21/100
|move|p1a: Ferrothorn|Gyro Ball|p2a: Clefable
|-supereffective|p2a: Clefable
|-crit|p2a: Clefable
|-damage|p2a: Clefable|0 fnt
|faint|p2a: Clefable
|
|-weather|RainDance|[upkeep]
|upkeep
|
|switch|p2a: Hippowdon|Hippowdon, F|100/100
|-weather|Sandstorm|[from] ability: Sand Stream|[of] p2a: Hippowdon
|turn|5
|
|switch|p1a: Pelipper|Pelipper, M|27/100
|-weather|RainDance|[from] ability: Drizzle|[of] p1a: Pelipper
|move|p2a: Hippowdon|Stealth Rock|p1a: Pelipper
|-sidestart|p1: Dragonzord 6|move: Stealth Rock
|
|-weather|RainDance|[upkeep]
|upkeep
|turn|6
|
|switch|p2a: Chandelure|Chandelure, M|100/100
|move|p1a: Pelipper|Scald|p2a: Chandelure
|-supereffective|p2a: Chandelure
|-damage|p2a: Chandelure|0 fnt
|faint|p2a: Chandelure
|
|-weather|RainDance|[upkeep]
|upkeep
|
|switch|p2a: Hippowdon|Hippowdon, F|100/100
|-weather|Sandstorm|[from] ability: Sand Stream|[of] p2a: Hippowdon
|turn|7
|
|move|p1a: Pelipper|Scald|p2a: Hippowdon
|-supereffective|p2a: Hippowdon
|-damage|p2a: Hippowdon|0 fnt
|faint|p2a: Hippowdon
|
|-weather|Sandstorm|[upkeep]
|-damage|p1a: Pelipper|21/100|[from] Sandstorm
|upkeep
|
|switch|p2a: Sirfetch'd|Sirfetch'd, F|100/100
|turn|8
|
|move|p2a: Sirfetch'd|Close Combat|p1a: Pelipper
|-resisted|p1a: Pelipper
|-damage|p1a: Pelipper|0 fnt
|-unboost|p2a: Sirfetch'd|def|1
|-unboost|p2a: Sirfetch'd|spd|1
|faint|p1a: Pelipper
|
|-weather|Sandstorm|[upkeep]
|-damage|p2a: Sirfetch'd|94/100|[from] Sandstorm
|upkeep
|
|switch|p1a: Seismitoad|Seismitoad, F|100/100
|-damage|p1a: Seismitoad|95/100|[from] Stealth Rock
|turn|9
|
|move|p1a: Seismitoad|Earth Power|p2a: Sirfetch'd
|-damage|p2a: Sirfetch'd|0 fnt
|-damage|p1a: Seismitoad|85/100|[from] item: Life Orb
|faint|p2a: Sirfetch'd
|
|-weather|Sandstorm|[upkeep]
|upkeep
|
|switch|p2a: Bisharp|Bisharp, M|100/100
|turn|10
|
|move|p1a: Seismitoad|Earth Power|p2a: Bisharp
|-supereffective|p2a: Bisharp
|-damage|p2a: Bisharp|0 fnt
|-damage|p1a: Seismitoad|75/100|[from] item: Life Orb
|faint|p2a: Bisharp
|
|win|Dragonzord 6
|l|☆lebanesestinker
||Ladder (probably) updated, but score could not be retrieved (Response not received).
