|j|☆Geenobe
|j|☆SimplyPeri
|t:|1664229837
|gametype|singles
|player|p1|Geenobe|170|1531
|player|p2|SimplyPeri|101|1540
|teamsize|p1|6
|teamsize|p2|6
|gen|8
|tier|[Gen 8] OU
|rated|
|rule|Sleep Clause Mod: Limit one foe put to sleep
|rule|Species Clause: Limit one of each Pokémon
|rule|OHKO Clause: OHKO moves are banned
|rule|Evasion Items Clause: Evasion items are banned
|rule|Evasion Moves Clause: Evasion moves are banned
|rule|Endless Battle Clause: Forcing endless battles is banned
|rule|HP Percentage Mod: HP is shown in percentages
|rule|Dynamax Clause: You cannot dynamax
|clearpoke
|poke|p1|Tapu Koko|
|poke|p1|Zeraora|
|poke|p1|Kartana|
|poke|p1|Rillaboom, F|
|poke|p1|Blaziken, M|
|poke|p1|Necrozma|
|poke|p2|Garchomp, M|
|poke|p2|Slowbro, F|
|poke|p2|Hydreigon, M|
|poke|p2|Gengar, M|
|poke|p2|Ferrothorn, M|
|poke|p2|Clefable, M|
|teampreview
|inactive|Battle timer is ON: inactive players will automatically lose when time's up. (requested by SimplyPeri)
|
|t:|1664229862
|start
|switch|p1a: Rillaboom|Rillaboom, F|100/100
|switch|p2a: The troller|Gengar, M|100/100
|-fieldstart|move: Grassy Terrain|[from] ability: Grassy Surge|[of] p1a: Rillaboom
|turn|1
|
|t:|1664229872
|move|p2a: The troller|Sludge Wave|p1a: Rillaboom
|-supereffective|p1a: Rillaboom
|-damage|p1a: Rillaboom|0 fnt
|faint|p1a: Rillaboom
|
|upkeep
|
|t:|1664229874
|switch|p1a: Kartana|Kartana|100/100
|turn|2
|
|t:|1664229889
|switch|p2a: The pain|Ferrothorn, M|100/100
|move|p1a: Kartana|Knock Off|p2a: The pain
|-damage|p2a: The pain|74/100
|-damage|p1a: Kartana|88/100|[from] ability: Iron Barbs|[of] p2a: The pain
|-enditem|p2a: The pain|Leftovers|[from] move: Knock Off|[of] p1a: Kartana
|
|-heal|p1a: Kartana|94/100|[from] Grassy Terrain
|-heal|p2a: The pain|80/100|[from] Grassy Terrain
|upkeep
|turn|3
|
|t:|1664229906
|switch|p1a: Necrozma|Necrozma, shiny|100/100
|move|p2a: The pain|Leech Seed|p1a: Necrozma
|-start|p1a: Necrozma|move: Leech Seed
|
|-heal|p2a: The pain|87/100|[from] Grassy Terrain
|-damage|p1a: Necrozma|88/100|[from] Leech Seed|[of] p2a: The pain
|-heal|p2a: The pain|98/100|[silent]
|upkeep
|turn|4
|
|t:|1664229917
|move|p1a: Necrozma|Heat Wave|p2a: The pain|[miss]
|-miss|p1a: Necrozma|p2a: The pain
|move|p2a: The pain|Power Whip|p1a: Necrozma
|-damage|p1a: Necrozma|41/100
|
|-heal|p1a: Necrozma|47/100|[from] Grassy Terrain
|-heal|p2a: The pain|100/100|[from] Grassy Terrain
|-damage|p1a: Necrozma|35/100|[from] Leech Seed|[of] p2a: The pain
|upkeep
|turn|5
|-message|Geenobe forfeited.
|
|win|SimplyPeri
|raw|Geenobe's rating: 1531 &rarr; <strong>1512</strong><br />(-19 for losing)
|raw|SimplyPeri's rating: 1540 &rarr; <strong>1559</strong><br />(+19 for winning)
|l|☆Geenobe
