|j|☆seventhfeather
|j|☆Kikoobuster
|t:|1647176904
|gametype|singles
|player|p1|seventhfeather|lady|1588
|player|p2|Kikoobuster|169|1613
|teamsize|p1|6
|teamsize|p2|6
|gen|8
|tier|[Gen 8] OU
|rated|
|rule|Sleep Clause Mod: Limit one foe put to sleep
|rule|Species Clause: Limit one of each Pokémon
|rule|OHKO Clause: OHKO moves are banned
|rule|Evasion Moves Clause: Evasion moves are banned
|rule|Endless Battle Clause: Forcing endless battles is banned
|rule|HP Percentage Mod: HP is shown in percentages
|rule|Dynamax Clause: You cannot dynamax
|clearpoke
|poke|p1|Kartana|
|poke|p1|Skarmory, M|
|poke|p1|Seismitoad, F|
|poke|p1|Tapu Fini|
|poke|p1|Magnezone|
|poke|p1|Zapdos-Galar|
|poke|p2|Ribombee, M|
|poke|p2|Heatran, M|
|poke|p2|Mandibuzz, F|
|poke|p2|Tapu Bulu|
|poke|p2|Zapdos-Galar|
|poke|p2|Urshifu-*, F|
|teampreview
|inactive|Battle timer is ON: inactive players will automatically lose when time's up. (requested by seventhfeather)
|
|t:|1647176918
|start
|switch|p1a: Magnezone|Magnezone|100/100
|switch|p2a: Heatran|Heatran, M|100/100
|turn|1
|
|t:|1647176923
|switch|p1a: Seismitoad|Seismitoad, F|100/100
|move|p2a: Heatran|Magma Storm|p1a: Seismitoad
|-resisted|p1a: Seismitoad
|-damage|p1a: Seismitoad|83/100
|-activate|p1a: Seismitoad|move: Magma Storm|[of] p2a: Heatran
|
|-heal|p1a: Seismitoad|89/100|[from] item: Leftovers
|-damage|p1a: Seismitoad|76/100|[from] move: Magma Storm|[partiallytrapped]
|upkeep
|turn|2
|j| Marquesa-10%
|
|t:|1647176927
|switch|p2a: Tapu Bulu|Tapu Bulu|100/100
|-fieldstart|move: Grassy Terrain|[from] ability: Grassy Surge|[of] p2a: Tapu Bulu
|move|p1a: Seismitoad|Stealth Rock|p2a: Tapu Bulu
|-sidestart|p2: Kikoobuster|move: Stealth Rock
|
|-heal|p1a: Seismitoad|82/100|[from] Grassy Terrain
|-heal|p1a: Seismitoad|88/100|[from] item: Leftovers
|-end|p1a: Seismitoad|Magma Storm|[partiallytrapped]|[silent]
|upkeep
|turn|3
|
|t:|1647176934
|switch|p1a: Skarmory|Skarmory, M|100/100
|move|p2a: Tapu Bulu|Stone Edge|p1a: Skarmory
|-damage|p1a: Skarmory|79/100
|
|upkeep
|turn|4
|
|t:|1647176940
|move|p2a: Tapu Bulu|Swords Dance|p2a: Tapu Bulu
|-boost|p2a: Tapu Bulu|atk|2
|move|p1a: Skarmory|Roost|p1a: Skarmory
|-heal|p1a: Skarmory|100/100
|-singleturn|p1a: Skarmory|move: Roost
|
|upkeep
|turn|5
|
|t:|1647176944
|move|p2a: Tapu Bulu|Close Combat|p1a: Skarmory
|-damage|p1a: Skarmory|44/100
|-unboost|p2a: Tapu Bulu|def|1
|-unboost|p2a: Tapu Bulu|spd|1
|-damage|p2a: Tapu Bulu|84/100|[from] item: Rocky Helmet|[of] p1a: Skarmory
|move|p1a: Skarmory|Brave Bird|p2a: Tapu Bulu
|-supereffective|p2a: Tapu Bulu
|-damage|p2a: Tapu Bulu|0 fnt
|faint|p2a: Tapu Bulu
|-damage|p1a: Skarmory|21/100|[from] Recoil
|
|upkeep
|
|t:|1647176961
|switch|p2a: Urshifu|Urshifu-Rapid-Strike, F|100/100
|-damage|p2a: Urshifu|94/100|[from] Stealth Rock
|turn|6
|
|t:|1647176968
|switch|p1a: Tapu Fini|Tapu Fini|100/100
|-fieldstart|move: Misty Terrain|[from] ability: Misty Surge|[of] p1a: Tapu Fini
|move|p2a: Urshifu|Close Combat|p1a: Tapu Fini
|-resisted|p1a: Tapu Fini
|-damage|p1a: Tapu Fini|82/100
|-unboost|p2a: Urshifu|def|1
|-unboost|p2a: Urshifu|spd|1
|
|-heal|p1a: Tapu Fini|88/100|[from] item: Leftovers
|upkeep
|turn|7
|
|t:|1647176980
|switch|p2a: Heatran|Heatran, M|100/100
|move|p1a: Tapu Fini|Calm Mind|p1a: Tapu Fini
|-boost|p1a: Tapu Fini|spa|1
|-boost|p1a: Tapu Fini|spd|1
|
|-heal|p1a: Tapu Fini|94/100|[from] item: Leftovers
|upkeep
|turn|8
|
|t:|1647176986
|switch|p2a: Ribombee|Ribombee, M|100/100
|-damage|p2a: Ribombee|76/100|[from] Stealth Rock
|move|p1a: Tapu Fini|Surf|p2a: Ribombee
|-damage|p2a: Ribombee|10/100
|
|-heal|p1a: Tapu Fini|99/100|[from] item: Leftovers
|upkeep
|turn|9
|
|t:|1647176990
|move|p2a: Ribombee|Stun Spore|p1a: Tapu Fini
|-activate|p1a: Tapu Fini|move: Misty Terrain
|move|p1a: Tapu Fini|Surf|p2a: Ribombee
|-damage|p2a: Ribombee|0 fnt
|faint|p2a: Ribombee
|
|-heal|p1a: Tapu Fini|100/100|[from] item: Leftovers
|upkeep
|
|t:|1647176998
|switch|p2a: Zapdos|Zapdos-Galar|100/100
|-damage|p2a: Zapdos|88/100|[from] Stealth Rock
|turn|10
|
|t:|1647177004
|move|p2a: Zapdos|Brave Bird|p1a: Tapu Fini
|-damage|p1a: Tapu Fini|56/100
|-damage|p2a: Zapdos|72/100|[from] Recoil
|move|p1a: Tapu Fini|Draining Kiss|p2a: Zapdos
|-supereffective|p2a: Zapdos
|-damage|p2a: Zapdos|16/100
|-heal|p1a: Tapu Fini|95/100|[from] drain|[of] p2a: Zapdos
|-enditem|p2a: Zapdos|Sitrus Berry|[eat]
|-heal|p2a: Zapdos|41/100|[from] item: Sitrus Berry
|
|-heal|p1a: Tapu Fini|100/100|[from] item: Leftovers
|-fieldend|Misty Terrain
|upkeep
|turn|11
|
|t:|1647177011
|move|p2a: Zapdos|Brave Bird|p1a: Tapu Fini
|-damage|p1a: Tapu Fini|55/100
|-damage|p2a: Zapdos|25/100|[from] Recoil
|move|p1a: Tapu Fini|Draining Kiss|p2a: Zapdos
|-supereffective|p2a: Zapdos
|-damage|p2a: Zapdos|0 fnt
|-heal|p1a: Tapu Fini|72/100|[from] drain|[of] p2a: Zapdos
|faint|p2a: Zapdos
|
|-heal|p1a: Tapu Fini|78/100|[from] item: Leftovers
|upkeep
|
|t:|1647177018
|switch|p2a: Heatran|Heatran, M|100/100
|turn|12
|
|t:|1647177021
|move|p2a: Heatran|Magma Storm|p1a: Tapu Fini
|-resisted|p1a: Tapu Fini
|-damage|p1a: Tapu Fini|65/100
|-activate|p1a: Tapu Fini|move: Magma Storm|[of] p2a: Heatran
|move|p1a: Tapu Fini|Surf|p2a: Heatran
|-supereffective|p2a: Heatran
|-damage|p2a: Heatran|9/100
|
|-heal|p1a: Tapu Fini|71/100|[from] item: Leftovers
|-damage|p1a: Tapu Fini|58/100|[from] move: Magma Storm|[partiallytrapped]
|upkeep
|turn|13
|
|t:|1647177027
|move|p2a: Heatran|Flash Cannon|p1a: Tapu Fini
|-damage|p1a: Tapu Fini|35/100
|move|p1a: Tapu Fini|Surf|p2a: Heatran
|-supereffective|p2a: Heatran
|-damage|p2a: Heatran|0 fnt
|faint|p2a: Heatran
|
|-heal|p1a: Tapu Fini|41/100|[from] item: Leftovers
|-end|p1a: Tapu Fini|Magma Storm|[partiallytrapped]|[silent]
|upkeep
|
|t:|1647177031
|switch|p2a: Urshifu|Urshifu-Rapid-Strike, F|94/100
|-damage|p2a: Urshifu|88/100|[from] Stealth Rock
|turn|14
|
|t:|1647177033
|move|p2a: Urshifu|Thunder Punch|p1a: Tapu Fini
|-supereffective|p1a: Tapu Fini
|-damage|p1a: Tapu Fini|6/100
|move|p1a: Tapu Fini|Draining Kiss|p2a: Urshifu
|-supereffective|p2a: Urshifu
|-damage|p2a: Urshifu|12/100
|-heal|p1a: Tapu Fini|63/100|[from] drain|[of] p2a: Urshifu
|
|-heal|p1a: Tapu Fini|69/100|[from] item: Leftovers
|upkeep
|turn|15
|-message|Kikoobuster forfeited.
|
|win|seventhfeather
|raw|seventhfeather's rating: 1588 &rarr; <strong>1609</strong><br />(+21 for winning)
|raw|Kikoobuster's rating: 1613 &rarr; <strong>1592</strong><br />(-21 for losing)
|l|☆Kikoobuster
