|j|☆Mimikyu Stardust
|j|☆LT94JE Genesis
|t:|1661406374
|gametype|singles
|player|p1|Mimikyu Stardust|#mimikyustardust|1729
|player|p2|LT94JE Genesis|dawn-masters2|1749
|teamsize|p1|6
|teamsize|p2|6
|gen|8
|tier|[Gen 8] OU
|rated|
|rule|Sleep Clause Mod: Limit one foe put to sleep
|rule|Species Clause: Limit one of each Pokémon
|rule|OHKO Clause: OHKO moves are banned
|rule|Evasion Items Clause: Evasion items are banned
|rule|Evasion Moves Clause: Evasion moves are banned
|rule|Endless Battle Clause: Forcing endless battles is banned
|rule|HP Percentage Mod: HP is shown in percentages
|rule|Dynamax Clause: You cannot dynamax
|clearpoke
|poke|p1|Kartana|
|poke|p1|Toxtricity, M|
|poke|p1|Celesteela|
|poke|p1|Dragapult, M|
|poke|p1|Mew|
|poke|p1|Zeraora|
|poke|p2|Zeraora|
|poke|p2|Buzzwole|
|poke|p2|Landorus-Therian, M|
|poke|p2|Ferrothorn, M|
|poke|p2|Dragonite, F|
|poke|p2|Clefable, F|
|teampreview
|inactive|Battle timer is ON: inactive players will automatically lose when time's up. (requested by LT94JE Genesis)
|
|t:|1661406388
|start
|switch|p1a: Mew|Mew|100/100
|switch|p2a: Faint|Zeraora|100/100
|turn|1
|
|t:|1661406393
|move|p2a: Faint|Knock Off|p1a: Mew
|-supereffective|p1a: Mew
|-damage|p1a: Mew|52/100
|-enditem|p1a: Mew|Mental Herb|[from] move: Knock Off|[of] p2a: Faint
|move|p1a: Mew|Stealth Rock|p2a: Faint
|-sidestart|p2: LT94JE Genesis|move: Stealth Rock
|
|upkeep
|turn|2
|
|t:|1661406405
|move|p2a: Faint|Plasma Fists|p1a: Mew
|-damage|p1a: Mew|10/100
|-fieldactivate|move: Ion Deluge
|-hint|Normal-type moves become Electric-type after using Plasma Fists.
|move|p1a: Mew|Spikes|p2a: Faint
|-sidestart|p2: LT94JE Genesis|Spikes
|
|upkeep
|turn|3
|
|t:|1661406414
|move|p2a: Faint|Knock Off|p1a: Mew
|-supereffective|p1a: Mew
|-damage|p1a: Mew|0 fnt
|faint|p1a: Mew
|
|upkeep
|
|t:|1661406433
|switch|p1a: Zeraora|Zeraora|100/100
|turn|4
|
|t:|1661406440
|switch|p2a: Golden Time|Landorus-Therian, M|100/100
|-damage|p2a: Golden Time|88/100|[from] Stealth Rock
|-ability|p2a: Golden Time|Intimidate|boost
|-unboost|p1a: Zeraora|atk|1
|-enditem|p1a: Zeraora|Eject Pack
|
|t:|1661406449
|switch|p1a: Celesteela|Celesteela|100/100
|
|-heal|p2a: Golden Time|94/100|[from] item: Leftovers
|upkeep
|turn|5
|
|t:|1661406452
|move|p2a: Golden Time|Knock Off|p1a: Celesteela
|-damage|p1a: Celesteela|67/100
|-enditem|p1a: Celesteela|Expert Belt|[from] move: Knock Off|[of] p2a: Golden Time
|move|p1a: Celesteela|Autotomize|p1a: Celesteela
|-boost|p1a: Celesteela|spe|2
|-start|p1a: Celesteela|Autotomize
|
|-heal|p2a: Golden Time|99/100|[from] item: Leftovers
|upkeep
|turn|6
|inactive|LT94JE Genesis has 120 seconds left.
|
|t:|1661406484
|switch|p2a: Feel Like Sun|Clefable, F|100/100
|move|p1a: Celesteela|Heavy Slam|p2a: Feel Like Sun
|-supereffective|p2a: Feel Like Sun
|-damage|p2a: Feel Like Sun|19/100
|
|-heal|p2a: Feel Like Sun|25/100|[from] item: Leftovers
|upkeep
|turn|7
|inactive|LT94JE Genesis has 120 seconds left.
|j| SofteLocke
|
|t:|1661406509
|switch|p1a: Dragapult|Dragapult, M|100/100
|switch|p2a: Golden Time|Landorus-Therian, M|99/100
|-damage|p2a: Golden Time|88/100|[from] Stealth Rock
|-ability|p2a: Golden Time|Intimidate|boost
|-unboost|p1a: Dragapult|atk|1
|
|-heal|p2a: Golden Time|94/100|[from] item: Leftovers
|upkeep
|turn|8
|l| SofteLocke
|inactive|LT94JE Genesis has 90 seconds left.
|j| phuc black people
|
|t:|1661406539
|move|p1a: Dragapult|Shadow Ball|p2a: Golden Time
|-damage|p2a: Golden Time|30/100
|move|p2a: Golden Time|Knock Off|p1a: Dragapult
|-supereffective|p1a: Dragapult
|-damage|p1a: Dragapult|0 fnt
|-enditem|p1a: Dragapult|Choice Specs|[from] move: Knock Off|[of] p2a: Golden Time
|faint|p1a: Dragapult
|
|-heal|p2a: Golden Time|36/100|[from] item: Leftovers
|upkeep
|c| phuc black people|damnnn
|
|t:|1661406551
|switch|p1a: Toxtricity|Toxtricity, M|100/100
|turn|9
|c| phuc black people|you got fucked up son
|inactive|LT94JE Genesis has 90 seconds left.
|
|t:|1661406570
|switch|p2a: Crimson Thorn|Ferrothorn, M, shiny|100/100
|-damage|p2a: Crimson Thorn|94/100|[from] Stealth Rock
|-damage|p2a: Crimson Thorn|82/100|[from] Spikes
|move|p1a: Toxtricity|Boomburst|p2a: Crimson Thorn
|-resisted|p2a: Crimson Thorn
|-damage|p2a: Crimson Thorn|50/100
|-damage|p1a: Toxtricity|91/100|[from] item: Life Orb
|
|-heal|p2a: Crimson Thorn|57/100|[from] item: Leftovers
|upkeep
|turn|10
|inactive|LT94JE Genesis has 90 seconds left.
|
|t:|1661406584
|move|p1a: Toxtricity|Shift Gear|p1a: Toxtricity
|-boost|p1a: Toxtricity|spe|2
|-boost|p1a: Toxtricity|atk|1
|move|p2a: Crimson Thorn|Leech Seed|p1a: Toxtricity
|-start|p1a: Toxtricity|move: Leech Seed
|
|-heal|p2a: Crimson Thorn|63/100|[from] item: Leftovers
|-damage|p1a: Toxtricity|78/100|[from] Leech Seed|[of] p2a: Crimson Thorn
|-heal|p2a: Crimson Thorn|73/100|[silent]
|upkeep
|turn|11
|inactive|LT94JE Genesis has 90 seconds left.
|
|t:|1661406604
|switch|p2a: Golden Time|Landorus-Therian, M|36/100
|-damage|p2a: Golden Time|23/100|[from] Stealth Rock
|-ability|p2a: Golden Time|Intimidate|boost
|-unboost|p1a: Toxtricity|atk|1
|move|p1a: Toxtricity|Drain Punch|p2a: Golden Time
|-resisted|p2a: Golden Time
|-damage|p2a: Golden Time|11/100
|-heal|p1a: Toxtricity|85/100|[from] drain|[of] p2a: Golden Time
|-damage|p1a: Toxtricity|75/100|[from] item: Life Orb
|
|-heal|p2a: Golden Time|17/100|[from] item: Leftovers
|-damage|p1a: Toxtricity|62/100|[from] Leech Seed|[of] p2a: Golden Time
|-heal|p2a: Golden Time|29/100|[silent]
|upkeep
|turn|12
|
|t:|1661406624
|switch|p2a: Feel Like Sun|Clefable, F|25/100
|move|p1a: Toxtricity|Boomburst|p2a: Feel Like Sun
|-damage|p2a: Feel Like Sun|0 fnt
|faint|p2a: Feel Like Sun
|-damage|p1a: Toxtricity|52/100|[from] item: Life Orb
|
|upkeep
|
|t:|1661406634
|switch|p2a: Golden Time|Landorus-Therian, M|29/100
|-damage|p2a: Golden Time|16/100|[from] Stealth Rock
|-ability|p2a: Golden Time|Intimidate|boost
|-unboost|p1a: Toxtricity|atk|1
|turn|13
|
|t:|1661406646
|switch|p2a: Crimson Thorn|Ferrothorn, M, shiny|73/100
|-damage|p2a: Crimson Thorn|67/100|[from] Stealth Rock
|-damage|p2a: Crimson Thorn|54/100|[from] Spikes
|move|p1a: Toxtricity|Boomburst|p2a: Crimson Thorn
|-resisted|p2a: Crimson Thorn
|-damage|p2a: Crimson Thorn|24/100
|-damage|p1a: Toxtricity|42/100|[from] item: Life Orb
|
|-heal|p2a: Crimson Thorn|30/100|[from] item: Leftovers
|-damage|p1a: Toxtricity|30/100|[from] Leech Seed|[of] p2a: Crimson Thorn
|-heal|p2a: Crimson Thorn|40/100|[silent]
|upkeep
|turn|14
|
|t:|1661406657
|move|p1a: Toxtricity|Boomburst|p2a: Crimson Thorn
|-resisted|p2a: Crimson Thorn
|-damage|p2a: Crimson Thorn|10/100
|-damage|p1a: Toxtricity|20/100|[from] item: Life Orb
|move|p2a: Crimson Thorn|Iron Head|p1a: Toxtricity
|-resisted|p1a: Toxtricity
|-damage|p1a: Toxtricity|0 fnt
|faint|p1a: Toxtricity
|
|-heal|p2a: Crimson Thorn|17/100|[from] item: Leftovers
|upkeep
|j| LT94JE Tace
|l| LT94JE Tace
|
|t:|1661406670
|switch|p1a: Zeraora|Zeraora|100/100
|turn|15
|
|t:|1661406677
|move|p1a: Zeraora|Bulk Up|p1a: Zeraora
|-boost|p1a: Zeraora|atk|1
|-boost|p1a: Zeraora|def|1
|move|p2a: Crimson Thorn|Leech Seed|p1a: Zeraora
|-start|p1a: Zeraora|move: Leech Seed
|
|-heal|p2a: Crimson Thorn|23/100|[from] item: Leftovers
|-damage|p1a: Zeraora|88/100|[from] Leech Seed|[of] p2a: Crimson Thorn
|-heal|p2a: Crimson Thorn|34/100|[silent]
|upkeep
|turn|16
|
|t:|1661406697
|switch|p2a: Golden Time|Landorus-Therian, M|16/100
|-damage|p2a: Golden Time|4/100|[from] Stealth Rock
|-ability|p2a: Golden Time|Intimidate|boost
|-unboost|p1a: Zeraora|atk|1
|move|p1a: Zeraora|Close Combat|p2a: Golden Time
|-resisted|p2a: Golden Time
|-damage|p2a: Golden Time|0 fnt
|-unboost|p1a: Zeraora|def|1
|-unboost|p1a: Zeraora|spd|1
|faint|p2a: Golden Time
|
|upkeep
|
|t:|1661406707
|switch|p2a: Lost Cause|Buzzwole|100/100
|-damage|p2a: Lost Cause|88/100|[from] Stealth Rock
|-damage|p2a: Lost Cause|76/100|[from] Spikes
|turn|17
|
|t:|1661406712
|move|p1a: Zeraora|Plasma Fists|p2a: Lost Cause
|-damage|p2a: Lost Cause|46/100
|-fieldactivate|move: Ion Deluge
|-hint|Normal-type moves become Electric-type after using Plasma Fists.
|move|p2a: Lost Cause|Close Combat|p1a: Zeraora
|-damage|p1a: Zeraora|0 fnt
|-unboost|p2a: Lost Cause|def|1
|-unboost|p2a: Lost Cause|spd|1
|faint|p1a: Zeraora
|-ability|p2a: Lost Cause|Beast Boost|boost
|-boost|p2a: Lost Cause|atk|1
|
|upkeep
|
|t:|1661406719
|switch|p1a: Kartana|Kartana|100/100
|turn|18
|inactive|LT94JE Genesis has 90 seconds left.
|
|t:|1661406730
|switch|p2a: Crimson Thorn|Ferrothorn, M, shiny|34/100
|-damage|p2a: Crimson Thorn|28/100|[from] Stealth Rock
|-damage|p2a: Crimson Thorn|15/100|[from] Spikes
|move|p1a: Kartana|Smart Strike|p2a: Crimson Thorn
|-resisted|p2a: Crimson Thorn
|-damage|p2a: Crimson Thorn|0 fnt
|-damage|p1a: Kartana|88/100|[from] ability: Iron Barbs|[of] p2a: Crimson Thorn
|faint|p2a: Crimson Thorn
|-ability|p1a: Kartana|Beast Boost|boost
|-boost|p1a: Kartana|atk|1
|
|upkeep
|inactive|LT94JE Genesis has 90 seconds left.
|
|t:|1661406752
|switch|p2a: Bellyache|Dragonite, F|100/100
|turn|19
|j| Way Hubris
|
|t:|1661406774
|move|p1a: Kartana|Smart Strike|p2a: Bellyache
|-damage|p2a: Bellyache|71/100
|move|p2a: Bellyache|Flamethrower|p1a: Kartana
|-supereffective|p1a: Kartana
|-damage|p1a: Kartana|0 fnt
|faint|p1a: Kartana
|
|upkeep
|
|t:|1661406777
|switch|p1a: Celesteela|Celesteela|67/100
|turn|20
|
|t:|1661406783
|switch|p2a: Faint|Zeraora|100/100
|move|p1a: Celesteela|Autotomize|p1a: Celesteela
|-boost|p1a: Celesteela|spe|2
|-start|p1a: Celesteela|Autotomize
|
|upkeep
|turn|21
|
|t:|1661406788
|move|p1a: Celesteela|Earthquake|p2a: Faint
|-supereffective|p2a: Faint
|-damage|p2a: Faint|12/100
|move|p2a: Faint|Plasma Fists|p1a: Celesteela
|-supereffective|p1a: Celesteela
|-damage|p1a: Celesteela|0 fnt
|-fieldactivate|move: Ion Deluge
|-hint|Normal-type moves become Electric-type after using Plasma Fists.
|faint|p1a: Celesteela
|
|win|LT94JE Genesis
|raw|Mimikyu Stardust's rating: 1729 &rarr; <strong>1710</strong><br />(-19 for losing)
|raw|LT94JE Genesis's rating: 1749 &rarr; <strong>1768</strong><br />(+19 for winning)
|l|☆Mimikyu Stardust
