|j|☆Testing Diamonds
|j|☆Rheinmetal
|t:|1599912837
|player|p1|Testing Diamonds|ghetsis-gen5bw|1597
|player|p2|Rheinmetal|cynthia|1651
|teamsize|p1|6
|teamsize|p2|6
|gametype|singles
|gen|8
|tier|[Gen 8] OU
|rated|
|clearpoke
|poke|p1|Appletun, F|
|poke|p1|Hatterene, F|
|poke|p1|Mandibuzz, F|
|poke|p1|Bewear, F|
|poke|p1|Volcarona, F|
|poke|p1|Rhyperior, F|
|poke|p2|Torkoal, M|
|poke|p2|Charizard, M|
|poke|p2|Venusaur, M|
|poke|p2|Excadrill, M|
|poke|p2|Togekiss, M|
|poke|p2|Urshifu-*, M|
|rule|Sleep Clause Mod: Limit one foe put to sleep
|rule|Species Clause: Limit one of each Pokémon
|rule|OHKO Clause: OHKO moves are banned
|rule|Evasion Moves Clause: Evasion moves are banned
|rule|Endless Battle Clause: Forcing endless battles is banned
|rule|HP Percentage Mod: HP is shown in percentages
|rule|Dynamax Clause: You cannot dynamax
|teampreview
|inactive|Battle timer is ON: inactive players will automatically lose when time's up. (requested by Rheinmetal)
|
|t:|1599912855
|start
|switch|p1a: Tree Trunks|Appletun, F|100/100
|switch|p2a: Oppenheimer|Torkoal, M|100/100
|-weather|SunnyDay|[from] ability: Drought|[of] p2a: Oppenheimer
|turn|1
|
|t:|1599912862
|move|p1a: Tree Trunks|Substitute|p1a: Tree Trunks
|-start|p1a: Tree Trunks|Substitute
|-damage|p1a: Tree Trunks|75/100
|move|p2a: Oppenheimer|Stealth Rock|p1a: Tree Trunks
|-sidestart|p1: Testing Diamonds|move: Stealth Rock
|
|-weather|SunnyDay|[upkeep]
|-heal|p1a: Tree Trunks|82/100|[from] item: Leftovers
|upkeep
|turn|2
|
|t:|1599912873
|switch|p2a: Nuclear|Charizard, M, shiny|100/100
|move|p1a: Tree Trunks|Apple Acid|p2a: Nuclear
|-resisted|p2a: Nuclear
|-damage|p2a: Nuclear|90/100
|-unboost|p2a: Nuclear|spd|1
|
|-weather|SunnyDay|[upkeep]
|-damage|p2a: Nuclear|78/100|[from] ability: Solar Power|[of] p2a: Nuclear
|-heal|p1a: Tree Trunks|88/100|[from] item: Leftovers
|upkeep
|turn|3
|
|t:|1599912897
|switch|p2a: Togekiss|Togekiss, M|100/100
|move|p1a: Tree Trunks|Substitute|p1a: Tree Trunks
|-fail|p1a: Tree Trunks|move: Substitute
|
|-weather|SunnyDay|[upkeep]
|-heal|p1a: Tree Trunks|94/100|[from] item: Leftovers
|upkeep
|turn|4
|j| ImagineDragonsFlow
|
|t:|1599912907
|move|p2a: Togekiss|Air Slash|p1a: Tree Trunks
|-supereffective|p1a: Tree Trunks
|-end|p1a: Tree Trunks|Substitute
|move|p1a: Tree Trunks|Leech Seed|p2a: Togekiss
|-start|p2a: Togekiss|move: Leech Seed
|
|-weather|SunnyDay|[upkeep]
|-heal|p1a: Tree Trunks|99/100|[from] item: Leftovers
|-damage|p2a: Togekiss|88/100|[from] Leech Seed|[of] p1a: Tree Trunks
|-heal|p1a: Tree Trunks|100/100|[silent]
|upkeep
|turn|5
|
|t:|1599912922
|switch|p2a: Venusaur|Venusaur, M|100/100
|switch|p1a: Rhyperior|Rhyperior, F|100/100
|-damage|p1a: Rhyperior|94/100|[from] Stealth Rock
|
|-weather|SunnyDay|[upkeep]
|upkeep
|turn|6
|
|t:|1599912935
|move|p2a: Venusaur|Growth|p2a: Venusaur
|-boost|p2a: Venusaur|atk|2
|-boost|p2a: Venusaur|spa|2
|move|p1a: Rhyperior|Earthquake|p2a: Venusaur
|-damage|p2a: Venusaur|19/100
|
|-weather|SunnyDay|[upkeep]
|upkeep
|turn|7
|inactive|Testing Diamonds has 120 seconds left.
|
|t:|1599912969
|switch|p1a: Tree Trunks|Appletun, F|100/100
|-damage|p1a: Tree Trunks|88/100|[from] Stealth Rock
|move|p2a: Venusaur|Giga Drain|p1a: Tree Trunks
|-resisted|p1a: Tree Trunks
|-damage|p1a: Tree Trunks|65/100
|-heal|p2a: Venusaur|34/100|[from] drain|[of] p1a: Tree Trunks
|-damage|p2a: Venusaur|24/100|[from] item: Life Orb
|
|-weather|SunnyDay|[upkeep]
|-heal|p1a: Tree Trunks|71/100|[from] item: Leftovers
|upkeep
|turn|8
|inactive|Testing Diamonds has 120 seconds left.
|
|t:|1599912984
|move|p2a: Venusaur|Growth|p2a: Venusaur
|-boost|p2a: Venusaur|atk|2
|-boost|p2a: Venusaur|spa|2
|move|p1a: Tree Trunks|Dragon Pulse|p2a: Venusaur
|-damage|p2a: Venusaur|0 fnt
|faint|p2a: Venusaur
|
|-weather|none
|-heal|p1a: Tree Trunks|77/100|[from] item: Leftovers
|upkeep
|
|t:|1599912988
|switch|p2a: Togekiss|Togekiss, M|88/100
|turn|9
|
|t:|1599912999
|switch|p1a: Rhyperior|Rhyperior, F|94/100
|-damage|p1a: Rhyperior|88/100|[from] Stealth Rock
|move|p2a: Togekiss|Dazzling Gleam|p1a: Rhyperior
|-damage|p1a: Rhyperior|60/100
|
|upkeep
|turn|10
|
|t:|1599913014
|switch|p2a: Urshifu|Urshifu, M|100/100
|move|p1a: Rhyperior|Smack Down|p2a: Urshifu
|-resisted|p2a: Urshifu
|-damage|p2a: Urshifu|86/100
|
|upkeep
|turn|11
|inactive|Testing Diamonds has 120 seconds left.
|
|t:|1599913030
|switch|p1a: Mandibuzz|Mandibuzz, F|100/100
|move|p2a: Urshifu|Wicked Blow|p1a: Mandibuzz
|-resisted|p1a: Mandibuzz
|-crit|p1a: Mandibuzz
|-damage|p1a: Mandibuzz|78/100
|-damage|p2a: Urshifu|76/100|[from] item: Life Orb
|
|upkeep
|turn|12
|
|t:|1599913039
|switch|p2a: Oppenheimer|Torkoal, M|100/100
|-weather|SunnyDay|[from] ability: Drought|[of] p2a: Oppenheimer
|move|p1a: Mandibuzz|Brave Bird|p2a: Oppenheimer
|-damage|p2a: Oppenheimer|85/100
|-damage|p1a: Mandibuzz|74/100|[from] Recoil
|
|-weather|SunnyDay|[upkeep]
|upkeep
|turn|13
|
|t:|1599913048
|switch|p2a: Nuclear|Charizard, M, shiny|78/100
|move|p1a: Mandibuzz|Defog|p2a: Nuclear
|-unboost|p2a: Nuclear|evasion|1
|-sideend|p1: Testing Diamonds|Stealth Rock|[from] move: Defog|[of] p1a: Mandibuzz
|
|-weather|SunnyDay|[upkeep]
|-damage|p2a: Nuclear|65/100|[from] ability: Solar Power|[of] p2a: Nuclear
|upkeep
|turn|14
|
|t:|1599913059
|switch|p1a: Rhyperior|Rhyperior, F|60/100
|move|p2a: Nuclear|Weather Ball|p1a: Rhyperior
|-resisted|p1a: Rhyperior
|-crit|p1a: Rhyperior
|-damage|p1a: Rhyperior|0 fnt
|faint|p1a: Rhyperior
|
|-weather|SunnyDay|[upkeep]
|-damage|p2a: Nuclear|53/100|[from] ability: Solar Power|[of] p2a: Nuclear
|upkeep
|inactive|Testing Diamonds has 120 seconds left.
|
|t:|1599913097
|switch|p1a: Tree Trunks|Appletun, F|77/100
|turn|15
|
|t:|1599913102
|move|p2a: Nuclear|Weather Ball|p1a: Tree Trunks
|-damage|p1a: Tree Trunks|3/100
|move|p1a: Tree Trunks|Dragon Pulse|p2a: Nuclear
|-damage|p2a: Nuclear|8/100
|
|-weather|SunnyDay|[upkeep]
|-damage|p2a: Nuclear|0 fnt|[from] ability: Solar Power|[of] p2a: Nuclear
|faint|p2a: Nuclear
|-heal|p1a: Tree Trunks|9/100|[from] item: Leftovers
|upkeep
|
|t:|1599913110
|switch|p2a: Togekiss|Togekiss, M|88/100
|turn|16
|c|☆Testing Diamonds|Fucking goat
|c|☆Testing Diamonds|iblove that mon lol
|
|t:|1599913130
|move|p2a: Togekiss|Air Slash|p1a: Tree Trunks
|-supereffective|p1a: Tree Trunks
|-damage|p1a: Tree Trunks|0 fnt
|faint|p1a: Tree Trunks
|
|-weather|SunnyDay|[upkeep]
|upkeep
|j| MoonHigh
|
|t:|1599913149
|switch|p1a: Volcarona|Volcarona, F|100/100
|turn|17
|
|t:|1599913153
|move|p2a: Togekiss|Air Slash|p1a: Volcarona
|-supereffective|p1a: Volcarona
|-damage|p1a: Volcarona|25/100
|cant|p1a: Volcarona|flinch
|
|-weather|SunnyDay|[upkeep]
|upkeep
|turn|18
|
|t:|1599913160
|move|p2a: Togekiss|Air Slash|p1a: Volcarona
|-supereffective|p1a: Volcarona
|-damage|p1a: Volcarona|0 fnt
|faint|p1a: Volcarona
|
|-weather|SunnyDay|[upkeep]
|upkeep
|
|t:|1599913169
|switch|p1a: Hatterene|Hatterene, F|100/100
|turn|19
|
|t:|1599913181
|switch|p2a: Excadrill|Excadrill, M|100/100
|-ability|p2a: Excadrill|Mold Breaker
|move|p1a: Hatterene|Mystical Fire|p2a: Excadrill
|-supereffective|p2a: Excadrill
|-damage|p2a: Excadrill|41/100
|-unboost|p2a: Excadrill|spa|1
|
|-weather|none
|-heal|p2a: Excadrill|47/100|[from] item: Leftovers
|upkeep
|turn|20
|
|t:|1599913194
|switch|p1a: Bertha|Bewear, F|100/100
|move|p2a: Excadrill|Toxic|p1a: Bertha
|-status|p1a: Bertha|tox
|
|-heal|p2a: Excadrill|53/100|[from] item: Leftovers
|-damage|p1a: Bertha|94/100 tox|[from] psn
|upkeep
|turn|21
|
|t:|1599913204
|switch|p2a: Oppenheimer|Torkoal, M|85/100
|-weather|SunnyDay|[from] ability: Drought|[of] p2a: Oppenheimer
|move|p1a: Bertha|Facade|p2a: Oppenheimer
|-damage|p2a: Oppenheimer|42/100
|
|-weather|SunnyDay|[upkeep]
|-heal|p1a: Bertha|100/100 tox|[from] item: Leftovers
|-damage|p1a: Bertha|88/100 tox|[from] psn
|upkeep
|turn|22
|
|t:|1599913217
|switch|p2a: Excadrill|Excadrill, M|53/100
|-ability|p2a: Excadrill|Mold Breaker
|move|p1a: Bertha|Facade|p2a: Excadrill
|-resisted|p2a: Excadrill
|-damage|p2a: Excadrill|5/100
|
|-weather|SunnyDay|[upkeep]
|-heal|p2a: Excadrill|11/100|[from] item: Leftovers
|-heal|p1a: Bertha|94/100 tox|[from] item: Leftovers
|-damage|p1a: Bertha|76/100 tox|[from] psn
|upkeep
|turn|23
|
|t:|1599913229
|move|p2a: Excadrill|Stealth Rock|p1a: Bertha
|-sidestart|p1: Testing Diamonds|move: Stealth Rock
|move|p1a: Bertha|Earthquake|p2a: Excadrill
|-supereffective|p2a: Excadrill
|-damage|p2a: Excadrill|0 fnt
|faint|p2a: Excadrill
|
|-weather|SunnyDay|[upkeep]
|-heal|p1a: Bertha|82/100 tox|[from] item: Leftovers
|-damage|p1a: Bertha|58/100 tox|[from] psn
|upkeep
|
|t:|1599913232
|switch|p2a: Togekiss|Togekiss, M|88/100
|turn|24
|inactive|Testing Diamonds has 120 seconds left.
|
|t:|1599913243
|move|p2a: Togekiss|Air Slash|p1a: Bertha
|-supereffective|p1a: Bertha
|-damage|p1a: Bertha|0 fnt
|faint|p1a: Bertha
|
|-weather|SunnyDay|[upkeep]
|upkeep
|
|t:|1599913249
|switch|p1a: Hatterene|Hatterene, F|100/100
|-damage|p1a: Hatterene|88/100|[from] Stealth Rock
|turn|25
|
|t:|1599913254
|switch|p2a: Oppenheimer|Torkoal, M|42/100
|move|p1a: Hatterene|Mystical Fire|p2a: Oppenheimer
|-resisted|p2a: Oppenheimer
|-crit|p2a: Oppenheimer
|-damage|p2a: Oppenheimer|0 fnt
|faint|p2a: Oppenheimer
|
|-weather|SunnyDay|[upkeep]
|-heal|p1a: Hatterene|94/100|[from] item: Leftovers
|upkeep
|
|t:|1599913256
|switch|p2a: Urshifu|Urshifu, M|76/100
|turn|26
|
|t:|1599913266
|move|p2a: Urshifu|Poison Jab|p1a: Hatterene
|-supereffective|p1a: Hatterene
|-damage|p1a: Hatterene|30/100
|-damage|p2a: Urshifu|66/100|[from] item: Life Orb
|move|p1a: Hatterene|Draining Kiss|p2a: Urshifu
|-supereffective|p2a: Urshifu
|-damage|p2a: Urshifu|0 fnt
|-heal|p1a: Hatterene|84/100|[from] drain|[of] p2a: Urshifu
|faint|p2a: Urshifu
|
|-weather|SunnyDay|[upkeep]
|-heal|p1a: Hatterene|89/100|[from] item: Leftovers
|upkeep
|
|t:|1599913269
|switch|p2a: Togekiss|Togekiss, M|88/100
|turn|27
|
|t:|1599913281
|move|p2a: Togekiss|Air Slash|p1a: Hatterene
|-damage|p1a: Hatterene|52/100
|cant|p1a: Hatterene|flinch
|
|-weather|SunnyDay|[upkeep]
|-heal|p1a: Hatterene|58/100|[from] item: Leftovers
|upkeep
|turn|28
|
|t:|1599913289
|move|p2a: Togekiss|Air Slash|p1a: Hatterene
|-damage|p1a: Hatterene|22/100
|move|p1a: Hatterene|Mystical Fire|p2a: Togekiss
|-damage|p2a: Togekiss|50/100
|-unboost|p2a: Togekiss|spa|1
|
|-weather|none
|-heal|p1a: Hatterene|28/100|[from] item: Leftovers
|upkeep
|turn|29
|
|t:|1599913299
|move|p2a: Togekiss|Air Slash|p1a: Hatterene
|-damage|p1a: Hatterene|1/100
|move|p1a: Hatterene|Draining Kiss|p2a: Togekiss
|-damage|p2a: Togekiss|22/100
|-heal|p1a: Hatterene|21/100|[from] drain|[of] p2a: Togekiss
|
|-heal|p1a: Hatterene|27/100|[from] item: Leftovers
|upkeep
|turn|30
|
|t:|1599913307
|move|p2a: Togekiss|Air Slash|p1a: Hatterene
|-damage|p1a: Hatterene|2/100
|cant|p1a: Hatterene|flinch
|
|-heal|p1a: Hatterene|8/100|[from] item: Leftovers
|upkeep
|turn|31
|
|t:|1599913314
|move|p2a: Togekiss|Air Slash|p1a: Hatterene
|-damage|p1a: Hatterene|0 fnt
|faint|p1a: Hatterene
|
|upkeep
|
|t:|1599913319
|switch|p1a: Mandibuzz|Mandibuzz, F|74/100
|turn|32
|
|t:|1599913322
|move|p2a: Togekiss|Air Slash|p1a: Mandibuzz
|-damage|p1a: Mandibuzz|54/100
|cant|p1a: Mandibuzz|flinch
|
|upkeep
|turn|33
|
|t:|1599913327
|move|p2a: Togekiss|Air Slash|p1a: Mandibuzz
|-damage|p1a: Mandibuzz|32/100
|cant|p1a: Mandibuzz|flinch
|
|upkeep
|turn|34
|
|t:|1599913332
|move|p2a: Togekiss|Air Slash|p1a: Mandibuzz
|-damage|p1a: Mandibuzz|11/100
|move|p1a: Mandibuzz|Brave Bird|p2a: Togekiss
|-damage|p2a: Togekiss|0 fnt
|-damage|p1a: Mandibuzz|6/100|[from] Recoil
|faint|p2a: Togekiss
|
|win|Testing Diamonds
|raw|Testing Diamonds's rating: 1597 &rarr; <strong>1619</strong><br />(+22 for winning)
|raw|Rheinmetal's rating: 1633 &rarr; <strong>1611</strong><br />(-22 for losing)
|l|☆Rheinmetal
|c|☆Testing Diamonds|Yes
|c|☆Testing Diamonds|Gg
|l| ImagineDragonsFlow
