|j|☆Anibunnysomoney
|j|☆DuelLuna
|t:|1667350788
|gametype|singles
|player|p1|Anibunnysomoney|swimmer-gen4|1442
|player|p2|DuelLuna|caitlin|1478
|teamsize|p1|6
|teamsize|p2|6
|gen|8
|tier|[Gen 8] OU
|rated|
|rule|Sleep Clause Mod: Limit one foe put to sleep
|rule|Species Clause: Limit one of each Pokémon
|rule|OHKO Clause: OHKO moves are banned
|rule|Evasion Items Clause: Evasion items are banned
|rule|Evasion Moves Clause: Evasion moves are banned
|rule|Endless Battle Clause: Forcing endless battles is banned
|rule|HP Percentage Mod: HP is shown in percentages
|rule|Dynamax Clause: You cannot dynamax
|clearpoke
|poke|p1|Terrakion|
|poke|p1|Buzzwole|
|poke|p1|Heatran, M|
|poke|p1|Tapu Fini|
|poke|p1|Jirachi|
|poke|p1|Landorus-Therian, M|
|poke|p2|Regieleki|
|poke|p2|Hippowdon, F|
|poke|p2|Corviknight, F|
|poke|p2|Victini|
|poke|p2|Tapu Koko|
|poke|p2|Buzzwole|
|teampreview
|inactive|Battle timer is ON: inactive players will automatically lose when time's up. (requested by Anibunnysomoney)
|c|☆DuelLuna|Glhf
|inactive|DuelLuna has 120 seconds left.
|
|t:|1667350824
|start
|switch|p1a: Tapu Fini|Tapu Fini|100/100
|switch|p2a: Regieleki|Regieleki|100/100
|-fieldstart|move: Misty Terrain|[from] ability: Misty Surge|[of] p1a: Tapu Fini
|turn|1
|
|t:|1667350833
|switch|p1a: Landorus|Landorus-Therian, M|100/100
|-ability|p1a: Landorus|Intimidate|boost
|-unboost|p2a: Regieleki|atk|1
|move|p2a: Regieleki|Explosion|p1a: Landorus
|-damage|p1a: Landorus|9/100
|faint|p2a: Regieleki
|
|-heal|p1a: Landorus|15/100|[from] item: Leftovers
|upkeep
|c|☆Anibunnysomoney|U2
|
|t:|1667350842
|switch|p2a: Victini|Victini|100/100
|turn|2
|
|t:|1667350845
|switch|p1a: Heatran|Heatran, M|100/100
|move|p2a: Victini|U-turn|p1a: Heatran
|-resisted|p1a: Heatran
|-damage|p1a: Heatran|94/100
|
|t:|1667350848
|switch|p2a: Hippowdon|Hippowdon, F|100/100|[from]move: U-turn
|-weather|Sandstorm|[from] ability: Sand Stream|[of] p2a: Hippowdon
|
|-weather|Sandstorm|[upkeep]
|-heal|p1a: Heatran|99/100|[from] item: Leftovers
|upkeep
|turn|3
|
|t:|1667350853
|switch|p1a: Tapu Fini|Tapu Fini|100/100
|move|p2a: Hippowdon|Earthquake|p1a: Tapu Fini
|-damage|p1a: Tapu Fini|69/100
|
|-weather|Sandstorm|[upkeep]
|-damage|p1a: Tapu Fini|63/100|[from] Sandstorm
|upkeep
|turn|4
|
|t:|1667350856
|switch|p2a: Corviknight|Corviknight, F|100/100
|-ability|p2a: Corviknight|Pressure
|move|p1a: Tapu Fini|Trick|p2a: Corviknight
|-activate|p1a: Tapu Fini|move: Trick|[of] p2a: Corviknight
|-item|p2a: Corviknight|Choice Scarf|[from] move: Trick
|-item|p1a: Tapu Fini|Leftovers|[from] move: Trick
|
|-weather|Sandstorm|[upkeep]
|-damage|p1a: Tapu Fini|56/100|[from] Sandstorm
|-heal|p1a: Tapu Fini|63/100|[from] item: Leftovers
|upkeep
|turn|5
|
|t:|1667350860
|move|p2a: Corviknight|U-turn|p1a: Tapu Fini
|-resisted|p1a: Tapu Fini
|-damage|p1a: Tapu Fini|56/100
|
|t:|1667350863
|switch|p2a: Tapu Koko|Tapu Koko|100/100|[from]move: U-turn
|-fieldstart|move: Electric Terrain|[from] ability: Electric Surge|[of] p2a: Tapu Koko
|move|p1a: Tapu Fini|Whirlpool|p2a: Tapu Koko
|-damage|p2a: Tapu Koko|84/100
|-activate|p2a: Tapu Koko|move: Whirlpool|[of] p1a: Tapu Fini
|
|-weather|Sandstorm|[upkeep]
|-damage|p2a: Tapu Koko|78/100|[from] Sandstorm
|-damage|p1a: Tapu Fini|50/100|[from] Sandstorm
|-heal|p1a: Tapu Fini|56/100|[from] item: Leftovers
|-damage|p2a: Tapu Koko|66/100|[from] move: Whirlpool|[partiallytrapped]
|upkeep
|turn|6
|
|t:|1667350871
|switch|p1a: Heatran|Heatran, M|99/100
|move|p2a: Tapu Koko|Volt Switch|p1a: Heatran
|-damage|p1a: Heatran|77/100
|
|t:|1667350874
|switch|p2a: Hippowdon|Hippowdon, F|100/100|[from]move: Volt Switch
|
|-weather|none
|-heal|p1a: Heatran|83/100|[from] item: Leftovers
|upkeep
|turn|7
|
|t:|1667350883
|switch|p1a: Tapu Fini|Tapu Fini|56/100
|-fieldstart|move: Misty Terrain|[from] ability: Misty Surge|[of] p1a: Tapu Fini
|move|p2a: Hippowdon|Stealth Rock|p1a: Tapu Fini
|-sidestart|p1: Anibunnysomoney|move: Stealth Rock
|
|-heal|p1a: Tapu Fini|62/100|[from] item: Leftovers
|upkeep
|turn|8
|
|t:|1667350889
|switch|p2a: Tapu Koko|Tapu Koko|66/100
|-fieldstart|move: Electric Terrain|[from] ability: Electric Surge|[of] p2a: Tapu Koko
|move|p1a: Tapu Fini|Whirlpool|p2a: Tapu Koko
|-damage|p2a: Tapu Koko|47/100
|-activate|p2a: Tapu Koko|move: Whirlpool|[of] p1a: Tapu Fini
|
|-heal|p1a: Tapu Fini|68/100|[from] item: Leftovers
|-damage|p2a: Tapu Koko|35/100|[from] move: Whirlpool|[partiallytrapped]
|upkeep
|turn|9
|
|t:|1667350899
|switch|p1a: Jirachi|Jirachi|100/100
|-damage|p1a: Jirachi|94/100|[from] Stealth Rock
|move|p2a: Tapu Koko|Roost|p2a: Tapu Koko
|-heal|p2a: Tapu Koko|85/100
|-singleturn|p2a: Tapu Koko|move: Roost
|
|-end|p2a: Tapu Koko|Whirlpool|[partiallytrapped]|[silent]
|upkeep
|turn|10
|
|t:|1667350907
|move|p1a: Jirachi|Iron Head|p2a: Tapu Koko
|-damage|p2a: Tapu Koko|36/100
|cant|p2a: Tapu Koko|flinch
|
|upkeep
|turn|11
|
|t:|1667350914
|switch|p1a: Heatran|Heatran, M|83/100
|-damage|p1a: Heatran|71/100|[from] Stealth Rock
|switch|p2a: Victini|Victini|100/100
|
|-heal|p1a: Heatran|77/100|[from] item: Leftovers
|upkeep
|turn|12
|
|t:|1667350919
|move|p1a: Heatran|Protect|p1a: Heatran
|-singleturn|p1a: Heatran|Protect
|move|p2a: Victini|Bolt Strike|p1a: Heatran
|-activate|p1a: Heatran|move: Protect
|
|-heal|p1a: Heatran|83/100|[from] item: Leftovers
|-fieldend|move: Electric Terrain
|upkeep
|turn|13
|
|t:|1667350925
|move|p2a: Victini|Bolt Strike|p1a: Heatran
|-damage|p1a: Heatran|38/100
|move|p1a: Heatran|Magma Storm|p2a: Victini
|-resisted|p2a: Victini
|-damage|p2a: Victini|79/100
|-activate|p2a: Victini|move: Magma Storm|[of] p1a: Heatran
|
|-heal|p1a: Heatran|44/100|[from] item: Leftovers
|-damage|p2a: Victini|66/100|[from] move: Magma Storm|[partiallytrapped]
|upkeep
|turn|14
|
|t:|1667350929
|move|p1a: Heatran|Protect|p1a: Heatran
|-singleturn|p1a: Heatran|Protect
|move|p2a: Victini|Bolt Strike|p1a: Heatran
|-activate|p1a: Heatran|move: Protect
|
|-heal|p1a: Heatran|50/100|[from] item: Leftovers
|-damage|p2a: Victini|54/100|[from] move: Magma Storm|[partiallytrapped]
|upkeep
|turn|15
|
|t:|1667350937
|switch|p1a: Landorus|Landorus-Therian, M|15/100
|-damage|p1a: Landorus|2/100|[from] Stealth Rock
|-ability|p1a: Landorus|Intimidate|boost
|-unboost|p2a: Victini|atk|1
|move|p2a: Victini|Bolt Strike|p1a: Landorus
|-immune|p1a: Landorus
|
|-heal|p1a: Landorus|8/100|[from] item: Leftovers
|-end|p2a: Victini|Magma Storm|[partiallytrapped]|[silent]
|upkeep
|turn|16
|
|t:|1667350945
|switch|p2a: Buzzwole|Buzzwole|100/100
|move|p1a: Landorus|Stealth Rock|p2a: Buzzwole
|-sidestart|p2: DuelLuna|move: Stealth Rock
|
|-heal|p1a: Landorus|14/100|[from] item: Leftovers
|upkeep
|turn|17
|
|t:|1667350953
|switch|p1a: Tapu Fini|Tapu Fini|68/100
|-damage|p1a: Tapu Fini|56/100|[from] Stealth Rock
|-fieldstart|move: Misty Terrain|[from] ability: Misty Surge|[of] p1a: Tapu Fini
|move|p2a: Buzzwole|Close Combat|p1a: Tapu Fini
|-resisted|p1a: Tapu Fini
|-damage|p1a: Tapu Fini|31/100
|-unboost|p2a: Buzzwole|def|1
|-unboost|p2a: Buzzwole|spd|1
|
|-heal|p1a: Tapu Fini|37/100|[from] item: Leftovers
|upkeep
|turn|18
|
|t:|1667350959
|switch|p2a: Tapu Koko|Tapu Koko|36/100
|-fieldstart|move: Electric Terrain|[from] ability: Electric Surge|[of] p2a: Tapu Koko
|move|p1a: Tapu Fini|Whirlpool|p2a: Tapu Koko
|-damage|p2a: Tapu Koko|18/100
|-activate|p2a: Tapu Koko|move: Whirlpool|[of] p1a: Tapu Fini
|
|-heal|p1a: Tapu Fini|43/100|[from] item: Leftovers
|-damage|p2a: Tapu Koko|5/100|[from] move: Whirlpool|[partiallytrapped]
|upkeep
|turn|19
|
|t:|1667350975
|move|p2a: Tapu Koko|Roost|p2a: Tapu Koko
|-heal|p2a: Tapu Koko|55/100
|-singleturn|p2a: Tapu Koko|move: Roost
|move|p1a: Tapu Fini|Nature's Madness|p2a: Tapu Koko
|-damage|p2a: Tapu Koko|28/100
|
|-heal|p1a: Tapu Fini|49/100|[from] item: Leftovers
|-damage|p2a: Tapu Koko|15/100|[from] move: Whirlpool|[partiallytrapped]
|upkeep
|turn|20
|
|t:|1667350986
|switch|p1a: Jirachi|Jirachi|94/100
|-damage|p1a: Jirachi|88/100|[from] Stealth Rock
|move|p2a: Tapu Koko|Roost|p2a: Tapu Koko
|-heal|p2a: Tapu Koko|65/100
|-singleturn|p2a: Tapu Koko|move: Roost
|
|-end|p2a: Tapu Koko|Whirlpool|[partiallytrapped]|[silent]
|upkeep
|turn|21
|
|t:|1667351005
|switch|p2a: Hippowdon|Hippowdon, F|100/100
|-damage|p2a: Hippowdon|94/100|[from] Stealth Rock
|-weather|Sandstorm|[from] ability: Sand Stream|[of] p2a: Hippowdon
|move|p1a: Jirachi|Trick|p2a: Hippowdon
|-activate|p1a: Jirachi|move: Trick|[of] p2a: Hippowdon
|-item|p2a: Hippowdon|Choice Scarf|[from] move: Trick
|-item|p1a: Jirachi|Leftovers|[from] move: Trick
|
|-weather|Sandstorm|[upkeep]
|-heal|p1a: Jirachi|94/100|[from] item: Leftovers
|upkeep
|turn|22
|inactive|Anibunnysomoney has 120 seconds left.
|
|t:|1667351046
|switch|p1a: Tapu Fini|Tapu Fini|49/100
|-damage|p1a: Tapu Fini|37/100|[from] Stealth Rock
|-fieldstart|move: Misty Terrain|[from] ability: Misty Surge|[of] p1a: Tapu Fini
|move|p2a: Hippowdon|Toxic|p1a: Tapu Fini
|-activate|p1a: Tapu Fini|move: Misty Terrain
|
|-weather|Sandstorm|[upkeep]
|-damage|p1a: Tapu Fini|31/100|[from] Sandstorm
|-heal|p1a: Tapu Fini|37/100|[from] item: Leftovers
|upkeep
|turn|23
|inactive|Anibunnysomoney has 90 seconds left.
|
|t:|1667351070
|switch|p1a: Heatran|Heatran, M|50/100
|-damage|p1a: Heatran|38/100|[from] Stealth Rock
|switch|p2a: Corviknight|Corviknight, F|100/100
|-damage|p2a: Corviknight|88/100|[from] Stealth Rock
|-ability|p2a: Corviknight|Pressure
|
|-weather|Sandstorm|[upkeep]
|-heal|p1a: Heatran|44/100|[from] item: Leftovers
|upkeep
|turn|24
|inactive|Anibunnysomoney has 90 seconds left.
|
|t:|1667351087
|move|p2a: Corviknight|U-turn|p1a: Heatran
|-resisted|p1a: Heatran
|-damage|p1a: Heatran|41/100
|
|t:|1667351090
|switch|p2a: Hippowdon|Hippowdon, F|94/100|[from]move: U-turn
|-damage|p2a: Hippowdon|88/100|[from] Stealth Rock
|move|p1a: Heatran|Magma Storm|p2a: Hippowdon
|-damage|p2a: Hippowdon|45/100
|-activate|p2a: Hippowdon|move: Magma Storm|[of] p1a: Heatran
|
|-weather|Sandstorm|[upkeep]
|-heal|p1a: Heatran|47/100|[from] item: Leftovers
|-damage|p2a: Hippowdon|33/100|[from] move: Magma Storm|[partiallytrapped]
|upkeep
|turn|25
|
|t:|1667351097
|move|p1a: Heatran|Protect|p1a: Heatran
|-singleturn|p1a: Heatran|Protect
|move|p2a: Hippowdon|Slack Off|p2a: Hippowdon
|-heal|p2a: Hippowdon|83/100
|
|-weather|none
|-heal|p1a: Heatran|53/100|[from] item: Leftovers
|-damage|p2a: Hippowdon|70/100|[from] move: Magma Storm|[partiallytrapped]
|upkeep
|turn|26
|
|t:|1667351102
|move|p2a: Hippowdon|Slack Off|p2a: Hippowdon
|-heal|p2a: Hippowdon|100/100
|move|p1a: Heatran|Taunt|p2a: Hippowdon
|-start|p2a: Hippowdon|move: Taunt
|
|-heal|p1a: Heatran|60/100|[from] item: Leftovers
|-damage|p2a: Hippowdon|88/100|[from] move: Magma Storm|[partiallytrapped]
|-fieldend|Misty Terrain
|upkeep
|turn|27
|
|t:|1667351106
|-activate|p2a: Hippowdon|move: Struggle
|move|p2a: Hippowdon|Struggle|p1a: Heatran
|-damage|p1a: Heatran|49/100
|-damage|p2a: Hippowdon|63/100|[from] recoil
|move|p1a: Heatran|Earth Power|p2a: Hippowdon
|-damage|p2a: Hippowdon|38/100
|
|-heal|p1a: Heatran|55/100|[from] item: Leftovers
|-damage|p2a: Hippowdon|25/100|[from] move: Magma Storm|[partiallytrapped]
|upkeep
|turn|28
|inactive|Anibunnysomoney has 120 seconds left.
|
|t:|1667351121
|switch|p1a: Buzzwole|Buzzwole|100/100
|-damage|p1a: Buzzwole|88/100|[from] Stealth Rock
|-activate|p2a: Hippowdon|move: Struggle
|move|p2a: Hippowdon|Struggle|p1a: Buzzwole
|-damage|p1a: Buzzwole|83/100
|-damage|p2a: Hippowdon|9/100|[from] item: Rocky Helmet|[of] p1a: Buzzwole
|-damage|p2a: Hippowdon|0 fnt|[from] recoil
|faint|p2a: Hippowdon
|
|upkeep
|
|t:|1667351127
|switch|p2a: Corviknight|Corviknight, F|88/100
|-damage|p2a: Corviknight|75/100|[from] Stealth Rock
|-ability|p2a: Corviknight|Pressure
|turn|29
|
|t:|1667351138
|switch|p1a: Jirachi|Jirachi|94/100
|-damage|p1a: Jirachi|88/100|[from] Stealth Rock
|move|p2a: Corviknight|U-turn|p1a: Jirachi
|-crit|p1a: Jirachi
|-damage|p1a: Jirachi|68/100
|
|t:|1667351144
|switch|p2a: Tapu Koko|Tapu Koko|65/100|[from]move: U-turn
|-fieldstart|move: Electric Terrain|[from] ability: Electric Surge|[of] p2a: Tapu Koko
|
|-heal|p1a: Jirachi|74/100|[from] item: Leftovers
|upkeep
|turn|30
|inactive|Anibunnysomoney has 120 seconds left.
|
|t:|1667351172
|switch|p1a: Landorus|Landorus-Therian, M|14/100
|-damage|p1a: Landorus|2/100|[from] Stealth Rock
|-ability|p1a: Landorus|Intimidate|boost
|-unboost|p2a: Tapu Koko|atk|1
|move|p2a: Tapu Koko|Thunderbolt|p1a: Landorus
|-immune|p1a: Landorus
|
|-heal|p1a: Landorus|8/100|[from] item: Leftovers
|upkeep
|turn|31
|inactive|Anibunnysomoney has 120 seconds left.
|
|t:|1667351188
|move|p2a: Tapu Koko|Dazzling Gleam|p1a: Landorus
|-damage|p1a: Landorus|0 fnt
|faint|p1a: Landorus
|
|upkeep
|
|t:|1667351201
|switch|p1a: Heatran|Heatran, M|55/100
|-damage|p1a: Heatran|42/100|[from] Stealth Rock
|turn|32
|
|t:|1667351209
|move|p2a: Tapu Koko|Volt Switch|p1a: Heatran
|-damage|p1a: Heatran|18/100
|
|t:|1667351215
|switch|p2a: Corviknight|Corviknight, F|75/100|[from]move: Volt Switch
|-damage|p2a: Corviknight|63/100|[from] Stealth Rock
|-ability|p2a: Corviknight|Pressure
|move|p1a: Heatran|Magma Storm|p2a: Corviknight
|-supereffective|p2a: Corviknight
|-damage|p2a: Corviknight|4/100
|-activate|p2a: Corviknight|move: Magma Storm|[of] p1a: Heatran
|
|-heal|p1a: Heatran|25/100|[from] item: Leftovers
|-damage|p2a: Corviknight|0 fnt|[from] move: Magma Storm|[partiallytrapped]
|faint|p2a: Corviknight
|upkeep
|
|t:|1667351218
|switch|p2a: Tapu Koko|Tapu Koko|65/100
|turn|33
|inactive|Anibunnysomoney has 120 seconds left.
|
|t:|1667351228
|move|p1a: Heatran|Protect|p1a: Heatran
|-singleturn|p1a: Heatran|Protect
|move|p2a: Tapu Koko|Roost|p2a: Tapu Koko
|-heal|p2a: Tapu Koko|100/100
|-singleturn|p2a: Tapu Koko|move: Roost
|
|-heal|p1a: Heatran|31/100|[from] item: Leftovers
|-fieldend|move: Electric Terrain
|upkeep
|turn|34
|inactive|Anibunnysomoney has 120 seconds left.
|
|t:|1667351240
|move|p2a: Tapu Koko|Volt Switch|p1a: Heatran
|-damage|p1a: Heatran|13/100
|
|t:|1667351242
|switch|p2a: Victini|Victini|54/100|[from]move: Volt Switch
|-damage|p2a: Victini|29/100|[from] Stealth Rock
|move|p1a: Heatran|Magma Storm|p2a: Victini
|-resisted|p2a: Victini
|-damage|p2a: Victini|8/100
|-activate|p2a: Victini|move: Magma Storm|[of] p1a: Heatran
|
|-heal|p1a: Heatran|19/100|[from] item: Leftovers
|-damage|p2a: Victini|0 fnt|[from] move: Magma Storm|[partiallytrapped]
|faint|p2a: Victini
|upkeep
|
|t:|1667351244
|switch|p2a: Tapu Koko|Tapu Koko|100/100
|-fieldstart|move: Electric Terrain|[from] ability: Electric Surge|[of] p2a: Tapu Koko
|turn|35
|
|t:|1667351247
|move|p1a: Heatran|Protect|p1a: Heatran
|-singleturn|p1a: Heatran|Protect
|move|p2a: Tapu Koko|Thunderbolt|p1a: Heatran
|-activate|p1a: Heatran|move: Protect
|
|-heal|p1a: Heatran|25/100|[from] item: Leftovers
|upkeep
|turn|36
|
|t:|1667351272
|switch|p1a: Tapu Fini|Tapu Fini|37/100
|-damage|p1a: Tapu Fini|25/100|[from] Stealth Rock
|-fieldstart|move: Misty Terrain|[from] ability: Misty Surge|[of] p1a: Tapu Fini
|move|p2a: Tapu Koko|Thunderbolt|p1a: Tapu Fini
|-supereffective|p1a: Tapu Fini
|-damage|p1a: Tapu Fini|0 fnt
|faint|p1a: Tapu Fini
|
|upkeep
|
|t:|1667351277
|switch|p1a: Jirachi|Jirachi|74/100
|-damage|p1a: Jirachi|68/100|[from] Stealth Rock
|turn|37
|
|t:|1667351288
|move|p2a: Tapu Koko|Volt Switch|p1a: Jirachi
|-damage|p1a: Jirachi|38/100
|
|t:|1667351291
|switch|p2a: Buzzwole|Buzzwole|100/100|[from]move: Volt Switch
|-damage|p2a: Buzzwole|88/100|[from] Stealth Rock
|move|p1a: Jirachi|Healing Wish|p1a: Jirachi
|faint|p1a: Jirachi
|
|upkeep
|
|t:|1667351304
|switch|p1a: Heatran|Heatran, M|25/100
|-heal|p1a: Heatran|100/100|[from] move: Healing Wish
|-damage|p1a: Heatran|88/100|[from] Stealth Rock
|turn|38
|
|t:|1667351309
|move|p1a: Heatran|Protect|p1a: Heatran
|-singleturn|p1a: Heatran|Protect
|move|p2a: Buzzwole|Earthquake|p1a: Heatran
|-activate|p1a: Heatran|move: Protect
|
|-heal|p1a: Heatran|94/100|[from] item: Leftovers
|upkeep
|turn|39
|
|t:|1667351326
|switch|p1a: Buzzwole|Buzzwole|83/100
|-damage|p1a: Buzzwole|70/100|[from] Stealth Rock
|move|p2a: Buzzwole|Earthquake|p1a: Buzzwole
|-resisted|p1a: Buzzwole
|-damage|p1a: Buzzwole|63/100
|
|upkeep
|turn|40
|
|t:|1667351329
|switch|p2a: Tapu Koko|Tapu Koko|100/100
|-fieldstart|move: Electric Terrain|[from] ability: Electric Surge|[of] p2a: Tapu Koko
|move|p1a: Buzzwole|Toxic|p2a: Tapu Koko
|-status|p2a: Tapu Koko|tox
|
|-damage|p2a: Tapu Koko|94/100 tox|[from] psn
|upkeep
|turn|41
|
|t:|1667351353
|switch|p1a: Terrakion|Terrakion|100/100
|-damage|p1a: Terrakion|94/100|[from] Stealth Rock
|move|p2a: Tapu Koko|Volt Switch|p1a: Terrakion
|-damage|p1a: Terrakion|53/100
|
|t:|1667351356
|switch|p2a: Buzzwole|Buzzwole|88/100|[from]move: Volt Switch
|-damage|p2a: Buzzwole|76/100|[from] Stealth Rock
|
|upkeep
|turn|42
|
|t:|1667351360
|move|p1a: Terrakion|Aerial Ace|p2a: Buzzwole
|-supereffective|p2a: Buzzwole
|-damage|p2a: Buzzwole|28/100
|-damage|p1a: Terrakion|37/100|[from] item: Rocky Helmet|[of] p2a: Buzzwole
|move|p2a: Buzzwole|Roost|p2a: Buzzwole
|-heal|p2a: Buzzwole|78/100
|-singleturn|p2a: Buzzwole|move: Roost
|
|upkeep
|turn|43
|
|t:|1667351378
|switch|p1a: Buzzwole|Buzzwole|63/100
|-damage|p1a: Buzzwole|51/100|[from] Stealth Rock
|move|p2a: Buzzwole|Roost|p2a: Buzzwole
|-heal|p2a: Buzzwole|100/100
|-singleturn|p2a: Buzzwole|move: Roost
|
|upkeep
|turn|44
|
|t:|1667351390
|switch|p2a: Tapu Koko|Tapu Koko|94/100 tox
|move|p1a: Buzzwole|Roost|p1a: Buzzwole
|-heal|p1a: Buzzwole|100/100
|-singleturn|p1a: Buzzwole|move: Roost
|
|-damage|p2a: Tapu Koko|88/100 tox|[from] psn
|-fieldend|move: Electric Terrain
|upkeep
|turn|45
|
|t:|1667351394
|switch|p1a: Terrakion|Terrakion|37/100
|-damage|p1a: Terrakion|31/100|[from] Stealth Rock
|move|p2a: Tapu Koko|Dazzling Gleam|p1a: Terrakion
|-supereffective|p1a: Terrakion
|-damage|p1a: Terrakion|0 fnt
|faint|p1a: Terrakion
|
|-damage|p2a: Tapu Koko|76/100 tox|[from] psn
|upkeep
|
|t:|1667351395
|switch|p1a: Heatran|Heatran, M|94/100
|-damage|p1a: Heatran|82/100|[from] Stealth Rock
|turn|46
|
|t:|1667351412
|move|p2a: Tapu Koko|Volt Switch|p1a: Heatran
|-damage|p1a: Heatran|65/100
|
|t:|1667351414
|switch|p2a: Buzzwole|Buzzwole|100/100|[from]move: Volt Switch
|-damage|p2a: Buzzwole|88/100|[from] Stealth Rock
|move|p1a: Heatran|Magma Storm|p2a: Buzzwole|[miss]
|-miss|p1a: Heatran|p2a: Buzzwole
|
|-heal|p1a: Heatran|71/100|[from] item: Leftovers
|upkeep
|turn|47
|
|t:|1667351421
|move|p1a: Heatran|Protect|p1a: Heatran
|-singleturn|p1a: Heatran|Protect
|move|p2a: Buzzwole|Earthquake|p1a: Heatran
|-activate|p1a: Heatran|move: Protect
|
|-heal|p1a: Heatran|78/100|[from] item: Leftovers
|upkeep
|turn|48
|
|t:|1667351428
|switch|p2a: Tapu Koko|Tapu Koko|76/100 tox
|-fieldstart|move: Electric Terrain|[from] ability: Electric Surge|[of] p2a: Tapu Koko
|switch|p1a: Buzzwole|Buzzwole|100/100
|-damage|p1a: Buzzwole|88/100|[from] Stealth Rock
|
|-damage|p2a: Tapu Koko|70/100 tox|[from] psn
|upkeep
|turn|49
|
|t:|1667351435
|move|p2a: Tapu Koko|Volt Switch|p1a: Buzzwole
|-damage|p1a: Buzzwole|35/100
|
|t:|1667351437
|switch|p2a: Buzzwole|Buzzwole|88/100|[from]move: Volt Switch
|-damage|p2a: Buzzwole|76/100|[from] Stealth Rock
|move|p1a: Buzzwole|Ice Punch|p2a: Buzzwole
|-damage|p2a: Buzzwole|65/100
|-damage|p1a: Buzzwole|19/100|[from] item: Rocky Helmet|[of] p2a: Buzzwole
|
|upkeep
|turn|50
|
|t:|1667351442
|move|p1a: Buzzwole|Roost|p1a: Buzzwole
|-heal|p1a: Buzzwole|69/100
|-singleturn|p1a: Buzzwole|move: Roost
|move|p2a: Buzzwole|Thunder Punch|p1a: Buzzwole
|-damage|p1a: Buzzwole|54/100
|-damage|p2a: Buzzwole|48/100|[from] item: Rocky Helmet|[of] p1a: Buzzwole
|
|upkeep
|turn|51
|
|t:|1667351449
|move|p2a: Buzzwole|Roost|p2a: Buzzwole
|-heal|p2a: Buzzwole|98/100
|-singleturn|p2a: Buzzwole|move: Roost
|move|p1a: Buzzwole|Toxic|p2a: Buzzwole
|-status|p2a: Buzzwole|tox
|
|-damage|p2a: Buzzwole|92/100 tox|[from] psn
|upkeep
|turn|52
|
|t:|1667351452
|switch|p2a: Tapu Koko|Tapu Koko|70/100 tox
|move|p1a: Buzzwole|Roost|p1a: Buzzwole
|-heal|p1a: Buzzwole|100/100
|-singleturn|p1a: Buzzwole|move: Roost
|
|-damage|p2a: Tapu Koko|64/100 tox|[from] psn
|-fieldend|move: Electric Terrain
|upkeep
|turn|53
|
|t:|1667351462
|move|p2a: Tapu Koko|Dazzling Gleam|p1a: Buzzwole
|-supereffective|p1a: Buzzwole
|-damage|p1a: Buzzwole|17/100
|move|p1a: Buzzwole|Ice Punch|p2a: Tapu Koko
|-damage|p2a: Tapu Koko|30/100 tox
|
|-damage|p2a: Tapu Koko|18/100 tox|[from] psn
|upkeep
|turn|54
|
|t:|1667351480
|move|p2a: Tapu Koko|Volt Switch|p1a: Buzzwole
|-damage|p1a: Buzzwole|0 fnt
|faint|p1a: Buzzwole
|
|t:|1667351484
|switch|p2a: Buzzwole|Buzzwole|92/100 tox|[from]move: Volt Switch
|-damage|p2a: Buzzwole|79/100 tox|[from] Stealth Rock
|
|-damage|p2a: Buzzwole|73/100 tox|[from] psn
|upkeep
|
|t:|1667351486
|switch|p1a: Heatran|Heatran, M|78/100
|-damage|p1a: Heatran|65/100|[from] Stealth Rock
|turn|55
|
|t:|1667351488
|move|p2a: Buzzwole|Earthquake|p1a: Heatran
|-supereffective|p1a: Heatran
|-damage|p1a: Heatran|0 fnt
|faint|p1a: Heatran
|
|win|DuelLuna
|raw|Anibunnysomoney's rating: 1442 &rarr; <strong>1424</strong><br />(-18 for losing)
|raw|DuelLuna's rating: 1478 &rarr; <strong>1496</strong><br />(+18 for winning)
