|j|☆minimax_ai
|j|☆Meracx
|t:|1661774503
|gametype|singles
|player|p1|minimax_ai|lusamine-nihilego|1730
|player|p2|Meracx|thorton|1813
|teamsize|p1|6
|teamsize|p2|6
|gen|8
|tier|[Gen 8] OU
|rated|
|rule|Sleep Clause Mod: Limit one foe put to sleep
|rule|Species Clause: Limit one of each Pokémon
|rule|OHKO Clause: OHKO moves are banned
|rule|Evasion Items Clause: Evasion items are banned
|rule|Evasion Moves Clause: Evasion moves are banned
|rule|Endless Battle Clause: Forcing endless battles is banned
|rule|HP Percentage Mod: HP is shown in percentages
|rule|Dynamax Clause: You cannot dynamax
|clearpoke
|poke|p1|Rotom-Wash|
|poke|p1|Weavile, F|
|poke|p1|Landorus-Therian, M|
|poke|p1|Heatran, M|
|poke|p1|Tangrowth, F|
|poke|p1|Melmetal|
|poke|p2|Dragonite, M|
|poke|p2|Landorus-Therian, M|
|poke|p2|Ferrothorn, M|
|poke|p2|Toxapex, M|
|poke|p2|Weavile, F|
|poke|p2|Magnezone|
|teampreview
|c|☆minimax_ai|hf
|inactive|Battle timer is ON: inactive players will automatically lose when time's up. (requested by minimax_ai)
|c|☆Meracx|hf
|
|t:|1661774523
|start
|switch|p1a: Heatran|Heatran, M|100/100
|switch|p2a: Ferrothorn|Ferrothorn, M|100/100
|-item|p1a: Heatran|Air Balloon
|turn|1
|
|t:|1661774531
|switch|p2a: Dragonite|Dragonite, M|100/100
|move|p1a: Heatran|Magma Storm|p2a: Dragonite
|-resisted|p2a: Dragonite
|-damage|p2a: Dragonite|87/100
|-activate|p2a: Dragonite|move: Magma Storm|[of] p1a: Heatran
|
|-damage|p2a: Dragonite|74/100|[from] move: Magma Storm|[partiallytrapped]
|upkeep
|turn|2
|
|t:|1661774533
|move|p2a: Dragonite|Dual Wingbeat|p1a: Heatran
|-resisted|p1a: Heatran
|-damage|p1a: Heatran|89/100
|-enditem|p1a: Heatran|Air Balloon
|-resisted|p1a: Heatran
|-crit|p1a: Heatran
|-damage|p1a: Heatran|74/100
|-hitcount|p1a: Heatran|2
|move|p1a: Heatran|Stealth Rock|p2a: Dragonite
|-sidestart|p2: Meracx|move: Stealth Rock
|
|-damage|p2a: Dragonite|62/100|[from] move: Magma Storm|[partiallytrapped]
|upkeep
|turn|3
|
|t:|1661774536
|switch|p1a: Melmetal|Melmetal|100/100
|move|p2a: Dragonite|Roost|p2a: Dragonite
|-heal|p2a: Dragonite|100/100
|-singleturn|p2a: Dragonite|move: Roost
|
|-end|p2a: Dragonite|Magma Storm|[partiallytrapped]|[silent]
|upkeep
|turn|4
|
|t:|1661774539
|switch|p2a: Toxapex|Toxapex, M|100/100
|-damage|p2a: Toxapex|88/100|[from] Stealth Rock
|move|p1a: Melmetal|Ice Punch|p2a: Toxapex
|-resisted|p2a: Toxapex
|-damage|p2a: Toxapex|78/100
|-enditem|p2a: Toxapex|Eject Button
|
|t:|1661774541
|switch|p2a: Magnezone|Magnezone|100/100
|-damage|p2a: Magnezone|94/100|[from] Stealth Rock
|-item|p2a: Magnezone|Air Balloon
|
|upkeep
|turn|5
|
|t:|1661774546
|move|p2a: Magnezone|Iron Defense|p2a: Magnezone
|-boost|p2a: Magnezone|def|2
|move|p1a: Melmetal|Ice Punch|p2a: Magnezone
|-resisted|p2a: Magnezone
|-damage|p2a: Magnezone|87/100
|-enditem|p2a: Magnezone|Air Balloon
|
|upkeep
|turn|6
|
|t:|1661774551
|move|p2a: Magnezone|Magnet Rise|p2a: Magnezone
|-start|p2a: Magnezone|Magnet Rise
|move|p1a: Melmetal|Earthquake|p2a: Magnezone
|-immune|p2a: Magnezone
|
|upkeep
|turn|7
|
|t:|1661774555
|move|p2a: Magnezone|Iron Defense|p2a: Magnezone
|-boost|p2a: Magnezone|def|2
|move|p1a: Melmetal|Ice Punch|p2a: Magnezone
|-resisted|p2a: Magnezone
|-damage|p2a: Magnezone|82/100
|
|upkeep
|turn|8
|
|t:|1661774561
|move|p2a: Magnezone|Body Press|p1a: Melmetal
|-supereffective|p1a: Melmetal
|-crit|p1a: Melmetal
|-damage|p1a: Melmetal|0 fnt
|faint|p1a: Melmetal
|
|upkeep
|
|t:|1661774561
|switch|p1a: Heatran|Heatran, M|74/100
|turn|9
|
|t:|1661774567
|move|p1a: Heatran|Magma Storm|p2a: Magnezone
|-supereffective|p2a: Magnezone
|-damage|p2a: Magnezone|0 fnt
|faint|p2a: Magnezone
|
|upkeep
|
|t:|1661774581
|switch|p2a: Dragonite|Dragonite, M|100/100
|turn|10
|
|t:|1661774586
|switch|p1a: landorustherian|Landorus-Therian, M|100/100
|-ability|p1a: landorustherian|Intimidate|boost
|-unboost|p2a: Dragonite|atk|1
|move|p2a: Dragonite|Earthquake|p1a: landorustherian
|-immune|p1a: landorustherian
|
|upkeep
|turn|11
|
|t:|1661774588
|switch|p2a: Ferrothorn|Ferrothorn, M|100/100
|-damage|p2a: Ferrothorn|94/100|[from] Stealth Rock
|move|p1a: landorustherian|Toxic|p2a: Ferrothorn
|-immune|p2a: Ferrothorn
|
|-heal|p2a: Ferrothorn|100/100|[from] item: Leftovers
|upkeep
|turn|12
|
|t:|1661774594
|move|p1a: landorustherian|U-turn|p2a: Ferrothorn
|-damage|p2a: Ferrothorn|87/100
|-damage|p1a: landorustherian|88/100|[from] ability: Iron Barbs|[of] p2a: Ferrothorn
|
|t:|1661774595
|switch|p1a: Tangrowth|Tangrowth, F|100/100|[from]move: U-turn
|move|p2a: Ferrothorn|Spikes|p1a: Tangrowth
|-sidestart|p1: minimax_ai|Spikes
|
|-heal|p2a: Ferrothorn|93/100|[from] item: Leftovers
|upkeep
|turn|13
|
|t:|1661774603
|switch|p2a: Toxapex|Toxapex, M|100/100
|-damage|p2a: Toxapex|88/100|[from] Stealth Rock
|move|p1a: Tangrowth|Focus Blast|p2a: Toxapex|[miss]
|-miss|p1a: Tangrowth|p2a: Toxapex
|
|upkeep
|turn|14
|
|t:|1661774605
|move|p1a: Tangrowth|Sleep Powder|p2a: Toxapex|[miss]
|-miss|p1a: Tangrowth|p2a: Toxapex
|move|p2a: Toxapex|Toxic|p1a: Tangrowth
|-status|p1a: Tangrowth|tox
|
|-damage|p1a: Tangrowth|94/100 tox|[from] psn
|upkeep
|turn|15
|
|t:|1661774613
|move|p1a: Tangrowth|Knock Off|p2a: Toxapex
|-damage|p2a: Toxapex|78/100
|move|p2a: Toxapex|Recover|p2a: Toxapex
|-heal|p2a: Toxapex|100/100
|
|-damage|p1a: Tangrowth|82/100 tox|[from] psn
|upkeep
|turn|16
|
|t:|1661774618
|switch|p2a: Ferrothorn|Ferrothorn, M|93/100
|-damage|p2a: Ferrothorn|87/100|[from] Stealth Rock
|move|p1a: Tangrowth|Focus Blast|p2a: Ferrothorn
|-supereffective|p2a: Ferrothorn
|-damage|p2a: Ferrothorn|39/100
|
|-heal|p2a: Ferrothorn|46/100|[from] item: Leftovers
|-damage|p1a: Tangrowth|63/100 tox|[from] psn
|upkeep
|turn|17
|
|t:|1661774628
|switch|p1a: landorustherian|Landorus-Therian, M|88/100
|-ability|p1a: landorustherian|Intimidate|boost
|-unboost|p2a: Ferrothorn|atk|1
|switch|p2a: Toxapex|Toxapex, M|100/100
|-damage|p2a: Toxapex|88/100|[from] Stealth Rock
|
|-heal|p1a: landorustherian|94/100|[from] item: Leftovers
|upkeep
|turn|18
|
|t:|1661774633
|move|p1a: landorustherian|Earthquake|p2a: Toxapex
|-supereffective|p2a: Toxapex
|-crit|p2a: Toxapex
|-damage|p2a: Toxapex|0 fnt
|faint|p2a: Toxapex
|
|-heal|p1a: landorustherian|99/100|[from] item: Leftovers
|upkeep
|
|t:|1661774641
|switch|p2a: Landorus|Landorus-Therian, M|100/100
|-damage|p2a: Landorus|88/100|[from] Stealth Rock
|-ability|p2a: Landorus|Intimidate|boost
|-unboost|p1a: landorustherian|atk|1
|turn|19
|
|t:|1661774643
|move|p1a: landorustherian|Toxic|p2a: Landorus
|-status|p2a: Landorus|tox
|move|p2a: Landorus|Toxic|p1a: landorustherian
|-status|p1a: landorustherian|tox
|
|-heal|p1a: landorustherian|100/100 tox|[from] item: Leftovers
|-heal|p2a: Landorus|94/100 tox|[from] item: Leftovers
|-damage|p1a: landorustherian|94/100 tox|[from] psn
|-damage|p2a: Landorus|88/100 tox|[from] psn
|upkeep
|turn|20
|
|t:|1661774645
|switch|p1a: rotomwash|Rotom-Wash|100/100
|move|p2a: Landorus|Stealth Rock|p1a: rotomwash
|-sidestart|p1: minimax_ai|move: Stealth Rock
|
|-heal|p2a: Landorus|94/100 tox|[from] item: Leftovers
|-damage|p2a: Landorus|82/100 tox|[from] psn
|upkeep
|turn|21
|
|t:|1661774647
|move|p1a: rotomwash|Nasty Plot|p1a: rotomwash
|-boost|p1a: rotomwash|spa|2
|move|p2a: Landorus|Toxic|p1a: rotomwash
|-status|p1a: rotomwash|tox
|
|-heal|p2a: Landorus|88/100 tox|[from] item: Leftovers
|-damage|p1a: rotomwash|94/100 tox|[from] psn
|-damage|p2a: Landorus|70/100 tox|[from] psn
|upkeep
|turn|22
|
|t:|1661774653
|move|p1a: rotomwash|Hydro Pump|p2a: Landorus
|-supereffective|p2a: Landorus
|-damage|p2a: Landorus|0 fnt
|faint|p2a: Landorus
|
|-heal|p1a: rotomwash|100/100 tox|[from] item: Leftovers
|-damage|p1a: rotomwash|88/100 tox|[from] psn
|upkeep
|
|t:|1661774656
|switch|p2a: Dragonite|Dragonite, M|100/100
|turn|23
|j| findme purp
|
|t:|1661774657
|move|p2a: Dragonite|Dragon Dance|p2a: Dragonite
|-boost|p2a: Dragonite|atk|1
|-boost|p2a: Dragonite|spe|1
|move|p1a: rotomwash|Thunderbolt|p2a: Dragonite
|-damage|p2a: Dragonite|62/100
|
|-heal|p1a: rotomwash|94/100 tox|[from] item: Leftovers
|-damage|p1a: rotomwash|75/100 tox|[from] psn
|upkeep
|turn|24
|j| SARAH TONlN
|
|t:|1661774661
|move|p2a: Dragonite|Roost|p2a: Dragonite
|-heal|p2a: Dragonite|100/100
|-singleturn|p2a: Dragonite|move: Roost
|move|p1a: rotomwash|Thunderbolt|p2a: Dragonite
|-resisted|p2a: Dragonite
|-damage|p2a: Dragonite|83/100
|
|-heal|p1a: rotomwash|82/100 tox|[from] item: Leftovers
|-damage|p1a: rotomwash|57/100 tox|[from] psn
|upkeep
|turn|25
|
|t:|1661774667
|move|p2a: Dragonite|Roost|p2a: Dragonite
|-heal|p2a: Dragonite|100/100
|-singleturn|p2a: Dragonite|move: Roost
|move|p1a: rotomwash|Pain Split|p2a: Dragonite
|-sethp|p2a: Dragonite|77/100|[from] move: Pain Split|[silent]
|-sethp|p1a: rotomwash|82/100 tox|[from] move: Pain Split
|
|-heal|p1a: rotomwash|88/100 tox|[from] item: Leftovers
|-damage|p1a: rotomwash|57/100 tox|[from] psn
|upkeep
|turn|26
|
|t:|1661774670
|move|p2a: Dragonite|Roost|p2a: Dragonite
|-heal|p2a: Dragonite|100/100
|-singleturn|p2a: Dragonite|move: Roost
|move|p1a: rotomwash|Pain Split|p2a: Dragonite
|-sethp|p2a: Dragonite|77/100|[from] move: Pain Split|[silent]
|-sethp|p1a: rotomwash|82/100 tox|[from] move: Pain Split
|
|-heal|p1a: rotomwash|88/100 tox|[from] item: Leftovers
|-damage|p1a: rotomwash|50/100 tox|[from] psn
|upkeep
|turn|27
|
|t:|1661774673
|move|p2a: Dragonite|Roost|p2a: Dragonite
|-heal|p2a: Dragonite|100/100
|-singleturn|p2a: Dragonite|move: Roost
|move|p1a: rotomwash|Hydro Pump|p2a: Dragonite
|-resisted|p2a: Dragonite
|-damage|p2a: Dragonite|78/100
|
|-heal|p1a: rotomwash|57/100 tox|[from] item: Leftovers
|-damage|p1a: rotomwash|13/100 tox|[from] psn
|upkeep
|turn|28
|
|t:|1661774678
|move|p2a: Dragonite|Dual Wingbeat|p1a: rotomwash
|-resisted|p1a: rotomwash
|-damage|p1a: rotomwash|0 fnt
|faint|p1a: rotomwash
|-hitcount|p1: rotomwash|1
|
|upkeep
|
|t:|1661774678
|switch|p1a: Weavile|Weavile, F|100/100
|-damage|p1a: Weavile|88/100|[from] Spikes
|-damage|p1a: Weavile|63/100|[from] Stealth Rock
|-ability|p1a: Weavile|Pressure
|turn|29
|
|t:|1661774689
|switch|p2a: Weavile|Weavile, F|100/100
|-ability|p2a: Weavile|Pressure
|move|p1a: Weavile|Ice Shard|p2a: Weavile
|-resisted|p2a: Weavile
|-damage|p2a: Weavile|75/100
|
|upkeep
|turn|30
|
|t:|1661774691
|move|p1a: Weavile|Ice Shard|p2a: Weavile
|-resisted|p2a: Weavile
|-damage|p2a: Weavile|51/100
|move|p2a: Weavile|Swords Dance|p2a: Weavile
|-boost|p2a: Weavile|atk|2
|
|upkeep
|turn|31
|
|t:|1661774700
|move|p1a: Weavile|Ice Shard|p2a: Weavile
|-resisted|p2a: Weavile
|-damage|p2a: Weavile|28/100
|move|p2a: Weavile|Knock Off|p1a: Weavile
|-resisted|p1a: Weavile
|-damage|p1a: Weavile|0 fnt
|-enditem|p1a: Weavile|Choice Band|[from] move: Knock Off|[of] p2a: Weavile
|faint|p1a: Weavile
|
|upkeep
|
|t:|1661774700
|switch|p1a: landorustherian|Landorus-Therian, M|94/100 tox
|-damage|p1a: landorustherian|82/100 tox|[from] Stealth Rock
|-ability|p1a: landorustherian|Intimidate|boost
|-unboost|p2a: Weavile|atk|1
|turn|32
|l| SARAH TONlN
|
|t:|1661774705
|move|p2a: Weavile|Ice Shard|p1a: landorustherian
|-supereffective|p1a: landorustherian
|-damage|p1a: landorustherian|0 fnt
|faint|p1a: landorustherian
|
|upkeep
|
|t:|1661774705
|switch|p1a: Heatran|Heatran, M|74/100
|-damage|p1a: Heatran|61/100|[from] Spikes
|-damage|p1a: Heatran|49/100|[from] Stealth Rock
|turn|33
|
|t:|1661774708
|move|p2a: Weavile|Knock Off|p1a: Heatran
|-damage|p1a: Heatran|3/100
|move|p1a: Heatran|Magma Storm|p2a: Weavile
|-supereffective|p2a: Weavile
|-damage|p2a: Weavile|0 fnt
|faint|p2a: Weavile
|
|upkeep
|
|t:|1661774712
|switch|p2a: Dragonite|Dragonite, M|78/100
|turn|34
|
|t:|1661774715
|move|p2a: Dragonite|Earthquake|p1a: Heatran
|-supereffective|p1a: Heatran
|-damage|p1a: Heatran|0 fnt
|faint|p1a: Heatran
|
|upkeep
|
|t:|1661774716
|switch|p1a: Tangrowth|Tangrowth, F|97/100 tox
|-damage|p1a: Tangrowth|84/100 tox|[from] Spikes
|-damage|p1a: Tangrowth|72/100 tox|[from] Stealth Rock
|turn|35
|
|t:|1661774719
|switch|p2a: Ferrothorn|Ferrothorn, M|46/100
|-damage|p2a: Ferrothorn|39/100|[from] Stealth Rock
|move|p1a: Tangrowth|Sleep Powder|p2a: Ferrothorn
|-immune|p2a: Ferrothorn
|
|-heal|p2a: Ferrothorn|46/100|[from] item: Leftovers
|-damage|p1a: Tangrowth|66/100 tox|[from] psn
|upkeep
|turn|36
|
|t:|1661774724
|move|p1a: Tangrowth|Sleep Powder|p2a: Ferrothorn
|-immune|p2a: Ferrothorn
|move|p2a: Ferrothorn|Knock Off|p1a: Tangrowth
|-damage|p1a: Tangrowth|55/100 tox
|-damage|p2a: Ferrothorn|29/100|[from] item: Rocky Helmet|[of] p1a: Tangrowth
|-enditem|p1a: Tangrowth|Rocky Helmet|[from] move: Knock Off|[of] p2a: Ferrothorn
|
|-heal|p2a: Ferrothorn|35/100|[from] item: Leftovers
|-damage|p1a: Tangrowth|42/100 tox|[from] psn
|upkeep
|turn|37
|
|t:|1661774731
|move|p1a: Tangrowth|Sleep Powder|p2a: Ferrothorn
|-immune|p2a: Ferrothorn
|move|p2a: Ferrothorn|Body Press|p1a: Tangrowth
|-damage|p1a: Tangrowth|25/100 tox
|
|-heal|p2a: Ferrothorn|42/100|[from] item: Leftovers
|-damage|p1a: Tangrowth|6/100 tox|[from] psn
|upkeep
|turn|38
|
|t:|1661774738
|move|p1a: Tangrowth|Knock Off|p2a: Ferrothorn
|-crit|p2a: Ferrothorn
|-damage|p2a: Ferrothorn|23/100
|-damage|p1a: Tangrowth|0 fnt|[from] ability: Iron Barbs|[of] p2a: Ferrothorn
|faint|p1a: Tangrowth
|
|win|Meracx
|raw|minimax_ai's rating: 1730 &rarr; <strong>1715</strong><br />(-15 for losing)
|raw|Meracx's rating: 1813 &rarr; <strong>1828</strong><br />(+15 for winning)
|c|☆minimax_ai|gg
