|raw|<div class="broadcast-blue"><strong>This battle is required to be public due to a player having a name starting with 'lt84jm'.</div>
|j|☆Lt84jm okumura
|j|☆Coach Jones 6fifth
|t:|1627392413
|gametype|singles
|player|p1|Lt84jm okumura|tate|1800
|player|p2|Coach Jones 6fifth|lusamine-nihilego|1811
|teamsize|p1|6
|teamsize|p2|6
|gen|8
|tier|[Gen 8] OU
|rated|
|rule|Sleep Clause Mod: Limit one foe put to sleep
|rule|Species Clause: Limit one of each Pokémon
|rule|OHKO Clause: OHKO moves are banned
|rule|Evasion Moves Clause: Evasion moves are banned
|rule|Endless Battle Clause: Forcing endless battles is banned
|rule|HP Percentage Mod: HP is shown in percentages
|rule|Dynamax Clause: You cannot dynamax
|clearpoke
|poke|p1|Slowking-Galar, M|
|poke|p1|Weavile, F|
|poke|p1|Magnezone|
|poke|p1|Garchomp, M|
|poke|p1|Corviknight, M|
|poke|p1|Urshifu-*, F|
|poke|p2|Porygon2|
|poke|p2|Tornadus-Therian, M|
|poke|p2|Dragapult, M|
|poke|p2|Magnezone|
|poke|p2|Seismitoad, F|
|poke|p2|Aegislash, M|
|teampreview
|j| ifeellikethat
|
|t:|1627392434
|start
|switch|p1a: Urshifu|Urshifu-Rapid-Strike, F|100/100
|switch|p2a: Tornadus|Tornadus-Therian, M|100/100
|turn|1
|
|t:|1627392440
|switch|p1a: Corviknight|Corviknight, M, shiny|100/100
|-ability|p1a: Corviknight|Pressure
|move|p2a: Tornadus|Knock Off|p1a: Corviknight
|-damage|p1a: Corviknight|89/100
|-damage|p2a: Tornadus|84/100|[from] item: Rocky Helmet|[of] p1a: Corviknight
|-enditem|p1a: Corviknight|Rocky Helmet|[from] move: Knock Off|[of] p2a: Tornadus
|
|upkeep
|turn|2
|
|t:|1627392445
|move|p2a: Tornadus|U-turn|p1a: Corviknight
|-resisted|p1a: Corviknight
|-damage|p1a: Corviknight|87/100
|
|t:|1627392448
|switch|p2a: Magnezone|Magnezone|100/100|[from]move: U-turn
|move|p1a: Corviknight|U-turn|p2a: Magnezone
|-resisted|p2a: Magnezone
|-damage|p2a: Magnezone|94/100
|
|t:|1627392451
|switch|p1a: Magnezone|Magnezone|100/100|[from]move: U-turn
|
|upkeep
|turn|3
|
|t:|1627392457
|move|p1a: Magnezone|Volt Switch|p2a: Magnezone
|-resisted|p2a: Magnezone
|-damage|p2a: Magnezone|53/100
|
|t:|1627392459
|switch|p1a: Garchomp|Garchomp, M, shiny|100/100|[from]move: Volt Switch
|move|p2a: Magnezone|Body Press|p1a: Garchomp
|-damage|p1a: Garchomp|82/100
|-damage|p2a: Magnezone|40/100|[from] ability: Rough Skin|[of] p1a: Garchomp
|
|-heal|p1a: Garchomp|89/100|[from] item: Leftovers
|upkeep
|turn|4
|
|t:|1627392465
|switch|p2a: Dragapult|Dragapult, M|100/100
|move|p1a: Garchomp|Stealth Rock|p2a: Dragapult
|-sidestart|p2: Coach Jones 6fifth|move: Stealth Rock
|
|-heal|p1a: Garchomp|95/100|[from] item: Leftovers
|upkeep
|turn|5
|
|t:|1627392468
|move|p1a: Garchomp|Protect|p1a: Garchomp
|-singleturn|p1a: Garchomp|Protect
|move|p2a: Dragapult|Dragon Darts|p1a: Garchomp
|-activate|p1a: Garchomp|move: Protect
|
|-heal|p1a: Garchomp|100/100|[from] item: Leftovers
|upkeep
|turn|6
|
|t:|1627392473
|switch|p1a: Magnezone|Magnezone|100/100
|move|p2a: Dragapult|Dragon Darts|p1a: Magnezone
|-resisted|p1a: Magnezone
|-damage|p1a: Magnezone|77/100
|-anim|p2a: Dragapult|Dragon Darts|p1a: Magnezone
|-resisted|p1a: Magnezone
|-damage|p1a: Magnezone|55/100
|
|upkeep
|turn|7
|
|t:|1627392477
|switch|p2a: Seismitoad|Seismitoad, F|100/100
|-damage|p2a: Seismitoad|94/100|[from] Stealth Rock
|move|p1a: Magnezone|Toxic|p2a: Seismitoad
|-status|p2a: Seismitoad|tox
|
|-heal|p2a: Seismitoad|100/100 tox|[from] item: Leftovers
|-damage|p2a: Seismitoad|94/100 tox|[from] psn
|upkeep
|turn|8
|
|t:|1627392482
|switch|p1a: Corviknight|Corviknight, M, shiny|87/100
|-ability|p1a: Corviknight|Pressure
|move|p2a: Seismitoad|Stealth Rock|p1a: Corviknight
|-sidestart|p1: Lt84jm okumura|move: Stealth Rock
|
|-heal|p2a: Seismitoad|100/100 tox|[from] item: Leftovers
|-damage|p2a: Seismitoad|88/100 tox|[from] psn
|upkeep
|turn|9
|
|t:|1627392485
|switch|p2a: Magnezone|Magnezone|40/100
|-damage|p2a: Magnezone|34/100|[from] Stealth Rock
|move|p1a: Corviknight|Brave Bird|p2a: Magnezone
|-resisted|p2a: Magnezone
|-damage|p2a: Magnezone|26/100
|-damage|p1a: Corviknight|85/100|[from] Recoil
|
|upkeep
|turn|10
|j| I like ghosts
|
|t:|1627392488
|move|p2a: Magnezone|Thunderbolt|p1a: Corviknight
|-supereffective|p1a: Corviknight
|-damage|p1a: Corviknight|0 fnt
|faint|p1a: Corviknight
|
|upkeep
|
|t:|1627392490
|switch|p1a: Weavile|Weavile, F|100/100
|-ability|p1a: Weavile|Pressure
|turn|11
|
|t:|1627392508
|move|p1a: Weavile|Knock Off|p2a: Magnezone
|-damage|p2a: Magnezone|0 fnt
|-enditem|p2a: Magnezone|Chople Berry|[from] move: Knock Off|[of] p1a: Weavile
|faint|p2a: Magnezone
|
|upkeep
|
|t:|1627392519
|switch|p2a: Aegislash|Aegislash, M, shiny|100/100
|-damage|p2a: Aegislash|94/100|[from] Stealth Rock
|turn|12
|
|t:|1627392523
|switch|p1a: Garchomp|Garchomp, M, shiny|100/100
|-damage|p1a: Garchomp|94/100|[from] Stealth Rock
|-formechange|p2a: Aegislash|Aegislash-Blade||[from] ability: Stance Change
|move|p2a: Aegislash|Flash Cannon|p1a: Garchomp
|-damage|p1a: Garchomp|51/100
|
|-heal|p1a: Garchomp|57/100|[from] item: Leftovers
|-heal|p2a: Aegislash|100/100|[from] item: Leftovers
|upkeep
|turn|13
|
|t:|1627392528
|switch|p2a: Tornadus|Tornadus-Therian, M|100/100
|move|p1a: Garchomp|Toxic|p2a: Tornadus
|-status|p2a: Tornadus|tox
|
|-heal|p1a: Garchomp|64/100|[from] item: Leftovers
|-damage|p2a: Tornadus|94/100 tox|[from] psn
|upkeep
|turn|14
|
|t:|1627392533
|switch|p2a: Dragapult|Dragapult, M|100/100
|-damage|p2a: Dragapult|88/100|[from] Stealth Rock
|move|p1a: Garchomp|Protect||[still]
|-fail|p1a: Garchomp
|
|-heal|p1a: Garchomp|70/100|[from] item: Leftovers
|upkeep
|turn|15
|
|t:|1627392536
|switch|p1a: Magnezone|Magnezone|55/100
|-damage|p1a: Magnezone|49/100|[from] Stealth Rock
|move|p2a: Dragapult|Dragon Darts|p1a: Magnezone
|-resisted|p1a: Magnezone
|-damage|p1a: Magnezone|26/100
|-anim|p2a: Dragapult|Dragon Darts|p1a: Magnezone
|-resisted|p1a: Magnezone
|-damage|p1a: Magnezone|5/100
|
|upkeep
|turn|16
|
|t:|1627392537
|move|p2a: Dragapult|Dragon Darts|p1a: Magnezone
|-resisted|p1a: Magnezone
|-damage|p1a: Magnezone|0 fnt
|faint|p1a: Magnezone
|
|upkeep
|
|t:|1627392540
|switch|p1a: Weavile|Weavile, F|100/100
|-ability|p1a: Weavile|Pressure
|turn|17
|
|t:|1627392547
|switch|p2a: Porygon2|Porygon2|100/100
|-damage|p2a: Porygon2|88/100|[from] Stealth Rock
|-ability|p2a: Porygon2|Pressure|[from] ability: Trace|[of] p1a: Weavile
|-ability|p2a: Porygon2|Pressure
|move|p1a: Weavile|Swords Dance|p1a: Weavile
|-boost|p1a: Weavile|atk|2
|
|upkeep
|turn|18
|
|t:|1627392550
|move|p1a: Weavile|Knock Off|p2a: Porygon2
|-damage|p2a: Porygon2|34/100
|-enditem|p2a: Porygon2|Eviolite|[from] move: Knock Off|[of] p1a: Weavile
|move|p2a: Porygon2|Thunder Wave|p1a: Weavile
|-status|p1a: Weavile|par
|
|upkeep
|turn|19
|
|t:|1627392554
|move|p1a: Weavile|Knock Off|p2a: Porygon2
|-damage|p2a: Porygon2|0 fnt
|faint|p2a: Porygon2
|
|upkeep
|
|t:|1627392561
|switch|p2a: Aegislash|Aegislash, M, shiny|100/100
|-damage|p2a: Aegislash|94/100|[from] Stealth Rock
|turn|20
|
|t:|1627392564
|switch|p1a: Urshifu|Urshifu-Rapid-Strike, F|100/100
|-damage|p1a: Urshifu|94/100|[from] Stealth Rock
|-formechange|p2a: Aegislash|Aegislash-Blade||[from] ability: Stance Change
|move|p2a: Aegislash|Close Combat|p1a: Urshifu
|-damage|p1a: Urshifu|61/100
|-unboost|p2a: Aegislash|def|1
|-unboost|p2a: Aegislash|spd|1
|
|-heal|p2a: Aegislash|100/100|[from] item: Leftovers
|upkeep
|turn|21
|
|t:|1627392570
|move|p1a: Urshifu|Surging Strikes|p2a: Aegislash
|-crit|p2a: Aegislash
|-damage|p2a: Aegislash|9/100
|-crit|p2a: Aegislash
|-damage|p2a: Aegislash|0 fnt
|faint|p2a: Aegislash
|-hitcount|p2: Aegislash|2
|
|upkeep
|
|t:|1627392572
|switch|p2a: Dragapult|Dragapult, M|88/100
|-damage|p2a: Dragapult|76/100|[from] Stealth Rock
|turn|22
|
|t:|1627392579
|switch|p1a: Garchomp|Garchomp, M, shiny|70/100
|-damage|p1a: Garchomp|64/100|[from] Stealth Rock
|move|p2a: Dragapult|Dragon Darts|p1a: Garchomp
|-supereffective|p1a: Garchomp
|-damage|p1a: Garchomp|0 fnt
|faint|p1a: Garchomp
|
|upkeep
|
|t:|1627392580
|switch|p1a: Weavile|Weavile, F|100/100 par
|-ability|p1a: Weavile|Pressure
|turn|23
|
|t:|1627392583
|move|p1a: Weavile|Ice Shard|p2a: Dragapult
|-supereffective|p2a: Dragapult
|-damage|p2a: Dragapult|20/100
|move|p2a: Dragapult|Dragon Darts|p1a: Weavile
|-damage|p1a: Weavile|36/100 par
|-anim|p2a: Dragapult|Dragon Darts|p1a: Weavile
|-damage|p1a: Weavile|0 fnt
|faint|p1a: Weavile
|
|upkeep
|
|t:|1627392587
|switch|p1a: Urshifu|Urshifu-Rapid-Strike, F|61/100
|-damage|p1a: Urshifu|55/100|[from] Stealth Rock
|turn|24
|
|t:|1627392591
|switch|p2a: Seismitoad|Seismitoad, F|88/100 tox
|-damage|p2a: Seismitoad|82/100 tox|[from] Stealth Rock
|move|p1a: Urshifu|Aqua Jet|p2a: Seismitoad
|-heal|p2a: Seismitoad|100/100 tox|[from] ability: Water Absorb|[of] p1a: Urshifu
|
|-damage|p2a: Seismitoad|94/100 tox|[from] psn
|upkeep
|turn|25
|
|t:|1627392593
|switch|p1a: Slowking|Slowking-Galar, M, shiny|100/100
|-damage|p1a: Slowking|88/100|[from] Stealth Rock
|move|p2a: Seismitoad|Earthquake|p1a: Slowking
|-supereffective|p1a: Slowking
|-damage|p1a: Slowking|22/100
|
|-heal|p2a: Seismitoad|100/100 tox|[from] item: Leftovers
|-damage|p2a: Seismitoad|88/100 tox|[from] psn
|upkeep
|turn|26
|
|t:|1627392596
|move|p2a: Seismitoad|Earthquake|p1a: Slowking
|-supereffective|p1a: Slowking
|-damage|p1a: Slowking|0 fnt
|faint|p1a: Slowking
|
|-heal|p2a: Seismitoad|94/100 tox|[from] item: Leftovers
|-damage|p2a: Seismitoad|76/100 tox|[from] psn
|upkeep
|
|t:|1627392598
|switch|p1a: Urshifu|Urshifu-Rapid-Strike, F|55/100
|-damage|p1a: Urshifu|49/100|[from] Stealth Rock
|turn|27
|
|t:|1627392599
|move|p1a: Urshifu|Close Combat|p2a: Seismitoad
|-damage|p2a: Seismitoad|10/100 tox
|-unboost|p1a: Urshifu|def|1
|-unboost|p1a: Urshifu|spd|1
|move|p2a: Seismitoad|Earthquake|p1a: Urshifu
|-damage|p1a: Urshifu|0 fnt
|faint|p1a: Urshifu
|
|win|Coach Jones 6fifth
|raw|Lt84jm okumura's rating: 1800 &rarr; <strong>1781</strong><br />(-19 for losing)
|raw|Coach Jones 6fifth's rating: 1811 &rarr; <strong>1830</strong><br />(+19 for winning)
|l|☆Lt84jm okumura
