|j|☆gaenisalbino
|j|☆Erenicko.
|t:|1667897747
|gametype|singles
|player|p1|gaenisalbino|170|1747
|player|p2|Erenicko.|blackbelt-gen4dp|1686
|teamsize|p1|6
|teamsize|p2|6
|gen|8
|tier|[Gen 8] OU
|rated|
|rule|Sleep Clause Mod: Limit one foe put to sleep
|rule|Species Clause: Limit one of each Pokémon
|rule|OHKO Clause: OHKO moves are banned
|rule|Evasion Items Clause: Evasion items are banned
|rule|Evasion Moves Clause: Evasion moves are banned
|rule|Endless Battle Clause: Forcing endless battles is banned
|rule|HP Percentage Mod: HP is shown in percentages
|rule|Dynamax Clause: You cannot dynamax
|clearpoke
|poke|p1|Kartana|
|poke|p1|Tyranitar, F|
|poke|p1|Landorus-Therian, M|
|poke|p1|Buzzwole|
|poke|p1|Slowking-Galar, M|
|poke|p1|Rotom-Wash|
|poke|p2|Heatran, M|
|poke|p2|Clefable, M|
|poke|p2|Weavile, M|
|poke|p2|Buzzwole|
|poke|p2|Seismitoad, F|
|poke|p2|Zapdos|
|teampreview
|inactive|Battle timer is ON: inactive players will automatically lose when time's up. (requested by Erenicko.)
|
|t:|1667897774
|start
|switch|p1a: Buzzwole|Buzzwole|100/100
|switch|p2a: Weavile|Weavile, M|100/100
|-ability|p2a: Weavile|Pressure
|turn|1
|
|t:|1667897779
|switch|p2a: Clefable|Clefable, M|100/100
|move|p1a: Buzzwole|Ice Punch|p2a: Clefable
|-damage|p2a: Clefable|62/100
|
|upkeep
|turn|2
|
|t:|1667897782
|switch|p1a: Slowking|Slowking-Galar, M|100/100
|move|p2a: Clefable|Wish|p2a: Clefable
|
|upkeep
|turn|3
|
|t:|1667897787
|move|p2a: Clefable|Protect|p2a: Clefable
|-singleturn|p2a: Clefable|Protect
|move|p1a: Slowking|Future Sight|p2a: Clefable
|-start|p1a: Slowking|move: Future Sight
|
|-heal|p2a: Clefable|100/100|[from] move: Wish|[wisher] Clefable
|upkeep
|turn|4
|
|t:|1667897793
|switch|p2a: Heatran|Heatran, M|100/100
|move|p1a: Slowking|Scald|p2a: Heatran
|-supereffective|p2a: Heatran
|-damage|p2a: Heatran|71/100
|
|-heal|p2a: Heatran|77/100|[from] item: Leftovers
|upkeep
|turn|5
|
|t:|1667897799
|move|p2a: Heatran|Magma Storm|p1a: Slowking
|-crit|p1a: Slowking
|-damage|p1a: Slowking|72/100
|-activate|p1a: Slowking|move: Magma Storm|[of] p2a: Heatran
|move|p1a: Slowking|Scald|p2a: Heatran
|-supereffective|p2a: Heatran
|-damage|p2a: Heatran|48/100
|
|-end|p2a: Heatran|move: Future Sight
|-resisted|p2a: Heatran
|-crit|p2a: Heatran
|-damage|p2a: Heatran|25/100
|-heal|p2a: Heatran|31/100|[from] item: Leftovers
|-damage|p1a: Slowking|59/100|[from] move: Magma Storm|[partiallytrapped]
|upkeep
|turn|6
|
|t:|1667897804
|move|p2a: Heatran|Earth Power|p1a: Slowking
|-supereffective|p1a: Slowking
|-damage|p1a: Slowking|36/100
|move|p1a: Slowking|Scald|p2a: Heatran
|-supereffective|p2a: Heatran
|-damage|p2a: Heatran|4/100
|
|-heal|p2a: Heatran|10/100|[from] item: Leftovers
|-damage|p1a: Slowking|23/100|[from] move: Magma Storm|[partiallytrapped]
|upkeep
|turn|7
|
|t:|1667897810
|move|p2a: Heatran|Earth Power|p1a: Slowking
|-supereffective|p1a: Slowking
|-damage|p1a: Slowking|0 fnt
|faint|p1a: Slowking
|
|-heal|p2a: Heatran|16/100|[from] item: Leftovers
|upkeep
|inactive|gaenisalbino has 120 seconds left.
|
|t:|1667897846
|switch|p1a: Tyranitar|Tyranitar, F, shiny|100/100
|-weather|Sandstorm|[from] ability: Sand Stream|[of] p1a: Tyranitar
|turn|8
|
|t:|1667897852
|move|p1a: Tyranitar|Stone Edge|p2a: Heatran
|-damage|p2a: Heatran|0 fnt
|faint|p2a: Heatran
|
|-weather|Sandstorm|[upkeep]
|upkeep
|
|t:|1667897857
|switch|p2a: Buzzwole|Buzzwole|100/100
|turn|9
|
|t:|1667897861
|switch|p2a: Zapdos|Zapdos|100/100
|switch|p1a: Buzzwole|Buzzwole|100/100
|
|-weather|Sandstorm|[upkeep]
|-damage|p1a: Buzzwole|94/100|[from] Sandstorm
|-damage|p2a: Zapdos|94/100|[from] Sandstorm
|upkeep
|turn|10
|
|t:|1667897866
|switch|p1a: Landorus|Landorus-Therian, M|100/100
|-ability|p1a: Landorus|Intimidate|boost
|-unboost|p2a: Zapdos|atk|1
|move|p2a: Zapdos|Volt Switch|p1a: Landorus
|-immune|p1a: Landorus
|
|-weather|Sandstorm|[upkeep]
|-damage|p2a: Zapdos|88/100|[from] Sandstorm
|upkeep
|turn|11
|
|t:|1667897869
|move|p2a: Zapdos|Hurricane|p1a: Landorus
|-crit|p1a: Landorus
|-damage|p1a: Landorus|39/100
|move|p1a: Landorus|Toxic|p2a: Zapdos
|-status|p2a: Zapdos|tox
|
|-weather|Sandstorm|[upkeep]
|-damage|p2a: Zapdos|82/100 tox|[from] Sandstorm
|-heal|p1a: Landorus|45/100|[from] item: Leftovers
|-damage|p2a: Zapdos|76/100 tox|[from] psn
|upkeep
|turn|12
|
|t:|1667897876
|move|p2a: Zapdos|Hurricane|p1a: Landorus
|-damage|p1a: Landorus|1/100
|move|p1a: Landorus|Stealth Rock|p2a: Zapdos
|-sidestart|p2: Erenicko.|move: Stealth Rock
|
|-weather|none
|-heal|p1a: Landorus|7/100|[from] item: Leftovers
|-damage|p2a: Zapdos|64/100 tox|[from] psn
|upkeep
|turn|13
|
|t:|1667897880
|move|p2a: Zapdos|Defog|p1a: Landorus
|-unboost|p1a: Landorus|evasion|1
|-sideend|p2: Erenicko.|Stealth Rock|[from] move: Defog|[of] p2a: Zapdos
|move|p1a: Landorus|Earthquake|p2a: Zapdos
|-immune|p2a: Zapdos
|
|-heal|p1a: Landorus|13/100|[from] item: Leftovers
|-damage|p2a: Zapdos|46/100 tox|[from] psn
|upkeep
|turn|14
|
|t:|1667897885
|move|p2a: Zapdos|Hurricane|p1a: Landorus
|-damage|p1a: Landorus|0 fnt
|faint|p1a: Landorus
|
|-damage|p2a: Zapdos|22/100 tox|[from] psn
|upkeep
|
|t:|1667897888
|switch|p1a: Tyranitar|Tyranitar, F, shiny|100/100
|-weather|Sandstorm|[from] ability: Sand Stream|[of] p1a: Tyranitar
|turn|15
|
|t:|1667897891
|move|p2a: Zapdos|Volt Switch|p1a: Tyranitar
|-damage|p1a: Tyranitar|77/100
|
|t:|1667897898
|switch|p2a: Buzzwole|Buzzwole|100/100|[from]move: Volt Switch
|move|p1a: Tyranitar|Stone Edge|p2a: Buzzwole|[miss]
|-miss|p1a: Tyranitar|p2a: Buzzwole
|
|-weather|Sandstorm|[upkeep]
|-damage|p2a: Buzzwole|94/100|[from] Sandstorm
|upkeep
|turn|16
|
|t:|1667897903
|switch|p1a: Buzzwole|Buzzwole|94/100
|move|p2a: Buzzwole|Leech Life|p1a: Buzzwole
|-resisted|p1a: Buzzwole
|-damage|p1a: Buzzwole|77/100
|-heal|p2a: Buzzwole|100/100|[from] drain|[of] p1a: Buzzwole
|
|-weather|Sandstorm|[upkeep]
|-damage|p1a: Buzzwole|71/100|[from] Sandstorm
|-damage|p2a: Buzzwole|94/100|[from] Sandstorm
|upkeep
|turn|17
|
|t:|1667897910
|move|p1a: Buzzwole|Ice Punch|p2a: Buzzwole
|-damage|p2a: Buzzwole|68/100
|-damage|p1a: Buzzwole|54/100|[from] item: Rocky Helmet|[of] p2a: Buzzwole
|move|p2a: Buzzwole|Leech Life|p1a: Buzzwole
|-resisted|p1a: Buzzwole
|-damage|p1a: Buzzwole|37/100
|-heal|p2a: Buzzwole|76/100|[from] drain|[of] p1a: Buzzwole
|
|-weather|Sandstorm|[upkeep]
|-damage|p1a: Buzzwole|31/100|[from] Sandstorm
|-damage|p2a: Buzzwole|70/100|[from] Sandstorm
|upkeep
|turn|18
|
|t:|1667897916
|switch|p1a: Rotom|Rotom-Wash|100/100
|move|p2a: Buzzwole|Roost|p2a: Buzzwole
|-heal|p2a: Buzzwole|100/100
|-singleturn|p2a: Buzzwole|move: Roost
|
|-weather|Sandstorm|[upkeep]
|-damage|p2a: Buzzwole|94/100|[from] Sandstorm
|-damage|p1a: Rotom|94/100|[from] Sandstorm
|-heal|p1a: Rotom|100/100|[from] item: Leftovers
|upkeep
|turn|19
|
|t:|1667897919
|switch|p2a: Seismitoad|Seismitoad, F|100/100
|switch|p1a: Buzzwole|Buzzwole|31/100
|
|-weather|none
|upkeep
|turn|20
|
|t:|1667897930
|switch|p1a: Rotom|Rotom-Wash|100/100
|switch|p2a: Clefable|Clefable, M|100/100
|
|upkeep
|turn|21
|
|t:|1667897933
|switch|p2a: Seismitoad|Seismitoad, F|100/100
|move|p1a: Rotom|Volt Switch|p2a: Seismitoad
|-immune|p2a: Seismitoad
|
|upkeep
|turn|22
|
|t:|1667897937
|switch|p1a: Kartana|Kartana|100/100
|move|p2a: Seismitoad|Toxic|p1a: Kartana
|-immune|p1a: Kartana
|
|upkeep
|turn|23
|
|t:|1667897939
|switch|p2a: Buzzwole|Buzzwole|94/100
|move|p1a: Kartana|Knock Off|p2a: Buzzwole
|-resisted|p2a: Buzzwole
|-damage|p2a: Buzzwole|75/100
|-damage|p1a: Kartana|84/100|[from] item: Rocky Helmet|[of] p2a: Buzzwole
|-enditem|p2a: Buzzwole|Rocky Helmet|[from] move: Knock Off|[of] p1a: Kartana
|
|upkeep
|turn|24
|
|t:|1667897942
|switch|p1a: Rotom|Rotom-Wash|100/100
|move|p2a: Buzzwole|Roost|p2a: Buzzwole
|-heal|p2a: Buzzwole|100/100
|-singleturn|p2a: Buzzwole|move: Roost
|
|upkeep
|turn|25
|
|t:|1667897945
|switch|p2a: Seismitoad|Seismitoad, F|100/100
|switch|p1a: Tyranitar|Tyranitar, F, shiny|77/100
|-weather|Sandstorm|[from] ability: Sand Stream|[of] p1a: Tyranitar
|
|-weather|Sandstorm|[upkeep]
|upkeep
|turn|26
|
|t:|1667897954
|move|p1a: Tyranitar|Stone Edge|p2a: Seismitoad
|-resisted|p2a: Seismitoad
|-damage|p2a: Seismitoad|56/100
|move|p2a: Seismitoad|Knock Off|p1a: Tyranitar
|-resisted|p1a: Tyranitar
|-damage|p1a: Tyranitar|67/100
|-enditem|p1a: Tyranitar|Choice Band|[from] move: Knock Off|[of] p2a: Seismitoad
|
|-weather|Sandstorm|[upkeep]
|-heal|p2a: Seismitoad|62/100|[from] item: Leftovers
|upkeep
|turn|27
|
|t:|1667897961
|switch|p2a: Buzzwole|Buzzwole|100/100
|move|p1a: Tyranitar|Stone Edge|p2a: Buzzwole
|-damage|p2a: Buzzwole|65/100
|
|-weather|Sandstorm|[upkeep]
|-damage|p2a: Buzzwole|59/100|[from] Sandstorm
|upkeep
|turn|28
|
|t:|1667897966
|move|p2a: Buzzwole|Roost|p2a: Buzzwole
|-heal|p2a: Buzzwole|100/100
|-singleturn|p2a: Buzzwole|move: Roost
|move|p1a: Tyranitar|Stone Edge|p2a: Buzzwole
|-crit|p2a: Buzzwole
|-damage|p2a: Buzzwole|43/100
|
|-weather|Sandstorm|[upkeep]
|-damage|p2a: Buzzwole|37/100|[from] Sandstorm
|upkeep
|turn|29
|
|t:|1667897969
|move|p2a: Buzzwole|Leech Life|p1a: Tyranitar
|-supereffective|p1a: Tyranitar
|-damage|p1a: Tyranitar|0 fnt
|-heal|p2a: Buzzwole|66/100|[from] drain|[of] p1a: Tyranitar
|faint|p1a: Tyranitar
|-ability|p2a: Buzzwole|Beast Boost|boost
|-boost|p2a: Buzzwole|atk|1
|
|-weather|none
|upkeep
|
|t:|1667897973
|switch|p1a: Rotom|Rotom-Wash|100/100
|turn|30
|
|t:|1667897977
|switch|p2a: Seismitoad|Seismitoad, F|62/100
|switch|p1a: Kartana|Kartana|84/100
|
|-heal|p2a: Seismitoad|68/100|[from] item: Leftovers
|upkeep
|turn|31
|
|t:|1667897982
|switch|p2a: Zapdos|Zapdos|22/100 tox
|move|p1a: Kartana|Smart Strike|p2a: Zapdos
|-resisted|p2a: Zapdos
|-damage|p2a: Zapdos|0 fnt
|faint|p2a: Zapdos
|-ability|p1a: Kartana|Beast Boost|boost
|-boost|p1a: Kartana|atk|1
|
|upkeep
|
|t:|1667897985
|switch|p2a: Buzzwole|Buzzwole|66/100
|turn|32
|inactive|gaenisalbino has 120 seconds left.
|
|t:|1667898035
|move|p1a: Kartana|Smart Strike|p2a: Buzzwole
|-damage|p2a: Buzzwole|0 fnt
|faint|p2a: Buzzwole
|-ability|p1a: Kartana|Beast Boost|boost
|-boost|p1a: Kartana|atk|1
|
|upkeep
|c|☆Erenicko.|Nice high role
|c|☆Erenicko.|Gg
|c|☆gaenisalbino|nah
|
|t:|1667898055
|switch|p2a: Weavile|Weavile, M|100/100
|-ability|p2a: Weavile|Pressure
|turn|33
|c|☆gaenisalbino|not role
|
|t:|1667898062
|move|p2a: Weavile|Knock Off|p1a: Kartana
|-damage|p1a: Kartana|9/100
|-enditem|p1a: Kartana|Choice Band|[from] move: Knock Off|[of] p2a: Weavile
|move|p1a: Kartana|Smart Strike|p2a: Weavile
|-supereffective|p2a: Weavile
|-damage|p2a: Weavile|0 fnt
|faint|p2a: Weavile
|-ability|p1a: Kartana|Beast Boost|boost
|-boost|p1a: Kartana|atk|1
|
|upkeep
|c|☆Erenicko.|Ofc
|
|t:|1667898071
|switch|p2a: Seismitoad|Seismitoad, F|68/100
|turn|34
|c|☆gaenisalbino|send calc
|c|☆gaenisalbino|noob
|
|t:|1667898077
|move|p1a: Kartana|Leaf Blade|p2a: Seismitoad
|-supereffective|p2a: Seismitoad
|-crit|p2a: Seismitoad
|-damage|p2a: Seismitoad|0 fnt
|faint|p2a: Seismitoad
|-ability|p1a: Kartana|Beast Boost|boost
|-boost|p1a: Kartana|atk|1
|
|upkeep
|j| chargee Q
|-message|Erenicko. forfeited.
|
|win|gaenisalbino
|raw|gaenisalbino's rating: 1747 &rarr; <strong>1764</strong><br />(+17 for winning)
|raw|Erenicko.'s rating: 1686 &rarr; <strong>1669</strong><br />(-17 for losing)
|l|☆Erenicko.
||Ladder isn't responding, score probably updated but might not have (Request timeout).
