|raw|<div class="broadcast-blue"><strong>This battle is required to be public due to a player having a name starting with 'btlt200'.</div>
|j|☆BTLT200$ SF'
|j|☆Cardiologie
|t:|1668172235
|gametype|singles
|player|p1|BTLT200$ SF'|palmer|
|player|p2|Cardiologie|morty-masters|
|teamsize|p1|6
|teamsize|p2|6
|gen|8
|tier|[Gen 8] OU
|rule|Sleep Clause Mod: Limit one foe put to sleep
|rule|Species Clause: Limit one of each Pokémon
|rule|OHKO Clause: OHKO moves are banned
|rule|Evasion Items Clause: Evasion items are banned
|rule|Evasion Moves Clause: Evasion moves are banned
|rule|Endless Battle Clause: Forcing endless battles is banned
|rule|HP Percentage Mod: HP is shown in percentages
|rule|Dynamax Clause: You cannot dynamax
|clearpoke
|poke|p1|Slowbro-Galar, F|
|poke|p1|Copperajah, F|
|poke|p1|Weezing-Galar, M|
|poke|p1|Zarude-Dada|
|poke|p1|Stunfisk-Galar, M|
|poke|p1|Arctovish|
|poke|p2|Regieleki|
|poke|p2|Zarude|
|poke|p2|Weezing-Galar, F|
|poke|p2|Pincurchin, M|
|poke|p2|Sandaconda, M|
|poke|p2|Mr. Rime, F|
|teampreview
|inactive|Battle timer is ON: inactive players will automatically lose when time's up. (requested by BTLT200$ SF')
|
|t:|1668172252
|start
|switch|p1a: Stunfisk|Stunfisk-Galar, M|100/100
|switch|p2a: Sandaconda|Sandaconda, M|100/100
|turn|1
|
|t:|1668172257
|move|p2a: Sandaconda|Earthquake|p1a: Stunfisk
|-supereffective|p1a: Stunfisk
|-damage|p1a: Stunfisk|39/100
|move|p1a: Stunfisk|Stealth Rock|p2a: Sandaconda
|-sidestart|p2: Cardiologie|move: Stealth Rock
|
|-heal|p1a: Stunfisk|45/100|[from] item: Leftovers
|upkeep
|turn|2
|
|t:|1668172264
|move|p2a: Sandaconda|Stealth Rock|p1a: Stunfisk
|-sidestart|p1: BTLT200$ SF'|move: Stealth Rock
|move|p1a: Stunfisk|Pain Split|p2a: Sandaconda
|-sethp|p2a: Sandaconda|77/100|[from] move: Pain Split|[silent]
|-sethp|p1a: Stunfisk|64/100|[from] move: Pain Split
|
|-heal|p2a: Sandaconda|83/100|[from] item: Leftovers
|-heal|p1a: Stunfisk|70/100|[from] item: Leftovers
|upkeep
|turn|3
|
|t:|1668172269
|switch|p1a: Zarude|Zarude-Dada|100/100
|move|p2a: Sandaconda|Earthquake|p1a: Zarude
|-resisted|p1a: Zarude
|-damage|p1a: Zarude|83/100
|
|-heal|p2a: Sandaconda|90/100|[from] item: Leftovers
|upkeep
|turn|4
|
|t:|1668172277
|switch|p1a: Stunfisk|Stunfisk-Galar, M|70/100
|-damage|p1a: Stunfisk|67/100|[from] Stealth Rock
|switch|p2a: Weezing|Weezing-Galar, F|100/100
|-damage|p2a: Weezing|88/100|[from] Stealth Rock
|
|-heal|p2a: Weezing|94/100|[from] item: Black Sludge
|-heal|p1a: Stunfisk|73/100|[from] item: Leftovers
|upkeep
|turn|5
|
|t:|1668172285
|switch|p1a: Slowbro|Slowbro-Galar, F|100/100
|-damage|p1a: Slowbro|88/100|[from] Stealth Rock
|move|p2a: Weezing|Will-O-Wisp|p1a: Slowbro
|-status|p1a: Slowbro|brn
|
|-heal|p2a: Weezing|99/100|[from] item: Black Sludge
|-damage|p1a: Slowbro|82/100 brn|[from] brn
|upkeep
|turn|6
|
|t:|1668172299
|move|p2a: Weezing|Corrosive Gas|p1a: Slowbro
|-enditem|p1a: Slowbro|Rocky Helmet|[from] move: Corrosive Gas|[of] p2a: Weezing
|move|p1a: Slowbro|Scald|p2a: Weezing
|-damage|p2a: Weezing|84/100
|
|-heal|p2a: Weezing|90/100|[from] item: Black Sludge
|-damage|p1a: Slowbro|76/100 brn|[from] brn
|upkeep
|turn|7
|
|t:|1668172304
|switch|p2a: Zarude|Zarude|100/100
|-damage|p2a: Zarude|88/100|[from] Stealth Rock
|move|p1a: Slowbro|Scald|p2a: Zarude
|-resisted|p2a: Zarude
|-damage|p2a: Zarude|78/100
|
|-heal|p2a: Zarude|84/100|[from] item: Leftovers
|-damage|p1a: Slowbro|70/100 brn|[from] brn
|upkeep
|turn|8
|
|t:|1668172310
|switch|p2a: Mr. Rime|Mr. Rime, F|100/100
|-damage|p2a: Mr. Rime|76/100|[from] Stealth Rock
|switch|p1a: Weezing|Weezing-Galar, M|100/100
|-damage|p1a: Weezing|88/100|[from] Stealth Rock
|
|upkeep
|turn|9
|
|t:|1668172316
|switch|p1a: Copperajah|Copperajah, F|100/100
|-damage|p1a: Copperajah|94/100|[from] Stealth Rock
|move|p2a: Mr. Rime|Freeze-Dry|p1a: Copperajah
|-resisted|p1a: Copperajah
|-damage|p1a: Copperajah|73/100
|
|upkeep
|turn|10
|
|t:|1668172324
|switch|p2a: Pincurchin|Pincurchin, M|100/100
|-damage|p2a: Pincurchin|88/100|[from] Stealth Rock
|-fieldstart|move: Electric Terrain|[from] ability: Electric Surge|[of] p2a: Pincurchin
|move|p1a: Copperajah|Heavy Slam|p2a: Pincurchin
|-resisted|p2a: Pincurchin
|-damage|p2a: Pincurchin|56/100
|-enditem|p2a: Pincurchin|Eject Button
|
|t:|1668172329
|switch|p2a: Regieleki|Regieleki|100/100
|-damage|p2a: Regieleki|88/100|[from] Stealth Rock
|
|upkeep
|turn|11
|
|t:|1668172335
|move|p2a: Regieleki|Rapid Spin|p1a: Copperajah
|-resisted|p1a: Copperajah
|-damage|p1a: Copperajah|68/100
|-boost|p2a: Regieleki|spe|1
|-sideend|p2: Cardiologie|Stealth Rock|[from] move: Rapid Spin|[of] p2a: Regieleki
|move|p1a: Copperajah|Heavy Slam|p2a: Regieleki
|-resisted|p2a: Regieleki
|-damage|p2a: Regieleki|19/100
|
|upkeep
|turn|12
|
|t:|1668172344
|move|p2a: Regieleki|Rising Voltage|p1a: Copperajah
|-hint|Rising Voltage's BP doubled on grounded target.
|-damage|p1a: Copperajah|0 fnt
|faint|p1a: Copperajah
|
|upkeep
|
|t:|1668172345
|switch|p1a: Stunfisk|Stunfisk-Galar, M|73/100
|-damage|p1a: Stunfisk|70/100|[from] Stealth Rock
|-start|p1a: Stunfisk|typechange|Electric|[from] ability: Mimicry
|turn|13
|
|t:|1668172353
|switch|p2a: Sandaconda|Sandaconda, M|90/100
|move|p1a: Stunfisk|Earthquake|p2a: Sandaconda
|-damage|p2a: Sandaconda|75/100
|
|-heal|p2a: Sandaconda|81/100|[from] item: Leftovers
|-heal|p1a: Stunfisk|76/100|[from] item: Leftovers
|upkeep
|turn|14
|
|t:|1668172362
|switch|p1a: Arctovish|Arctovish|100/100
|move|p2a: Sandaconda|Earthquake|p1a: Arctovish
|-damage|p1a: Arctovish|68/100
|
|-heal|p2a: Sandaconda|88/100|[from] item: Leftovers
|-fieldend|move: Electric Terrain
|upkeep
|turn|15
|
|t:|1668172373
|switch|p2a: Zarude|Zarude|84/100
|move|p1a: Arctovish|Fishious Rend|p2a: Zarude
|-resisted|p2a: Zarude
|-damage|p2a: Zarude|50/100
|
|-heal|p2a: Zarude|56/100|[from] item: Leftovers
|upkeep
|turn|16
|
|t:|1668172379
|switch|p1a: Weezing|Weezing-Galar, M|88/100
|-damage|p1a: Weezing|76/100|[from] Stealth Rock
|move|p2a: Zarude|Jungle Healing|p2a: Zarude
|-heal|p2a: Zarude|81/100
|
|-heal|p2a: Zarude|87/100|[from] item: Leftovers
|upkeep
|turn|17
|c|☆BTLT200$ SF'|t'as quand même une sacré chance que je joue Stunfisk en tant que type sol
|inactive|BTLT200$ SF' has 270 seconds left.
|
|t:|1668172416
|switch|p2a: Mr. Rime|Mr. Rime, F|76/100
|switch|p1a: Arctovish|Arctovish|68/100
|
|upkeep
|turn|18
|inactive|BTLT200$ SF' has 270 seconds left.
|c|☆Cardiologie|c'est pas de la chance d'avoir un bon match up
|c|☆BTLT200$ SF'|ça s'appelle du MU fish
|inactive|Cardiologie has 270 seconds left.
|c|☆Cardiologie|fin t'a choisi de le jouer quoi
|
|t:|1668172457
|switch|p1a: Stunfisk|Stunfisk-Galar, M|76/100
|-damage|p1a: Stunfisk|73/100|[from] Stealth Rock
|move|p2a: Mr. Rime|Focus Blast|p1a: Stunfisk
|-supereffective|p1a: Stunfisk
|-damage|p1a: Stunfisk|0 fnt
|faint|p1a: Stunfisk
|
|upkeep
|inactive|BTLT200$ SF' has 270 seconds left.
|c|☆BTLT200$ SF'|mouais bon
|c|☆BTLT200$ SF'|pas la peine de discuter avec toi
|-message|BTLT200$ SF' forfeited.
|
|win|Cardiologie
