|j|☆cute pink team
|j|☆plantinga
|t:|1659441837
|gametype|singles
|player|p1|cute pink team|youngster|1794
|player|p2|plantinga|2|1766
|teamsize|p1|6
|teamsize|p2|6
|gen|8
|tier|[Gen 8] OU
|rated|
|rule|Sleep Clause Mod: Limit one foe put to sleep
|rule|Species Clause: Limit one of each Pokémon
|rule|OHKO Clause: OHKO moves are banned
|rule|Evasion Moves Clause: Evasion moves are banned
|rule|Endless Battle Clause: Forcing endless battles is banned
|rule|HP Percentage Mod: HP is shown in percentages
|rule|Dynamax Clause: You cannot dynamax
|clearpoke
|poke|p1|Tyranitar, M|
|poke|p1|Weavile, F|
|poke|p1|Landorus-Therian, M|
|poke|p1|Volcanion|
|poke|p1|Zapdos|
|poke|p1|Blacephalon|
|poke|p2|Melmetal|
|poke|p2|Mamoswine, F|
|poke|p2|Ferrothorn, F|
|poke|p2|Togekiss, F|
|poke|p2|Dragapult, M|
|poke|p2|Dragonite, F|
|teampreview
|
|t:|1659441854
|start
|switch|p1a: Weavile|Weavile, F|100/100
|switch|p2a: Ferrothorn|Ferrothorn, F|100/100
|-ability|p1a: Weavile|Pressure
|turn|1
|
|t:|1659441862
|move|p1a: Weavile|Beat Up|p2a: Ferrothorn
|-damage|p2a: Ferrothorn|92/100
|-damage|p2a: Ferrothorn|83/100
|-damage|p2a: Ferrothorn|73/100
|-damage|p2a: Ferrothorn|66/100
|-damage|p2a: Ferrothorn|59/100
|-damage|p2a: Ferrothorn|51/100
|-hitcount|p2a: Ferrothorn|6
|move|p2a: Ferrothorn|Thunder Wave|p1a: Weavile
|-status|p1a: Weavile|par
|
|-heal|p2a: Ferrothorn|57/100|[from] item: Leftovers
|upkeep
|turn|2
|
|t:|1659441869
|switch|p2a: Togekiss|Togekiss, F|100/100
|move|p1a: Weavile|Beat Up|p2a: Togekiss
|-resisted|p2a: Togekiss
|-damage|p2a: Togekiss|94/100
|-resisted|p2a: Togekiss
|-damage|p2a: Togekiss|87/100
|-resisted|p2a: Togekiss
|-damage|p2a: Togekiss|80/100
|-resisted|p2a: Togekiss
|-damage|p2a: Togekiss|74/100
|-resisted|p2a: Togekiss
|-damage|p2a: Togekiss|69/100
|-resisted|p2a: Togekiss
|-damage|p2a: Togekiss|62/100
|-hitcount|p2a: Togekiss|6
|
|upkeep
|turn|3
|
|t:|1659441874
|switch|p1a: Zapdos|Zapdos|100/100
|move|p2a: Togekiss|Roost|p2a: Togekiss
|-heal|p2a: Togekiss|100/100
|-singleturn|p2a: Togekiss|move: Roost
|
|upkeep
|turn|4
|
|t:|1659441881
|switch|p2a: Dragonite|Dragonite, F|100/100
|move|p1a: Zapdos|Hurricane|p2a: Dragonite
|-damage|p2a: Dragonite|63/100
|
|upkeep
|turn|5
|
|t:|1659441886
|switch|p1a: Volcanion|Volcanion|100/100
|move|p2a: Dragonite|Roost|p2a: Dragonite
|-heal|p2a: Dragonite|100/100
|-singleturn|p2a: Dragonite|move: Roost
|
|upkeep
|turn|6
|
|t:|1659441891
|switch|p1a: Zapdos|Zapdos|100/100
|move|p2a: Dragonite|Earthquake|p1a: Zapdos
|-immune|p1a: Zapdos
|
|upkeep
|turn|7
|
|t:|1659441893
|move|p1a: Zapdos|Volt Switch|p2a: Dragonite
|-damage|p2a: Dragonite|73/100
|
|t:|1659441899
|switch|p1a: Weavile|Weavile, F|100/100 par|[from]move: Volt Switch
|-ability|p1a: Weavile|Pressure
|move|p2a: Dragonite|Ice Beam|p1a: Weavile
|-resisted|p1a: Weavile
|-damage|p1a: Weavile|87/100 par
|
|upkeep
|turn|8
|
|t:|1659441903
|switch|p2a: Melmetal|Melmetal|100/100
|move|p1a: Weavile|Beat Up|p2a: Melmetal
|-damage|p2a: Melmetal|92/100
|-crit|p2a: Melmetal
|-damage|p2a: Melmetal|78/100
|-damage|p2a: Melmetal|69/100
|-damage|p2a: Melmetal|62/100
|-damage|p2a: Melmetal|55/100
|-damage|p2a: Melmetal|47/100
|-hitcount|p2a: Melmetal|6
|
|upkeep
|turn|9
|
|t:|1659441909
|switch|p2a: Togekiss|Togekiss, F|100/100
|move|p1a: Weavile|Beat Up|p2a: Togekiss
|-resisted|p2a: Togekiss
|-damage|p2a: Togekiss|94/100
|-resisted|p2a: Togekiss
|-damage|p2a: Togekiss|88/100
|-resisted|p2a: Togekiss
|-damage|p2a: Togekiss|80/100
|-resisted|p2a: Togekiss
|-damage|p2a: Togekiss|74/100
|-resisted|p2a: Togekiss
|-damage|p2a: Togekiss|69/100
|-resisted|p2a: Togekiss
|-damage|p2a: Togekiss|62/100
|-hitcount|p2a: Togekiss|6
|
|upkeep
|turn|10
|
|t:|1659441913
|switch|p1a: Zapdos|Zapdos|100/100
|move|p2a: Togekiss|Roost|p2a: Togekiss
|-heal|p2a: Togekiss|100/100
|-singleturn|p2a: Togekiss|move: Roost
|
|upkeep
|turn|11
|
|t:|1659441916
|switch|p2a: Mamoswine|Mamoswine, F|100/100
|move|p1a: Zapdos|Hurricane|p2a: Mamoswine
|-damage|p2a: Mamoswine|0 fnt
|faint|p2a: Mamoswine
|
|upkeep
|
|t:|1659441925
|switch|p2a: Dragapult|Dragapult, M|100/100
|turn|12
|
|t:|1659441928
|switch|p1a: Landorus|Landorus-Therian, M|100/100
|-ability|p1a: Landorus|Intimidate|boost
|-fail|p2a: Dragapult|unboost|[from] ability: Clear Body|[of] p2a: Dragapult
|move|p2a: Dragapult|Dragon Darts|p1a: Landorus
|-damage|p1a: Landorus|71/100
|-anim|p2a: Dragapult|Dragon Darts|p1a: Landorus
|-damage|p1a: Landorus|45/100
|
|-heal|p1a: Landorus|51/100|[from] item: Leftovers
|upkeep
|turn|13
|
|t:|1659441949
|switch|p2a: Ferrothorn|Ferrothorn, F|57/100
|move|p1a: Landorus|Stealth Rock|p2a: Ferrothorn
|-sidestart|p2: plantinga|move: Stealth Rock
|
|-heal|p1a: Landorus|57/100|[from] item: Leftovers
|-heal|p2a: Ferrothorn|63/100|[from] item: Leftovers
|upkeep
|turn|14
|
|t:|1659441957
|switch|p1a: Volcanion|Volcanion|100/100
|move|p2a: Ferrothorn|Spikes|p1a: Volcanion
|-sidestart|p1: cute pink team|Spikes
|
|-heal|p2a: Ferrothorn|69/100|[from] item: Leftovers
|upkeep
|turn|15
|
|t:|1659441962
|switch|p2a: Dragonite|Dragonite, F|73/100
|move|p1a: Volcanion|Steam Eruption|p2a: Dragonite
|-resisted|p2a: Dragonite
|-damage|p2a: Dragonite|31/100
|
|upkeep
|turn|16
|
|t:|1659441964
|move|p2a: Dragonite|Roost|p2a: Dragonite
|-heal|p2a: Dragonite|81/100
|-singleturn|p2a: Dragonite|move: Roost
|move|p1a: Volcanion|Steam Eruption|p2a: Dragonite
|-resisted|p2a: Dragonite
|-damage|p2a: Dragonite|43/100
|-status|p2a: Dragonite|brn
|
|-damage|p2a: Dragonite|36/100 brn|[from] brn
|upkeep
|turn|17
|
|t:|1659441969
|switch|p1a: Zapdos|Zapdos|100/100
|move|p2a: Dragonite|Roost|p2a: Dragonite
|-heal|p2a: Dragonite|86/100 brn
|-singleturn|p2a: Dragonite|move: Roost
|
|-damage|p2a: Dragonite|80/100 brn|[from] brn
|upkeep
|turn|18
|
|t:|1659441974
|move|p1a: Zapdos|Thunderbolt|p2a: Dragonite
|-damage|p2a: Dragonite|13/100 brn
|move|p2a: Dragonite|Roost|p2a: Dragonite
|-heal|p2a: Dragonite|63/100 brn
|-singleturn|p2a: Dragonite|move: Roost
|
|-damage|p2a: Dragonite|57/100 brn|[from] brn
|upkeep
|turn|19
|
|t:|1659441978
|switch|p2a: Ferrothorn|Ferrothorn, F|69/100
|-damage|p2a: Ferrothorn|63/100|[from] Stealth Rock
|move|p1a: Zapdos|Thunderbolt|p2a: Ferrothorn
|-resisted|p2a: Ferrothorn
|-damage|p2a: Ferrothorn|32/100
|
|-heal|p2a: Ferrothorn|38/100|[from] item: Leftovers
|upkeep
|turn|20
|
|t:|1659441983
|move|p1a: Zapdos|Thunderbolt|p2a: Ferrothorn
|-resisted|p2a: Ferrothorn
|-damage|p2a: Ferrothorn|6/100
|-status|p2a: Ferrothorn|par
|move|p2a: Ferrothorn|Leech Seed|p1a: Zapdos
|-start|p1a: Zapdos|move: Leech Seed
|
|-heal|p2a: Ferrothorn|12/100 par|[from] item: Leftovers
|-damage|p1a: Zapdos|88/100|[from] Leech Seed|[of] p2a: Ferrothorn
|-heal|p2a: Ferrothorn|23/100 par|[silent]
|upkeep
|turn|21
|
|t:|1659441991
|move|p1a: Zapdos|Thunderbolt|p2a: Ferrothorn
|-resisted|p2a: Ferrothorn
|-damage|p2a: Ferrothorn|0 fnt
|faint|p2a: Ferrothorn
|
|upkeep
|
|t:|1659441994
|switch|p2a: Dragapult|Dragapult, M|100/100
|turn|22
|
|t:|1659441999
|switch|p1a: Landorus|Landorus-Therian, M|57/100
|-ability|p1a: Landorus|Intimidate|boost
|-fail|p2a: Dragapult|unboost|[from] ability: Clear Body|[of] p2a: Dragapult
|move|p2a: Dragapult|Dragon Darts|p1a: Landorus
|-damage|p1a: Landorus|31/100
|-anim|p2a: Dragapult|Dragon Darts|p1a: Landorus
|-damage|p1a: Landorus|7/100
|
|-heal|p1a: Landorus|13/100|[from] item: Leftovers
|upkeep
|turn|23
|
|t:|1659442006
|move|p2a: Dragapult|Dragon Darts|p1a: Landorus
|-damage|p1a: Landorus|0 fnt
|faint|p1a: Landorus
|
|upkeep
|
|t:|1659442007
|switch|p1a: Blacephalon|Blacephalon|100/100
|-damage|p1a: Blacephalon|88/100|[from] Spikes
|turn|24
|
|t:|1659442012
|switch|p2a: Togekiss|Togekiss, F|100/100
|move|p1a: Blacephalon|Shadow Ball|p2a: Togekiss
|-damage|p2a: Togekiss|60/100
|
|upkeep
|turn|25
|
|t:|1659442020
|switch|p1a: Zapdos|Zapdos|88/100
|move|p2a: Togekiss|Roost|p2a: Togekiss
|-heal|p2a: Togekiss|100/100
|-singleturn|p2a: Togekiss|move: Roost
|
|upkeep
|turn|26
|
|t:|1659442029
|switch|p2a: Melmetal|Melmetal|47/100
|-damage|p2a: Melmetal|41/100|[from] Stealth Rock
|move|p1a: Zapdos|Thunderbolt|p2a: Melmetal
|-damage|p2a: Melmetal|0 fnt
|faint|p2a: Melmetal
|
|upkeep
|
|t:|1659442037
|switch|p2a: Dragapult|Dragapult, M|100/100
|turn|27
|
|t:|1659442043
|switch|p1a: Volcanion|Volcanion|100/100
|-damage|p1a: Volcanion|88/100|[from] Spikes
|move|p2a: Dragapult|Dragon Darts|p1a: Volcanion
|-damage|p1a: Volcanion|63/100
|-anim|p2a: Dragapult|Dragon Darts|p1a: Volcanion
|-damage|p1a: Volcanion|37/100
|
|upkeep
|turn|28
|
|t:|1659442050
|move|p2a: Dragapult|Dragon Darts|p1a: Volcanion
|-damage|p1a: Volcanion|9/100
|-anim|p2a: Dragapult|Dragon Darts|p1a: Volcanion
|-damage|p1a: Volcanion|0 fnt
|faint|p1a: Volcanion
|
|upkeep
|
|t:|1659442058
|switch|p1a: Tyranitar|Tyranitar, M|100/100
|-damage|p1a: Tyranitar|88/100|[from] Spikes
|-weather|Sandstorm|[from] ability: Sand Stream|[of] p1a: Tyranitar
|turn|29
|
|t:|1659442062
|switch|p2a: Dragonite|Dragonite, F|57/100 brn
|move|p1a: Tyranitar|Ice Punch|p2a: Dragonite
|-supereffective|p2a: Dragonite
|-damage|p2a: Dragonite|0 fnt
|faint|p2a: Dragonite
|
|-weather|Sandstorm|[upkeep]
|upkeep
|
|t:|1659442068
|switch|p2a: Togekiss|Togekiss, F|100/100
|turn|30
|
|t:|1659442072
|switch|p1a: Zapdos|Zapdos|88/100
|move|p2a: Togekiss|Air Slash|p1a: Zapdos
|-resisted|p1a: Zapdos
|-damage|p1a: Zapdos|71/100
|
|-weather|Sandstorm|[upkeep]
|-damage|p1a: Zapdos|64/100|[from] Sandstorm
|-damage|p2a: Togekiss|94/100|[from] Sandstorm
|upkeep
|turn|31
|
|t:|1659442078
|move|p1a: Zapdos|Volt Switch|p2a: Togekiss
|-supereffective|p2a: Togekiss
|-damage|p2a: Togekiss|12/100
|
|t:|1659442083
|switch|p1a: Tyranitar|Tyranitar, M|88/100|[from]move: Volt Switch
|-damage|p1a: Tyranitar|76/100|[from] Spikes
|move|p2a: Togekiss|Ancient Power|p1a: Tyranitar
|-crit|p1a: Tyranitar
|-damage|p1a: Tyranitar|60/100
|
|-weather|Sandstorm|[upkeep]
|-damage|p2a: Togekiss|6/100|[from] Sandstorm
|upkeep
|turn|32
|
|t:|1659442089
|move|p2a: Togekiss|Roost|p2a: Togekiss
|-heal|p2a: Togekiss|56/100
|-singleturn|p2a: Togekiss|move: Roost
|move|p1a: Tyranitar|Stone Edge|p2a: Togekiss
|-damage|p2a: Togekiss|0 fnt
|faint|p2a: Togekiss
|
|-weather|Sandstorm|[upkeep]
|upkeep
|
|t:|1659442093
|switch|p2a: Dragapult|Dragapult, M|100/100
|turn|33
|
|t:|1659442096
|move|p2a: Dragapult|Dragon Dance|p2a: Dragapult
|-boost|p2a: Dragapult|atk|1
|-boost|p2a: Dragapult|spe|1
|move|p1a: Tyranitar|Stone Edge|p2a: Dragapult
|-damage|p2a: Dragapult|0 fnt
|faint|p2a: Dragapult
|
|win|cute pink team
|raw|cute pink team's rating: 1794 &rarr; <strong>1812</strong><br />(+18 for winning)
|raw|plantinga's rating: 1766 &rarr; <strong>1748</strong><br />(-18 for losing)
|l|☆plantinga
