|j|☆blade murphy
|j|☆El Stefano
|t:|1656246776
|gametype|singles
|player|p1|blade murphy|olympia|1721
|player|p2|El Stefano|1|1726
|teamsize|p1|6
|teamsize|p2|6
|gen|8
|tier|[Gen 8] OU
|rated|
|rule|Sleep Clause Mod: Limit one foe put to sleep
|rule|Species Clause: Limit one of each Pokémon
|rule|OHKO Clause: OHKO moves are banned
|rule|Evasion Moves Clause: Evasion moves are banned
|rule|Endless Battle Clause: Forcing endless battles is banned
|rule|HP Percentage Mod: HP is shown in percentages
|rule|Dynamax Clause: You cannot dynamax
|clearpoke
|poke|p1|Zapdos|
|poke|p1|Landorus-Therian, M|
|poke|p1|Vanilluxe, F|
|poke|p1|Melmetal|
|poke|p1|Slowking, M|
|poke|p1|Urshifu-*, M|
|poke|p2|Arctozolt|
|poke|p2|Tornadus-Therian, M|
|poke|p2|Arctovish|
|poke|p2|Volcarona, M|
|poke|p2|Garchomp, M|
|poke|p2|Ninetales-Alola, F|
|teampreview
|
|t:|1656246789
|start
|switch|p1a: alberto basalm|Urshifu-Rapid-Strike, M|100/100
|switch|p2a: Arctovish|Arctovish|100/100
|turn|1
|inactive|Battle timer is ON: inactive players will automatically lose when time's up. (requested by blade murphy)
|
|t:|1656246795
|switch|p2a: Tornadus|Tornadus-Therian, M|100/100
|move|p1a: alberto basalm|Close Combat|p2a: Tornadus
|-resisted|p2a: Tornadus
|-crit|p2a: Tornadus
|-damage|p2a: Tornadus|41/100
|-unboost|p1a: alberto basalm|def|1
|-unboost|p1a: alberto basalm|spd|1
|
|upkeep
|turn|2
|
|t:|1656246807
|switch|p2a: Ninetales|Ninetales-Alola, F|100/100
|-weather|Hail|[from] ability: Snow Warning|[of] p2a: Ninetales
|move|p1a: alberto basalm|Close Combat|p2a: Ninetales
|-damage|p2a: Ninetales|0 fnt
|-unboost|p1a: alberto basalm|def|1
|-unboost|p1a: alberto basalm|spd|1
|faint|p2a: Ninetales
|
|-weather|Hail|[upkeep]
|-damage|p1a: alberto basalm|94/100|[from] Hail
|upkeep
|
|t:|1656246812
|switch|p2a: Arctozolt|Arctozolt|100/100
|turn|3
|
|t:|1656246832
|switch|p1a: dorian electra|Zapdos|100/100
|move|p2a: Arctozolt|Icicle Spear|p1a: dorian electra
|-supereffective|p1a: dorian electra
|-damage|p1a: dorian electra|84/100
|-supereffective|p1a: dorian electra
|-damage|p1a: dorian electra|68/100
|-hitcount|p1a: dorian electra|2
|
|-weather|Hail|[upkeep]
|-damage|p1a: dorian electra|62/100|[from] Hail
|upkeep
|turn|4
|j| xiao123
|
|t:|1656246844
|move|p2a: Arctozolt|Bolt Beak|p1a: dorian electra
|-damage|p1a: dorian electra|2/100
|move|p1a: dorian electra|Roost|p1a: dorian electra
|-heal|p1a: dorian electra|52/100
|-singleturn|p1a: dorian electra|move: Roost
|
|-weather|Hail|[upkeep]
|-damage|p1a: dorian electra|46/100|[from] Hail
|upkeep
|turn|5
|
|t:|1656246856
|move|p2a: Arctozolt|Icicle Spear|p1a: dorian electra
|-supereffective|p1a: dorian electra
|-damage|p1a: dorian electra|30/100
|-supereffective|p1a: dorian electra
|-crit|p1a: dorian electra
|-damage|p1a: dorian electra|5/100
|-supereffective|p1a: dorian electra
|-crit|p1a: dorian electra
|-damage|p1a: dorian electra|0 fnt
|faint|p1a: dorian electra
|-hitcount|p1: dorian electra|3
|
|-weather|Hail|[upkeep]
|upkeep
|
|t:|1656246866
|switch|p1a: metal auf metal|Melmetal|100/100
|turn|6
|
|t:|1656246876
|move|p2a: Arctozolt|Low Kick|p1a: metal auf metal
|-supereffective|p1a: metal auf metal
|-damage|p1a: metal auf metal|59/100
|move|p1a: metal auf metal|Toxic|p2a: Arctozolt
|-status|p2a: Arctozolt|tox
|
|-weather|Hail|[upkeep]
|-damage|p1a: metal auf metal|53/100|[from] Hail
|-heal|p1a: metal auf metal|59/100|[from] item: Leftovers
|-damage|p2a: Arctozolt|94/100 tox|[from] psn
|upkeep
|turn|7
|
|t:|1656246883
|move|p1a: metal auf metal|Protect|p1a: metal auf metal
|-singleturn|p1a: metal auf metal|Protect
|move|p2a: Arctozolt|Bolt Beak|p1a: metal auf metal
|-activate|p1a: metal auf metal|move: Protect
|
|-weather|Hail|[upkeep]
|-damage|p1a: metal auf metal|53/100|[from] Hail
|-heal|p1a: metal auf metal|59/100|[from] item: Leftovers
|-damage|p2a: Arctozolt|82/100 tox|[from] psn
|upkeep
|turn|8
|
|t:|1656246895
|move|p2a: Arctozolt|Icicle Spear|p1a: metal auf metal
|-resisted|p1a: metal auf metal
|-damage|p1a: metal auf metal|55/100
|-resisted|p1a: metal auf metal
|-damage|p1a: metal auf metal|52/100
|-resisted|p1a: metal auf metal
|-damage|p1a: metal auf metal|48/100
|-hitcount|p1a: metal auf metal|3
|move|p1a: metal auf metal|Earthquake|p2a: Arctozolt
|-supereffective|p2a: Arctozolt
|-damage|p2a: Arctozolt|0 fnt
|faint|p2a: Arctozolt
|
|-weather|Hail|[upkeep]
|-damage|p1a: metal auf metal|42/100|[from] Hail
|-heal|p1a: metal auf metal|48/100|[from] item: Leftovers
|upkeep
|
|t:|1656246911
|switch|p2a: Arctovish|Arctovish|100/100
|turn|9
|j| Pesticyanyde
|
|t:|1656246923
|switch|p1a: damo suzuki|Landorus-Therian, M, shiny|100/100
|-ability|p1a: damo suzuki|Intimidate|boost
|-unboost|p2a: Arctovish|atk|1
|move|p2a: Arctovish|Fishious Rend|p1a: damo suzuki
|-supereffective|p1a: damo suzuki
|-damage|p1a: damo suzuki|0 fnt
|faint|p1a: damo suzuki
|
|-weather|none
|upkeep
|
|t:|1656246933
|switch|p1a: metal auf metal|Melmetal|48/100
|turn|10
|
|t:|1656246941
|switch|p2a: Volcarona|Volcarona, M|100/100
|move|p1a: metal auf metal|Double Iron Bash|p2a: Volcarona
|-resisted|p2a: Volcarona
|-damage|p2a: Volcarona|82/100
|-resisted|p2a: Volcarona
|-damage|p2a: Volcarona|64/100
|-hitcount|p2a: Volcarona|2
|
|-heal|p1a: metal auf metal|54/100|[from] item: Leftovers
|upkeep
|turn|11
|
|t:|1656246960
|move|p2a: Volcarona|Roost|p2a: Volcarona
|-heal|p2a: Volcarona|100/100
|-singleturn|p2a: Volcarona|move: Roost
|move|p1a: metal auf metal|Toxic|p2a: Volcarona
|-status|p2a: Volcarona|tox
|
|-heal|p1a: metal auf metal|60/100|[from] item: Leftovers
|-damage|p2a: Volcarona|94/100 tox|[from] psn
|upkeep
|turn|12
|
|t:|1656246964
|switch|p2a: Tornadus|Tornadus-Therian, M|74/100
|switch|p1a: young sheldon|Slowking, M, shiny|100/100
|
|upkeep
|turn|13
|
|t:|1656246969
|move|p2a: Tornadus|Knock Off|p1a: young sheldon
|-supereffective|p1a: young sheldon
|-damage|p1a: young sheldon|63/100
|-enditem|p1a: young sheldon|Heavy-Duty Boots|[from] move: Knock Off|[of] p2a: Tornadus
|move|p1a: young sheldon|Teleport|p1a: young sheldon
|
|t:|1656246973
|switch|p1a: icy wiener|Vanilluxe, F, shiny|100/100|[from]move: Teleport
|-weather|Hail|[from] ability: Snow Warning|[of] p1a: icy wiener
|
|-weather|Hail|[upkeep]
|-damage|p2a: Tornadus|68/100|[from] Hail
|upkeep
|turn|14
|
|t:|1656246983
|move|p2a: Tornadus|U-turn|p1a: icy wiener
|-damage|p1a: icy wiener|75/100
|
|t:|1656246990
|switch|p2a: Volcarona|Volcarona, M|94/100 tox|[from]move: U-turn
|move|p1a: icy wiener|Freeze-Dry|p2a: Volcarona
|-resisted|p2a: Volcarona
|-damage|p2a: Volcarona|71/100 tox
|
|-weather|Hail|[upkeep]
|-damage|p2a: Volcarona|64/100 tox|[from] Hail
|-damage|p2a: Volcarona|58/100 tox|[from] psn
|upkeep
|turn|15
|
|t:|1656247001
|switch|p2a: Arctovish|Arctovish|100/100
|move|p1a: icy wiener|Freeze-Dry|p2a: Arctovish
|-damage|p2a: Arctovish|31/100
|
|-weather|Hail|[upkeep]
|upkeep
|turn|16
|
|t:|1656247010
|move|p2a: Arctovish|Fishious Rend|p1a: icy wiener
|-damage|p1a: icy wiener|0 fnt
|faint|p1a: icy wiener
|
|-weather|Hail|[upkeep]
|upkeep
|
|t:|1656247014
|switch|p1a: metal auf metal|Melmetal|60/100
|turn|17
|
|t:|1656247019
|move|p1a: metal auf metal|Protect|p1a: metal auf metal
|-singleturn|p1a: metal auf metal|Protect
|move|p2a: Arctovish|Fishious Rend|p1a: metal auf metal
|-activate|p1a: metal auf metal|move: Protect
|
|-weather|none
|-heal|p1a: metal auf metal|66/100|[from] item: Leftovers
|upkeep
|turn|18
|
|t:|1656247022
|switch|p1a: young sheldon|Slowking, M, shiny|96/100
|move|p2a: Arctovish|Fishious Rend|p1a: young sheldon
|-resisted|p1a: young sheldon
|-damage|p1a: young sheldon|59/100
|
|upkeep
|turn|19
|
|t:|1656247027
|move|p2a: Arctovish|Fishious Rend|p1a: young sheldon
|-resisted|p1a: young sheldon
|-damage|p1a: young sheldon|15/100
|move|p1a: young sheldon|Teleport|p1a: young sheldon
|
|t:|1656247030
|switch|p1a: alberto basalm|Urshifu-Rapid-Strike, M|94/100|[from]move: Teleport
|
|upkeep
|turn|20
|
|t:|1656247038
|switch|p2a: Garchomp|Garchomp, M|100/100
|move|p1a: alberto basalm|Surging Strikes|p2a: Garchomp
|-crit|p2a: Garchomp
|-damage|p2a: Garchomp|82/100
|-damage|p1a: alberto basalm|82/100|[from] ability: Rough Skin|[of] p2a: Garchomp
|-damage|p1a: alberto basalm|66/100|[from] item: Rocky Helmet|[of] p2a: Garchomp
|-crit|p2a: Garchomp
|-damage|p2a: Garchomp|63/100
|-damage|p1a: alberto basalm|53/100|[from] ability: Rough Skin|[of] p2a: Garchomp
|-damage|p1a: alberto basalm|37/100|[from] item: Rocky Helmet|[of] p2a: Garchomp
|-crit|p2a: Garchomp
|-damage|p2a: Garchomp|45/100
|-damage|p1a: alberto basalm|25/100|[from] ability: Rough Skin|[of] p2a: Garchomp
|-damage|p1a: alberto basalm|8/100|[from] item: Rocky Helmet|[of] p2a: Garchomp
|-hitcount|p2a: Garchomp|3
|
|upkeep
|turn|21
|
|t:|1656247058
|switch|p1a: metal auf metal|Melmetal|66/100
|move|p2a: Garchomp|Stealth Rock|p1a: metal auf metal
|-sidestart|p1: blade murphy|move: Stealth Rock
|
|-heal|p1a: metal auf metal|73/100|[from] item: Leftovers
|upkeep
|turn|22
|
|t:|1656247066
|move|p2a: Garchomp|Earthquake|p1a: metal auf metal
|-supereffective|p1a: metal auf metal
|-damage|p1a: metal auf metal|19/100
|move|p1a: metal auf metal|Earthquake|p2a: Garchomp
|-damage|p2a: Garchomp|9/100
|
|-heal|p1a: metal auf metal|26/100|[from] item: Leftovers
|upkeep
|turn|23
|j| KMTQ1
|
|t:|1656247075
|move|p1a: metal auf metal|Protect|p1a: metal auf metal
|-singleturn|p1a: metal auf metal|Protect
|move|p2a: Garchomp|Earthquake|p1a: metal auf metal
|-activate|p1a: metal auf metal|move: Protect
|
|-heal|p1a: metal auf metal|32/100|[from] item: Leftovers
|upkeep
|turn|24
|
|t:|1656247084
|move|p2a: Garchomp|Earthquake|p1a: metal auf metal
|-supereffective|p1a: metal auf metal
|-damage|p1a: metal auf metal|0 fnt
|faint|p1a: metal auf metal
|
|upkeep
|
|t:|1656247086
|switch|p1a: young sheldon|Slowking, M, shiny|49/100
|-damage|p1a: young sheldon|36/100|[from] Stealth Rock
|turn|25
|
|t:|1656247093
|move|p2a: Garchomp|Toxic|p1a: young sheldon|[miss]
|-miss|p2a: Garchomp|p1a: young sheldon
|move|p1a: young sheldon|Scald|p2a: Garchomp
|-damage|p2a: Garchomp|0 fnt
|faint|p2a: Garchomp
|
|upkeep
|
|t:|1656247104
|switch|p2a: Arctovish|Arctovish|31/100
|turn|26
|
|t:|1656247109
|move|p2a: Arctovish|Fishious Rend|p1a: young sheldon
|-resisted|p1a: young sheldon
|-damage|p1a: young sheldon|0 fnt
|faint|p1a: young sheldon
|
|upkeep
|
|t:|1656247112
|switch|p1a: alberto basalm|Urshifu-Rapid-Strike, M|8/100
|-damage|p1a: alberto basalm|2/100|[from] Stealth Rock
|turn|27
|l| KMTQ1
|j| KMTQ1
|
|t:|1656247121
|switch|p2a: Volcarona|Volcarona, M|58/100 tox
|move|p1a: alberto basalm|Surging Strikes|p2a: Volcarona
|-supereffective|p2a: Volcarona
|-crit|p2a: Volcarona
|-damage|p2a: Volcarona|18/100 tox
|-supereffective|p2a: Volcarona
|-crit|p2a: Volcarona
|-damage|p2a: Volcarona|0 fnt
|faint|p2a: Volcarona
|-hitcount|p2: Volcarona|2
|
|upkeep
|j| Amelza
|j| simplegent
|
|t:|1656247132
|switch|p2a: Tornadus|Tornadus-Therian, M|100/100
|turn|28
|l| Amelza
|
|t:|1656247136
|move|p1a: alberto basalm|Surging Strikes|p2a: Tornadus
|-crit|p2a: Tornadus
|-damage|p2a: Tornadus|76/100
|-crit|p2a: Tornadus
|-damage|p2a: Tornadus|50/100
|-crit|p2a: Tornadus
|-damage|p2a: Tornadus|27/100
|-hitcount|p2a: Tornadus|3
|move|p2a: Tornadus|Knock Off|p1a: alberto basalm
|-resisted|p1a: alberto basalm
|-damage|p1a: alberto basalm|0 fnt
|-enditem|p1a: alberto basalm|Choice Scarf|[from] move: Knock Off|[of] p2a: Tornadus
|faint|p1a: alberto basalm
|
|win|El Stefano
|raw|blade murphy's rating: 1721 &rarr; <strong>1701</strong><br />(-20 for losing)
|raw|El Stefano's rating: 1726 &rarr; <strong>1746</strong><br />(+20 for winning)
|l|☆blade murphy
|l| KMTQ1
|l| xiao123
