|j|☆Ahsan-219
|j|☆groundt
|player|p1|Ahsan-219|clemont|2003
|player|p2|groundt|169|1754
|teamsize|p1|6
|teamsize|p2|6
|gametype|singles
|gen|8
|tier|[Gen 8] OU
|rated|
|clearpoke
|poke|p1|Obstagoon, M|
|poke|p1|Dragapult, M|
|poke|p1|Corviknight, M|
|poke|p1|Toxtricity, M|
|poke|p1|Seismitoad, M|
|poke|p1|Ferrothorn, M|
|poke|p2|Hatterene, F|
|poke|p2|Gastrodon, F|
|poke|p2|Steelix, F|
|poke|p2|Clefable, M|
|poke|p2|Mandibuzz, F|
|poke|p2|Dracovish|
|rule|Sleep Clause Mod: Limit one foe put to sleep
|rule|Species Clause: Limit one of each Pokémon
|rule|OHKO Clause: OHKO moves are banned
|rule|Evasion Moves Clause: Evasion moves are banned
|rule|Endless Battle Clause: Forcing endless battles is banned
|rule|HP Percentage Mod: HP is shown in percentages
|rule|Dynamax Clause: You cannot dynamax
|teampreview
|j| CashBandiCook
|j| loona vs twice
|inactive|Battle timer is ON: inactive players will automatically lose when time's up. (requested by Ahsan-219)
|
|start
|switch|p1a: Ferroporn|Ferrothorn, M|100/100
|switch|p2a: Mandibuzz|Mandibuzz, F|100/100
|turn|1
|
|switch|p1a: ZANATEEEEE|Corviknight, M|100/100
|-ability|p1a: ZANATEEEEE|Pressure
|move|p2a: Mandibuzz|Knock Off|p1a: ZANATEEEEE
|-damage|p1a: ZANATEEEEE|81/100
|-enditem|p1a: ZANATEEEEE|Leftovers|[from] move: Knock Off|[of] p2a: Mandibuzz
|
|upkeep
|turn|2
|j|‽A new King
|
|move|p2a: Mandibuzz|U-turn|p1a: ZANATEEEEE
|-resisted|p1a: ZANATEEEEE
|-damage|p1a: ZANATEEEEE|79/100
|
|switch|p2a: Steelix|Steelix, F|100/100|[from]move: U-turn
|move|p1a: ZANATEEEEE|U-turn|p2a: Steelix
|-resisted|p2a: Steelix
|-damage|p2a: Steelix|98/100
|
|switch|p1a: Seismitoad|Seismitoad, M|100/100|[from]move: U-turn
|
|-heal|p2a: Steelix|100/100|[from] item: Leftovers
|upkeep
|turn|3
|
|switch|p2a: Gastrodon|Gastrodon, F|100/100
|move|p1a: Seismitoad|Scald|p2a: Gastrodon
|-ability|p2a: Gastrodon|Storm Drain|boost
|-boost|p2a: Gastrodon|spa|1
|
|upkeep
|turn|4
|j| Boloh intim
|
|switch|p1a: Ferroporn|Ferrothorn, M|100/100
|switch|p2a: Hatterene|Hatterene, F|100/100
|
|upkeep
|turn|5
|j| misfit42
|j| FNCalipso
|
|move|p2a: Hatterene|Psychic|p1a: Ferroporn
|-resisted|p1a: Ferroporn
|-damage|p1a: Ferroporn|84/100
|move|p1a: Ferroporn|Iron Head|p2a: Hatterene
|-supereffective|p2a: Hatterene
|-damage|p2a: Hatterene|48/100
|
|-heal|p2a: Hatterene|54/100|[from] item: Leftovers
|upkeep
|turn|6
|l| FNCalipso
|
|move|p2a: Hatterene|Mystical Fire|p1a: Ferroporn
|-supereffective|p1a: Ferroporn
|-damage|p1a: Ferroporn|7/100
|-unboost|p1a: Ferroporn|spa|1
|move|p1a: Ferroporn|Iron Head|p2a: Hatterene
|-supereffective|p2a: Hatterene
|-damage|p2a: Hatterene|8/100
|
|-heal|p2a: Hatterene|14/100|[from] item: Leftovers
|upkeep
|turn|7
|j| FRS 3
|j| MarquesaVIII
|
|switch|p1a: ZANATEEEEE|Corviknight, M|79/100
|-ability|p1a: ZANATEEEEE|Pressure
|move|p2a: Hatterene|Psychic|p1a: ZANATEEEEE
|-resisted|p1a: ZANATEEEEE
|-damage|p1a: ZANATEEEEE|64/100
|
|-heal|p2a: Hatterene|20/100|[from] item: Leftovers
|upkeep
|turn|8
|
|switch|p2a: Steelix|Steelix, F|100/100
|move|p1a: ZANATEEEEE|U-turn|p2a: Steelix
|-resisted|p2a: Steelix
|-damage|p2a: Steelix|97/100
|
|switch|p1a: Seismitoad|Seismitoad, M|100/100|[from]move: U-turn
|
|-heal|p2a: Steelix|100/100|[from] item: Leftovers
|upkeep
|turn|9
|
|switch|p2a: Clefable|Clefable, M|100/100
|move|p1a: Seismitoad|Stealth Rock|p2a: Clefable
|-sidestart|p2: groundt|move: Stealth Rock
|
|upkeep
|turn|10
|
|switch|p1a: Shift y a ganar.|Toxtricity, M|100/100
|move|p2a: Clefable|Calm Mind|p2a: Clefable
|-boost|p2a: Clefable|spa|1
|-boost|p2a: Clefable|spd|1
|
|upkeep
|turn|11
|
|move|p2a: Clefable|Protect|p2a: Clefable
|-singleturn|p2a: Clefable|Protect
|move|p1a: Shift y a ganar.|Boomburst|p2a: Clefable
|-activate|p2a: Clefable|move: Protect
|
|upkeep
|turn|12
|
|move|p1a: Shift y a ganar.|Boomburst|p2a: Clefable
|-damage|p2a: Clefable|59/100
|move|p2a: Clefable|Calm Mind|p2a: Clefable
|-boost|p2a: Clefable|spa|1
|-boost|p2a: Clefable|spd|1
|
|-heal|p2a: Clefable|65/100|[from] item: Leftovers
|upkeep
|turn|13
|
|switch|p1a: ZANATEEEEE|Corviknight, M|64/100
|-ability|p1a: ZANATEEEEE|Pressure
|move|p2a: Clefable|Wish|p2a: Clefable
|
|-heal|p2a: Clefable|71/100|[from] item: Leftovers
|upkeep
|turn|14
|
|move|p2a: Clefable|Protect|p2a: Clefable
|-singleturn|p2a: Clefable|Protect
|move|p1a: ZANATEEEEE|Brave Bird|p2a: Clefable
|-activate|p2a: Clefable|move: Protect
|
|-heal|p2a: Clefable|100/100|[from] move: Wish|[wisher] Clefable
|upkeep
|turn|15
|
|move|p1a: ZANATEEEEE|Brave Bird|p2a: Clefable
|-damage|p2a: Clefable|58/100
|-damage|p1a: ZANATEEEEE|50/100|[from] Recoil
|move|p2a: Clefable|Wish|p2a: Clefable
|
|-heal|p2a: Clefable|64/100|[from] item: Leftovers
|upkeep
|turn|16
|
|move|p1a: ZANATEEEEE|Roost|p1a: ZANATEEEEE
|-heal|p1a: ZANATEEEEE|100/100
|-singleturn|p1a: ZANATEEEEE|move: Roost
|move|p2a: Clefable|Calm Mind|p2a: Clefable
|-boost|p2a: Clefable|spa|1
|-boost|p2a: Clefable|spd|1
|
|-heal|p2a: Clefable|100/100|[from] move: Wish|[wisher] Clefable
|upkeep
|turn|17
|
|move|p1a: ZANATEEEEE|Brave Bird|p2a: Clefable
|-damage|p2a: Clefable|59/100
|-damage|p1a: ZANATEEEEE|87/100|[from] Recoil
|move|p2a: Clefable|Calm Mind|p2a: Clefable
|-boost|p2a: Clefable|spa|1
|-boost|p2a: Clefable|spd|1
|
|-heal|p2a: Clefable|65/100|[from] item: Leftovers
|upkeep
|turn|18
|j| itsmoogle
|
|move|p2a: Clefable|Protect|p2a: Clefable
|-singleturn|p2a: Clefable|Protect
|move|p1a: ZANATEEEEE|Brave Bird|p2a: Clefable
|-activate|p2a: Clefable|move: Protect
|
|-heal|p2a: Clefable|72/100|[from] item: Leftovers
|upkeep
|turn|19
|
|move|p1a: ZANATEEEEE|Brave Bird|p2a: Clefable
|-damage|p2a: Clefable|29/100
|-damage|p1a: ZANATEEEEE|73/100|[from] Recoil
|move|p2a: Clefable|Wish|p2a: Clefable
|
|-heal|p2a: Clefable|36/100|[from] item: Leftovers
|upkeep
|turn|20
|j| Anri of Astora
|
|switch|p1a: Metallica|Obstagoon, M|100/100
|move|p2a: Clefable|Protect||[still]
|-fail|p2a: Clefable
|
|-heal|p2a: Clefable|86/100|[from] move: Wish|[wisher] Clefable
|-heal|p2a: Clefable|92/100|[from] item: Leftovers
|-status|p1a: Metallica|brn|[from] item: Flame Orb
|upkeep
|turn|21
|
|switch|p2a: Steelix|Steelix, F|100/100
|-damage|p2a: Steelix|97/100|[from] Stealth Rock
|move|p1a: Metallica|Facade|p2a: Steelix
|-resisted|p2a: Steelix
|-damage|p2a: Steelix|80/100
|
|-heal|p2a: Steelix|87/100|[from] item: Leftovers
|-damage|p1a: Metallica|94/100 brn|[from] brn
|upkeep
|turn|22
|
|switch|p2a: Mandibuzz|Mandibuzz, F|100/100
|move|p1a: Metallica|Knock Off|p2a: Mandibuzz
|-resisted|p2a: Mandibuzz
|-damage|p2a: Mandibuzz|82/100
|-enditem|p2a: Mandibuzz|Heavy-Duty Boots|[from] move: Knock Off|[of] p1a: Metallica
|
|-damage|p1a: Metallica|88/100 brn|[from] brn
|upkeep
|turn|23
|j| februari
|l| Anri of Astora
|
|move|p1a: Metallica|Facade|p2a: Mandibuzz
|-damage|p2a: Mandibuzz|23/100
|move|p2a: Mandibuzz|Defog|p1a: Metallica
|-unboost|p1a: Metallica|evasion|1
|-sideend|p2: groundt|Stealth Rock|[from] move: Defog|[of] p2a: Mandibuzz
|
|-damage|p1a: Metallica|82/100 brn|[from] brn
|upkeep
|turn|24
|
|move|p1a: Metallica|Close Combat|p2a: Mandibuzz
|-damage|p2a: Mandibuzz|0 fnt
|-unboost|p1a: Metallica|def|1
|-unboost|p1a: Metallica|spd|1
|faint|p2a: Mandibuzz
|
|-damage|p1a: Metallica|76/100 brn|[from] brn
|upkeep
|
|switch|p2a: Steelix|Steelix, F|87/100
|turn|25
|
|switch|p1a: ZANATEEEEE|Corviknight, M|73/100
|-ability|p1a: ZANATEEEEE|Pressure
|move|p2a: Steelix|Body Press|p1a: ZANATEEEEE
|-damage|p1a: ZANATEEEEE|38/100
|
|-heal|p2a: Steelix|93/100|[from] item: Leftovers
|upkeep
|turn|26
|
|move|p1a: ZANATEEEEE|U-turn|p2a: Steelix
|-resisted|p2a: Steelix
|-damage|p2a: Steelix|90/100
|
|switch|p1a: Seismitoad|Seismitoad, M|100/100|[from]move: U-turn
|move|p2a: Steelix|Stealth Rock|p1a: Seismitoad
|-sidestart|p1: Ahsan-219|move: Stealth Rock
|
|-heal|p2a: Steelix|96/100|[from] item: Leftovers
|upkeep
|turn|27
|
|switch|p2a: Hatterene|Hatterene, F|20/100
|move|p1a: Seismitoad|Stealth Rock|p2a: Hatterene
|move|p2a: Hatterene|Stealth Rock||[from]Magic Bounce|[still]
|-fail|p2a: Hatterene
|
|-heal|p2a: Hatterene|26/100|[from] item: Leftovers
|upkeep
|turn|28
|
|move|p1a: Seismitoad|Earthquake|p2a: Hatterene
|-damage|p2a: Hatterene|0 fnt
|faint|p2a: Hatterene
|
|upkeep
|
|switch|p2a: Clefable|Clefable, M|92/100
|turn|29
|
|move|p1a: Seismitoad|Stealth Rock|p2a: Clefable
|-sidestart|p2: groundt|move: Stealth Rock
|move|p2a: Clefable|Calm Mind|p2a: Clefable
|-boost|p2a: Clefable|spa|1
|-boost|p2a: Clefable|spd|1
|
|-heal|p2a: Clefable|98/100|[from] item: Leftovers
|upkeep
|turn|30
|
|switch|p1a: ZANATEEEEE|Corviknight, M|38/100
|-damage|p1a: ZANATEEEEE|25/100|[from] Stealth Rock
|-ability|p1a: ZANATEEEEE|Pressure
|move|p2a: Clefable|Calm Mind|p2a: Clefable
|-boost|p2a: Clefable|spa|1
|-boost|p2a: Clefable|spd|1
|
|-heal|p2a: Clefable|100/100|[from] item: Leftovers
|upkeep
|turn|31
|j| Anheatr
|
|move|p1a: ZANATEEEEE|Roost|p1a: ZANATEEEEE
|-heal|p1a: ZANATEEEEE|75/100
|-singleturn|p1a: ZANATEEEEE|move: Roost
|move|p2a: Clefable|Moonblast|p1a: ZANATEEEEE
|-resisted|p1a: ZANATEEEEE
|-damage|p1a: ZANATEEEEE|53/100
|-unboost|p1a: ZANATEEEEE|spa|1
|
|upkeep
|turn|32
|j| TanteMolly
|
|move|p1a: ZANATEEEEE|Brave Bird|p2a: Clefable
|-damage|p2a: Clefable|58/100
|-damage|p1a: ZANATEEEEE|39/100|[from] Recoil
|move|p2a: Clefable|Calm Mind|p2a: Clefable
|-boost|p2a: Clefable|spa|1
|-boost|p2a: Clefable|spd|1
|
|-heal|p2a: Clefable|64/100|[from] item: Leftovers
|upkeep
|turn|33
|
|move|p1a: ZANATEEEEE|Brave Bird|p2a: Clefable
|-damage|p2a: Clefable|24/100
|-damage|p1a: ZANATEEEEE|26/100|[from] Recoil
|move|p2a: Clefable|Wish|p2a: Clefable
|
|-heal|p2a: Clefable|30/100|[from] item: Leftovers
|upkeep
|turn|34
|j| Frnco77
|
|move|p2a: Clefable|Protect|p2a: Clefable
|-singleturn|p2a: Clefable|Protect
|move|p1a: ZANATEEEEE|Roost|p1a: ZANATEEEEE
|-heal|p1a: ZANATEEEEE|76/100
|-singleturn|p1a: ZANATEEEEE|move: Roost
|
|-heal|p2a: Clefable|80/100|[from] move: Wish|[wisher] Clefable
|-heal|p2a: Clefable|86/100|[from] item: Leftovers
|upkeep
|turn|35
|j| Kafersammler Fiaro
|
|move|p1a: ZANATEEEEE|Brave Bird|p2a: Clefable
|-damage|p2a: Clefable|48/100
|-damage|p1a: ZANATEEEEE|63/100|[from] Recoil
|move|p2a: Clefable|Wish|p2a: Clefable
|
|-heal|p2a: Clefable|54/100|[from] item: Leftovers
|upkeep
|turn|36
|j| El Steiwos
|
|move|p1a: ZANATEEEEE|Brave Bird|p2a: Clefable
|-damage|p2a: Clefable|15/100
|-damage|p1a: ZANATEEEEE|51/100|[from] Recoil
|move|p2a: Clefable|Moonblast|p1a: ZANATEEEEE
|-resisted|p1a: ZANATEEEEE
|-crit|p1a: ZANATEEEEE
|-damage|p1a: ZANATEEEEE|14/100
|-unboost|p1a: ZANATEEEEE|spa|1
|
|-heal|p2a: Clefable|65/100|[from] move: Wish|[wisher] Clefable
|-heal|p2a: Clefable|71/100|[from] item: Leftovers
|upkeep
|turn|37
|j| Devon
|
|move|p1a: ZANATEEEEE|Brave Bird|p2a: Clefable
|-damage|p2a: Clefable|28/100
|-damage|p1a: ZANATEEEEE|0 fnt|[from] Recoil
|faint|p1a: ZANATEEEEE
|move|p2a: Clefable|Wish|p2a: Clefable
|
|-heal|p2a: Clefable|35/100|[from] item: Leftovers
|upkeep
|
|switch|p1a: Metallica|Obstagoon, M|76/100 brn
|-damage|p1a: Metallica|64/100 brn|[from] Stealth Rock
|turn|38
|
|move|p2a: Clefable|Protect|p2a: Clefable
|-singleturn|p2a: Clefable|Protect
|move|p1a: Metallica|Bulk Up|p1a: Metallica
|-boost|p1a: Metallica|atk|1
|-boost|p1a: Metallica|def|1
|
|-heal|p2a: Clefable|85/100|[from] move: Wish|[wisher] Clefable
|-heal|p2a: Clefable|91/100|[from] item: Leftovers
|-damage|p1a: Metallica|58/100 brn|[from] brn
|upkeep
|turn|39
|
|switch|p2a: Steelix|Steelix, F|96/100
|-damage|p2a: Steelix|93/100|[from] Stealth Rock
|move|p1a: Metallica|Close Combat|p2a: Steelix
|-supereffective|p2a: Steelix
|-damage|p2a: Steelix|30/100
|-unboost|p1a: Metallica|def|1
|-unboost|p1a: Metallica|spd|1
|
|-heal|p2a: Steelix|36/100|[from] item: Leftovers
|-damage|p1a: Metallica|52/100 brn|[from] brn
|upkeep
|turn|40
|-message|groundt forfeited.
|
|win|Ahsan-219
|l|☆groundt
|l| misfit42
|l| februari
|l| CashBandiCook
|l| Devon
|l| Kafersammler Fiaro
|l|☆Ahsan-219
|l| MarquesaVIII
|raw|Ahsan-219's rating: 2003 &rarr; <strong>2010</strong><br />(+7 for winning)
|raw|groundt's rating: 1731 &rarr; <strong>1724</strong><br />(-7 for losing)
