|j|☆N30N3
|j|☆seven starsss
|player|p1|N30N3|265|1816
|player|p2|seven starsss|dawn|1751
|teamsize|p1|6
|teamsize|p2|6
|gametype|singles
|gen|8
|tier|[Gen 8] OU
|rated|
|clearpoke
|poke|p1|Mimikyu, M|
|poke|p1|Hippowdon, F|
|poke|p1|Excadrill, M|
|poke|p1|Tyranitar, F|
|poke|p1|Kyurem|
|poke|p1|Ferrothorn, M|
|poke|p2|Kyurem|
|poke|p2|Hippowdon, M|
|poke|p2|Cinderace, M|
|poke|p2|Clefable, M|
|poke|p2|Toxapex, M|
|poke|p2|Rotom-Heat|
|rule|Sleep Clause Mod: Limit one foe put to sleep
|rule|Species Clause: Limit one of each Pokémon
|rule|OHKO Clause: OHKO moves are banned
|rule|Evasion Moves Clause: Evasion moves are banned
|rule|Endless Battle Clause: Forcing endless battles is banned
|rule|HP Percentage Mod: HP is shown in percentages
|rule|Dynamax Clause: You cannot dynamax
|teampreview
|inactive|Battle timer is ON: inactive players will automatically lose when time's up. (requested by seven starsss)
|inactive|N30N3 has 120 seconds left.
|
|start
|switch|p1a: Tyranitar|Tyranitar, F|100/100
|switch|p2a: Kyurem|Kyurem|100/100
|-ability|p2a: Kyurem|Pressure
|-weather|Sandstorm|[from] ability: Sand Stream|[of] p1a: Tyranitar
|turn|1
|j| fw murnau
|
|switch|p2a: Hippowdon|Hippowdon, M|100/100
|move|p1a: Tyranitar|Superpower|p2a: Hippowdon
|-damage|p2a: Hippowdon|68/100
|-unboost|p1a: Tyranitar|atk|1
|-unboost|p1a: Tyranitar|def|1
|-damage|p1a: Tyranitar|84/100|[from] item: Rocky Helmet|[of] p2a: Hippowdon
|
|-weather|Sandstorm|[upkeep]
|upkeep
|turn|2
|j| eeeeein
|l|☆seven starsss
|inactive|seven starsss disconnected and has a minute to reconnect!
|player|p2|
|j|☆seven starsss
|inactive|seven starsss reconnected and has 110 seconds left.
|player|p2|seven starsss|dawn
|
|switch|p1a: Kyurem|Kyurem|100/100
|-ability|p1a: Kyurem|Pressure
|move|p2a: Hippowdon|Slack Off|p2a: Hippowdon
|-heal|p2a: Hippowdon|100/100
|
|-weather|Sandstorm|[upkeep]
|-damage|p1a: Kyurem|94/100|[from] Sandstorm
|upkeep
|turn|3
|
|switch|p2a: Clefable|Clefable, M|100/100
|move|p1a: Kyurem|Ice Beam|p2a: Clefable
|-damage|p2a: Clefable|48/100
|
|-weather|Sandstorm|[upkeep]
|-damage|p1a: Kyurem|88/100|[from] Sandstorm
|-heal|p2a: Clefable|54/100|[from] item: Leftovers
|upkeep
|turn|4
|inactive|seven starsss has 120 seconds left.
|
|switch|p1a: Hippowdon|Hippowdon, F|100/100
|move|p2a: Clefable|Protect||[still]
|-fail|p2a: Clefable
|
|-weather|Sandstorm|[upkeep]
|-heal|p2a: Clefable|60/100|[from] item: Leftovers
|upkeep
|turn|5
|
|move|p2a: Clefable|Soft-Boiled|p2a: Clefable
|-heal|p2a: Clefable|100/100
|move|p1a: Hippowdon|Stealth Rock|p2a: Clefable
|-sidestart|p2: seven starsss|move: Stealth Rock
|
|-weather|none
|upkeep
|turn|6
|
|switch|p1a: Ferrothorn|Ferrothorn, M|100/100
|move|p2a: Clefable|Knock Off|p1a: Ferrothorn
|-damage|p1a: Ferrothorn|91/100
|-activate|p1a: Ferrothorn|ability: Iron Barbs
|-enditem|p1a: Ferrothorn|Leftovers|[from] move: Knock Off|[of] p2a: Clefable
|
|upkeep
|turn|7
|
|switch|p2a: Rotom|Rotom-Heat|100/100
|move|p1a: Ferrothorn|Knock Off|p2a: Rotom
|-damage|p2a: Rotom|78/100
|-enditem|p2a: Rotom|Heavy-Duty Boots|[from] move: Knock Off|[of] p1a: Ferrothorn
|
|upkeep
|turn|8
|
|switch|p1a: Hippowdon|Hippowdon, F|100/100
|-weather|Sandstorm|[from] ability: Sand Stream|[of] p1a: Hippowdon
|move|p2a: Rotom|Toxic|p1a: Hippowdon
|-status|p1a: Hippowdon|tox
|
|-weather|Sandstorm|[upkeep]
|-damage|p2a: Rotom|72/100|[from] Sandstorm
|-damage|p1a: Hippowdon|94/100 tox|[from] psn
|upkeep
|turn|9
|
|move|p2a: Rotom|Overheat|p1a: Hippowdon
|-damage|p1a: Hippowdon|45/100 tox
|-unboost|p2a: Rotom|spa|2
|move|p1a: Hippowdon|Whirlwind|p2a: Rotom
|drag|p2a: Kyurem|Kyurem|100/100
|-damage|p2a: Kyurem|76/100|[from] Stealth Rock
|-ability|p2a: Kyurem|Pressure
|
|-weather|Sandstorm|[upkeep]
|-damage|p2a: Kyurem|70/100|[from] Sandstorm
|-damage|p1a: Hippowdon|32/100 tox|[from] psn
|upkeep
|turn|10
|
|move|p2a: Kyurem|Ice Beam|p1a: Hippowdon
|-supereffective|p1a: Hippowdon
|-damage|p1a: Hippowdon|0 fnt
|faint|p1a: Hippowdon
|
|-weather|Sandstorm|[upkeep]
|-damage|p2a: Kyurem|63/100|[from] Sandstorm
|upkeep
|
|switch|p1a: Excadrill|Excadrill, M|100/100
|turn|11
|
|switch|p2a: Hippowdon|Hippowdon, M|100/100
|-damage|p2a: Hippowdon|94/100|[from] Stealth Rock
|move|p1a: Excadrill|Earthquake|p2a: Hippowdon
|-damage|p2a: Hippowdon|51/100
|-damage|p1a: Excadrill|91/100|[from] item: Life Orb
|
|-weather|Sandstorm|[upkeep]
|upkeep
|turn|12
|
|switch|p1a: Kyurem|Kyurem|88/100
|-ability|p1a: Kyurem|Pressure
|move|p2a: Hippowdon|Slack Off|p2a: Hippowdon
|-heal|p2a: Hippowdon|100/100
|
|-weather|Sandstorm|[upkeep]
|-damage|p1a: Kyurem|82/100|[from] Sandstorm
|upkeep
|turn|13
|
|switch|p2a: Clefable|Clefable, M|100/100
|move|p1a: Kyurem|Ice Beam|p2a: Clefable
|-crit|p2a: Clefable
|-damage|p2a: Clefable|17/100
|
|-weather|Sandstorm|[upkeep]
|-damage|p1a: Kyurem|76/100|[from] Sandstorm
|-heal|p2a: Clefable|23/100|[from] item: Leftovers
|upkeep
|turn|14
|
|move|p2a: Clefable|Protect|p2a: Clefable
|-singleturn|p2a: Clefable|Protect
|move|p1a: Kyurem|Ice Beam|p2a: Clefable
|-activate|p2a: Clefable|move: Protect
|
|-weather|Sandstorm|[upkeep]
|-damage|p1a: Kyurem|70/100|[from] Sandstorm
|-heal|p2a: Clefable|29/100|[from] item: Leftovers
|upkeep
|turn|15
|
|switch|p2a: Rotom|Rotom-Heat|72/100
|-damage|p2a: Rotom|47/100|[from] Stealth Rock
|move|p1a: Kyurem|Ice Beam|p2a: Rotom
|-resisted|p2a: Rotom
|-damage|p2a: Rotom|17/100
|
|-weather|none
|upkeep
|turn|16
|
|switch|p1a: Tyranitar|Tyranitar, F|84/100
|-weather|Sandstorm|[from] ability: Sand Stream|[of] p1a: Tyranitar
|move|p2a: Rotom|Overheat|p1a: Tyranitar
|-resisted|p1a: Tyranitar
|-damage|p1a: Tyranitar|70/100
|-unboost|p2a: Rotom|spa|2
|
|-weather|Sandstorm|[upkeep]
|-damage|p2a: Rotom|10/100|[from] Sandstorm
|upkeep
|turn|17
|
|move|p1a: Tyranitar|Crunch|p2a: Rotom
|-damage|p2a: Rotom|0 fnt
|faint|p2a: Rotom
|
|-weather|Sandstorm|[upkeep]
|upkeep
|j| myjava
|
|switch|p2a: Clefable|Clefable, M|29/100
|turn|18
|
|switch|p1a: Ferrothorn|Ferrothorn, M|91/100
|move|p2a: Clefable|Protect||[still]
|-fail|p2a: Clefable
|
|-weather|Sandstorm|[upkeep]
|-heal|p2a: Clefable|36/100|[from] item: Leftovers
|upkeep
|turn|19
|j| Big Nuts1
|
|move|p2a: Clefable|Soft-Boiled|p2a: Clefable
|-heal|p2a: Clefable|86/100
|move|p1a: Ferrothorn|Gyro Ball|p2a: Clefable
|-supereffective|p2a: Clefable
|-damage|p2a: Clefable|22/100
|
|-weather|Sandstorm|[upkeep]
|-heal|p2a: Clefable|28/100|[from] item: Leftovers
|upkeep
|turn|20
|
|switch|p2a: Cinderace|Cinderace, M|100/100
|move|p1a: Ferrothorn|Gyro Ball|p2a: Cinderace
|-resisted|p2a: Cinderace
|-damage|p2a: Cinderace|68/100
|
|-weather|none
|upkeep
|turn|21
|
|switch|p1a: Tyranitar|Tyranitar, F|70/100
|-weather|Sandstorm|[from] ability: Sand Stream|[of] p1a: Tyranitar
|move|p2a: Cinderace|Court Change|p2a: Cinderace
|-sideend|p2: seven starsss|Stealth Rock|[silent]
|-sidestart|p1: N30N3|Stealth Rock|[silent]
|-activate|p2a: Cinderace|move: Court Change
|
|-weather|Sandstorm|[upkeep]
|-damage|p2a: Cinderace|62/100|[from] Sandstorm
|upkeep
|turn|22
|
|switch|p2a: Hippowdon|Hippowdon, M|100/100
|move|p1a: Tyranitar|Stealth Rock|p2a: Hippowdon
|-sidestart|p2: seven starsss|move: Stealth Rock
|
|-weather|Sandstorm|[upkeep]
|upkeep
|turn|23
|
|switch|p1a: Ferrothorn|Ferrothorn, M|91/100
|-damage|p1a: Ferrothorn|85/100|[from] Stealth Rock
|move|p2a: Hippowdon|Earthquake|p1a: Ferrothorn
|-damage|p1a: Ferrothorn|62/100
|
|-weather|Sandstorm|[upkeep]
|upkeep
|turn|24
|
|move|p1a: Ferrothorn|Leech Seed|p2a: Hippowdon
|-start|p2a: Hippowdon|move: Leech Seed
|move|p2a: Hippowdon|Whirlwind|p1a: Ferrothorn
|drag|p1a: Mimikyu|Mimikyu, M|100/100
|-damage|p1a: Mimikyu|88/100|[from] Stealth Rock
|
|-weather|Sandstorm|[upkeep]
|-damage|p1a: Mimikyu|82/100|[from] Sandstorm
|-damage|p2a: Hippowdon|88/100|[from] Leech Seed|[of] p1a: Mimikyu
|-heal|p1a: Mimikyu|100/100|[silent]
|upkeep
|turn|25
|
|switch|p1a: Ferrothorn|Ferrothorn, M|62/100
|-damage|p1a: Ferrothorn|56/100|[from] Stealth Rock
|switch|p2a: Toxapex|Toxapex, M|100/100
|-damage|p2a: Toxapex|88/100|[from] Stealth Rock
|
|-weather|none
|-heal|p2a: Toxapex|94/100|[from] item: Leftovers
|upkeep
|turn|26
|
|move|p2a: Toxapex|Scald|p1a: Ferrothorn
|-resisted|p1a: Ferrothorn
|-damage|p1a: Ferrothorn|49/100
|move|p1a: Ferrothorn|Gyro Ball|p2a: Toxapex
|-resisted|p2a: Toxapex
|-damage|p2a: Toxapex|87/100
|
|-heal|p2a: Toxapex|94/100|[from] item: Leftovers
|upkeep
|turn|27
|
|move|p2a: Toxapex|Scald|p1a: Ferrothorn
|-resisted|p1a: Ferrothorn
|-damage|p1a: Ferrothorn|43/100
|move|p1a: Ferrothorn|Leech Seed|p2a: Toxapex
|-start|p2a: Toxapex|move: Leech Seed
|
|-heal|p2a: Toxapex|99/100|[from] item: Leftovers
|-damage|p2a: Toxapex|87/100|[from] Leech Seed|[of] p1a: Ferrothorn
|-heal|p1a: Ferrothorn|53/100|[silent]
|upkeep
|turn|28
|l| Big Nuts1
|
|switch|p1a: Kyurem|Kyurem|70/100
|-damage|p1a: Kyurem|45/100|[from] Stealth Rock
|-ability|p1a: Kyurem|Pressure
|move|p2a: Toxapex|Scald|p1a: Kyurem
|-resisted|p1a: Kyurem
|-damage|p1a: Kyurem|38/100
|
|-heal|p2a: Toxapex|94/100|[from] item: Leftovers
|-damage|p2a: Toxapex|81/100|[from] Leech Seed|[of] p1a: Kyurem
|-heal|p1a: Kyurem|47/100|[silent]
|upkeep
|turn|29
|
|switch|p2a: Clefable|Clefable, M|28/100
|move|p1a: Kyurem|Ice Beam|p2a: Clefable
|-damage|p2a: Clefable|0 fnt
|faint|p2a: Clefable
|
|upkeep
|
|switch|p2a: Cinderace|Cinderace, M|62/100
|turn|30
|
|switch|p1a: Tyranitar|Tyranitar, F|70/100
|-damage|p1a: Tyranitar|57/100|[from] Stealth Rock
|-weather|Sandstorm|[from] ability: Sand Stream|[of] p1a: Tyranitar
|move|p2a: Cinderace|Pyro Ball|p1a: Tyranitar
|-resisted|p1a: Tyranitar
|-damage|p1a: Tyranitar|29/100
|
|-weather|Sandstorm|[upkeep]
|-damage|p2a: Cinderace|56/100|[from] Sandstorm
|upkeep
|turn|31
|l|myjava
|
|switch|p2a: Hippowdon|Hippowdon, M|88/100
|-damage|p2a: Hippowdon|82/100|[from] Stealth Rock
|move|p1a: Tyranitar|Crunch|p2a: Hippowdon
|-damage|p2a: Hippowdon|46/100
|-unboost|p2a: Hippowdon|def|1
|-damage|p1a: Tyranitar|13/100|[from] item: Rocky Helmet|[of] p2a: Hippowdon
|
|-weather|Sandstorm|[upkeep]
|upkeep
|turn|32
|
|move|p1a: Tyranitar|Crunch|p2a: Hippowdon
|-damage|p2a: Hippowdon|0 fnt
|-damage|p1a: Tyranitar|0 fnt|[from] item: Rocky Helmet|[of] p2a: Hippowdon
|faint|p2a: Hippowdon
|faint|p1a: Tyranitar
|
|-weather|Sandstorm|[upkeep]
|upkeep
|
|switch|p1a: Excadrill|Excadrill, M|91/100
|switch|p2a: Toxapex|Toxapex, M|100/100
|-damage|p1a: Excadrill|87/100|[from] Stealth Rock
|-damage|p2a: Toxapex|88/100|[from] Stealth Rock
|turn|33
|j| HeavenStar
|
|move|p1a: Excadrill|Earthquake|p2a: Toxapex
|-supereffective|p2a: Toxapex
|-damage|p2a: Toxapex|0 fnt
|-damage|p1a: Excadrill|78/100|[from] item: Life Orb
|faint|p2a: Toxapex
|
|-weather|Sandstorm|[upkeep]
|upkeep
|-message|seven starsss forfeited.
|
|win|N30N3
|l|☆seven starsss
|raw|N30N3's rating: 1793 &rarr; <strong>1810</strong><br />(+17 for winning)
|raw|seven starsss's rating: 1751 &rarr; <strong>1734</strong><br />(-17 for losing)
|l|☆N30N3
