|j|☆ldailey19
|j|‽dont giv a DUCK
|t:|1664677304
|gametype|singles
|player|p1|ldailey19|lance|1558
|player|p2|dont giv a DUCK|cyclist|1565
|teamsize|p1|6
|teamsize|p2|6
|gen|8
|tier|[Gen 8] OU
|rated|
|rule|Sleep Clause Mod: Limit one foe put to sleep
|rule|Species Clause: Limit one of each Pokémon
|rule|OHKO Clause: OHKO moves are banned
|rule|Evasion Items Clause: Evasion items are banned
|rule|Evasion Moves Clause: Evasion moves are banned
|rule|Endless Battle Clause: Forcing endless battles is banned
|rule|HP Percentage Mod: HP is shown in percentages
|rule|Dynamax Clause: You cannot dynamax
|clearpoke
|poke|p1|Magnezone|
|poke|p1|Weavile, M|
|poke|p1|Urshifu-*, M|
|poke|p1|Heatran, M|
|poke|p1|Landorus-Therian, M|
|poke|p1|Dragapult, F|
|poke|p2|Blaziken, M|
|poke|p2|Mew|
|poke|p2|Kommo-o, M|
|poke|p2|Ninetales-Alola, M|
|poke|p2|Arctozolt|
|poke|p2|Arctovish|
|teampreview
|inactive|Battle timer is ON: inactive players will automatically lose when time's up. (requested by dont giv a DUCK)
|inactive|ldailey19 also wants the timer to be on.
|inactive|ldailey19 has 120 seconds left.
|inactive|ldailey19 has 90 seconds left.
|
|t:|1664677377
|start
|switch|p1a: Magnezone|Magnezone, shiny|100/100
|switch|p2a: Ninetales|Ninetales-Alola, M|100/100
|-weather|Hail|[from] ability: Snow Warning|[of] p2a: Ninetales
|turn|1
|
|t:|1664677389
|switch|p2a: Mew|Mew|100/100
|move|p1a: Magnezone|Flash Cannon|p2a: Mew
|-damage|p2a: Mew|53/100
|-enditem|p2a: Mew|Red Card|[of] p1a: Magnezone
|drag|p1a: Landorus|Landorus-Therian, M|100/100
|-ability|p1a: Landorus|Intimidate|boost
|-unboost|p2a: Mew|atk|1
|
|-weather|Hail|[upkeep]
|-damage|p2a: Mew|47/100|[from] Hail
|-damage|p1a: Landorus|94/100|[from] Hail
|upkeep
|turn|2
|
|t:|1664677400
|switch|p1a: Weavile|Weavile, M|100/100
|-ability|p1a: Weavile|Pressure
|move|p2a: Mew|Stealth Rock|p1a: Weavile
|-sidestart|p1: ldailey19|move: Stealth Rock
|
|-weather|Hail|[upkeep]
|-damage|p2a: Mew|41/100|[from] Hail
|upkeep
|turn|3
|
|t:|1664677404
|move|p1a: Weavile|Knock Off|p2a: Mew
|-supereffective|p2a: Mew
|-damage|p2a: Mew|0 fnt
|faint|p2a: Mew
|
|-weather|Hail|[upkeep]
|upkeep
|
|t:|1664677415
|switch|p2a: Blaziken|Blaziken, M|100/100
|turn|4
|inactive|ldailey19 has 120 seconds left.
|
|t:|1664677450
|switch|p1a: Landorus|Landorus-Therian, M|94/100
|-damage|p1a: Landorus|82/100|[from] Stealth Rock
|-ability|p1a: Landorus|Intimidate|boost
|-unboost|p2a: Blaziken|atk|1
|move|p2a: Blaziken|Swords Dance|p2a: Blaziken
|-boost|p2a: Blaziken|atk|2
|
|-weather|Hail|[upkeep]
|-damage|p2a: Blaziken|95/100|[from] Hail
|-damage|p1a: Landorus|76/100|[from] Hail
|-ability|p2a: Blaziken|Speed Boost|boost
|-boost|p2a: Blaziken|spe|1
|upkeep
|turn|5
|
|t:|1664677456
|move|p2a: Blaziken|Close Combat|p1a: Landorus
|-resisted|p1a: Landorus
|-damage|p1a: Landorus|30/100
|-unboost|p2a: Blaziken|def|1
|-unboost|p2a: Blaziken|spd|1
|-damage|p2a: Blaziken|78/100|[from] item: Rocky Helmet|[of] p1a: Landorus
|-damage|p2a: Blaziken|68/100|[from] item: Life Orb
|move|p1a: Landorus|Earthquake|p2a: Blaziken
|-supereffective|p2a: Blaziken
|-damage|p2a: Blaziken|0 fnt
|faint|p2a: Blaziken
|
|-weather|Hail|[upkeep]
|-damage|p1a: Landorus|24/100|[from] Hail
|upkeep
|
|t:|1664677461
|switch|p2a: Arctovish|Arctovish|100/100
|turn|6
|
|t:|1664677476
|move|p2a: Arctovish|Fishious Rend|p1a: Landorus
|-supereffective|p1a: Landorus
|-damage|p1a: Landorus|0 fnt
|-damage|p2a: Arctovish|84/100|[from] item: Rocky Helmet|[of] p1a: Landorus
|faint|p1a: Landorus
|-damage|p2a: Arctovish|74/100|[from] item: Life Orb
|
|-weather|Hail|[upkeep]
|upkeep
|
|t:|1664677487
|switch|p1a: Urshifu|Urshifu-Rapid-Strike, M|100/100
|-damage|p1a: Urshifu|94/100|[from] Stealth Rock
|turn|7
|
|t:|1664677494
|move|p2a: Arctovish|Freeze-Dry|p1a: Urshifu
|-supereffective|p1a: Urshifu
|-damage|p1a: Urshifu|16/100
|-damage|p2a: Arctovish|64/100|[from] item: Life Orb
|move|p1a: Urshifu|Close Combat|p2a: Arctovish
|-supereffective|p2a: Arctovish
|-damage|p2a: Arctovish|0 fnt
|-unboost|p1a: Urshifu|def|1
|-unboost|p1a: Urshifu|spd|1
|faint|p2a: Arctovish
|
|-weather|Hail|[upkeep]
|-damage|p1a: Urshifu|10/100|[from] Hail
|upkeep
|
|t:|1664677508
|switch|p2a: Kommo-o|Kommo-o, M|100/100
|turn|8
|
|t:|1664677517
|move|p1a: Urshifu|Close Combat|p2a: Kommo-o
|-damage|p2a: Kommo-o|45/100
|-unboost|p1a: Urshifu|def|1
|-unboost|p1a: Urshifu|spd|1
|move|p2a: Kommo-o|Substitute|p2a: Kommo-o
|-start|p2a: Kommo-o|Substitute
|-damage|p2a: Kommo-o|20/100
|-enditem|p2a: Kommo-o|Salac Berry|[eat]
|-boost|p2a: Kommo-o|spe|1|[from] item: Salac Berry
|
|-weather|none
|upkeep
|turn|9
|
|t:|1664677535
|move|p1a: Urshifu|Aqua Jet|p2a: Kommo-o
|-resisted|p2a: Kommo-o
|-activate|p2a: Kommo-o|move: Substitute|[damage]
|move|p2a: Kommo-o|Drain Punch|p1a: Urshifu
|-damage|p1a: Urshifu|0 fnt
|-heal|p2a: Kommo-o|25/100|[from] drain|[of] p1a: Urshifu
|faint|p1a: Urshifu
|
|upkeep
|inactive|ldailey19 has 120 seconds left.
|
|t:|1664677555
|switch|p1a: Magnezone|Magnezone, shiny|100/100
|-damage|p1a: Magnezone|94/100|[from] Stealth Rock
|turn|10
|
|t:|1664677564
|move|p2a: Kommo-o|Drain Punch|p1a: Magnezone
|-supereffective|p1a: Magnezone
|-damage|p1a: Magnezone|33/100
|-heal|p2a: Kommo-o|61/100|[from] drain|[of] p1a: Magnezone
|move|p1a: Magnezone|Volt Switch|p2a: Kommo-o
|-resisted|p2a: Kommo-o
|-end|p2a: Kommo-o|Substitute
|
|t:|1664677572
|switch|p1a: Weavile|Weavile, M|100/100|[from]move: Volt Switch
|-damage|p1a: Weavile|76/100|[from] Stealth Rock
|-ability|p1a: Weavile|Pressure
|
|upkeep
|turn|11
|
|t:|1664677577
|move|p1a: Weavile|Ice Shard|p2a: Kommo-o
|-supereffective|p2a: Kommo-o
|-damage|p2a: Kommo-o|3/100
|move|p2a: Kommo-o|Drain Punch|p1a: Weavile
|-supereffective|p1a: Weavile
|-damage|p1a: Weavile|0 fnt
|-heal|p2a: Kommo-o|40/100|[from] drain|[of] p1a: Weavile
|faint|p1a: Weavile
|
|upkeep
|
|t:|1664677584
|switch|p1a: Dragapult|Dragapult, F, shiny|100/100
|-damage|p1a: Dragapult|88/100|[from] Stealth Rock
|turn|12
|
|t:|1664677588
|move|p2a: Kommo-o|Thunder Punch|p1a: Dragapult
|-resisted|p1a: Dragapult
|-damage|p1a: Dragapult|72/100
|move|p1a: Dragapult|Dragon Darts|p2a: Kommo-o
|-supereffective|p2a: Kommo-o
|-damage|p2a: Kommo-o|0 fnt
|faint|p2a: Kommo-o
|
|upkeep
|
|t:|1664677591
|switch|p2a: Ninetales|Ninetales-Alola, M|100/100
|-weather|Hail|[from] ability: Snow Warning|[of] p2a: Ninetales
|turn|13
|
|t:|1664677598
|move|p1a: Dragapult|U-turn|p2a: Ninetales
|-resisted|p2a: Ninetales
|-damage|p2a: Ninetales|85/100
|
|t:|1664677601
|switch|p1a: Magnezone|Magnezone, shiny|33/100|[from]move: U-turn
|-damage|p1a: Magnezone|27/100|[from] Stealth Rock
|move|p2a: Ninetales|Aurora Veil|p2a: Ninetales
|-sidestart|p2: dont giv a DUCK|move: Aurora Veil
|
|-weather|Hail|[upkeep]
|-damage|p1a: Magnezone|21/100|[from] Hail
|upkeep
|turn|14
|
|t:|1664677604
|move|p2a: Ninetales|Moonblast|p1a: Magnezone
|-resisted|p1a: Magnezone
|-damage|p1a: Magnezone|11/100
|move|p1a: Magnezone|Flash Cannon|p2a: Ninetales
|-supereffective|p2a: Ninetales
|-damage|p2a: Ninetales|0 fnt
|faint|p2a: Ninetales
|
|-weather|Hail|[upkeep]
|-damage|p1a: Magnezone|5/100|[from] Hail
|upkeep
|
|t:|1664677608
|switch|p2a: Arctozolt|Arctozolt|100/100
|turn|15
|
|t:|1664677612
|move|p2a: Arctozolt|Bolt Beak|p1a: Magnezone
|-resisted|p1a: Magnezone
|-damage|p1a: Magnezone|0 fnt
|faint|p1a: Magnezone
|-damage|p2a: Arctozolt|91/100|[from] item: Life Orb
|
|-weather|Hail|[upkeep]
|upkeep
|
|t:|1664677623
|switch|p1a: Dragapult|Dragapult, F, shiny|72/100
|-damage|p1a: Dragapult|59/100|[from] Stealth Rock
|turn|16
|
|t:|1664677630
|move|p2a: Arctozolt|Blizzard|p1a: Dragapult
|-supereffective|p1a: Dragapult
|-damage|p1a: Dragapult|0 fnt
|faint|p1a: Dragapult
|-damage|p2a: Arctozolt|81/100|[from] item: Life Orb
|
|-weather|Hail|[upkeep]
|upkeep
|
|t:|1664677636
|switch|p1a: Heatran|Heatran, M, shiny|100/100
|-damage|p1a: Heatran|88/100|[from] Stealth Rock
|-item|p1a: Heatran|Air Balloon
|turn|17
|
|t:|1664677639
|move|p2a: Arctozolt|Bolt Beak|p1a: Heatran
|-damage|p1a: Heatran|3/100
|-enditem|p1a: Heatran|Air Balloon
|-damage|p2a: Arctozolt|71/100|[from] item: Life Orb
|move|p1a: Heatran|Flamethrower|p2a: Arctozolt
|-supereffective|p2a: Arctozolt
|-damage|p2a: Arctozolt|12/100
|
|-weather|Hail|[upkeep]
|-damage|p1a: Heatran|0 fnt|[from] Hail
|faint|p1a: Heatran
|
|win|dont giv a DUCK
|upkeep
|raw|ldailey19's rating: 1558 &rarr; <strong>1538</strong><br />(-20 for losing)
|raw|dont giv a DUCK's rating: 1565 &rarr; <strong>1585</strong><br />(+20 for winning)
