|j|☆nixyle
|j|☆A
|player|p1|nixyle|265|1770
|player|p2|A|clemont|1739
|teamsize|p1|6
|teamsize|p2|6
|gametype|singles
|gen|8
|tier|[Gen 8] OU
|rated|
|clearpoke
|poke|p1|Urshifu-*, M|
|poke|p1|Amoonguss, M|
|poke|p1|Incineroar, M|
|poke|p1|Sharpedo, M|
|poke|p1|Corviknight, M|
|poke|p1|Ferrothorn, M|
|poke|p2|Chansey, F|
|poke|p2|Arcanine, F|
|poke|p2|Toxapex, M|
|poke|p2|Magearna|
|poke|p2|Kommo-o, M|
|poke|p2|Corviknight, M|
|rule|Sleep Clause Mod: Limit one foe put to sleep
|rule|Species Clause: Limit one of each Pokémon
|rule|OHKO Clause: OHKO moves are banned
|rule|Evasion Moves Clause: Evasion moves are banned
|rule|Endless Battle Clause: Forcing endless battles is banned
|rule|HP Percentage Mod: HP is shown in percentages
|rule|Dynamax Clause: You cannot dynamax
|teampreview
|inactive|Battle timer is ON: inactive players will automatically lose when time's up. (requested by nixyle)
|
|start
|switch|p1a: Amoonguss|Amoonguss, M|100/100
|switch|p2a: cool laddy|Kommo-o, M|100/100
|turn|1
|j| d18l
|j| gooba69
|
|move|p2a: cool laddy|Stealth Rock|p1a: Amoonguss
|-sidestart|p1: nixyle|move: Stealth Rock
|move|p1a: Amoonguss|Spore|p2a: cool laddy
|-status|p2a: cool laddy|slp|[from] move: Spore
|
|upkeep
|turn|2
|l| gooba69
|
|switch|p2a: BEST GIRL|Chansey, F, shiny|100/100
|move|p1a: Amoonguss|Toxic|p2a: BEST GIRL
|-status|p2a: BEST GIRL|tox
|
|-damage|p2a: BEST GIRL|94/100 tox|[from] psn
|upkeep
|turn|3
|
|move|p2a: BEST GIRL|Thunder Wave|p1a: Amoonguss|[miss]
|-miss|p2a: BEST GIRL|p1a: Amoonguss
|move|p1a: Amoonguss|Giga Drain|p2a: BEST GIRL
|-damage|p2a: BEST GIRL|88/100 tox
|
|-damage|p2a: BEST GIRL|76/100 tox|[from] psn
|upkeep
|turn|4
|
|switch|p1a: Incineroar|Incineroar, M|100/100
|-ability|p1a: Incineroar|Intimidate|boost
|-unboost|p2a: BEST GIRL|atk|1
|move|p2a: BEST GIRL|Thunder Wave|p1a: Incineroar
|-status|p1a: Incineroar|par
|
|-damage|p2a: BEST GIRL|57/100 tox|[from] psn
|upkeep
|turn|5
|
|switch|p2a: lamer than me|Toxapex, M|100/100
|cant|p1a: Incineroar|par
|
|upkeep
|turn|6
|
|switch|p1a: Corviknight|Corviknight, M|100/100
|-damage|p1a: Corviknight|88/100|[from] Stealth Rock
|-ability|p1a: Corviknight|Pressure
|move|p2a: lamer than me|Knock Off|p1a: Corviknight
|-damage|p1a: Corviknight|76/100
|-enditem|p1a: Corviknight|Leftovers|[from] move: Knock Off|[of] p2a: lamer than me
|
|upkeep
|turn|7
|
|move|p1a: Corviknight|Defog|p2a: lamer than me
|-unboost|p2a: lamer than me|evasion|1
|-sideend|p1: nixyle|Stealth Rock|[from] move: Defog|[of] p1a: Corviknight
|move|p2a: lamer than me|Scald|p1a: Corviknight
|-damage|p1a: Corviknight|67/100
|
|upkeep
|turn|8
|
|switch|p1a: Ferrothorn|Ferrothorn, M|100/100
|switch|p2a: BEST GIRL|Chansey, F, shiny|57/100
|
|upkeep
|turn|9
|
|switch|p2a: gamer girl|Arcanine, F, shiny|100/100
|-ability|p2a: gamer girl|Intimidate|boost
|-unboost|p1a: Ferrothorn|atk|1
|move|p1a: Ferrothorn|Stealth Rock|p2a: gamer girl
|-sidestart|p2: A|move: Stealth Rock
|
|upkeep
|turn|10
|
|switch|p1a: Incineroar|Incineroar, M|100/100 par
|-ability|p1a: Incineroar|Intimidate|boost
|-unboost|p2a: gamer girl|atk|1
|move|p2a: gamer girl|Will-O-Wisp|p1a: Incineroar|[miss]
|-miss|p2a: gamer girl|p1a: Incineroar
|
|upkeep
|turn|11
|j|‽Click Clackin
|
|cant|p1a: Incineroar|par
|move|p2a: gamer girl|Teleport|p2a: gamer girl
|
|switch|p2a: reverse alembic|Magearna|100/100|[from]move: Teleport
|-damage|p2a: reverse alembic|94/100|[from] Stealth Rock
|
|upkeep
|turn|12
|
|move|p2a: reverse alembic|Iron Defense|p2a: reverse alembic
|-boost|p2a: reverse alembic|def|2
|move|p1a: Incineroar|Flare Blitz|p2a: reverse alembic
|-supereffective|p2a: reverse alembic
|-damage|p2a: reverse alembic|42/100
|-damage|p1a: Incineroar|84/100 par|[from] Recoil
|
|upkeep
|turn|13
|j| zellyman
|
|move|p2a: reverse alembic|Iron Defense|p2a: reverse alembic
|-boost|p2a: reverse alembic|def|2
|move|p1a: Incineroar|Flare Blitz|p2a: reverse alembic
|-supereffective|p2a: reverse alembic
|-damage|p2a: reverse alembic|8/100
|-enditem|p2a: reverse alembic|Iapapa Berry|[eat]
|-heal|p2a: reverse alembic|41/100|[from] item: Iapapa Berry
|-damage|p1a: Incineroar|73/100 par|[from] Recoil
|
|upkeep
|turn|14
|
|move|p2a: reverse alembic|Calm Mind|p2a: reverse alembic
|-boost|p2a: reverse alembic|spa|1
|-boost|p2a: reverse alembic|spd|1
|cant|p1a: Incineroar|par
|
|upkeep
|turn|15
|
|move|p2a: reverse alembic|Draining Kiss|p1a: Incineroar
|-damage|p1a: Incineroar|40/100 par
|-heal|p2a: reverse alembic|66/100|[from] drain|[of] p1a: Incineroar
|move|p1a: Incineroar|Flare Blitz|p2a: reverse alembic
|-supereffective|p2a: reverse alembic
|-damage|p2a: reverse alembic|33/100
|-damage|p1a: Incineroar|29/100 par|[from] Recoil
|
|upkeep
|turn|16
|
|move|p2a: reverse alembic|Draining Kiss|p1a: Incineroar
|-damage|p1a: Incineroar|0 fnt
|-heal|p2a: reverse alembic|55/100|[from] drain|[of] p1a: Incineroar
|faint|p1a: Incineroar
|-ability|p2a: reverse alembic|Soul-Heart|boost
|-boost|p2a: reverse alembic|spa|1
|
|upkeep
|n|‽Click Clackin|clickclackin
|n|‽mage set big broke|clickclackin
|j| aeacaw
|
|switch|p1a: Ferrothorn|Ferrothorn, M|100/100
|turn|17
|c|☆A|good username mage set big broke
|
|move|p2a: reverse alembic|Calm Mind|p2a: reverse alembic
|-boost|p2a: reverse alembic|spa|1
|-boost|p2a: reverse alembic|spd|1
|move|p1a: Ferrothorn|Leech Seed|p2a: reverse alembic
|-start|p2a: reverse alembic|move: Leech Seed
|
|-damage|p2a: reverse alembic|43/100|[from] Leech Seed|[of] p1a: Ferrothorn
|upkeep
|turn|18
|
|move|p2a: reverse alembic|Stored Power|p1a: Ferrothorn
|-resisted|p1a: Ferrothorn
|-damage|p1a: Ferrothorn|28/100
|move|p1a: Ferrothorn|Thunder Wave|p2a: reverse alembic
|-status|p2a: reverse alembic|par
|
|-damage|p2a: reverse alembic|30/100 par|[from] Leech Seed|[of] p1a: Ferrothorn
|-heal|p1a: Ferrothorn|41/100|[silent]
|upkeep
|turn|19
|
|move|p2a: reverse alembic|Draining Kiss|p1a: Ferrothorn
|-resisted|p1a: Ferrothorn
|-damage|p1a: Ferrothorn|17/100
|-heal|p2a: reverse alembic|48/100 par|[from] drain|[of] p1a: Ferrothorn
|-damage|p2a: reverse alembic|35/100 par|[from] ability: Iron Barbs|[of] p1a: Ferrothorn
|move|p1a: Ferrothorn|Body Press|p2a: reverse alembic
|-damage|p2a: reverse alembic|27/100 par
|
|-damage|p2a: reverse alembic|15/100 par|[from] Leech Seed|[of] p1a: Ferrothorn
|-heal|p1a: Ferrothorn|30/100|[silent]
|upkeep
|turn|20
|c|☆A|o a blunder
|
|move|p2a: reverse alembic|Draining Kiss|p1a: Ferrothorn
|-resisted|p1a: Ferrothorn
|-damage|p1a: Ferrothorn|6/100
|-heal|p2a: reverse alembic|32/100 par|[from] drain|[of] p1a: Ferrothorn
|-damage|p2a: reverse alembic|20/100 par|[from] ability: Iron Barbs|[of] p1a: Ferrothorn
|move|p1a: Ferrothorn|Body Press|p2a: reverse alembic
|-damage|p2a: reverse alembic|11/100 par
|
|-damage|p2a: reverse alembic|0 fnt|[from] Leech Seed|[of] p1a: Ferrothorn
|-heal|p1a: Ferrothorn|17/100|[silent]
|faint|p2a: reverse alembic
|upkeep
|
|switch|p2a: gamer girl|Arcanine, F, shiny|100/100
|-ability|p2a: gamer girl|Intimidate|boost
|-unboost|p1a: Ferrothorn|atk|1
|turn|21
|
|move|p2a: gamer girl|Flamethrower|p1a: Ferrothorn
|-supereffective|p1a: Ferrothorn
|-damage|p1a: Ferrothorn|0 fnt
|faint|p1a: Ferrothorn
|
|upkeep
|c|☆A|no biggie
|
|switch|p1a: Sharpedo|Sharpedo, M|100/100
|turn|22
|
|switch|p2a: cool laddy|Kommo-o, M|100/100 slp
|-damage|p2a: cool laddy|95/100 slp|[from] Stealth Rock
|move|p1a: Sharpedo|Crunch|p2a: cool laddy
|-resisted|p2a: cool laddy
|-damage|p2a: cool laddy|77/100 slp
|-damage|p1a: Sharpedo|84/100|[from] item: Rocky Helmet|[of] p2a: cool laddy
|-damage|p1a: Sharpedo|74/100|[from] item: Life Orb
|
|-ability|p1a: Sharpedo|Speed Boost|boost
|-boost|p1a: Sharpedo|spe|1
|upkeep
|turn|23
|
|switch|p1a: Corviknight|Corviknight, M|67/100
|-ability|p1a: Corviknight|Pressure
|switch|p2a: gamer girl|Arcanine, F, shiny|100/100
|-ability|p2a: gamer girl|Intimidate|boost
|-unboost|p1a: Corviknight|atk|1
|
|upkeep
|turn|24
|
|move|p2a: gamer girl|Flamethrower|p1a: Corviknight
|-supereffective|p1a: Corviknight
|-damage|p1a: Corviknight|20/100
|move|p1a: Corviknight|Roost|p1a: Corviknight
|-heal|p1a: Corviknight|70/100
|-singleturn|p1a: Corviknight|move: Roost
|
|upkeep
|turn|25
|inactive|nixyle has 120 seconds left.
|
|switch|p1a: Sharpedo|Sharpedo, M|74/100
|move|p2a: gamer girl|Will-O-Wisp|p1a: Sharpedo
|-status|p1a: Sharpedo|brn
|
|-damage|p1a: Sharpedo|68/100 brn|[from] brn
|upkeep
|turn|26
|
|switch|p2a: BEST GIRL|Chansey, F, shiny|57/100
|-damage|p2a: BEST GIRL|45/100|[from] Stealth Rock
|move|p1a: Sharpedo|Earthquake|p2a: BEST GIRL
|-damage|p2a: BEST GIRL|29/100
|-damage|p1a: Sharpedo|58/100 brn|[from] item: Life Orb
|
|-damage|p1a: Sharpedo|52/100 brn|[from] brn
|-ability|p1a: Sharpedo|Speed Boost|boost
|-boost|p1a: Sharpedo|spe|1
|upkeep
|turn|27
|inactive|nixyle has 120 seconds left.
|
|switch|p1a: Urshifu|Urshifu, M|100/100
|move|p2a: BEST GIRL|Soft-Boiled|p2a: BEST GIRL
|-heal|p2a: BEST GIRL|79/100
|
|upkeep
|turn|28
|
|switch|p2a: cool laddy|Kommo-o, M|77/100 slp
|-damage|p2a: cool laddy|71/100 slp|[from] Stealth Rock
|move|p1a: Urshifu|Wicked Blow|p2a: cool laddy
|-resisted|p2a: cool laddy
|-crit|p2a: cool laddy
|-damage|p2a: cool laddy|43/100 slp
|-damage|p1a: Urshifu|84/100|[from] item: Rocky Helmet|[of] p2a: cool laddy
|
|upkeep
|turn|29
|
|switch|p1a: Corviknight|Corviknight, M|70/100
|-ability|p1a: Corviknight|Pressure
|cant|p2a: cool laddy|slp
|
|upkeep
|turn|30
|
|-curestatus|p2a: cool laddy|slp|[msg]
|move|p2a: cool laddy|Stealth Rock|p1a: Corviknight
|-sidestart|p1: nixyle|move: Stealth Rock
|move|p1a: Corviknight|Brave Bird|p2a: cool laddy
|-supereffective|p2a: cool laddy
|-damage|p2a: cool laddy|1/100
|-damage|p1a: Corviknight|54/100|[from] item: Rocky Helmet|[of] p2a: cool laddy
|-damage|p1a: Corviknight|42/100|[from] Recoil
|
|upkeep
|turn|31
|
|move|p2a: cool laddy|Flamethrower|p1a: Corviknight
|-supereffective|p1a: Corviknight
|-damage|p1a: Corviknight|15/100
|move|p1a: Corviknight|Brave Bird|p2a: cool laddy
|-supereffective|p2a: cool laddy
|-damage|p2a: cool laddy|0 fnt
|-damage|p1a: Corviknight|0 fnt|[from] item: Rocky Helmet|[of] p2a: cool laddy
|faint|p2a: cool laddy
|faint|p1a: Corviknight
|
|upkeep
|
|switch|p2a: king|Corviknight, M, shiny|100/100
|switch|p1a: Sharpedo|Sharpedo, M|52/100 brn
|-damage|p1a: Sharpedo|40/100 brn|[from] Stealth Rock
|-damage|p2a: king|88/100|[from] Stealth Rock
|-ability|p2a: king|Pressure
|turn|32
|
|move|p1a: Sharpedo|Crunch|p2a: king
|-damage|p2a: king|71/100
|-damage|p1a: Sharpedo|30/100 brn|[from] item: Life Orb
|move|p2a: king|U-turn|p1a: Sharpedo
|-supereffective|p1a: Sharpedo
|-damage|p1a: Sharpedo|0 fnt
|faint|p1a: Sharpedo
|
|switch|p2a: lamer than me|Toxapex, M|100/100|[from]move: U-turn
|-damage|p2a: lamer than me|88/100|[from] Stealth Rock
|
|-heal|p2a: lamer than me|94/100|[from] item: Black Sludge
|upkeep
|
|switch|p1a: Amoonguss|Amoonguss, M|100/100
|-damage|p1a: Amoonguss|88/100|[from] Stealth Rock
|turn|33
|
|switch|p2a: BEST GIRL|Chansey, F, shiny|79/100
|-damage|p2a: BEST GIRL|66/100|[from] Stealth Rock
|move|p1a: Amoonguss|Spore|p2a: BEST GIRL
|-status|p2a: BEST GIRL|slp|[from] move: Spore
|
|-heal|p1a: Amoonguss|94/100|[from] item: Black Sludge
|upkeep
|turn|34
|
|-curestatus|p2a: BEST GIRL|slp|[from] ability: Natural Cure
|switch|p2a: gamer girl|Arcanine, F, shiny|100/100
|-ability|p2a: gamer girl|Intimidate|boost
|-unboost|p1a: Amoonguss|atk|1
|move|p1a: Amoonguss|Toxic|p2a: gamer girl
|-status|p2a: gamer girl|tox
|
|-heal|p1a: Amoonguss|100/100|[from] item: Black Sludge
|-damage|p2a: gamer girl|94/100 tox|[from] psn
|upkeep
|turn|35
|
|move|p2a: gamer girl|Flamethrower|p1a: Amoonguss
|-supereffective|p1a: Amoonguss
|-damage|p1a: Amoonguss|44/100
|move|p1a: Amoonguss|Sludge Bomb|p2a: gamer girl
|-damage|p2a: gamer girl|66/100 tox
|
|-heal|p1a: Amoonguss|51/100|[from] item: Black Sludge
|-damage|p2a: gamer girl|54/100 tox|[from] psn
|upkeep
|turn|36
|j| Calem∞DPU
|
|move|p2a: gamer girl|Flamethrower|p1a: Amoonguss
|-supereffective|p1a: Amoonguss
|-damage|p1a: Amoonguss|0 fnt
|faint|p1a: Amoonguss
|
|-damage|p2a: gamer girl|35/100 tox|[from] psn
|upkeep
|
|switch|p1a: Urshifu|Urshifu, M|84/100
|-damage|p1a: Urshifu|78/100|[from] Stealth Rock
|turn|37
|
|move|p1a: Urshifu|Wicked Blow|p2a: gamer girl
|-crit|p2a: gamer girl
|-damage|p2a: gamer girl|0 fnt
|faint|p2a: gamer girl
|
|upkeep
|l| Calem∞DPU
|
|switch|p2a: lamer than me|Toxapex, M|100/100
|-damage|p2a: lamer than me|88/100|[from] Stealth Rock
|turn|38
|
|move|p1a: Urshifu|Wicked Blow|p2a: lamer than me
|-crit|p2a: lamer than me
|-damage|p2a: lamer than me|27/100
|move|p2a: lamer than me|Toxic|p1a: Urshifu
|-status|p1a: Urshifu|tox
|
|-heal|p2a: lamer than me|33/100|[from] item: Black Sludge
|-damage|p1a: Urshifu|72/100 tox|[from] psn
|upkeep
|turn|39
|
|switch|p2a: BEST GIRL|Chansey, F, shiny|66/100
|-damage|p2a: BEST GIRL|54/100|[from] Stealth Rock
|move|p1a: Urshifu|Wicked Blow|p2a: BEST GIRL
|-crit|p2a: BEST GIRL
|-damage|p2a: BEST GIRL|0 fnt
|faint|p2a: BEST GIRL
|
|-damage|p1a: Urshifu|59/100 tox|[from] psn
|upkeep
|
|switch|p2a: king|Corviknight, M, shiny|71/100
|-damage|p2a: king|58/100|[from] Stealth Rock
|-ability|p2a: king|Pressure
|turn|40
|c|☆A|o misclick lmao
|c|☆A|sad
|
|move|p1a: Urshifu|Wicked Blow|p2a: king
|-crit|p2a: king
|-damage|p2a: king|0 fnt
|faint|p2a: king
|
|-damage|p1a: Urshifu|41/100 tox|[from] psn
|upkeep
|
|switch|p2a: lamer than me|Toxapex, M|66/100
|-damage|p2a: lamer than me|54/100|[from] Stealth Rock
|turn|41
|
|move|p1a: Urshifu|Wicked Blow|p2a: lamer than me
|-crit|p2a: lamer than me
|-damage|p2a: lamer than me|0 fnt
|faint|p2a: lamer than me
|
|win|nixyle
|c|☆A|kek gg
|c|☆nixyle|γγ
|raw|nixyle's rating: 1770 &rarr; <strong>1788</strong><br />(+18 for winning)
|raw|A's rating: 1739 &rarr; <strong>1721</strong><br />(-18 for losing)
|c|☆nixyle|gg
|n|‽mage set big broke|magesetbigbroke
|n|‽bros sad|magesetbigbroke
|l|☆A
|l|‽bros sad
|l| d18l
