|j|☆Storm Zone
|j|☆big boss 447
|player|p1|Storm Zone|zinnia|1874
|player|p2|big boss 447|n|1829
|teamsize|p1|6
|teamsize|p2|6
|gametype|singles
|gen|8
|tier|[Gen 8] OU
|rated|
|clearpoke
|poke|p1|Toxtricity, M|
|poke|p1|Kommo-o, M|
|poke|p1|Necrozma|
|poke|p1|Cinderace, M|
|poke|p1|Zeraora|
|poke|p1|Hydreigon, M|
|poke|p2|Rotom-Wash|
|poke|p2|Pelipper, F|
|poke|p2|Crawdaunt, M|
|poke|p2|Kyurem|
|poke|p2|Zeraora|
|poke|p2|Ferrothorn, M|
|rule|Sleep Clause Mod: Limit one foe put to sleep
|rule|Species Clause: Limit one of each Pokémon
|rule|OHKO Clause: OHKO moves are banned
|rule|Evasion Moves Clause: Evasion moves are banned
|rule|Endless Battle Clause: Forcing endless battles is banned
|rule|HP Percentage Mod: HP is shown in percentages
|rule|Dynamax Clause: You cannot dynamax
|teampreview
|j| Billy Billyson
|j| xxxsaaawxxx
|inactive|Battle timer is ON: inactive players will automatically lose when time's up. (requested by big boss 447)
|j| vidar
|
|start
|switch|p1a: Hybrid|Hydreigon, M, shiny|100/100
|switch|p2a: Kyurem|Kyurem|100/100
|-ability|p2a: Kyurem|Pressure
|turn|1
|
|switch|p2a: Ferrothorn|Ferrothorn, M|100/100
|move|p1a: Hybrid|Draco Meteor|p2a: Ferrothorn|[miss]
|-miss|p1a: Hybrid|p2a: Ferrothorn
|
|upkeep
|turn|2
|
|switch|p1a: Liberacy|Cinderace, M|100/100
|move|p2a: Ferrothorn|Stealth Rock|p1a: Liberacy
|-sidestart|p1: Storm Zone|move: Stealth Rock
|
|upkeep
|turn|3
|
|switch|p2a: Pelipper|Pelipper, F|100/100
|-weather|RainDance|[from] ability: Drizzle|[of] p2a: Pelipper
|move|p1a: Liberacy|High Jump Kick|p2a: Pelipper
|-start|p1a: Liberacy|typechange|Fighting|[from] ability: Libero
|-resisted|p2a: Pelipper
|-damage|p2a: Pelipper|59/100
|
|-weather|RainDance|[upkeep]
|upkeep
|turn|4
|
|switch|p1a: Descendant|Necrozma|100/100
|-damage|p1a: Descendant|88/100|[from] Stealth Rock
|move|p2a: Pelipper|Hurricane|p1a: Descendant
|-damage|p1a: Descendant|53/100
|
|-weather|RainDance|[upkeep]
|-heal|p1a: Descendant|59/100|[from] item: Leftovers
|upkeep
|turn|5
|
|switch|p2a: Kyurem|Kyurem|100/100
|-ability|p2a: Kyurem|Pressure
|move|p1a: Descendant|Stealth Rock|p2a: Kyurem
|-sidestart|p2: big boss 447|move: Stealth Rock
|
|-weather|RainDance|[upkeep]
|-heal|p1a: Descendant|65/100|[from] item: Leftovers
|upkeep
|turn|6
|
|move|p2a: Kyurem|Ice Beam|p1a: Descendant
|-damage|p1a: Descendant|0 fnt
|faint|p1a: Descendant
|
|-weather|RainDance|[upkeep]
|upkeep
|
|switch|p1a: Liberacy|Cinderace, M|100/100
|-damage|p1a: Liberacy|76/100|[from] Stealth Rock
|turn|7
|j| penguino0205
|
|switch|p2a: Rotom|Rotom-Wash|100/100
|-damage|p2a: Rotom|88/100|[from] Stealth Rock
|move|p1a: Liberacy|High Jump Kick|p2a: Rotom
|-start|p1a: Liberacy|typechange|Fighting|[from] ability: Libero
|-damage|p2a: Rotom|20/100
|
|-weather|none
|-heal|p2a: Rotom|26/100|[from] item: Leftovers
|upkeep
|turn|8
|
|move|p1a: Liberacy|High Jump Kick|p2a: Rotom
|-damage|p2a: Rotom|0 fnt
|faint|p2a: Rotom
|
|upkeep
|
|switch|p2a: Pelipper|Pelipper, F|59/100
|-weather|RainDance|[from] ability: Drizzle|[of] p2a: Pelipper
|turn|9
|
|switch|p1a: Kurt Cobain|Toxtricity, M|100/100
|-damage|p1a: Kurt Cobain|88/100|[from] Stealth Rock
|move|p2a: Pelipper|Hurricane|p1a: Kurt Cobain
|-resisted|p1a: Kurt Cobain
|-damage|p1a: Kurt Cobain|59/100
|
|-weather|RainDance|[upkeep]
|upkeep
|turn|10
|
|switch|p2a: Ferrothorn|Ferrothorn, M|100/100
|-damage|p2a: Ferrothorn|94/100|[from] Stealth Rock
|move|p1a: Kurt Cobain|Boomburst|p2a: Ferrothorn
|-resisted|p2a: Ferrothorn
|-damage|p2a: Ferrothorn|71/100
|-enditem|p1a: Kurt Cobain|Throat Spray
|-boost|p1a: Kurt Cobain|spa|1|[from] item: Throat Spray
|
|-weather|RainDance|[upkeep]
|-heal|p2a: Ferrothorn|77/100|[from] item: Leftovers
|upkeep
|turn|11
|
|move|p1a: Kurt Cobain|Boomburst|p2a: Ferrothorn
|-resisted|p2a: Ferrothorn
|-damage|p2a: Ferrothorn|47/100
|move|p2a: Ferrothorn|Power Whip|p1a: Kurt Cobain
|-resisted|p1a: Kurt Cobain
|-damage|p1a: Kurt Cobain|27/100
|
|-weather|RainDance|[upkeep]
|-heal|p2a: Ferrothorn|53/100|[from] item: Leftovers
|upkeep
|turn|12
|l| vidar
|
|move|p1a: Kurt Cobain|Boomburst|p2a: Ferrothorn
|-resisted|p2a: Ferrothorn
|-damage|p2a: Ferrothorn|23/100
|move|p2a: Ferrothorn|Power Whip|p1a: Kurt Cobain
|-resisted|p1a: Kurt Cobain
|-damage|p1a: Kurt Cobain|0 fnt
|faint|p1a: Kurt Cobain
|
|-weather|RainDance|[upkeep]
|-heal|p2a: Ferrothorn|29/100|[from] item: Leftovers
|upkeep
|
|switch|p1a: Zephyr|Zeraora|100/100
|-damage|p1a: Zephyr|88/100|[from] Stealth Rock
|turn|13
|j| seven starsss
|
|move|p1a: Zephyr|Close Combat|p2a: Ferrothorn
|-supereffective|p2a: Ferrothorn
|-damage|p2a: Ferrothorn|0 fnt
|-unboost|p1a: Zephyr|def|1
|-unboost|p1a: Zephyr|spd|1
|-damage|p1a: Zephyr|76/100|[from] ability: Iron Barbs|[of] p2a: Ferrothorn
|-damage|p1a: Zephyr|66/100|[from] item: Life Orb
|faint|p2a: Ferrothorn
|
|-weather|none
|upkeep
|
|switch|p2a: Zeraora|Zeraora|100/100
|-damage|p2a: Zeraora|88/100|[from] Stealth Rock
|turn|14
|
|move|p2a: Zeraora|Play Rough|p1a: Zephyr
|-damage|p1a: Zephyr|5/100
|move|p1a: Zephyr|Close Combat|p2a: Zeraora
|-damage|p2a: Zeraora|25/100
|-unboost|p1a: Zephyr|def|1
|-unboost|p1a: Zephyr|spd|1
|-damage|p1a: Zephyr|0 fnt|[from] item: Life Orb
|faint|p1a: Zephyr
|
|upkeep
|
|switch|p1a: Hybrid|Hydreigon, M, shiny|100/100
|-damage|p1a: Hybrid|88/100|[from] Stealth Rock
|turn|15
|
|move|p1a: Hybrid|Dark Pulse|p2a: Zeraora
|-damage|p2a: Zeraora|0 fnt
|faint|p2a: Zeraora
|
|upkeep
|
|switch|p2a: Kyurem|Kyurem|100/100
|-damage|p2a: Kyurem|76/100|[from] Stealth Rock
|-ability|p2a: Kyurem|Pressure
|turn|16
|
|switch|p1a: Liberacy|Cinderace, M|76/100
|-damage|p1a: Liberacy|51/100|[from] Stealth Rock
|move|p2a: Kyurem|Ice Beam|p1a: Liberacy
|-resisted|p1a: Liberacy
|-damage|p1a: Liberacy|0 fnt
|faint|p1a: Liberacy
|
|upkeep
|
|switch|p1a: Hybrid|Hydreigon, M, shiny|88/100
|-damage|p1a: Hybrid|76/100|[from] Stealth Rock
|turn|17
|j| RBTP-SUSEJ
|
|switch|p2a: Pelipper|Pelipper, F|59/100
|-weather|RainDance|[from] ability: Drizzle|[of] p2a: Pelipper
|move|p1a: Hybrid|Draco Meteor|p2a: Pelipper
|-damage|p2a: Pelipper|0 fnt
|-unboost|p1a: Hybrid|spa|2
|faint|p2a: Pelipper
|
|-weather|RainDance|[upkeep]
|upkeep
|
|switch|p2a: Crawdaunt|Crawdaunt, M|100/100
|-damage|p2a: Crawdaunt|88/100|[from] Stealth Rock
|turn|18
|
|switch|p1a: King Komodo|Kommo-o, M|100/100
|-damage|p1a: King Komodo|94/100|[from] Stealth Rock
|move|p2a: Crawdaunt|Liquidation|p1a: King Komodo
|-resisted|p1a: King Komodo
|-damage|p1a: King Komodo|36/100
|-damage|p2a: Crawdaunt|78/100|[from] item: Life Orb
|
|-weather|RainDance|[upkeep]
|upkeep
|turn|19
|
|move|p2a: Crawdaunt|Aqua Jet|p1a: King Komodo
|-resisted|p1a: King Komodo
|-damage|p1a: King Komodo|10/100
|-damage|p2a: Crawdaunt|69/100|[from] item: Life Orb
|move|p1a: King Komodo|Close Combat|p2a: Crawdaunt
|-supereffective|p2a: Crawdaunt
|-damage|p2a: Crawdaunt|0 fnt
|-unboost|p1a: King Komodo|def|1
|-unboost|p1a: King Komodo|spd|1
|-damage|p1a: King Komodo|0 fnt|[from] item: Life Orb
|faint|p2a: Crawdaunt
|faint|p1a: King Komodo
|
|-weather|RainDance|[upkeep]
|upkeep
|
|switch|p1a: Hybrid|Hydreigon, M, shiny|76/100
|switch|p2a: Kyurem|Kyurem|76/100
|-damage|p1a: Hybrid|64/100|[from] Stealth Rock
|-damage|p2a: Kyurem|51/100|[from] Stealth Rock
|-ability|p2a: Kyurem|Pressure
|turn|20
|
|move|p1a: Hybrid|Draco Meteor|p2a: Kyurem
|-supereffective|p2a: Kyurem
|-damage|p2a: Kyurem|0 fnt
|-unboost|p1a: Hybrid|spa|2
|faint|p2a: Kyurem
|
|win|Storm Zone
|raw|Storm Zone's rating: 1874 &rarr; <strong>1890</strong><br />(+16 for winning)
|raw|big boss 447's rating: 1809 &rarr; <strong>1793</strong><br />(-16 for losing)
|l|☆big boss 447
|l|☆Storm Zone
|l| Billy Billyson
|l| penguino0205
|l| seven starsss
|l| RBTP-SUSEJ
|l| xxxsaaawxxx
