|j|☆cump3
|j|☆Lemon Ginger
|t:|1654122139
|gametype|singles
|player|p1|cump3|266|1568
|player|p2|Lemon Ginger|101|1746
|teamsize|p1|6
|teamsize|p2|6
|gen|8
|tier|[Gen 8] OU
|rated|
|rule|Sleep Clause Mod: Limit one foe put to sleep
|rule|Species Clause: Limit one of each Pokémon
|rule|OHKO Clause: OHKO moves are banned
|rule|Evasion Moves Clause: Evasion moves are banned
|rule|Endless Battle Clause: Forcing endless battles is banned
|rule|HP Percentage Mod: HP is shown in percentages
|rule|Dynamax Clause: You cannot dynamax
|clearpoke
|poke|p1|Ferrothorn, F|
|poke|p1|Landorus-Therian, M|
|poke|p1|Toxapex, F|
|poke|p1|Tapu Lele|
|poke|p1|Alakazam, M|
|poke|p1|Moltres-Galar|
|poke|p2|Necrozma|
|poke|p2|Buzzwole|
|poke|p2|Tapu Fini|
|poke|p2|Kartana|
|poke|p2|Tapu Lele|
|poke|p2|Garchomp, M|
|teampreview
|
|t:|1654122174
|start
|switch|p1a: Tapu Lele|Tapu Lele, shiny|100/100
|switch|p2a: Garchomp|Garchomp, M|100/100
|-fieldstart|move: Psychic Terrain|[from] ability: Psychic Surge|[of] p1a: Tapu Lele
|turn|1
|
|t:|1654122183
|move|p2a: Garchomp|Earthquake|p1a: Tapu Lele
|-damage|p1a: Tapu Lele|0 fnt
|faint|p1a: Tapu Lele
|-damage|p2a: Garchomp|91/100|[from] item: Life Orb
|
|upkeep
|
|t:|1654122190
|switch|p1a: Alakazam|Alakazam, M|100/100
|turn|2
|
|t:|1654122204
|move|p1a: Alakazam|Expanding Force|p2a: Garchomp
|-damage|p2a: Garchomp|0 fnt
|faint|p2a: Garchomp
|
|upkeep
|
|t:|1654122209
|switch|p2a: Tapu Lele|Tapu Lele|100/100
|turn|3
|
|t:|1654122215
|switch|p1a: Toxapex|Toxapex, F|100/100
|move|p2a: Tapu Lele|Psychic|p1a: Toxapex
|-supereffective|p1a: Toxapex
|-damage|p1a: Toxapex|0 fnt
|faint|p1a: Toxapex
|
|upkeep
|
|t:|1654122219
|switch|p1a: Moltres|Moltres-Galar|100/100
|turn|4
|
|t:|1654122227
|switch|p2a: Necrozma|Necrozma|100/100
|move|p1a: Moltres|Agility|p1a: Moltres
|-boost|p1a: Moltres|spe|2
|
|upkeep
|turn|5
|
|t:|1654122230
|move|p1a: Moltres|Nasty Plot|p1a: Moltres
|-boost|p1a: Moltres|spa|2
|move|p2a: Necrozma|Meteor Beam||[still]
|-prepare|p2a: Necrozma|Meteor Beam
|-boost|p2a: Necrozma|spa|1
|-enditem|p2a: Necrozma|Power Herb
|-anim|p2a: Necrozma|Meteor Beam|p1a: Moltres
|-supereffective|p1a: Moltres
|-crit|p1a: Moltres
|-damage|p1a: Moltres|0 fnt
|faint|p1a: Moltres
|
|-fieldend|move: Psychic Terrain
|upkeep
|
|t:|1654122236
|switch|p1a: Landorus|Landorus-Therian, M|100/100
|-ability|p1a: Landorus|Intimidate|boost
|-unboost|p2a: Necrozma|atk|1
|turn|6
|
|t:|1654122239
|move|p2a: Necrozma|Photon Geyser|p1a: Landorus
|-damage|p1a: Landorus|25/100
|move|p1a: Landorus|Toxic|p2a: Necrozma
|-status|p2a: Necrozma|tox
|
|-heal|p1a: Landorus|31/100|[from] item: Leftovers
|-damage|p2a: Necrozma|95/100 tox|[from] psn
|upkeep
|turn|7
|
|t:|1654122241
|move|p2a: Necrozma|Photon Geyser|p1a: Landorus
|-damage|p1a: Landorus|0 fnt
|faint|p1a: Landorus
|
|-damage|p2a: Necrozma|83/100 tox|[from] psn
|upkeep
|
|t:|1654122243
|switch|p1a: Ferrothorn|Ferrothorn, F|100/100
|turn|8
|
|t:|1654122244
|move|p2a: Necrozma|Heat Wave|p1a: Ferrothorn
|-supereffective|p1a: Ferrothorn
|-damage|p1a: Ferrothorn|0 fnt
|faint|p1a: Ferrothorn
|
|-damage|p2a: Necrozma|65/100 tox|[from] psn
|upkeep
|-message|cump3 forfeited.
|
|win|Lemon Ginger
|raw|cump3's rating: 1568 &rarr; <strong>1557</strong><br />(-11 for losing)
|raw|Lemon Ginger's rating: 1746 &rarr; <strong>1757</strong><br />(+11 for winning)
|l|☆cump3
||Ladder isn't responding, score probably updated but might not have (Request timeout).
