|raw|<div class="broadcast-blue"><strong>This battle is required to be public due to a player having a name prefixed by 'LT71LX'.</div>
|j|☆Ayante
|j|☆LT71LX Storm
|t:|1596679722
|player|p1|Ayante|koga|1721
|player|p2|LT71LX Storm|lusamine-nihilego|1809
|teamsize|p1|6
|teamsize|p2|6
|gametype|singles
|gen|8
|tier|[Gen 8] OU
|rated|
|clearpoke
|poke|p1|Mandibuzz, F|
|poke|p1|Zeraora|
|poke|p1|Hatterene, F|
|poke|p1|Azumarill, F|
|poke|p1|Ferrothorn, M|
|poke|p1|Dragapult, F|
|poke|p2|Urshifu-*, M|
|poke|p2|Togekiss, M|
|poke|p2|Excadrill, M|
|poke|p2|Toxtricity, M|
|poke|p2|Rillaboom, M|
|poke|p2|Volcarona, M|
|rule|Sleep Clause Mod: Limit one foe put to sleep
|rule|Species Clause: Limit one of each Pokémon
|rule|OHKO Clause: OHKO moves are banned
|rule|Evasion Moves Clause: Evasion moves are banned
|rule|Endless Battle Clause: Forcing endless battles is banned
|rule|HP Percentage Mod: HP is shown in percentages
|rule|Dynamax Clause: You cannot dynamax
|teampreview
|
|t:|1596679731
|start
|switch|p1a: Zeraora|Zeraora|100/100
|switch|p2a: Mudo|Excadrill, M, shiny|100/100
|-ability|p2a: Mudo|Mold Breaker
|turn|1
|j| irregular hoopa
|j| a.sma.sd
|j| NameNotFoundError
|j| Calla cagada 777
|
|t:|1596679785
|switch|p1a: Mandibuzz|Mandibuzz, F|100/100
|move|p2a: Mudo|Earthquake|p1a: Mandibuzz
|-immune|p1a: Mandibuzz
|
|upkeep
|turn|2
|
|t:|1596679795
|move|p2a: Mudo|Toxic|p1a: Mandibuzz|[miss]
|-miss|p2a: Mudo|p1a: Mandibuzz
|move|p1a: Mandibuzz|Foul Play|p2a: Mudo
|-damage|p2a: Mudo|49/100
|
|-heal|p2a: Mudo|55/100|[from] item: Leftovers
|upkeep
|turn|3
|
|t:|1596679813
|move|p2a: Mudo|Toxic|p1a: Mandibuzz
|-status|p1a: Mandibuzz|tox
|move|p1a: Mandibuzz|Foul Play|p2a: Mudo
|-damage|p2a: Mudo|3/100
|
|-heal|p2a: Mudo|9/100|[from] item: Leftovers
|-damage|p1a: Mandibuzz|94/100 tox|[from] psn
|upkeep
|turn|4
|
|t:|1596679833
|move|p2a: Mudo|Stealth Rock|p1a: Mandibuzz
|-sidestart|p1: Ayante|move: Stealth Rock
|move|p1a: Mandibuzz|Foul Play|p2a: Mudo
|-damage|p2a: Mudo|0 fnt
|faint|p2a: Mudo
|
|-damage|p1a: Mandibuzz|82/100 tox|[from] psn
|upkeep
|
|t:|1596679841
|switch|p2a: Cloud n1n3|Togekiss, M|100/100
|turn|5
|
|t:|1596679851
|switch|p1a: Zeraora|Zeraora|100/100
|-damage|p1a: Zeraora|88/100|[from] Stealth Rock
|move|p2a: Cloud n1n3|Air Slash|p1a: Zeraora
|-resisted|p1a: Zeraora
|-damage|p1a: Zeraora|63/100
|
|upkeep
|turn|6
|
|t:|1596679859
|move|p2a: Cloud n1n3|Air Slash|p1a: Zeraora|[miss]
|-miss|p2a: Cloud n1n3|p1a: Zeraora
|move|p1a: Zeraora|Volt Switch|p2a: Cloud n1n3
|-supereffective|p2a: Cloud n1n3
|-damage|p2a: Cloud n1n3|25/100
|j| WaterDrake
|
|t:|1596679882
|switch|p1a: Azumarill|Azumarill, F|100/100|[from]move: Volt Switch
|-damage|p1a: Azumarill|88/100|[from] Stealth Rock
|
|upkeep
|turn|7
|
|t:|1596679891
|move|p1a: Azumarill|Aqua Jet|p2a: Cloud n1n3
|-damage|p2a: Cloud n1n3|0 fnt
|faint|p2a: Cloud n1n3
|
|upkeep
|
|t:|1596679894
|switch|p2a: Kyotaro|Toxtricity, M|100/100
|turn|8
|
|t:|1596679899
|switch|p1a: Ferrothorn|Ferrothorn, M|100/100
|-damage|p1a: Ferrothorn|94/100|[from] Stealth Rock
|move|p2a: Kyotaro|Overdrive|p1a: Ferrothorn
|-resisted|p1a: Ferrothorn
|-damage|p1a: Ferrothorn|76/100
|-enditem|p2a: Kyotaro|Throat Spray
|-boost|p2a: Kyotaro|spa|1|[from] item: Throat Spray
|
|-heal|p1a: Ferrothorn|83/100|[from] item: Leftovers
|upkeep
|turn|9
|
|t:|1596679914
|move|p2a: Kyotaro|Overdrive|p1a: Ferrothorn
|-resisted|p1a: Ferrothorn
|-damage|p1a: Ferrothorn|56/100
|move|p1a: Ferrothorn|Spikes|p2a: Kyotaro
|-sidestart|p2: LT71LX Storm|Spikes
|
|-heal|p1a: Ferrothorn|62/100|[from] item: Leftovers
|upkeep
|turn|10
|
|t:|1596679923
|move|p2a: Kyotaro|Boomburst|p1a: Ferrothorn
|-resisted|p1a: Ferrothorn
|-damage|p1a: Ferrothorn|30/100
|move|p1a: Ferrothorn|Leech Seed|p2a: Kyotaro
|-start|p2a: Kyotaro|move: Leech Seed
|
|-heal|p1a: Ferrothorn|36/100|[from] item: Leftovers
|-damage|p2a: Kyotaro|88/100|[from] Leech Seed|[of] p1a: Ferrothorn
|-heal|p1a: Ferrothorn|47/100|[silent]
|upkeep
|turn|11
|
|t:|1596679932
|move|p2a: Kyotaro|Overdrive|p1a: Ferrothorn
|-resisted|p1a: Ferrothorn
|-damage|p1a: Ferrothorn|21/100
|move|p1a: Ferrothorn|Knock Off|p2a: Kyotaro
|-damage|p2a: Kyotaro|64/100
|
|-heal|p1a: Ferrothorn|27/100|[from] item: Leftovers
|-damage|p2a: Kyotaro|52/100|[from] Leech Seed|[of] p1a: Ferrothorn
|-heal|p1a: Ferrothorn|37/100|[silent]
|upkeep
|turn|12
|
|t:|1596679950
|move|p2a: Kyotaro|Boomburst|p1a: Ferrothorn
|-resisted|p1a: Ferrothorn
|-damage|p1a: Ferrothorn|8/100
|move|p1a: Ferrothorn|Gyro Ball|p2a: Kyotaro
|-resisted|p2a: Kyotaro
|-damage|p2a: Kyotaro|14/100
|
|-heal|p1a: Ferrothorn|15/100|[from] item: Leftovers
|-damage|p2a: Kyotaro|2/100|[from] Leech Seed|[of] p1a: Ferrothorn
|-heal|p1a: Ferrothorn|25/100|[silent]
|upkeep
|turn|13
|j| EpicWon
|
|t:|1596679968
|move|p2a: Kyotaro|Overdrive|p1a: Ferrothorn
|-resisted|p1a: Ferrothorn
|-damage|p1a: Ferrothorn|0 fnt
|faint|p1a: Ferrothorn
|
|upkeep
|
|t:|1596679976
|switch|p1a: Dragapult|Dragapult, F|100/100
|-damage|p1a: Dragapult|88/100|[from] Stealth Rock
|turn|14
|
|t:|1596679984
|move|p1a: Dragapult|U-turn|p2a: Kyotaro
|-resisted|p2a: Kyotaro
|-damage|p2a: Kyotaro|0 fnt
|faint|p2a: Kyotaro
|
|t:|1596679999
|switch|p1a: Mandibuzz|Mandibuzz, F|82/100 tox|[from]move: U-turn
|
|-damage|p1a: Mandibuzz|76/100 tox|[from] psn
|upkeep
|
|t:|1596680033
|switch|p2a: Amaterasu|Volcarona, M, shiny|100/100
|turn|15
|
|t:|1596680044
|switch|p1a: Azumarill|Azumarill, F|88/100
|-damage|p1a: Azumarill|76/100|[from] Stealth Rock
|move|p2a: Amaterasu|Quiver Dance|p2a: Amaterasu
|-boost|p2a: Amaterasu|spa|1
|-boost|p2a: Amaterasu|spd|1
|-boost|p2a: Amaterasu|spe|1
|
|upkeep
|turn|16
|
|t:|1596680067
|move|p1a: Azumarill|Aqua Jet|p2a: Amaterasu
|-supereffective|p2a: Amaterasu
|-damage|p2a: Amaterasu|52/100
|move|p2a: Amaterasu|Flamethrower|p1a: Azumarill
|-resisted|p1a: Azumarill
|-damage|p1a: Azumarill|43/100
|-enditem|p1a: Azumarill|Sitrus Berry|[eat]
|-heal|p1a: Azumarill|68/100|[from] item: Sitrus Berry
|
|upkeep
|turn|17
|
|t:|1596680076
|move|p1a: Azumarill|Aqua Jet|p2a: Amaterasu
|-supereffective|p2a: Amaterasu
|-damage|p2a: Amaterasu|5/100
|move|p2a: Amaterasu|Roost|p2a: Amaterasu
|-heal|p2a: Amaterasu|55/100
|-singleturn|p2a: Amaterasu|move: Roost
|
|upkeep
|turn|18
|
|t:|1596680121
|move|p1a: Azumarill|Aqua Jet|p2a: Amaterasu
|-supereffective|p2a: Amaterasu
|-damage|p2a: Amaterasu|7/100
|-status|p1a: Azumarill|brn|[from] ability: Flame Body|[of] p2a: Amaterasu
|move|p2a: Amaterasu|Roost|p2a: Amaterasu
|-heal|p2a: Amaterasu|57/100
|-singleturn|p2a: Amaterasu|move: Roost
|
|-damage|p1a: Azumarill|62/100 brn|[from] brn
|upkeep
|turn|19
|j| Drasuk
|l| Drasuk
|
|t:|1596680144
|move|p2a: Amaterasu|Roost|p2a: Amaterasu
|-heal|p2a: Amaterasu|100/100
|-singleturn|p2a: Amaterasu|move: Roost
|move|p1a: Azumarill|Belly Drum|p1a: Azumarill
|-damage|p1a: Azumarill|12/100 brn
|-setboost|p1a: Azumarill|atk|6|[from] move: Belly Drum
|
|-damage|p1a: Azumarill|6/100 brn|[from] brn
|upkeep
|turn|20
|
|t:|1596680155
|switch|p2a: Poseidon|Urshifu-Rapid-Strike, M, shiny|100/100
|-damage|p2a: Poseidon|88/100|[from] Spikes
|move|p1a: Azumarill|Aqua Jet|p2a: Poseidon
|-resisted|p2a: Poseidon
|-damage|p2a: Poseidon|65/100
|
|-damage|p1a: Azumarill|0 fnt|[from] brn
|faint|p1a: Azumarill
|upkeep
|
|t:|1596680187
|switch|p1a: Hatterene|Hatterene, F|100/100
|-damage|p1a: Hatterene|88/100|[from] Stealth Rock
|turn|21
|
|t:|1596680205
|move|p2a: Poseidon|Surging Strikes|p1a: Hatterene
|-crit|p1a: Hatterene
|-damage|p1a: Hatterene|72/100
|-crit|p1a: Hatterene
|-damage|p1a: Hatterene|55/100
|-crit|p1a: Hatterene
|-damage|p1a: Hatterene|38/100
|-hitcount|p1a: Hatterene|3
|move|p1a: Hatterene|Draining Kiss|p2a: Poseidon
|-supereffective|p2a: Poseidon
|-damage|p2a: Poseidon|0 fnt
|-heal|p1a: Hatterene|90/100|[from] drain|[of] p2a: Poseidon
|faint|p2a: Poseidon
|
|-heal|p1a: Hatterene|96/100|[from] item: Leftovers
|upkeep
|
|t:|1596680211
|switch|p2a: Tama Tonga|Rillaboom, M|100/100
|-damage|p2a: Tama Tonga|88/100|[from] Spikes
|-fieldstart|move: Grassy Terrain|[from] ability: Grassy Surge|[of] p2a: Tama Tonga
|turn|22
|
|t:|1596680233
|switch|p1a: Mandibuzz|Mandibuzz, F|76/100 tox
|move|p2a: Tama Tonga|Swords Dance|p2a: Tama Tonga
|-boost|p2a: Tama Tonga|atk|2
|
|-heal|p2a: Tama Tonga|94/100|[from] Grassy Terrain
|-damage|p1a: Mandibuzz|70/100 tox|[from] psn
|upkeep
|turn|23
|
|t:|1596680262
|switch|p2a: Amaterasu|Volcarona, M, shiny|100/100
|move|p1a: Mandibuzz|Foul Play|p2a: Amaterasu
|-damage|p2a: Amaterasu|86/100
|
|-heal|p2a: Amaterasu|92/100|[from] Grassy Terrain
|-damage|p1a: Mandibuzz|57/100 tox|[from] psn
|upkeep
|turn|24
|
|t:|1596680282
|move|p2a: Amaterasu|Quiver Dance|p2a: Amaterasu
|-boost|p2a: Amaterasu|spa|1
|-boost|p2a: Amaterasu|spd|1
|-boost|p2a: Amaterasu|spe|1
|move|p1a: Mandibuzz|Toxic|p2a: Amaterasu
|-status|p2a: Amaterasu|tox
|
|-heal|p2a: Amaterasu|98/100 tox|[from] Grassy Terrain
|-damage|p2a: Amaterasu|92/100 tox|[from] psn
|-damage|p1a: Mandibuzz|39/100 tox|[from] psn
|upkeep
|turn|25
|
|t:|1596680332
|switch|p1a: Dragapult|Dragapult, F|88/100
|-damage|p1a: Dragapult|76/100|[from] Stealth Rock
|move|p2a: Amaterasu|Flamethrower|p1a: Dragapult
|-resisted|p1a: Dragapult
|-damage|p1a: Dragapult|39/100
|
|-heal|p1a: Dragapult|45/100|[from] Grassy Terrain
|-heal|p2a: Amaterasu|98/100 tox|[from] Grassy Terrain
|-damage|p2a: Amaterasu|86/100 tox|[from] psn
|upkeep
|turn|26
|
|t:|1596680347
|move|p1a: Dragapult|Dragon Darts|p2a: Amaterasu
|-damage|p2a: Amaterasu|61/100 tox
|-anim|p1a: Dragapult|Dragon Darts|p2a: Amaterasu
|-damage|p2a: Amaterasu|37/100 tox
|move|p2a: Amaterasu|Quiver Dance|p2a: Amaterasu
|-boost|p2a: Amaterasu|spa|1
|-boost|p2a: Amaterasu|spd|1
|-boost|p2a: Amaterasu|spe|1
|
|-heal|p1a: Dragapult|51/100|[from] Grassy Terrain
|-heal|p2a: Amaterasu|44/100 tox|[from] Grassy Terrain
|-fieldend|move: Grassy Terrain
|-damage|p2a: Amaterasu|25/100 tox|[from] psn
|upkeep
|turn|27
|
|t:|1596680368
|move|p1a: Dragapult|Dragon Darts|p2a: Amaterasu
|-damage|p2a: Amaterasu|0 fnt
|faint|p2a: Amaterasu
|
|upkeep
|
|t:|1596680373
|switch|p2a: Tama Tonga|Rillaboom, M|94/100
|-damage|p2a: Tama Tonga|82/100|[from] Spikes
|-fieldstart|move: Grassy Terrain|[from] ability: Grassy Surge|[of] p2a: Tama Tonga
|turn|28
|
|t:|1596680395
|move|p1a: Dragapult|Dragon Darts|p2a: Tama Tonga
|-damage|p2a: Tama Tonga|50/100
|-anim|p1a: Dragapult|Dragon Darts|p2a: Tama Tonga
|-damage|p2a: Tama Tonga|19/100
|move|p2a: Tama Tonga|Swords Dance|p2a: Tama Tonga
|-boost|p2a: Tama Tonga|atk|2
|
|-heal|p1a: Dragapult|57/100|[from] Grassy Terrain
|-heal|p2a: Tama Tonga|25/100|[from] Grassy Terrain
|upkeep
|turn|29
|
|t:|1596680436
|move|p2a: Tama Tonga|Grassy Glide|p1a: Dragapult
|-resisted|p1a: Dragapult
|-damage|p1a: Dragapult|0 fnt
|-damage|p2a: Tama Tonga|15/100|[from] item: Life Orb
|faint|p1a: Dragapult
|
|-heal|p2a: Tama Tonga|21/100|[from] Grassy Terrain
|upkeep
|
|t:|1596680447
|switch|p1a: Mandibuzz|Mandibuzz, F|39/100 tox
|turn|30
|
|t:|1596680455
|move|p2a: Tama Tonga|Grassy Glide|p1a: Mandibuzz
|-resisted|p1a: Mandibuzz
|-damage|p1a: Mandibuzz|0 fnt
|-damage|p2a: Tama Tonga|11/100|[from] item: Life Orb
|faint|p1a: Mandibuzz
|
|-heal|p2a: Tama Tonga|17/100|[from] Grassy Terrain
|upkeep
|
|t:|1596680465
|switch|p1a: Zeraora|Zeraora|63/100
|-damage|p1a: Zeraora|51/100|[from] Stealth Rock
|turn|31
|
|t:|1596680469
|move|p2a: Tama Tonga|Grassy Glide|p1a: Zeraora
|-crit|p1a: Zeraora
|-damage|p1a: Zeraora|0 fnt
|-damage|p2a: Tama Tonga|8/100|[from] item: Life Orb
|faint|p1a: Zeraora
|
|-heal|p2a: Tama Tonga|14/100|[from] Grassy Terrain
|upkeep
|
|t:|1596680478
|switch|p1a: Hatterene|Hatterene, F|96/100
|-damage|p1a: Hatterene|84/100|[from] Stealth Rock
|turn|32
|c|☆LT71LX Storm|gg
|c| EpicWon|Whats with the dumb names
|
|t:|1596680483
|move|p2a: Tama Tonga|Grassy Glide|p1a: Hatterene
|-damage|p1a: Hatterene|0 fnt
|-damage|p2a: Tama Tonga|4/100|[from] item: Life Orb
|faint|p1a: Hatterene
|
|win|LT71LX Storm
|l|☆LT71LX Storm
|l| Calla cagada 777
