|j|☆aceguy123
|j|☆Arnaud senju vgc
|player|p1|aceguy123|firebreather|1797
|player|p2|Arnaud senju vgc|alder|1809
|teamsize|p1|6
|teamsize|p2|6
|gametype|singles
|gen|8
|tier|[Gen 8] OU
|rated|
|clearpoke
|poke|p1|Kommo-o, F|
|poke|p1|Weezing-Galar, M|
|poke|p1|Mew|
|poke|p1|Grimmsnarl, M|
|poke|p1|Azumarill, F|
|poke|p1|Volcarona, F|
|poke|p2|Ribombee, M|
|poke|p2|Togekiss, F|
|poke|p2|Excadrill, F|
|poke|p2|Cloyster, F|
|poke|p2|Urshifu-*, F|
|poke|p2|Magearna|
|rule|Sleep Clause Mod: Limit one foe put to sleep
|rule|Species Clause: Limit one of each Pokémon
|rule|OHKO Clause: OHKO moves are banned
|rule|Evasion Moves Clause: Evasion moves are banned
|rule|Endless Battle Clause: Forcing endless battles is banned
|rule|HP Percentage Mod: HP is shown in percentages
|rule|Dynamax Clause: You cannot dynamax
|teampreview
|inactive|Battle timer is ON: inactive players will automatically lose when time's up. (requested by aceguy123)
|
|start
|switch|p1a: Grimmsnarl|Grimmsnarl, M|100/100
|switch|p2a: Ribombee|Ribombee, M|100/100
|turn|1
|
|move|p1a: Grimmsnarl|Taunt|p2a: Ribombee
|-start|p2a: Ribombee|move: Taunt
|move|p2a: Ribombee|Moonblast|p1a: Grimmsnarl
|-supereffective|p1a: Grimmsnarl
|-damage|p1a: Grimmsnarl|41/100
|
|upkeep
|turn|2
|j| Hosta Mahogy
|
|move|p1a: Grimmsnarl|Light Screen|p1a: Grimmsnarl
|-sidestart|p1: aceguy123|move: Light Screen
|move|p2a: Ribombee|Moonblast|p1a: Grimmsnarl
|-supereffective|p1a: Grimmsnarl
|-damage|p1a: Grimmsnarl|7/100
|-unboost|p1a: Grimmsnarl|spa|1
|
|upkeep
|turn|3
|
|move|p1a: Grimmsnarl|Reflect|p1a: Grimmsnarl
|-sidestart|p1: aceguy123|Reflect
|move|p2a: Ribombee|Moonblast|p1a: Grimmsnarl
|-supereffective|p1a: Grimmsnarl
|-damage|p1a: Grimmsnarl|0 fnt
|faint|p1a: Grimmsnarl
|
|-end|p2a: Ribombee|move: Taunt
|upkeep
|
|switch|p1a: Weezing|Weezing-Galar, M|100/100
|-fieldstart|move: Misty Terrain|[from] ability: Misty Surge|[of] p1a: Weezing
|turn|4
|l| Hosta Mahogy
|
|move|p2a: Ribombee|Sticky Web|p1a: Weezing
|-sidestart|p1: aceguy123|move: Sticky Web
|move|p1a: Weezing|Memento|p2a: Ribombee
|-unboost|p2a: Ribombee|atk|2
|-unboost|p2a: Ribombee|spa|2
|faint|p1a: Weezing
|
|upkeep
|
|switch|p1a: Volcarona|Volcarona, F|100/100
|turn|5
|
|move|p2a: Ribombee|U-turn|p1a: Volcarona
|-resisted|p1a: Volcarona
|-damage|p1a: Volcarona|99/100
|
|switch|p2a: Urshifu|Urshifu-Rapid-Strike, F|100/100|[from]move: U-turn
|move|p1a: Volcarona|Quiver Dance|p1a: Volcarona
|-boost|p1a: Volcarona|spa|1
|-boost|p1a: Volcarona|spd|1
|-boost|p1a: Volcarona|spe|1
|
|upkeep
|turn|6
|
|move|p1a: Volcarona|Giga Drain|p2a: Urshifu
|-supereffective|p2a: Urshifu
|-damage|p2a: Urshifu|0 fnt
|-heal|p1a: Volcarona|100/100|[from] drain|[of] p2a: Urshifu
|faint|p2a: Urshifu
|
|upkeep
|
|switch|p2a: Togekiss|Togekiss, F|100/100
|turn|7
|c|☆aceguy123|I hate how the preview shows it as a dark type
|c|☆aceguy123|That's not fair at all lol
|
|move|p1a: Volcarona|Quiver Dance|p1a: Volcarona
|-boost|p1a: Volcarona|spa|1
|-boost|p1a: Volcarona|spd|1
|-boost|p1a: Volcarona|spe|1
|move|p2a: Togekiss|Air Slash|p1a: Volcarona
|-supereffective|p1a: Volcarona
|-damage|p1a: Volcarona|84/100
|
|upkeep
|turn|8
|
|switch|p2a: Ribombee|Ribombee, M|100/100
|move|p1a: Volcarona|Flamethrower|p2a: Ribombee
|-supereffective|p2a: Ribombee
|-enditem|p2a: Ribombee|Focus Sash
|-damage|p2a: Ribombee|1/100
|
|upkeep
|turn|9
|
|move|p1a: Volcarona|Flamethrower|p2a: Ribombee
|-supereffective|p2a: Ribombee
|-damage|p2a: Ribombee|0 fnt
|faint|p2a: Ribombee
|
|-sideend|p1: aceguy123|move: Light Screen
|upkeep
|
|switch|p2a: Excadrill|Excadrill, F|100/100
|-ability|p2a: Excadrill|Mold Breaker
|turn|10
|
|move|p1a: Volcarona|Flamethrower|p2a: Excadrill
|-supereffective|p2a: Excadrill
|-enditem|p2a: Excadrill|Focus Sash
|-damage|p2a: Excadrill|1/100
|move|p2a: Excadrill|Earthquake|p1a: Volcarona
|-damage|p1a: Volcarona|54/100
|
|-sideend|p1: aceguy123|Reflect
|upkeep
|turn|11
|-message|Arnaud senju vgc forfeited.
|
|win|aceguy123
|l|☆Arnaud senju vgc
|j| Hosta Mahogy
|l| Hosta Mahogy
||Ladder (probably) updated, but score could not be retrieved (Request timeout).
