|html|<div class="broadcast-blue"><strong>[Gen 8] OU is currently suspecting Melmetal! For information on how to participate check out the <a href="https://www.smogon.com/forums/threads/np-ss-ou-suspect-process-round-12-monster-mash.3709234/">suspect thread</a>.</strong></div>
|j|☆minimax_ai
|j|☆Amane Misa
|t:|1666164305
|gametype|singles
|player|p1|minimax_ai|lusamine-nihilego|1575
|player|p2|Amane Misa|#amanemisa|1602
|teamsize|p1|6
|teamsize|p2|6
|gen|8
|tier|[Gen 8] OU
|rated|
|rule|Sleep Clause Mod: Limit one foe put to sleep
|rule|Species Clause: Limit one of each Pokémon
|rule|OHKO Clause: OHKO moves are banned
|rule|Evasion Items Clause: Evasion items are banned
|rule|Evasion Moves Clause: Evasion moves are banned
|rule|Endless Battle Clause: Forcing endless battles is banned
|rule|HP Percentage Mod: HP is shown in percentages
|rule|Dynamax Clause: You cannot dynamax
|clearpoke
|poke|p1|Rotom-Wash|
|poke|p1|Weavile, F|
|poke|p1|Landorus-Therian, M|
|poke|p1|Heatran, M|
|poke|p1|Tangrowth, F|
|poke|p1|Melmetal|
|poke|p2|Kartana|
|poke|p2|Magnezone|
|poke|p2|Slowbro, F|
|poke|p2|Landorus-Therian, M|
|poke|p2|Clefable, F|
|poke|p2|Tornadus-Therian, M|
|teampreview
|c|☆minimax_ai|hf
|inactive|Battle timer is ON: inactive players will automatically lose when time's up. (requested by minimax_ai)
|inactive|Amane Misa has 120 seconds left.
|inactive|Amane Misa has 90 seconds left.
|
|t:|1666164397
|start
|switch|p1a: landorustherian|Landorus-Therian, M|100/100
|switch|p2a: Slowbro|Slowbro, F|100/100
|-ability|p1a: landorustherian|Intimidate|boost
|-unboost|p2a: Slowbro|atk|1
|turn|1
|
|t:|1666164402
|switch|p1a: rotomwash|Rotom-Wash|100/100
|move|p2a: Slowbro|Scald|p1a: rotomwash
|-resisted|p1a: rotomwash
|-damage|p1a: rotomwash|87/100
|
|-heal|p1a: rotomwash|93/100|[from] item: Leftovers
|upkeep
|turn|2
|
|t:|1666164405
|move|p1a: rotomwash|Thunderbolt|p2a: Slowbro
|-supereffective|p2a: Slowbro
|-damage|p2a: Slowbro|27/100
|move|p2a: Slowbro|Future Sight|p1a: rotomwash
|-start|p2a: Slowbro|move: Future Sight
|
|-heal|p1a: rotomwash|99/100|[from] item: Leftovers
|upkeep
|turn|3
|
|t:|1666164413
|switch|p1a: Heatran|Heatran, M|100/100
|-item|p1a: Heatran|Air Balloon
|switch|p2a: Magnezone|Magnezone|100/100
|
|upkeep
|turn|4
|
|t:|1666164418
|switch|p2a: Tornadus|Tornadus-Therian, M|100/100
|move|p1a: Heatran|Eruption|p2a: Tornadus
|-damage|p2a: Tornadus|20/100
|
|-end|p1a: Heatran|move: Future Sight
|-resisted|p1a: Heatran
|-damage|p1a: Heatran|81/100
|-enditem|p1a: Heatran|Air Balloon
|upkeep
|turn|5
|
|t:|1666164423
|move|p2a: Tornadus|U-turn|p1a: Heatran
|-resisted|p1a: Heatran
|-damage|p1a: Heatran|77/100
|
|t:|1666164426
|switch|p2a: Landorus|Landorus-Therian, M|100/100|[from]move: U-turn
|-ability|p2a: Landorus|Intimidate|boost
|-unboost|p1a: Heatran|atk|1
|move|p1a: Heatran|Eruption|p2a: Landorus
|-damage|p2a: Landorus|55/100
|
|-heal|p2a: Landorus|61/100|[from] item: Leftovers
|upkeep
|turn|6
|
|t:|1666164444
|switch|p1a: rotomwash|Rotom-Wash|99/100
|move|p2a: Landorus|Stealth Rock|p1a: rotomwash
|-sidestart|p1: minimax_ai|move: Stealth Rock
|
|-heal|p1a: rotomwash|100/100|[from] item: Leftovers
|-heal|p2a: Landorus|67/100|[from] item: Leftovers
|upkeep
|turn|7
|
|t:|1666164450
|switch|p2a: Magnezone|Magnezone|100/100
|move|p1a: rotomwash|Hydro Pump|p2a: Magnezone
|-damage|p2a: Magnezone|47/100
|
|-heal|p2a: Magnezone|53/100|[from] item: Leftovers
|upkeep
|turn|8
|
|t:|1666164452
|move|p1a: rotomwash|Hydro Pump|p2a: Magnezone|[miss]
|-miss|p1a: rotomwash|p2a: Magnezone
|move|p2a: Magnezone|Toxic|p1a: rotomwash
|-status|p1a: rotomwash|tox
|
|-heal|p2a: Magnezone|59/100|[from] item: Leftovers
|-damage|p1a: rotomwash|94/100 tox|[from] psn
|upkeep
|turn|9
|
|t:|1666164456
|switch|p2a: Clefable|Clefable, F|100/100
|move|p1a: rotomwash|Hydro Pump|p2a: Clefable
|-damage|p2a: Clefable|61/100
|
|-heal|p1a: rotomwash|100/100 tox|[from] item: Leftovers
|-damage|p1a: rotomwash|88/100 tox|[from] psn
|upkeep
|turn|10
|
|t:|1666164461
|switch|p1a: landorustherian|Landorus-Therian, M|100/100
|-damage|p1a: landorustherian|88/100|[from] Stealth Rock
|-ability|p1a: landorustherian|Intimidate|boost
|-unboost|p2a: Clefable|atk|1
|move|p2a: Clefable|Soft-Boiled|p2a: Clefable
|-heal|p2a: Clefable|100/100
|
|-heal|p1a: landorustherian|94/100|[from] item: Leftovers
|upkeep
|turn|11
|
|t:|1666164463
|move|p1a: landorustherian|Defog|p2a: Clefable
|-unboost|p2a: Clefable|evasion|1
|-sideend|p1: minimax_ai|Stealth Rock|[from] move: Defog|[of] p1a: landorustherian
|move|p2a: Clefable|Moonblast|p1a: landorustherian
|-damage|p1a: landorustherian|65/100
|
|-heal|p1a: landorustherian|71/100|[from] item: Leftovers
|upkeep
|turn|12
|
|t:|1666164467
|move|p1a: landorustherian|Toxic|p2a: Clefable
|-status|p2a: Clefable|tox
|move|p2a: Clefable|Calm Mind|p2a: Clefable
|-boost|p2a: Clefable|spa|1
|-boost|p2a: Clefable|spd|1
|
|-heal|p1a: landorustherian|77/100|[from] item: Leftovers
|upkeep
|turn|13
|
|t:|1666164471
|move|p1a: landorustherian|U-turn|p2a: Clefable
|-resisted|p2a: Clefable
|-damage|p2a: Clefable|92/100 tox
|
|t:|1666164471
|switch|p1a: Heatran|Heatran, M|77/100|[from]move: U-turn
|move|p2a: Clefable|Moonblast|p1a: Heatran
|-resisted|p1a: Heatran
|-damage|p1a: Heatran|62/100
|
|upkeep
|turn|14
|
|t:|1666164474
|move|p1a: Heatran|Magma Storm|p2a: Clefable
|-damage|p2a: Clefable|56/100 tox
|-activate|p2a: Clefable|move: Magma Storm|[of] p1a: Heatran
|move|p2a: Clefable|Thunder|p1a: Heatran
|-damage|p1a: Heatran|16/100
|
|upkeep
|turn|15
|
|t:|1666164478
|move|p1a: Heatran|Stealth Rock|p2a: Clefable
|-sidestart|p2: Amane Misa|move: Stealth Rock
|move|p2a: Clefable|Soft-Boiled|p2a: Clefable
|-heal|p2a: Clefable|100/100 tox
|
|upkeep
|turn|16
|
|t:|1666164482
|switch|p1a: Melmetal|Melmetal|100/100
|move|p2a: Clefable|Calm Mind|p2a: Clefable
|-boost|p2a: Clefable|spa|1
|-boost|p2a: Clefable|spd|1
|
|-end|p2a: Clefable|Magma Storm|[partiallytrapped]|[silent]
|upkeep
|turn|17
|
|t:|1666164485
|switch|p2a: Magnezone|Magnezone|59/100
|-damage|p2a: Magnezone|53/100|[from] Stealth Rock
|move|p1a: Melmetal|Ice Punch|p2a: Magnezone
|-resisted|p2a: Magnezone
|-damage|p2a: Magnezone|39/100
|
|-heal|p2a: Magnezone|45/100|[from] item: Leftovers
|upkeep
|turn|18
|
|t:|1666164489
|move|p2a: Magnezone|Body Press|p1a: Melmetal
|-supereffective|p1a: Melmetal
|-damage|p1a: Melmetal|72/100
|move|p1a: Melmetal|Earthquake|p2a: Magnezone
|-supereffective|p2a: Magnezone
|-damage|p2a: Magnezone|0 fnt
|faint|p2a: Magnezone
|
|upkeep
|
|t:|1666164496
|switch|p2a: Landorus|Landorus-Therian, M|67/100
|-damage|p2a: Landorus|55/100|[from] Stealth Rock
|-ability|p2a: Landorus|Intimidate|boost
|-unboost|p1a: Melmetal|atk|1
|turn|19
|
|t:|1666164498
|move|p2a: Landorus|U-turn|p1a: Melmetal
|-resisted|p1a: Melmetal
|-damage|p1a: Melmetal|66/100
|
|t:|1666164499
|switch|p2a: Slowbro|Slowbro, F|60/100|[from]move: U-turn
|-damage|p2a: Slowbro|48/100|[from] Stealth Rock
|move|p1a: Melmetal|Ice Punch|p2a: Slowbro
|-resisted|p2a: Slowbro
|-damage|p2a: Slowbro|41/100
|-damage|p1a: Melmetal|49/100|[from] item: Rocky Helmet|[of] p2a: Slowbro
|
|upkeep
|turn|20
|
|t:|1666164501
|switch|p1a: rotomwash|Rotom-Wash|88/100 tox
|switch|p2a: Landorus|Landorus-Therian, M|55/100
|-damage|p2a: Landorus|42/100|[from] Stealth Rock
|-ability|p2a: Landorus|Intimidate|boost
|-unboost|p1a: rotomwash|atk|1
|
|-heal|p1a: rotomwash|94/100 tox|[from] item: Leftovers
|-heal|p2a: Landorus|48/100|[from] item: Leftovers
|-damage|p1a: rotomwash|88/100 tox|[from] psn
|upkeep
|turn|21
|
|t:|1666164504
|switch|p2a: Clefable|Clefable, F|100/100 tox
|move|p1a: rotomwash|Hydro Pump|p2a: Clefable
|-damage|p2a: Clefable|62/100 tox
|
|-heal|p1a: rotomwash|94/100 tox|[from] item: Leftovers
|-damage|p1a: rotomwash|82/100 tox|[from] psn
|upkeep
|turn|22
|
|t:|1666164506
|switch|p1a: landorustherian|Landorus-Therian, M|77/100
|-ability|p1a: landorustherian|Intimidate|boost
|-unboost|p2a: Clefable|atk|1
|move|p2a: Clefable|Soft-Boiled|p2a: Clefable
|-heal|p2a: Clefable|100/100 tox
|
|-heal|p1a: landorustherian|83/100|[from] item: Leftovers
|upkeep
|turn|23
|
|t:|1666164508
|move|p1a: landorustherian|Toxic|p2a: Clefable
|-fail|p2a: Clefable|tox
|move|p2a: Clefable|Moonblast|p1a: landorustherian
|-damage|p1a: landorustherian|53/100
|-unboost|p1a: landorustherian|spa|1
|
|-heal|p1a: landorustherian|59/100|[from] item: Leftovers
|upkeep
|turn|24
|
|t:|1666164511
|move|p1a: landorustherian|Toxic|p2a: Clefable
|-fail|p2a: Clefable|tox
|move|p2a: Clefable|Moonblast|p1a: landorustherian
|-damage|p1a: landorustherian|26/100
|-unboost|p1a: landorustherian|spa|1
|
|-heal|p1a: landorustherian|32/100|[from] item: Leftovers
|upkeep
|turn|25
|
|t:|1666164513
|move|p1a: landorustherian|Toxic|p2a: Clefable|[miss]
|-miss|p1a: landorustherian|p2a: Clefable
|move|p2a: Clefable|Moonblast|p1a: landorustherian
|-damage|p1a: landorustherian|0 fnt
|faint|p1a: landorustherian
|
|upkeep
|
|t:|1666164513
|switch|p1a: Melmetal|Melmetal|49/100
|turn|26
|
|t:|1666164515
|switch|p2a: Slowbro|Slowbro, F|74/100
|-damage|p2a: Slowbro|62/100|[from] Stealth Rock
|move|p1a: Melmetal|Ice Punch|p2a: Slowbro
|-resisted|p2a: Slowbro
|-damage|p2a: Slowbro|51/100
|-damage|p1a: Melmetal|33/100|[from] item: Rocky Helmet|[of] p2a: Slowbro
|
|upkeep
|turn|27
|
|t:|1666164517
|switch|p1a: rotomwash|Rotom-Wash|82/100 tox
|switch|p2a: Landorus|Landorus-Therian, M|48/100
|-damage|p2a: Landorus|36/100|[from] Stealth Rock
|-ability|p2a: Landorus|Intimidate|boost
|-unboost|p1a: rotomwash|atk|1
|
|-heal|p1a: rotomwash|88/100 tox|[from] item: Leftovers
|-heal|p2a: Landorus|42/100|[from] item: Leftovers
|-damage|p1a: rotomwash|82/100 tox|[from] psn
|upkeep
|turn|28
|
|t:|1666164520
|move|p1a: rotomwash|Hydro Pump|p2a: Landorus|[miss]
|-miss|p1a: rotomwash|p2a: Landorus
|move|p2a: Landorus|U-turn|p1a: rotomwash
|-damage|p1a: rotomwash|60/100 tox
|
|t:|1666164525
|switch|p2a: Clefable|Clefable, F|100/100 tox|[from]move: U-turn
|
|-heal|p1a: rotomwash|66/100 tox|[from] item: Leftovers
|-damage|p1a: rotomwash|54/100 tox|[from] psn
|upkeep
|turn|29
|
|t:|1666164526
|switch|p1a: Melmetal|Melmetal|33/100
|move|p2a: Clefable|Moonblast|p1a: Melmetal
|-resisted|p1a: Melmetal
|-damage|p1a: Melmetal|22/100
|
|upkeep
|turn|30
|
|t:|1666164528
|move|p2a: Clefable|Thunder|p1a: Melmetal
|-damage|p1a: Melmetal|7/100
|move|p1a: Melmetal|Double Iron Bash|p2a: Clefable
|-supereffective|p2a: Clefable
|-crit|p2a: Clefable
|-damage|p2a: Clefable|4/100 tox
|-supereffective|p2a: Clefable
|-damage|p2a: Clefable|0 fnt
|faint|p2a: Clefable
|-hitcount|p2: Clefable|2
|
|upkeep
|
|t:|1666164531
|switch|p2a: Tornadus|Tornadus-Therian, M|53/100
|turn|31
|
|t:|1666164532
|switch|p1a: Weavile|Weavile, F|100/100
|-ability|p1a: Weavile|Pressure
|move|p2a: Tornadus|Knock Off|p1a: Weavile
|-resisted|p1a: Weavile
|-damage|p1a: Weavile|84/100
|-enditem|p1a: Weavile|Choice Band|[from] move: Knock Off|[of] p2a: Tornadus
|
|upkeep
|turn|32
|
|t:|1666164536
|switch|p2a: Slowbro|Slowbro, F|84/100
|-damage|p2a: Slowbro|72/100|[from] Stealth Rock
|move|p1a: Weavile|Knock Off|p2a: Slowbro
|-supereffective|p2a: Slowbro
|-damage|p2a: Slowbro|20/100
|-damage|p1a: Weavile|67/100|[from] item: Rocky Helmet|[of] p2a: Slowbro
|-enditem|p2a: Slowbro|Rocky Helmet|[from] move: Knock Off|[of] p1a: Weavile
|
|upkeep
|turn|33
|
|t:|1666164539
|switch|p2a: Landorus|Landorus-Therian, M|42/100
|-damage|p2a: Landorus|30/100|[from] Stealth Rock
|-ability|p2a: Landorus|Intimidate|boost
|-unboost|p1a: Weavile|atk|1
|move|p1a: Weavile|Knock Off|p2a: Landorus
|-damage|p2a: Landorus|0 fnt
|-enditem|p2a: Landorus|Leftovers|[from] move: Knock Off|[of] p1a: Weavile
|faint|p2a: Landorus
|
|upkeep
|
|t:|1666164541
|switch|p2a: Kartana|Kartana|100/100
|-damage|p2a: Kartana|94/100|[from] Stealth Rock
|turn|34
|
|t:|1666164544
|switch|p2a: Tornadus|Tornadus-Therian, M|86/100
|switch|p1a: Tangrowth|Tangrowth, F|100/100
|
|upkeep
|turn|35
|
|t:|1666164549
|switch|p1a: rotomwash|Rotom-Wash|54/100 tox
|move|p2a: Tornadus|Hurricane|p1a: rotomwash
|-resisted|p1a: rotomwash
|-damage|p1a: rotomwash|33/100 tox
|
|-heal|p1a: rotomwash|40/100 tox|[from] item: Leftovers
|-damage|p1a: rotomwash|33/100 tox|[from] psn
|upkeep
|turn|36
|
|t:|1666164552
|move|p2a: Tornadus|Defog|p1a: rotomwash
|-unboost|p1a: rotomwash|evasion|1
|-sideend|p2: Amane Misa|Stealth Rock|[from] move: Defog|[of] p2a: Tornadus
|move|p1a: rotomwash|Thunderbolt|p2a: Tornadus
|-supereffective|p2a: Tornadus
|-damage|p2a: Tornadus|10/100
|
|-heal|p1a: rotomwash|40/100 tox|[from] item: Leftovers
|-damage|p1a: rotomwash|27/100 tox|[from] psn
|upkeep
|turn|37
|
|t:|1666164554
|move|p2a: Tornadus|U-turn|p1a: rotomwash
|-damage|p1a: rotomwash|13/100 tox
|
|t:|1666164557
|switch|p2a: Slowbro|Slowbro, F|53/100|[from]move: U-turn
|move|p1a: rotomwash|Thunderbolt|p2a: Slowbro
|-supereffective|p2a: Slowbro
|-damage|p2a: Slowbro|0 fnt
|faint|p2a: Slowbro
|
|-heal|p1a: rotomwash|19/100 tox|[from] item: Leftovers
|-damage|p1a: rotomwash|0 fnt|[from] psn
|faint|p1a: rotomwash
|upkeep
|
|t:|1666164559
|switch|p1a: Weavile|Weavile, F|67/100
|switch|p2a: Kartana|Kartana|94/100
|-ability|p1a: Weavile|Pressure
|turn|38
|
|t:|1666164562
|switch|p1a: Tangrowth|Tangrowth, F|100/100
|move|p2a: Kartana|Sacred Sword|p1a: Tangrowth
|-damage|p1a: Tangrowth|81/100
|-damage|p2a: Kartana|78/100|[from] item: Rocky Helmet|[of] p1a: Tangrowth
|
|upkeep
|turn|39
|
|t:|1666164564
|switch|p2a: Tornadus|Tornadus-Therian, M|43/100
|move|p1a: Tangrowth|Giga Drain|p2a: Tornadus
|-resisted|p2a: Tornadus
|-damage|p2a: Tornadus|29/100
|-heal|p1a: Tangrowth|87/100|[from] drain|[of] p2a: Tornadus
|
|upkeep
|turn|40
|
|t:|1666164567
|switch|p1a: Melmetal|Melmetal|7/100
|move|p2a: Tornadus|U-turn|p1a: Melmetal
|-resisted|p1a: Melmetal
|-damage|p1a: Melmetal|2/100
|
|t:|1666164569
|switch|p2a: Kartana|Kartana|78/100|[from]move: U-turn
|
|upkeep
|turn|41
|
|t:|1666164571
|switch|p1a: Tangrowth|Tangrowth, F|100/100
|move|p2a: Kartana|Knock Off|p1a: Tangrowth
|-damage|p1a: Tangrowth|77/100
|-damage|p2a: Kartana|61/100|[from] item: Rocky Helmet|[of] p1a: Tangrowth
|-enditem|p1a: Tangrowth|Rocky Helmet|[from] move: Knock Off|[of] p2a: Kartana
|
|upkeep
|turn|42
|
|t:|1666164573
|switch|p2a: Tornadus|Tornadus-Therian, M|62/100
|switch|p1a: Weavile|Weavile, F|67/100
|-ability|p1a: Weavile|Pressure
|
|upkeep
|turn|43
|
|t:|1666164575
|move|p1a: Weavile|Knock Off|p2a: Tornadus
|-damage|p2a: Tornadus|5/100
|-enditem|p2a: Tornadus|Heavy-Duty Boots|[from] move: Knock Off|[of] p1a: Weavile
|move|p2a: Tornadus|Hurricane|p1a: Weavile|[miss]
|-miss|p2a: Tornadus|p1a: Weavile
|
|upkeep
|turn|44
|-message|Amane Misa forfeited.
|
|win|minimax_ai
|raw|minimax_ai's rating: 1575 &rarr; <strong>1597</strong><br />(+22 for winning)
|raw|Amane Misa's rating: 1602 &rarr; <strong>1580</strong><br />(-22 for losing)
|c|☆minimax_ai|gg
|l|☆Amane Misa
