|j|☆michaelscottmyers
|j|☆Geenobe
|t:|1665150554
|gametype|singles
|player|p1|michaelscottmyers|169|1822
|player|p2|Geenobe|102|1734
|teamsize|p1|6
|teamsize|p2|6
|gen|8
|tier|[Gen 8] OU
|rated|
|rule|Sleep Clause Mod: Limit one foe put to sleep
|rule|Species Clause: Limit one of each Pokémon
|rule|OHKO Clause: OHKO moves are banned
|rule|Evasion Items Clause: Evasion items are banned
|rule|Evasion Moves Clause: Evasion moves are banned
|rule|Endless Battle Clause: Forcing endless battles is banned
|rule|HP Percentage Mod: HP is shown in percentages
|rule|Dynamax Clause: You cannot dynamax
|clearpoke
|poke|p1|Garchomp, F|
|poke|p1|Tornadus-Therian, M|
|poke|p1|Ninetales-Alola, M|
|poke|p1|Ferrothorn, F|
|poke|p1|Weavile, F|
|poke|p1|Volcanion|
|poke|p2|Buzzwole|
|poke|p2|Slowking-Galar, M|
|poke|p2|Corviknight, F|
|poke|p2|Zeraora|
|poke|p2|Weavile, M|
|poke|p2|Tapu Fini|
|teampreview
|inactive|Battle timer is ON: inactive players will automatically lose when time's up. (requested by michaelscottmyers)
|
|t:|1665150575
|start
|switch|p1a: Tornadus|Tornadus-Therian, M, shiny|100/100
|switch|p2a: Slowking|Slowking-Galar, M|100/100
|turn|1
|
|t:|1665150584
|switch|p2a: Corviknight|Corviknight, F|100/100
|-ability|p2a: Corviknight|Pressure
|move|p1a: Tornadus|U-turn|p2a: Corviknight
|-resisted|p2a: Corviknight
|-damage|p2a: Corviknight|98/100
|
|t:|1665150597
|switch|p1a: Ferrothorn|Ferrothorn, F|100/100|[from]move: U-turn
|
|-heal|p2a: Corviknight|100/100|[from] item: Leftovers
|upkeep
|turn|2
|
|t:|1665150607
|switch|p2a: Slowking|Slowking-Galar, M|100/100
|move|p1a: Ferrothorn|Thunder Wave|p2a: Slowking
|-status|p2a: Slowking|par
|
|upkeep
|turn|3
|
|t:|1665150620
|switch|p1a: Tornadus|Tornadus-Therian, M, shiny|100/100
|move|p2a: Slowking|Future Sight|p1a: Tornadus
|-start|p2a: Slowking|move: Future Sight
|
|upkeep
|turn|4
|
|t:|1665150632
|switch|p2a: Zeraora|Zeraora|100/100
|move|p1a: Tornadus|U-turn|p2a: Zeraora
|-damage|p2a: Zeraora|82/100
|
|t:|1665150638
|switch|p1a: Garchomp|Garchomp, F, shiny|100/100|[from]move: U-turn
|
|upkeep
|turn|5
|
|t:|1665150655
|switch|p2a: Buzzwole|Buzzwole|100/100
|switch|p1a: Weavile|Weavile, F|100/100
|-ability|p1a: Weavile|Pressure
|
|-end|p1a: Weavile|move: Future Sight
|-immune|p1a: Weavile
|upkeep
|turn|6
|
|t:|1665150670
|switch|p1a: Tornadus|Tornadus-Therian, M, shiny|100/100
|move|p2a: Buzzwole|Close Combat|p1a: Tornadus
|-resisted|p1a: Tornadus
|-damage|p1a: Tornadus|74/100
|-unboost|p2a: Buzzwole|def|1
|-unboost|p2a: Buzzwole|spd|1
|
|upkeep
|turn|7
|
|t:|1665150677
|switch|p2a: Slowking|Slowking-Galar, M|100/100 par
|move|p1a: Tornadus|U-turn|p2a: Slowking
|-damage|p2a: Slowking|86/100 par
|
|t:|1665150684
|switch|p1a: Garchomp|Garchomp, F, shiny|100/100|[from]move: U-turn
|
|upkeep
|turn|8
|
|t:|1665150691
|switch|p2a: Buzzwole|Buzzwole|100/100
|move|p1a: Garchomp|Substitute|p1a: Garchomp
|-start|p1a: Garchomp|Substitute
|-damage|p1a: Garchomp|76/100
|
|-heal|p1a: Garchomp|82/100|[from] item: Leftovers
|upkeep
|turn|9
|
|t:|1665150697
|move|p1a: Garchomp|Scale Shot|p2a: Buzzwole
|-damage|p2a: Buzzwole|92/100
|-damage|p2a: Buzzwole|83/100
|-hitcount|p2a: Buzzwole|2
|-unboost|p1a: Garchomp|def|1
|-boost|p1a: Garchomp|spe|1
|move|p2a: Buzzwole|Ice Punch|p1a: Garchomp
|-supereffective|p1a: Garchomp
|-end|p1a: Garchomp|Substitute
|
|-heal|p1a: Garchomp|88/100|[from] item: Leftovers
|upkeep
|turn|10
|j| igna_2301
|
|t:|1665150711
|switch|p1a: Volcanion|Volcanion|100/100
|move|p2a: Buzzwole|Ice Punch|p1a: Volcanion
|-resisted|p1a: Volcanion
|-damage|p1a: Volcanion|95/100
|
|upkeep
|turn|11
|
|t:|1665150719
|switch|p2a: Slowking|Slowking-Galar, M|100/100 par
|move|p1a: Volcanion|Steam Eruption|p2a: Slowking
|-damage|p2a: Slowking|71/100 par
|
|upkeep
|turn|12
|l| igna_2301
|
|t:|1665150734
|switch|p1a: Tornadus|Tornadus-Therian, M, shiny|100/100
|move|p2a: Slowking|Future Sight|p1a: Tornadus
|-start|p2a: Slowking|move: Future Sight
|
|upkeep
|turn|13
|
|t:|1665150752
|switch|p2a: Zeraora|Zeraora|82/100
|move|p1a: Tornadus|U-turn|p2a: Zeraora
|-damage|p2a: Zeraora|64/100
|inactive|michaelscottmyers has 120 seconds left.
|
|t:|1665150782
|switch|p1a: Ferrothorn|Ferrothorn, F|100/100|[from]move: U-turn
|
|upkeep
|turn|14
|
|t:|1665150790
|move|p2a: Zeraora|Close Combat|p1a: Ferrothorn
|-supereffective|p1a: Ferrothorn
|-damage|p1a: Ferrothorn|38/100
|-unboost|p2a: Zeraora|def|1
|-unboost|p2a: Zeraora|spd|1
|-damage|p2a: Zeraora|52/100|[from] ability: Iron Barbs|[of] p1a: Ferrothorn
|move|p1a: Ferrothorn|Knock Off|p2a: Zeraora
|-damage|p2a: Zeraora|9/100
|-enditem|p2a: Zeraora|Heavy-Duty Boots|[from] move: Knock Off|[of] p1a: Ferrothorn
|
|-end|p1a: Ferrothorn|move: Future Sight
|-resisted|p1a: Ferrothorn
|-damage|p1a: Ferrothorn|23/100
|-heal|p1a: Ferrothorn|29/100|[from] item: Leftovers
|upkeep
|turn|15
|inactive|michaelscottmyers has 120 seconds left.
|
|t:|1665150810
|switch|p2a: Buzzwole|Buzzwole|83/100
|move|p1a: Ferrothorn|Knock Off|p2a: Buzzwole
|-resisted|p2a: Buzzwole
|-damage|p2a: Buzzwole|76/100
|-damage|p1a: Ferrothorn|12/100|[from] item: Rocky Helmet|[of] p2a: Buzzwole
|-enditem|p2a: Buzzwole|Rocky Helmet|[from] move: Knock Off|[of] p1a: Ferrothorn
|
|-heal|p1a: Ferrothorn|19/100|[from] item: Leftovers
|upkeep
|turn|16
|inactive|michaelscottmyers has 120 seconds left.
|
|t:|1665150820
|switch|p1a: Tornadus|Tornadus-Therian, M, shiny|100/100
|move|p2a: Buzzwole|Leech Life|p1a: Tornadus
|-resisted|p1a: Tornadus
|-crit|p1a: Tornadus
|-damage|p1a: Tornadus|75/100
|-heal|p2a: Buzzwole|88/100|[from] drain|[of] p1a: Tornadus
|
|upkeep
|turn|17
|
|t:|1665150828
|switch|p2a: Slowking|Slowking-Galar, M|100/100 par
|move|p1a: Tornadus|Hurricane|p2a: Slowking|[miss]
|-miss|p1a: Tornadus|p2a: Slowking
|
|upkeep
|turn|18
|
|t:|1665150833
|move|p1a: Tornadus|U-turn|p2a: Slowking
|-damage|p2a: Slowking|85/100 par
|
|t:|1665150835
|switch|p1a: Weavile|Weavile, F|100/100|[from]move: U-turn
|-ability|p1a: Weavile|Pressure
|move|p2a: Slowking|Future Sight|p1a: Weavile
|-start|p2a: Slowking|move: Future Sight
|
|upkeep
|turn|19
|
|t:|1665150844
|switch|p2a: Buzzwole|Buzzwole|88/100
|move|p1a: Weavile|Knock Off|p2a: Buzzwole
|-resisted|p2a: Buzzwole
|-damage|p2a: Buzzwole|71/100
|
|upkeep
|turn|20
|
|t:|1665150851
|switch|p1a: Tornadus|Tornadus-Therian, M, shiny|100/100
|move|p2a: Buzzwole|Close Combat|p1a: Tornadus
|-resisted|p1a: Tornadus
|-damage|p1a: Tornadus|75/100
|-unboost|p2a: Buzzwole|def|1
|-unboost|p2a: Buzzwole|spd|1
|
|-end|p1a: Tornadus|move: Future Sight
|-damage|p1a: Tornadus|23/100
|upkeep
|turn|21
|
|t:|1665150865
|switch|p2a: Weavile|Weavile, M|100/100
|-ability|p2a: Weavile|Pressure
|move|p1a: Tornadus|U-turn|p2a: Weavile
|-supereffective|p2a: Weavile
|-damage|p2a: Weavile|48/100
|
|t:|1665150879
|switch|p1a: Ninetales|Ninetales-Alola, M, shiny|100/100|[from]move: U-turn
|-weather|Hail|[from] ability: Snow Warning|[of] p1a: Ninetales
|
|-weather|Hail|[upkeep]
|upkeep
|turn|22
|
|t:|1665150885
|switch|p2a: Slowking|Slowking-Galar, M|100/100 par
|move|p1a: Ninetales|Aurora Veil|p1a: Ninetales
|-sidestart|p1: michaelscottmyers|move: Aurora Veil
|
|-weather|Hail|[upkeep]
|-damage|p2a: Slowking|94/100 par|[from] Hail
|upkeep
|turn|23
|
|t:|1665150902
|switch|p1a: Tornadus|Tornadus-Therian, M, shiny|56/100
|move|p2a: Slowking|Future Sight|p1a: Tornadus
|-start|p2a: Slowking|move: Future Sight
|
|-weather|Hail|[upkeep]
|-damage|p1a: Tornadus|50/100|[from] Hail
|-damage|p2a: Slowking|88/100 par|[from] Hail
|upkeep
|turn|24
|
|t:|1665150909
|move|p1a: Tornadus|U-turn|p2a: Slowking
|-crit|p2a: Slowking
|-damage|p2a: Slowking|65/100 par
|
|t:|1665150911
|switch|p1a: Weavile|Weavile, F|100/100|[from]move: U-turn
|-ability|p1a: Weavile|Pressure
|move|p2a: Slowking|Sludge Bomb|p1a: Weavile
|-damage|p1a: Weavile|77/100
|-status|p1a: Weavile|psn
|
|-weather|Hail|[upkeep]
|-damage|p2a: Slowking|59/100 par|[from] Hail
|-damage|p1a: Weavile|64/100 psn|[from] psn
|upkeep
|turn|25
|
|t:|1665150922
|switch|p2a: Buzzwole|Buzzwole|71/100
|move|p1a: Weavile|Triple Axel|p2a: Buzzwole
|-damage|p2a: Buzzwole|61/100
|-damage|p2a: Buzzwole|43/100
|-damage|p2a: Buzzwole|11/100
|-hitcount|p2a: Buzzwole|3
|
|-weather|none
|-end|p1a: Weavile|move: Future Sight
|-immune|p1a: Weavile
|-damage|p1a: Weavile|52/100 psn|[from] psn
|upkeep
|turn|26
|
|t:|1665150939
|switch|p1a: Volcanion|Volcanion|95/100
|switch|p2a: Corviknight|Corviknight, F|100/100
|-ability|p2a: Corviknight|Pressure
|
|upkeep
|turn|27
|
|t:|1665150950
|switch|p2a: Slowking|Slowking-Galar, M|93/100 par
|move|p1a: Volcanion|Earth Power|p2a: Slowking
|-supereffective|p2a: Slowking
|-damage|p2a: Slowking|63/100 par
|
|upkeep
|turn|28
|
|t:|1665150973
|switch|p1a: Garchomp|Garchomp, F, shiny|88/100
|move|p2a: Slowking|Future Sight|p1a: Garchomp
|-start|p2a: Slowking|move: Future Sight
|
|-heal|p1a: Garchomp|94/100|[from] item: Leftovers
|upkeep
|turn|29
|
|t:|1665150985
|switch|p1a: Volcanion|Volcanion|95/100
|switch|p2a: Tapu Fini|Tapu Fini|100/100
|-fieldstart|move: Misty Terrain|[from] ability: Misty Surge|[of] p2a: Tapu Fini
|
|-sideend|p1: michaelscottmyers|move: Aurora Veil
|upkeep
|turn|30
|
|t:|1665151006
|move|p2a: Tapu Fini|Draining Kiss|p1a: Volcanion
|-resisted|p1a: Volcanion
|-damage|p1a: Volcanion|90/100
|move|p1a: Volcanion|Sludge Wave|p2a: Tapu Fini
|-supereffective|p2a: Tapu Fini
|-damage|p2a: Tapu Fini|44/100
|
|-end|p1a: Volcanion|move: Future Sight
|-damage|p1a: Volcanion|57/100
|-heal|p2a: Tapu Fini|50/100|[from] item: Leftovers
|upkeep
|turn|31
|
|t:|1665151019
|switch|p2a: Slowking|Slowking-Galar, M|96/100 par
|switch|p1a: Weavile|Weavile, F|52/100 psn
|-ability|p1a: Weavile|Pressure
|
|-damage|p1a: Weavile|40/100 psn|[from] psn
|upkeep
|turn|32
|
|t:|1665151032
|switch|p2a: Corviknight|Corviknight, F|100/100
|-ability|p2a: Corviknight|Pressure
|move|p1a: Weavile|Triple Axel|p2a: Corviknight|[miss]
|-miss|p1a: Weavile|p2a: Corviknight
|
|-damage|p1a: Weavile|27/100 psn|[from] psn
|upkeep
|turn|33
|
|t:|1665151054
|switch|p1a: Tornadus|Tornadus-Therian, M, shiny|83/100
|move|p2a: Corviknight|U-turn|p1a: Tornadus
|-resisted|p1a: Tornadus
|-damage|p1a: Tornadus|78/100
|
|t:|1665151061
|switch|p2a: Zeraora|Zeraora|9/100|[from]move: U-turn
|
|-fieldend|Misty Terrain
|upkeep
|turn|34
|j| amstan (-_-)
|
|t:|1665151066
|switch|p2a: Buzzwole|Buzzwole|11/100
|switch|p1a: Ferrothorn|Ferrothorn, F|19/100
|
|-heal|p1a: Ferrothorn|25/100|[from] item: Leftovers
|upkeep
|turn|35
|l| amstan (-_-)
|
|t:|1665151073
|switch|p1a: Tornadus|Tornadus-Therian, M, shiny|100/100
|move|p2a: Buzzwole|Roost|p2a: Buzzwole
|-heal|p2a: Buzzwole|62/100
|-singleturn|p2a: Buzzwole|move: Roost
|
|upkeep
|turn|36
|
|t:|1665151083
|switch|p2a: Slowking|Slowking-Galar, M|100/100 par
|move|p1a: Tornadus|U-turn|p2a: Slowking
|-damage|p2a: Slowking|86/100 par
|
|t:|1665151088
|switch|p1a: Garchomp|Garchomp, F, shiny|94/100|[from]move: U-turn
|
|-heal|p1a: Garchomp|99/100|[from] item: Leftovers
|upkeep
|turn|37
|
|t:|1665151092
|switch|p2a: Buzzwole|Buzzwole|62/100
|move|p1a: Garchomp|Substitute|p1a: Garchomp
|-start|p1a: Garchomp|Substitute
|-damage|p1a: Garchomp|75/100
|
|-heal|p1a: Garchomp|82/100|[from] item: Leftovers
|upkeep
|turn|38
|
|t:|1665151099
|move|p1a: Garchomp|Scale Shot|p2a: Buzzwole
|-damage|p2a: Buzzwole|52/100
|-damage|p2a: Buzzwole|42/100
|-hitcount|p2a: Buzzwole|2
|-unboost|p1a: Garchomp|def|1
|-boost|p1a: Garchomp|spe|1
|move|p2a: Buzzwole|Roost|p2a: Buzzwole
|-heal|p2a: Buzzwole|93/100
|-singleturn|p2a: Buzzwole|move: Roost
|
|-heal|p1a: Garchomp|88/100|[from] item: Leftovers
|upkeep
|turn|39
|
|t:|1665151113
|switch|p1a: Tornadus|Tornadus-Therian, M, shiny|100/100
|move|p2a: Buzzwole|Leech Life|p1a: Tornadus
|-resisted|p1a: Tornadus
|-damage|p1a: Tornadus|81/100
|-heal|p2a: Buzzwole|100/100|[from] drain|[of] p1a: Tornadus
|
|upkeep
|turn|40
|
|t:|1665151122
|switch|p2a: Slowking|Slowking-Galar, M|100/100 par
|move|p1a: Tornadus|Hurricane|p2a: Slowking|[miss]
|-miss|p1a: Tornadus|p2a: Slowking
|
|upkeep
|turn|41
|
|t:|1665151131
|move|p1a: Tornadus|U-turn|p2a: Slowking
|-damage|p2a: Slowking|85/100 par
|
|t:|1665151133
|switch|p1a: Weavile|Weavile, F|27/100 psn|[from]move: U-turn
|-ability|p1a: Weavile|Pressure
|move|p2a: Slowking|Future Sight|p1a: Weavile
|-start|p2a: Slowking|move: Future Sight
|
|-damage|p1a: Weavile|15/100 psn|[from] psn
|upkeep
|turn|42
|j| ditsy
|
|t:|1665151142
|switch|p2a: Buzzwole|Buzzwole|100/100
|move|p1a: Weavile|Triple Axel|p2a: Buzzwole
|-damage|p2a: Buzzwole|91/100
|-hitcount|p2a: Buzzwole|1
|
|-damage|p1a: Weavile|2/100 psn|[from] psn
|upkeep
|turn|43
|
|t:|1665151150
|move|p1a: Weavile|Triple Axel|p2a: Buzzwole|[miss]
|-miss|p1a: Weavile|p2a: Buzzwole
|move|p2a: Buzzwole|Roost|p2a: Buzzwole
|-heal|p2a: Buzzwole|100/100
|-singleturn|p2a: Buzzwole|move: Roost
|
|-end|p1a: Weavile|move: Future Sight
|-immune|p1a: Weavile
|-damage|p1a: Weavile|0 fnt|[from] psn
|faint|p1a: Weavile
|upkeep
|
|t:|1665151166
|switch|p1a: Volcanion|Volcanion|57/100
|turn|44
|
|t:|1665151175
|switch|p2a: Slowking|Slowking-Galar, M|100/100 par
|switch|p1a: Garchomp|Garchomp, F, shiny|88/100
|
|-heal|p1a: Garchomp|94/100|[from] item: Leftovers
|upkeep
|turn|45
|
|t:|1665151187
|switch|p1a: Tornadus|Tornadus-Therian, M, shiny|100/100
|switch|p2a: Buzzwole|Buzzwole|100/100
|
|upkeep
|turn|46
|
|t:|1665151194
|switch|p2a: Slowking|Slowking-Galar, M|100/100 par
|move|p1a: Tornadus|U-turn|p2a: Slowking
|-damage|p2a: Slowking|87/100 par
|
|t:|1665151198
|switch|p1a: Ninetales|Ninetales-Alola, M, shiny|100/100|[from]move: U-turn
|-weather|Hail|[from] ability: Snow Warning|[of] p1a: Ninetales
|
|-weather|Hail|[upkeep]
|-damage|p2a: Slowking|80/100 par|[from] Hail
|upkeep
|turn|47
|
|t:|1665151206
|move|p1a: Ninetales|Aurora Veil|p1a: Ninetales
|-sidestart|p1: michaelscottmyers|move: Aurora Veil
|move|p2a: Slowking|Sludge Bomb|p1a: Ninetales
|-supereffective|p1a: Ninetales
|-damage|p1a: Ninetales|57/100
|
|-weather|Hail|[upkeep]
|-damage|p2a: Slowking|74/100 par|[from] Hail
|upkeep
|turn|48
|l| ditsy
|
|t:|1665151213
|switch|p1a: Garchomp|Garchomp, F, shiny|94/100
|move|p2a: Slowking|Future Sight|p1a: Garchomp
|-start|p2a: Slowking|move: Future Sight
|
|-weather|Hail|[upkeep]
|-damage|p1a: Garchomp|88/100|[from] Hail
|-damage|p2a: Slowking|68/100 par|[from] Hail
|-heal|p1a: Garchomp|94/100|[from] item: Leftovers
|upkeep
|turn|49
|
|t:|1665151221
|switch|p2a: Buzzwole|Buzzwole|100/100
|move|p1a: Garchomp|Swords Dance|p1a: Garchomp
|-boost|p1a: Garchomp|atk|2
|
|-weather|Hail|[upkeep]
|-damage|p1a: Garchomp|88/100|[from] Hail
|-damage|p2a: Buzzwole|94/100|[from] Hail
|-heal|p1a: Garchomp|94/100|[from] item: Leftovers
|upkeep
|turn|50
|
|t:|1665151229
|move|p1a: Garchomp|Swords Dance|p1a: Garchomp
|-boost|p1a: Garchomp|atk|2
|move|p2a: Buzzwole|Ice Punch|p1a: Garchomp
|-supereffective|p1a: Garchomp
|-damage|p1a: Garchomp|41/100
|-damage|p2a: Buzzwole|82/100|[from] ability: Rough Skin|[of] p1a: Garchomp
|
|-weather|none
|-end|p1a: Garchomp|move: Future Sight
|-damage|p1a: Garchomp|12/100
|-heal|p1a: Garchomp|18/100|[from] item: Leftovers
|upkeep
|turn|51
|
|t:|1665151239
|switch|p2a: Corviknight|Corviknight, F|100/100
|-ability|p2a: Corviknight|Pressure
|move|p1a: Garchomp|Scale Shot|p2a: Corviknight
|-resisted|p2a: Corviknight
|-damage|p2a: Corviknight|88/100
|-resisted|p2a: Corviknight
|-damage|p2a: Corviknight|76/100
|-hitcount|p2a: Corviknight|2
|-unboost|p1a: Garchomp|def|1
|-boost|p1a: Garchomp|spe|1
|
|-heal|p1a: Garchomp|24/100|[from] item: Leftovers
|-heal|p2a: Corviknight|82/100|[from] item: Leftovers
|upkeep
|turn|52
|
|t:|1665151253
|move|p1a: Garchomp|Scale Shot|p2a: Corviknight
|-resisted|p2a: Corviknight
|-damage|p2a: Corviknight|69/100
|-resisted|p2a: Corviknight
|-damage|p2a: Corviknight|57/100
|-resisted|p2a: Corviknight
|-damage|p2a: Corviknight|44/100
|-hitcount|p2a: Corviknight|3
|-unboost|p1a: Garchomp|def|1
|-boost|p1a: Garchomp|spe|1
|move|p2a: Corviknight|Brave Bird|p1a: Garchomp
|-damage|p1a: Garchomp|0 fnt
|-damage|p2a: Corviknight|31/100|[from] ability: Rough Skin|[of] p1a: Garchomp
|faint|p1a: Garchomp
|-damage|p2a: Corviknight|24/100|[from] Recoil
|
|-heal|p2a: Corviknight|30/100|[from] item: Leftovers
|upkeep
|
|t:|1665151276
|switch|p1a: Volcanion|Volcanion|57/100
|turn|53
|
|t:|1665151284
|switch|p1a: Ferrothorn|Ferrothorn, F|25/100
|switch|p2a: Slowking|Slowking-Galar, M|100/100 par
|
|-heal|p1a: Ferrothorn|31/100|[from] item: Leftovers
|upkeep
|turn|54
|
|t:|1665151293
|switch|p2a: Buzzwole|Buzzwole|82/100
|move|p1a: Ferrothorn|Leech Seed|p2a: Buzzwole
|-start|p2a: Buzzwole|move: Leech Seed
|
|-heal|p1a: Ferrothorn|37/100|[from] item: Leftovers
|-damage|p2a: Buzzwole|69/100|[from] Leech Seed|[of] p1a: Ferrothorn
|-heal|p1a: Ferrothorn|51/100|[silent]
|-sideend|p1: michaelscottmyers|move: Aurora Veil
|upkeep
|turn|55
|j| Palladiawa B
|
|t:|1665151304
|switch|p2a: Weavile|Weavile, M|48/100
|-ability|p2a: Weavile|Pressure
|switch|p1a: Tornadus|Tornadus-Therian, M, shiny|100/100
|
|upkeep
|turn|56
|
|t:|1665151316
|move|p2a: Weavile|Swords Dance|p2a: Weavile
|-boost|p2a: Weavile|atk|2
|move|p1a: Tornadus|U-turn|p2a: Weavile
|-supereffective|p2a: Weavile
|-damage|p2a: Weavile|0 fnt
|faint|p2a: Weavile
|
|t:|1665151329
|switch|p1a: Ninetales|Ninetales-Alola, M, shiny|57/100|[from]move: U-turn
|-weather|Hail|[from] ability: Snow Warning|[of] p1a: Ninetales
|
|-weather|Hail|[upkeep]
|upkeep
|
|t:|1665151340
|switch|p2a: Zeraora|Zeraora|9/100
|turn|57
|
|t:|1665151344
|switch|p1a: Ferrothorn|Ferrothorn, F|51/100
|move|p2a: Zeraora|Close Combat|p1a: Ferrothorn
|-supereffective|p1a: Ferrothorn
|-damage|p1a: Ferrothorn|0 fnt
|-unboost|p2a: Zeraora|def|1
|-unboost|p2a: Zeraora|spd|1
|-damage|p2a: Zeraora|0 fnt|[from] ability: Iron Barbs|[of] p1a: Ferrothorn
|faint|p1a: Ferrothorn
|faint|p2a: Zeraora
|
|-weather|Hail|[upkeep]
|upkeep
|
|t:|1665151356
|switch|p2a: Slowking|Slowking-Galar, M|100/100 par
|switch|p1a: Ninetales|Ninetales-Alola, M, shiny|57/100
|turn|58
|
|t:|1665151362
|move|p1a: Ninetales|Aurora Veil|p1a: Ninetales
|-sidestart|p1: michaelscottmyers|move: Aurora Veil
|move|p2a: Slowking|Sludge Bomb|p1a: Ninetales
|-supereffective|p1a: Ninetales
|-damage|p1a: Ninetales|11/100
|-status|p1a: Ninetales|psn
|
|-weather|Hail|[upkeep]
|-damage|p2a: Slowking|94/100 par|[from] Hail
|-damage|p1a: Ninetales|0 fnt|[from] psn
|faint|p1a: Ninetales
|upkeep
|
|t:|1665151373
|switch|p1a: Volcanion|Volcanion|57/100
|turn|59
|
|t:|1665151377
|move|p1a: Volcanion|Steam Eruption|p2a: Slowking|[miss]
|-miss|p1a: Volcanion|p2a: Slowking
|move|p2a: Slowking|Future Sight|p1a: Volcanion
|-start|p2a: Slowking|move: Future Sight
|
|-weather|Hail|[upkeep]
|-damage|p1a: Volcanion|50/100|[from] Hail
|-damage|p2a: Slowking|88/100 par|[from] Hail
|upkeep
|turn|60
|
|t:|1665151386
|switch|p1a: Tornadus|Tornadus-Therian, M, shiny|100/100
|move|p2a: Slowking|Earthquake|p1a: Tornadus
|-immune|p1a: Tornadus
|
|-weather|none
|upkeep
|turn|61
|
|t:|1665151393
|move|p1a: Tornadus|Hurricane|p2a: Slowking|[miss]
|-miss|p1a: Tornadus|p2a: Slowking
|move|p2a: Slowking|Sludge Bomb|p1a: Tornadus
|-damage|p1a: Tornadus|81/100
|
|-end|p1a: Tornadus|move: Future Sight
|-damage|p1a: Tornadus|54/100
|upkeep
|turn|62
|c|☆michaelscottmyers|wow
|
|t:|1665151402
|move|p1a: Tornadus|Hurricane|p2a: Slowking|[miss]
|-miss|p1a: Tornadus|p2a: Slowking
|move|p2a: Slowking|Future Sight|p1a: Tornadus
|-start|p2a: Slowking|move: Future Sight
|
|upkeep
|turn|63
|
|t:|1665151408
|move|p1a: Tornadus|U-turn|p2a: Slowking
|-damage|p2a: Slowking|73/100 par
|
|t:|1665151410
|switch|p1a: Volcanion|Volcanion|50/100|[from]move: U-turn
|move|p2a: Slowking|Sludge Bomb|p1a: Volcanion
|-damage|p1a: Volcanion|37/100
|
|upkeep
|turn|64
|
|t:|1665151418
|switch|p1a: Tornadus|Tornadus-Therian, M, shiny|87/100
|move|p2a: Slowking|Sludge Bomb|p1a: Tornadus
|-damage|p1a: Tornadus|69/100
|
|-end|p1a: Tornadus|move: Future Sight
|-damage|p1a: Tornadus|42/100
|upkeep
|turn|65
|c|☆Geenobe|Greatest slowking I’ve ever known
|
|t:|1665151432
|move|p1a: Tornadus|Hurricane|p2a: Slowking
|-damage|p2a: Slowking|56/100 par
|move|p2a: Slowking|Future Sight|p1a: Tornadus
|-start|p2a: Slowking|move: Future Sight
|
|-sideend|p1: michaelscottmyers|move: Aurora Veil
|upkeep
|turn|66
|c|☆michaelscottmyers|yh aha
|
|t:|1665151440
|move|p1a: Tornadus|U-turn|p2a: Slowking
|-damage|p2a: Slowking|42/100 par
|
|t:|1665151442
|switch|p1a: Volcanion|Volcanion|37/100|[from]move: U-turn
|move|p2a: Slowking|Sludge Bomb|p1a: Volcanion
|-damage|p1a: Volcanion|11/100
|-status|p1a: Volcanion|psn
|
|-damage|p1a: Volcanion|0 fnt|[from] psn
|faint|p1a: Volcanion
|upkeep
|
|t:|1665151450
|switch|p1a: Tornadus|Tornadus-Therian, M, shiny|75/100
|turn|67
|c|☆Geenobe|Actually ngl I’m so lucky. Not once fully parad
|
|t:|1665151464
|move|p1a: Tornadus|Hurricane|p2a: Slowking
|-damage|p2a: Slowking|24/100 par
|cant|p2a: Slowking|par
|
|-end|p1a: Tornadus|move: Future Sight
|-damage|p1a: Tornadus|21/100
|upkeep
|turn|68
|c|☆Geenobe|Oh lol
|
|t:|1665151472
|move|p1a: Tornadus|Hurricane|p2a: Slowking
|-damage|p2a: Slowking|5/100 par
|move|p2a: Slowking|Sludge Bomb|p1a: Tornadus
|-damage|p1a: Tornadus|0 fnt
|faint|p1a: Tornadus
|
|win|Geenobe
|raw|michaelscottmyers's rating: 1822 &rarr; <strong>1797</strong><br />(-25 for losing)
|raw|Geenobe's rating: 1734 &rarr; <strong>1759</strong><br />(+25 for winning)
|c|☆Geenobe|gg?
