|j|☆egal★vanc
|j|☆j_albacino023
|t:|1659393349
|gametype|singles
|player|p1|egal★vanc|schoolkid|1802
|player|p2|j_albacino023|102|1763
|teamsize|p1|6
|teamsize|p2|6
|gen|8
|tier|[Gen 8] OU
|rated|
|rule|Sleep Clause Mod: Limit one foe put to sleep
|rule|Species Clause: Limit one of each Pokémon
|rule|OHKO Clause: OHKO moves are banned
|rule|Evasion Moves Clause: Evasion moves are banned
|rule|Endless Battle Clause: Forcing endless battles is banned
|rule|HP Percentage Mod: HP is shown in percentages
|rule|Dynamax Clause: You cannot dynamax
|clearpoke
|poke|p1|Chansey, F|
|poke|p1|Ditto|
|poke|p1|Corviknight, M|
|poke|p1|Toxapex, M|
|poke|p1|Umbreon, F|
|poke|p1|Stunfisk, M|
|poke|p2|Tapu Koko|
|poke|p2|Ferrothorn, M|
|poke|p2|Landorus-Therian, M|
|poke|p2|Melmetal|
|poke|p2|Dragapult, M|
|poke|p2|Dragonite, M|
|teampreview
|inactive|Battle timer is ON: inactive players will automatically lose when time's up. (requested by egal★vanc)
|
|t:|1659393360
|start
|switch|p1a: tu ex|Stunfisk, M, shiny|100/100
|switch|p2a: Ferrothorn|Ferrothorn, M|100/100
|turn|1
|c|☆egal★vanc|hey
|c|☆egal★vanc|were are u from
|
|t:|1659393368
|switch|p1a: HAMBRE SANGRE|Corviknight, M|100/100
|-ability|p1a: HAMBRE SANGRE|Pressure
|move|p2a: Ferrothorn|Knock Off|p1a: HAMBRE SANGRE
|-damage|p1a: HAMBRE SANGRE|86/100
|-enditem|p1a: HAMBRE SANGRE|Shed Shell|[from] move: Knock Off|[of] p2a: Ferrothorn
|
|upkeep
|turn|2
|
|t:|1659393372
|move|p1a: HAMBRE SANGRE|Body Press|p2a: Ferrothorn
|-supereffective|p2a: Ferrothorn
|-damage|p2a: Ferrothorn|69/100
|-damage|p1a: HAMBRE SANGRE|73/100|[from] ability: Iron Barbs|[of] p2a: Ferrothorn
|move|p2a: Ferrothorn|Stealth Rock|p1a: HAMBRE SANGRE
|-sidestart|p1: egal★vanc|move: Stealth Rock
|
|-heal|p2a: Ferrothorn|75/100|[from] item: Leftovers
|upkeep
|turn|3
|j| gssagssagssag
|l| gssagssagssag
|
|t:|1659393380
|move|p1a: HAMBRE SANGRE|Defog|p2a: Ferrothorn
|-unboost|p2a: Ferrothorn|evasion|1
|-sideend|p1: egal★vanc|Stealth Rock|[from] move: Defog|[of] p1a: HAMBRE SANGRE
|move|p2a: Ferrothorn|Leech Seed|p1a: HAMBRE SANGRE
|-start|p1a: HAMBRE SANGRE|move: Leech Seed
|
|-heal|p2a: Ferrothorn|81/100|[from] item: Leftovers
|-damage|p1a: HAMBRE SANGRE|61/100|[from] Leech Seed|[of] p2a: Ferrothorn
|-heal|p2a: Ferrothorn|95/100|[silent]
|upkeep
|turn|4
|
|t:|1659393382
|move|p1a: HAMBRE SANGRE|Roost|p1a: HAMBRE SANGRE
|-heal|p1a: HAMBRE SANGRE|100/100
|-singleturn|p1a: HAMBRE SANGRE|move: Roost
|move|p2a: Ferrothorn|Stealth Rock|p1a: HAMBRE SANGRE
|-sidestart|p1: egal★vanc|move: Stealth Rock
|
|-heal|p2a: Ferrothorn|100/100|[from] item: Leftovers
|-damage|p1a: HAMBRE SANGRE|88/100|[from] Leech Seed|[of] p2a: Ferrothorn
|upkeep
|turn|5
|
|t:|1659393392
|switch|p2a: Tapu Koko|Tapu Koko|100/100
|-fieldstart|move: Electric Terrain|[from] ability: Electric Surge|[of] p2a: Tapu Koko
|move|p1a: HAMBRE SANGRE|Defog|p2a: Tapu Koko
|-unboost|p2a: Tapu Koko|evasion|1
|-sideend|p1: egal★vanc|Stealth Rock|[from] move: Defog|[of] p1a: HAMBRE SANGRE
|-fieldend|move: Electric Terrain
|
|-damage|p1a: HAMBRE SANGRE|76/100|[from] Leech Seed|[of] p2a: Tapu Koko
|upkeep
|turn|6
|
|t:|1659393396
|switch|p1a: tu ex|Stunfisk, M, shiny|100/100
|move|p2a: Tapu Koko|Toxic|p1a: tu ex
|-status|p1a: tu ex|tox
|
|-damage|p1a: tu ex|94/100 tox|[from] psn
|upkeep
|turn|7
|
|t:|1659393399
|switch|p2a: Ferrothorn|Ferrothorn, M|100/100
|move|p1a: tu ex|Stealth Rock|p2a: Ferrothorn
|-sidestart|p2: j_albacino023|move: Stealth Rock
|
|-heal|p1a: tu ex|100/100 tox|[from] item: Leftovers
|-damage|p1a: tu ex|88/100 tox|[from] psn
|upkeep
|turn|8
|
|t:|1659393401
|switch|p1a: HAMBRE SANGRE|Corviknight, M|76/100
|-ability|p1a: HAMBRE SANGRE|Pressure
|move|p2a: Ferrothorn|Stealth Rock|p1a: HAMBRE SANGRE
|-sidestart|p1: egal★vanc|move: Stealth Rock
|
|upkeep
|turn|9
|
|t:|1659393405
|move|p1a: HAMBRE SANGRE|Defog|p2a: Ferrothorn
|-unboost|p2a: Ferrothorn|evasion|1
|-sideend|p2: j_albacino023|Stealth Rock|[from] move: Defog|[of] p1a: HAMBRE SANGRE
|-sideend|p1: egal★vanc|Stealth Rock|[from] move: Defog|[of] p1a: HAMBRE SANGRE
|move|p2a: Ferrothorn|Knock Off|p1a: HAMBRE SANGRE
|-damage|p1a: HAMBRE SANGRE|66/100
|
|upkeep
|turn|10
|
|t:|1659393409
|move|p1a: HAMBRE SANGRE|Roost|p1a: HAMBRE SANGRE
|-heal|p1a: HAMBRE SANGRE|100/100
|-singleturn|p1a: HAMBRE SANGRE|move: Roost
|move|p2a: Ferrothorn|Stealth Rock|p1a: HAMBRE SANGRE
|-sidestart|p1: egal★vanc|move: Stealth Rock
|
|upkeep
|turn|11
|
|t:|1659393412
|switch|p2a: Tapu Koko|Tapu Koko|100/100
|-fieldstart|move: Electric Terrain|[from] ability: Electric Surge|[of] p2a: Tapu Koko
|move|p1a: HAMBRE SANGRE|Defog|p2a: Tapu Koko
|-unboost|p2a: Tapu Koko|evasion|1
|-sideend|p1: egal★vanc|Stealth Rock|[from] move: Defog|[of] p1a: HAMBRE SANGRE
|-fieldend|move: Electric Terrain
|
|upkeep
|turn|12
|
|t:|1659393414
|switch|p1a: tu ex|Stunfisk, M, shiny|88/100 tox
|move|p2a: Tapu Koko|Volt Switch|p1a: tu ex
|-immune|p1a: tu ex
|
|-heal|p1a: tu ex|94/100 tox|[from] item: Leftovers
|-damage|p1a: tu ex|88/100 tox|[from] psn
|upkeep
|turn|13
|
|t:|1659393418
|switch|p2a: Ferrothorn|Ferrothorn, M|100/100
|move|p1a: tu ex|Scald|p2a: Ferrothorn
|-resisted|p2a: Ferrothorn
|-damage|p2a: Ferrothorn|94/100
|-status|p2a: Ferrothorn|brn
|
|-heal|p1a: tu ex|94/100 tox|[from] item: Leftovers
|-heal|p2a: Ferrothorn|99/100 brn|[from] item: Leftovers
|-damage|p1a: tu ex|82/100 tox|[from] psn
|-damage|p2a: Ferrothorn|94/100 brn|[from] brn
|upkeep
|turn|14
|
|t:|1659393423
|switch|p1a: HAMBRE SANGRE|Corviknight, M|100/100
|-ability|p1a: HAMBRE SANGRE|Pressure
|move|p2a: Ferrothorn|Stealth Rock|p1a: HAMBRE SANGRE
|-sidestart|p1: egal★vanc|move: Stealth Rock
|
|-heal|p2a: Ferrothorn|99/100 brn|[from] item: Leftovers
|-damage|p2a: Ferrothorn|94/100 brn|[from] brn
|upkeep
|turn|15
|
|t:|1659393426
|switch|p2a: Tapu Koko|Tapu Koko|100/100
|-fieldstart|move: Electric Terrain|[from] ability: Electric Surge|[of] p2a: Tapu Koko
|move|p1a: HAMBRE SANGRE|Defog|p2a: Tapu Koko
|-unboost|p2a: Tapu Koko|evasion|1
|-sideend|p1: egal★vanc|Stealth Rock|[from] move: Defog|[of] p1a: HAMBRE SANGRE
|-fieldend|move: Electric Terrain
|
|upkeep
|turn|16
|
|t:|1659393428
|switch|p1a: Toxapex|Toxapex, M|100/100
|move|p2a: Tapu Koko|Dazzling Gleam|p1a: Toxapex
|-resisted|p1a: Toxapex
|-damage|p1a: Toxapex|91/100
|
|upkeep
|turn|17
|
|t:|1659393431
|move|p2a: Tapu Koko|Volt Switch|p1a: Toxapex
|-supereffective|p1a: Toxapex
|-crit|p1a: Toxapex
|-damage|p1a: Toxapex|35/100
|
|t:|1659393435
|switch|p2a: Landorus|Landorus-Therian, M|100/100|[from]move: Volt Switch
|-ability|p2a: Landorus|Intimidate|boost
|-unboost|p1a: Toxapex|atk|1
|move|p1a: Toxapex|Knock Off|p2a: Landorus
|-damage|p2a: Landorus|91/100
|-enditem|p2a: Landorus|Leftovers|[from] move: Knock Off|[of] p1a: Toxapex
|
|upkeep
|turn|18
|
|t:|1659393438
|switch|p1a: HAMBRE SANGRE|Corviknight, M|100/100
|-ability|p1a: HAMBRE SANGRE|Pressure
|move|p2a: Landorus|U-turn|p1a: HAMBRE SANGRE
|-resisted|p1a: HAMBRE SANGRE
|-damage|p1a: HAMBRE SANGRE|97/100
|
|t:|1659393442
|switch|p2a: Tapu Koko|Tapu Koko|100/100|[from]move: U-turn
|-fieldstart|move: Electric Terrain|[from] ability: Electric Surge|[of] p2a: Tapu Koko
|
|upkeep
|turn|19
|
|t:|1659393445
|switch|p1a: tu ex|Stunfisk, M, shiny|82/100 tox
|move|p2a: Tapu Koko|Dazzling Gleam|p1a: tu ex
|-crit|p1a: tu ex
|-damage|p1a: tu ex|42/100 tox
|
|-heal|p1a: tu ex|48/100 tox|[from] item: Leftovers
|-damage|p1a: tu ex|42/100 tox|[from] psn
|upkeep
|turn|20
|
|t:|1659393452
|switch|p2a: Ferrothorn|Ferrothorn, M|94/100 brn
|move|p1a: tu ex|Pain Split|p2a: Ferrothorn
|-sethp|p2a: Ferrothorn|72/100 brn|[from] move: Pain Split|[silent]
|-sethp|p1a: tu ex|60/100 tox|[from] move: Pain Split
|
|-heal|p1a: tu ex|66/100 tox|[from] item: Leftovers
|-heal|p2a: Ferrothorn|78/100 brn|[from] item: Leftovers
|-damage|p1a: tu ex|54/100 tox|[from] psn
|-damage|p2a: Ferrothorn|72/100 brn|[from] brn
|upkeep
|turn|21
|
|t:|1659393458
|switch|p1a: HAMBRE SANGRE|Corviknight, M|97/100
|-ability|p1a: HAMBRE SANGRE|Pressure
|move|p2a: Ferrothorn|Stealth Rock|p1a: HAMBRE SANGRE
|-sidestart|p1: egal★vanc|move: Stealth Rock
|
|-heal|p2a: Ferrothorn|78/100 brn|[from] item: Leftovers
|-damage|p2a: Ferrothorn|72/100 brn|[from] brn
|upkeep
|turn|22
|
|t:|1659393462
|move|p1a: HAMBRE SANGRE|Defog|p2a: Ferrothorn
|-unboost|p2a: Ferrothorn|evasion|1
|-sideend|p1: egal★vanc|Stealth Rock|[from] move: Defog|[of] p1a: HAMBRE SANGRE
|-fieldend|move: Electric Terrain
|move|p2a: Ferrothorn|Leech Seed|p1a: HAMBRE SANGRE|[miss]
|-miss|p2a: Ferrothorn|p1a: HAMBRE SANGRE
|
|-heal|p2a: Ferrothorn|78/100 brn|[from] item: Leftovers
|-damage|p2a: Ferrothorn|72/100 brn|[from] brn
|upkeep
|turn|23
|
|t:|1659393465
|move|p1a: HAMBRE SANGRE|Body Press|p2a: Ferrothorn
|-supereffective|p2a: Ferrothorn
|-damage|p2a: Ferrothorn|41/100 brn
|-damage|p1a: HAMBRE SANGRE|85/100|[from] ability: Iron Barbs|[of] p2a: Ferrothorn
|move|p2a: Ferrothorn|Stealth Rock|p1a: HAMBRE SANGRE
|-sidestart|p1: egal★vanc|move: Stealth Rock
|
|-heal|p2a: Ferrothorn|47/100 brn|[from] item: Leftovers
|-damage|p2a: Ferrothorn|41/100 brn|[from] brn
|upkeep
|turn|24
|
|t:|1659393468
|move|p1a: HAMBRE SANGRE|Defog|p2a: Ferrothorn
|-unboost|p2a: Ferrothorn|evasion|1
|-sideend|p1: egal★vanc|Stealth Rock|[from] move: Defog|[of] p1a: HAMBRE SANGRE
|move|p2a: Ferrothorn|Leech Seed|p1a: HAMBRE SANGRE
|-start|p1a: HAMBRE SANGRE|move: Leech Seed
|
|-heal|p2a: Ferrothorn|47/100 brn|[from] item: Leftovers
|-damage|p1a: HAMBRE SANGRE|72/100|[from] Leech Seed|[of] p2a: Ferrothorn
|-heal|p2a: Ferrothorn|61/100 brn|[silent]
|-damage|p2a: Ferrothorn|55/100 brn|[from] brn
|upkeep
|turn|25
|
|t:|1659393471
|move|p1a: HAMBRE SANGRE|Roost|p1a: HAMBRE SANGRE
|-heal|p1a: HAMBRE SANGRE|100/100
|-singleturn|p1a: HAMBRE SANGRE|move: Roost
|move|p2a: Ferrothorn|Stealth Rock|p1a: HAMBRE SANGRE
|-sidestart|p1: egal★vanc|move: Stealth Rock
|
|-heal|p2a: Ferrothorn|61/100 brn|[from] item: Leftovers
|-damage|p1a: HAMBRE SANGRE|88/100|[from] Leech Seed|[of] p2a: Ferrothorn
|-heal|p2a: Ferrothorn|75/100 brn|[silent]
|-damage|p2a: Ferrothorn|69/100 brn|[from] brn
|upkeep
|turn|26
|
|t:|1659393474
|switch|p2a: Tapu Koko|Tapu Koko|100/100
|-fieldstart|move: Electric Terrain|[from] ability: Electric Surge|[of] p2a: Tapu Koko
|move|p1a: HAMBRE SANGRE|Defog|p2a: Tapu Koko
|-unboost|p2a: Tapu Koko|evasion|1
|-sideend|p1: egal★vanc|Stealth Rock|[from] move: Defog|[of] p1a: HAMBRE SANGRE
|-fieldend|move: Electric Terrain
|
|-damage|p1a: HAMBRE SANGRE|76/100|[from] Leech Seed|[of] p2a: Tapu Koko
|upkeep
|turn|27
|
|t:|1659393481
|switch|p1a: Toxapex|Toxapex, M|68/100
|move|p2a: Tapu Koko|Volt Switch|p1a: Toxapex
|-supereffective|p1a: Toxapex
|-damage|p1a: Toxapex|31/100
|
|t:|1659393488
|switch|p2a: Melmetal|Melmetal|100/100|[from]move: Volt Switch
|
|upkeep
|turn|28
|
|t:|1659393494
|switch|p1a: Umbreon|Umbreon, F|100/100
|move|p2a: Melmetal|Earthquake|p1a: Umbreon
|-damage|p1a: Umbreon|75/100
|
|upkeep
|turn|29
|
|t:|1659393507
|move|p1a: Umbreon|Wish|p1a: Umbreon
|move|p2a: Melmetal|Double Iron Bash|p1a: Umbreon
|-damage|p1a: Umbreon|51/100
|-damage|p1a: Umbreon|25/100
|-hitcount|p1a: Umbreon|2
|
|upkeep
|turn|30
|
|t:|1659393510
|move|p1a: Umbreon|Protect|p1a: Umbreon
|-singleturn|p1a: Umbreon|Protect
|move|p2a: Melmetal|Double Iron Bash|p1a: Umbreon
|-activate|p1a: Umbreon|move: Protect
|
|-heal|p1a: Umbreon|75/100|[from] move: Wish|[wisher] Umbreon
|upkeep
|turn|31
|
|t:|1659393513
|move|p1a: Umbreon|Wish|p1a: Umbreon
|move|p2a: Melmetal|Toxic|p1a: Umbreon
|-status|p1a: Umbreon|tox
|
|-damage|p1a: Umbreon|69/100 tox|[from] psn
|upkeep
|turn|32
|
|t:|1659393516
|move|p1a: Umbreon|Heal Bell|p1a: Umbreon
|-activate|p1a: Umbreon|move: Heal Bell
|-curestatus|p1a: Umbreon|tox|[msg]
|-curestatus|p1: tu ex|tox|[msg]
|move|p2a: Melmetal|Double Iron Bash|p1a: Umbreon
|-damage|p1a: Umbreon|44/100
|-damage|p1a: Umbreon|16/100
|-hitcount|p1a: Umbreon|2
|
|-heal|p1a: Umbreon|66/100|[from] move: Wish|[wisher] Umbreon
|upkeep
|turn|33
|
|t:|1659393519
|switch|p1a: HAMBRE SANGRE|Corviknight, M|76/100
|-ability|p1a: HAMBRE SANGRE|Pressure
|move|p2a: Melmetal|Toxic|p1a: HAMBRE SANGRE
|-immune|p1a: HAMBRE SANGRE
|
|upkeep
|turn|34
|
|t:|1659393523
|move|p1a: HAMBRE SANGRE|U-turn|p2a: Melmetal
|-resisted|p2a: Melmetal
|-damage|p2a: Melmetal|97/100
|
|t:|1659393525
|switch|p1a: tu ex|Stunfisk, M, shiny|54/100|[from]move: U-turn
|move|p2a: Melmetal|Thunder Punch|p1a: tu ex
|-immune|p1a: tu ex
|
|-heal|p1a: tu ex|60/100|[from] item: Leftovers
|upkeep
|turn|35
|
|t:|1659393528
|switch|p1a: HAMBRE SANGRE|Corviknight, M|76/100
|-ability|p1a: HAMBRE SANGRE|Pressure
|move|p2a: Melmetal|Earthquake|p1a: HAMBRE SANGRE
|-immune|p1a: HAMBRE SANGRE
|
|upkeep
|turn|36
|
|t:|1659393530
|move|p1a: HAMBRE SANGRE|Roost|p1a: HAMBRE SANGRE
|-heal|p1a: HAMBRE SANGRE|100/100
|-singleturn|p1a: HAMBRE SANGRE|move: Roost
|move|p2a: Melmetal|Thunder Punch|p1a: HAMBRE SANGRE
|-damage|p1a: HAMBRE SANGRE|79/100
|-status|p1a: HAMBRE SANGRE|par
|
|upkeep
|turn|37
|
|t:|1659393535
|switch|p1a: que es un cuello?|Chansey, F|100/100
|move|p2a: Melmetal|Thunder Punch|p1a: que es un cuello?
|-damage|p1a: que es un cuello?|78/100
|
|upkeep
|turn|38
|
|t:|1659393542
|switch|p1a: HAMBRE SANGRE|Corviknight, M|79/100 par
|-ability|p1a: HAMBRE SANGRE|Pressure
|switch|p2a: Landorus|Landorus-Therian, M|91/100
|-ability|p2a: Landorus|Intimidate|boost
|-unboost|p1a: HAMBRE SANGRE|atk|1
|
|upkeep
|turn|39
|
|t:|1659393546
|move|p2a: Landorus|Knock Off|p1a: HAMBRE SANGRE
|-crit|p1a: HAMBRE SANGRE
|-damage|p1a: HAMBRE SANGRE|58/100 par
|cant|p1a: HAMBRE SANGRE|par
|
|upkeep
|turn|40
|
|t:|1659393548
|move|p2a: Landorus|U-turn|p1a: HAMBRE SANGRE
|-resisted|p1a: HAMBRE SANGRE
|-damage|p1a: HAMBRE SANGRE|55/100 par
|
|t:|1659393551
|switch|p2a: Tapu Koko|Tapu Koko|100/100|[from]move: U-turn
|-fieldstart|move: Electric Terrain|[from] ability: Electric Surge|[of] p2a: Tapu Koko
|move|p1a: HAMBRE SANGRE|Roost|p1a: HAMBRE SANGRE
|-heal|p1a: HAMBRE SANGRE|100/100 par
|-singleturn|p1a: HAMBRE SANGRE|move: Roost
|
|upkeep
|turn|41
|
|t:|1659393557
|switch|p1a: tu ex|Stunfisk, M, shiny|60/100
|move|p2a: Tapu Koko|Volt Switch|p1a: tu ex
|-immune|p1a: tu ex
|
|-heal|p1a: tu ex|66/100|[from] item: Leftovers
|upkeep
|turn|42
|
|t:|1659393563
|move|p2a: Tapu Koko|Toxic|p1a: tu ex
|-status|p1a: tu ex|tox
|move|p1a: tu ex|Stealth Rock|p2a: Tapu Koko
|-sidestart|p2: j_albacino023|move: Stealth Rock
|
|-heal|p1a: tu ex|72/100 tox|[from] item: Leftovers
|-damage|p1a: tu ex|66/100 tox|[from] psn
|upkeep
|turn|43
|
|t:|1659393567
|switch|p1a: Toxapex|Toxapex, M|64/100
|move|p2a: Tapu Koko|Volt Switch|p1a: Toxapex
|-supereffective|p1a: Toxapex
|-damage|p1a: Toxapex|18/100
|
|t:|1659393573
|switch|p2a: Melmetal|Melmetal|97/100|[from]move: Volt Switch
|-damage|p2a: Melmetal|91/100|[from] Stealth Rock
|
|upkeep
|turn|44
|j| LT91BB Livio
|
|t:|1659393583
|switch|p1a: tu ex|Stunfisk, M, shiny|66/100 tox
|move|p2a: Melmetal|Thunder Punch|p1a: tu ex
|-immune|p1a: tu ex
|
|-heal|p1a: tu ex|72/100 tox|[from] item: Leftovers
|-damage|p1a: tu ex|66/100 tox|[from] psn
|-fieldend|move: Electric Terrain
|upkeep
|turn|45
|l| LT91BB Livio
|
|t:|1659393593
|switch|p2a: Ferrothorn|Ferrothorn, M|69/100 brn
|-damage|p2a: Ferrothorn|63/100 brn|[from] Stealth Rock
|move|p1a: tu ex|Pain Split|p2a: Ferrothorn
|-sethp|p2a: Ferrothorn|71/100 brn|[from] move: Pain Split|[silent]
|-sethp|p1a: tu ex|59/100 tox|[from] move: Pain Split
|
|-heal|p1a: tu ex|65/100 tox|[from] item: Leftovers
|-heal|p2a: Ferrothorn|77/100 brn|[from] item: Leftovers
|-damage|p1a: tu ex|53/100 tox|[from] psn
|-damage|p2a: Ferrothorn|71/100 brn|[from] brn
|upkeep
|turn|46
|
|t:|1659393599
|switch|p1a: Toxapex|Toxapex, M|51/100
|move|p2a: Ferrothorn|Stealth Rock|p1a: Toxapex
|-sidestart|p1: egal★vanc|move: Stealth Rock
|
|-heal|p2a: Ferrothorn|77/100 brn|[from] item: Leftovers
|-damage|p2a: Ferrothorn|71/100 brn|[from] brn
|upkeep
|turn|47
|
|t:|1659393607
|move|p1a: Toxapex|Knock Off|p2a: Ferrothorn
|-damage|p2a: Ferrothorn|63/100 brn
|-damage|p1a: Toxapex|39/100|[from] ability: Iron Barbs|[of] p2a: Ferrothorn
|-enditem|p2a: Ferrothorn|Leftovers|[from] move: Knock Off|[of] p1a: Toxapex
|move|p2a: Ferrothorn|Leech Seed|p1a: Toxapex
|-start|p1a: Toxapex|move: Leech Seed
|
|-damage|p1a: Toxapex|27/100|[from] Leech Seed|[of] p2a: Ferrothorn
|-heal|p2a: Ferrothorn|73/100 brn|[silent]
|-damage|p2a: Ferrothorn|67/100 brn|[from] brn
|upkeep
|turn|48
|
|t:|1659393612
|switch|p1a: Umbreon|Umbreon, F|66/100
|switch|p2a: Tapu Koko|Tapu Koko|100/100
|-fieldstart|move: Electric Terrain|[from] ability: Electric Surge|[of] p2a: Tapu Koko
|
|upkeep
|turn|49
|
|t:|1659393615
|move|p1a: Umbreon|Protect|p1a: Umbreon
|-singleturn|p1a: Umbreon|Protect
|move|p2a: Tapu Koko|Dazzling Gleam|p1a: Umbreon
|-activate|p1a: Umbreon|move: Protect
|
|upkeep
|turn|50
|
|t:|1659393617
|move|p2a: Tapu Koko|Dazzling Gleam|p1a: Umbreon
|-supereffective|p1a: Umbreon
|-damage|p1a: Umbreon|23/100
|move|p1a: Umbreon|Wish|p1a: Umbreon
|
|upkeep
|turn|51
|
|t:|1659393620
|move|p1a: Umbreon|Protect|p1a: Umbreon
|-singleturn|p1a: Umbreon|Protect
|move|p2a: Tapu Koko|Dazzling Gleam|p1a: Umbreon
|-activate|p1a: Umbreon|move: Protect
|
|-heal|p1a: Umbreon|73/100|[from] move: Wish|[wisher] Umbreon
|upkeep
|turn|52
|
|t:|1659393622
|move|p2a: Tapu Koko|Dazzling Gleam|p1a: Umbreon
|-supereffective|p1a: Umbreon
|-damage|p1a: Umbreon|25/100
|move|p1a: Umbreon|Wish|p1a: Umbreon
|
|-fieldend|move: Electric Terrain
|upkeep
|turn|53
|
|t:|1659393624
|move|p1a: Umbreon|Protect|p1a: Umbreon
|-singleturn|p1a: Umbreon|Protect
|move|p2a: Tapu Koko|Dazzling Gleam|p1a: Umbreon
|-activate|p1a: Umbreon|move: Protect
|
|-heal|p1a: Umbreon|75/100|[from] move: Wish|[wisher] Umbreon
|upkeep
|turn|54
|
|t:|1659393626
|move|p2a: Tapu Koko|Dazzling Gleam|p1a: Umbreon
|-supereffective|p1a: Umbreon
|-damage|p1a: Umbreon|28/100
|move|p1a: Umbreon|Wish|p1a: Umbreon
|
|upkeep
|turn|55
|
|t:|1659393629
|move|p1a: Umbreon|Protect|p1a: Umbreon
|-singleturn|p1a: Umbreon|Protect
|move|p2a: Tapu Koko|Thunderbolt|p1a: Umbreon
|-activate|p1a: Umbreon|move: Protect
|
|-heal|p1a: Umbreon|78/100|[from] move: Wish|[wisher] Umbreon
|upkeep
|turn|56
|
|t:|1659393634
|move|p2a: Tapu Koko|Dazzling Gleam|p1a: Umbreon
|-supereffective|p1a: Umbreon
|-damage|p1a: Umbreon|30/100
|move|p1a: Umbreon|Wish|p1a: Umbreon
|
|upkeep
|turn|57
|
|t:|1659393636
|move|p1a: Umbreon|Protect|p1a: Umbreon
|-singleturn|p1a: Umbreon|Protect
|move|p2a: Tapu Koko|Thunderbolt|p1a: Umbreon
|-activate|p1a: Umbreon|move: Protect
|
|-heal|p1a: Umbreon|80/100|[from] move: Wish|[wisher] Umbreon
|upkeep
|turn|58
|
|t:|1659393639
|move|p2a: Tapu Koko|Dazzling Gleam|p1a: Umbreon
|-supereffective|p1a: Umbreon
|-damage|p1a: Umbreon|32/100
|move|p1a: Umbreon|Wish|p1a: Umbreon
|
|upkeep
|turn|59
|
|t:|1659393641
|move|p1a: Umbreon|Protect|p1a: Umbreon
|-singleturn|p1a: Umbreon|Protect
|move|p2a: Tapu Koko|Thunderbolt|p1a: Umbreon
|-activate|p1a: Umbreon|move: Protect
|
|-heal|p1a: Umbreon|82/100|[from] move: Wish|[wisher] Umbreon
|upkeep
|turn|60
|
|t:|1659393644
|move|p2a: Tapu Koko|Thunderbolt|p1a: Umbreon
|-damage|p1a: Umbreon|58/100
|move|p1a: Umbreon|Wish|p1a: Umbreon
|
|upkeep
|turn|61
|
|t:|1659393649
|move|p2a: Tapu Koko|Volt Switch|p1a: Umbreon
|-damage|p1a: Umbreon|37/100
|
|t:|1659393652
|switch|p2a: Ferrothorn|Ferrothorn, M|67/100 brn|[from]move: Volt Switch
|-damage|p2a: Ferrothorn|61/100 brn|[from] Stealth Rock
|move|p1a: Umbreon|Heal Bell|p1a: Umbreon
|-activate|p1a: Umbreon|move: Heal Bell
|-curestatus|p1: HAMBRE SANGRE|par|[msg]
|-curestatus|p1: tu ex|tox|[msg]
|
|-heal|p1a: Umbreon|87/100|[from] move: Wish|[wisher] Umbreon
|-damage|p2a: Ferrothorn|55/100 brn|[from] brn
|upkeep
|turn|62
|
|t:|1659393658
|switch|p1a: Toxapex|Toxapex, M|60/100
|-damage|p1a: Toxapex|48/100|[from] Stealth Rock
|move|p2a: Ferrothorn|Leech Seed|p1a: Toxapex
|-start|p1a: Toxapex|move: Leech Seed
|
|-damage|p1a: Toxapex|36/100|[from] Leech Seed|[of] p2a: Ferrothorn
|-heal|p2a: Ferrothorn|66/100 brn|[silent]
|-damage|p2a: Ferrothorn|60/100 brn|[from] brn
|upkeep
|turn|63
|
|t:|1659393664
|switch|p1a: HAMBRE SANGRE|Corviknight, M|100/100
|-damage|p1a: HAMBRE SANGRE|88/100|[from] Stealth Rock
|-ability|p1a: HAMBRE SANGRE|Pressure
|switch|p2a: Landorus|Landorus-Therian, M|91/100
|-damage|p2a: Landorus|79/100|[from] Stealth Rock
|-ability|p2a: Landorus|Intimidate|boost
|-unboost|p1a: HAMBRE SANGRE|atk|1
|
|upkeep
|turn|64
|
|t:|1659393669
|move|p2a: Landorus|Knock Off|p1a: HAMBRE SANGRE
|-damage|p1a: HAMBRE SANGRE|75/100
|move|p1a: HAMBRE SANGRE|Body Press|p2a: Landorus
|-resisted|p2a: Landorus
|-damage|p2a: Landorus|66/100
|
|upkeep
|turn|65
|
|t:|1659393673
|switch|p2a: Tapu Koko|Tapu Koko|100/100
|-fieldstart|move: Electric Terrain|[from] ability: Electric Surge|[of] p2a: Tapu Koko
|move|p1a: HAMBRE SANGRE|Roost|p1a: HAMBRE SANGRE
|-heal|p1a: HAMBRE SANGRE|100/100
|-singleturn|p1a: HAMBRE SANGRE|move: Roost
|
|upkeep
|turn|66
|
|t:|1659393681
|switch|p1a: tu ex|Stunfisk, M, shiny|53/100
|-damage|p1a: tu ex|47/100|[from] Stealth Rock
|move|p2a: Tapu Koko|Toxic|p1a: tu ex
|-status|p1a: tu ex|tox
|
|-heal|p1a: tu ex|53/100 tox|[from] item: Leftovers
|-damage|p1a: tu ex|47/100 tox|[from] psn
|upkeep
|turn|67
|
|t:|1659393687
|switch|p2a: Ferrothorn|Ferrothorn, M|60/100 brn
|-damage|p2a: Ferrothorn|54/100 brn|[from] Stealth Rock
|switch|p1a: Toxapex|Toxapex, M|69/100
|-damage|p1a: Toxapex|57/100|[from] Stealth Rock
|
|-damage|p2a: Ferrothorn|48/100 brn|[from] brn
|upkeep
|turn|68
|
|t:|1659393692
|move|p1a: Toxapex|Knock Off|p2a: Ferrothorn
|-damage|p2a: Ferrothorn|42/100 brn
|-damage|p1a: Toxapex|45/100|[from] ability: Iron Barbs|[of] p2a: Ferrothorn
|move|p2a: Ferrothorn|Leech Seed|p1a: Toxapex
|-start|p1a: Toxapex|move: Leech Seed
|
|-damage|p1a: Toxapex|33/100|[from] Leech Seed|[of] p2a: Ferrothorn
|-heal|p2a: Ferrothorn|52/100 brn|[silent]
|-damage|p2a: Ferrothorn|46/100 brn|[from] brn
|upkeep
|turn|69
|
|t:|1659393695
|move|p1a: Toxapex|Recover|p1a: Toxapex
|-heal|p1a: Toxapex|83/100
|move|p2a: Ferrothorn|Knock Off|p1a: Toxapex
|-damage|p1a: Toxapex|75/100
|-enditem|p1a: Toxapex|Shed Shell|[from] move: Knock Off|[of] p2a: Ferrothorn
|
|-damage|p1a: Toxapex|63/100|[from] Leech Seed|[of] p2a: Ferrothorn
|-heal|p2a: Ferrothorn|57/100 brn|[silent]
|-damage|p2a: Ferrothorn|51/100 brn|[from] brn
|-fieldend|move: Electric Terrain
|upkeep
|turn|70
|
|t:|1659393699
|switch|p1a: HAMBRE SANGRE|Corviknight, M|100/100
|-damage|p1a: HAMBRE SANGRE|88/100|[from] Stealth Rock
|-ability|p1a: HAMBRE SANGRE|Pressure
|move|p2a: Ferrothorn|Knock Off|p1a: HAMBRE SANGRE
|-damage|p1a: HAMBRE SANGRE|84/100
|
|-damage|p2a: Ferrothorn|45/100 brn|[from] brn
|upkeep
|turn|71
|
|t:|1659393702
|switch|p2a: Tapu Koko|Tapu Koko|100/100
|-fieldstart|move: Electric Terrain|[from] ability: Electric Surge|[of] p2a: Tapu Koko
|move|p1a: HAMBRE SANGRE|Body Press|p2a: Tapu Koko
|-resisted|p2a: Tapu Koko
|-damage|p2a: Tapu Koko|84/100
|
|upkeep
|turn|72
|
|t:|1659393707
|switch|p1a: que es un cuello?|Chansey, F|78/100
|-damage|p1a: que es un cuello?|66/100|[from] Stealth Rock
|move|p2a: Tapu Koko|Volt Switch|p1a: que es un cuello?
|-damage|p1a: que es un cuello?|54/100
|
|t:|1659393713
|switch|p2a: Landorus|Landorus-Therian, M|66/100|[from]move: Volt Switch
|-damage|p2a: Landorus|54/100|[from] Stealth Rock
|-ability|p2a: Landorus|Intimidate|boost
|-unboost|p1a: que es un cuello?|atk|1
|
|upkeep
|turn|73
|
|t:|1659393723
|switch|p1a: HAMBRE SANGRE|Corviknight, M|84/100
|-damage|p1a: HAMBRE SANGRE|72/100|[from] Stealth Rock
|-ability|p1a: HAMBRE SANGRE|Pressure
|move|p2a: Landorus|U-turn|p1a: HAMBRE SANGRE
|-resisted|p1a: HAMBRE SANGRE
|-damage|p1a: HAMBRE SANGRE|68/100
|
|t:|1659393725
|switch|p2a: Tapu Koko|Tapu Koko|84/100|[from]move: U-turn
|
|upkeep
|turn|74
|
|t:|1659393730
|switch|p1a: Toxapex|Toxapex, M|96/100
|-damage|p1a: Toxapex|84/100|[from] Stealth Rock
|move|p2a: Tapu Koko|Volt Switch|p1a: Toxapex
|-supereffective|p1a: Toxapex
|-damage|p1a: Toxapex|30/100
|
|t:|1659393733
|switch|p2a: Melmetal|Melmetal|91/100|[from]move: Volt Switch
|-damage|p2a: Melmetal|84/100|[from] Stealth Rock
|
|upkeep
|turn|75
|
|t:|1659393738
|switch|p1a: Umbreon|Umbreon, F|87/100
|move|p2a: Melmetal|Thunder Punch|p1a: Umbreon
|-damage|p1a: Umbreon|57/100
|
|-fieldend|move: Electric Terrain
|upkeep
|turn|76
|
|t:|1659393744
|switch|p1a: HAMBRE SANGRE|Corviknight, M|68/100
|-damage|p1a: HAMBRE SANGRE|56/100|[from] Stealth Rock
|-ability|p1a: HAMBRE SANGRE|Pressure
|move|p2a: Melmetal|Double Iron Bash|p1a: HAMBRE SANGRE
|-resisted|p1a: HAMBRE SANGRE
|-damage|p1a: HAMBRE SANGRE|42/100
|-resisted|p1a: HAMBRE SANGRE
|-damage|p1a: HAMBRE SANGRE|28/100
|-hitcount|p1a: HAMBRE SANGRE|2
|
|upkeep
|turn|77
|
|t:|1659393747
|move|p1a: HAMBRE SANGRE|Roost|p1a: HAMBRE SANGRE
|-heal|p1a: HAMBRE SANGRE|78/100
|-singleturn|p1a: HAMBRE SANGRE|move: Roost
|move|p2a: Melmetal|Earthquake|p1a: HAMBRE SANGRE
|-supereffective|p1a: HAMBRE SANGRE
|-damage|p1a: HAMBRE SANGRE|27/100
|
|upkeep
|turn|78
|
|t:|1659393752
|switch|p2a: Tapu Koko|Tapu Koko|84/100
|-fieldstart|move: Electric Terrain|[from] ability: Electric Surge|[of] p2a: Tapu Koko
|move|p1a: HAMBRE SANGRE|Roost|p1a: HAMBRE SANGRE
|-heal|p1a: HAMBRE SANGRE|77/100
|-singleturn|p1a: HAMBRE SANGRE|move: Roost
|
|upkeep
|turn|79
|
|t:|1659393763
|switch|p1a: tu ex|Stunfisk, M, shiny|47/100 tox
|-damage|p1a: tu ex|41/100 tox|[from] Stealth Rock
|move|p2a: Tapu Koko|Dazzling Gleam|p1a: tu ex
|-damage|p1a: tu ex|13/100 tox
|
|-heal|p1a: tu ex|19/100 tox|[from] item: Leftovers
|-damage|p1a: tu ex|13/100 tox|[from] psn
|upkeep
|turn|80
|
|t:|1659393767
|switch|p1a: que es un cuello?|Chansey, F|54/100
|-damage|p1a: que es un cuello?|41/100|[from] Stealth Rock
|move|p2a: Tapu Koko|Dazzling Gleam|p1a: que es un cuello?
|-damage|p1a: que es un cuello?|31/100
|
|upkeep
|turn|81
|
|t:|1659393770
|move|p2a: Tapu Koko|Volt Switch|p1a: que es un cuello?
|-damage|p1a: que es un cuello?|19/100
|
|t:|1659393774
|switch|p2a: Landorus|Landorus-Therian, M|54/100|[from]move: Volt Switch
|-damage|p2a: Landorus|41/100|[from] Stealth Rock
|-ability|p2a: Landorus|Intimidate|boost
|-unboost|p1a: que es un cuello?|atk|1
|move|p1a: que es un cuello?|Soft-Boiled|p1a: que es un cuello?
|-heal|p1a: que es un cuello?|69/100
|
|upkeep
|turn|82
|
|t:|1659393781
|switch|p1a: Toxapex|Toxapex, M|64/100
|-damage|p1a: Toxapex|51/100|[from] Stealth Rock
|move|p2a: Landorus|Knock Off|p1a: Toxapex
|-damage|p1a: Toxapex|35/100
|
|-fieldend|move: Electric Terrain
|upkeep
|turn|83
|
|t:|1659393807
|switch|p1a: HAMBRE SANGRE|Corviknight, M|77/100
|-damage|p1a: HAMBRE SANGRE|65/100|[from] Stealth Rock
|-ability|p1a: HAMBRE SANGRE|Pressure
|move|p2a: Landorus|U-turn|p1a: HAMBRE SANGRE
|-resisted|p1a: HAMBRE SANGRE
|-damage|p1a: HAMBRE SANGRE|61/100
|
|t:|1659393809
|switch|p2a: Tapu Koko|Tapu Koko|84/100|[from]move: U-turn
|-fieldstart|move: Electric Terrain|[from] ability: Electric Surge|[of] p2a: Tapu Koko
|
|upkeep
|turn|84
|
|t:|1659393818
|switch|p1a: tu ex|Stunfisk, M, shiny|13/100 tox
|-damage|p1a: tu ex|7/100 tox|[from] Stealth Rock
|move|p2a: Tapu Koko|Volt Switch|p1a: tu ex
|-immune|p1a: tu ex
|
|-heal|p1a: tu ex|13/100 tox|[from] item: Leftovers
|-damage|p1a: tu ex|7/100 tox|[from] psn
|upkeep
|turn|85
|
|t:|1659393821
|switch|p1a: Toxapex|Toxapex, M|68/100
|-damage|p1a: Toxapex|56/100|[from] Stealth Rock
|move|p2a: Tapu Koko|Dazzling Gleam|p1a: Toxapex
|-resisted|p1a: Toxapex
|-damage|p1a: Toxapex|46/100
|
|upkeep
|turn|86
|
|t:|1659393834
|switch|p1a: tu ex|Stunfisk, M, shiny|7/100 tox
|-damage|p1a: tu ex|1/100 tox|[from] Stealth Rock
|move|p2a: Tapu Koko|Volt Switch|p1a: tu ex
|-immune|p1a: tu ex
|
|-heal|p1a: tu ex|7/100 tox|[from] item: Leftovers
|-damage|p1a: tu ex|1/100 tox|[from] psn
|upkeep
|turn|87
|
|t:|1659393837
|switch|p1a: Toxapex|Toxapex, M|79/100
|-damage|p1a: Toxapex|67/100|[from] Stealth Rock
|move|p2a: Tapu Koko|Dazzling Gleam|p1a: Toxapex
|-resisted|p1a: Toxapex
|-damage|p1a: Toxapex|57/100
|
|-fieldend|move: Electric Terrain
|upkeep
|turn|88
|
|t:|1659393840
|move|p2a: Tapu Koko|Volt Switch|p1a: Toxapex
|-supereffective|p1a: Toxapex
|-damage|p1a: Toxapex|19/100
|
|t:|1659393844
|switch|p2a: Ferrothorn|Ferrothorn, M|45/100 brn|[from]move: Volt Switch
|-damage|p2a: Ferrothorn|39/100 brn|[from] Stealth Rock
|move|p1a: Toxapex|Recover|p1a: Toxapex
|-heal|p1a: Toxapex|69/100
|
|-damage|p2a: Ferrothorn|33/100 brn|[from] brn
|upkeep
|turn|89
|
|t:|1659393849
|switch|p1a: Ditto|Ditto|100/100
|-damage|p1a: Ditto|88/100|[from] Stealth Rock
|-transform|p1a: Ditto|p2a: Ferrothorn|[from] ability: Imposter
|move|p2a: Ferrothorn|Leech Seed|p1a: Ditto
|-immune|p1a: Ditto
|
|-damage|p2a: Ferrothorn|27/100 brn|[from] brn
|upkeep
|turn|90
|
|t:|1659393856
|switch|p2a: Tapu Koko|Tapu Koko|84/100
|-fieldstart|move: Electric Terrain|[from] ability: Electric Surge|[of] p2a: Tapu Koko
|move|p1a: Ditto|Knock Off|p2a: Tapu Koko
|-resisted|p2a: Tapu Koko
|-damage|p2a: Tapu Koko|71/100
|-enditem|p2a: Tapu Koko|Heavy-Duty Boots|[from] move: Knock Off|[of] p1a: Ditto
|
|upkeep
|turn|91
|
|t:|1659393864
|move|p2a: Tapu Koko|Volt Switch|p1a: Ditto
|-resisted|p1a: Ditto
|-damage|p1a: Ditto|69/100
|
|t:|1659393868
|switch|p2a: Landorus|Landorus-Therian, M|41/100|[from]move: Volt Switch
|-damage|p2a: Landorus|29/100|[from] Stealth Rock
|-ability|p2a: Landorus|Intimidate|boost
|-unboost|p1a: Ditto|atk|1
|move|p1a: Ditto|Knock Off|p2a: Landorus
|-damage|p2a: Landorus|19/100
|
|upkeep
|turn|92
|
|t:|1659393874
|switch|p1a: HAMBRE SANGRE|Corviknight, M|61/100
|-damage|p1a: HAMBRE SANGRE|49/100|[from] Stealth Rock
|-ability|p1a: HAMBRE SANGRE|Pressure
|move|p2a: Landorus|U-turn|p1a: HAMBRE SANGRE
|-resisted|p1a: HAMBRE SANGRE
|-damage|p1a: HAMBRE SANGRE|46/100
|
|t:|1659393877
|switch|p2a: Tapu Koko|Tapu Koko|71/100|[from]move: U-turn
|-damage|p2a: Tapu Koko|58/100|[from] Stealth Rock
|
|upkeep
|turn|93
|
|t:|1659393879
|switch|p1a: que es un cuello?|Chansey, F|69/100
|-damage|p1a: que es un cuello?|57/100|[from] Stealth Rock
|move|p2a: Tapu Koko|Volt Switch|p1a: que es un cuello?
|-damage|p1a: que es un cuello?|45/100
|
|t:|1659393890
|switch|p2a: Melmetal|Melmetal|84/100|[from]move: Volt Switch
|-damage|p2a: Melmetal|78/100|[from] Stealth Rock
|
|upkeep
|turn|94
|
|t:|1659393894
|move|p1a: que es un cuello?|Soft-Boiled|p1a: que es un cuello?
|-heal|p1a: que es un cuello?|96/100
|move|p2a: Melmetal|Double Iron Bash|p1a: que es un cuello?
|-damage|p1a: que es un cuello?|68/100
|-crit|p1a: que es un cuello?
|-damage|p1a: que es un cuello?|27/100
|-hitcount|p1a: que es un cuello?|2
|
|-fieldend|move: Electric Terrain
|upkeep
|turn|95
|
|t:|1659393900
|move|p1a: que es un cuello?|Soft-Boiled|p1a: que es un cuello?
|-heal|p1a: que es un cuello?|77/100
|move|p2a: Melmetal|Toxic|p1a: que es un cuello?
|-status|p1a: que es un cuello?|tox
|
|-damage|p1a: que es un cuello?|71/100 tox|[from] psn
|upkeep
|turn|96
|
|t:|1659393905
|-curestatus|p1a: que es un cuello?|tox|[from] ability: Natural Cure
|switch|p1a: HAMBRE SANGRE|Corviknight, M|46/100
|-damage|p1a: HAMBRE SANGRE|33/100|[from] Stealth Rock
|-ability|p1a: HAMBRE SANGRE|Pressure
|move|p2a: Melmetal|Thunder Punch|p1a: HAMBRE SANGRE
|-supereffective|p1a: HAMBRE SANGRE
|-damage|p1a: HAMBRE SANGRE|0 fnt
|faint|p1a: HAMBRE SANGRE
|
|upkeep
|
|t:|1659393912
|switch|p1a: Ditto|Ditto|69/100
|-damage|p1a: Ditto|56/100|[from] Stealth Rock
|-transform|p1a: Ditto|p2a: Melmetal|[from] ability: Imposter
|turn|97
|
|t:|1659393929
|switch|p2a: Dragonite|Dragonite, M|100/100
|move|p1a: Ditto|Earthquake|p2a: Dragonite
|-immune|p2a: Dragonite
|
|upkeep
|turn|98
|
|t:|1659393939
|switch|p1a: Umbreon|Umbreon, F|57/100
|move|p2a: Dragonite|Dragon Dance|p2a: Dragonite
|-boost|p2a: Dragonite|atk|1
|-boost|p2a: Dragonite|spe|1
|
|upkeep
|turn|99
|
|t:|1659393942
|move|p2a: Dragonite|Dual Wingbeat|p1a: Umbreon
|-damage|p1a: Umbreon|37/100
|-damage|p1a: Umbreon|17/100
|-hitcount|p1a: Umbreon|2
|move|p1a: Umbreon|Wish|p1a: Umbreon
|
|upkeep
|turn|100
|
|t:|1659393949
|move|p1a: Umbreon|Protect|p1a: Umbreon
|-singleturn|p1a: Umbreon|Protect
|move|p2a: Dragonite|Ice Punch|p1a: Umbreon
|-activate|p1a: Umbreon|move: Protect
|
|-heal|p1a: Umbreon|67/100|[from] move: Wish|[wisher] Umbreon
|upkeep
|turn|101
|
|t:|1659393951
|move|p2a: Dragonite|Dual Wingbeat|p1a: Umbreon
|-damage|p1a: Umbreon|48/100
|-damage|p1a: Umbreon|30/100
|-hitcount|p1a: Umbreon|2
|move|p1a: Umbreon|Wish|p1a: Umbreon
|
|upkeep
|turn|102
|
|t:|1659393956
|move|p1a: Umbreon|Protect|p1a: Umbreon
|-singleturn|p1a: Umbreon|Protect
|move|p2a: Dragonite|Dragon Dance|p2a: Dragonite
|-boost|p2a: Dragonite|atk|1
|-boost|p2a: Dragonite|spe|1
|
|-heal|p1a: Umbreon|80/100|[from] move: Wish|[wisher] Umbreon
|upkeep
|turn|103
|
|t:|1659393959
|switch|p1a: tu ex|Stunfisk, M, shiny|1/100 tox
|-damage|p1a: tu ex|0 fnt|[from] Stealth Rock
|faint|p1a: tu ex
|move|p2a: Dragonite|Dual Wingbeat|p1: tu ex|[notarget]
|-fail|p2a: Dragonite
|
|upkeep
|
|t:|1659393960
|switch|p1a: Ditto|Ditto|56/100
|-damage|p1a: Ditto|44/100|[from] Stealth Rock
|-transform|p1a: Ditto|p2a: Dragonite|[from] ability: Imposter
|turn|104
|
|t:|1659393977
|switch|p2a: Ferrothorn|Ferrothorn, M|27/100 brn
|-damage|p2a: Ferrothorn|21/100 brn|[from] Stealth Rock
|move|p1a: Ditto|Ice Punch|p2a: Ferrothorn
|-damage|p2a: Ferrothorn|0 fnt
|-damage|p1a: Ditto|32/100|[from] ability: Iron Barbs|[of] p2a: Ferrothorn
|faint|p2a: Ferrothorn
|
|upkeep
|
|t:|1659393980
|switch|p2a: Melmetal|Melmetal|78/100
|-damage|p2a: Melmetal|72/100|[from] Stealth Rock
|turn|105
|
|t:|1659393987
|switch|p1a: que es un cuello?|Chansey, F|71/100
|-damage|p1a: que es un cuello?|59/100|[from] Stealth Rock
|move|p2a: Melmetal|Double Iron Bash|p1a: que es un cuello?
|-damage|p1a: que es un cuello?|29/100
|-damage|p1a: que es un cuello?|2/100
|-hitcount|p1a: que es un cuello?|2
|
|upkeep
|turn|106
|
|t:|1659393994
|move|p1a: que es un cuello?|Soft-Boiled|p1a: que es un cuello?
|-heal|p1a: que es un cuello?|52/100
|move|p2a: Melmetal|Double Iron Bash|p1a: que es un cuello?
|-damage|p1a: que es un cuello?|24/100
|-damage|p1a: que es un cuello?|0 fnt
|faint|p1a: que es un cuello?
|-hitcount|p1: que es un cuello?|2
|
|upkeep
|
|t:|1659393997
|switch|p1a: Umbreon|Umbreon, F|80/100
|turn|107
|
|t:|1659394006
|move|p1a: Umbreon|Foul Play|p2a: Melmetal
|-damage|p2a: Melmetal|42/100
|move|p2a: Melmetal|Toxic|p1a: Umbreon
|-status|p1a: Umbreon|tox
|
|-damage|p1a: Umbreon|74/100 tox|[from] psn
|upkeep
|turn|108
|
|t:|1659394013
|move|p1a: Umbreon|Wish|p1a: Umbreon
|move|p2a: Melmetal|Earthquake|p1a: Umbreon
|-damage|p1a: Umbreon|49/100 tox
|
|-damage|p1a: Umbreon|37/100 tox|[from] psn
|upkeep
|turn|109
|
|t:|1659394021
|move|p1a: Umbreon|Heal Bell|p1a: Umbreon
|-activate|p1a: Umbreon|move: Heal Bell
|-curestatus|p1a: Umbreon|tox|[msg]
|move|p2a: Melmetal|Earthquake|p1a: Umbreon
|-damage|p1a: Umbreon|12/100
|
|-heal|p1a: Umbreon|62/100|[from] move: Wish|[wisher] Umbreon
|upkeep
|turn|110
|
|t:|1659394027
|move|p1a: Umbreon|Protect|p1a: Umbreon
|-singleturn|p1a: Umbreon|Protect
|move|p2a: Melmetal|Toxic|p1a: Umbreon
|-activate|p1a: Umbreon|move: Protect
|
|upkeep
|turn|111
|
|t:|1659394029
|move|p1a: Umbreon|Wish|p1a: Umbreon
|move|p2a: Melmetal|Toxic|p1a: Umbreon|[miss]
|-miss|p2a: Melmetal|p1a: Umbreon
|
|upkeep
|turn|112
|
|t:|1659394033
|move|p1a: Umbreon|Foul Play|p2a: Melmetal
|-damage|p2a: Melmetal|11/100
|move|p2a: Melmetal|Toxic|p1a: Umbreon|[miss]
|-miss|p2a: Melmetal|p1a: Umbreon
|
|-heal|p1a: Umbreon|100/100|[from] move: Wish|[wisher] Umbreon
|upkeep
|turn|113
|c|☆j_albacino023|lol
|
|t:|1659394046
|move|p1a: Umbreon|Foul Play|p2a: Melmetal
|-damage|p2a: Melmetal|0 fnt
|faint|p2a: Melmetal
|
|upkeep
|
|t:|1659394047
|switch|p2a: Tapu Koko|Tapu Koko|58/100
|-damage|p2a: Tapu Koko|46/100|[from] Stealth Rock
|-fieldstart|move: Electric Terrain|[from] ability: Electric Surge|[of] p2a: Tapu Koko
|turn|114
|
|t:|1659394050
|move|p1a: Umbreon|Protect|p1a: Umbreon
|-singleturn|p1a: Umbreon|Protect
|move|p2a: Tapu Koko|Thunderbolt|p1a: Umbreon
|-activate|p1a: Umbreon|move: Protect
|
|upkeep
|turn|115
|
|t:|1659394053
|move|p2a: Tapu Koko|Thunderbolt|p1a: Umbreon
|-damage|p1a: Umbreon|65/100
|move|p1a: Umbreon|Wish|p1a: Umbreon
|
|upkeep
|turn|116
|
|t:|1659394058
|move|p2a: Tapu Koko|Thunderbolt|p1a: Umbreon
|-damage|p1a: Umbreon|33/100
|move|p1a: Umbreon|Foul Play|p2a: Tapu Koko
|-resisted|p2a: Tapu Koko
|-damage|p2a: Tapu Koko|25/100
|
|-heal|p1a: Umbreon|83/100|[from] move: Wish|[wisher] Umbreon
|upkeep
|turn|117
|
|t:|1659394065
|move|p1a: Umbreon|Protect|p1a: Umbreon
|-singleturn|p1a: Umbreon|Protect
|move|p2a: Tapu Koko|Thunderbolt|p1a: Umbreon
|-activate|p1a: Umbreon|move: Protect
|
|upkeep
|turn|118
|
|t:|1659394068
|move|p2a: Tapu Koko|Thunderbolt|p1a: Umbreon
|-damage|p1a: Umbreon|47/100
|move|p1a: Umbreon|Wish|p1a: Umbreon
|
|-fieldend|move: Electric Terrain
|upkeep
|turn|119
|
|t:|1659394073
|move|p1a: Umbreon|Protect|p1a: Umbreon
|-singleturn|p1a: Umbreon|Protect
|move|p2a: Tapu Koko|Dazzling Gleam|p1a: Umbreon
|-activate|p1a: Umbreon|move: Protect
|
|-heal|p1a: Umbreon|97/100|[from] move: Wish|[wisher] Umbreon
|upkeep
|turn|120
|
|t:|1659394082
|move|p2a: Tapu Koko|Dazzling Gleam|p1a: Umbreon
|-supereffective|p1a: Umbreon
|-damage|p1a: Umbreon|52/100
|move|p1a: Umbreon|Wish|p1a: Umbreon
|
|upkeep
|turn|121
|
|t:|1659394086
|move|p2a: Tapu Koko|Thunderbolt|p1a: Umbreon
|-damage|p1a: Umbreon|27/100
|move|p1a: Umbreon|Foul Play|p2a: Tapu Koko
|-resisted|p2a: Tapu Koko
|-crit|p2a: Tapu Koko
|-damage|p2a: Tapu Koko|0 fnt
|faint|p2a: Tapu Koko
|
|-heal|p1a: Umbreon|77/100|[from] move: Wish|[wisher] Umbreon
|upkeep
|c|☆j_albacino023|lol
|c|☆j_albacino023|what is going on
|c|☆egal★vanc|hax
|inactive|j_albacino023 has 120 seconds left.
|
|t:|1659394120
|switch|p2a: Dragonite|Dragonite, M|100/100
|turn|122
|
|t:|1659394126
|move|p2a: Dragonite|Ice Punch|p1a: Umbreon
|-damage|p1a: Umbreon|62/100
|move|p1a: Umbreon|Wish|p1a: Umbreon
|
|upkeep
|turn|123
|
|t:|1659394129
|move|p2a: Dragonite|Ice Punch|p1a: Umbreon
|-damage|p1a: Umbreon|47/100
|move|p1a: Umbreon|Foul Play|p2a: Dragonite
|-damage|p2a: Dragonite|73/100
|
|-heal|p1a: Umbreon|97/100|[from] move: Wish|[wisher] Umbreon
|upkeep
|turn|124
|
|t:|1659394131
|move|p2a: Dragonite|Ice Punch|p1a: Umbreon
|-damage|p1a: Umbreon|82/100
|move|p1a: Umbreon|Foul Play|p2a: Dragonite
|-damage|p2a: Dragonite|15/100
|
|upkeep
|turn|125
|
|t:|1659394134
|move|p2a: Dragonite|Ice Punch|p1a: Umbreon
|-damage|p1a: Umbreon|67/100
|move|p1a: Umbreon|Foul Play|p2a: Dragonite
|-damage|p2a: Dragonite|0 fnt
|faint|p2a: Dragonite
|
|upkeep
|c|☆j_albacino023|nope
|-message|j_albacino023 forfeited.
|
|win|egal★vanc
|raw|egal★vanc's rating: 1802 &rarr; <strong>1820</strong><br />(+18 for winning)
|raw|j_albacino023's rating: 1763 &rarr; <strong>1745</strong><br />(-18 for losing)
|l|☆j_albacino023
||Ladder isn't responding, score probably updated but might not have (Request timeout).
