|j|☆Mutako Z
|j|‽Guest 5890168
|t:|1664807581
|gametype|singles
|player|p1|Mutako Z|unknown|1528
|player|p2|Guest 5890168|170|1620
|teamsize|p1|6
|teamsize|p2|6
|gen|8
|tier|[Gen 8] OU
|rated|
|rule|Sleep Clause Mod: Limit one foe put to sleep
|rule|Species Clause: Limit one of each Pokémon
|rule|OHKO Clause: OHKO moves are banned
|rule|Evasion Items Clause: Evasion items are banned
|rule|Evasion Moves Clause: Evasion moves are banned
|rule|Endless Battle Clause: Forcing endless battles is banned
|rule|HP Percentage Mod: HP is shown in percentages
|rule|Dynamax Clause: You cannot dynamax
|clearpoke
|poke|p1|Hippowdon, M|
|poke|p1|Tyranitar, F|
|poke|p1|Excadrill, M|
|poke|p1|Dracozolt|
|poke|p1|Zapdos|
|poke|p1|Slowbro, F|
|poke|p2|Rotom-Wash|
|poke|p2|Weavile, M|
|poke|p2|Landorus-Therian, M|
|poke|p2|Heatran, M|
|poke|p2|Tangrowth, F|
|poke|p2|Melmetal|
|teampreview
|
|t:|1664807584
|start
|switch|p1a: Achilles|Zapdos|100/100
|switch|p2a: Weavile|Weavile, M|100/100
|-ability|p2a: Weavile|Pressure
|turn|1
|inactive|Battle timer is ON: inactive players will automatically lose when time's up. (requested by Guest 5890168)
|
|t:|1664807590
|switch|p2a: Rotom|Rotom-Wash|100/100
|switch|p1a: Mao|Tyranitar, F|100/100
|-weather|Sandstorm|[from] ability: Sand Stream|[of] p1a: Mao
|
|-weather|Sandstorm|[upkeep]
|-damage|p2a: Rotom|94/100|[from] Sandstorm
|-heal|p2a: Rotom|100/100|[from] item: Leftovers
|upkeep
|turn|2
|
|t:|1664807602
|switch|p1a: Foncecar|Slowbro, F|100/100
|move|p2a: Rotom|Nasty Plot|p2a: Rotom
|-boost|p2a: Rotom|spa|2
|
|-weather|Sandstorm|[upkeep]
|-damage|p2a: Rotom|94/100|[from] Sandstorm
|-damage|p1a: Foncecar|94/100|[from] Sandstorm
|-heal|p2a: Rotom|100/100|[from] item: Leftovers
|upkeep
|turn|3
|
|t:|1664807611
|switch|p1a: Achilles|Zapdos|100/100
|move|p2a: Rotom|Thunderbolt|p1a: Achilles
|-damage|p1a: Achilles|37/100
|
|-weather|Sandstorm|[upkeep]
|-damage|p2a: Rotom|94/100|[from] Sandstorm
|-damage|p1a: Achilles|31/100|[from] Sandstorm
|-heal|p2a: Rotom|100/100|[from] item: Leftovers
|upkeep
|turn|4
|
|t:|1664807620
|move|p2a: Rotom|Thunderbolt|p1a: Achilles
|-crit|p1a: Achilles
|-damage|p1a: Achilles|0 fnt
|faint|p1a: Achilles
|
|-weather|Sandstorm|[upkeep]
|-damage|p2a: Rotom|94/100|[from] Sandstorm
|-heal|p2a: Rotom|100/100|[from] item: Leftovers
|upkeep
|
|t:|1664807627
|switch|p1a: Swagzaer|Dracozolt|100/100
|turn|5
|
|t:|1664807631
|switch|p2a: Tangrowth|Tangrowth, F|100/100
|move|p1a: Swagzaer|Fire Blast|p2a: Tangrowth
|-supereffective|p2a: Tangrowth
|-damage|p2a: Tangrowth|1/100
|-damage|p1a: Swagzaer|91/100|[from] item: Life Orb
|
|-weather|none
|upkeep
|turn|6
|
|t:|1664807640
|switch|p2a: Landorus|Landorus-Therian, M|100/100
|-ability|p2a: Landorus|Intimidate|boost
|-unboost|p1a: Swagzaer|atk|1
|move|p1a: Swagzaer|Fire Blast|p2a: Landorus
|-damage|p2a: Landorus|72/100
|-damage|p1a: Swagzaer|81/100|[from] item: Life Orb
|
|-heal|p2a: Landorus|78/100|[from] item: Leftovers
|upkeep
|turn|7
|
|t:|1664807649
|switch|p1a: Bernard Tapie|Hippowdon, M|100/100
|-weather|Sandstorm|[from] ability: Sand Stream|[of] p1a: Bernard Tapie
|move|p2a: Landorus|Earthquake|p1a: Bernard Tapie
|-damage|p1a: Bernard Tapie|77/100
|
|-weather|Sandstorm|[upkeep]
|-heal|p2a: Landorus|84/100|[from] item: Leftovers
|upkeep
|turn|8
|
|t:|1664807657
|move|p2a: Landorus|Toxic|p1a: Bernard Tapie
|-status|p1a: Bernard Tapie|tox
|move|p1a: Bernard Tapie|Stealth Rock|p2a: Landorus
|-sidestart|p2: Guest 5890168|move: Stealth Rock
|
|-weather|Sandstorm|[upkeep]
|-heal|p2a: Landorus|90/100|[from] item: Leftovers
|-damage|p1a: Bernard Tapie|70/100 tox|[from] psn
|upkeep
|turn|9
|
|t:|1664807664
|move|p2a: Landorus|Earthquake|p1a: Bernard Tapie
|-damage|p1a: Bernard Tapie|46/100 tox
|move|p1a: Bernard Tapie|Ice Fang|p2a: Landorus
|-supereffective|p2a: Landorus
|-damage|p2a: Landorus|27/100
|
|-weather|Sandstorm|[upkeep]
|-heal|p2a: Landorus|33/100|[from] item: Leftovers
|-damage|p1a: Bernard Tapie|34/100 tox|[from] psn
|upkeep
|turn|10
|
|t:|1664807673
|switch|p1a: Foncecar|Slowbro, F|100/100
|move|p2a: Landorus|U-turn|p1a: Foncecar
|-supereffective|p1a: Foncecar
|-damage|p1a: Foncecar|73/100
|-damage|p2a: Landorus|17/100|[from] item: Rocky Helmet|[of] p1a: Foncecar
|
|t:|1664807673
|switch|p2a: Tangrowth|Tangrowth, F|35/100|[from]move: U-turn
|-damage|p2a: Tangrowth|22/100|[from] Stealth Rock
|
|-weather|Sandstorm|[upkeep]
|-damage|p2a: Tangrowth|16/100|[from] Sandstorm
|-damage|p1a: Foncecar|67/100|[from] Sandstorm
|upkeep
|turn|11
|
|t:|1664807685
|switch|p1a: Swagzaer|Dracozolt|81/100
|move|p2a: Tangrowth|Giga Drain|p1a: Swagzaer
|-resisted|p1a: Swagzaer
|-damage|p1a: Swagzaer|59/100
|-heal|p2a: Tangrowth|25/100|[from] drain|[of] p1a: Swagzaer
|
|-weather|Sandstorm|[upkeep]
|-damage|p2a: Tangrowth|19/100|[from] Sandstorm
|upkeep
|turn|12
|
|t:|1664807693
|switch|p2a: Landorus|Landorus-Therian, M|17/100
|-damage|p2a: Landorus|4/100|[from] Stealth Rock
|-ability|p2a: Landorus|Intimidate|boost
|-unboost|p1a: Swagzaer|atk|1
|move|p1a: Swagzaer|Fire Blast|p2a: Landorus|[miss]
|-miss|p1a: Swagzaer|p2a: Landorus
|
|-weather|Sandstorm|[upkeep]
|-heal|p2a: Landorus|10/100|[from] item: Leftovers
|upkeep
|turn|13
|
|t:|1664807702
|switch|p2a: Melmetal|Melmetal|100/100
|-damage|p2a: Melmetal|94/100|[from] Stealth Rock
|move|p1a: Swagzaer|Fire Blast|p2a: Melmetal
|-supereffective|p2a: Melmetal
|-damage|p2a: Melmetal|55/100
|-damage|p1a: Swagzaer|49/100|[from] item: Life Orb
|
|-weather|Sandstorm|[upkeep]
|upkeep
|turn|14
|
|t:|1664807711
|switch|p1a: Foncecar|Slowbro, F|99/100
|move|p2a: Melmetal|Double Iron Bash|p1a: Foncecar
|-resisted|p1a: Foncecar
|-damage|p1a: Foncecar|87/100
|-damage|p2a: Melmetal|39/100|[from] item: Rocky Helmet|[of] p1a: Foncecar
|-resisted|p1a: Foncecar
|-damage|p1a: Foncecar|73/100
|-damage|p2a: Melmetal|22/100|[from] item: Rocky Helmet|[of] p1a: Foncecar
|-hitcount|p1a: Foncecar|2
|
|-weather|none
|upkeep
|turn|15
|
|t:|1664807724
|switch|p1a: Bernard Tapie|Hippowdon, M|34/100 tox
|-weather|Sandstorm|[from] ability: Sand Stream|[of] p1a: Bernard Tapie
|move|p2a: Melmetal|Earthquake|p1a: Bernard Tapie
|-damage|p1a: Bernard Tapie|13/100 tox
|
|-weather|Sandstorm|[upkeep]
|-damage|p1a: Bernard Tapie|6/100 tox|[from] psn
|upkeep
|turn|16
|
|t:|1664807734
|move|p1a: Bernard Tapie|Earthquake|p2a: Melmetal
|-supereffective|p2a: Melmetal
|-damage|p2a: Melmetal|0 fnt
|faint|p2a: Melmetal
|
|-weather|Sandstorm|[upkeep]
|-damage|p1a: Bernard Tapie|0 fnt|[from] psn
|faint|p1a: Bernard Tapie
|upkeep
|
|t:|1664807741
|switch|p1a: Swagzaer|Dracozolt|49/100
|switch|p2a: Tangrowth|Tangrowth, F|52/100
|-damage|p2a: Tangrowth|39/100|[from] Stealth Rock
|turn|17
|
|t:|1664807745
|switch|p2a: Landorus|Landorus-Therian, M|10/100
|-damage|p2a: Landorus|0 fnt|[from] Stealth Rock
|faint|p2a: Landorus
|move|p1a: Swagzaer|Fire Blast|p2: Landorus|[notarget]
|-fail|p1a: Swagzaer
|
|-weather|Sandstorm|[upkeep]
|upkeep
|
|t:|1664807746
|switch|p2a: Weavile|Weavile, M|100/100
|-damage|p2a: Weavile|76/100|[from] Stealth Rock
|-ability|p2a: Weavile|Pressure
|turn|18
|
|t:|1664807756
|switch|p1a: Foncecar|Slowbro, F|100/100
|move|p2a: Weavile|Ice Shard|p1a: Foncecar
|-resisted|p1a: Foncecar
|-damage|p1a: Foncecar|90/100
|
|-weather|Sandstorm|[upkeep]
|-damage|p2a: Weavile|70/100|[from] Sandstorm
|-damage|p1a: Foncecar|84/100|[from] Sandstorm
|upkeep
|turn|19
|
|t:|1664807764
|move|p2a: Weavile|Ice Shard|p1a: Foncecar
|-resisted|p1a: Foncecar
|-damage|p1a: Foncecar|74/100
|move|p1a: Foncecar|Future Sight|p2a: Weavile
|-start|p1a: Foncecar|move: Future Sight
|
|-weather|Sandstorm|[upkeep]
|-damage|p2a: Weavile|63/100|[from] Sandstorm
|-damage|p1a: Foncecar|68/100|[from] Sandstorm
|upkeep
|turn|20
|
|t:|1664807770
|move|p2a: Weavile|Ice Shard|p1a: Foncecar
|-resisted|p1a: Foncecar
|-damage|p1a: Foncecar|58/100
|move|p1a: Foncecar|Scald|p2a: Weavile
|-damage|p2a: Weavile|15/100
|-status|p2a: Weavile|brn
|
|-weather|Sandstorm|[upkeep]
|-damage|p2a: Weavile|9/100 brn|[from] Sandstorm
|-damage|p1a: Foncecar|52/100|[from] Sandstorm
|-damage|p2a: Weavile|3/100 brn|[from] brn
|upkeep
|turn|21
|
|t:|1664807782
|move|p2a: Weavile|Ice Shard|p1a: Foncecar
|-resisted|p1a: Foncecar
|-damage|p1a: Foncecar|47/100
|move|p1a: Foncecar|Teleport|p1a: Foncecar
|
|t:|1664807791
|switch|p1a: Swagzaer|Dracozolt|49/100|[from]move: Teleport
|
|-weather|Sandstorm|[upkeep]
|-damage|p2a: Weavile|0 fnt|[from] Sandstorm
|faint|p2a: Weavile
|-hint|Future Sight did not hit because the target is fainted.
|upkeep
|
|t:|1664807791
|switch|p2a: Tangrowth|Tangrowth, F|73/100
|-damage|p2a: Tangrowth|60/100|[from] Stealth Rock
|turn|22
|
|t:|1664807800
|move|p1a: Swagzaer|Draco Meteor|p2a: Tangrowth
|-crit|p2a: Tangrowth
|-damage|p2a: Tangrowth|0 fnt
|-unboost|p1a: Swagzaer|spa|2
|faint|p2a: Tangrowth
|-damage|p1a: Swagzaer|39/100|[from] item: Life Orb
|
|-weather|none
|upkeep
|
|t:|1664807800
|switch|p2a: Heatran|Heatran, M|100/100
|-damage|p2a: Heatran|88/100|[from] Stealth Rock
|-item|p2a: Heatran|Air Balloon
|turn|23
|
|t:|1664807815
|switch|p1a: Foncecar|Slowbro, F|80/100
|move|p2a: Heatran|Earth Power|p1a: Foncecar
|-damage|p1a: Foncecar|46/100
|
|upkeep
|turn|24
|
|t:|1664807822
|move|p2a: Heatran|Earth Power|p1a: Foncecar
|-damage|p1a: Foncecar|16/100
|move|p1a: Foncecar|Scald|p2a: Heatran
|-supereffective|p2a: Heatran
|-damage|p2a: Heatran|26/100
|-enditem|p2a: Heatran|Air Balloon
|
|upkeep
|turn|25
|
|t:|1664807847
|move|p2a: Heatran|Earth Power|p1a: Foncecar
|-crit|p1a: Foncecar
|-damage|p1a: Foncecar|0 fnt
|faint|p1a: Foncecar
|
|upkeep
|
|t:|1664807858
|switch|p1a: Mao|Tyranitar, F|100/100
|-weather|Sandstorm|[from] ability: Sand Stream|[of] p1a: Mao
|turn|26
|
|t:|1664807862
|move|p2a: Heatran|Stealth Rock|p1a: Mao
|-sidestart|p1: Mutako Z|move: Stealth Rock
|move|p1a: Mao|Stone Edge|p2a: Heatran|[miss]
|-miss|p1a: Mao|p2a: Heatran
|
|-weather|Sandstorm|[upkeep]
|upkeep
|turn|27
|
|t:|1664807867
|move|p2a: Heatran|Earth Power|p1a: Mao
|-supereffective|p1a: Mao
|-enditem|p1a: Mao|Shuca Berry|[eat]
|-enditem|p1a: Mao|Shuca Berry|[weaken]
|-damage|p1a: Mao|80/100
|move|p1a: Mao|Stone Edge|p2a: Heatran|[miss]
|-miss|p1a: Mao|p2a: Heatran
|
|-weather|Sandstorm|[upkeep]
|upkeep
|turn|28
|
|t:|1664807875
|move|p2a: Heatran|Earth Power|p1a: Mao
|-supereffective|p1a: Mao
|-damage|p1a: Mao|39/100
|move|p1a: Mao|Stone Edge|p2a: Heatran
|-damage|p2a: Heatran|0 fnt
|faint|p2a: Heatran
|
|-weather|Sandstorm|[upkeep]
|upkeep
|
|t:|1664807875
|switch|p2a: Rotom|Rotom-Wash|100/100
|-damage|p2a: Rotom|88/100|[from] Stealth Rock
|turn|29
|
|t:|1664807888
|switch|p1a: Swagzaer|Dracozolt|39/100
|-damage|p1a: Swagzaer|26/100|[from] Stealth Rock
|move|p2a: Rotom|Hydro Pump|p1a: Swagzaer
|-resisted|p1a: Swagzaer
|-damage|p1a: Swagzaer|0 fnt
|faint|p1a: Swagzaer
|
|-weather|Sandstorm|[upkeep]
|-damage|p2a: Rotom|82/100|[from] Sandstorm
|-heal|p2a: Rotom|88/100|[from] item: Leftovers
|upkeep
|
|t:|1664807897
|switch|p1a: Mao|Tyranitar, F|39/100
|-damage|p1a: Mao|26/100|[from] Stealth Rock
|turn|30
|
|t:|1664807901
|move|p2a: Rotom|Hydro Pump|p1a: Mao
|-supereffective|p1a: Mao
|-damage|p1a: Mao|0 fnt
|faint|p1a: Mao
|
|-weather|none
|-heal|p2a: Rotom|94/100|[from] item: Leftovers
|upkeep
|
|t:|1664807907
|switch|p1a: drill|Excadrill, M|100/100
|-damage|p1a: drill|97/100|[from] Stealth Rock
|turn|31
|
|t:|1664807911
|move|p1a: drill|Rock Slide|p2a: Rotom
|-damage|p2a: Rotom|58/100
|-damage|p1a: drill|88/100|[from] item: Life Orb
|move|p2a: Rotom|Hydro Pump|p1a: drill
|-supereffective|p1a: drill
|-damage|p1a: drill|0 fnt
|faint|p1a: drill
|
|win|Guest 5890168
|raw|Mutako Z's rating: 1528 &rarr; <strong>1513</strong><br />(-15 for losing)
|raw|Guest 5890168's rating: 1620 &rarr; <strong>1635</strong><br />(+15 for winning)
