|j|☆smashbruhthers
|j|☆Fastpitchkiller
|t:|1647639084
|gametype|singles
|player|p1|smashbruhthers|youngster-gen4dp|1700
|player|p2|Fastpitchkiller|102|1787
|teamsize|p1|6
|teamsize|p2|6
|gen|8
|tier|[Gen 8] OU
|rated|
|rule|Sleep Clause Mod: Limit one foe put to sleep
|rule|Species Clause: Limit one of each Pokémon
|rule|OHKO Clause: OHKO moves are banned
|rule|Evasion Moves Clause: Evasion moves are banned
|rule|Endless Battle Clause: Forcing endless battles is banned
|rule|HP Percentage Mod: HP is shown in percentages
|rule|Dynamax Clause: You cannot dynamax
|clearpoke
|poke|p1|Shedinja|
|poke|p1|Clefable, M|
|poke|p1|Garchomp, F|
|poke|p1|Hydreigon, F|
|poke|p1|Melmetal|
|poke|p1|Mew|
|poke|p2|Blaziken, M|
|poke|p2|Slowbro, F|
|poke|p2|Tyranitar, F|
|poke|p2|Corviknight, M|
|poke|p2|Landorus-Therian, M|
|poke|p2|Tapu Koko|
|teampreview
|
|t:|1647639093
|start
|switch|p1a: Garchomp|Garchomp, F|100/100
|switch|p2a: Precoz|Tapu Koko|100/100
|-fieldstart|move: Electric Terrain|[from] ability: Electric Surge|[of] p2a: Precoz
|turn|1
|
|t:|1647639101
|move|p1a: Garchomp|Protect|p1a: Garchomp
|-singleturn|p1a: Garchomp|Protect
|move|p2a: Precoz|U-turn|p1a: Garchomp
|-activate|p1a: Garchomp|move: Protect
|
|upkeep
|turn|2
|
|t:|1647639108
|switch|p2a: Slowgatell|Slowbro, F|100/100
|move|p1a: Garchomp|Stealth Rock|p2a: Slowgatell
|-sidestart|p2: Fastpitchkiller|move: Stealth Rock
|
|upkeep
|turn|3
|
|t:|1647639115
|move|p1a: Garchomp|Toxic|p2a: Slowgatell
|-status|p2a: Slowgatell|tox
|move|p2a: Slowgatell|Future Sight|p1a: Garchomp
|-start|p2a: Slowgatell|move: Future Sight
|
|-damage|p2a: Slowgatell|94/100 tox|[from] psn
|upkeep
|turn|4
|
|t:|1647639124
|move|p1a: Garchomp|Protect|p1a: Garchomp
|-singleturn|p1a: Garchomp|Protect
|move|p2a: Slowgatell|Ice Beam|p1a: Garchomp
|-activate|p1a: Garchomp|move: Protect
|
|-damage|p2a: Slowgatell|82/100 tox|[from] psn
|upkeep
|turn|5
|
|t:|1647639132
|switch|p1a: Hydreigon|Hydreigon, F|100/100
|move|p2a: Slowgatell|Toxic|p1a: Hydreigon
|-status|p1a: Hydreigon|tox
|
|-end|p1a: Hydreigon|move: Future Sight
|-immune|p1a: Hydreigon
|-damage|p1a: Hydreigon|94/100 tox|[from] psn
|-damage|p2a: Slowgatell|64/100 tox|[from] psn
|-fieldend|move: Electric Terrain
|upkeep
|turn|6
|
|t:|1647639144
|switch|p1a: Melmetal|Melmetal|100/100
|switch|p2a: Precoz|Tapu Koko|100/100
|-fieldstart|move: Electric Terrain|[from] ability: Electric Surge|[of] p2a: Precoz
|
|upkeep
|turn|7
|
|t:|1647639152
|move|p2a: Precoz|U-turn|p1a: Melmetal
|-resisted|p1a: Melmetal
|-damage|p1a: Melmetal|96/100
|
|t:|1647639154
|switch|p2a: Corvikstall|Corviknight, M|100/100|[from]move: U-turn
|-damage|p2a: Corvikstall|88/100|[from] Stealth Rock
|-ability|p2a: Corvikstall|Pressure
|move|p1a: Melmetal|Double Iron Bash|p2a: Corvikstall
|-resisted|p2a: Corvikstall
|-damage|p2a: Corvikstall|67/100
|-damage|p1a: Melmetal|79/100|[from] item: Rocky Helmet|[of] p2a: Corvikstall
|-resisted|p2a: Corvikstall
|-damage|p2a: Corvikstall|48/100
|-damage|p1a: Melmetal|63/100|[from] item: Rocky Helmet|[of] p2a: Corvikstall
|-hitcount|p2a: Corvikstall|2
|
|upkeep
|turn|8
|
|t:|1647639167
|switch|p1a: Mew|Mew|100/100
|move|p2a: Corvikstall|Defog|p1a: Mew
|-unboost|p1a: Mew|evasion|1
|-sideend|p2: Fastpitchkiller|Stealth Rock|[from] move: Defog|[of] p2a: Corvikstall
|-fieldend|move: Electric Terrain
|
|upkeep
|turn|9
|
|t:|1647639174
|move|p1a: Mew|Nasty Plot|p1a: Mew
|-boost|p1a: Mew|spa|2
|move|p2a: Corvikstall|U-turn|p1a: Mew
|-supereffective|p1a: Mew
|-damage|p1a: Mew|77/100
|
|t:|1647639183
|switch|p2a: Precoz|Tapu Koko|100/100|[from]move: U-turn
|-fieldstart|move: Electric Terrain|[from] ability: Electric Surge|[of] p2a: Precoz
|
|-heal|p1a: Mew|83/100|[from] item: Leftovers
|upkeep
|turn|10
|
|t:|1647639191
|move|p2a: Precoz|U-turn|p1a: Mew
|-supereffective|p1a: Mew
|-damage|p1a: Mew|55/100
|
|t:|1647639193
|switch|p2a: GODzilla|Tyranitar, F|100/100|[from]move: U-turn
|-weather|Sandstorm|[from] ability: Sand Stream|[of] p2a: GODzilla
|move|p1a: Mew|Roost|p1a: Mew
|-heal|p1a: Mew|100/100
|-singleturn|p1a: Mew|move: Roost
|
|-weather|Sandstorm|[upkeep]
|-damage|p1a: Mew|94/100|[from] Sandstorm
|-heal|p1a: Mew|100/100|[from] item: Leftovers
|upkeep
|turn|11
|
|t:|1647639205
|switch|p2a: Corvikstall|Corviknight, M|48/100
|-ability|p2a: Corvikstall|Pressure
|move|p1a: Mew|Aura Sphere|p2a: Corvikstall
|-damage|p2a: Corvikstall|17/100
|
|-weather|Sandstorm|[upkeep]
|-damage|p1a: Mew|94/100|[from] Sandstorm
|-heal|p1a: Mew|100/100|[from] item: Leftovers
|upkeep
|turn|12
|
|t:|1647639216
|switch|p2a: Slowgatell|Slowbro, F|97/100 tox
|move|p1a: Mew|Aura Sphere|p2a: Slowgatell
|-resisted|p2a: Slowgatell
|-damage|p2a: Slowgatell|80/100 tox
|
|-weather|Sandstorm|[upkeep]
|-damage|p1a: Mew|94/100|[from] Sandstorm
|-damage|p2a: Slowgatell|74/100 tox|[from] Sandstorm
|-heal|p1a: Mew|100/100|[from] item: Leftovers
|-damage|p2a: Slowgatell|68/100 tox|[from] psn
|upkeep
|turn|13
|
|t:|1647639228
|move|p1a: Mew|Nasty Plot|p1a: Mew
|-boost|p1a: Mew|spa|2
|move|p2a: Slowgatell|Teleport|p2a: Slowgatell
|
|t:|1647639232
|switch|p2a: Claudio|Blaziken, M|100/100|[from]move: Teleport
|
|-weather|Sandstorm|[upkeep]
|-damage|p1a: Mew|94/100|[from] Sandstorm
|-damage|p2a: Claudio|95/100|[from] Sandstorm
|-heal|p1a: Mew|100/100|[from] item: Leftovers
|-fieldend|move: Electric Terrain
|upkeep
|turn|14
|
|t:|1647639241
|move|p1a: Mew|Psyshock|p2a: Claudio
|-supereffective|p2a: Claudio
|-damage|p2a: Claudio|0 fnt
|faint|p2a: Claudio
|
|-weather|none
|upkeep
|-message|Fastpitchkiller forfeited.
|
|win|smashbruhthers
|raw|smashbruhthers's rating: 1700 &rarr; <strong>1725</strong><br />(+25 for winning)
|raw|Fastpitchkiller's rating: 1787 &rarr; <strong>1762</strong><br />(-25 for losing)
|l|☆Fastpitchkiller
|j| Ctannn
