|raw|<div class="broadcast-blue"><strong>This battle is required to be public due to a player having a name starting with 'lt91bb'.</div>
|j|☆KFC Chizza
|j|☆LT91BB rrm
|t:|1659030010
|gametype|singles
|player|p1|KFC Chizza|unknown|1772
|player|p2|LT91BB rrm|lady|1722
|teamsize|p1|6
|teamsize|p2|6
|gen|8
|tier|[Gen 8] OU
|rated|
|rule|Sleep Clause Mod: Limit one foe put to sleep
|rule|Species Clause: Limit one of each Pokémon
|rule|OHKO Clause: OHKO moves are banned
|rule|Evasion Moves Clause: Evasion moves are banned
|rule|Endless Battle Clause: Forcing endless battles is banned
|rule|HP Percentage Mod: HP is shown in percentages
|rule|Dynamax Clause: You cannot dynamax
|clearpoke
|poke|p1|Buzzwole|
|poke|p1|Boltund, F|
|poke|p1|Mamoswine, F|
|poke|p1|Tornadus-Therian, M|
|poke|p1|Aegislash, F|
|poke|p1|Tapu Fini|
|poke|p2|Tapu Lele|
|poke|p2|Blissey, F|
|poke|p2|Urshifu-*, M|
|poke|p2|Landorus-Therian, M|
|poke|p2|Heatran, F|
|poke|p2|Slowbro, M|
|teampreview
|inactive|Battle timer is ON: inactive players will automatically lose when time's up. (requested by KFC Chizza)
|
|t:|1659030021
|start
|switch|p1a: Tornadus|Tornadus-Therian, M, shiny|100/100
|switch|p2a: Landorus|Landorus-Therian, M|100/100
|-ability|p2a: Landorus|Intimidate|boost
|-unboost|p1a: Tornadus|atk|1
|turn|1
|j| aquavanilla
|j| LT91BB rejeff
|j| LT91BB ownerdoor
|
|t:|1659030029
|move|p1a: Tornadus|Knock Off|p2a: Landorus
|-damage|p2a: Landorus|91/100
|-enditem|p2a: Landorus|Leftovers|[from] move: Knock Off|[of] p1a: Tornadus
|move|p2a: Landorus|Knock Off|p1a: Tornadus
|-damage|p1a: Tornadus|68/100
|-enditem|p1a: Tornadus|Heavy-Duty Boots|[from] move: Knock Off|[of] p2a: Landorus
|
|upkeep
|turn|2
|
|t:|1659030034
|move|p1a: Tornadus|Hurricane|p2a: Landorus
|-damage|p2a: Landorus|49/100
|-start|p2a: Landorus|confusion
|-activate|p2a: Landorus|confusion
|-damage|p2a: Landorus|40/100|[from] confusion
|
|upkeep
|turn|3
|j| slapthatman
|l| LT91BB ownerdoor
|
|t:|1659030043
|switch|p2a: Heatran|Heatran, F|100/100
|move|p1a: Tornadus|U-turn|p2a: Heatran
|-resisted|p2a: Heatran
|-damage|p2a: Heatran|99/100
|
|t:|1659030047
|switch|p1a: Mamoswine|Mamoswine, F, shiny|100/100|[from]move: U-turn
|
|-heal|p2a: Heatran|100/100|[from] item: Leftovers
|upkeep
|turn|4
|
|t:|1659030058
|switch|p2a: Slowbro|Slowbro, M|100/100
|move|p1a: Mamoswine|Earthquake|p2a: Slowbro
|-damage|p2a: Slowbro|70/100
|
|upkeep
|turn|5
|j| yung dan schneider
|
|t:|1659030065
|move|p1a: Mamoswine|Earthquake|p2a: Slowbro
|-damage|p2a: Slowbro|34/100
|move|p2a: Slowbro|Teleport|p2a: Slowbro
|l| aquavanilla
|
|t:|1659030080
|switch|p2a: Urshifu|Urshifu-Rapid-Strike, M|100/100|[from]move: Teleport
|
|upkeep
|turn|6
|
|t:|1659030085
|switch|p1a: Tapu Fini|Tapu Fini|100/100
|-fieldstart|move: Misty Terrain|[from] ability: Misty Surge|[of] p1a: Tapu Fini
|move|p2a: Urshifu|U-turn|p1a: Tapu Fini
|-resisted|p1a: Tapu Fini
|-damage|p1a: Tapu Fini|91/100
|
|t:|1659030089
|switch|p2a: Tapu Lele|Tapu Lele|100/100|[from]move: U-turn
|-fieldstart|move: Psychic Terrain|[from] ability: Psychic Surge|[of] p2a: Tapu Lele
|
|-heal|p1a: Tapu Fini|97/100|[from] item: Leftovers
|upkeep
|turn|7
|
|t:|1659030092
|switch|p1a: Aegislash|Aegislash, F|100/100
|move|p2a: Tapu Lele|Psychic|p1a: Aegislash
|-resisted|p1a: Aegislash
|-damage|p1a: Aegislash|74/100
|
|-heal|p1a: Aegislash|80/100|[from] item: Leftovers
|upkeep
|turn|8
|
|t:|1659030098
|switch|p2a: Heatran|Heatran, F|100/100
|-formechange|p1a: Aegislash|Aegislash-Blade||[from] ability: Stance Change
|move|p1a: Aegislash|Close Combat|p2a: Heatran
|-supereffective|p2a: Heatran
|-damage|p2a: Heatran|38/100
|-unboost|p1a: Aegislash|def|1
|-unboost|p1a: Aegislash|spd|1
|
|-heal|p2a: Heatran|45/100|[from] item: Leftovers
|-heal|p1a: Aegislash|86/100|[from] item: Leftovers
|upkeep
|turn|9
|
|t:|1659030111
|switch|p1a: Tapu Fini|Tapu Fini|97/100
|-fieldstart|move: Misty Terrain|[from] ability: Misty Surge|[of] p1a: Tapu Fini
|move|p2a: Heatran|Stealth Rock|p1a: Tapu Fini
|-sidestart|p1: KFC Chizza|move: Stealth Rock
|
|-heal|p2a: Heatran|51/100|[from] item: Leftovers
|-heal|p1a: Tapu Fini|100/100|[from] item: Leftovers
|upkeep
|turn|10
|
|t:|1659030117
|switch|p2a: Blissey|Blissey, F|100/100
|move|p1a: Tapu Fini|Whirlpool|p2a: Blissey
|-damage|p2a: Blissey|96/100
|-activate|p2a: Blissey|move: Whirlpool|[of] p1a: Tapu Fini
|
|-damage|p2a: Blissey|84/100|[from] move: Whirlpool|[partiallytrapped]
|upkeep
|turn|11
|
|t:|1659030121
|move|p1a: Tapu Fini|Taunt|p2a: Blissey
|-start|p2a: Blissey|move: Taunt
|move|p2a: Blissey|Seismic Toss|p1a: Tapu Fini
|-damage|p1a: Tapu Fini|71/100
|
|-heal|p1a: Tapu Fini|78/100|[from] item: Leftovers
|-damage|p2a: Blissey|71/100|[from] move: Whirlpool|[partiallytrapped]
|upkeep
|turn|12
|j| ibleachyourskin
|
|t:|1659030125
|move|p1a: Tapu Fini|Nature's Madness|p2a: Blissey
|-damage|p2a: Blissey|36/100
|move|p2a: Blissey|Seismic Toss|p1a: Tapu Fini
|-damage|p1a: Tapu Fini|48/100
|
|-heal|p1a: Tapu Fini|55/100|[from] item: Leftovers
|-damage|p2a: Blissey|23/100|[from] move: Whirlpool|[partiallytrapped]
|upkeep
|turn|13
|
|t:|1659030127
|move|p1a: Tapu Fini|Moonblast|p2a: Blissey
|-damage|p2a: Blissey|12/100
|-unboost|p2a: Blissey|spa|1
|move|p2a: Blissey|Seismic Toss|p1a: Tapu Fini
|-damage|p1a: Tapu Fini|25/100
|
|-heal|p1a: Tapu Fini|32/100|[from] item: Leftovers
|-damage|p2a: Blissey|0 fnt|[from] move: Whirlpool|[partiallytrapped]
|faint|p2a: Blissey
|-fieldend|Misty Terrain
|upkeep
|j| IPF
|
|t:|1659030129
|switch|p2a: Tapu Lele|Tapu Lele|100/100
|-fieldstart|move: Psychic Terrain|[from] ability: Psychic Surge|[of] p2a: Tapu Lele
|turn|14
|
|t:|1659030133
|switch|p1a: Aegislash|Aegislash, F|86/100
|-damage|p1a: Aegislash|80/100|[from] Stealth Rock
|move|p2a: Tapu Lele|Psychic|p1a: Aegislash
|-resisted|p1a: Aegislash
|-damage|p1a: Aegislash|53/100
|
|-heal|p1a: Aegislash|59/100|[from] item: Leftovers
|upkeep
|turn|15
|
|t:|1659030140
|switch|p2a: Urshifu|Urshifu-Rapid-Strike, M|100/100
|-formechange|p1a: Aegislash|Aegislash-Blade||[from] ability: Stance Change
|move|p1a: Aegislash|Shadow Ball|p2a: Urshifu
|-damage|p2a: Urshifu|48/100
|
|-heal|p1a: Aegislash|65/100|[from] item: Leftovers
|upkeep
|turn|16
|j| LT91BB Hiko
|
|t:|1659030147
|switch|p1a: Buzzwole|Buzzwole|100/100
|move|p2a: Urshifu|U-turn|p1a: Buzzwole
|-resisted|p1a: Buzzwole
|-damage|p1a: Buzzwole|95/100
|
|t:|1659030149
|switch|p2a: Tapu Lele|Tapu Lele|100/100|[from]move: U-turn
|
|upkeep
|turn|17
|
|t:|1659030153
|switch|p1a: Aegislash|Aegislash, F|65/100
|-damage|p1a: Aegislash|59/100|[from] Stealth Rock
|move|p2a: Tapu Lele|Psychic|p1a: Aegislash
|-resisted|p1a: Aegislash
|-damage|p1a: Aegislash|30/100
|
|-heal|p1a: Aegislash|36/100|[from] item: Leftovers
|upkeep
|turn|18
|
|t:|1659030158
|switch|p2a: Heatran|Heatran, F|51/100
|-formechange|p1a: Aegislash|Aegislash-Blade||[from] ability: Stance Change
|move|p1a: Aegislash|Shadow Ball|p2a: Heatran
|-damage|p2a: Heatran|26/100
|
|-heal|p2a: Heatran|33/100|[from] item: Leftovers
|-heal|p1a: Aegislash|42/100|[from] item: Leftovers
|-fieldend|move: Psychic Terrain
|upkeep
|turn|19
|
|t:|1659030164
|-formechange|p1a: Aegislash|Aegislash||[from] ability: Stance Change
|move|p1a: Aegislash|King's Shield|p1a: Aegislash
|-singleturn|p1a: Aegislash|Protect
|move|p2a: Heatran|Magma Storm|p1a: Aegislash
|-activate|p1a: Aegislash|move: Protect
|
|-heal|p2a: Heatran|39/100|[from] item: Leftovers
|-heal|p1a: Aegislash|48/100|[from] item: Leftovers
|upkeep
|turn|20
|j| LT91BB Happygate
|
|t:|1659030176
|switch|p1a: Tapu Fini|Tapu Fini|32/100
|-damage|p1a: Tapu Fini|19/100|[from] Stealth Rock
|-fieldstart|move: Misty Terrain|[from] ability: Misty Surge|[of] p1a: Tapu Fini
|move|p2a: Heatran|Magma Storm|p1a: Tapu Fini
|-resisted|p1a: Tapu Fini
|-damage|p1a: Tapu Fini|5/100
|-activate|p1a: Tapu Fini|move: Magma Storm|[of] p2a: Heatran
|
|-heal|p2a: Heatran|45/100|[from] item: Leftovers
|-heal|p1a: Tapu Fini|11/100|[from] item: Leftovers
|-damage|p1a: Tapu Fini|0 fnt|[from] move: Magma Storm|[partiallytrapped]
|faint|p1a: Tapu Fini
|upkeep
|
|t:|1659030185
|switch|p1a: Mamoswine|Mamoswine, F, shiny|100/100
|-damage|p1a: Mamoswine|88/100|[from] Stealth Rock
|turn|21
|
|t:|1659030193
|switch|p2a: Slowbro|Slowbro, M|67/100
|move|p1a: Mamoswine|Earthquake|p2a: Slowbro
|-damage|p2a: Slowbro|36/100
|
|upkeep
|turn|22
|j| fledd
|
|t:|1659030197
|move|p1a: Mamoswine|Freeze-Dry|p2a: Slowbro
|-supereffective|p2a: Slowbro
|-damage|p2a: Slowbro|0 fnt
|faint|p2a: Slowbro
|
|upkeep
|
|t:|1659030199
|switch|p2a: Tapu Lele|Tapu Lele|100/100
|-fieldstart|move: Psychic Terrain|[from] ability: Psychic Surge|[of] p2a: Tapu Lele
|turn|23
|
|t:|1659030214
|switch|p1a: Tornadus|Tornadus-Therian, M, shiny|100/100
|-damage|p1a: Tornadus|76/100|[from] Stealth Rock
|move|p2a: Tapu Lele|Psychic|p1a: Tornadus
|-damage|p1a: Tornadus|0 fnt
|faint|p1a: Tornadus
|
|upkeep
|
|t:|1659030215
|switch|p1a: Aegislash|Aegislash, F|48/100
|-damage|p1a: Aegislash|42/100|[from] Stealth Rock
|turn|24
|
|t:|1659030225
|switch|p2a: Heatran|Heatran, F|45/100
|-formechange|p1a: Aegislash|Aegislash-Blade||[from] ability: Stance Change
|move|p1a: Aegislash|Shadow Ball|p2a: Heatran
|-damage|p2a: Heatran|21/100
|
|-heal|p2a: Heatran|27/100|[from] item: Leftovers
|-heal|p1a: Aegislash|48/100|[from] item: Leftovers
|upkeep
|turn|25
|
|t:|1659030231
|-formechange|p1a: Aegislash|Aegislash||[from] ability: Stance Change
|move|p1a: Aegislash|King's Shield|p1a: Aegislash
|-singleturn|p1a: Aegislash|Protect
|move|p2a: Heatran|Magma Storm|p1a: Aegislash
|-activate|p1a: Aegislash|move: Protect
|
|-heal|p2a: Heatran|33/100|[from] item: Leftovers
|-heal|p1a: Aegislash|54/100|[from] item: Leftovers
|upkeep
|turn|26
|
|t:|1659030239
|switch|p1a: Pooka|Boltund, F|100/100
|-damage|p1a: Pooka|88/100|[from] Stealth Rock
|move|p2a: Heatran|Magma Storm|p1a: Pooka|[miss]
|-miss|p2a: Heatran|p1a: Pooka
|
|-heal|p2a: Heatran|40/100|[from] item: Leftovers
|upkeep
|turn|27
|
|t:|1659030254
|move|p1a: Pooka|Snarl|p2a: Heatran
|-damage|p2a: Heatran|25/100
|-unboost|p2a: Heatran|spa|1
|move|p2a: Heatran|Magma Storm|p1a: Pooka
|-damage|p1a: Pooka|31/100
|-activate|p1a: Pooka|move: Magma Storm|[of] p2a: Heatran
|
|-heal|p2a: Heatran|31/100|[from] item: Leftovers
|-damage|p1a: Pooka|19/100|[from] move: Magma Storm|[partiallytrapped]
|-fieldend|move: Psychic Terrain
|upkeep
|turn|28
|
|t:|1659030260
|move|p1a: Pooka|Snarl|p2a: Heatran
|-damage|p2a: Heatran|15/100
|-unboost|p2a: Heatran|spa|1
|move|p2a: Heatran|Earth Power|p1a: Pooka
|-supereffective|p1a: Pooka
|-damage|p1a: Pooka|0 fnt
|faint|p1a: Pooka
|
|-heal|p2a: Heatran|21/100|[from] item: Leftovers
|upkeep
|
|t:|1659030268
|switch|p1a: Mamoswine|Mamoswine, F, shiny|88/100
|-damage|p1a: Mamoswine|76/100|[from] Stealth Rock
|turn|29
|
|t:|1659030273
|switch|p2a: Landorus|Landorus-Therian, M|40/100
|-ability|p2a: Landorus|Intimidate|boost
|-fail|p1a: Mamoswine|unboost|Attack|[from] ability: Oblivious|[of] p1a: Mamoswine
|move|p1a: Mamoswine|Earthquake|p2a: Landorus
|-immune|p2a: Landorus
|
|upkeep
|turn|30
|
|t:|1659030278
|switch|p2a: Tapu Lele|Tapu Lele|100/100
|-fieldstart|move: Psychic Terrain|[from] ability: Psychic Surge|[of] p2a: Tapu Lele
|move|p1a: Mamoswine|Freeze-Dry|p2a: Tapu Lele
|-damage|p2a: Tapu Lele|77/100
|
|upkeep
|turn|31
|
|t:|1659030286
|switch|p2a: Heatran|Heatran, F|21/100
|switch|p1a: Aegislash|Aegislash, F|54/100
|-damage|p1a: Aegislash|48/100|[from] Stealth Rock
|
|-heal|p2a: Heatran|28/100|[from] item: Leftovers
|-heal|p1a: Aegislash|54/100|[from] item: Leftovers
|upkeep
|turn|32
|
|t:|1659030289
|move|p1a: Aegislash|King's Shield|p1a: Aegislash
|-singleturn|p1a: Aegislash|Protect
|move|p2a: Heatran|Magma Storm|p1a: Aegislash
|-activate|p1a: Aegislash|move: Protect
|
|-heal|p2a: Heatran|34/100|[from] item: Leftovers
|-heal|p1a: Aegislash|60/100|[from] item: Leftovers
|upkeep
|turn|33
|
|t:|1659030305
|move|p2a: Heatran|Magma Storm|p1a: Aegislash
|-supereffective|p1a: Aegislash
|-damage|p1a: Aegislash|5/100
|-activate|p1a: Aegislash|move: Magma Storm|[of] p2a: Heatran
|-formechange|p1a: Aegislash|Aegislash-Blade||[from] ability: Stance Change
|move|p1a: Aegislash|Close Combat|p2a: Heatran
|-supereffective|p2a: Heatran
|-damage|p2a: Heatran|0 fnt
|-unboost|p1a: Aegislash|def|1
|-unboost|p1a: Aegislash|spd|1
|faint|p2a: Heatran
|
|-heal|p1a: Aegislash|11/100|[from] item: Leftovers
|-end|p1a: Aegislash|Magma Storm|[partiallytrapped]|[silent]
|upkeep
|
|t:|1659030313
|switch|p2a: Urshifu|Urshifu-Rapid-Strike, M|48/100
|turn|34
|
|t:|1659030316
|switch|p1a: Buzzwole|Buzzwole|95/100
|move|p2a: Urshifu|Surging Strikes|p1a: Buzzwole
|-crit|p1a: Buzzwole
|-damage|p1a: Buzzwole|86/100
|-crit|p1a: Buzzwole
|-damage|p1a: Buzzwole|76/100
|-crit|p1a: Buzzwole
|-damage|p1a: Buzzwole|66/100
|-hitcount|p1a: Buzzwole|3
|
|-fieldend|move: Psychic Terrain
|upkeep
|turn|35
|
|t:|1659030332
|switch|p2a: Landorus|Landorus-Therian, M|40/100
|-ability|p2a: Landorus|Intimidate|boost
|-unboost|p1a: Buzzwole|atk|1
|move|p1a: Buzzwole|Roost|p1a: Buzzwole
|-heal|p1a: Buzzwole|100/100
|-singleturn|p1a: Buzzwole|move: Roost
|
|upkeep
|turn|36
|
|t:|1659030335
|move|p2a: Landorus|Knock Off|p1a: Buzzwole
|-resisted|p1a: Buzzwole
|-crit|p1a: Buzzwole
|-damage|p1a: Buzzwole|89/100
|-enditem|p1a: Buzzwole|Heavy-Duty Boots|[from] move: Knock Off|[of] p2a: Landorus
|move|p1a: Buzzwole|Ice Punch|p2a: Landorus
|-supereffective|p2a: Landorus
|-damage|p2a: Landorus|0 fnt
|faint|p2a: Landorus
|-ability|p1a: Buzzwole|Beast Boost|boost
|-boost|p1a: Buzzwole|def|1
|
|upkeep
|
|t:|1659030338
|switch|p2a: Tapu Lele|Tapu Lele|77/100
|-fieldstart|move: Psychic Terrain|[from] ability: Psychic Surge|[of] p2a: Tapu Lele
|turn|37
|
|t:|1659030344
|move|p2a: Tapu Lele|Psychic|p1a: Buzzwole
|-supereffective|p1a: Buzzwole
|-damage|p1a: Buzzwole|0 fnt
|faint|p1a: Buzzwole
|
|upkeep
|
|t:|1659030345
|switch|p1a: Mamoswine|Mamoswine, F, shiny|76/100
|-damage|p1a: Mamoswine|63/100|[from] Stealth Rock
|turn|38
|
|t:|1659030351
|move|p2a: Tapu Lele|Psychic|p1a: Mamoswine
|-damage|p1a: Mamoswine|0 fnt
|faint|p1a: Mamoswine
|
|upkeep
|
|t:|1659030353
|switch|p1a: Aegislash|Aegislash, F|11/100
|-damage|p1a: Aegislash|5/100|[from] Stealth Rock
|turn|39
|
|t:|1659030355
|move|p2a: Tapu Lele|Psychic|p1a: Aegislash
|-resisted|p1a: Aegislash
|-damage|p1a: Aegislash|0 fnt
|faint|p1a: Aegislash
|
|win|LT91BB rrm
|raw|KFC Chizza's rating: 1772 &rarr; <strong>1750</strong><br />(-22 for losing)
|raw|LT91BB rrm's rating: 1739 &rarr; <strong>1761</strong><br />(+22 for winning)
|c|☆KFC Chizza|gg
|l|☆KFC Chizza
|l| fledd
|l| IPF
||Ladder isn't responding, score probably updated but might not have (Request timeout).
