|html|<div class="broadcast-blue"><strong>[Gen 8] OU is currently suspecting Melmetal! For information on how to participate check out the <a href="https://www.smogon.com/forums/threads/np-ss-ou-suspect-process-round-12-monster-mash.3709234/">suspect thread</a>.</strong></div>
|j|☆Surko
|j|‽hypervortexreturns
|t:|1666771785
|gametype|singles
|player|p1|Surko|102|1784
|player|p2|hypervortexreturns|1|1889
|teamsize|p1|6
|teamsize|p2|6
|gen|8
|tier|[Gen 8] OU
|rated|
|rule|Sleep Clause Mod: Limit one foe put to sleep
|rule|Species Clause: Limit one of each Pokémon
|rule|OHKO Clause: OHKO moves are banned
|rule|Evasion Items Clause: Evasion items are banned
|rule|Evasion Moves Clause: Evasion moves are banned
|rule|Endless Battle Clause: Forcing endless battles is banned
|rule|HP Percentage Mod: HP is shown in percentages
|rule|Dynamax Clause: You cannot dynamax
|clearpoke
|poke|p1|Zeraora|
|poke|p1|Garchomp, F|
|poke|p1|Zapdos|
|poke|p1|Blacephalon|
|poke|p1|Tyranitar, F|
|poke|p1|Buzzwole|
|poke|p2|Hydreigon, M|
|poke|p2|Zapdos|
|poke|p2|Tangrowth, F|
|poke|p2|Corviknight, M|
|poke|p2|Excadrill, M|
|poke|p2|Azumarill, F|
|teampreview
|j| Faharst
|j| Chiwis Del Norte
|
|t:|1666771816
|start
|switch|p1a: Zeraora|Zeraora|100/100
|switch|p2a: Azumarill|Azumarill, F|100/100
|turn|1
|inactive|Battle timer is ON: inactive players will automatically lose when time's up. (requested by hypervortexreturns)
|
|t:|1666771845
|switch|p2a: Tangrowth|Tangrowth, F|100/100
|move|p1a: Zeraora|Knock Off|p2a: Tangrowth
|-damage|p2a: Tangrowth|86/100
|-damage|p1a: Zeraora|84/100|[from] item: Rocky Helmet|[of] p2a: Tangrowth
|-enditem|p2a: Tangrowth|Rocky Helmet|[from] move: Knock Off|[of] p1a: Zeraora
|
|upkeep
|turn|2
|j| wdz999
|
|t:|1666771854
|move|p1a: Zeraora|Volt Switch|p2a: Tangrowth
|-resisted|p2a: Tangrowth
|-damage|p2a: Tangrowth|71/100
|j| Terroxer
|
|t:|1666771856
|switch|p1a: Tyranitar|Tyranitar, F|100/100|[from]move: Volt Switch
|-weather|Sandstorm|[from] ability: Sand Stream|[of] p1a: Tyranitar
|move|p2a: Tangrowth|Knock Off|p1a: Tyranitar
|-resisted|p1a: Tyranitar
|-damage|p1a: Tyranitar|92/100
|-enditem|p1a: Tyranitar|Leftovers|[from] move: Knock Off|[of] p2a: Tangrowth
|
|-weather|Sandstorm|[upkeep]
|-damage|p2a: Tangrowth|65/100|[from] Sandstorm
|upkeep
|turn|3
|
|t:|1666771877
|move|p1a: Tyranitar|Ice Beam|p2a: Tangrowth
|-supereffective|p2a: Tangrowth
|-damage|p2a: Tangrowth|2/100
|move|p2a: Tangrowth|Power Whip|p1a: Tyranitar
|-supereffective|p1a: Tyranitar
|-damage|p1a: Tyranitar|27/100
|
|-weather|Sandstorm|[upkeep]
|-damage|p2a: Tangrowth|0 fnt|[from] Sandstorm
|faint|p2a: Tangrowth
|upkeep
|l| wdz999
|
|t:|1666771889
|switch|p2a: Excadrill|Excadrill, M|100/100
|-ability|p2a: Excadrill|Mold Breaker
|turn|4
|
|t:|1666771897
|switch|p1a: Buzzwole|Buzzwole|100/100
|move|p2a: Excadrill|Stealth Rock|p1a: Buzzwole
|-sidestart|p1: Surko|move: Stealth Rock
|
|-weather|Sandstorm|[upkeep]
|-damage|p1a: Buzzwole|94/100|[from] Sandstorm
|upkeep
|turn|5
|
|t:|1666771910
|switch|p2a: Zapdos|Zapdos|100/100
|move|p1a: Buzzwole|Close Combat|p2a: Zapdos
|-resisted|p2a: Zapdos
|-damage|p2a: Zapdos|71/100
|-unboost|p1a: Buzzwole|def|1
|-unboost|p1a: Buzzwole|spd|1
|
|-weather|Sandstorm|[upkeep]
|-damage|p2a: Zapdos|65/100|[from] Sandstorm
|-damage|p1a: Buzzwole|88/100|[from] Sandstorm
|upkeep
|turn|6
|
|t:|1666771927
|switch|p1a: Zapdos|Zapdos|100/100
|move|p2a: Zapdos|Toxic|p1a: Zapdos
|-status|p1a: Zapdos|tox
|
|-weather|none
|-damage|p1a: Zapdos|94/100 tox|[from] psn
|upkeep
|turn|7
|inactive|hypervortexreturns has 120 seconds left.
|
|t:|1666771946
|move|p2a: Zapdos|Roost|p2a: Zapdos
|-heal|p2a: Zapdos|100/100
|-singleturn|p2a: Zapdos|move: Roost
|move|p1a: Zapdos|Defog|p2a: Zapdos
|-unboost|p2a: Zapdos|evasion|1
|-sideend|p1: Surko|Stealth Rock|[from] move: Defog|[of] p1a: Zapdos
|
|-damage|p1a: Zapdos|82/100 tox|[from] psn
|upkeep
|turn|8
|inactive|hypervortexreturns has 120 seconds left.
|
|t:|1666771957
|switch|p2a: Excadrill|Excadrill, M|100/100
|-ability|p2a: Excadrill|Mold Breaker
|switch|p1a: Zeraora|Zeraora|84/100
|
|upkeep
|turn|9
|inactive|hypervortexreturns has 120 seconds left.
|
|t:|1666771968
|move|p1a: Zeraora|Close Combat|p2a: Excadrill
|-supereffective|p2a: Excadrill
|-damage|p2a: Excadrill|0 fnt
|-unboost|p1a: Zeraora|def|1
|-unboost|p1a: Zeraora|spd|1
|faint|p2a: Excadrill
|
|upkeep
|j| LT_Alt1
|inactive|hypervortexreturns has 120 seconds left.
|
|t:|1666771986
|switch|p2a: Hydreigon|Hydreigon, M|100/100
|turn|10
|
|t:|1666772001
|move|p1a: Zeraora|Close Combat|p2a: Hydreigon
|-supereffective|p2a: Hydreigon
|-damage|p2a: Hydreigon|9/100
|-unboost|p1a: Zeraora|def|1
|-unboost|p1a: Zeraora|spd|1
|move|p2a: Hydreigon|Nasty Plot|p2a: Hydreigon
|-boost|p2a: Hydreigon|spa|2
|
|-heal|p2a: Hydreigon|15/100|[from] item: Leftovers
|upkeep
|turn|11
|-message|hypervortexreturns forfeited.
|
|win|Surko
|raw|Surko's rating: 1784 &rarr; <strong>1810</strong><br />(+26 for winning)
|raw|hypervortexreturns's rating: 1889 &rarr; <strong>1863</strong><br />(-26 for losing)
|l|‽hypervortexreturns
|l| LT_Alt1
|l| Terroxer
|l| Faharst
