|raw|<div class="broadcast-blue"><strong>This battle is required to be public due to a player having a name starting with 'lt93oq'.</div>
|j|☆LT93OQ Lio
|j|‽kinetic chain
|t:|1660564004
|gametype|singles
|player|p1|LT93OQ Lio|2|1799
|player|p2|kinetic chain|silver-gen2|1820
|teamsize|p1|6
|teamsize|p2|6
|gen|8
|tier|[Gen 8] OU
|rated|
|rule|Sleep Clause Mod: Limit one foe put to sleep
|rule|Species Clause: Limit one of each Pokémon
|rule|OHKO Clause: OHKO moves are banned
|rule|Evasion Items Clause: Evasion items are banned
|rule|Evasion Moves Clause: Evasion moves are banned
|rule|Endless Battle Clause: Forcing endless battles is banned
|rule|HP Percentage Mod: HP is shown in percentages
|rule|Dynamax Clause: You cannot dynamax
|clearpoke
|poke|p1|Clefable, M|
|poke|p1|Tapu Koko|
|poke|p1|Victini|
|poke|p1|Skarmory, M|
|poke|p1|Toxapex, F|
|poke|p1|Gastrodon, M|
|poke|p2|Dragapult, F|
|poke|p2|Toxapex, M|
|poke|p2|Zapdos|
|poke|p2|Melmetal|
|poke|p2|Landorus-Therian, M|
|poke|p2|Dragonite, M|
|teampreview
|inactive|Battle timer is ON: inactive players will automatically lose when time's up. (requested by kinetic chain)
|
|t:|1660564025
|start
|switch|p1a: Toxapex|Toxapex, F|100/100
|switch|p2a: Landorus|Landorus-Therian, M|100/100
|-ability|p2a: Landorus|Intimidate|boost
|-unboost|p1a: Toxapex|atk|1
|turn|1
|
|t:|1660564033
|switch|p1a: Skarmory|Skarmory, M|100/100
|move|p2a: Landorus|Earthquake|p1a: Skarmory
|-immune|p1a: Skarmory
|
|upkeep
|turn|2
|
|t:|1660564035
|move|p2a: Landorus|Stealth Rock|p1a: Skarmory
|-sidestart|p1: LT93OQ Lio|move: Stealth Rock
|move|p1a: Skarmory|Toxic|p2a: Landorus
|-status|p2a: Landorus|tox
|
|-damage|p2a: Landorus|94/100 tox|[from] psn
|upkeep
|turn|3
|
|t:|1660564040
|switch|p2a: Toxapex|Toxapex, M|100/100
|move|p1a: Skarmory|Spikes|p2a: Toxapex
|-sidestart|p2: kinetic chain|Spikes
|
|upkeep
|turn|4
|
|t:|1660564044
|switch|p1a: Toxapex|Toxapex, F|100/100
|-damage|p1a: Toxapex|88/100|[from] Stealth Rock
|move|p2a: Toxapex|Knock Off|p1a: Toxapex
|-damage|p1a: Toxapex|78/100
|-enditem|p1a: Toxapex|Shed Shell|[from] move: Knock Off|[of] p2a: Toxapex
|
|upkeep
|turn|5
|
|t:|1660564048
|move|p2a: Toxapex|Scald|p1a: Toxapex
|-resisted|p1a: Toxapex
|-damage|p1a: Toxapex|73/100
|move|p1a: Toxapex|Light Screen|p1a: Toxapex
|-sidestart|p1: LT93OQ Lio|move: Light Screen
|
|upkeep
|turn|6
|
|t:|1660564052
|move|p2a: Toxapex|Scald|p1a: Toxapex
|-resisted|p1a: Toxapex
|-damage|p1a: Toxapex|70/100
|move|p1a: Toxapex|Knock Off|p2a: Toxapex
|-damage|p2a: Toxapex|91/100
|-damage|p1a: Toxapex|53/100|[from] item: Rocky Helmet|[of] p2a: Toxapex
|-enditem|p2a: Toxapex|Rocky Helmet|[from] move: Knock Off|[of] p1a: Toxapex
|
|upkeep
|turn|7
|
|t:|1660564057
|switch|p1a: Clefable|Clefable, M|100/100
|move|p2a: Toxapex|Knock Off|p1a: Clefable
|-resisted|p1a: Clefable
|-damage|p1a: Clefable|94/100
|-enditem|p1a: Clefable|Leftovers|[from] move: Knock Off|[of] p2a: Toxapex
|
|upkeep
|turn|8
|
|t:|1660564061
|switch|p2a: Zapdos|Zapdos|100/100
|move|p1a: Clefable|Stealth Rock|p2a: Zapdos
|-sidestart|p2: kinetic chain|move: Stealth Rock
|
|upkeep
|turn|9
|
|t:|1660564066
|switch|p1a: Gastrodon|Gastrodon, M|100/100
|move|p2a: Zapdos|Volt Switch|p1a: Gastrodon
|-immune|p1a: Gastrodon
|
|-sideend|p1: LT93OQ Lio|move: Light Screen
|upkeep
|turn|10
|
|t:|1660564073
|switch|p2a: Toxapex|Toxapex, M|100/100
|-damage|p2a: Toxapex|88/100|[from] Spikes
|-damage|p2a: Toxapex|76/100|[from] Stealth Rock
|move|p1a: Gastrodon|Scald|p2a: Toxapex
|-resisted|p2a: Toxapex
|-damage|p2a: Toxapex|67/100
|
|upkeep
|turn|11
|
|t:|1660564085
|move|p1a: Gastrodon|Scald|p2a: Toxapex
|-resisted|p2a: Toxapex
|-damage|p2a: Toxapex|59/100
|move|p2a: Toxapex|Knock Off|p1a: Gastrodon
|-crit|p1a: Gastrodon
|-damage|p1a: Gastrodon|75/100
|-activate|p1a: Gastrodon|ability: Sticky Hold
|
|upkeep
|turn|12
|j| SKTT1otto
|
|t:|1660564089
|move|p1a: Gastrodon|Earthquake|p2a: Toxapex
|-supereffective|p2a: Toxapex
|-damage|p2a: Toxapex|21/100
|move|p2a: Toxapex|Toxic|p1a: Gastrodon
|-status|p1a: Gastrodon|tox
|
|-damage|p1a: Gastrodon|69/100 tox|[from] psn
|upkeep
|turn|13
|l| SKTT1otto
|
|t:|1660564095
|switch|p1a: Clefable|Clefable, M|94/100
|switch|p2a: Landorus|Landorus-Therian, M|94/100 tox
|-damage|p2a: Landorus|82/100 tox|[from] Stealth Rock
|-ability|p2a: Landorus|Intimidate|boost
|-unboost|p1a: Clefable|atk|1
|
|-heal|p2a: Landorus|88/100 tox|[from] item: Leftovers
|-damage|p2a: Landorus|82/100 tox|[from] psn
|upkeep
|turn|14
|
|t:|1660564097
|move|p2a: Landorus|Earthquake|p1a: Clefable
|-damage|p1a: Clefable|52/100
|move|p1a: Clefable|Aromatherapy|p1a: Clefable
|-activate|p1a: Clefable|move: Aromatherapy
|-curestatus|p1: Gastrodon|tox|[msg]
|
|-heal|p2a: Landorus|88/100 tox|[from] item: Leftovers
|-damage|p2a: Landorus|76/100 tox|[from] psn
|upkeep
|turn|15
|
|t:|1660564108
|move|p2a: Landorus|Earthquake|p1a: Clefable
|-damage|p1a: Clefable|12/100
|move|p1a: Clefable|Soft-Boiled|p1a: Clefable
|-heal|p1a: Clefable|62/100
|
|-heal|p2a: Landorus|82/100 tox|[from] item: Leftovers
|-damage|p2a: Landorus|64/100 tox|[from] psn
|upkeep
|turn|16
|
|t:|1660564110
|move|p2a: Landorus|U-turn|p1a: Clefable
|-resisted|p1a: Clefable
|-damage|p1a: Clefable|52/100
|j| lt93oq empo
|
|t:|1660564114
|switch|p2a: Zapdos|Zapdos|100/100|[from]move: U-turn
|move|p1a: Clefable|Soft-Boiled|p1a: Clefable
|-heal|p1a: Clefable|100/100
|
|upkeep
|turn|17
|
|t:|1660564119
|switch|p1a: Tapu Koko|Tapu Koko|100/100
|-fieldstart|move: Electric Terrain|[from] ability: Electric Surge|[of] p1a: Tapu Koko
|move|p2a: Zapdos|Hurricane|p1a: Tapu Koko|[miss]
|-miss|p2a: Zapdos|p1a: Tapu Koko
|
|upkeep
|turn|18
|
|t:|1660564126
|move|p1a: Tapu Koko|Thunderbolt|p2a: Zapdos
|-damage|p2a: Zapdos|39/100
|move|p2a: Zapdos|Volt Switch|p1a: Tapu Koko
|-resisted|p1a: Tapu Koko
|-damage|p1a: Tapu Koko|76/100
|
|t:|1660564131
|switch|p2a: Dragapult|Dragapult, F|100/100|[from]move: Volt Switch
|-damage|p2a: Dragapult|88/100|[from] Spikes
|-damage|p2a: Dragapult|76/100|[from] Stealth Rock
|
|upkeep
|turn|19
|
|t:|1660564142
|switch|p1a: Toxapex|Toxapex, F|87/100
|-damage|p1a: Toxapex|74/100|[from] Stealth Rock
|move|p2a: Dragapult|Shadow Ball|p1a: Toxapex
|-damage|p1a: Toxapex|39/100
|
|upkeep
|turn|20
|
|t:|1660564146
|move|p2a: Dragapult|Shadow Ball|p1a: Toxapex
|-damage|p1a: Toxapex|0 fnt
|faint|p1a: Toxapex
|
|upkeep
|
|t:|1660564153
|switch|p1a: Clefable|Clefable, M|100/100
|turn|21
|
|t:|1660564165
|switch|p2a: Toxapex|Toxapex, M|54/100
|-damage|p2a: Toxapex|42/100|[from] Spikes
|-damage|p2a: Toxapex|30/100|[from] Stealth Rock
|move|p1a: Clefable|Moonblast|p2a: Toxapex
|-resisted|p2a: Toxapex
|-damage|p2a: Toxapex|18/100
|
|-fieldend|move: Electric Terrain
|upkeep
|turn|22
|j| Qintara
|j| StarGalxie
|
|t:|1660564185
|move|p1a: Clefable|Moonblast|p2a: Toxapex
|-resisted|p2a: Toxapex
|-damage|p2a: Toxapex|7/100
|-unboost|p2a: Toxapex|spa|1
|move|p2a: Toxapex|Recover|p2a: Toxapex
|-heal|p2a: Toxapex|58/100
|
|upkeep
|turn|23
|
|t:|1660564193
|move|p1a: Clefable|Moonblast|p2a: Toxapex
|-resisted|p2a: Toxapex
|-damage|p2a: Toxapex|47/100
|-unboost|p2a: Toxapex|spa|1
|move|p2a: Toxapex|Knock Off|p1a: Clefable
|-resisted|p1a: Clefable
|-damage|p1a: Clefable|96/100
|
|upkeep
|turn|24
|
|t:|1660564200
|switch|p1a: Skarmory|Skarmory, M|100/100
|-damage|p1a: Skarmory|88/100|[from] Stealth Rock
|move|p2a: Toxapex|Recover|p2a: Toxapex
|-heal|p2a: Toxapex|97/100
|
|upkeep
|turn|25
|
|t:|1660564203
|move|p1a: Skarmory|Spikes|p2a: Toxapex
|-sidestart|p2: kinetic chain|Spikes
|move|p2a: Toxapex|Scald|p1a: Skarmory
|-damage|p1a: Skarmory|78/100
|
|upkeep
|turn|26
|j| chokst du
|
|t:|1660564208
|move|p1a: Skarmory|Spikes|p2a: Toxapex
|-sidestart|p2: kinetic chain|Spikes
|move|p2a: Toxapex|Scald|p1a: Skarmory
|-damage|p1a: Skarmory|68/100
|
|upkeep
|turn|27
|
|t:|1660564214
|move|p1a: Skarmory|Roost|p1a: Skarmory
|-heal|p1a: Skarmory|100/100
|-singleturn|p1a: Skarmory|move: Roost
|move|p2a: Toxapex|Scald|p1a: Skarmory
|-damage|p1a: Skarmory|90/100
|
|upkeep
|turn|28
|
|t:|1660564217
|switch|p1a: Clefable|Clefable, M|96/100
|move|p2a: Toxapex|Scald|p1a: Clefable
|-damage|p1a: Clefable|90/100
|-status|p1a: Clefable|brn
|
|upkeep
|turn|29
|j| Corazan
|
|t:|1660564222
|move|p1a: Clefable|Moonblast|p2a: Toxapex
|-resisted|p2a: Toxapex
|-damage|p2a: Toxapex|85/100
|-unboost|p2a: Toxapex|spa|1
|move|p2a: Toxapex|Knock Off|p1a: Clefable
|-resisted|p1a: Clefable
|-damage|p1a: Clefable|85/100 brn
|
|upkeep
|turn|30
|
|t:|1660564226
|move|p1a: Clefable|Moonblast|p2a: Toxapex
|-resisted|p2a: Toxapex
|-damage|p2a: Toxapex|74/100
|move|p2a: Toxapex|Knock Off|p1a: Clefable
|-resisted|p1a: Clefable
|-damage|p1a: Clefable|80/100 brn
|
|upkeep
|turn|31
|
|t:|1660564230
|move|p1a: Clefable|Moonblast|p2a: Toxapex
|-resisted|p2a: Toxapex
|-damage|p2a: Toxapex|62/100
|move|p2a: Toxapex|Scald|p1a: Clefable
|-damage|p1a: Clefable|75/100 brn
|
|upkeep
|turn|32
|
|t:|1660564235
|switch|p1a: Tapu Koko|Tapu Koko|76/100
|-fieldstart|move: Electric Terrain|[from] ability: Electric Surge|[of] p1a: Tapu Koko
|move|p2a: Toxapex|Knock Off|p1a: Tapu Koko
|-resisted|p1a: Tapu Koko
|-damage|p1a: Tapu Koko|64/100
|-enditem|p1a: Tapu Koko|Heavy-Duty Boots|[from] move: Knock Off|[of] p2a: Toxapex
|
|upkeep
|turn|33
|
|t:|1660564240
|switch|p2a: Landorus|Landorus-Therian, M|64/100 tox
|-damage|p2a: Landorus|52/100 tox|[from] Stealth Rock
|-ability|p2a: Landorus|Intimidate|boost
|-unboost|p1a: Tapu Koko|atk|1
|move|p1a: Tapu Koko|Thunderbolt|p2a: Landorus
|-immune|p2a: Landorus
|
|-heal|p2a: Landorus|58/100 tox|[from] item: Leftovers
|-damage|p2a: Landorus|52/100 tox|[from] psn
|upkeep
|turn|34
|
|t:|1660564246
|switch|p1a: Skarmory|Skarmory, M|90/100
|-damage|p1a: Skarmory|77/100|[from] Stealth Rock
|switch|p2a: Zapdos|Zapdos|39/100
|
|upkeep
|turn|35
|
|t:|1660564252
|switch|p1a: Tapu Koko|Tapu Koko|64/100
|-damage|p1a: Tapu Koko|52/100|[from] Stealth Rock
|move|p2a: Zapdos|Hurricane|p1a: Tapu Koko
|-resisted|p1a: Tapu Koko
|-damage|p1a: Tapu Koko|8/100
|-start|p1a: Tapu Koko|confusion
|
|upkeep
|turn|36
|
|t:|1660564259
|switch|p2a: Landorus|Landorus-Therian, M|52/100 tox
|-damage|p2a: Landorus|40/100 tox|[from] Stealth Rock
|-ability|p2a: Landorus|Intimidate|boost
|-unboost|p1a: Tapu Koko|atk|1
|-activate|p1a: Tapu Koko|confusion
|move|p1a: Tapu Koko|Roost|p1a: Tapu Koko
|-heal|p1a: Tapu Koko|59/100
|-singleturn|p1a: Tapu Koko|move: Roost
|
|-heal|p2a: Landorus|46/100 tox|[from] item: Leftovers
|-damage|p2a: Landorus|40/100 tox|[from] psn
|-fieldend|move: Electric Terrain
|upkeep
|turn|37
|
|t:|1660564263
|switch|p1a: Skarmory|Skarmory, M|77/100
|-damage|p1a: Skarmory|65/100|[from] Stealth Rock
|switch|p2a: Zapdos|Zapdos|39/100
|
|upkeep
|turn|38
|
|t:|1660564271
|switch|p1a: Victini|Victini|100/100
|move|p2a: Zapdos|Hurricane|p1a: Victini
|-damage|p1a: Victini|47/100
|
|upkeep
|turn|39
|j| Livio el Tito
|j| Santiago Bernabeu
|inactive|kinetic chain has 120 seconds left.
|j|@ironwater
|
|t:|1660564329
|switch|p2a: Landorus|Landorus-Therian, M|40/100 tox
|-damage|p2a: Landorus|27/100 tox|[from] Stealth Rock
|-ability|p2a: Landorus|Intimidate|boost
|-unboost|p1a: Victini|atk|1
|move|p1a: Victini|V-create|p2a: Landorus
|-damage|p2a: Landorus|0 fnt
|-unboost|p1a: Victini|spe|1
|-unboost|p1a: Victini|def|1
|-unboost|p1a: Victini|spd|1
|faint|p2a: Landorus
|
|upkeep
|j| Shafofficiel
|
|t:|1660564335
|switch|p2a: Zapdos|Zapdos|39/100
|turn|40
|l| Qintara
|
|t:|1660564340
|switch|p1a: Gastrodon|Gastrodon, M|69/100
|move|p2a: Zapdos|Hurricane|p1a: Gastrodon
|-damage|p1a: Gastrodon|32/100
|
|upkeep
|turn|41
|
|t:|1660564346
|move|p2a: Zapdos|Hurricane|p1a: Gastrodon
|-damage|p1a: Gastrodon|0 fnt
|faint|p1a: Gastrodon
|
|upkeep
|
|t:|1660564348
|switch|p1a: Tapu Koko|Tapu Koko|59/100
|-damage|p1a: Tapu Koko|46/100|[from] Stealth Rock
|-fieldstart|move: Electric Terrain|[from] ability: Electric Surge|[of] p1a: Tapu Koko
|turn|42
|inactive|kinetic chain has 120 seconds left.
|j| Qintara
|
|t:|1660564361
|switch|p2a: Melmetal|Melmetal|100/100
|-damage|p2a: Melmetal|76/100|[from] Spikes
|-damage|p2a: Melmetal|70/100|[from] Stealth Rock
|move|p1a: Tapu Koko|Thunderbolt|p2a: Melmetal
|-damage|p2a: Melmetal|26/100
|
|-heal|p2a: Melmetal|32/100|[from] item: Leftovers
|upkeep
|turn|43
|
|t:|1660564365
|move|p1a: Tapu Koko|Thunderbolt|p2a: Melmetal
|-damage|p2a: Melmetal|0 fnt
|faint|p2a: Melmetal
|
|upkeep
|
|t:|1660564371
|switch|p2a: Dragapult|Dragapult, F|76/100
|-damage|p2a: Dragapult|51/100|[from] Spikes
|-damage|p2a: Dragapult|39/100|[from] Stealth Rock
|turn|44
|
|t:|1660564380
|switch|p1a: Victini|Victini|47/100
|move|p2a: Dragapult|Shadow Ball|p1a: Victini
|-supereffective|p1a: Victini
|-damage|p1a: Victini|0 fnt
|faint|p1a: Victini
|
|upkeep
|
|t:|1660564382
|switch|p1a: Clefable|Clefable, M|75/100 brn
|turn|45
|
|t:|1660564390
|switch|p2a: Toxapex|Toxapex, M|96/100
|-damage|p2a: Toxapex|71/100|[from] Spikes
|-damage|p2a: Toxapex|59/100|[from] Stealth Rock
|move|p1a: Clefable|Moonblast|p2a: Toxapex
|-resisted|p2a: Toxapex
|-damage|p2a: Toxapex|47/100
|
|upkeep
|turn|46
|j| LT93OQ Black Lotus
|
|t:|1660564395
|move|p1a: Clefable|Soft-Boiled|p1a: Clefable
|-heal|p1a: Clefable|100/100 brn
|move|p2a: Toxapex|Recover|p2a: Toxapex
|-heal|p2a: Toxapex|97/100
|
|-fieldend|move: Electric Terrain
|upkeep
|turn|47
|
|t:|1660564398
|switch|p1a: Tapu Koko|Tapu Koko|46/100
|-damage|p1a: Tapu Koko|34/100|[from] Stealth Rock
|-fieldstart|move: Electric Terrain|[from] ability: Electric Surge|[of] p1a: Tapu Koko
|move|p2a: Toxapex|Scald|p1a: Tapu Koko
|-damage|p1a: Tapu Koko|10/100
|
|upkeep
|turn|48
|
|t:|1660564401
|move|p1a: Tapu Koko|Roost|p1a: Tapu Koko
|-heal|p1a: Tapu Koko|60/100
|-singleturn|p1a: Tapu Koko|move: Roost
|move|p2a: Toxapex|Toxic|p1a: Tapu Koko
|-status|p1a: Tapu Koko|tox
|
|-damage|p1a: Tapu Koko|54/100 tox|[from] psn
|upkeep
|turn|49
|
|t:|1660564408
|move|p1a: Tapu Koko|Roost|p1a: Tapu Koko
|-heal|p1a: Tapu Koko|100/100 tox
|-singleturn|p1a: Tapu Koko|move: Roost
|move|p2a: Toxapex|Scald|p1a: Tapu Koko
|-damage|p1a: Tapu Koko|78/100 tox
|
|-damage|p1a: Tapu Koko|66/100 tox|[from] psn
|upkeep
|turn|50
|j| Snow Alert
|
|t:|1660564410
|switch|p1a: Clefable|Clefable, M|100/100 brn
|move|p2a: Toxapex|Scald|p1a: Clefable
|-damage|p1a: Clefable|88/100 brn
|
|upkeep
|turn|51
|
|t:|1660564418
|move|p1a: Clefable|Aromatherapy|p1a: Clefable
|-activate|p1a: Clefable|move: Aromatherapy
|-curestatus|p1a: Clefable|brn|[msg]
|-curestatus|p1: Tapu Koko|tox|[msg]
|move|p2a: Toxapex|Scald|p1a: Clefable
|-damage|p1a: Clefable|77/100
|-status|p1a: Clefable|brn
|
|-fieldend|move: Electric Terrain
|upkeep
|turn|52
|j| Villainkoji1
|
|t:|1660564431
|move|p1a: Clefable|Moonblast|p2a: Toxapex
|-resisted|p2a: Toxapex
|-damage|p2a: Toxapex|85/100
|move|p2a: Toxapex|Toxic||[still]
|-fail|p2a: Toxapex
|
|upkeep
|turn|53
|
|t:|1660564434
|move|p1a: Clefable|Moonblast|p2a: Toxapex
|-resisted|p2a: Toxapex
|-damage|p2a: Toxapex|74/100
|move|p2a: Toxapex|Toxic||[still]
|-fail|p2a: Toxapex
|
|upkeep
|turn|54
|
|t:|1660564436
|move|p1a: Clefable|Moonblast|p2a: Toxapex
|-resisted|p2a: Toxapex
|-damage|p2a: Toxapex|63/100
|move|p2a: Toxapex|Toxic||[still]
|-fail|p2a: Toxapex
|
|upkeep
|turn|55
|
|t:|1660564438
|move|p1a: Clefable|Moonblast|p2a: Toxapex
|-resisted|p2a: Toxapex
|-damage|p2a: Toxapex|51/100
|-unboost|p2a: Toxapex|spa|1
|move|p2a: Toxapex|Toxic||[still]
|-fail|p2a: Toxapex
|
|upkeep
|turn|56
|
|t:|1660564442
|move|p1a: Clefable|Moonblast|p2a: Toxapex
|-resisted|p2a: Toxapex
|-damage|p2a: Toxapex|40/100
|-unboost|p2a: Toxapex|spa|1
|move|p2a: Toxapex|Recover|p2a: Toxapex
|-heal|p2a: Toxapex|90/100
|
|upkeep
|turn|57
|
|t:|1660564447
|move|p1a: Clefable|Soft-Boiled|p1a: Clefable
|-heal|p1a: Clefable|100/100 brn
|move|p2a: Toxapex|Knock Off|p1a: Clefable
|-resisted|p1a: Clefable
|-damage|p1a: Clefable|96/100 brn
|
|upkeep
|turn|58
|
|t:|1660564452
|move|p1a: Clefable|Stealth Rock||[still]
|-fail|p1a: Clefable
|move|p2a: Toxapex|Scald|p1a: Clefable
|-damage|p1a: Clefable|89/100 brn
|
|upkeep
|turn|59
|
|t:|1660564455
|move|p1a: Clefable|Stealth Rock||[still]
|-fail|p1a: Clefable
|move|p2a: Toxapex|Knock Off|p1a: Clefable
|-resisted|p1a: Clefable
|-damage|p1a: Clefable|85/100 brn
|
|upkeep
|turn|60
|j| arnavgupta
|
|t:|1660564473
|switch|p1a: Skarmory|Skarmory, M|65/100
|-damage|p1a: Skarmory|53/100|[from] Stealth Rock
|move|p2a: Toxapex|Toxic|p1a: Skarmory
|-immune|p1a: Skarmory
|
|upkeep
|turn|61
|j| LT93OQ TROP CHAUD
|j| batdiaer
|
|t:|1660564477
|move|p1a: Skarmory|Roost|p1a: Skarmory
|-heal|p1a: Skarmory|100/100
|-singleturn|p1a: Skarmory|move: Roost
|move|p2a: Toxapex|Scald|p1a: Skarmory
|-damage|p1a: Skarmory|90/100
|
|upkeep
|turn|62
|
|t:|1660564486
|switch|p1a: Clefable|Clefable, M|85/100 brn
|move|p2a: Toxapex|Toxic||[still]
|-fail|p2a: Toxapex
|
|upkeep
|turn|63
|
|t:|1660564494
|move|p1a: Clefable|Stealth Rock||[still]
|-fail|p1a: Clefable
|move|p2a: Toxapex|Knock Off|p1a: Clefable
|-resisted|p1a: Clefable
|-damage|p1a: Clefable|80/100 brn
|
|upkeep
|turn|64
|
|t:|1660564497
|move|p1a: Clefable|Stealth Rock||[still]
|-fail|p1a: Clefable
|move|p2a: Toxapex|Knock Off|p1a: Clefable
|-resisted|p1a: Clefable
|-damage|p1a: Clefable|75/100 brn
|
|upkeep
|turn|65
|
|t:|1660564499
|move|p1a: Clefable|Stealth Rock||[still]
|-fail|p1a: Clefable
|move|p2a: Toxapex|Knock Off|p1a: Clefable
|-resisted|p1a: Clefable
|-damage|p1a: Clefable|70/100 brn
|
|upkeep
|turn|66
|
|t:|1660564503
|move|p1a: Clefable|Stealth Rock||[still]
|-fail|p1a: Clefable
|move|p2a: Toxapex|Recover|p2a: Toxapex
|-heal|p2a: Toxapex|100/100
|
|upkeep
|turn|67
|j| gilftl208
|
|t:|1660564507
|move|p1a: Clefable|Stealth Rock||[still]
|-fail|p1a: Clefable
|move|p2a: Toxapex|Knock Off|p1a: Clefable
|-resisted|p1a: Clefable
|-damage|p1a: Clefable|65/100 brn
|
|upkeep
|turn|68
|
|t:|1660564510
|switch|p2a: Zapdos|Zapdos|39/100
|move|p1a: Clefable|Stealth Rock||[still]
|-fail|p1a: Clefable
|
|upkeep
|turn|69
|j| 0SiegeWarfare
|
|t:|1660564517
|switch|p1a: Tapu Koko|Tapu Koko|66/100
|-damage|p1a: Tapu Koko|54/100|[from] Stealth Rock
|-fieldstart|move: Electric Terrain|[from] ability: Electric Surge|[of] p1a: Tapu Koko
|move|p2a: Zapdos|Hurricane|p1a: Tapu Koko
|-resisted|p1a: Tapu Koko
|-damage|p1a: Tapu Koko|14/100
|
|upkeep
|turn|70
|
|t:|1660564527
|move|p1a: Tapu Koko|Roost|p1a: Tapu Koko
|-heal|p1a: Tapu Koko|64/100
|-singleturn|p1a: Tapu Koko|move: Roost
|move|p2a: Zapdos|Volt Switch|p1a: Tapu Koko
|-resisted|p1a: Tapu Koko
|-crit|p1a: Tapu Koko
|-damage|p1a: Tapu Koko|23/100
|c| 0SiegeWarfare|kinetic chain
|
|t:|1660564534
|switch|p2a: Dragapult|Dragapult, F|39/100|[from]move: Volt Switch
|-damage|p2a: Dragapult|14/100|[from] Spikes
|-damage|p2a: Dragapult|1/100|[from] Stealth Rock
|
|upkeep
|turn|71
|l| Livio el Tito
|
|t:|1660564550
|switch|p1a: Skarmory|Skarmory, M|90/100
|-damage|p1a: Skarmory|77/100|[from] Stealth Rock
|move|p2a: Dragapult|Shadow Ball|p1a: Skarmory
|-damage|p1a: Skarmory|4/100
|
|upkeep
|turn|72
|
|t:|1660564555
|move|p2a: Dragapult|Shadow Ball|p1a: Skarmory
|-damage|p1a: Skarmory|0 fnt
|faint|p1a: Skarmory
|
|upkeep
|
|t:|1660564556
|switch|p1a: Clefable|Clefable, M|65/100 brn
|turn|73
|
|t:|1660564569
|move|p2a: Dragapult|Shadow Ball|p1a: Clefable
|-damage|p1a: Clefable|21/100 brn
|move|p1a: Clefable|Soft-Boiled|p1a: Clefable
|-heal|p1a: Clefable|71/100 brn
|
|-fieldend|move: Electric Terrain
|upkeep
|turn|74
|
|t:|1660564573
|move|p2a: Dragapult|Shadow Ball|p1a: Clefable
|-damage|p1a: Clefable|30/100 brn
|move|p1a: Clefable|Soft-Boiled|p1a: Clefable
|-heal|p1a: Clefable|80/100 brn
|
|upkeep
|turn|75
|
|t:|1660564576
|move|p2a: Dragapult|Shadow Ball|p1a: Clefable
|-damage|p1a: Clefable|35/100 brn
|move|p1a: Clefable|Soft-Boiled|p1a: Clefable
|-heal|p1a: Clefable|85/100 brn
|
|upkeep
|turn|76
|
|t:|1660564582
|move|p2a: Dragapult|Shadow Ball|p1a: Clefable
|-damage|p1a: Clefable|44/100 brn
|move|p1a: Clefable|Moonblast|p2a: Dragapult
|-supereffective|p2a: Dragapult
|-crit|p2a: Dragapult
|-damage|p2a: Dragapult|0 fnt
|faint|p2a: Dragapult
|
|upkeep
|
|t:|1660564587
|switch|p2a: Dragonite|Dragonite, M|100/100
|turn|77
|
|t:|1660564591
|move|p2a: Dragonite|Dragon Dance|p2a: Dragonite
|-boost|p2a: Dragonite|atk|1
|-boost|p2a: Dragonite|spe|1
|move|p1a: Clefable|Moonblast|p2a: Dragonite
|-supereffective|p2a: Dragonite
|-damage|p2a: Dragonite|74/100
|
|upkeep
|turn|78
|
|t:|1660564597
|move|p2a: Dragonite|Roost|p2a: Dragonite
|-heal|p2a: Dragonite|100/100
|-singleturn|p2a: Dragonite|move: Roost
|move|p1a: Clefable|Moonblast|p2a: Dragonite
|-supereffective|p2a: Dragonite
|-damage|p2a: Dragonite|73/100
|-unboost|p2a: Dragonite|spa|1
|
|upkeep
|turn|79
|
|t:|1660564600
|move|p2a: Dragonite|Roost|p2a: Dragonite
|-heal|p2a: Dragonite|100/100
|-singleturn|p2a: Dragonite|move: Roost
|move|p1a: Clefable|Moonblast|p2a: Dragonite
|-supereffective|p2a: Dragonite
|-damage|p2a: Dragonite|73/100
|-unboost|p2a: Dragonite|spa|1
|
|upkeep
|turn|80
|-message|LT93OQ Lio forfeited.
|
|win|kinetic chain
|raw|LT93OQ Lio's rating: 1799 &rarr; <strong>1780</strong><br />(-19 for losing)
|raw|kinetic chain's rating: 1820 &rarr; <strong>1839</strong><br />(+19 for winning)
|l|☆LT93OQ Lio
|l|‽kinetic chain
|j| Highv0ltag3
|l| LT93OQ TROP CHAUD
|j| LT93OQ ffffff
||Ladder isn't responding, score probably updated but might not have (Request timeout).
|l| Santiago Bernabeu
|l| LT93OQ Black Lotus
|j| LT93OQ antisocial
|j| LT92PF Raizen
|j| ismakhil*-*
|l| LT93OQ antisocial
|l| StarGalxie
|l| Villainkoji1
|l| ismakhil*-*
|l| arnavgupta
|j| Kyurem
|l| Kyurem
|l| Snow Alert
