|j|‽brettfavreinnocent
|j|☆Lennn
|t:|1664260590
|gametype|singles
|player|p1|brettfavreinnocent|harlequin|1509
|player|p2|Lennn|anabel|1514
|teamsize|p1|6
|teamsize|p2|6
|gen|8
|tier|[Gen 8] OU
|rated|
|rule|Sleep Clause Mod: Limit one foe put to sleep
|rule|Species Clause: Limit one of each Pokémon
|rule|OHKO Clause: OHKO moves are banned
|rule|Evasion Items Clause: Evasion items are banned
|rule|Evasion Moves Clause: Evasion moves are banned
|rule|Endless Battle Clause: Forcing endless battles is banned
|rule|HP Percentage Mod: HP is shown in percentages
|rule|Dynamax Clause: You cannot dynamax
|clearpoke
|poke|p1|Tapu Bulu|
|poke|p1|Tapu Fini|
|poke|p1|Tapu Lele|
|poke|p1|Tapu Koko|
|poke|p1|Swampert, M|
|poke|p1|Heatran, M|
|poke|p2|Pelipper, F|
|poke|p2|Barraskewda, F|
|poke|p2|Ferrothorn, F|
|poke|p2|Landorus-Therian, M|
|poke|p2|Regieleki|
|poke|p2|Tapu Lele|
|teampreview
|inactive|Battle timer is ON: inactive players will automatically lose when time's up. (requested by brettfavreinnocent)
|
|t:|1664260605
|start
|switch|p1a: Tapu Bulu|Tapu Bulu|100/100
|switch|p2a: Landorus|Landorus-Therian, M|100/100
|-fieldstart|move: Grassy Terrain|[from] ability: Grassy Surge|[of] p1a: Tapu Bulu
|-ability|p2a: Landorus|Intimidate|boost
|-unboost|p1a: Tapu Bulu|atk|1
|turn|1
|
|t:|1664260623
|move|p1a: Tapu Bulu|Swords Dance|p1a: Tapu Bulu
|-boost|p1a: Tapu Bulu|atk|2
|move|p2a: Landorus|Toxic|p1a: Tapu Bulu
|-status|p1a: Tapu Bulu|tox
|
|-damage|p1a: Tapu Bulu|94/100 tox|[from] psn
|upkeep
|turn|2
|
|t:|1664260639
|switch|p2a: Ferrothorn|Ferrothorn, F|100/100
|move|p1a: Tapu Bulu|Horn Leech|p2a: Ferrothorn
|-resisted|p2a: Ferrothorn
|-damage|p2a: Ferrothorn|81/100
|-heal|p1a: Tapu Bulu|100/100 tox|[from] drain|[of] p2a: Ferrothorn
|-damage|p1a: Tapu Bulu|88/100 tox|[from] ability: Iron Barbs|[of] p2a: Ferrothorn
|-damage|p1a: Tapu Bulu|78/100 tox|[from] item: Life Orb
|
|-heal|p1a: Tapu Bulu|84/100 tox|[from] Grassy Terrain
|-heal|p2a: Ferrothorn|87/100|[from] Grassy Terrain
|-damage|p1a: Tapu Bulu|72/100 tox|[from] psn
|upkeep
|turn|3
|
|t:|1664260648
|move|p1a: Tapu Bulu|Horn Leech|p2a: Ferrothorn
|-resisted|p2a: Ferrothorn
|-damage|p2a: Ferrothorn|68/100
|-heal|p1a: Tapu Bulu|84/100 tox|[from] drain|[of] p2a: Ferrothorn
|-damage|p1a: Tapu Bulu|71/100 tox|[from] ability: Iron Barbs|[of] p2a: Ferrothorn
|-damage|p1a: Tapu Bulu|61/100 tox|[from] item: Life Orb
|move|p2a: Ferrothorn|Spikes|p1a: Tapu Bulu
|-sidestart|p1: brettfavreinnocent|Spikes
|
|-heal|p1a: Tapu Bulu|68/100 tox|[from] Grassy Terrain
|-heal|p2a: Ferrothorn|74/100|[from] Grassy Terrain
|-damage|p1a: Tapu Bulu|49/100 tox|[from] psn
|upkeep
|turn|4
|
|t:|1664260651
|move|p1a: Tapu Bulu|Horn Leech|p2a: Ferrothorn
|-resisted|p2a: Ferrothorn
|-damage|p2a: Ferrothorn|54/100
|-heal|p1a: Tapu Bulu|62/100 tox|[from] drain|[of] p2a: Ferrothorn
|-damage|p1a: Tapu Bulu|49/100 tox|[from] ability: Iron Barbs|[of] p2a: Ferrothorn
|-damage|p1a: Tapu Bulu|40/100 tox|[from] item: Life Orb
|move|p2a: Ferrothorn|Spikes|p1a: Tapu Bulu
|-sidestart|p1: brettfavreinnocent|Spikes
|
|-heal|p1a: Tapu Bulu|46/100 tox|[from] Grassy Terrain
|-heal|p2a: Ferrothorn|61/100|[from] Grassy Terrain
|-damage|p1a: Tapu Bulu|21/100 tox|[from] psn
|upkeep
|turn|5
|
|t:|1664260657
|move|p1a: Tapu Bulu|Horn Leech|p2a: Ferrothorn
|-resisted|p2a: Ferrothorn
|-damage|p2a: Ferrothorn|41/100
|-heal|p1a: Tapu Bulu|33/100 tox|[from] drain|[of] p2a: Ferrothorn
|-damage|p1a: Tapu Bulu|21/100 tox|[from] ability: Iron Barbs|[of] p2a: Ferrothorn
|-damage|p1a: Tapu Bulu|11/100 tox|[from] item: Life Orb
|move|p2a: Ferrothorn|Spikes|p1a: Tapu Bulu
|-sidestart|p1: brettfavreinnocent|Spikes
|
|-heal|p1a: Tapu Bulu|17/100 tox|[from] Grassy Terrain
|-heal|p2a: Ferrothorn|48/100|[from] Grassy Terrain
|-damage|p1a: Tapu Bulu|0 fnt|[from] psn
|faint|p1a: Tapu Bulu
|-fieldend|move: Grassy Terrain
|upkeep
|
|t:|1664260659
|switch|p1a: Tapu Koko|Tapu Koko|100/100
|-fieldstart|move: Electric Terrain|[from] ability: Electric Surge|[of] p1a: Tapu Koko
|turn|6
|
|t:|1664260663
|move|p1a: Tapu Koko|Defog|p2a: Ferrothorn
|-unboost|p2a: Ferrothorn|evasion|1
|-sideend|p1: brettfavreinnocent|Spikes|[from] move: Defog|[of] p1a: Tapu Koko
|-fieldend|move: Electric Terrain
|move|p2a: Ferrothorn|Leech Seed|p1a: Tapu Koko
|-start|p1a: Tapu Koko|move: Leech Seed
|
|-damage|p1a: Tapu Koko|88/100|[from] Leech Seed|[of] p2a: Ferrothorn
|-heal|p2a: Ferrothorn|58/100|[silent]
|upkeep
|turn|7
|
|t:|1664260676
|switch|p1a: Heatran|Heatran, M|100/100
|-item|p1a: Heatran|Air Balloon
|switch|p2a: Landorus|Landorus-Therian, M|100/100
|-ability|p2a: Landorus|Intimidate|boost
|-unboost|p1a: Heatran|atk|1
|
|upkeep
|turn|8
|
|t:|1664260688
|move|p1a: Heatran|Eruption|p2a: Landorus
|-damage|p2a: Landorus|45/100
|move|p2a: Landorus|U-turn|p1a: Heatran
|-resisted|p1a: Heatran
|-damage|p1a: Heatran|95/100
|-enditem|p1a: Heatran|Air Balloon
|
|t:|1664260694
|switch|p2a: Pelipper|Pelipper, F|100/100|[from]move: U-turn
|-weather|RainDance|[from] ability: Drizzle|[of] p2a: Pelipper
|
|-weather|RainDance|[upkeep]
|upkeep
|turn|9
|
|t:|1664260701
|switch|p1a: Tapu Fini|Tapu Fini|100/100
|-fieldstart|move: Misty Terrain|[from] ability: Misty Surge|[of] p1a: Tapu Fini
|move|p2a: Pelipper|U-turn|p1a: Tapu Fini
|-resisted|p1a: Tapu Fini
|-damage|p1a: Tapu Fini|97/100
|
|t:|1664260711
|switch|p2a: Barraskewda|Barraskewda, F|100/100|[from]move: U-turn
|
|-weather|RainDance|[upkeep]
|-heal|p1a: Tapu Fini|100/100|[from] item: Leftovers
|upkeep
|turn|10
|
|t:|1664260718
|move|p2a: Barraskewda|Flip Turn|p1a: Tapu Fini
|-resisted|p1a: Tapu Fini
|-damage|p1a: Tapu Fini|73/100
|
|t:|1664260722
|switch|p2a: Ferrothorn|Ferrothorn, F|58/100|[from]move: Flip Turn
|move|p1a: Tapu Fini|Scald|p2a: Ferrothorn
|-resisted|p2a: Ferrothorn
|-damage|p2a: Ferrothorn|44/100
|
|-weather|RainDance|[upkeep]
|-heal|p1a: Tapu Fini|79/100|[from] item: Leftovers
|upkeep
|turn|11
|
|t:|1664260729
|switch|p1a: Heatran|Heatran, M|95/100
|move|p2a: Ferrothorn|Leech Seed|p1a: Heatran
|-start|p1a: Heatran|move: Leech Seed
|
|-weather|RainDance|[upkeep]
|-damage|p1a: Heatran|83/100|[from] Leech Seed|[of] p2a: Ferrothorn
|-heal|p2a: Ferrothorn|55/100|[silent]
|upkeep
|turn|12
|
|t:|1664260737
|switch|p2a: Landorus|Landorus-Therian, M|45/100
|-ability|p2a: Landorus|Intimidate|boost
|-unboost|p1a: Heatran|atk|1
|move|p1a: Heatran|Nature Power|p2a: Landorus
|move|p1a: Heatran|Moonblast|p2a: Landorus|[from]move: Nature Power
|-damage|p2a: Landorus|20/100
|-unboost|p2a: Landorus|spa|1
|
|-weather|none
|-heal|p2a: Landorus|26/100|[from] item: Leftovers
|-damage|p1a: Heatran|70/100|[from] Leech Seed|[of] p2a: Landorus
|-heal|p2a: Landorus|37/100|[silent]
|upkeep
|turn|13
|
|t:|1664260754
|move|p1a: Heatran|Eruption|p2a: Landorus
|-damage|p2a: Landorus|0 fnt
|faint|p2a: Landorus
|
|-fieldend|Misty Terrain
|upkeep
|
|t:|1664260759
|switch|p2a: Pelipper|Pelipper, F|100/100
|-weather|RainDance|[from] ability: Drizzle|[of] p2a: Pelipper
|turn|14
|
|t:|1664260768
|move|p1a: Heatran|Dragon Pulse|p2a: Pelipper
|-damage|p2a: Pelipper|52/100
|move|p2a: Pelipper|Hurricane|p1a: Heatran
|-resisted|p1a: Heatran
|-damage|p1a: Heatran|34/100
|-start|p1a: Heatran|confusion
|
|-weather|RainDance|[upkeep]
|-damage|p1a: Heatran|21/100|[from] Leech Seed|[of] p2a: Pelipper
|-heal|p2a: Pelipper|67/100|[silent]
|upkeep
|turn|15
|
|t:|1664260777
|switch|p2a: Tapu Lele|Tapu Lele|100/100
|-fieldstart|move: Psychic Terrain|[from] ability: Psychic Surge|[of] p2a: Tapu Lele
|-activate|p1a: Heatran|confusion
|-damage|p1a: Heatran|17/100|[from] confusion
|
|-weather|RainDance|[upkeep]
|-damage|p1a: Heatran|5/100|[from] Leech Seed|[of] p2a: Tapu Lele
|upkeep
|turn|16
|
|t:|1664260789
|move|p2a: Tapu Lele|Psychic|p1a: Heatran
|-resisted|p1a: Heatran
|-damage|p1a: Heatran|0 fnt
|faint|p1a: Heatran
|
|-weather|RainDance|[upkeep]
|upkeep
|
|t:|1664260796
|switch|p1a: Tapu Lele|Tapu Lele|100/100
|turn|17
|
|t:|1664260823
|move|p2a: Tapu Lele|Psychic|p1a: Tapu Lele
|-resisted|p1a: Tapu Lele
|-damage|p1a: Tapu Lele|66/100
|-unboost|p1a: Tapu Lele|spd|1
|move|p1a: Tapu Lele|Moonblast|p2a: Tapu Lele
|-crit|p2a: Tapu Lele
|-damage|p2a: Tapu Lele|15/100
|
|-weather|RainDance|[upkeep]
|upkeep
|turn|18
|
|t:|1664260835
|switch|p2a: Ferrothorn|Ferrothorn, F|55/100
|move|p1a: Tapu Lele|Moonblast|p2a: Ferrothorn
|-resisted|p2a: Ferrothorn
|-damage|p2a: Ferrothorn|37/100
|-unboost|p2a: Ferrothorn|spa|1
|
|-weather|none
|upkeep
|turn|19
|
|t:|1664260862
|switch|p1a: Tapu Koko|Tapu Koko|88/100
|-fieldstart|move: Electric Terrain|[from] ability: Electric Surge|[of] p1a: Tapu Koko
|move|p2a: Ferrothorn|Leech Seed|p1a: Tapu Koko|[miss]
|-miss|p2a: Ferrothorn|p1a: Tapu Koko
|
|upkeep
|turn|20
|
|t:|1664260881
|move|p1a: Tapu Koko|Thunderbolt|p2a: Ferrothorn
|-resisted|p2a: Ferrothorn
|-damage|p2a: Ferrothorn|20/100
|move|p2a: Ferrothorn|Leech Seed|p1a: Tapu Koko
|-start|p1a: Tapu Koko|move: Leech Seed
|
|-damage|p1a: Tapu Koko|76/100|[from] Leech Seed|[of] p2a: Ferrothorn
|-heal|p2a: Ferrothorn|30/100|[silent]
|upkeep
|turn|21
|
|t:|1664260900
|move|p1a: Tapu Koko|U-turn|p2a: Ferrothorn
|-damage|p2a: Ferrothorn|18/100
|-damage|p1a: Tapu Koko|63/100|[from] ability: Iron Barbs|[of] p2a: Ferrothorn
|
|t:|1664260909
|switch|p1a: Swampert|Swampert, M|100/100|[from]move: U-turn
|move|p2a: Ferrothorn|Leech Seed|p1a: Swampert
|-start|p1a: Swampert|move: Leech Seed
|
|-damage|p1a: Swampert|88/100|[from] Leech Seed|[of] p2a: Ferrothorn
|-heal|p2a: Ferrothorn|32/100|[silent]
|upkeep
|turn|22
|
|t:|1664260920
|move|p1a: Swampert|Flip Turn|p2a: Ferrothorn
|-resisted|p2a: Ferrothorn
|-damage|p2a: Ferrothorn|23/100
|-damage|p1a: Swampert|76/100|[from] ability: Iron Barbs|[of] p2a: Ferrothorn
|
|t:|1664260923
|switch|p1a: Tapu Koko|Tapu Koko|63/100|[from]move: Flip Turn
|move|p2a: Ferrothorn|Spikes|p1a: Tapu Koko
|-sidestart|p1: brettfavreinnocent|Spikes
|
|upkeep
|turn|23
|j| Kyurem
|
|t:|1664260928
|move|p1a: Tapu Koko|Thunderbolt|p2a: Ferrothorn
|-resisted|p2a: Ferrothorn
|-damage|p2a: Ferrothorn|8/100
|move|p2a: Ferrothorn|Leech Seed|p1a: Tapu Koko
|-start|p1a: Tapu Koko|move: Leech Seed
|
|-damage|p1a: Tapu Koko|51/100|[from] Leech Seed|[of] p2a: Ferrothorn
|-heal|p2a: Ferrothorn|18/100|[silent]
|-fieldend|move: Electric Terrain
|upkeep
|turn|24
|
|t:|1664260942
|switch|p1a: Tapu Lele|Tapu Lele|66/100
|-damage|p1a: Tapu Lele|54/100|[from] Spikes
|-fieldstart|move: Psychic Terrain|[from] ability: Psychic Surge|[of] p1a: Tapu Lele
|move|p2a: Ferrothorn|Knock Off|p1a: Tapu Lele
|-damage|p1a: Tapu Lele|19/100
|-enditem|p1a: Tapu Lele|Choice Scarf|[from] move: Knock Off|[of] p2a: Ferrothorn
|
|upkeep
|turn|25
|
|t:|1664260957
|move|p1a: Tapu Lele|Psychic|p2a: Ferrothorn
|-resisted|p2a: Ferrothorn
|-damage|p2a: Ferrothorn|0 fnt
|faint|p2a: Ferrothorn
|
|upkeep
|
|t:|1664260960
|switch|p2a: Tapu Lele|Tapu Lele|15/100
|turn|26
|
|t:|1664260964
|move|p2a: Tapu Lele|Moonblast|p1a: Tapu Lele
|-damage|p1a: Tapu Lele|0 fnt
|faint|p1a: Tapu Lele
|
|upkeep
|
|t:|1664260969
|switch|p1a: Tapu Fini|Tapu Fini|79/100
|-damage|p1a: Tapu Fini|67/100|[from] Spikes
|-fieldstart|move: Misty Terrain|[from] ability: Misty Surge|[of] p1a: Tapu Fini
|turn|27
|
|t:|1664260976
|switch|p2a: Pelipper|Pelipper, F|67/100
|-weather|RainDance|[from] ability: Drizzle|[of] p2a: Pelipper
|move|p1a: Tapu Fini|Moonblast|p2a: Pelipper
|-damage|p2a: Pelipper|11/100
|
|-weather|RainDance|[upkeep]
|-heal|p1a: Tapu Fini|73/100|[from] item: Leftovers
|upkeep
|turn|28
|
|t:|1664260987
|move|p2a: Pelipper|Hurricane|p1a: Tapu Fini
|-damage|p1a: Tapu Fini|19/100
|move|p1a: Tapu Fini|Moonblast|p2a: Pelipper
|-damage|p2a: Pelipper|0 fnt
|faint|p2a: Pelipper
|
|-weather|RainDance|[upkeep]
|-heal|p1a: Tapu Fini|25/100|[from] item: Leftovers
|upkeep
|
|t:|1664260991
|switch|p2a: Barraskewda|Barraskewda, F|100/100
|turn|29
|
|t:|1664260995
|move|p2a: Barraskewda|Liquidation|p1a: Tapu Fini
|-resisted|p1a: Tapu Fini
|-damage|p1a: Tapu Fini|0 fnt
|faint|p1a: Tapu Fini
|
|-weather|RainDance|[upkeep]
|upkeep
|-message|brettfavreinnocent forfeited.
|
|win|Lennn
|raw|brettfavreinnocent's rating: 1509 &rarr; <strong>1489</strong><br />(-20 for losing)
|raw|Lennn's rating: 1514 &rarr; <strong>1534</strong><br />(+20 for winning)
|l|‽brettfavreinnocent
