|html|<div class="broadcast-blue"><strong>[Gen 8] OU is currently suspecting Urshifu-S! For information on how to participate check out the <a href="https://www.smogon.com/forums/threads/np-ss-ou-suspect-process-round-8-aint-no-rest-for-the-wicked.3675310/">suspect thread</a>.</strong></div>
|j|☆Y0ur Shifu
|j|☆Contorted Lies
|t:|1610131725
|player|p1|Y0ur Shifu|1|1769
|player|p2|Contorted Lies|170|1778
|teamsize|p1|6
|teamsize|p2|6
|gametype|singles
|gen|8
|tier|[Gen 8] OU
|rated|
|clearpoke
|poke|p1|Zapdos|
|poke|p1|Urshifu-*, M|
|poke|p1|Heatran, F|
|poke|p1|Slowking, F|
|poke|p1|Bewear, F|
|poke|p1|Landorus-Therian, M|
|poke|p2|Melmetal|
|poke|p2|Slowking-Galar, M|
|poke|p2|Rillaboom, M|
|poke|p2|Swampert, M|
|poke|p2|Mandibuzz, F|
|poke|p2|Dragapult, M|
|rule|Sleep Clause Mod: Limit one foe put to sleep
|rule|Species Clause: Limit one of each Pokémon
|rule|OHKO Clause: OHKO moves are banned
|rule|Evasion Moves Clause: Evasion moves are banned
|rule|Endless Battle Clause: Forcing endless battles is banned
|rule|HP Percentage Mod: HP is shown in percentages
|rule|Dynamax Clause: You cannot dynamax
|teampreview
|
|t:|1610131735
|start
|switch|p1a: Zapdos|Zapdos|100/100
|switch|p2a: Swampert|Swampert, M|100/100
|-ability|p1a: Zapdos|Pressure
|turn|1
|
|t:|1610131740
|move|p1a: Zapdos|Hurricane|p2a: Swampert
|-crit|p2a: Swampert
|-damage|p2a: Swampert|25/100
|move|p2a: Swampert|Toxic|p1a: Zapdos
|-status|p1a: Zapdos|tox
|
|-heal|p2a: Swampert|31/100|[from] item: Leftovers
|-damage|p1a: Zapdos|94/100 tox|[from] psn
|upkeep
|turn|2
|
|t:|1610131747
|switch|p2a: Melmetal|Melmetal|100/100
|move|p1a: Zapdos|Hurricane|p2a: Melmetal|[miss]
|-miss|p1a: Zapdos|p2a: Melmetal
|
|-damage|p1a: Zapdos|82/100 tox|[from] psn
|upkeep
|turn|3
|j| Fourthstar
|
|t:|1610131753
|switch|p1a: Bewear|Bewear, F|100/100
|switch|p2a: Swampert|Swampert, M|31/100
|
|-heal|p2a: Swampert|37/100|[from] item: Leftovers
|upkeep
|turn|4
|
|t:|1610131759
|switch|p2a: Mandibuzz|Mandibuzz, F|100/100
|move|p1a: Bewear|Force Palm|p2a: Mandibuzz
|-damage|p2a: Mandibuzz|86/100
|
|upkeep
|turn|5
|
|t:|1610131761
|move|p2a: Mandibuzz|Toxic|p1a: Bewear
|-status|p1a: Bewear|tox
|move|p1a: Bewear|Force Palm|p2a: Mandibuzz
|-damage|p2a: Mandibuzz|70/100
|
|-damage|p1a: Bewear|94/100 tox|[from] psn
|upkeep
|turn|6
|
|t:|1610131768
|switch|p2a: Dragapult|Dragapult, M|100/100
|move|p1a: Bewear|Force Palm|p2a: Dragapult
|-immune|p2a: Dragapult
|
|-damage|p1a: Bewear|82/100 tox|[from] psn
|upkeep
|turn|7
|
|t:|1610131776
|switch|p1a: Slowking|Slowking, F|100/100
|move|p2a: Dragapult|U-turn|p1a: Slowking
|-supereffective|p1a: Slowking
|-crit|p1a: Slowking
|-damage|p1a: Slowking|50/100
|
|t:|1610131785
|switch|p2a: Swampert|Swampert, M|37/100|[from]move: U-turn
|
|-heal|p2a: Swampert|43/100|[from] item: Leftovers
|upkeep
|turn|8
|
|t:|1610131789
|move|p2a: Swampert|Stealth Rock|p1a: Slowking
|-sidestart|p1: Y0ur Shifu|move: Stealth Rock
|move|p1a: Slowking|Slack Off|p1a: Slowking
|-heal|p1a: Slowking|99/100
|
|-heal|p2a: Swampert|50/100|[from] item: Leftovers
|upkeep
|turn|9
|
|t:|1610131795
|move|p2a: Swampert|Toxic|p1a: Slowking
|-status|p1a: Slowking|tox
|move|p1a: Slowking|Future Sight|p2a: Swampert
|-start|p1a: Slowking|move: Future Sight
|
|-heal|p2a: Swampert|56/100|[from] item: Leftovers
|-damage|p1a: Slowking|94/100 tox|[from] psn
|upkeep
|turn|10
|j| saitama25
|
|t:|1610131802
|move|p2a: Swampert|Earthquake|p1a: Slowking
|-damage|p1a: Slowking|55/100 tox
|move|p1a: Slowking|Teleport|p1a: Slowking
|
|t:|1610131812
|switch|p1a: Urshifu|Urshifu, M|100/100|[from]move: Teleport
|-damage|p1a: Urshifu|94/100|[from] Stealth Rock
|
|-heal|p2a: Swampert|62/100|[from] item: Leftovers
|upkeep
|turn|11
|
|t:|1610131818
|switch|p2a: Mandibuzz|Mandibuzz, F|70/100
|move|p1a: Urshifu|Close Combat|p2a: Mandibuzz
|-damage|p2a: Mandibuzz|32/100
|-unboost|p1a: Urshifu|def|1
|-unboost|p1a: Urshifu|spd|1
|
|-end|p2a: Mandibuzz|move: Future Sight
|-immune|p2a: Mandibuzz
|upkeep
|turn|12
|l| saitama25
|j| HahaGamerDays✓
|j| sdmag
|
|t:|1610131831
|switch|p2a: Dragapult|Dragapult, M|100/100
|move|p1a: Urshifu|Close Combat|p2a: Dragapult
|-immune|p2a: Dragapult
|
|upkeep
|turn|13
|
|t:|1610131847
|switch|p2a: Melmetal|Melmetal|100/100
|move|p1a: Urshifu|Wicked Blow|p2a: Melmetal
|-crit|p2a: Melmetal
|-damage|p2a: Melmetal|68/100
|
|-heal|p2a: Melmetal|74/100|[from] item: Leftovers
|upkeep
|turn|14
|
|t:|1610131853
|switch|p1a: Landorus|Landorus-Therian, M|100/100
|-damage|p1a: Landorus|88/100|[from] Stealth Rock
|-ability|p1a: Landorus|Intimidate|boost
|-unboost|p2a: Melmetal|atk|1
|move|p2a: Melmetal|Double Iron Bash|p1a: Landorus
|-damage|p1a: Landorus|69/100
|-damage|p1a: Landorus|50/100
|-hitcount|p1a: Landorus|2
|
|-heal|p1a: Landorus|56/100|[from] item: Leftovers
|-heal|p2a: Melmetal|80/100|[from] item: Leftovers
|upkeep
|turn|15
|
|t:|1610131863
|switch|p2a: Mandibuzz|Mandibuzz, F|32/100
|move|p1a: Landorus|Defog|p2a: Mandibuzz
|-unboost|p2a: Mandibuzz|evasion|1
|-sideend|p1: Y0ur Shifu|Stealth Rock|[from] move: Defog|[of] p1a: Landorus
|
|-heal|p1a: Landorus|62/100|[from] item: Leftovers
|upkeep
|turn|16
|
|t:|1610131869
|move|p2a: Mandibuzz|Roost|p2a: Mandibuzz
|-heal|p2a: Mandibuzz|83/100
|-singleturn|p2a: Mandibuzz|move: Roost
|move|p1a: Landorus|U-turn|p2a: Mandibuzz
|-supereffective|p2a: Mandibuzz
|-damage|p2a: Mandibuzz|58/100
|
|t:|1610131877
|switch|p1a: Heatran|Heatran, F|100/100|[from]move: U-turn
|
|upkeep
|turn|17
|
|t:|1610131884
|switch|p2a: Swampert|Swampert, M|62/100
|move|p1a: Heatran|Eruption|p2a: Swampert
|-resisted|p2a: Swampert
|-damage|p2a: Swampert|36/100
|
|-heal|p2a: Swampert|42/100|[from] item: Leftovers
|upkeep
|turn|18
|
|t:|1610131898
|switch|p1a: Bewear|Bewear, F|82/100 tox
|move|p2a: Swampert|Flip Turn|p1a: Bewear
|-crit|p1a: Bewear
|-damage|p1a: Bewear|71/100 tox
|-damage|p2a: Swampert|25/100|[from] item: Rocky Helmet|[of] p1a: Bewear
|
|t:|1610131905
|switch|p2a: Melmetal|Melmetal|80/100|[from]move: Flip Turn
|
|-heal|p2a: Melmetal|86/100|[from] item: Leftovers
|-damage|p1a: Bewear|64/100 tox|[from] psn
|upkeep
|turn|19
|
|t:|1610131913
|move|p2a: Melmetal|Protect|p2a: Melmetal
|-singleturn|p2a: Melmetal|Protect
|move|p1a: Bewear|Force Palm|p2a: Melmetal
|-activate|p2a: Melmetal|move: Protect
|
|-heal|p2a: Melmetal|92/100|[from] item: Leftovers
|-damage|p1a: Bewear|52/100 tox|[from] psn
|upkeep
|turn|20
|l| sdmag
|
|t:|1610131918
|switch|p2a: Dragapult|Dragapult, M|100/100
|move|p1a: Bewear|Rest|p1a: Bewear
|-status|p1a: Bewear|slp|[from] move: Rest
|-heal|p1a: Bewear|100/100 slp|[silent]
|
|upkeep
|turn|21
|
|t:|1610131933
|move|p2a: Dragapult|U-turn|p1a: Bewear
|-resisted|p1a: Bewear
|-damage|p1a: Bewear|98/100 slp
|-damage|p2a: Dragapult|84/100|[from] item: Rocky Helmet|[of] p1a: Bewear
|
|t:|1610131940
|switch|p2a: Slowking|Slowking-Galar, M|100/100|[from]move: U-turn
|cant|p1a: Bewear|slp
|
|upkeep
|turn|22
|
|t:|1610131944
|cant|p1a: Bewear|slp
|move|p2a: Slowking|Future Sight|p1a: Bewear
|-start|p2a: Slowking|move: Future Sight
|
|upkeep
|turn|23
|inactive|Battle timer is ON: inactive players will automatically lose when time's up. (requested by Contorted Lies)
|inactive|Y0ur Shifu has 120 seconds left.
|j| Vessev
|inactive|Y0ur Shifu has 90 seconds left.
|j| alt_wrfw
|inactive|Y0ur Shifu has 60 seconds left.
|inactive|Y0ur Shifu has 30 seconds left.
|j| sdmag
|inactive|Y0ur Shifu has 20 seconds left.
|inactive|Y0ur Shifu has 15 seconds left.
|inactive|Y0ur Shifu has 10 seconds left.
|inactive|Y0ur Shifu has 5 seconds left.
|-message|Y0ur Shifu lost due to inactivity.
|
|win|Contorted Lies
|l| alt_wrfw
||Ladder (probably) updated, but score could not be retrieved (Request timeout).
