|j|☆Rorschach I
|j|☆OUTZ Dr.Aw
|player|p1|Rorschach I|cynthia|1896
|player|p2|OUTZ Dr.Aw|lucas|1762
|teamsize|p1|6
|teamsize|p2|6
|gametype|singles
|gen|8
|tier|[Gen 8] OU
|rated|
|html|<div class="broadcast-blue"><strong>OU is currently suspecting Dracovish! For information on how to participate check out the <a href="https://www.smogon.com/forums/threads/3664521/">suspect thread</a>.</strong></div>
|clearpoke
|poke|p1|Terrakion|
|poke|p1|Aegislash, M|
|poke|p1|Crawdaunt, F|
|poke|p1|Zeraora|
|poke|p1|Kyurem|
|poke|p1|Togekiss, F|
|poke|p2|Hydreigon, M|
|poke|p2|Rotom-Heat|
|poke|p2|Toxapex, M|
|poke|p2|Corviknight, M|
|poke|p2|Gengar, M|
|poke|p2|Kommo-o, M|
|rule|Sleep Clause Mod: Limit one foe put to sleep
|rule|Species Clause: Limit one of each Pokémon
|rule|OHKO Clause: OHKO moves are banned
|rule|Evasion Moves Clause: Evasion moves are banned
|rule|Endless Battle Clause: Forcing endless battles is banned
|rule|HP Percentage Mod: HP is shown in percentages
|rule|Dynamax Clause: You cannot dynamax
|teampreview
|j| HeavenStar
|inactive|Battle timer is ON: inactive players will automatically lose when time's up. (requested by OUTZ Dr.Aw)
|
|start
|switch|p1a: Terrakion|Terrakion|100/100
|switch|p2a: Kommo-o|Kommo-o, M|100/100
|turn|1
|
|move|p1a: Terrakion|Taunt|p2a: Kommo-o
|-start|p2a: Kommo-o|move: Taunt
|move|p2a: Kommo-o|Body Press|p1a: Terrakion
|-supereffective|p1a: Terrakion
|-enditem|p1a: Terrakion|Focus Sash
|-damage|p1a: Terrakion|1/100
|
|upkeep
|turn|2
|
|move|p1a: Terrakion|Stealth Rock|p2a: Kommo-o
|-sidestart|p2: OUTZ Dr.Aw|move: Stealth Rock
|move|p2a: Kommo-o|Body Press|p1a: Terrakion
|-supereffective|p1a: Terrakion
|-damage|p1a: Terrakion|0 fnt
|faint|p1a: Terrakion
|
|upkeep
|
|switch|p1a: Kyurem|Kyurem|100/100
|-ability|p1a: Kyurem|Pressure
|turn|3
|inactive|OUTZ Dr.Aw has 120 seconds left.
|
|switch|p2a: Toxapex|Toxapex, M|100/100
|-damage|p2a: Toxapex|88/100|[from] Stealth Rock
|move|p1a: Kyurem|Freeze-Dry|p2a: Toxapex
|-supereffective|p2a: Toxapex
|-damage|p2a: Toxapex|0 fnt
|faint|p2a: Toxapex
|
|upkeep
|
|switch|p2a: Hydreigon|Hydreigon, M|100/100
|-damage|p2a: Hydreigon|88/100|[from] Stealth Rock
|turn|4
|inactive|OUTZ Dr.Aw has 120 seconds left.
|
|switch|p1a: Togekiss|Togekiss, F|100/100
|move|p2a: Hydreigon|Substitute|p2a: Hydreigon
|-start|p2a: Hydreigon|Substitute
|-damage|p2a: Hydreigon|63/100
|
|upkeep
|turn|5
|
|move|p1a: Togekiss|Air Slash|p2a: Hydreigon
|-end|p2a: Hydreigon|Substitute
|move|p2a: Hydreigon|Nasty Plot|p2a: Hydreigon
|-boost|p2a: Hydreigon|spa|2
|
|upkeep
|turn|6
|
|move|p1a: Togekiss|Air Slash|p2a: Hydreigon
|-damage|p2a: Hydreigon|22/100
|move|p2a: Hydreigon|Flash Cannon|p1a: Togekiss
|-supereffective|p1a: Togekiss
|-damage|p1a: Togekiss|0 fnt
|-damage|p2a: Hydreigon|12/100|[from] item: Life Orb
|faint|p1a: Togekiss
|
|upkeep
|
|switch|p1a: Zeraora|Zeraora|100/100
|turn|7
|
|move|p1a: Zeraora|Plasma Fists|p2a: Hydreigon
|-resisted|p2a: Hydreigon
|-damage|p2a: Hydreigon|0 fnt
|-fieldactivate|move: Ion Deluge
|-damage|p1a: Zeraora|91/100|[from] item: Life Orb
|faint|p2a: Hydreigon
|
|upkeep
|
|switch|p2a: Rotom|Rotom-Heat|100/100
|-damage|p2a: Rotom|76/100|[from] Stealth Rock
|turn|8
|
|switch|p1a: Kyurem|Kyurem|100/100
|-ability|p1a: Kyurem|Pressure
|move|p2a: Rotom|Overheat|p1a: Kyurem
|-damage|p1a: Kyurem|44/100
|-unboost|p2a: Rotom|spa|2
|
|upkeep
|turn|9
|
|switch|p2a: Corviknight|Corviknight, M|100/100
|-damage|p2a: Corviknight|88/100|[from] Stealth Rock
|-ability|p2a: Corviknight|Pressure
|move|p1a: Kyurem|Ice Beam|p2a: Corviknight
|-damage|p2a: Corviknight|15/100
|
|-heal|p2a: Corviknight|21/100|[from] item: Leftovers
|upkeep
|turn|10
|
|move|p1a: Kyurem|Ice Beam|p2a: Corviknight
|-damage|p2a: Corviknight|0 fnt
|faint|p2a: Corviknight
|
|upkeep
|
|switch|p2a: Gengar|Gengar, M|100/100
|-damage|p2a: Gengar|88/100|[from] Stealth Rock
|turn|11
|j| phys2000
|
|move|p2a: Gengar|Sludge Wave|p1a: Kyurem
|-damage|p1a: Kyurem|0 fnt
|-damage|p2a: Gengar|78/100|[from] item: Life Orb
|faint|p1a: Kyurem
|
|upkeep
|
|switch|p1a: Zeraora|Zeraora|91/100
|turn|12
|
|switch|p2a: Kommo-o|Kommo-o, M|100/100
|-damage|p2a: Kommo-o|94/100|[from] Stealth Rock
|move|p1a: Zeraora|Plasma Fists|p2a: Kommo-o
|-resisted|p2a: Kommo-o
|-damage|p2a: Kommo-o|76/100
|-fieldactivate|move: Ion Deluge
|-damage|p1a: Zeraora|81/100|[from] item: Life Orb
|
|-heal|p2a: Kommo-o|82/100|[from] item: Leftovers
|upkeep
|turn|13
|
|switch|p2a: Rotom|Rotom-Heat|76/100
|-damage|p2a: Rotom|51/100|[from] Stealth Rock
|move|p1a: Zeraora|Play Rough|p2a: Rotom
|-resisted|p2a: Rotom
|-damage|p2a: Rotom|27/100
|-damage|p1a: Zeraora|71/100|[from] item: Life Orb
|
|upkeep
|turn|14
|
|switch|p1a: Crawdaunt|Crawdaunt, F|100/100
|move|p2a: Rotom|Overheat|p1a: Crawdaunt
|-resisted|p1a: Crawdaunt
|-damage|p1a: Crawdaunt|45/100
|-unboost|p2a: Rotom|spa|2
|
|upkeep
|turn|15
|
|switch|p2a: Kommo-o|Kommo-o, M|82/100
|-damage|p2a: Kommo-o|76/100|[from] Stealth Rock
|move|p1a: Crawdaunt|Knock Off|p2a: Kommo-o
|-resisted|p2a: Kommo-o
|-damage|p2a: Kommo-o|50/100
|-enditem|p2a: Kommo-o|Leftovers|[from] move: Knock Off|[of] p1a: Crawdaunt
|-damage|p1a: Crawdaunt|35/100|[from] item: Life Orb
|
|upkeep
|turn|16
|
|switch|p1a: Aegislash|Aegislash, M|100/100
|-item|p1a: Aegislash|Air Balloon
|move|p2a: Kommo-o|Earthquake|p1a: Aegislash
|-immune|p1a: Aegislash
|
|upkeep
|turn|17
|-message|OUTZ Dr.Aw forfeited.
|
|win|Rorschach I
|l|☆OUTZ Dr.Aw
||Ladder (probably) updated, but score could not be retrieved (Response not received).
|l|☆Rorschach I
