|j|☆yokobaby
|j|☆minimax_ai
|t:|1665179431
|gametype|singles
|player|p1|yokobaby|cynthia-masters|1682
|player|p2|minimax_ai|lusamine-nihilego|1573
|teamsize|p1|6
|teamsize|p2|6
|gen|8
|tier|[Gen 8] OU
|rated|
|rule|Sleep Clause Mod: Limit one foe put to sleep
|rule|Species Clause: Limit one of each Pokémon
|rule|OHKO Clause: OHKO moves are banned
|rule|Evasion Items Clause: Evasion items are banned
|rule|Evasion Moves Clause: Evasion moves are banned
|rule|Endless Battle Clause: Forcing endless battles is banned
|rule|HP Percentage Mod: HP is shown in percentages
|rule|Dynamax Clause: You cannot dynamax
|clearpoke
|poke|p1|Nihilego|
|poke|p1|Zapdos-Galar|
|poke|p1|Kartana|
|poke|p1|Celesteela|
|poke|p1|Garchomp, F|
|poke|p1|Tapu Fini|
|poke|p2|Rotom-Wash|
|poke|p2|Weavile, F|
|poke|p2|Landorus-Therian, M|
|poke|p2|Heatran, M|
|poke|p2|Tangrowth, F|
|poke|p2|Melmetal|
|teampreview
|c|☆minimax_ai|hf
|inactive|Battle timer is ON: inactive players will automatically lose when time's up. (requested by minimax_ai)
|
|t:|1665179436
|start
|switch|p1a: Garchomp|Garchomp, F|100/100
|switch|p2a: rotomwash|Rotom-Wash|100/100
|turn|1
|
|t:|1665179443
|switch|p2a: Heatran|Heatran, M|100/100
|-item|p2a: Heatran|Air Balloon
|move|p1a: Garchomp|Toxic|p2a: Heatran|[miss]
|-miss|p1a: Garchomp|p2a: Heatran
|
|upkeep
|turn|2
|
|t:|1665179445
|move|p1a: Garchomp|Stealth Rock|p2a: Heatran
|-sidestart|p2: minimax_ai|move: Stealth Rock
|move|p2a: Heatran|Magma Storm|p1a: Garchomp
|-resisted|p1a: Garchomp
|-damage|p1a: Garchomp|74/100
|-activate|p1a: Garchomp|move: Magma Storm|[of] p2a: Heatran
|
|-damage|p1a: Garchomp|62/100|[from] move: Magma Storm|[partiallytrapped]
|upkeep
|turn|3
|
|t:|1665179449
|move|p1a: Garchomp|Fire Blast|p2a: Heatran
|-start|p2a: Heatran|ability: Flash Fire
|move|p2a: Heatran|Eruption|p1a: Garchomp
|-resisted|p1a: Garchomp
|-damage|p1a: Garchomp|4/100
|
|-damage|p1a: Garchomp|0 fnt|[from] move: Magma Storm|[partiallytrapped]
|faint|p1a: Garchomp
|upkeep
|
|t:|1665179452
|switch|p1a: Zapdos|Zapdos-Galar|100/100
|turn|4
|
|t:|1665179453
|-end|p2a: Heatran|ability: Flash Fire|[silent]
|switch|p2a: Tangrowth|Tangrowth, F|100/100
|-damage|p2a: Tangrowth|88/100|[from] Stealth Rock
|move|p1a: Zapdos|U-turn|p2a: Tangrowth
|-supereffective|p2a: Tangrowth
|-damage|p2a: Tangrowth|48/100
|-damage|p1a: Zapdos|84/100|[from] item: Rocky Helmet|[of] p2a: Tangrowth
|
|t:|1665179460
|switch|p1a: Celesteela|Celesteela|100/100|[from]move: U-turn
|
|upkeep
|turn|5
|
|t:|1665179463
|switch|p1a: Zapdos|Zapdos-Galar|84/100
|switch|p2a: landorustherian|Landorus-Therian, M|100/100
|-damage|p2a: landorustherian|88/100|[from] Stealth Rock
|-ability|p2a: landorustherian|Intimidate|boost
|-unboost|p1a: Zapdos|atk|1
|-ability|p1a: Zapdos|Defiant
|-boost|p1a: Zapdos|atk|2
|
|-heal|p2a: landorustherian|94/100|[from] item: Leftovers
|upkeep
|turn|6
|
|t:|1665179468
|move|p1a: Zapdos|Close Combat|p2a: landorustherian
|-resisted|p2a: landorustherian
|-damage|p2a: landorustherian|24/100
|-unboost|p1a: Zapdos|def|1
|-unboost|p1a: Zapdos|spd|1
|move|p2a: landorustherian|Toxic|p1a: Zapdos
|-status|p1a: Zapdos|tox
|
|-heal|p2a: landorustherian|30/100|[from] item: Leftovers
|-damage|p1a: Zapdos|78/100 tox|[from] psn
|upkeep
|turn|7
|
|t:|1665179469
|move|p1a: Zapdos|Close Combat|p2a: landorustherian
|-resisted|p2a: landorustherian
|-damage|p2a: landorustherian|0 fnt
|-unboost|p1a: Zapdos|def|1
|-unboost|p1a: Zapdos|spd|1
|faint|p2a: landorustherian
|
|-damage|p1a: Zapdos|65/100 tox|[from] psn
|upkeep
|
|t:|1665179469
|switch|p2a: Weavile|Weavile, F|100/100
|-damage|p2a: Weavile|76/100|[from] Stealth Rock
|-ability|p2a: Weavile|Pressure
|turn|8
|
|t:|1665179472
|switch|p1a: Tapu Fini|Tapu Fini|100/100
|-fieldstart|move: Misty Terrain|[from] ability: Misty Surge|[of] p1a: Tapu Fini
|move|p2a: Weavile|Knock Off|p1a: Tapu Fini
|-resisted|p1a: Tapu Fini
|-damage|p1a: Tapu Fini|73/100
|-enditem|p1a: Tapu Fini|Leftovers|[from] move: Knock Off|[of] p2a: Weavile
|
|upkeep
|turn|9
|
|t:|1665179475
|switch|p2a: Tangrowth|Tangrowth, F|81/100
|-damage|p2a: Tangrowth|68/100|[from] Stealth Rock
|switch|p1a: Zapdos|Zapdos-Galar|65/100 tox
|
|-damage|p1a: Zapdos|59/100 tox|[from] psn
|upkeep
|turn|10
|
|t:|1665179476
|move|p1a: Zapdos|Brave Bird|p2a: Tangrowth
|-supereffective|p2a: Tangrowth
|-damage|p2a: Tangrowth|0 fnt
|-damage|p1a: Zapdos|43/100 tox|[from] item: Rocky Helmet|[of] p2a: Tangrowth
|faint|p2a: Tangrowth
|-damage|p1a: Zapdos|15/100 tox|[from] Recoil
|
|-damage|p1a: Zapdos|2/100 tox|[from] psn
|upkeep
|
|t:|1665179477
|switch|p2a: Heatran|Heatran, M|100/100
|-damage|p2a: Heatran|88/100|[from] Stealth Rock
|-item|p2a: Heatran|Air Balloon
|turn|11
|
|t:|1665179478
|move|p1a: Zapdos|Brave Bird|p2a: Heatran
|-resisted|p2a: Heatran
|-damage|p2a: Heatran|39/100
|-enditem|p2a: Heatran|Air Balloon
|-damage|p1a: Zapdos|0 fnt|[from] Recoil
|faint|p1a: Zapdos
|move|p2a: Heatran|Stealth Rock|p1: Zapdos
|-sidestart|p1: yokobaby|move: Stealth Rock
|
|upkeep
|
|t:|1665179488
|switch|p1a: Tapu Fini|Tapu Fini|73/100
|-damage|p1a: Tapu Fini|60/100|[from] Stealth Rock
|turn|12
|
|t:|1665179489
|switch|p2a: Melmetal|Melmetal|100/100
|-damage|p2a: Melmetal|94/100|[from] Stealth Rock
|move|p1a: Tapu Fini|Scald|p2a: Melmetal
|-crit|p2a: Melmetal
|-damage|p2a: Melmetal|72/100
|
|-fieldend|Misty Terrain
|upkeep
|turn|13
|
|t:|1665179491
|move|p1a: Tapu Fini|Scald|p2a: Melmetal
|-damage|p2a: Melmetal|57/100
|move|p2a: Melmetal|Double Iron Bash|p1a: Tapu Fini
|-damage|p1a: Tapu Fini|29/100
|-damage|p1a: Tapu Fini|0 fnt
|faint|p1a: Tapu Fini
|-hitcount|p1: Tapu Fini|2
|
|upkeep
|
|t:|1665179494
|switch|p1a: Celesteela|Celesteela|100/100
|-damage|p1a: Celesteela|88/100|[from] Stealth Rock
|turn|14
|
|t:|1665179496
|move|p1a: Celesteela|Meteor Beam||[still]
|-prepare|p1a: Celesteela|Meteor Beam
|-boost|p1a: Celesteela|spa|1
|-enditem|p1a: Celesteela|Power Herb
|-anim|p1a: Celesteela|Meteor Beam|p2a: Melmetal
|-resisted|p2a: Melmetal
|-damage|p2a: Melmetal|42/100
|move|p2a: Melmetal|Thunder Punch|p1a: Celesteela
|-supereffective|p1a: Celesteela
|-damage|p1a: Celesteela|26/100
|
|upkeep
|turn|15
|
|t:|1665179499
|switch|p2a: rotomwash|Rotom-Wash|100/100
|-damage|p2a: rotomwash|88/100|[from] Stealth Rock
|move|p1a: Celesteela|Flamethrower|p2a: rotomwash
|-resisted|p2a: rotomwash
|-damage|p2a: rotomwash|66/100
|
|-heal|p2a: rotomwash|72/100|[from] item: Leftovers
|upkeep
|turn|16
|
|t:|1665179501
|move|p2a: rotomwash|Thunderbolt|p1a: Celesteela
|-supereffective|p1a: Celesteela
|-damage|p1a: Celesteela|0 fnt
|faint|p1a: Celesteela
|
|-heal|p2a: rotomwash|78/100|[from] item: Leftovers
|upkeep
|
|t:|1665179503
|switch|p1a: Nihilego|Nihilego|100/100
|-damage|p1a: Nihilego|88/100|[from] Stealth Rock
|turn|17
|
|t:|1665179506
|move|p1a: Nihilego|Meteor Beam||[still]
|-prepare|p1a: Nihilego|Meteor Beam
|-boost|p1a: Nihilego|spa|1
|-enditem|p1a: Nihilego|Power Herb
|-anim|p1a: Nihilego|Meteor Beam|p2a: rotomwash
|-damage|p2a: rotomwash|0 fnt
|faint|p2a: rotomwash
|-ability|p1a: Nihilego|Beast Boost|boost
|-boost|p1a: Nihilego|spe|1
|
|upkeep
|
|t:|1665179506
|switch|p2a: Melmetal|Melmetal|42/100
|-damage|p2a: Melmetal|36/100|[from] Stealth Rock
|turn|18
|
|t:|1665179508
|move|p1a: Nihilego|Power Gem|p2a: Melmetal
|-resisted|p2a: Melmetal
|-damage|p2a: Melmetal|21/100
|move|p2a: Melmetal|Ice Punch|p1a: Nihilego
|-damage|p1a: Nihilego|42/100
|
|upkeep
|turn|19
|
|t:|1665179509
|move|p1a: Nihilego|Power Gem|p2a: Melmetal
|-resisted|p2a: Melmetal
|-damage|p2a: Melmetal|4/100
|move|p2a: Melmetal|Double Iron Bash|p1a: Nihilego
|-supereffective|p1a: Nihilego
|-damage|p1a: Nihilego|0 fnt
|faint|p1a: Nihilego
|-hitcount|p1: Nihilego|1
|
|upkeep
|
|t:|1665179511
|switch|p1a: Kartana|Kartana|100/100
|-damage|p1a: Kartana|94/100|[from] Stealth Rock
|turn|20
|
|t:|1665179513
|move|p1a: Kartana|Sacred Sword|p2a: Melmetal
|-supereffective|p2a: Melmetal
|-damage|p2a: Melmetal|0 fnt
|faint|p2a: Melmetal
|-ability|p1a: Kartana|Beast Boost|boost
|-boost|p1a: Kartana|atk|1
|
|upkeep
|
|t:|1665179513
|switch|p2a: Heatran|Heatran, M|39/100
|-damage|p2a: Heatran|27/100|[from] Stealth Rock
|turn|21
|
|t:|1665179516
|move|p1a: Kartana|Sacred Sword|p2a: Heatran
|-supereffective|p2a: Heatran
|-damage|p2a: Heatran|0 fnt
|faint|p2a: Heatran
|-ability|p1a: Kartana|Beast Boost|boost
|-boost|p1a: Kartana|atk|1
|
|upkeep
|
|t:|1665179516
|switch|p2a: Weavile|Weavile, F|76/100
|-damage|p2a: Weavile|51/100|[from] Stealth Rock
|-ability|p2a: Weavile|Pressure
|turn|22
|
|t:|1665179539
|move|p2a: Weavile|Ice Shard|p1a: Kartana
|-damage|p1a: Kartana|62/100
|move|p1a: Kartana|Sacred Sword|p2a: Weavile
|-supereffective|p2a: Weavile
|-damage|p2a: Weavile|0 fnt
|faint|p2a: Weavile
|
|win|yokobaby
|raw|yokobaby's rating: 1682 &rarr; <strong>1696</strong><br />(+14 for winning)
|raw|minimax_ai's rating: 1573 &rarr; <strong>1559</strong><br />(-14 for losing)
|c|☆minimax_ai|gg
|l|☆minimax_ai
||Ladder isn't responding, score probably updated but might not have (Request timeout).
