|html|<div class="broadcast-blue"><strong>[Gen 8] OU is currently suspecting Melmetal! For information on how to participate check out the <a href="https://www.smogon.com/forums/threads/np-ss-ou-suspect-process-round-12-monster-mash.3709234/">suspect thread</a>.</strong></div>
|j|☆luminarie
|j|☆I'm back from Mars
|inactive|Battle timer is ON: inactive players will automatically lose when time's up.
|t:|1666357465
|gametype|singles
|player|p1|luminarie|cheryl|
|player|p2|I'm back from Mars|lucas|
|teamsize|p1|6
|teamsize|p2|6
|gen|8
|tier|[Gen 8] OU
|rated|Tournament battle
|rule|Sleep Clause Mod: Limit one foe put to sleep
|rule|Species Clause: Limit one of each Pokémon
|rule|OHKO Clause: OHKO moves are banned
|rule|Evasion Items Clause: Evasion items are banned
|rule|Evasion Moves Clause: Evasion moves are banned
|rule|Endless Battle Clause: Forcing endless battles is banned
|rule|HP Percentage Mod: HP is shown in percentages
|rule|Dynamax Clause: You cannot dynamax
|clearpoke
|poke|p1|Umbreon, M|
|poke|p1|Suicune|
|poke|p1|Melmetal|
|poke|p1|Zapdos|
|poke|p1|Corviknight, F|
|poke|p1|Krookodile, F|
|poke|p2|Jirachi|
|poke|p2|Skarmory, M|
|poke|p2|Gastrodon, M|
|poke|p2|Toxapex, M|
|poke|p2|Clefable, M|
|poke|p2|Hydreigon, F|
|teampreview
|j| OUTD Eclipse
|inactive|I'm back from Mars has 120 seconds left.
|
|t:|1666357524
|start
|switch|p1a: Zapdos|Zapdos|100/100
|switch|p2a: Toxapex|Toxapex, M|100/100
|turn|1
|
|t:|1666357533
|move|p1a: Zapdos|Hurricane|p2a: Toxapex
|-damage|p2a: Toxapex|54/100
|move|p2a: Toxapex|Light Screen|p2a: Toxapex
|-sidestart|p2: I'm back from Mars|move: Light Screen
|
|upkeep
|turn|2
|
|t:|1666357540
|switch|p2a: Gastrodon|Gastrodon, M|100/100
|move|p1a: Zapdos|Hurricane|p2a: Gastrodon|[miss]
|-miss|p1a: Zapdos|p2a: Gastrodon
|
|upkeep
|turn|3
|
|t:|1666357551
|switch|p1a: Suicune|Suicune|100/100
|-ability|p1a: Suicune|Pressure
|move|p2a: Gastrodon|Toxic|p1a: Suicune
|-status|p1a: Suicune|tox
|
|-damage|p1a: Suicune|94/100 tox|[from] psn
|upkeep
|turn|4
|
|t:|1666357565
|switch|p1a: Umbreon|Umbreon, M|100/100
|switch|p2a: Clefable|Clefable, M|100/100
|
|upkeep
|turn|5
|
|t:|1666357570
|move|p1a: Umbreon|Toxic|p2a: Clefable
|-status|p2a: Clefable|tox
|move|p2a: Clefable|Moonblast|p1a: Umbreon
|-supereffective|p1a: Umbreon
|-damage|p1a: Umbreon|61/100
|
|-heal|p1a: Umbreon|67/100|[from] item: Leftovers
|-damage|p2a: Clefable|94/100 tox|[from] psn
|-sideend|p2: I'm back from Mars|move: Light Screen
|upkeep
|turn|6
|
|t:|1666357579
|move|p1a: Umbreon|Wish|p1a: Umbreon
|move|p2a: Clefable|Moonblast|p1a: Umbreon
|-supereffective|p1a: Umbreon
|-damage|p1a: Umbreon|21/100
|
|-heal|p1a: Umbreon|27/100|[from] item: Leftovers
|-heal|p2a: Clefable|100/100 tox|[from] item: Leftovers
|-damage|p2a: Clefable|88/100 tox|[from] psn
|upkeep
|turn|7
|
|t:|1666357585
|move|p1a: Umbreon|Protect|p1a: Umbreon
|-singleturn|p1a: Umbreon|Protect
|move|p2a: Clefable|Aromatherapy|p2a: Clefable
|-activate|p2a: Clefable|move: Aromatherapy
|-curestatus|p2a: Clefable|tox|[msg]
|
|-heal|p1a: Umbreon|77/100|[from] move: Wish|[wisher] Umbreon
|-heal|p1a: Umbreon|83/100|[from] item: Leftovers
|-heal|p2a: Clefable|94/100|[from] item: Leftovers
|upkeep
|turn|8
|j| laughokenisis\
|c| laughokenisis\|oh you using it
|
|t:|1666357609
|switch|p1a: Melmetal|Melmetal|100/100
|move|p2a: Clefable|Moonblast|p1a: Melmetal
|-resisted|p1a: Melmetal
|-crit|p1a: Melmetal
|-damage|p1a: Melmetal|89/100
|
|-heal|p2a: Clefable|100/100|[from] item: Leftovers
|upkeep
|turn|9
|
|t:|1666357617
|switch|p2a: Toxapex|Toxapex, M|87/100
|switch|p1a: Zapdos|Zapdos|100/100
|
|upkeep
|turn|10
|
|t:|1666357624
|switch|p2a: Gastrodon|Gastrodon, M|100/100
|move|p1a: Zapdos|Volt Switch|p2a: Gastrodon
|-immune|p2a: Gastrodon
|
|upkeep
|turn|11
|
|t:|1666357631
|switch|p2a: Toxapex|Toxapex, M|100/100
|move|p1a: Zapdos|Hurricane|p2a: Toxapex
|-damage|p2a: Toxapex|58/100
|
|upkeep
|turn|12
|
|t:|1666357636
|switch|p2a: Gastrodon|Gastrodon, M|100/100
|move|p1a: Zapdos|Hurricane|p2a: Gastrodon
|-damage|p2a: Gastrodon|65/100
|-start|p2a: Gastrodon|confusion
|
|-heal|p2a: Gastrodon|71/100|[from] item: Leftovers
|upkeep
|turn|13
|c| laughokenisis\|just confuse hax
|c| laughokenisis\|gg
|
|t:|1666357651
|switch|p2a: Jirachi|Jirachi|100/100
|move|p1a: Zapdos|Hurricane|p2a: Jirachi
|-resisted|p2a: Jirachi
|-damage|p2a: Jirachi|84/100
|
|-heal|p2a: Jirachi|90/100|[from] item: Leftovers
|upkeep
|turn|14
|
|t:|1666357657
|move|p2a: Jirachi|Protect|p2a: Jirachi
|-singleturn|p2a: Jirachi|Protect
|move|p1a: Zapdos|Volt Switch|p2a: Jirachi
|-activate|p2a: Jirachi|move: Protect
|
|-heal|p2a: Jirachi|96/100|[from] item: Leftovers
|upkeep
|turn|15
|
|t:|1666357659
|move|p1a: Zapdos|Hurricane|p2a: Jirachi
|-resisted|p2a: Jirachi
|-crit|p2a: Jirachi
|-damage|p2a: Jirachi|71/100
|move|p2a: Jirachi|Wish|p2a: Jirachi
|
|-heal|p2a: Jirachi|77/100|[from] item: Leftovers
|upkeep
|turn|16
|
|t:|1666357665
|switch|p2a: Gastrodon|Gastrodon, M|71/100
|move|p1a: Zapdos|Hurricane|p2a: Gastrodon|[miss]
|-miss|p1a: Zapdos|p2a: Gastrodon
|
|-heal|p2a: Gastrodon|100/100|[from] move: Wish|[wisher] Jirachi
|upkeep
|turn|17
|
|t:|1666357674
|switch|p1a: Suicune|Suicune|94/100 tox
|-ability|p1a: Suicune|Pressure
|move|p2a: Gastrodon|Toxic|p1a: Suicune
|-fail|p1a: Suicune|tox
|
|-heal|p1a: Suicune|100/100 tox|[from] item: Leftovers
|-damage|p1a: Suicune|94/100 tox|[from] psn
|upkeep
|turn|18
|
|t:|1666357702
|switch|p1a: Umbreon|Umbreon, M|83/100
|switch|p2a: Toxapex|Toxapex, M|91/100
|
|-heal|p1a: Umbreon|89/100|[from] item: Leftovers
|upkeep
|turn|19
|
|t:|1666357708
|move|p1a: Umbreon|Protect|p1a: Umbreon
|-singleturn|p1a: Umbreon|Protect
|move|p2a: Toxapex|Knock Off|p1a: Umbreon
|-activate|p1a: Umbreon|move: Protect
|
|-heal|p1a: Umbreon|95/100|[from] item: Leftovers
|upkeep
|turn|20
|inactive|luminarie has 120 seconds left.
|
|t:|1666357729
|switch|p1a: Corviknight|Corviknight, F|100/100
|-ability|p1a: Corviknight|Pressure
|move|p2a: Toxapex|Knock Off|p1a: Corviknight
|-damage|p1a: Corviknight|90/100
|-enditem|p1a: Corviknight|Leftovers|[from] move: Knock Off|[of] p2a: Toxapex
|
|upkeep
|turn|21
|
|t:|1666357735
|move|p1a: Corviknight|U-turn|p2a: Toxapex
|-resisted|p2a: Toxapex
|-damage|p2a: Toxapex|87/100
|-damage|p1a: Corviknight|74/100|[from] item: Rocky Helmet|[of] p2a: Toxapex
|inactive|luminarie has 120 seconds left.
|
|t:|1666357748
|switch|p1a: Suicune|Suicune|94/100 tox|[from]move: U-turn
|-ability|p1a: Suicune|Pressure
|move|p2a: Toxapex|Knock Off|p1a: Suicune
|-damage|p1a: Suicune|84/100 tox
|-enditem|p1a: Suicune|Leftovers|[from] move: Knock Off|[of] p2a: Toxapex
|
|-damage|p1a: Suicune|78/100 tox|[from] psn
|upkeep
|turn|22
|
|t:|1666357758
|switch|p2a: Hydreigon|Hydreigon, F|100/100
|move|p1a: Suicune|Calm Mind|p1a: Suicune
|-boost|p1a: Suicune|spa|1
|-boost|p1a: Suicune|spd|1
|
|-damage|p1a: Suicune|66/100 tox|[from] psn
|upkeep
|turn|23
|
|t:|1666357766
|switch|p2a: Toxapex|Toxapex, M|100/100
|move|p1a: Suicune|Scald|p2a: Toxapex
|-resisted|p2a: Toxapex
|-damage|p2a: Toxapex|86/100
|
|-damage|p1a: Suicune|47/100 tox|[from] psn
|upkeep
|turn|24
|
|t:|1666357789
|move|p1a: Suicune|Scald|p2a: Toxapex
|-resisted|p2a: Toxapex
|-damage|p2a: Toxapex|71/100
|-status|p2a: Toxapex|brn
|move|p2a: Toxapex|Knock Off|p1a: Suicune
|-damage|p1a: Suicune|44/100 tox
|
|-damage|p1a: Suicune|19/100 tox|[from] psn
|-damage|p2a: Toxapex|65/100 brn|[from] brn
|upkeep
|turn|25
|
|t:|1666357809
|switch|p2a: Clefable|Clefable, M|100/100
|move|p1a: Suicune|Scald|p2a: Clefable
|-crit|p2a: Clefable
|-damage|p2a: Clefable|65/100
|
|-heal|p2a: Clefable|71/100|[from] item: Leftovers
|-damage|p1a: Suicune|0 fnt|[from] psn
|faint|p1a: Suicune
|upkeep
|
|t:|1666357815
|switch|p1a: Melmetal|Melmetal|89/100
|turn|26
|
|t:|1666357821
|switch|p2a: Toxapex|Toxapex, M|98/100 brn
|switch|p1a: Krookodile|Krookodile, F|100/100
|
|-damage|p2a: Toxapex|92/100 brn|[from] brn
|upkeep
|turn|27
|
|t:|1666357828
|switch|p2a: Skarmory|Skarmory, M|100/100
|move|p1a: Krookodile|Stealth Rock|p2a: Skarmory
|-sidestart|p2: I'm back from Mars|move: Stealth Rock
|
|upkeep
|turn|28
|
|t:|1666357832
|switch|p1a: Zapdos|Zapdos|100/100
|move|p2a: Skarmory|Defog|p1a: Zapdos
|-unboost|p1a: Zapdos|evasion|1
|-sideend|p2: I'm back from Mars|Stealth Rock|[from] move: Defog|[of] p2a: Skarmory
|
|upkeep
|turn|29
|
|t:|1666357839
|switch|p2a: Gastrodon|Gastrodon, M|100/100
|move|p1a: Zapdos|Hurricane|p2a: Gastrodon
|-damage|p2a: Gastrodon|61/100
|
|-heal|p2a: Gastrodon|67/100|[from] item: Leftovers
|upkeep
|turn|30
|
|t:|1666357845
|move|p1a: Zapdos|Hurricane|p2a: Gastrodon
|-damage|p2a: Gastrodon|30/100
|move|p2a: Gastrodon|Recover|p2a: Gastrodon
|-heal|p2a: Gastrodon|80/100
|
|-heal|p2a: Gastrodon|86/100|[from] item: Leftovers
|upkeep
|turn|31
|c|☆luminarie|man i shoulda revamped this team before i brought it lol
|
|t:|1666357874
|switch|p1a: Umbreon|Umbreon, M|95/100
|move|p2a: Gastrodon|Recover|p2a: Gastrodon
|-heal|p2a: Gastrodon|100/100
|
|-heal|p1a: Umbreon|100/100|[from] item: Leftovers
|upkeep
|turn|32
|
|t:|1666357885
|switch|p2a: Clefable|Clefable, M|71/100
|move|p1a: Umbreon|Toxic|p2a: Clefable
|-status|p2a: Clefable|tox
|
|-heal|p2a: Clefable|77/100 tox|[from] item: Leftovers
|-damage|p2a: Clefable|71/100 tox|[from] psn
|upkeep
|turn|33
|
|t:|1666357892
|switch|p1a: Melmetal|Melmetal|89/100
|move|p2a: Clefable|Aromatherapy|p2a: Clefable
|-activate|p2a: Clefable|move: Aromatherapy
|-curestatus|p2a: Clefable|tox|[msg]
|-curestatus|p2: Toxapex|brn|[msg]
|
|-heal|p2a: Clefable|77/100|[from] item: Leftovers
|upkeep
|turn|34
|
|t:|1666357897
|switch|p2a: Toxapex|Toxapex, M|100/100
|switch|p1a: Umbreon|Umbreon, M|100/100
|
|upkeep
|turn|35
|
|t:|1666357919
|switch|p1a: Zapdos|Zapdos|100/100
|move|p2a: Toxapex|Knock Off|p1a: Zapdos
|-damage|p1a: Zapdos|82/100
|-enditem|p1a: Zapdos|Heavy-Duty Boots|[from] move: Knock Off|[of] p2a: Toxapex
|
|upkeep
|turn|36
|
|t:|1666357924
|switch|p2a: Gastrodon|Gastrodon, M|100/100
|move|p1a: Zapdos|Hurricane|p2a: Gastrodon
|-damage|p2a: Gastrodon|61/100
|-start|p2a: Gastrodon|confusion
|
|-heal|p2a: Gastrodon|67/100|[from] item: Leftovers
|upkeep
|turn|37
|
|t:|1666357931
|switch|p2a: Jirachi|Jirachi|77/100
|move|p1a: Zapdos|Hurricane|p2a: Jirachi
|-resisted|p2a: Jirachi
|-damage|p2a: Jirachi|57/100
|
|-heal|p2a: Jirachi|64/100|[from] item: Leftovers
|upkeep
|turn|38
|
|t:|1666357936
|move|p2a: Jirachi|Protect|p2a: Jirachi
|-singleturn|p2a: Jirachi|Protect
|move|p1a: Zapdos|Heat Wave|p2a: Jirachi
|-activate|p2a: Jirachi|move: Protect
|
|-heal|p2a: Jirachi|70/100|[from] item: Leftovers
|upkeep
|turn|39
|j|@Sww-Suwa
|
|t:|1666357939
|move|p1a: Zapdos|Volt Switch|p2a: Jirachi
|-damage|p2a: Jirachi|45/100
|
|t:|1666357943
|switch|p1a: Krookodile|Krookodile, F|100/100|[from]move: Volt Switch
|move|p2a: Jirachi|Wish|p2a: Jirachi
|
|-heal|p2a: Jirachi|51/100|[from] item: Leftovers
|upkeep
|turn|40
|
|t:|1666357946
|move|p2a: Jirachi|Protect|p2a: Jirachi
|-singleturn|p2a: Jirachi|Protect
|move|p1a: Krookodile|Crunch|p2a: Jirachi
|-activate|p2a: Jirachi|move: Protect
|
|-heal|p2a: Jirachi|100/100|[from] move: Wish|[wisher] Jirachi
|upkeep
|turn|41
|
|t:|1666357955
|switch|p1a: Zapdos|Zapdos|82/100
|switch|p2a: Hydreigon|Hydreigon, F|100/100
|
|upkeep
|turn|42
|
|t:|1666357960
|move|p1a: Zapdos|Hurricane|p2a: Hydreigon
|-damage|p2a: Hydreigon|40/100
|move|p2a: Hydreigon|Flamethrower|p1a: Zapdos
|-damage|p1a: Zapdos|46/100
|
|-heal|p2a: Hydreigon|46/100|[from] item: Leftovers
|upkeep
|turn|43
|
|t:|1666357968
|switch|p2a: Jirachi|Jirachi|100/100
|move|p1a: Zapdos|Hurricane|p2a: Jirachi
|-resisted|p2a: Jirachi
|-damage|p2a: Jirachi|83/100
|
|-heal|p2a: Jirachi|90/100|[from] item: Leftovers
|upkeep
|turn|44
|
|t:|1666357972
|move|p1a: Zapdos|Heat Wave|p2a: Jirachi|[miss]
|-miss|p1a: Zapdos|p2a: Jirachi
|move|p2a: Jirachi|Wish|p2a: Jirachi
|
|-heal|p2a: Jirachi|96/100|[from] item: Leftovers
|upkeep
|turn|45
|
|t:|1666357975
|switch|p2a: Gastrodon|Gastrodon, M|67/100
|move|p1a: Zapdos|Roost|p1a: Zapdos
|-heal|p1a: Zapdos|96/100
|-singleturn|p1a: Zapdos|move: Roost
|
|-heal|p2a: Gastrodon|100/100|[from] move: Wish|[wisher] Jirachi
|upkeep
|turn|46
|c|☆luminarie|got gamed on
|c|☆luminarie|no way around it
|
|t:|1666357994
|switch|p1a: Corviknight|Corviknight, F|74/100
|-ability|p1a: Corviknight|Pressure
|move|p2a: Gastrodon|Scald|p1a: Corviknight
|-damage|p1a: Corviknight|51/100
|
|upkeep
|turn|47
|
|t:|1666358003
|move|p1a: Corviknight|Roost|p1a: Corviknight
|-heal|p1a: Corviknight|100/100
|-singleturn|p1a: Corviknight|move: Roost
|move|p2a: Gastrodon|Scald|p1a: Corviknight
|-damage|p1a: Corviknight|79/100
|
|upkeep
|turn|48
|inactive|luminarie has 120 seconds left.
|
|t:|1666358036
|switch|p2a: Toxapex|Toxapex, M|100/100
|move|p1a: Corviknight|U-turn|p2a: Toxapex
|-resisted|p2a: Toxapex
|-damage|p2a: Toxapex|97/100
|-damage|p1a: Corviknight|63/100|[from] item: Rocky Helmet|[of] p2a: Toxapex
|inactive|luminarie has 120 seconds left.
|
|t:|1666358043
|switch|p1a: Krookodile|Krookodile, F|100/100|[from]move: U-turn
|
|upkeep
|turn|49
|
|t:|1666358048
|switch|p1a: Zapdos|Zapdos|96/100
|switch|p2a: Skarmory|Skarmory, M|100/100
|
|upkeep
|turn|50
|
|t:|1666358052
|switch|p2a: Gastrodon|Gastrodon, M|100/100
|move|p1a: Zapdos|Hurricane|p2a: Gastrodon|[miss]
|-miss|p1a: Zapdos|p2a: Gastrodon
|
|upkeep
|turn|51
|
|t:|1666358073
|switch|p1a: Umbreon|Umbreon, M|100/100
|move|p2a: Gastrodon|Scald|p1a: Umbreon
|-damage|p1a: Umbreon|82/100
|-status|p1a: Umbreon|brn
|-activate|p1a: Umbreon|ability: Synchronize
|-status|p2a: Gastrodon|brn
|
|-heal|p1a: Umbreon|88/100 brn|[from] item: Leftovers
|-damage|p1a: Umbreon|82/100 brn|[from] brn
|-damage|p2a: Gastrodon|94/100 brn|[from] brn
|upkeep
|turn|52
|
|t:|1666358079
|switch|p2a: Toxapex|Toxapex, M|100/100
|move|p1a: Umbreon|Foul Play|p2a: Toxapex
|-damage|p2a: Toxapex|94/100
|-damage|p1a: Umbreon|65/100 brn|[from] item: Rocky Helmet|[of] p2a: Toxapex
|
|-heal|p1a: Umbreon|72/100 brn|[from] item: Leftovers
|-damage|p1a: Umbreon|65/100 brn|[from] brn
|upkeep
|turn|53
|
|t:|1666358087
|move|p1a: Umbreon|Wish|p1a: Umbreon
|move|p2a: Toxapex|Light Screen|p2a: Toxapex
|-sidestart|p2: I'm back from Mars|move: Light Screen
|
|-heal|p1a: Umbreon|72/100 brn|[from] item: Leftovers
|-damage|p1a: Umbreon|65/100 brn|[from] brn
|upkeep
|turn|54
|
|t:|1666358092
|move|p1a: Umbreon|Toxic|p2a: Toxapex
|-immune|p2a: Toxapex
|move|p2a: Toxapex|Toxic||[still]
|-fail|p2a: Toxapex
|
|-heal|p1a: Umbreon|100/100 brn|[from] move: Wish|[wisher] Umbreon
|-damage|p1a: Umbreon|94/100 brn|[from] brn
|upkeep
|turn|55
|
|t:|1666358101
|switch|p1a: Krookodile|Krookodile, F|100/100
|move|p2a: Toxapex|Knock Off|p1a: Krookodile
|-resisted|p1a: Krookodile
|-damage|p1a: Krookodile|91/100
|-enditem|p1a: Krookodile|Choice Scarf|[from] move: Knock Off|[of] p2a: Toxapex
|
|upkeep
|turn|56
|
|t:|1666358106
|switch|p2a: Skarmory|Skarmory, M|100/100
|move|p1a: Krookodile|Earthquake|p2a: Skarmory
|-immune|p2a: Skarmory
|
|upkeep
|turn|57
|inactive|luminarie has 120 seconds left.
|c|☆luminarie|ye ima forfeit
|c|☆luminarie|wp
|c|☆luminarie|gg
|c|☆I'm back from Mars|gg
|-message|luminarie forfeited.
|
|win|I'm back from Mars
|n|☆luminarie|luminarie
|n|☆I'm back from Mars|imbackfrommars
|n| OUTD Eclipse|outdeclipse
|n| laughokenisis\|laughokenisis
|n| Sww-Suwa|swwsuwa
