|j|☆yvyxv
|j|☆Bronzel Main
|player|p1|yvyxv|1|
|player|p2|Bronzel Main|anabel|
|teamsize|p1|2
|teamsize|p2|2
|gametype|singles
|gen|8
|tier|[Gen 8] OU
|rule|Sleep Clause Mod: Limit one foe put to sleep
|rule|Species Clause: Limit one of each Pokémon
|rule|OHKO Clause: OHKO moves are banned
|rule|Evasion Moves Clause: Evasion moves are banned
|rule|Endless Battle Clause: Forcing endless battles is banned
|rule|HP Percentage Mod: HP is shown in percentages
|clearpoke
|poke|p1|Rhyperior, M|
|poke|p1|Frosmoth, F|
|poke|p2|Ferrothorn, F|
|poke|p2|Copperajah, M|
|teampreview
|
|start
|switch|p1a: Rhyperior|Rhyperior, M|100/100
|switch|p2a: Spiky Jr.|Ferrothorn, F, shiny|100/100
|turn|1
|
|move|p1a: Rhyperior|Stealth Rock|p2a: Spiky Jr.
|-sidestart|p2: Bronzel Main|move: Stealth Rock
|move|p2a: Spiky Jr.|Stealth Rock|p1a: Rhyperior
|-sidestart|p1: yvyxv|move: Stealth Rock
|
|upkeep
|turn|2
|
|move|p1a: Rhyperior|Curse|p1a: Rhyperior
|-unboost|p1a: Rhyperior|spe|1
|-boost|p1a: Rhyperior|atk|1
|-boost|p1a: Rhyperior|def|1
|move|p2a: Spiky Jr.|Spikes|p1a: Rhyperior
|-sidestart|p1: yvyxv|Spikes
|
|upkeep
|turn|3
|
|move|p1a: Rhyperior|Curse|p1a: Rhyperior
|-unboost|p1a: Rhyperior|spe|1
|-boost|p1a: Rhyperior|atk|1
|-boost|p1a: Rhyperior|def|1
|move|p2a: Spiky Jr.|Spikes|p1a: Rhyperior
|-sidestart|p1: yvyxv|Spikes
|
|upkeep
|turn|4
|
|move|p2a: Spiky Jr.|Spikes|p1a: Rhyperior
|-sidestart|p1: yvyxv|Spikes
|move|p1a: Rhyperior|Curse|p1a: Rhyperior
|-unboost|p1a: Rhyperior|spe|1
|-boost|p1a: Rhyperior|atk|1
|-boost|p1a: Rhyperior|def|1
|
|upkeep
|turn|5
|
|move|p2a: Spiky Jr.|Leech Seed|p1a: Rhyperior
|-start|p1a: Rhyperior|move: Leech Seed
|move|p1a: Rhyperior|Curse|p1a: Rhyperior
|-unboost|p1a: Rhyperior|spe|1
|-boost|p1a: Rhyperior|atk|1
|-boost|p1a: Rhyperior|def|1
|
|-damage|p1a: Rhyperior|88/100|[from] Leech Seed|[of] p2a: Spiky Jr.
|upkeep
|turn|6
|
|move|p2a: Spiky Jr.|Giga Drain|p1a: Rhyperior
|-supereffective|p1a: Rhyperior
|-damage|p1a: Rhyperior|31/100
|move|p1a: Rhyperior|Earthquake|p2a: Spiky Jr.
|-damage|p2a: Spiky Jr.|6/100
|-enditem|p2a: Spiky Jr.|Eject Button
|
|switch|p2a: Copperajah|Copperajah, M|100/100
|-damage|p2a: Copperajah|94/100|[from] Stealth Rock
|
|-damage|p1a: Rhyperior|19/100|[from] Leech Seed|[of] p2a: Copperajah
|-heal|p2a: Copperajah|100/100|[silent]
|upkeep
|turn|7
|
|-start|p2a: Copperajah|Dynamax
|-formechange|p2a: Copperajah|Copperajah-Gmax|
|-heal|p2a: Copperajah|100/100|[silent]
|move|p2a: Copperajah|G-Max Steelsurge|p1a: Rhyperior
|-supereffective|p1a: Rhyperior
|-damage|p1a: Rhyperior|0 fnt
|-sidestart|p1: yvyxv|move: Steelsurge
|-damage|p2a: Copperajah|96/100|[from] item: Life Orb
|faint|p1a: Rhyperior
|
|upkeep
|
|switch|p1a: Frosmoth|Frosmoth, F|100/100
|-damage|p1a: Frosmoth|50/100|[from] Stealth Rock
|-damage|p1a: Frosmoth|25/100|[from] Spikes
|-damage|p1a: Frosmoth|0 fnt|[from] G-Max Steelsurge
|faint|p1a: Frosmoth
|
|win|Bronzel Main
