|j|☆minimax_ai
|j|☆Huskothy
|t:|1665015961
|gametype|singles
|player|p1|minimax_ai|lusamine-nihilego|1572
|player|p2|Huskothy|lucas|1646
|teamsize|p1|6
|teamsize|p2|6
|gen|8
|tier|[Gen 8] OU
|rated|
|rule|Sleep Clause Mod: Limit one foe put to sleep
|rule|Species Clause: Limit one of each Pokémon
|rule|OHKO Clause: OHKO moves are banned
|rule|Evasion Items Clause: Evasion items are banned
|rule|Evasion Moves Clause: Evasion moves are banned
|rule|Endless Battle Clause: Forcing endless battles is banned
|rule|HP Percentage Mod: HP is shown in percentages
|rule|Dynamax Clause: You cannot dynamax
|clearpoke
|poke|p1|Rotom-Wash|
|poke|p1|Weavile, M|
|poke|p1|Landorus-Therian, M|
|poke|p1|Heatran, M|
|poke|p1|Tangrowth, M|
|poke|p1|Melmetal|
|poke|p2|Eiscue, F|
|poke|p2|Tapu Lele|
|poke|p2|Ferrothorn, M|
|poke|p2|Regieleki|
|poke|p2|Garchomp, F|
|poke|p2|Hydreigon, F|
|teampreview
|c|☆minimax_ai|hf
|inactive|Battle timer is ON: inactive players will automatically lose when time's up. (requested by minimax_ai)
|c|☆Huskothy|u2
|
|t:|1665015977
|start
|switch|p1a: landorustherian|Landorus-Therian, M|100/100
|switch|p2a: Tapu Lele|Tapu Lele|100/100
|-fieldstart|move: Psychic Terrain|[from] ability: Psychic Surge|[of] p2a: Tapu Lele
|-ability|p1a: landorustherian|Intimidate|boost
|-unboost|p2a: Tapu Lele|atk|1
|turn|1
|
|t:|1665015980
|move|p2a: Tapu Lele|Psyshock|p1a: landorustherian
|-damage|p1a: landorustherian|47/100
|move|p1a: landorustherian|Earthquake|p2a: Tapu Lele
|-damage|p2a: Tapu Lele|29/100
|
|-heal|p1a: landorustherian|53/100|[from] item: Leftovers
|upkeep
|turn|2
|
|t:|1665015984
|switch|p1a: Heatran|Heatran, M|100/100
|-item|p1a: Heatran|Air Balloon
|move|p2a: Tapu Lele|Psyshock|p1a: Heatran
|-resisted|p1a: Heatran
|-damage|p1a: Heatran|74/100
|-enditem|p1a: Heatran|Air Balloon
|
|upkeep
|turn|3
|
|t:|1665015988
|switch|p2a: Garchomp|Garchomp, F|100/100
|move|p1a: Heatran|Magma Storm|p2a: Garchomp
|-resisted|p2a: Garchomp
|-damage|p2a: Garchomp|70/100
|-activate|p2a: Garchomp|move: Magma Storm|[of] p1a: Heatran
|
|-damage|p2a: Garchomp|58/100|[from] move: Magma Storm|[partiallytrapped]
|upkeep
|turn|4
|
|t:|1665015991
|switch|p1a: landorustherian|Landorus-Therian, M|53/100
|-ability|p1a: landorustherian|Intimidate|boost
|-unboost|p2a: Garchomp|atk|1
|move|p2a: Garchomp|Stealth Rock|p1a: landorustherian
|-sidestart|p1: minimax_ai|move: Stealth Rock
|
|-heal|p1a: landorustherian|59/100|[from] item: Leftovers
|-end|p2a: Garchomp|Magma Storm|[partiallytrapped]|[silent]
|upkeep
|turn|5
|
|t:|1665015995
|switch|p2a: Pingus 2|Eiscue, F|100/100
|move|p1a: landorustherian|Defog|p2a: Pingus 2
|-unboost|p2a: Pingus 2|evasion|1
|-sideend|p1: minimax_ai|Stealth Rock|[from] move: Defog|[of] p1a: landorustherian
|-fieldend|move: Psychic Terrain
|
|-heal|p1a: landorustherian|65/100|[from] item: Leftovers
|upkeep
|turn|6
|
|t:|1665016000
|switch|p1a: rotomwash|Rotom-Wash|100/100
|move|p2a: Pingus 2|Icicle Crash|p1a: rotomwash
|-resisted|p1a: rotomwash
|-damage|p1a: rotomwash|77/100
|
|-heal|p1a: rotomwash|83/100|[from] item: Leftovers
|upkeep
|turn|7
|
|t:|1665016003
|switch|p2a: Hydreigon|Hydreigon, F|100/100
|move|p1a: rotomwash|Nasty Plot|p1a: rotomwash
|-boost|p1a: rotomwash|spa|2
|
|-heal|p1a: rotomwash|89/100|[from] item: Leftovers
|upkeep
|turn|8
|
|t:|1665016007
|switch|p1a: Melmetal|Melmetal|100/100
|move|p2a: Hydreigon|Nasty Plot|p2a: Hydreigon
|-boost|p2a: Hydreigon|spa|2
|
|upkeep
|turn|9
|
|t:|1665016010
|switch|p2a: Ferrothorn|Ferrothorn, M|100/100
|move|p1a: Melmetal|Double Iron Bash|p2a: Ferrothorn
|-resisted|p2a: Ferrothorn
|-damage|p2a: Ferrothorn|87/100
|-damage|p1a: Melmetal|88/100|[from] ability: Iron Barbs|[of] p2a: Ferrothorn
|-resisted|p2a: Ferrothorn
|-damage|p2a: Ferrothorn|71/100
|-damage|p1a: Melmetal|76/100|[from] ability: Iron Barbs|[of] p2a: Ferrothorn
|-hitcount|p2a: Ferrothorn|2
|
|-heal|p2a: Ferrothorn|77/100|[from] item: Leftovers
|upkeep
|turn|10
|
|t:|1665016012
|switch|p1a: landorustherian|Landorus-Therian, M|65/100
|-ability|p1a: landorustherian|Intimidate|boost
|-unboost|p2a: Ferrothorn|atk|1
|move|p2a: Ferrothorn|Spikes|p1a: landorustherian
|-sidestart|p1: minimax_ai|Spikes
|
|-heal|p1a: landorustherian|71/100|[from] item: Leftovers
|-heal|p2a: Ferrothorn|83/100|[from] item: Leftovers
|upkeep
|turn|11
|
|t:|1665016015
|move|p1a: landorustherian|Defog|p2a: Ferrothorn
|-unboost|p2a: Ferrothorn|evasion|1
|-sideend|p1: minimax_ai|Spikes|[from] move: Defog|[of] p1a: landorustherian
|move|p2a: Ferrothorn|Leech Seed|p1a: landorustherian
|-start|p1a: landorustherian|move: Leech Seed
|
|-heal|p1a: landorustherian|77/100|[from] item: Leftovers
|-heal|p2a: Ferrothorn|90/100|[from] item: Leftovers
|-damage|p1a: landorustherian|65/100|[from] Leech Seed|[of] p2a: Ferrothorn
|-heal|p2a: Ferrothorn|100/100|[silent]
|upkeep
|turn|12
|
|t:|1665016017
|move|p1a: landorustherian|U-turn|p2a: Ferrothorn
|-damage|p2a: Ferrothorn|84/100
|-damage|p1a: landorustherian|52/100|[from] ability: Iron Barbs|[of] p2a: Ferrothorn
|
|t:|1665016017
|switch|p1a: Heatran|Heatran, M|74/100|[from]move: U-turn
|move|p2a: Ferrothorn|Knock Off|p1a: Heatran
|-damage|p1a: Heatran|64/100
|
|-heal|p2a: Ferrothorn|91/100|[from] item: Leftovers
|upkeep
|turn|13
|
|t:|1665016020
|switch|p2a: Garchomp|Garchomp, F|58/100
|move|p1a: Heatran|Stealth Rock|p2a: Garchomp
|-sidestart|p2: Huskothy|move: Stealth Rock
|
|upkeep
|turn|14
|
|t:|1665016022
|switch|p1a: landorustherian|Landorus-Therian, M|52/100
|-ability|p1a: landorustherian|Intimidate|boost
|-unboost|p2a: Garchomp|atk|1
|move|p2a: Garchomp|Stealth Rock|p1a: landorustherian
|-sidestart|p1: minimax_ai|move: Stealth Rock
|
|-heal|p1a: landorustherian|59/100|[from] item: Leftovers
|upkeep
|turn|15
|
|t:|1665016024
|move|p2a: Garchomp|Stone Edge|p1a: landorustherian
|-crit|p1a: landorustherian
|-damage|p1a: landorustherian|5/100
|move|p1a: landorustherian|Earthquake|p2a: Garchomp
|-damage|p2a: Garchomp|12/100
|
|-heal|p1a: landorustherian|11/100|[from] item: Leftovers
|upkeep
|turn|16
|
|t:|1665016026
|move|p2a: Garchomp|Stone Edge|p1a: landorustherian|[miss]
|-miss|p2a: Garchomp|p1a: landorustherian
|move|p1a: landorustherian|Earthquake|p2a: Garchomp
|-damage|p2a: Garchomp|0 fnt
|faint|p2a: Garchomp
|
|-heal|p1a: landorustherian|17/100|[from] item: Leftovers
|upkeep
|
|t:|1665016040
|switch|p2a: Regieleki|Regieleki|100/100
|turn|17
|
|t:|1665016041
|move|p2a: Regieleki|Ancient Power|p1a: landorustherian
|-damage|p1a: landorustherian|3/100
|move|p1a: landorustherian|Earthquake|p2a: Regieleki
|-supereffective|p2a: Regieleki
|-damage|p2a: Regieleki|0 fnt
|faint|p2a: Regieleki
|
|-heal|p1a: landorustherian|9/100|[from] item: Leftovers
|upkeep
|
|t:|1665016046
|switch|p2a: Tapu Lele|Tapu Lele|29/100
|-damage|p2a: Tapu Lele|17/100|[from] Stealth Rock
|-fieldstart|move: Psychic Terrain|[from] ability: Psychic Surge|[of] p2a: Tapu Lele
|turn|18
|
|t:|1665016048
|switch|p1a: Melmetal|Melmetal|76/100
|-damage|p1a: Melmetal|69/100|[from] Stealth Rock
|move|p2a: Tapu Lele|Moonblast|p1a: Melmetal
|-resisted|p1a: Melmetal
|-damage|p1a: Melmetal|56/100
|-unboost|p1a: Melmetal|spa|1
|
|upkeep
|turn|19
|
|t:|1665016050
|switch|p2a: Pingus 2|Eiscue, F|100/100
|-damage|p2a: Pingus 2|75/100|[from] Stealth Rock
|move|p1a: Melmetal|Ice Punch|p2a: Pingus 2
|-activate|p2a: Pingus 2|ability: Ice Face
|-damage|p2a: Pingus 2|75/100
|detailschange|p2a: Pingus 2|Eiscue-Noice, F
|
|upkeep
|turn|20
|
|t:|1665016054
|switch|p2a: Ferrothorn|Ferrothorn, M|91/100
|-damage|p2a: Ferrothorn|84/100|[from] Stealth Rock
|move|p1a: Melmetal|Ice Punch|p2a: Ferrothorn
|-damage|p2a: Ferrothorn|60/100
|-damage|p1a: Melmetal|43/100|[from] ability: Iron Barbs|[of] p2a: Ferrothorn
|
|-heal|p2a: Ferrothorn|66/100|[from] item: Leftovers
|upkeep
|turn|21
|
|t:|1665016056
|move|p1a: Melmetal|Ice Punch|p2a: Ferrothorn
|-damage|p2a: Ferrothorn|44/100
|-damage|p1a: Melmetal|31/100|[from] ability: Iron Barbs|[of] p2a: Ferrothorn
|move|p2a: Ferrothorn|Leech Seed|p1a: Melmetal
|-start|p1a: Melmetal|move: Leech Seed
|
|-heal|p2a: Ferrothorn|50/100|[from] item: Leftovers
|-damage|p1a: Melmetal|18/100|[from] Leech Seed|[of] p2a: Ferrothorn
|-heal|p2a: Ferrothorn|66/100|[silent]
|upkeep
|turn|22
|
|t:|1665016058
|switch|p1a: Tangrowth|Tangrowth, M|100/100
|-damage|p1a: Tangrowth|88/100|[from] Stealth Rock
|move|p2a: Ferrothorn|Spikes|p1a: Tangrowth
|-sidestart|p1: minimax_ai|Spikes
|
|-heal|p2a: Ferrothorn|72/100|[from] item: Leftovers
|-fieldend|move: Psychic Terrain
|upkeep
|turn|23
|
|t:|1665016061
|move|p1a: Tangrowth|Focus Blast|p2a: Ferrothorn
|-supereffective|p2a: Ferrothorn
|-damage|p2a: Ferrothorn|34/100
|-unboost|p2a: Ferrothorn|spd|1
|move|p2a: Ferrothorn|Knock Off|p1a: Tangrowth
|-damage|p1a: Tangrowth|77/100
|-damage|p2a: Ferrothorn|18/100|[from] item: Rocky Helmet|[of] p1a: Tangrowth
|-enditem|p1a: Tangrowth|Rocky Helmet|[from] move: Knock Off|[of] p2a: Ferrothorn
|
|-heal|p2a: Ferrothorn|24/100|[from] item: Leftovers
|upkeep
|turn|24
|
|t:|1665016064
|move|p1a: Tangrowth|Focus Blast|p2a: Ferrothorn
|-supereffective|p2a: Ferrothorn
|-damage|p2a: Ferrothorn|0 fnt
|faint|p2a: Ferrothorn
|
|upkeep
|
|t:|1665016073
|switch|p2a: Hydreigon|Hydreigon, F|100/100
|-damage|p2a: Hydreigon|88/100|[from] Stealth Rock
|turn|25
|
|t:|1665016075
|move|p2a: Hydreigon|Draco Meteor|p1a: Tangrowth
|-damage|p1a: Tangrowth|0 fnt
|-unboost|p2a: Hydreigon|spa|2
|faint|p1a: Tangrowth
|-damage|p2a: Hydreigon|78/100|[from] item: Life Orb
|
|upkeep
|
|t:|1665016075
|switch|p1a: Weavile|Weavile, M|100/100
|-damage|p1a: Weavile|76/100|[from] Stealth Rock
|-damage|p1a: Weavile|63/100|[from] Spikes
|-ability|p1a: Weavile|Pressure
|turn|26
|
|t:|1665016084
|switch|p2a: Tapu Lele|Tapu Lele|17/100
|-damage|p2a: Tapu Lele|4/100|[from] Stealth Rock
|-fieldstart|move: Psychic Terrain|[from] ability: Psychic Surge|[of] p2a: Tapu Lele
|move|p1a: Weavile|Triple Axel|p2a: Tapu Lele
|-damage|p2a: Tapu Lele|0 fnt
|faint|p2a: Tapu Lele
|-hitcount|p2: Tapu Lele|1
|
|upkeep
|
|t:|1665016086
|switch|p2a: Pingus 2|Eiscue-Noice, F|75/100
|-damage|p2a: Pingus 2|50/100|[from] Stealth Rock
|turn|27
|
|t:|1665016090
|move|p2a: Pingus 2|Head Smash|p1a: Weavile
|-supereffective|p1a: Weavile
|-damage|p1a: Weavile|0 fnt
|faint|p1a: Weavile
|-damage|p2a: Pingus 2|20/100|[from] Recoil
|
|upkeep
|
|t:|1665016090
|switch|p1a: rotomwash|Rotom-Wash|89/100
|-damage|p1a: rotomwash|77/100|[from] Stealth Rock
|turn|28
|
|t:|1665016092
|switch|p1a: landorustherian|Landorus-Therian, M|9/100
|-damage|p1a: landorustherian|0 fnt|[from] Stealth Rock
|faint|p1a: landorustherian
|move|p2a: Pingus 2|Head Smash|p1: landorustherian|[notarget]
|-fail|p2a: Pingus 2
|
|upkeep
|
|t:|1665016092
|switch|p1a: rotomwash|Rotom-Wash|77/100
|-damage|p1a: rotomwash|64/100|[from] Stealth Rock
|turn|29
|
|t:|1665016095
|move|p2a: Pingus 2|Head Smash|p1a: rotomwash|[miss]
|-miss|p2a: Pingus 2|p1a: rotomwash
|move|p1a: rotomwash|Thunderbolt|p2a: Pingus 2
|-damage|p2a: Pingus 2|0 fnt
|faint|p2a: Pingus 2
|
|-heal|p1a: rotomwash|71/100|[from] item: Leftovers
|upkeep
|
|t:|1665016097
|switch|p2a: Hydreigon|Hydreigon, F|78/100
|-damage|p2a: Hydreigon|66/100|[from] Stealth Rock
|turn|30
|
|t:|1665016099
|move|p2a: Hydreigon|Nasty Plot|p2a: Hydreigon
|-boost|p2a: Hydreigon|spa|2
|move|p1a: rotomwash|Thunderbolt|p2a: Hydreigon
|-resisted|p2a: Hydreigon
|-damage|p2a: Hydreigon|45/100
|
|-heal|p1a: rotomwash|77/100|[from] item: Leftovers
|-fieldend|move: Psychic Terrain
|upkeep
|turn|31
|
|t:|1665016102
|move|p2a: Hydreigon|Dark Pulse|p1a: rotomwash
|-damage|p1a: rotomwash|0 fnt
|faint|p1a: rotomwash
|-damage|p2a: Hydreigon|35/100|[from] item: Life Orb
|
|upkeep
|
|t:|1665016102
|switch|p1a: Melmetal|Melmetal|18/100
|-damage|p1a: Melmetal|12/100|[from] Stealth Rock
|-damage|p1a: Melmetal|0 fnt|[from] Spikes
|faint|p1a: Melmetal
|
|t:|1665016102
|switch|p1a: Heatran|Heatran, M|64/100
|-damage|p1a: Heatran|52/100|[from] Stealth Rock
|-damage|p1a: Heatran|40/100|[from] Spikes
|turn|32
|
|t:|1665016104
|move|p2a: Hydreigon|Dark Pulse|p1a: Heatran
|-damage|p1a: Heatran|0 fnt
|faint|p1a: Heatran
|-damage|p2a: Hydreigon|25/100|[from] item: Life Orb
|
|win|Huskothy
|raw|minimax_ai's rating: 1572 &rarr; <strong>1556</strong><br />(-16 for losing)
|raw|Huskothy's rating: 1646 &rarr; <strong>1662</strong><br />(+16 for winning)
|c|☆minimax_ai|gg
|c|☆Huskothy|gg
|l|☆minimax_ai
||Ladder isn't responding, score probably updated but might not have (Request timeout).
