|html|<div class="broadcast-blue"><strong>[Gen 8] OU is currently suspecting Melmetal! For information on how to participate check out the <a href="https://www.smogon.com/forums/threads/np-ss-ou-suspect-process-round-12-monster-mash.3709234/">suspect thread</a>.</strong></div>
|j|☆Surdish
|j|☆ChandosH
|t:|1666394086
|gametype|singles
|player|p1|Surdish|red|1613
|player|p2|ChandosH|n-masters|1694
|teamsize|p1|6
|teamsize|p2|6
|gen|8
|tier|[Gen 8] OU
|rated|
|rule|Sleep Clause Mod: Limit one foe put to sleep
|rule|Species Clause: Limit one of each Pokémon
|rule|OHKO Clause: OHKO moves are banned
|rule|Evasion Items Clause: Evasion items are banned
|rule|Evasion Moves Clause: Evasion moves are banned
|rule|Endless Battle Clause: Forcing endless battles is banned
|rule|HP Percentage Mod: HP is shown in percentages
|rule|Dynamax Clause: You cannot dynamax
|clearpoke
|poke|p1|Melmetal|
|poke|p1|Clefable, M|
|poke|p1|Magnezone|
|poke|p1|Tornadus-Therian, M|
|poke|p1|Urshifu-*, M|
|poke|p1|Dragapult, M|
|poke|p2|Mew|
|poke|p2|Dragapult, M|
|poke|p2|Weavile, M|
|poke|p2|Blaziken, F|
|poke|p2|Celesteela|
|poke|p2|Garchomp, F|
|teampreview
|inactive|Battle timer is ON: inactive players will automatically lose when time's up. (requested by Surdish)
|c|☆ChandosH|gl hf
|
|t:|1666394169
|start
|switch|p1a: Tornadus|Tornadus-Therian, M|100/100
|switch|p2a: Mew|Mew|100/100
|turn|1
|c|☆Surdish|u2
|
|t:|1666394186
|move|p1a: Tornadus|U-turn|p2a: Mew
|-supereffective|p2a: Mew
|-damage|p2a: Mew|74/100
|
|t:|1666394191
|switch|p1a: Dragapult|Dragapult, M|100/100|[from]move: U-turn
|move|p2a: Mew|Thunder Wave|p1a: Dragapult
|-status|p1a: Dragapult|par
|
|upkeep
|turn|2
|
|t:|1666394200
|move|p2a: Mew|Stealth Rock|p1a: Dragapult
|-sidestart|p1: Surdish|move: Stealth Rock
|move|p1a: Dragapult|Shadow Ball|p2a: Mew
|-supereffective|p2a: Mew
|-damage|p2a: Mew|0 fnt
|faint|p2a: Mew
|
|upkeep
|inactive|ChandosH has 120 seconds left.
|
|t:|1666394231
|switch|p2a: Garchomp|Garchomp, F|100/100
|turn|3
|
|t:|1666394239
|switch|p1a: Clefable|Clefable, M|100/100
|move|p2a: Garchomp|Swords Dance|p2a: Garchomp
|-boost|p2a: Garchomp|atk|2
|
|upkeep
|turn|4
|
|t:|1666394245
|move|p2a: Garchomp|Earthquake|p1a: Clefable
|-damage|p1a: Clefable|0 fnt
|faint|p1a: Clefable
|-damage|p2a: Garchomp|91/100|[from] item: Life Orb
|
|upkeep
|
|t:|1666394255
|switch|p1a: Tornadus|Tornadus-Therian, M|100/100
|-damage|p1a: Tornadus|76/100|[from] Stealth Rock
|turn|5
|c|☆ChandosH|The LO boost is really nice tbh
|
|t:|1666394268
|move|p1a: Tornadus|Hurricane|p2a: Garchomp
|-damage|p2a: Garchomp|30/100
|move|p2a: Garchomp|Scale Shot|p1a: Tornadus
|-damage|p1a: Tornadus|28/100
|-damage|p1a: Tornadus|0 fnt
|faint|p1a: Tornadus
|-hitcount|p1: Tornadus|2
|-unboost|p2a: Garchomp|def|1
|-boost|p2a: Garchomp|spe|1
|-damage|p2a: Garchomp|20/100|[from] item: Life Orb
|
|upkeep
|c|☆Surdish|yea
|c|☆Surdish|don't really have anything for chomp xd
|
|t:|1666394279
|switch|p1a: Urshifu|Urshifu-Rapid-Strike, M|100/100
|-damage|p1a: Urshifu|94/100|[from] Stealth Rock
|turn|6
|c|☆ChandosH|well usually clef deals with it pretty well
|
|t:|1666394299
|move|p1a: Urshifu|Aqua Jet|p2a: Garchomp
|-damage|p2a: Garchomp|0 fnt
|-damage|p1a: Urshifu|82/100|[from] ability: Rough Skin|[of] p2a: Garchomp
|faint|p2a: Garchomp
|
|-heal|p1a: Urshifu|88/100|[from] item: Leftovers
|upkeep
|inactive|ChandosH has 120 seconds left.
|
|t:|1666394324
|switch|p2a: Celesteela|Celesteela|100/100
|turn|7
|
|t:|1666394338
|switch|p1a: Magnezone|Magnezone|100/100
|-damage|p1a: Magnezone|94/100|[from] Stealth Rock
|move|p2a: Celesteela|Air Slash|p1a: Magnezone
|-resisted|p1a: Magnezone
|-damage|p1a: Magnezone|82/100
|
|-heal|p1a: Magnezone|88/100|[from] item: Leftovers
|upkeep
|turn|8
|
|t:|1666394348
|move|p1a: Magnezone|Thunderbolt|p2a: Celesteela
|-supereffective|p2a: Celesteela
|-damage|p2a: Celesteela|7/100
|move|p2a: Celesteela|Flamethrower|p1a: Magnezone
|-supereffective|p1a: Magnezone
|-damage|p1a: Magnezone|2/100
|
|-heal|p1a: Magnezone|8/100|[from] item: Leftovers
|upkeep
|turn|9
|
|t:|1666394358
|move|p1a: Magnezone|Thunderbolt|p2a: Celesteela
|-supereffective|p2a: Celesteela
|-damage|p2a: Celesteela|0 fnt
|faint|p2a: Celesteela
|
|-heal|p1a: Magnezone|14/100|[from] item: Leftovers
|upkeep
|
|t:|1666394363
|switch|p2a: Dragapult|Dragapult, M|100/100
|turn|10
|
|t:|1666394384
|move|p2a: Dragapult|Fire Blast|p1a: Magnezone
|-supereffective|p1a: Magnezone
|-damage|p1a: Magnezone|0 fnt
|faint|p1a: Magnezone
|-damage|p2a: Dragapult|91/100|[from] item: Life Orb
|
|upkeep
|
|t:|1666394390
|switch|p1a: Urshifu|Urshifu-Rapid-Strike, M|88/100
|-damage|p1a: Urshifu|82/100|[from] Stealth Rock
|turn|11
|
|t:|1666394400
|switch|p1a: Dragapult|Dragapult, M|100/100 par
|-damage|p1a: Dragapult|88/100 par|[from] Stealth Rock
|move|p2a: Dragapult|Dragon Darts|p1a: Dragapult
|-supereffective|p1a: Dragapult
|-damage|p1a: Dragapult|0 fnt
|faint|p1a: Dragapult
|-damage|p2a: Dragapult|81/100|[from] item: Life Orb
|
|upkeep
|
|t:|1666394413
|switch|p1a: Melmetal|Melmetal|100/100
|-damage|p1a: Melmetal|94/100|[from] Stealth Rock
|turn|12
|
|t:|1666394419
|switch|p2a: Blaziken|Blaziken, F|100/100
|-item|p2a: Blaziken|Air Balloon
|move|p1a: Melmetal|Ice Punch|p2a: Blaziken
|-resisted|p2a: Blaziken
|-damage|p2a: Blaziken|60/100
|-enditem|p2a: Blaziken|Air Balloon
|
|upkeep
|turn|13
|
|t:|1666394424
|switch|p1a: Urshifu|Urshifu-Rapid-Strike, M|82/100
|-damage|p1a: Urshifu|76/100|[from] Stealth Rock
|move|p2a: Blaziken|Close Combat|p1a: Urshifu
|-damage|p1a: Urshifu|8/100
|-unboost|p2a: Blaziken|def|1
|-unboost|p2a: Blaziken|spd|1
|
|-heal|p1a: Urshifu|14/100|[from] item: Leftovers
|-ability|p2a: Blaziken|Speed Boost|boost
|-boost|p2a: Blaziken|spe|1
|upkeep
|turn|14
|
|t:|1666394433
|switch|p2a: Weavile|Weavile, M|100/100
|-ability|p2a: Weavile|Pressure
|move|p1a: Urshifu|Aqua Jet|p2a: Weavile
|-damage|p2a: Weavile|63/100
|
|-heal|p1a: Urshifu|20/100|[from] item: Leftovers
|upkeep
|turn|15
|
|t:|1666394460
|move|p1a: Urshifu|Aqua Jet|p2a: Weavile
|-damage|p2a: Weavile|28/100
|move|p2a: Weavile|Knock Off|p1a: Urshifu
|-resisted|p1a: Urshifu
|-damage|p1a: Urshifu|0 fnt
|-enditem|p1a: Urshifu|Leftovers|[from] move: Knock Off|[of] p2a: Weavile
|faint|p1a: Urshifu
|-damage|p2a: Weavile|18/100|[from] item: Life Orb
|
|upkeep
|c|☆ChandosH|man this is a dangerous game lol
|
|t:|1666394462
|switch|p1a: Melmetal|Melmetal|94/100
|-damage|p1a: Melmetal|88/100|[from] Stealth Rock
|turn|16
|
|t:|1666394467
|move|p2a: Weavile|Knock Off|p1a: Melmetal
|-damage|p1a: Melmetal|51/100
|-enditem|p1a: Melmetal|Choice Band|[from] move: Knock Off|[of] p2a: Weavile
|-damage|p2a: Weavile|8/100|[from] item: Life Orb
|move|p1a: Melmetal|Earthquake|p2a: Weavile
|-damage|p2a: Weavile|0 fnt
|faint|p2a: Weavile
|
|upkeep
|
|t:|1666394472
|switch|p2a: Blaziken|Blaziken, F|60/100
|turn|17
|
|t:|1666394475
|move|p2a: Blaziken|Close Combat|p1a: Melmetal
|-supereffective|p1a: Melmetal
|-damage|p1a: Melmetal|0 fnt
|-unboost|p2a: Blaziken|def|1
|-unboost|p2a: Blaziken|spd|1
|faint|p1a: Melmetal
|
|win|ChandosH
|raw|Surdish's rating: 1613 &rarr; <strong>1598</strong><br />(-15 for losing)
|raw|ChandosH's rating: 1694 &rarr; <strong>1709</strong><br />(+15 for winning)
|c|☆Surdish|lol gg
|c|☆ChandosH|Gg
|l|☆Surdish
||Ladder isn't responding, score probably updated but might not have (Request timeout).
