|raw|<div class="broadcast-blue"><strong>This battle is required to be public due to a player having a name prefixed by 'LT71LX'.</div>
|j|☆Rorschach I
|j|☆LT71LX ewin
|t:|1596633536
|player|p1|Rorschach I|cynthia|1796
|player|p2|LT71LX ewin|waitress|1619
|teamsize|p1|6
|teamsize|p2|6
|gametype|singles
|gen|8
|tier|[Gen 8] OU
|rated|
|html|<div class="broadcast-blue"><strong>OU is currently suspecting Magearna! For information on how to participate check out the <a href="https://www.smogon.com/forums/threads/3667669/">suspect thread</a>.</strong></div>
|clearpoke
|poke|p1|Pelipper, M|
|poke|p1|Tangrowth, F|
|poke|p1|Zeraora|
|poke|p1|Urshifu-*, M|
|poke|p1|Weezing-Galar, M|
|poke|p1|Excadrill, F|
|poke|p2|Rillaboom, M|
|poke|p2|Reuniclus, M|
|poke|p2|Magearna|
|poke|p2|Krookodile, M|
|poke|p2|Urshifu-*, M|
|poke|p2|Dragapult, F|
|rule|Sleep Clause Mod: Limit one foe put to sleep
|rule|Species Clause: Limit one of each Pokémon
|rule|OHKO Clause: OHKO moves are banned
|rule|Evasion Moves Clause: Evasion moves are banned
|rule|Endless Battle Clause: Forcing endless battles is banned
|rule|HP Percentage Mod: HP is shown in percentages
|rule|Dynamax Clause: You cannot dynamax
|teampreview
|
|t:|1596633550
|start
|switch|p1a: Zeraora|Zeraora|100/100
|switch|p2a: Krookodile|Krookodile, M|100/100
|-ability|p2a: Krookodile|Intimidate|boost
|-unboost|p1a: Zeraora|atk|1
|turn|1
|
|t:|1596633557
|switch|p1a: Tangrowth|Tangrowth, F|100/100
|move|p2a: Krookodile|Stealth Rock|p1a: Tangrowth
|-sidestart|p1: Rorschach I|move: Stealth Rock
|
|upkeep
|turn|2
|j| mncmt
|
|t:|1596633565
|move|p2a: Krookodile|Taunt|p1a: Tangrowth
|-start|p1a: Tangrowth|move: Taunt
|move|p1a: Tangrowth|Knock Off|p2a: Krookodile
|-resisted|p2a: Krookodile
|-crit|p2a: Krookodile
|-damage|p2a: Krookodile|78/100
|-enditem|p2a: Krookodile|Focus Sash|[from] move: Knock Off|[of] p1a: Tangrowth
|
|upkeep
|turn|3
|j| Stareal
|j| trichotomy
|
|t:|1596633575
|move|p2a: Krookodile|Knock Off|p1a: Tangrowth
|-damage|p1a: Tangrowth|75/100
|-damage|p2a: Krookodile|62/100|[from] item: Rocky Helmet|[of] p1a: Tangrowth
|-enditem|p1a: Tangrowth|Rocky Helmet|[from] move: Knock Off|[of] p2a: Krookodile
|move|p1a: Tangrowth|Focus Blast|p2a: Krookodile
|-supereffective|p2a: Krookodile
|-damage|p2a: Krookodile|0 fnt
|faint|p2a: Krookodile
|
|upkeep
|
|t:|1596633583
|switch|p2a: Magearna|Magearna|100/100
|turn|4
|
|t:|1596633590
|switch|p1a: Excadrill|Excadrill, F|100/100
|-damage|p1a: Excadrill|97/100|[from] Stealth Rock
|-ability|p1a: Excadrill|Mold Breaker
|move|p2a: Magearna|Shift Gear|p2a: Magearna
|-boost|p2a: Magearna|spe|2
|-boost|p2a: Magearna|atk|1
|
|-heal|p1a: Excadrill|100/100|[from] item: Leftovers
|upkeep
|turn|5
|
|t:|1596633602
|move|p2a: Magearna|Focus Blast|p1a: Excadrill
|-supereffective|p1a: Excadrill
|-damage|p1a: Excadrill|6/100
|-unboost|p1a: Excadrill|spd|1
|move|p1a: Excadrill|Rapid Spin|p2a: Magearna
|-resisted|p2a: Magearna
|-damage|p2a: Magearna|93/100
|-boost|p1a: Excadrill|spe|1
|-sideend|p1: Rorschach I|Stealth Rock|[from] move: Rapid Spin|[of] p1a: Excadrill
|
|-heal|p1a: Excadrill|12/100|[from] item: Leftovers
|upkeep
|turn|6
|j| Leo
|
|t:|1596633612
|move|p2a: Magearna|Flash Cannon|p1a: Excadrill
|-resisted|p1a: Excadrill
|-damage|p1a: Excadrill|0 fnt
|faint|p1a: Excadrill
|-ability|p2a: Magearna|Soul-Heart|boost
|-boost|p2a: Magearna|spa|1
|
|upkeep
|
|t:|1596633628
|switch|p1a: Pelipper|Pelipper, M|100/100
|-weather|RainDance|[from] ability: Drizzle|[of] p1a: Pelipper
|turn|7
|
|t:|1596633633
|move|p2a: Magearna|Electro Ball|p1a: Pelipper
|-supereffective|p1a: Pelipper
|-damage|p1a: Pelipper|0 fnt
|faint|p1a: Pelipper
|-ability|p2a: Magearna|Soul-Heart|boost
|-boost|p2a: Magearna|spa|1
|
|-weather|RainDance|[upkeep]
|upkeep
|-message|Rorschach I forfeited.
|
|win|LT71LX ewin
|j| yhiuyh
|l|☆Rorschach I
