|html|<div class="broadcast-blue"><strong>[Gen 8] OU is currently suspecting Melmetal! For information on how to participate check out the <a href="https://www.smogon.com/forums/threads/np-ss-ou-suspect-process-round-12-monster-mash.3709234/">suspect thread</a>.</strong></div>
|j|☆minimax_ai
|j|☆playeraccount
|t:|1666877616
|gametype|singles
|player|p1|minimax_ai|lusamine-nihilego|1335
|player|p2|playeraccount|1|1394
|teamsize|p1|6
|teamsize|p2|6
|gen|8
|tier|[Gen 8] OU
|rated|
|rule|Sleep Clause Mod: Limit one foe put to sleep
|rule|Species Clause: Limit one of each Pokémon
|rule|OHKO Clause: OHKO moves are banned
|rule|Evasion Items Clause: Evasion items are banned
|rule|Evasion Moves Clause: Evasion moves are banned
|rule|Endless Battle Clause: Forcing endless battles is banned
|rule|HP Percentage Mod: HP is shown in percentages
|rule|Dynamax Clause: You cannot dynamax
|clearpoke
|poke|p1|Rotom-Wash|
|poke|p1|Weavile, F|
|poke|p1|Landorus-Therian, M|
|poke|p1|Heatran, M|
|poke|p1|Tangrowth, F|
|poke|p1|Melmetal|
|poke|p2|Nidoqueen, F|
|poke|p2|Kartana|
|poke|p2|Slowbro, M|
|poke|p2|Tapu Fini|
|poke|p2|Blissey, F|
|poke|p2|Druddigon, F|
|teampreview
|c|☆minimax_ai|hf
|inactive|Battle timer is ON: inactive players will automatically lose when time's up. (requested by minimax_ai)
|
|t:|1666877624
|start
|switch|p1a: Melmetal|Melmetal|100/100
|switch|p2a: Druddigon|Druddigon, F, shiny|100/100
|turn|1
|
|t:|1666877630
|switch|p2a: Slowbro|Slowbro, M, shiny|100/100
|move|p1a: Melmetal|Ice Punch|p2a: Slowbro
|-resisted|p2a: Slowbro
|-damage|p2a: Slowbro|91/100
|-damage|p1a: Melmetal|84/100|[from] item: Rocky Helmet|[of] p2a: Slowbro
|
|upkeep
|turn|2
|
|t:|1666877633
|move|p1a: Melmetal|Thunder Punch|p2a: Slowbro
|-supereffective|p2a: Slowbro
|-damage|p2a: Slowbro|51/100
|-damage|p1a: Melmetal|67/100|[from] item: Rocky Helmet|[of] p2a: Slowbro
|move|p2a: Slowbro|Teleport|p2a: Slowbro
|
|t:|1666877644
|switch|p2a: Kartana|Kartana, shiny|100/100|[from]move: Teleport
|
|upkeep
|turn|3
|
|t:|1666877648
|switch|p1a: Tangrowth|Tangrowth, F|100/100
|move|p2a: Kartana|Leaf Blade|p1a: Tangrowth
|-resisted|p1a: Tangrowth
|-damage|p1a: Tangrowth|76/100
|-damage|p2a: Kartana|84/100|[from] item: Rocky Helmet|[of] p1a: Tangrowth
|
|upkeep
|turn|4
|
|t:|1666877652
|switch|p2a: Druddigon|Druddigon, F, shiny|100/100
|switch|p1a: Heatran|Heatran, M|100/100
|-item|p1a: Heatran|Air Balloon
|
|upkeep
|turn|5
|
|t:|1666877656
|move|p1a: Heatran|Stealth Rock|p2a: Druddigon
|-sidestart|p2: playeraccount|move: Stealth Rock
|move|p2a: Druddigon|Glare|p1a: Heatran
|-status|p1a: Heatran|par
|
|upkeep
|turn|6
|
|t:|1666877659
|move|p1a: Heatran|Magma Storm|p2a: Druddigon
|-resisted|p2a: Druddigon
|-crit|p2a: Druddigon
|-damage|p2a: Druddigon|63/100
|-activate|p2a: Druddigon|move: Magma Storm|[of] p1a: Heatran
|move|p2a: Druddigon|Stealth Rock|p1a: Heatran
|-sidestart|p1: minimax_ai|move: Stealth Rock
|
|-heal|p2a: Druddigon|69/100|[from] item: Leftovers
|-damage|p2a: Druddigon|57/100|[from] move: Magma Storm|[partiallytrapped]
|upkeep
|turn|7
|
|t:|1666877661
|move|p2a: Druddigon|Sucker Punch|p1a: Heatran
|-damage|p1a: Heatran|82/100 par
|-enditem|p1a: Heatran|Air Balloon
|move|p1a: Heatran|Magma Storm|p2a: Druddigon
|-resisted|p2a: Druddigon
|-crit|p2a: Druddigon
|-damage|p2a: Druddigon|22/100
|
|-heal|p2a: Druddigon|28/100|[from] item: Leftovers
|-damage|p2a: Druddigon|16/100|[from] move: Magma Storm|[partiallytrapped]
|upkeep
|turn|8
|
|t:|1666877664
|move|p1a: Heatran|Magma Storm|p2a: Druddigon
|-resisted|p2a: Druddigon
|-damage|p2a: Druddigon|0 fnt
|faint|p2a: Druddigon
|
|upkeep
|
|t:|1666877667
|switch|p2a: Nidoqueen|Nidoqueen, F, shiny|100/100
|-damage|p2a: Nidoqueen|94/100|[from] Stealth Rock
|turn|9
|
|t:|1666877671
|switch|p1a: Melmetal|Melmetal|67/100
|-damage|p1a: Melmetal|61/100|[from] Stealth Rock
|move|p2a: Nidoqueen|Earth Power|p1a: Melmetal
|-supereffective|p1a: Melmetal
|-damage|p1a: Melmetal|4/100
|
|upkeep
|turn|10
|
|t:|1666877674
|switch|p1a: landorustherian|Landorus-Therian, M|100/100
|-damage|p1a: landorustherian|88/100|[from] Stealth Rock
|-ability|p1a: landorustherian|Intimidate|boost
|-unboost|p2a: Nidoqueen|atk|1
|move|p2a: Nidoqueen|Ice Beam|p1a: landorustherian
|-supereffective|p1a: landorustherian
|-damage|p1a: landorustherian|0 fnt
|faint|p1a: landorustherian
|
|upkeep
|
|t:|1666877674
|switch|p1a: Weavile|Weavile, F|100/100
|-damage|p1a: Weavile|76/100|[from] Stealth Rock
|-ability|p1a: Weavile|Pressure
|turn|11
|
|t:|1666877686
|move|p1a: Weavile|Knock Off|p2a: Nidoqueen
|-damage|p2a: Nidoqueen|7/100
|-enditem|p2a: Nidoqueen|Life Orb|[from] move: Knock Off|[of] p1a: Weavile
|move|p2a: Nidoqueen|Flamethrower|p1a: Weavile
|-supereffective|p1a: Weavile
|-damage|p1a: Weavile|1/100
|
|upkeep
|turn|12
|
|t:|1666877703
|move|p1a: Weavile|Knock Off|p2a: Nidoqueen
|-damage|p2a: Nidoqueen|0 fnt
|faint|p2a: Nidoqueen
|
|upkeep
|
|t:|1666877705
|switch|p2a: Tapu Fini|Tapu Fini, shiny|100/100
|-damage|p2a: Tapu Fini|88/100|[from] Stealth Rock
|-fieldstart|move: Misty Terrain|[from] ability: Misty Surge|[of] p2a: Tapu Fini
|turn|13
|
|t:|1666877707
|switch|p1a: rotomwash|Rotom-Wash|100/100
|-damage|p1a: rotomwash|88/100|[from] Stealth Rock
|move|p2a: Tapu Fini|Moonblast|p1a: rotomwash
|-damage|p1a: rotomwash|46/100
|
|-heal|p1a: rotomwash|52/100|[from] item: Leftovers
|upkeep
|turn|14
|
|t:|1666877712
|move|p2a: Tapu Fini|Moonblast|p1a: rotomwash
|-damage|p1a: rotomwash|5/100
|move|p1a: rotomwash|Pain Split|p2a: Tapu Fini
|-sethp|p2a: Tapu Fini|47/100|[from] move: Pain Split|[silent]
|-sethp|p1a: rotomwash|45/100|[from] move: Pain Split
|
|-heal|p1a: rotomwash|51/100|[from] item: Leftovers
|upkeep
|turn|15
|
|t:|1666877717
|switch|p2a: Blissey|Blissey, F, shiny|100/100
|-damage|p2a: Blissey|88/100|[from] Stealth Rock
|move|p1a: rotomwash|Pain Split|p2a: Blissey
|-sethp|p2a: Blissey|55/100|[from] move: Pain Split|[silent]
|-sethp|p1a: rotomwash|100/100|[from] move: Pain Split
|
|-heal|p2a: Blissey|61/100|[from] item: Leftovers
|upkeep
|turn|16
|
|t:|1666877719
|move|p1a: rotomwash|Nasty Plot|p1a: rotomwash
|-boost|p1a: rotomwash|spa|2
|move|p2a: Blissey|Toxic|p1a: rotomwash
|-status|p1a: rotomwash|tox
|
|-heal|p2a: Blissey|67/100|[from] item: Leftovers
|-damage|p1a: rotomwash|94/100 tox|[from] psn
|upkeep
|turn|17
|
|t:|1666877723
|move|p1a: rotomwash|Nasty Plot|p1a: rotomwash
|-boost|p1a: rotomwash|spa|2
|move|p2a: Blissey|Seismic Toss|p1a: rotomwash
|-damage|p1a: rotomwash|61/100 tox
|
|-heal|p1a: rotomwash|68/100 tox|[from] item: Leftovers
|-heal|p2a: Blissey|73/100|[from] item: Leftovers
|-damage|p1a: rotomwash|55/100 tox|[from] psn
|-fieldend|Misty Terrain
|upkeep
|turn|18
|
|t:|1666877725
|move|p1a: rotomwash|Thunderbolt|p2a: Blissey
|-damage|p2a: Blissey|34/100
|move|p2a: Blissey|Soft-Boiled|p2a: Blissey
|-heal|p2a: Blissey|84/100
|
|-heal|p1a: rotomwash|61/100 tox|[from] item: Leftovers
|-heal|p2a: Blissey|90/100|[from] item: Leftovers
|-damage|p1a: rotomwash|43/100 tox|[from] psn
|upkeep
|turn|19
|
|t:|1666877729
|move|p1a: rotomwash|Pain Split|p2a: Blissey
|-sethp|p2a: Blissey|54/100|[from] move: Pain Split|[silent]
|-sethp|p1a: rotomwash|100/100 tox|[from] move: Pain Split
|move|p2a: Blissey|Seismic Toss|p1a: rotomwash
|-damage|p1a: rotomwash|68/100 tox
|
|-heal|p1a: rotomwash|74/100 tox|[from] item: Leftovers
|-heal|p2a: Blissey|60/100|[from] item: Leftovers
|-damage|p1a: rotomwash|49/100 tox|[from] psn
|upkeep
|turn|20
|
|t:|1666877734
|move|p1a: rotomwash|Thunderbolt|p2a: Blissey
|-damage|p2a: Blissey|24/100
|-status|p2a: Blissey|par
|cant|p2a: Blissey|par
|
|-heal|p1a: rotomwash|55/100 tox|[from] item: Leftovers
|-heal|p2a: Blissey|30/100 par|[from] item: Leftovers
|-damage|p1a: rotomwash|24/100 tox|[from] psn
|upkeep
|turn|21
|
|t:|1666877743
|move|p1a: rotomwash|Thunderbolt|p2a: Blissey
|-damage|p2a: Blissey|0 fnt
|faint|p2a: Blissey
|
|-heal|p1a: rotomwash|30/100 tox|[from] item: Leftovers
|-damage|p1a: rotomwash|0 fnt|[from] psn
|faint|p1a: rotomwash
|upkeep
|
|t:|1666877752
|switch|p1a: Tangrowth|Tangrowth, F|100/100
|switch|p2a: Slowbro|Slowbro, M, shiny|84/100
|-damage|p1a: Tangrowth|88/100|[from] Stealth Rock
|-damage|p2a: Slowbro|72/100|[from] Stealth Rock
|turn|22
|
|t:|1666877755
|move|p1a: Tangrowth|Giga Drain|p2a: Slowbro
|-supereffective|p2a: Slowbro
|-damage|p2a: Slowbro|16/100
|-heal|p1a: Tangrowth|100/100|[from] drain|[of] p2a: Slowbro
|move|p2a: Slowbro|Future Sight|p1a: Tangrowth
|-start|p2a: Slowbro|move: Future Sight
|
|upkeep
|turn|23
|
|t:|1666877759
|switch|p2a: Kartana|Kartana, shiny|84/100
|-damage|p2a: Kartana|78/100|[from] Stealth Rock
|move|p1a: Tangrowth|Giga Drain|p2a: Kartana
|-resisted|p2a: Kartana
|-damage|p2a: Kartana|54/100
|
|upkeep
|turn|24
|
|t:|1666877763
|move|p2a: Kartana|Knock Off|p1a: Tangrowth
|-damage|p1a: Tangrowth|65/100
|-damage|p2a: Kartana|38/100|[from] item: Rocky Helmet|[of] p1a: Tangrowth
|-enditem|p1a: Tangrowth|Rocky Helmet|[from] move: Knock Off|[of] p2a: Kartana
|move|p1a: Tangrowth|Giga Drain|p2a: Kartana
|-resisted|p2a: Kartana
|-damage|p2a: Kartana|14/100
|-heal|p1a: Tangrowth|73/100|[from] drain|[of] p2a: Kartana
|
|-end|p1a: Tangrowth|move: Future Sight
|-damage|p1a: Tangrowth|11/100
|upkeep
|turn|25
|
|t:|1666877767
|switch|p1a: Heatran|Heatran, M|82/100 par
|-damage|p1a: Heatran|70/100 par|[from] Stealth Rock
|move|p2a: Kartana|Knock Off|p1a: Heatran
|-damage|p1a: Heatran|29/100 par
|
|upkeep
|turn|26
|
|t:|1666877770
|switch|p1a: Weavile|Weavile, F|1/100
|-damage|p1a: Weavile|0 fnt|[from] Stealth Rock
|faint|p1a: Weavile
|move|p2a: Kartana|Knock Off|p1: Weavile|[notarget]
|-fail|p2a: Kartana
|
|upkeep
|
|t:|1666877770
|switch|p1a: Tangrowth|Tangrowth, F|44/100
|-damage|p1a: Tangrowth|31/100|[from] Stealth Rock
|turn|27
|
|t:|1666877775
|move|p2a: Kartana|Knock Off|p1a: Tangrowth
|-damage|p1a: Tangrowth|7/100
|move|p1a: Tangrowth|Giga Drain|p2a: Kartana
|-resisted|p2a: Kartana
|-damage|p2a: Kartana|0 fnt
|-heal|p1a: Tangrowth|11/100|[from] drain|[of] p2a: Kartana
|faint|p2a: Kartana
|
|upkeep
|
|t:|1666877778
|switch|p2a: Tapu Fini|Tapu Fini, shiny|47/100
|-damage|p2a: Tapu Fini|35/100|[from] Stealth Rock
|-fieldstart|move: Misty Terrain|[from] ability: Misty Surge|[of] p2a: Tapu Fini
|turn|28
|
|t:|1666877786
|switch|p1a: Melmetal|Melmetal|4/100
|-damage|p1a: Melmetal|0 fnt|[from] Stealth Rock
|faint|p1a: Melmetal
|move|p2a: Tapu Fini|Moonblast|p1: Melmetal|[notarget]
|-fail|p2a: Tapu Fini
|
|upkeep
|
|t:|1666877786
|switch|p1a: Heatran|Heatran, M|29/100 par
|-damage|p1a: Heatran|16/100 par|[from] Stealth Rock
|turn|29
|
|t:|1666877789
|move|p2a: Tapu Fini|Moonblast|p1a: Heatran
|-resisted|p1a: Heatran
|-damage|p1a: Heatran|6/100 par
|move|p1a: Heatran|Magma Storm|p2a: Tapu Fini|[miss]
|-miss|p1a: Heatran|p2a: Tapu Fini
|
|upkeep
|turn|30
|
|t:|1666877791
|move|p2a: Tapu Fini|Moonblast|p1a: Heatran
|-resisted|p1a: Heatran
|-damage|p1a: Heatran|0 fnt
|faint|p1a: Heatran
|
|upkeep
|
|t:|1666877791
|switch|p1a: Tangrowth|Tangrowth, F|45/100
|-damage|p1a: Tangrowth|32/100|[from] Stealth Rock
|turn|31
|
|t:|1666877795
|move|p2a: Tapu Fini|Moonblast|p1a: Tangrowth
|-damage|p1a: Tangrowth|0 fnt
|faint|p1a: Tangrowth
|
|win|playeraccount
|raw|minimax_ai's rating: 1335 &rarr; <strong>1318</strong><br />(-17 for losing)
|raw|playeraccount's rating: 1394 &rarr; <strong>1411</strong><br />(+17 for winning)
|c|☆minimax_ai|gg
