|j|‽minimax_ai
|j|☆OUTD Wraks2
|t:|1667278964
|gametype|singles
|player|p1|minimax_ai|266|1620
|player|p2|OUTD Wraks2|265|1560
|teamsize|p1|6
|teamsize|p2|6
|gen|8
|tier|[Gen 8] OU
|rated|
|rule|Sleep Clause Mod: Limit one foe put to sleep
|rule|Species Clause: Limit one of each Pokémon
|rule|OHKO Clause: OHKO moves are banned
|rule|Evasion Items Clause: Evasion items are banned
|rule|Evasion Moves Clause: Evasion moves are banned
|rule|Endless Battle Clause: Forcing endless battles is banned
|rule|HP Percentage Mod: HP is shown in percentages
|rule|Dynamax Clause: You cannot dynamax
|clearpoke
|poke|p1|Rotom-Wash|
|poke|p1|Weavile, M|
|poke|p1|Landorus-Therian, M|
|poke|p1|Heatran, M|
|poke|p1|Tangrowth, F|
|poke|p1|Melmetal|
|poke|p2|Tapu Lele|
|poke|p2|Slowbro, M|
|poke|p2|Blissey, F|
|poke|p2|Tornadus-Therian, M|
|poke|p2|Landorus-Therian, M|
|poke|p2|Urshifu-*, F|
|teampreview
|inactive|Battle timer is ON: inactive players will automatically lose when time's up. (requested by minimax_ai)
|
|t:|1667278977
|start
|switch|p1a: Landorus|Landorus-Therian, M|100/100
|switch|p2a: Blissey|Blissey, F|100/100
|-ability|p1a: Landorus|Intimidate|boost
|-unboost|p2a: Blissey|atk|1
|turn|1
|
|t:|1667278980
|move|p1a: Landorus|U-turn|p2a: Blissey
|-damage|p2a: Blissey|80/100
|
|t:|1667278980
|switch|p1a: Heatran|Heatran, M|100/100|[from]move: U-turn
|-item|p1a: Heatran|Air Balloon
|move|p2a: Blissey|Toxic|p1a: Heatran
|-immune|p1a: Heatran
|
|upkeep
|turn|2
|
|t:|1667278984
|switch|p2a: Landorus|Landorus-Therian, M|100/100
|-ability|p2a: Landorus|Intimidate|boost
|-unboost|p1a: Heatran|atk|1
|move|p1a: Heatran|Stealth Rock|p2a: Landorus
|-sidestart|p2: OUTD Wraks2|move: Stealth Rock
|
|upkeep
|turn|3
|
|t:|1667278988
|move|p1a: Heatran|Eruption|p2a: Landorus
|-damage|p2a: Landorus|39/100
|move|p2a: Landorus|Knock Off|p1a: Heatran
|-damage|p1a: Heatran|67/100
|-enditem|p1a: Heatran|Air Balloon
|
|-heal|p2a: Landorus|45/100|[from] item: Leftovers
|upkeep
|turn|4
|
|t:|1667279000
|switch|p1a: Landorus|Landorus-Therian, M|100/100
|-ability|p1a: Landorus|Intimidate|boost
|-unboost|p2a: Landorus|atk|1
|move|p2a: Landorus|Earthquake|p1a: Landorus
|-immune|p1a: Landorus
|
|-heal|p2a: Landorus|51/100|[from] item: Leftovers
|upkeep
|turn|5
|
|t:|1667279003
|move|p2a: Landorus|Stealth Rock|p1a: Landorus
|-sidestart|p1: minimax_ai|move: Stealth Rock
|move|p1a: Landorus|Toxic|p2a: Landorus
|-status|p2a: Landorus|tox
|
|-heal|p2a: Landorus|57/100 tox|[from] item: Leftovers
|-damage|p2a: Landorus|51/100 tox|[from] psn
|upkeep
|turn|6
|
|t:|1667279007
|move|p1a: Landorus|Toxic|p2a: Landorus
|-fail|p2a: Landorus|tox
|move|p2a: Landorus|Knock Off|p1a: Landorus
|-damage|p1a: Landorus|80/100
|-enditem|p1a: Landorus|Leftovers|[from] move: Knock Off|[of] p2a: Landorus
|
|-heal|p2a: Landorus|57/100 tox|[from] item: Leftovers
|-damage|p2a: Landorus|45/100 tox|[from] psn
|upkeep
|turn|7
|
|t:|1667279010
|move|p2a: Landorus|U-turn|p1a: Landorus
|-resisted|p1a: Landorus
|-damage|p1a: Landorus|72/100
|
|t:|1667279013
|switch|p2a: Blissey|Blissey, F|80/100|[from]move: U-turn
|move|p1a: Landorus|Toxic|p2a: Blissey
|-status|p2a: Blissey|tox
|
|-damage|p2a: Blissey|74/100 tox|[from] psn
|upkeep
|turn|8
|
|t:|1667279018
|move|p1a: Landorus|Earthquake|p2a: Blissey
|-damage|p2a: Blissey|35/100 tox
|move|p2a: Blissey|Soft-Boiled|p2a: Blissey
|-heal|p2a: Blissey|85/100 tox
|
|-damage|p2a: Blissey|73/100 tox|[from] psn
|upkeep
|turn|9
|
|t:|1667279030
|move|p1a: Landorus|Earthquake|p2a: Blissey
|-damage|p2a: Blissey|32/100 tox
|move|p2a: Blissey|Teleport|p2a: Blissey
|
|t:|1667279037
|-curestatus|p2a: Blissey|tox|[from] ability: Natural Cure
|switch|p2a: Urshifu|Urshifu-Rapid-Strike, F|100/100|[from]move: Teleport
|-damage|p2a: Urshifu|94/100|[from] Stealth Rock
|
|upkeep
|turn|10
|
|t:|1667279042
|switch|p1a: Tangrowth|Tangrowth, F|100/100
|-damage|p1a: Tangrowth|88/100|[from] Stealth Rock
|move|p2a: Urshifu|U-turn|p1a: Tangrowth
|-supereffective|p1a: Tangrowth
|-damage|p1a: Tangrowth|63/100
|-damage|p2a: Urshifu|78/100|[from] item: Rocky Helmet|[of] p1a: Tangrowth
|
|t:|1667279045
|switch|p2a: Tapu Lele|Tapu Lele|100/100|[from]move: U-turn
|-damage|p2a: Tapu Lele|88/100|[from] Stealth Rock
|-fieldstart|move: Psychic Terrain|[from] ability: Psychic Surge|[of] p2a: Tapu Lele
|
|upkeep
|turn|11
|
|t:|1667279050
|switch|p1a: Melmetal|Melmetal|100/100
|-damage|p1a: Melmetal|94/100|[from] Stealth Rock
|move|p2a: Tapu Lele|Psyshock|p1a: Melmetal
|-resisted|p1a: Melmetal
|-damage|p1a: Melmetal|72/100
|
|upkeep
|turn|12
|
|t:|1667279054
|switch|p2a: Slowbro|Slowbro, M|100/100
|-damage|p2a: Slowbro|88/100|[from] Stealth Rock
|move|p1a: Melmetal|Thunder Punch|p2a: Slowbro
|-supereffective|p2a: Slowbro
|-damage|p2a: Slowbro|51/100
|
|upkeep
|turn|13
|
|t:|1667279060
|move|p1a: Melmetal|Thunder Punch|p2a: Slowbro
|-supereffective|p2a: Slowbro
|-damage|p2a: Slowbro|10/100
|-status|p2a: Slowbro|par
|move|p2a: Slowbro|Teleport|p2a: Slowbro
|
|t:|1667279070
|switch|p2a: Tornadus|Tornadus-Therian, M|100/100|[from]move: Teleport
|
|upkeep
|turn|14
|
|t:|1667279072
|move|p2a: Tornadus|Knock Off|p1a: Melmetal
|-damage|p1a: Melmetal|61/100
|-enditem|p1a: Melmetal|Assault Vest|[from] move: Knock Off|[of] p2a: Tornadus
|move|p1a: Melmetal|Double Iron Bash|p2a: Tornadus
|-damage|p2a: Tornadus|52/100
|-damage|p2a: Tornadus|6/100
|-hitcount|p2a: Tornadus|2
|
|-fieldend|move: Psychic Terrain
|upkeep
|turn|15
|
|t:|1667279080
|move|p2a: Tornadus|U-turn|p1a: Melmetal
|-resisted|p1a: Melmetal
|-damage|p1a: Melmetal|57/100
|
|t:|1667279082
|switch|p2a: Blissey|Blissey, F|32/100|[from]move: U-turn
|move|p1a: Melmetal|Double Iron Bash|p2a: Blissey
|-damage|p2a: Blissey|0 fnt
|faint|p2a: Blissey
|-hitcount|p2: Blissey|1
|
|upkeep
|
|t:|1667279089
|switch|p2a: Urshifu|Urshifu-Rapid-Strike, F|78/100
|-damage|p2a: Urshifu|72/100|[from] Stealth Rock
|turn|16
|
|t:|1667279092
|switch|p1a: Tangrowth|Tangrowth, F|96/100
|-damage|p1a: Tangrowth|84/100|[from] Stealth Rock
|move|p2a: Urshifu|Close Combat|p1a: Tangrowth
|-damage|p1a: Tangrowth|50/100
|-unboost|p2a: Urshifu|def|1
|-unboost|p2a: Urshifu|spd|1
|-damage|p2a: Urshifu|55/100|[from] item: Rocky Helmet|[of] p1a: Tangrowth
|
|upkeep
|turn|17
|
|t:|1667279100
|switch|p2a: Landorus|Landorus-Therian, M|45/100 tox
|-damage|p2a: Landorus|33/100 tox|[from] Stealth Rock
|-ability|p2a: Landorus|Intimidate|boost
|-unboost|p1a: Tangrowth|atk|1
|move|p1a: Tangrowth|Knock Off|p2a: Landorus
|-damage|p2a: Landorus|18/100 tox
|-enditem|p2a: Landorus|Leftovers|[from] move: Knock Off|[of] p1a: Tangrowth
|
|-damage|p2a: Landorus|12/100 tox|[from] psn
|upkeep
|turn|18
|
|t:|1667279107
|move|p2a: Landorus|Knock Off|p1a: Tangrowth
|-damage|p1a: Tangrowth|34/100
|-damage|p2a: Landorus|0 fnt|[from] item: Rocky Helmet|[of] p1a: Tangrowth
|faint|p2a: Landorus
|move|p1a: Tangrowth|Knock Off|p2: Landorus|[notarget]
|-fail|p1a: Tangrowth
|
|upkeep
|
|t:|1667279110
|switch|p2a: Tapu Lele|Tapu Lele|88/100
|-damage|p2a: Tapu Lele|76/100|[from] Stealth Rock
|-fieldstart|move: Psychic Terrain|[from] ability: Psychic Surge|[of] p2a: Tapu Lele
|turn|19
|
|t:|1667279114
|switch|p1a: Melmetal|Melmetal|57/100
|-damage|p1a: Melmetal|51/100|[from] Stealth Rock
|move|p2a: Tapu Lele|Moonblast|p1a: Melmetal
|-resisted|p1a: Melmetal
|-damage|p1a: Melmetal|20/100
|
|upkeep
|turn|20
|
|t:|1667279116
|switch|p1a: Heatran|Heatran, M|67/100
|-damage|p1a: Heatran|55/100|[from] Stealth Rock
|move|p2a: Tapu Lele|Moonblast|p1a: Heatran
|-resisted|p1a: Heatran
|-damage|p1a: Heatran|35/100
|
|upkeep
|turn|21
|
|t:|1667279122
|switch|p2a: Urshifu|Urshifu-Rapid-Strike, F|55/100
|-damage|p2a: Urshifu|49/100|[from] Stealth Rock
|move|p1a: Heatran|Magma Storm|p2a: Urshifu|[miss]
|-miss|p1a: Heatran|p2a: Urshifu
|
|upkeep
|turn|22
|j| LordDarkSkin
|l| LordDarkSkin
|
|t:|1667279129
|switch|p1a: Tangrowth|Tangrowth, F|67/100
|-damage|p1a: Tangrowth|54/100|[from] Stealth Rock
|move|p2a: Urshifu|U-turn|p1a: Tangrowth
|-supereffective|p1a: Tangrowth
|-damage|p1a: Tangrowth|30/100
|-damage|p2a: Urshifu|33/100|[from] item: Rocky Helmet|[of] p1a: Tangrowth
|
|t:|1667279145
|switch|p2a: Tapu Lele|Tapu Lele|76/100|[from]move: U-turn
|-damage|p2a: Tapu Lele|63/100|[from] Stealth Rock
|
|upkeep
|turn|23
|
|t:|1667279150
|switch|p1a: Melmetal|Melmetal|20/100
|-damage|p1a: Melmetal|14/100|[from] Stealth Rock
|move|p2a: Tapu Lele|Moonblast|p1a: Melmetal
|-resisted|p1a: Melmetal
|-crit|p1a: Melmetal
|-damage|p1a: Melmetal|0 fnt
|faint|p1a: Melmetal
|
|-fieldend|move: Psychic Terrain
|upkeep
|
|t:|1667279150
|switch|p1a: Heatran|Heatran, M|35/100
|-damage|p1a: Heatran|23/100|[from] Stealth Rock
|turn|24
|
|t:|1667279158
|move|p2a: Tapu Lele|Moonblast|p1a: Heatran
|-resisted|p1a: Heatran
|-damage|p1a: Heatran|5/100
|-unboost|p1a: Heatran|spa|1
|move|p1a: Heatran|Magma Storm|p2a: Tapu Lele
|-damage|p2a: Tapu Lele|23/100
|-activate|p2a: Tapu Lele|move: Magma Storm|[of] p1a: Heatran
|
|-damage|p2a: Tapu Lele|11/100|[from] move: Magma Storm|[partiallytrapped]
|upkeep
|turn|25
|
|t:|1667279161
|move|p2a: Tapu Lele|Moonblast|p1a: Heatran
|-resisted|p1a: Heatran
|-damage|p1a: Heatran|0 fnt
|faint|p1a: Heatran
|
|-end|p2a: Tapu Lele|Magma Storm|[partiallytrapped]|[silent]
|upkeep
|
|t:|1667279161
|switch|p1a: Weavile|Weavile, M|100/100
|-damage|p1a: Weavile|76/100|[from] Stealth Rock
|-ability|p1a: Weavile|Pressure
|turn|26
|
|t:|1667279165
|move|p1a: Weavile|Triple Axel|p2a: Tapu Lele
|-crit|p2a: Tapu Lele
|-damage|p2a: Tapu Lele|0 fnt
|faint|p2a: Tapu Lele
|-hitcount|p2: Tapu Lele|1
|
|upkeep
|
|t:|1667279168
|switch|p2a: Urshifu|Urshifu-Rapid-Strike, F|33/100
|-damage|p2a: Urshifu|27/100|[from] Stealth Rock
|turn|27
|j| Cupids Curse
|
|t:|1667279174
|move|p2a: Urshifu|Close Combat|p1a: Weavile
|-supereffective|p1a: Weavile
|-damage|p1a: Weavile|0 fnt
|-unboost|p2a: Urshifu|def|1
|-unboost|p2a: Urshifu|spd|1
|faint|p1a: Weavile
|
|upkeep
|
|t:|1667279174
|switch|p1a: Tangrowth|Tangrowth, F|63/100
|-damage|p1a: Tangrowth|50/100|[from] Stealth Rock
|turn|28
|
|t:|1667279179
|switch|p2a: Tornadus|Tornadus-Therian, M|39/100
|move|p1a: Tangrowth|Knock Off|p2a: Tornadus
|-damage|p2a: Tornadus|11/100
|-enditem|p2a: Tornadus|Heavy-Duty Boots|[from] move: Knock Off|[of] p1a: Tangrowth
|
|upkeep
|turn|29
|
|t:|1667279184
|switch|p1a: Rotom|Rotom-Wash|100/100
|-damage|p1a: Rotom|88/100|[from] Stealth Rock
|move|p2a: Tornadus|Heat Wave|p1a: Rotom
|-resisted|p1a: Rotom
|-damage|p1a: Rotom|76/100
|
|-heal|p1a: Rotom|82/100|[from] item: Leftovers
|upkeep
|turn|30
|
|t:|1667279188
|switch|p2a: Slowbro|Slowbro, M|44/100 par
|-damage|p2a: Slowbro|31/100 par|[from] Stealth Rock
|move|p1a: Rotom|Nasty Plot|p1a: Rotom
|-boost|p1a: Rotom|spa|2
|
|-heal|p1a: Rotom|89/100|[from] item: Leftovers
|upkeep
|turn|31
|-message|OUTD Wraks2 forfeited.
|
|win|minimax_ai
|raw|minimax_ai's rating: 1620 &rarr; <strong>1637</strong><br />(+17 for winning)
|raw|OUTD Wraks2's rating: 1560 &rarr; <strong>1543</strong><br />(-17 for losing)
|l|☆OUTD Wraks2
