|html|<div class="broadcast-blue"><strong>[Gen 8] OU is currently suspecting Melmetal! For information on how to participate check out the <a href="https://www.smogon.com/forums/threads/np-ss-ou-suspect-process-round-12-monster-mash.3709234/">suspect thread</a>.</strong></div>
|j|☆LaxativeCement
|j|☆stopthreat
|t:|1666832598
|gametype|singles
|player|p1|LaxativeCement|lucas|1682
|player|p2|stopthreat|artist-gen4|1726
|teamsize|p1|6
|teamsize|p2|6
|gen|8
|tier|[Gen 8] OU
|rated|
|rule|Sleep Clause Mod: Limit one foe put to sleep
|rule|Species Clause: Limit one of each Pokémon
|rule|OHKO Clause: OHKO moves are banned
|rule|Evasion Items Clause: Evasion items are banned
|rule|Evasion Moves Clause: Evasion moves are banned
|rule|Endless Battle Clause: Forcing endless battles is banned
|rule|HP Percentage Mod: HP is shown in percentages
|rule|Dynamax Clause: You cannot dynamax
|clearpoke
|poke|p1|Garchomp, M|
|poke|p1|Blaziken, M|
|poke|p1|Kartana|
|poke|p1|Dragonite, M|
|poke|p1|Magnezone|
|poke|p1|Zapdos|
|poke|p2|Volcarona, F|
|poke|p2|Garchomp, F|
|poke|p2|Corviknight, M|
|poke|p2|Clefable, F|
|poke|p2|Regieleki|
|poke|p2|Crawdaunt, M|
|teampreview
|inactive|Battle timer is ON: inactive players will automatically lose when time's up. (requested by LaxativeCement)
|
|t:|1666832605
|start
|switch|p1a: Gameshark|Garchomp, M|100/100
|switch|p2a: Clefable|Clefable, F|100/100
|turn|1
|
|t:|1666832609
|switch|p1a: IN MY ZONE|Magnezone|100/100
|move|p2a: Clefable|Moonblast|p1a: IN MY ZONE
|-resisted|p1a: IN MY ZONE
|-damage|p1a: IN MY ZONE|76/100
|
|upkeep
|turn|2
|
|t:|1666832617
|move|p2a: Clefable|Focus Blast|p1a: IN MY ZONE|[miss]
|-miss|p2a: Clefable|p1a: IN MY ZONE
|move|p1a: IN MY ZONE|Flash Cannon|p2a: Clefable
|-supereffective|p2a: Clefable
|-damage|p2a: Clefable|0 fnt
|faint|p2a: Clefable
|
|upkeep
|j| Valiant Hearts
|
|t:|1666832622
|switch|p2a: Garchomp|Garchomp, F|100/100
|turn|3
|
|t:|1666832627
|switch|p1a: Gameshark|Garchomp, M|100/100
|move|p2a: Garchomp|Stealth Rock|p1a: Gameshark
|-sidestart|p1: LaxativeCement|move: Stealth Rock
|
|upkeep
|turn|4
|j| sack2005
|
|t:|1666832652
|move|p1a: Gameshark|Toxic|p2a: Garchomp
|-status|p2a: Garchomp|tox
|move|p2a: Garchomp|Toxic|p1a: Gameshark
|-status|p1a: Gameshark|tox
|
|-damage|p1a: Gameshark|94/100 tox|[from] psn
|-damage|p2a: Garchomp|94/100 tox|[from] psn
|upkeep
|turn|5
|j| LT_Alt1
|
|t:|1666832659
|switch|p2a: Corviknight|Corviknight, M|100/100
|-ability|p2a: Corviknight|Pressure
|move|p1a: Gameshark|Stealth Rock|p2a: Corviknight
|-sidestart|p2: stopthreat|move: Stealth Rock
|
|-damage|p1a: Gameshark|82/100 tox|[from] psn
|upkeep
|turn|6
|
|t:|1666832665
|switch|p1a: IN MY ZONE|Magnezone|76/100
|-damage|p1a: IN MY ZONE|70/100|[from] Stealth Rock
|move|p2a: Corviknight|U-turn|p1a: IN MY ZONE
|-resisted|p1a: IN MY ZONE
|-damage|p1a: IN MY ZONE|62/100
|
|t:|1666832671
|switch|p2a: Volcarona|Volcarona, F|100/100|[from]move: U-turn
|
|upkeep
|turn|7
|
|t:|1666832674
|move|p2a: Volcarona|Psychic|p1a: IN MY ZONE
|-resisted|p1a: IN MY ZONE
|-damage|p1a: IN MY ZONE|50/100
|-unboost|p1a: IN MY ZONE|spd|1
|move|p1a: IN MY ZONE|Volt Switch|p2a: Volcarona
|-damage|p2a: Volcarona|64/100
|
|t:|1666832678
|switch|p1a: Gameshark|Garchomp, M|82/100 tox|[from]move: Volt Switch
|-damage|p1a: Gameshark|76/100 tox|[from] Stealth Rock
|
|-damage|p1a: Gameshark|70/100 tox|[from] psn
|upkeep
|turn|8
|
|t:|1666832682
|switch|p1a: IN MY ZONE|Magnezone|50/100
|-damage|p1a: IN MY ZONE|44/100|[from] Stealth Rock
|switch|p2a: Corviknight|Corviknight, M|100/100
|-damage|p2a: Corviknight|88/100|[from] Stealth Rock
|-ability|p2a: Corviknight|Pressure
|
|upkeep
|turn|9
|
|t:|1666832685
|move|p1a: IN MY ZONE|Thunderbolt|p2a: Corviknight
|-supereffective|p2a: Corviknight
|-damage|p2a: Corviknight|22/100
|move|p2a: Corviknight|U-turn|p1a: IN MY ZONE
|-resisted|p1a: IN MY ZONE
|-damage|p1a: IN MY ZONE|36/100
|
|t:|1666832688
|switch|p2a: Volcarona|Volcarona, F|64/100|[from]move: U-turn
|
|upkeep
|turn|10
|
|t:|1666832692
|switch|p1a: Gameshark|Garchomp, M|70/100 tox
|-damage|p1a: Gameshark|63/100 tox|[from] Stealth Rock
|move|p2a: Volcarona|Roost|p2a: Volcarona
|-heal|p2a: Volcarona|100/100
|-singleturn|p2a: Volcarona|move: Roost
|
|-damage|p1a: Gameshark|57/100 tox|[from] psn
|upkeep
|turn|11
|
|t:|1666832700
|move|p2a: Volcarona|Fiery Dance|p1a: Gameshark
|-resisted|p1a: Gameshark
|-damage|p1a: Gameshark|42/100 tox
|-boost|p2a: Volcarona|spa|1
|move|p1a: Gameshark|Roar|p2a: Volcarona
|drag|p2a: Crawdaunt|Crawdaunt, M|100/100
|-damage|p2a: Crawdaunt|88/100|[from] Stealth Rock
|
|-damage|p1a: Gameshark|30/100 tox|[from] psn
|upkeep
|turn|12
|
|t:|1666832707
|move|p1a: Gameshark|Earthquake|p2a: Crawdaunt
|-damage|p2a: Crawdaunt|22/100
|move|p2a: Crawdaunt|Knock Off|p1a: Gameshark
|-damage|p1a: Gameshark|0 fnt
|-damage|p2a: Crawdaunt|9/100|[from] ability: Rough Skin|[of] p1a: Gameshark
|-damage|p2a: Crawdaunt|0 fnt|[from] item: Rocky Helmet|[of] p1a: Gameshark
|faint|p1a: Gameshark
|faint|p2a: Crawdaunt
|
|upkeep
|j| Jongruenwald
|
|t:|1666832724
|switch|p1a: Mario Kart|Kartana|100/100
|switch|p2a: Regieleki|Regieleki|100/100
|-damage|p2a: Regieleki|88/100|[from] Stealth Rock
|-damage|p1a: Mario Kart|94/100|[from] Stealth Rock
|turn|13
|
|t:|1666832728
|switch|p1a: IN MY ZONE|Magnezone|36/100
|-damage|p1a: IN MY ZONE|30/100|[from] Stealth Rock
|move|p2a: Regieleki|Thunderbolt|p1a: IN MY ZONE
|-resisted|p1a: IN MY ZONE
|-damage|p1a: IN MY ZONE|0 fnt
|faint|p1a: IN MY ZONE
|
|upkeep
|
|t:|1666832735
|switch|p1a: Dragginballz|Dragonite, M|100/100
|turn|14
|
|t:|1666832748
|switch|p2a: Garchomp|Garchomp, F|94/100 tox
|-damage|p2a: Garchomp|88/100 tox|[from] Stealth Rock
|move|p1a: Dragginballz|Dragon Dance|p1a: Dragginballz
|-boost|p1a: Dragginballz|atk|1
|-boost|p1a: Dragginballz|spe|1
|
|-heal|p2a: Garchomp|94/100 tox|[from] item: Leftovers
|-damage|p2a: Garchomp|88/100 tox|[from] psn
|upkeep
|turn|15
|
|t:|1666832753
|move|p1a: Dragginballz|Dragon Claw|p2a: Garchomp
|-supereffective|p2a: Garchomp
|-damage|p2a: Garchomp|0 fnt
|-damage|p1a: Dragginballz|88/100|[from] ability: Rough Skin|[of] p2a: Garchomp
|faint|p2a: Garchomp
|
|upkeep
|
|t:|1666832758
|switch|p2a: Corviknight|Corviknight, M|22/100
|-damage|p2a: Corviknight|10/100|[from] Stealth Rock
|-ability|p2a: Corviknight|Pressure
|turn|16
|
|t:|1666832763
|move|p1a: Dragginballz|Dragon Claw|p2a: Corviknight
|-resisted|p2a: Corviknight
|-damage|p2a: Corviknight|0 fnt
|-damage|p1a: Dragginballz|72/100|[from] item: Rocky Helmet|[of] p2a: Corviknight
|faint|p2a: Corviknight
|
|upkeep
|
|t:|1666832768
|switch|p2a: Regieleki|Regieleki|88/100
|-damage|p2a: Regieleki|76/100|[from] Stealth Rock
|turn|17
|
|t:|1666832773
|move|p1a: Dragginballz|Extreme Speed|p2a: Regieleki
|-damage|p2a: Regieleki|0 fnt
|faint|p2a: Regieleki
|
|upkeep
|c|☆LaxativeCement|gg
|-message|stopthreat forfeited.
|
|win|LaxativeCement
|raw|LaxativeCement's rating: 1682 &rarr; <strong>1705</strong><br />(+23 for winning)
|raw|stopthreat's rating: 1743 &rarr; <strong>1720</strong><br />(-23 for losing)
|l|☆stopthreat
|l| LT_Alt1
|l| Valiant Hearts
||Ladder isn't responding, score probably updated but might not have (Request timeout).
