|html|<div class="broadcast-blue"><strong>[Gen 8] OU is currently suspecting Melmetal! For information on how to participate check out the <a href="https://www.smogon.com/forums/threads/np-ss-ou-suspect-process-round-12-monster-mash.3709234/">suspect thread</a>.</strong></div>
|j|☆nnQQ
|j|☆comp233
|t:|1666247529
|gametype|singles
|player|p1|nnQQ|koga-gen1|1664
|player|p2|comp233|rosa|1735
|teamsize|p1|6
|teamsize|p2|6
|gen|8
|tier|[Gen 8] OU
|rated|
|rule|Sleep Clause Mod: Limit one foe put to sleep
|rule|Species Clause: Limit one of each Pokémon
|rule|OHKO Clause: OHKO moves are banned
|rule|Evasion Items Clause: Evasion items are banned
|rule|Evasion Moves Clause: Evasion moves are banned
|rule|Endless Battle Clause: Forcing endless battles is banned
|rule|HP Percentage Mod: HP is shown in percentages
|rule|Dynamax Clause: You cannot dynamax
|clearpoke
|poke|p1|Urshifu-*, M|
|poke|p1|Dragapult, M|
|poke|p1|Tapu Lele|
|poke|p1|Melmetal|
|poke|p1|Zapdos|
|poke|p1|Landorus-Therian, M|
|poke|p2|Dragapult, M|
|poke|p2|Melmetal|
|poke|p2|Zapdos-Galar|
|poke|p2|Blaziken, M|
|poke|p2|Victini|
|poke|p2|Landorus-Therian, M|
|teampreview
|
|t:|1666247540
|start
|switch|p1a: Zapdos|Zapdos, shiny|100/100
|switch|p2a: Dragapult|Dragapult, M, shiny|100/100
|turn|1
|inactive|Battle timer is ON: inactive players will automatically lose when time's up. (requested by nnQQ)
|
|t:|1666247555
|switch|p1a: Landorus|Landorus-Therian, M, shiny|100/100
|-ability|p1a: Landorus|Intimidate|boost
|-fail|p2a: Dragapult|unboost|[from] ability: Clear Body|[of] p2a: Dragapult
|move|p2a: Dragapult|Shadow Ball|p1a: Landorus
|-damage|p1a: Landorus|73/100
|
|-heal|p1a: Landorus|80/100|[from] item: Leftovers
|upkeep
|turn|2
|
|t:|1666247558
|switch|p2a: Zapdos|Zapdos-Galar|100/100
|move|p1a: Landorus|Knock Off|p2a: Zapdos
|-resisted|p2a: Zapdos
|-damage|p2a: Zapdos|84/100
|-enditem|p2a: Zapdos|Choice Band|[from] move: Knock Off|[of] p1a: Landorus
|
|-heal|p1a: Landorus|86/100|[from] item: Leftovers
|upkeep
|turn|3
|
|t:|1666247570
|switch|p1a: Zapdos|Zapdos, shiny|100/100
|move|p2a: Zapdos|U-turn|p1a: Zapdos
|-resisted|p1a: Zapdos
|-damage|p1a: Zapdos|87/100
|
|t:|1666247575
|switch|p2a: Victini|Victini|100/100|[from]move: U-turn
|
|upkeep
|turn|4
|
|t:|1666247580
|move|p1a: Zapdos|Volt Switch|p2a: Victini
|-damage|p2a: Victini|64/100
|
|t:|1666247582
|switch|p1a: Landorus|Landorus-Therian, M, shiny|86/100|[from]move: Volt Switch
|-ability|p1a: Landorus|Intimidate|boost
|-unboost|p2a: Victini|atk|1
|move|p2a: Victini|Glaciate|p1a: Landorus
|-supereffective|p1a: Landorus
|-damage|p1a: Landorus|37/100
|-unboost|p1a: Landorus|spe|1
|
|-heal|p1a: Landorus|43/100|[from] item: Leftovers
|upkeep
|turn|5
|
|t:|1666247591
|move|p2a: Victini|V-create|p1a: Landorus
|-damage|p1a: Landorus|0 fnt
|-unboost|p2a: Victini|spe|1
|-unboost|p2a: Victini|def|1
|-unboost|p2a: Victini|spd|1
|faint|p1a: Landorus
|
|upkeep
|
|t:|1666247597
|switch|p1a: Dragapult|Dragapult, M, shiny|100/100
|turn|6
|
|t:|1666247626
|switch|p2a: Blaziken|Blaziken, M, shiny|100/100
|move|p1a: Dragapult|Shadow Ball|p2a: Blaziken
|-damage|p2a: Blaziken|7/100
|
|upkeep
|turn|7
|
|t:|1666247629
|move|p1a: Dragapult|Shadow Ball|p2a: Blaziken
|-crit|p2a: Blaziken
|-damage|p2a: Blaziken|0 fnt
|faint|p2a: Blaziken
|
|upkeep
|
|t:|1666247631
|switch|p2a: Dragapult|Dragapult, M, shiny|100/100
|turn|8
|
|t:|1666247637
|switch|p1a: Melmetal|Melmetal, shiny|100/100
|move|p2a: Dragapult|Draco Meteor|p1a: Melmetal
|-resisted|p1a: Melmetal
|-damage|p1a: Melmetal|76/100
|-unboost|p2a: Dragapult|spa|2
|
|-heal|p1a: Melmetal|82/100|[from] item: Leftovers
|upkeep
|turn|9
|
|t:|1666247645
|switch|p2a: Landorus|Landorus-Therian, M|100/100
|-ability|p2a: Landorus|Intimidate|boost
|-unboost|p1a: Melmetal|atk|1
|switch|p1a: Urshifu|Urshifu-Rapid-Strike, M|100/100
|
|upkeep
|turn|10
|
|t:|1666247649
|move|p1a: Urshifu|Surging Strikes|p2a: Landorus
|-supereffective|p2a: Landorus
|-crit|p2a: Landorus
|-damage|p2a: Landorus|51/100
|-supereffective|p2a: Landorus
|-crit|p2a: Landorus
|-damage|p2a: Landorus|3/100
|-supereffective|p2a: Landorus
|-crit|p2a: Landorus
|-damage|p2a: Landorus|0 fnt
|faint|p2a: Landorus
|-hitcount|p2: Landorus|3
|
|upkeep
|
|t:|1666247651
|switch|p2a: Dragapult|Dragapult, M, shiny|100/100
|turn|11
|
|t:|1666247659
|switch|p1a: Zapdos|Zapdos, shiny|87/100
|move|p2a: Dragapult|Shadow Ball|p1a: Zapdos
|-damage|p1a: Zapdos|41/100
|
|upkeep
|turn|12
|
|t:|1666247666
|move|p2a: Dragapult|Shadow Ball|p1a: Zapdos
|-damage|p1a: Zapdos|0 fnt
|faint|p1a: Zapdos
|
|upkeep
|j| nian9
|
|t:|1666247676
|switch|p1a: Melmetal|Melmetal, shiny|82/100
|turn|13
|
|t:|1666247684
|switch|p2a: Victini|Victini|64/100
|move|p1a: Melmetal|Earthquake|p2a: Victini
|-supereffective|p2a: Victini
|-damage|p2a: Victini|0 fnt
|faint|p2a: Victini
|
|-heal|p1a: Melmetal|88/100|[from] item: Leftovers
|upkeep
|l| nian9
|
|t:|1666247687
|switch|p2a: Zapdos|Zapdos-Galar|84/100
|turn|14
|
|t:|1666247692
|move|p1a: Melmetal|Protect|p1a: Melmetal
|-singleturn|p1a: Melmetal|Protect
|move|p2a: Zapdos|Close Combat|p1a: Melmetal
|-activate|p1a: Melmetal|move: Protect
|
|-heal|p1a: Melmetal|94/100|[from] item: Leftovers
|upkeep
|turn|15
|
|t:|1666247699
|move|p2a: Zapdos|Close Combat|p1a: Melmetal
|-supereffective|p1a: Melmetal
|-damage|p1a: Melmetal|19/100
|-unboost|p2a: Zapdos|def|1
|-unboost|p2a: Zapdos|spd|1
|move|p1a: Melmetal|Double Iron Bash|p2a: Zapdos
|-damage|p2a: Zapdos|20/100
|-damage|p2a: Zapdos|0 fnt
|faint|p2a: Zapdos
|-hitcount|p2: Zapdos|2
|
|-heal|p1a: Melmetal|25/100|[from] item: Leftovers
|upkeep
|
|t:|1666247713
|switch|p2a: Dragapult|Dragapult, M, shiny|100/100
|turn|16
|
|t:|1666247715
|move|p1a: Melmetal|Protect|p1a: Melmetal
|-singleturn|p1a: Melmetal|Protect
|move|p2a: Dragapult|Shadow Ball|p1a: Melmetal
|-activate|p1a: Melmetal|move: Protect
|
|-heal|p1a: Melmetal|31/100|[from] item: Leftovers
|upkeep
|turn|17
|
|t:|1666247731
|switch|p2a: Melmetal|Melmetal, shiny|100/100
|switch|p1a: Dragapult|Dragapult, M, shiny|100/100
|
|upkeep
|turn|18
|
|t:|1666247739
|move|p1a: Dragapult|Flamethrower|p2a: Melmetal
|-supereffective|p2a: Melmetal
|-damage|p2a: Melmetal|8/100
|move|p2a: Melmetal|Double Iron Bash|p1a: Dragapult
|-damage|p1a: Dragapult|38/100
|-damage|p1a: Dragapult|0 fnt
|faint|p1a: Dragapult
|-hitcount|p1: Dragapult|2
|
|upkeep
|
|t:|1666247745
|switch|p1a: Urshifu|Urshifu-Rapid-Strike, M|100/100
|turn|19
|
|t:|1666247746
|move|p1a: Urshifu|Surging Strikes|p2a: Melmetal
|-crit|p2a: Melmetal
|-damage|p2a: Melmetal|0 fnt
|faint|p2a: Melmetal
|-hitcount|p2: Melmetal|1
|
|upkeep
|
|t:|1666247747
|switch|p2a: Dragapult|Dragapult, M, shiny|100/100
|turn|20
|
|t:|1666247749
|move|p2a: Dragapult|Shadow Ball|p1a: Urshifu
|-crit|p1a: Urshifu
|-damage|p1a: Urshifu|19/100
|move|p1a: Urshifu|Surging Strikes|p2a: Dragapult
|-resisted|p2a: Dragapult
|-crit|p2a: Dragapult
|-damage|p2a: Dragapult|88/100
|-resisted|p2a: Dragapult
|-crit|p2a: Dragapult
|-damage|p2a: Dragapult|75/100
|-resisted|p2a: Dragapult
|-crit|p2a: Dragapult
|-damage|p2a: Dragapult|63/100
|-hitcount|p2a: Dragapult|3
|
|upkeep
|turn|21
|
|t:|1666247752
|move|p2a: Dragapult|Shadow Ball|p1a: Urshifu
|-damage|p1a: Urshifu|0 fnt
|faint|p1a: Urshifu
|
|upkeep
|
|t:|1666247755
|switch|p1a: Melmetal|Melmetal, shiny|31/100
|turn|22
|
|t:|1666247756
|move|p1a: Melmetal|Protect|p1a: Melmetal
|-singleturn|p1a: Melmetal|Protect
|move|p2a: Dragapult|Shadow Ball|p1a: Melmetal
|-activate|p1a: Melmetal|move: Protect
|
|-heal|p1a: Melmetal|37/100|[from] item: Leftovers
|upkeep
|turn|23
|
|t:|1666247758
|move|p2a: Dragapult|Shadow Ball|p1a: Melmetal
|-damage|p1a: Melmetal|4/100
|move|p1a: Melmetal|Double Iron Bash|p2a: Dragapult
|-damage|p2a: Dragapult|15/100
|-crit|p2a: Dragapult
|-damage|p2a: Dragapult|0 fnt
|faint|p2a: Dragapult
|-hitcount|p2: Dragapult|2
|
|win|nnQQ
|raw|nnQQ's rating: 1664 &rarr; <strong>1688</strong><br />(+24 for winning)
|raw|comp233's rating: 1735 &rarr; <strong>1711</strong><br />(-24 for losing)
|c|☆nnQQ|gg
|l|☆comp233
