|html|<div class="broadcast-blue"><strong>[Gen 8] OU is currently suspecting Melmetal! For information on how to participate check out the <a href="https://www.smogon.com/forums/threads/np-ss-ou-suspect-process-round-12-monster-mash.3709234/">suspect thread</a>.</strong></div>
|j|☆Elder Manny
|j|☆ChandosH
|t:|1665887109
|gametype|singles
|player|p1|Elder Manny|cyrus-masters|1424
|player|p2|ChandosH|n-masters|1447
|teamsize|p1|6
|teamsize|p2|6
|gen|8
|tier|[Gen 8] OU
|rated|
|rule|Sleep Clause Mod: Limit one foe put to sleep
|rule|Species Clause: Limit one of each Pokémon
|rule|OHKO Clause: OHKO moves are banned
|rule|Evasion Items Clause: Evasion items are banned
|rule|Evasion Moves Clause: Evasion moves are banned
|rule|Endless Battle Clause: Forcing endless battles is banned
|rule|HP Percentage Mod: HP is shown in percentages
|rule|Dynamax Clause: You cannot dynamax
|clearpoke
|poke|p1|Melmetal|
|poke|p1|Rillaboom, F|
|poke|p1|Volcanion|
|poke|p1|Weavile, F|
|poke|p1|Landorus-Therian, M|
|poke|p1|Dragapult, F|
|poke|p2|Marowak-Alola, M|
|poke|p2|Corviknight, F|
|poke|p2|Toxapex, F|
|poke|p2|Hatterene, F|
|poke|p2|Blissey, F|
|poke|p2|Rotom-Wash|
|teampreview
|inactive|Battle timer is ON: inactive players will automatically lose when time's up. (requested by Elder Manny)
|inactive|ChandosH has 120 seconds left.
|
|t:|1665887159
|start
|switch|p1a: Weavile|Weavile, F|100/100
|switch|p2a: Rotom|Rotom-Wash|100/100
|-ability|p1a: Weavile|Pressure
|turn|1
|
|t:|1665887183
|move|p1a: Weavile|Swords Dance|p1a: Weavile
|-boost|p1a: Weavile|atk|2
|move|p2a: Rotom|Thunder Wave|p1a: Weavile
|-status|p1a: Weavile|par
|
|upkeep
|turn|2
|c|☆Elder Manny|oi
|
|t:|1665887192
|move|p2a: Rotom|Volt Switch|p1a: Weavile
|-damage|p1a: Weavile|63/100 par
|c|☆Elder Manny|thats rude
|
|t:|1665887199
|switch|p2a: Toxapex|Toxapex, F|100/100|[from]move: Volt Switch
|cant|p1a: Weavile|par
|
|upkeep
|turn|3
|c|☆Elder Manny|damn
|c|☆ChandosH|i was actually hoping to get hit lol
|
|t:|1665887219
|move|p1a: Weavile|Beat Up|p2a: Toxapex
|-damage|p2a: Toxapex|90/100
|-damage|p2a: Toxapex|80/100
|-damage|p2a: Toxapex|70/100
|-damage|p2a: Toxapex|58/100
|-damage|p2a: Toxapex|46/100
|-damage|p2a: Toxapex|36/100
|-hitcount|p2a: Toxapex|6
|-enditem|p2a: Toxapex|Eject Button
|c|☆Elder Manny|no
|c|☆Elder Manny|oh eject
|inactive|ChandosH has 120 seconds left.
|inactive|ChandosH has 90 seconds left.
|inactive|ChandosH has 60 seconds left.
|
|t:|1665887295
|switch|p2a: Corviknight|Corviknight, F|100/100
|-ability|p2a: Corviknight|Pressure
|
|upkeep
|turn|4
|c|☆ChandosH|f i cant calc beat up lol
|inactive|ChandosH has 60 seconds left.
|
|t:|1665887307
|move|p1a: Weavile|Beat Up|p2a: Corviknight
|-damage|p2a: Corviknight|89/100
|-damage|p2a: Corviknight|78/100
|-damage|p2a: Corviknight|68/100
|-damage|p2a: Corviknight|56/100
|-damage|p2a: Corviknight|45/100
|-damage|p2a: Corviknight|35/100
|-hitcount|p2a: Corviknight|6
|move|p2a: Corviknight|Brave Bird|p1a: Weavile
|-damage|p1a: Weavile|3/100 par
|-damage|p2a: Corviknight|21/100|[from] Recoil
|
|-heal|p2a: Corviknight|27/100|[from] item: Leftovers
|upkeep
|turn|5
|c|☆Elder Manny|lol
|inactive|ChandosH has 60 seconds left.
|c|☆Elder Manny|unless its like tapu fini or something always assume it'll do half
|c|☆Elder Manny|imo
|
|t:|1665887334
|move|p1a: Weavile|Beat Up|p2a: Corviknight
|-damage|p2a: Corviknight|17/100
|-damage|p2a: Corviknight|6/100
|-damage|p2a: Corviknight|0 fnt
|faint|p2a: Corviknight
|-hitcount|p2: Corviknight|3
|
|upkeep
|inactive|ChandosH has 60 seconds left.
|c|☆ChandosH|no i was trying to find out if ur adamant or jolly from the toxapex damage
|c|☆Elder Manny|ahhhh
|c|☆Elder Manny|i see
|inactive|ChandosH has 30 seconds left.
|c|☆Elder Manny|damn
|c|☆ChandosH|i prob should just run jolly marowak at this point lol
|inactive|ChandosH has 20 seconds left.
|
|t:|1665887380
|switch|p2a: Rotom|Rotom-Wash|100/100
|turn|6
|inactive|ChandosH has 30 seconds left this turn.
|c|☆Elder Manny|without corvi mel kinda eats you alive right?
|
|t:|1665887388
|move|p2a: Rotom|Hydro Pump|p1a: Weavile
|-damage|p1a: Weavile|0 fnt
|faint|p1a: Weavile
|
|upkeep
|inactive|ChandosH has 30 seconds left this turn.
|
|t:|1665887391
|switch|p1a: Rillaboom|Rillaboom, F|100/100
|-fieldstart|move: Grassy Terrain|[from] ability: Grassy Surge|[of] p1a: Rillaboom
|turn|7
|inactive|ChandosH has 30 seconds left.
|
|t:|1665887402
|switch|p2a: Toxapex|Toxapex, F|69/100
|move|p1a: Rillaboom|Knock Off|p2a: Toxapex
|-damage|p2a: Toxapex|48/100
|
|-heal|p2a: Toxapex|54/100|[from] Grassy Terrain
|upkeep
|turn|8
|
|t:|1665887410
|switch|p1a: Volcanion|Volcanion|100/100
|move|p2a: Toxapex|Recover|p2a: Toxapex
|-heal|p2a: Toxapex|100/100
|
|upkeep
|turn|9
|c|☆ChandosH|yeah i chocked hard lol
|c|☆Elder Manny|there wasnt much you could do tbh
|c|☆Elder Manny|other than depend on para's
|c|☆ChandosH|were you jolly or adamant weavile
|inactive|ChandosH has 30 seconds left.
|c|☆Elder Manny|jolly
|inactive|Elder Manny has 120 seconds left.
|c|☆ChandosH|yeah i couldnt do much
|
|t:|1665887442
|move|p1a: Volcanion|Earth Power|p2a: Toxapex
|-supereffective|p2a: Toxapex
|-damage|p2a: Toxapex|48/100
|move|p2a: Toxapex|Toxic|p1a: Volcanion
|-status|p1a: Volcanion|tox
|
|-heal|p2a: Toxapex|54/100|[from] Grassy Terrain
|-damage|p1a: Volcanion|95/100 tox|[from] psn
|upkeep
|turn|10
|inactive|ChandosH has 30 seconds left.
|c|☆ChandosH|i should switch to jolly mak to outspeed jolly weavile
|c|☆Elder Manny|ehhh
|inactive|ChandosH has 20 seconds left.
|c|☆Elder Manny|idk if its worth it
|inactive|ChandosH has 15 seconds left.
|
|t:|1665887469
|switch|p1a: Melmetal|Melmetal|100/100
|switch|p2a: Blissey|Blissey, F|100/100
|
|upkeep
|turn|11
|inactive|ChandosH has 25 seconds left this turn.
|inactive|ChandosH has 20 seconds left.
|c|☆Elder Manny|most people arent running beat up weave
|inactive|ChandosH has 15 seconds left.
|inactive|ChandosH has 10 seconds left.
|
|t:|1665887486
|switch|p2a: Toxapex|Toxapex, F|87/100
|move|p1a: Melmetal|Double Iron Bash|p2a: Toxapex
|-resisted|p2a: Toxapex
|-damage|p2a: Toxapex|68/100
|-resisted|p2a: Toxapex
|-damage|p2a: Toxapex|48/100
|-hitcount|p2a: Toxapex|2
|
|-heal|p2a: Toxapex|54/100|[from] Grassy Terrain
|-fieldend|move: Grassy Terrain
|upkeep
|turn|12
|inactive|ChandosH has 20 seconds left this turn.
|inactive|ChandosH has 15 seconds left.
|
|t:|1665887496
|switch|p1a: Dragapult|Dragapult, F|100/100
|move|p2a: Toxapex|Recover|p2a: Toxapex
|-heal|p2a: Toxapex|100/100
|
|upkeep
|turn|13
|inactive|ChandosH has 25 seconds left this turn.
|inactive|ChandosH has 20 seconds left.
|
|t:|1665887503
|move|p1a: Dragapult|Substitute|p1a: Dragapult
|-start|p1a: Dragapult|Substitute
|-damage|p1a: Dragapult|76/100
|move|p2a: Toxapex|Scald|p1a: Dragapult
|-resisted|p1a: Dragapult
|-activate|p1a: Dragapult|move: Substitute|[damage]
|
|-heal|p1a: Dragapult|82/100|[from] item: Leftovers
|upkeep
|turn|14
|inactive|ChandosH has 30 seconds left this turn.
|
|t:|1665887509
|move|p1a: Dragapult|Dragon Dance|p1a: Dragapult
|-boost|p1a: Dragapult|atk|1
|-boost|p1a: Dragapult|spe|1
|move|p2a: Toxapex|Haze|p2a: Toxapex
|-clearallboost
|
|-heal|p1a: Dragapult|88/100|[from] item: Leftovers
|upkeep
|turn|15
|c|☆Elder Manny|oi
|inactive|ChandosH has 30 seconds left.
|
|t:|1665887515
|switch|p2a: Blissey|Blissey, F|100/100
|move|p1a: Dragapult|Disable||[still]
|-fail|p1a: Dragapult
|
|-heal|p1a: Dragapult|94/100|[from] item: Leftovers
|upkeep
|turn|16
|
|t:|1665887519
|move|p1a: Dragapult|Dragon Dance|p1a: Dragapult
|-boost|p1a: Dragapult|atk|1
|-boost|p1a: Dragapult|spe|1
|move|p2a: Blissey|Shadow Ball|p1a: Dragapult
|-supereffective|p1a: Dragapult
|-end|p1a: Dragapult|Substitute
|
|-heal|p1a: Dragapult|99/100|[from] item: Leftovers
|upkeep
|turn|17
|
|t:|1665887526
|move|p1a: Dragapult|Dragon Darts|p2a: Blissey
|-damage|p2a: Blissey|70/100
|-anim|p1a: Dragapult|Dragon Darts|p2a: Blissey
|-damage|p2a: Blissey|37/100
|move|p2a: Blissey|Thunder Wave|p1a: Dragapult
|-status|p1a: Dragapult|par
|
|-heal|p1a: Dragapult|100/100 par|[from] item: Leftovers
|upkeep
|turn|18
|
|t:|1665887532
|switch|p1a: Melmetal|Melmetal|100/100
|switch|p2a: Toxapex|Toxapex, F|100/100
|
|upkeep
|turn|19
|inactive|ChandosH has 60 seconds left.
|
|t:|1665887537
|move|p2a: Toxapex|Scald|p1a: Melmetal
|-damage|p1a: Melmetal|84/100
|move|p1a: Melmetal|High Horsepower|p2a: Toxapex
|-supereffective|p2a: Toxapex
|-damage|p2a: Toxapex|31/100
|
|upkeep
|turn|20
|
|t:|1665887547
|switch|p2a: Rotom|Rotom-Wash|100/100
|switch|p1a: Rillaboom|Rillaboom, F|100/100
|-fieldstart|move: Grassy Terrain|[from] ability: Grassy Surge|[of] p1a: Rillaboom
|
|upkeep
|turn|21
|
|t:|1665887554
|switch|p2a: Toxapex|Toxapex, F|65/100
|move|p1a: Rillaboom|U-turn|p2a: Toxapex
|-resisted|p2a: Toxapex
|-damage|p2a: Toxapex|54/100
|
|t:|1665887558
|switch|p1a: Volcanion|Volcanion|95/100 tox|[from]move: U-turn
|
|-heal|p1a: Volcanion|100/100 tox|[from] Grassy Terrain
|-heal|p2a: Toxapex|61/100|[from] Grassy Terrain
|-damage|p1a: Volcanion|95/100 tox|[from] psn
|upkeep
|turn|22
|
|t:|1665887571
|move|p1a: Volcanion|Earth Power|p2a: Toxapex
|-supereffective|p2a: Toxapex
|-damage|p2a: Toxapex|5/100
|move|p2a: Toxapex|Recover|p2a: Toxapex
|-heal|p2a: Toxapex|55/100
|
|-heal|p1a: Volcanion|100/100 tox|[from] Grassy Terrain
|-heal|p2a: Toxapex|61/100|[from] Grassy Terrain
|-damage|p1a: Volcanion|89/100 tox|[from] psn
|upkeep
|turn|23
|
|t:|1665887577
|switch|p2a: Blissey|Blissey, F|37/100
|move|p1a: Volcanion|Earth Power|p2a: Blissey
|-damage|p2a: Blissey|26/100
|
|-heal|p1a: Volcanion|95/100 tox|[from] Grassy Terrain
|-heal|p2a: Blissey|32/100|[from] Grassy Terrain
|-damage|p1a: Volcanion|77/100 tox|[from] psn
|upkeep
|turn|24
|
|t:|1665887582
|move|p1a: Volcanion|Steam Eruption|p2a: Blissey
|-damage|p2a: Blissey|10/100
|move|p2a: Blissey|Soft-Boiled|p2a: Blissey
|-heal|p2a: Blissey|60/100
|
|-heal|p1a: Volcanion|83/100 tox|[from] Grassy Terrain
|-heal|p2a: Blissey|66/100|[from] Grassy Terrain
|-damage|p1a: Volcanion|59/100 tox|[from] psn
|-fieldend|move: Grassy Terrain
|upkeep
|turn|25
|
|t:|1665887585
|switch|p1a: Melmetal|Melmetal|84/100
|move|p2a: Blissey|Soft-Boiled|p2a: Blissey
|-heal|p2a: Blissey|100/100
|
|upkeep
|turn|26
|
|t:|1665887601
|switch|p2a: Toxapex|Toxapex, F|94/100
|move|p1a: Melmetal|Double Iron Bash|p2a: Toxapex
|-resisted|p2a: Toxapex
|-damage|p2a: Toxapex|73/100
|-resisted|p2a: Toxapex
|-damage|p2a: Toxapex|54/100
|-hitcount|p2a: Toxapex|2
|
|upkeep
|turn|27
|c|☆Elder Manny|this tox is a problem lmao
|
|t:|1665887613
|switch|p1a: Landorus|Landorus-Therian, M|100/100
|-ability|p1a: Landorus|Intimidate|boost
|-unboost|p2a: Toxapex|atk|1
|move|p2a: Toxapex|Recover|p2a: Toxapex
|-heal|p2a: Toxapex|100/100
|
|upkeep
|turn|28
|c|☆ChandosH|yee
|
|t:|1665887623
|switch|p2a: Rotom|Rotom-Wash|100/100
|move|p1a: Landorus|Stealth Rock|p2a: Rotom
|-sidestart|p2: ChandosH|move: Stealth Rock
|
|upkeep
|turn|29
|
|t:|1665887635
|move|p2a: Rotom|Hydro Pump|p1a: Landorus
|-supereffective|p1a: Landorus
|-damage|p1a: Landorus|40/100
|move|p1a: Landorus|Toxic|p2a: Rotom
|-status|p2a: Rotom|tox
|
|-heal|p1a: Landorus|46/100|[from] item: Leftovers
|-damage|p2a: Rotom|94/100 tox|[from] psn
|upkeep
|turn|30
|
|t:|1665887641
|switch|p1a: Volcanion|Volcanion|59/100 tox
|move|p2a: Rotom|Volt Switch|p1a: Volcanion
|-supereffective|p1a: Volcanion
|-damage|p1a: Volcanion|0 fnt
|faint|p1a: Volcanion
|c|☆Elder Manny|nr
|inactive|ChandosH has 120 seconds left.
|
|t:|1665887646
|switch|p2a: Toxapex|Toxapex, F|100/100|[from]move: Volt Switch
|-damage|p2a: Toxapex|88/100|[from] Stealth Rock
|
|upkeep
|
|t:|1665887653
|switch|p1a: Landorus|Landorus-Therian, M|46/100
|-ability|p1a: Landorus|Intimidate|boost
|-unboost|p2a: Toxapex|atk|1
|turn|31
|
|t:|1665887659
|switch|p1a: Rillaboom|Rillaboom, F|100/100
|-fieldstart|move: Grassy Terrain|[from] ability: Grassy Surge|[of] p1a: Rillaboom
|move|p2a: Toxapex|Scald|p1a: Rillaboom
|-resisted|p1a: Rillaboom
|-damage|p1a: Rillaboom|89/100
|
|-heal|p1a: Rillaboom|95/100|[from] Grassy Terrain
|-heal|p2a: Toxapex|94/100|[from] Grassy Terrain
|upkeep
|turn|32
|
|t:|1665887671
|move|p1a: Rillaboom|Grassy Glide|p2a: Toxapex
|-damage|p2a: Toxapex|56/100
|move|p2a: Toxapex|Scald|p1a: Rillaboom
|-resisted|p1a: Rillaboom
|-damage|p1a: Rillaboom|85/100
|-status|p1a: Rillaboom|brn
|
|-heal|p1a: Rillaboom|91/100 brn|[from] Grassy Terrain
|-heal|p2a: Toxapex|62/100|[from] Grassy Terrain
|-damage|p1a: Rillaboom|85/100 brn|[from] brn
|upkeep
|turn|33
|
|t:|1665887678
|switch|p1a: Dragapult|Dragapult, F|100/100 par
|move|p2a: Toxapex|Recover|p2a: Toxapex
|-heal|p2a: Toxapex|100/100
|
|upkeep
|turn|34
|
|t:|1665887686
|switch|p2a: Hatterene|Hatterene, F|100/100
|-damage|p2a: Hatterene|88/100|[from] Stealth Rock
|cant|p1a: Dragapult|par
|
|-heal|p2a: Hatterene|94/100|[from] Grassy Terrain
|-heal|p2a: Hatterene|99/100|[from] item: Leftovers
|upkeep
|turn|35
|
|t:|1665887693
|move|p1a: Dragapult|Substitute|p1a: Dragapult
|-start|p1a: Dragapult|Substitute
|-damage|p1a: Dragapult|76/100 par
|move|p2a: Hatterene|Mystical Fire|p1a: Dragapult
|-resisted|p1a: Dragapult
|-activate|p1a: Dragapult|move: Substitute|[damage]
|
|-heal|p1a: Dragapult|82/100 par|[from] Grassy Terrain
|-heal|p1a: Dragapult|88/100 par|[from] item: Leftovers
|-heal|p2a: Hatterene|100/100|[from] Grassy Terrain
|-fieldend|move: Grassy Terrain
|upkeep
|turn|36
|
|t:|1665887700
|move|p1a: Dragapult|Disable|p2a: Hatterene
|move|p2a: Hatterene|Disable|p1a: Dragapult|[from]ability: Magic Bounce
|-start|p1a: Dragapult|Disable|Disable
|move|p2a: Hatterene|Calm Mind|p2a: Hatterene
|-boost|p2a: Hatterene|spa|1
|-boost|p2a: Hatterene|spd|1
|
|-heal|p1a: Dragapult|94/100 par|[from] item: Leftovers
|upkeep
|turn|37
|
|t:|1665887705
|cant|p1a: Dragapult|par
|move|p2a: Hatterene|Mystical Fire|p1a: Dragapult
|-resisted|p1a: Dragapult
|-end|p1a: Dragapult|Substitute
|
|-heal|p1a: Dragapult|99/100 par|[from] item: Leftovers
|upkeep
|turn|38
|c|☆Elder Manny|oh shit
|c|☆ChandosH|lol
|c|☆Elder Manny|i forgot disable doesnt do it for magic bounce lol
|
|t:|1665887732
|switch|p1a: Landorus|Landorus-Therian, M|46/100
|-ability|p1a: Landorus|Intimidate|boost
|-unboost|p2a: Hatterene|atk|1
|move|p2a: Hatterene|Mystical Fire|p1a: Landorus
|-damage|p1a: Landorus|20/100
|-unboost|p1a: Landorus|spa|1
|
|-heal|p1a: Landorus|26/100|[from] item: Leftovers
|upkeep
|turn|39
|
|t:|1665887738
|move|p1a: Landorus|Earthquake|p2a: Hatterene
|-damage|p2a: Hatterene|63/100
|move|p2a: Hatterene|Draining Kiss|p1a: Landorus
|-damage|p1a: Landorus|2/100
|-heal|p2a: Hatterene|85/100|[from] drain|[of] p1a: Landorus
|
|-heal|p1a: Landorus|8/100|[from] item: Leftovers
|-heal|p2a: Hatterene|91/100|[from] item: Leftovers
|upkeep
|turn|40
|
|t:|1665887751
|move|p1a: Landorus|Earthquake|p2a: Hatterene
|-damage|p2a: Hatterene|48/100
|move|p2a: Hatterene|Mystical Fire|p1a: Landorus
|-damage|p1a: Landorus|0 fnt
|faint|p1a: Landorus
|
|-heal|p2a: Hatterene|54/100|[from] item: Leftovers
|upkeep
|
|t:|1665887775
|switch|p1a: Melmetal|Melmetal|84/100
|turn|41
|
|t:|1665887782
|switch|p2a: Toxapex|Toxapex, F|100/100
|-damage|p2a: Toxapex|88/100|[from] Stealth Rock
|move|p1a: Melmetal|High Horsepower|p2a: Toxapex
|-supereffective|p2a: Toxapex
|-crit|p2a: Toxapex
|-damage|p2a: Toxapex|0 fnt
|faint|p2a: Toxapex
|
|upkeep
|c|☆Elder Manny|OOOOOOOOO
|c|☆ChandosH|that sucks lol
|c|☆Elder Manny|yea
|c|☆Elder Manny|my b
|
|t:|1665887803
|switch|p2a: Rotom|Rotom-Wash|94/100 tox
|-damage|p2a: Rotom|82/100 tox|[from] Stealth Rock
|turn|42
|
|t:|1665887816
|switch|p1a: Rillaboom|Rillaboom, F|85/100 brn
|-fieldstart|move: Grassy Terrain|[from] ability: Grassy Surge|[of] p1a: Rillaboom
|move|p2a: Rotom|Thunder Wave||[still]
|-fail|p2a: Rotom
|
|-heal|p1a: Rillaboom|91/100 brn|[from] Grassy Terrain
|-heal|p2a: Rotom|88/100 tox|[from] item: Leftovers
|-damage|p2a: Rotom|82/100 tox|[from] psn
|-damage|p1a: Rillaboom|85/100 brn|[from] brn
|upkeep
|turn|43
|
|t:|1665887825
|switch|p2a: Blissey|Blissey, F|100/100
|move|p1a: Rillaboom|Grassy Glide|p2a: Blissey
|-damage|p2a: Blissey|71/100
|
|-heal|p1a: Rillaboom|91/100 brn|[from] Grassy Terrain
|-heal|p2a: Blissey|77/100|[from] Grassy Terrain
|-damage|p1a: Rillaboom|85/100 brn|[from] brn
|upkeep
|turn|44
|
|t:|1665887831
|move|p1a: Rillaboom|Grassy Glide|p2a: Blissey
|-crit|p2a: Blissey
|-damage|p2a: Blissey|31/100
|move|p2a: Blissey|Soft-Boiled|p2a: Blissey
|-heal|p2a: Blissey|81/100
|
|-heal|p1a: Rillaboom|91/100 brn|[from] Grassy Terrain
|-heal|p2a: Blissey|87/100|[from] Grassy Terrain
|-damage|p1a: Rillaboom|85/100 brn|[from] brn
|upkeep
|turn|45
|
|t:|1665887839
|move|p1a: Rillaboom|Grassy Glide|p2a: Blissey
|-damage|p2a: Blissey|57/100
|move|p2a: Blissey|Shadow Ball|p1a: Rillaboom
|-crit|p1a: Rillaboom
|-damage|p1a: Rillaboom|58/100 brn
|
|-heal|p1a: Rillaboom|64/100 brn|[from] Grassy Terrain
|-heal|p2a: Blissey|63/100|[from] Grassy Terrain
|-damage|p1a: Rillaboom|58/100 brn|[from] brn
|upkeep
|turn|46
|
|t:|1665887844
|move|p1a: Rillaboom|Grassy Glide|p2a: Blissey
|-damage|p2a: Blissey|35/100
|move|p2a: Blissey|Soft-Boiled|p2a: Blissey
|-heal|p2a: Blissey|85/100
|
|-heal|p1a: Rillaboom|64/100 brn|[from] Grassy Terrain
|-heal|p2a: Blissey|91/100|[from] Grassy Terrain
|-damage|p1a: Rillaboom|58/100 brn|[from] brn
|-fieldend|move: Grassy Terrain
|upkeep
|turn|47
|c|☆Elder Manny|dont get crit
|c|☆Elder Manny|you fishing lmao
|
|t:|1665887852
|move|p1a: Rillaboom|Grassy Glide|p2a: Blissey
|-damage|p2a: Blissey|66/100
|move|p2a: Blissey|Shadow Ball|p1a: Rillaboom
|-damage|p1a: Rillaboom|40/100 brn
|
|-damage|p1a: Rillaboom|33/100 brn|[from] brn
|upkeep
|turn|48
|
|t:|1665887863
|switch|p1a: Melmetal|Melmetal|84/100
|move|p2a: Blissey|Soft-Boiled|p2a: Blissey
|-heal|p2a: Blissey|100/100
|
|upkeep
|turn|49
|
|t:|1665887870
|switch|p2a: Rotom|Rotom-Wash|82/100 tox
|-damage|p2a: Rotom|69/100 tox|[from] Stealth Rock
|move|p1a: Melmetal|Double Iron Bash|p2a: Rotom
|-resisted|p2a: Rotom
|-damage|p2a: Rotom|51/100 tox
|-resisted|p2a: Rotom
|-damage|p2a: Rotom|32/100 tox
|-hitcount|p2a: Rotom|2
|
|-heal|p2a: Rotom|39/100 tox|[from] item: Leftovers
|-damage|p2a: Rotom|32/100 tox|[from] psn
|upkeep
|turn|50
|
|t:|1665887879
|switch|p1a: Dragapult|Dragapult, F|99/100 par
|move|p2a: Rotom|Hydro Pump|p1a: Dragapult
|-resisted|p1a: Dragapult
|-damage|p1a: Dragapult|74/100 par
|
|-heal|p2a: Rotom|39/100 tox|[from] item: Leftovers
|-heal|p1a: Dragapult|80/100 par|[from] item: Leftovers
|-damage|p2a: Rotom|26/100 tox|[from] psn
|upkeep
|turn|51
|
|t:|1665887885
|switch|p1a: Melmetal|Melmetal|84/100
|move|p2a: Rotom|Volt Switch|p1a: Melmetal
|-damage|p1a: Melmetal|60/100
|inactive|ChandosH has 120 seconds left.
|
|t:|1665887921
|switch|p2a: Blissey|Blissey, F|100/100|[from]move: Volt Switch
|
|upkeep
|turn|52
|inactive|ChandosH has 120 seconds left.
|
|t:|1665887928
|move|p2a: Blissey|Shadow Ball|p1a: Melmetal
|-damage|p1a: Melmetal|46/100
|move|p1a: Melmetal|Double Iron Bash|p2a: Blissey
|-damage|p2a: Blissey|40/100
|-damage|p2a: Blissey|0 fnt
|faint|p2a: Blissey
|-hitcount|p2: Blissey|2
|
|upkeep
|inactive|ChandosH has 120 seconds left.
|
|t:|1665887936
|switch|p2a: Marowak|Marowak-Alola, M|100/100
|-damage|p2a: Marowak|76/100|[from] Stealth Rock
|turn|53
|inactive|ChandosH has 120 seconds left.
|c|☆ChandosH|that barely enough chip lmao
|
|t:|1665887950
|switch|p1a: Dragapult|Dragapult, F|80/100 par
|move|p2a: Marowak|Flame Charge|p1a: Dragapult
|-resisted|p1a: Dragapult
|-damage|p1a: Dragapult|50/100 par
|-boost|p2a: Marowak|spe|1
|
|-heal|p1a: Dragapult|56/100 par|[from] item: Leftovers
|upkeep
|turn|54
|inactive|ChandosH has 120 seconds left.
|c|☆Elder Manny|i didnt expect flame charge ngl
|
|t:|1665887986
|move|p2a: Marowak|Earthquake|p1a: Dragapult
|-damage|p1a: Dragapult|0 fnt
|faint|p1a: Dragapult
|
|upkeep
|
|t:|1665887991
|switch|p1a: Rillaboom|Rillaboom, F|33/100 brn
|-fieldstart|move: Grassy Terrain|[from] ability: Grassy Surge|[of] p1a: Rillaboom
|turn|55
|c|☆ChandosH|yeah its p good
|
|t:|1665887997
|move|p1a: Rillaboom|Knock Off|p2a: Marowak
|-supereffective|p2a: Marowak
|-damage|p2a: Marowak|14/100
|-enditem|p2a: Marowak|Thick Club|[from] move: Knock Off|[of] p1a: Rillaboom
|move|p2a: Marowak|Flame Charge|p1a: Rillaboom
|-supereffective|p1a: Rillaboom
|-damage|p1a: Rillaboom|0 fnt
|-boost|p2a: Marowak|spe|1
|faint|p1a: Rillaboom
|
|-heal|p2a: Marowak|20/100|[from] Grassy Terrain
|upkeep
|c|☆Elder Manny|fuck
|c|☆ChandosH|lmao
|c|☆ChandosH|wait
|c|☆ChandosH|do i just lose lol
|c|☆Elder Manny|wait
|c|☆Elder Manny|did you
|c|☆Elder Manny|lmfao
|
|t:|1665888016
|switch|p1a: Melmetal|Melmetal|46/100
|turn|56
|c|☆Elder Manny|i cant see you not killing
|
|t:|1665888027
|move|p2a: Marowak|Poltergeist|p1a: Melmetal
|-activate|p1a: Melmetal|move: Poltergeist|Choice Band
|-crit|p1a: Melmetal
|-damage|p1a: Melmetal|10/100
|move|p1a: Melmetal|Double Iron Bash|p2a: Marowak
|-resisted|p2a: Marowak
|-damage|p2a: Marowak|0 fnt
|faint|p2a: Marowak
|-hitcount|p2: Marowak|1
|
|-heal|p1a: Melmetal|16/100|[from] Grassy Terrain
|upkeep
|c|☆Elder Manny|with blitz
|c|☆Elder Manny|oh
|c|☆Elder Manny|nah
|c|☆Elder Manny|hydro kills
|c|☆ChandosH|i dont even have blitz lol
|
|t:|1665888045
|switch|p2a: Rotom|Rotom-Wash|26/100 tox
|-damage|p2a: Rotom|14/100 tox|[from] Stealth Rock
|turn|57
|c|☆Elder Manny|unless you miss
|inactive|ChandosH has 90 seconds left.
|
|t:|1665888068
|move|p2a: Rotom|Volt Switch|p1a: Melmetal
|-damage|p1a: Melmetal|0 fnt
|faint|p1a: Melmetal
|
|win|ChandosH
|raw|Elder Manny's rating: 1424 &rarr; <strong>1405</strong><br />(-19 for losing)
|raw|ChandosH's rating: 1447 &rarr; <strong>1466</strong><br />(+19 for winning)
|c|☆Elder Manny|damn
|c|☆ChandosH|Gg
|c|☆Elder Manny|i was hoping you wouldnt notice lol
|c|☆Elder Manny|gg
|c|☆ChandosH|close game
|c|☆ChandosH|lol
|c|☆Elder Manny|fire tema
|c|☆Elder Manny|team*
|c|☆ChandosH|ty
|c|☆Elder Manny|i shouldnt have let rilla get burned
|c|☆Elder Manny|gg tho bro
|l|☆Elder Manny
||Ladder isn't responding, score probably updated but might not have (Request timeout).
