|j|☆RedDiamond1024
|j|☆ripreckful
|inactive|Battle timer is ON: inactive players will automatically lose when time's up.
|t:|1648353810
|gametype|singles
|player|p1|RedDiamond1024|red|
|player|p2|ripreckful|boarder-gen2|
|teamsize|p1|6
|teamsize|p2|6
|gen|8
|tier|[Gen 8] OU
|rated|Tournament battle
|rule|Sleep Clause Mod: Limit one foe put to sleep
|rule|Species Clause: Limit one of each Pokémon
|rule|OHKO Clause: OHKO moves are banned
|rule|Evasion Moves Clause: Evasion moves are banned
|rule|Endless Battle Clause: Forcing endless battles is banned
|rule|HP Percentage Mod: HP is shown in percentages
|rule|Dynamax Clause: You cannot dynamax
|clearpoke
|poke|p1|Dracovish|
|poke|p1|Corviknight, M|
|poke|p1|Zeraora|
|poke|p1|Landorus-Therian, M|
|poke|p1|Volcanion|
|poke|p1|Buzzwole|
|poke|p2|Seismitoad, F|
|poke|p2|Dracovish|
|poke|p2|Corviknight, M|
|poke|p2|Mew|
|poke|p2|Tapu Lele|
|poke|p2|Clefable, F|
|teampreview
|inactive|ripreckful also wants the timer to be on.
|j| pikablu007
|j| cubechicken
|j| x90191
|j| rffydsdhh
|j| ChalkEater
|l| rffydsdhh
|inactive|ripreckful has 120 seconds left.
|
|t:|1648353844
|start
|switch|p1a: Caesar|Corviknight, M, shiny|100/100
|switch|p2a: Mew|Mew|100/100
|-ability|p1a: Caesar|Pressure
|turn|1
|
|t:|1648353850
|move|p2a: Mew|Flamethrower|p1a: Caesar
|-supereffective|p1a: Caesar
|-damage|p1a: Caesar|44/100
|-damage|p2a: Mew|90/100|[from] item: Life Orb
|move|p1a: Caesar|U-turn|p2a: Mew
|-supereffective|p2a: Mew
|-damage|p2a: Mew|68/100
|
|t:|1648353856
|switch|p1a: Gigawatt|Zeraora, shiny|100/100|[from]move: U-turn
|
|upkeep
|turn|2
|
|t:|1648353862
|move|p1a: Gigawatt|Knock Off|p2a: Mew
|-supereffective|p2a: Mew
|-damage|p2a: Mew|17/100
|-enditem|p2a: Mew|Life Orb|[from] move: Knock Off|[of] p1a: Gigawatt
|move|p2a: Mew|Psychic|p1a: Gigawatt
|-damage|p1a: Gigawatt|52/100
|
|upkeep
|turn|3
|j| Seasons In The Sun
|
|t:|1648353871
|switch|p2a: Clefable|Clefable, F|100/100
|move|p1a: Gigawatt|Plasma Fists|p2a: Clefable
|-damage|p2a: Clefable|65/100
|-fieldactivate|move: Ion Deluge
|-hint|Normal-type moves become Electric-type after using Plasma Fists.
|
|-heal|p2a: Clefable|71/100|[from] item: Leftovers
|upkeep
|turn|4
|j| Epic Pokedestroyer
|
|t:|1648353879
|switch|p1a: Steam|Volcanion|100/100
|move|p2a: Clefable|Moonblast|p1a: Steam
|-resisted|p1a: Steam
|-damage|p1a: Steam|81/100
|-unboost|p1a: Steam|spa|1
|
|-heal|p2a: Clefable|77/100|[from] item: Leftovers
|upkeep
|turn|5
|
|t:|1648353888
|switch|p2a: Mew|Mew|17/100
|move|p1a: Steam|Sludge Wave|p2a: Mew
|-damage|p2a: Mew|0 fnt
|faint|p2a: Mew
|
|upkeep
|
|t:|1648353893
|switch|p2a: Dracovish|Dracovish|100/100
|turn|6
|j| Taenarius
|
|t:|1648353898
|switch|p1a: Caesar|Corviknight, M, shiny|44/100
|-ability|p1a: Caesar|Pressure
|move|p2a: Dracovish|Outrage|p1a: Caesar
|-resisted|p1a: Caesar
|-damage|p1a: Caesar|18/100
|
|-heal|p1a: Caesar|24/100|[from] item: Leftovers
|upkeep
|turn|7
|c| Epic Pokedestroyer|any other epic 😎 pokedestroyers 😎 in chat
|
|t:|1648353908
|switch|p1a: Clout lion|Landorus-Therian, M|100/100
|-ability|p1a: Clout lion|Intimidate|boost
|-unboost|p2a: Dracovish|atk|1
|move|p2a: Dracovish|Outrage|p1a: Clout lion|[from]lockedmove
|-damage|p1a: Clout lion|48/100
|-start|p2a: Dracovish|confusion|[fatigue]
|
|-heal|p1a: Clout lion|54/100|[from] item: Leftovers
|upkeep
|turn|8
|
|t:|1648353921
|switch|p2a: Corviknight|Corviknight, M|100/100
|-ability|p2a: Corviknight|Pressure
|move|p1a: Clout lion|Knock Off|p2a: Corviknight
|-damage|p2a: Corviknight|82/100
|-enditem|p2a: Corviknight|Leftovers|[from] move: Knock Off|[of] p1a: Clout lion
|
|-heal|p1a: Clout lion|60/100|[from] item: Leftovers
|upkeep
|turn|9
|c| Epic Pokedestroyer|just me 😎
|
|t:|1648353930
|move|p1a: Clout lion|U-turn|p2a: Corviknight
|-resisted|p2a: Corviknight
|-damage|p2a: Corviknight|78/100
|
|t:|1648353933
|switch|p1a: Steam|Volcanion|81/100|[from]move: U-turn
|move|p2a: Corviknight|U-turn|p1a: Steam
|-resisted|p1a: Steam
|-damage|p1a: Steam|74/100
|
|t:|1648353936
|switch|p2a: Dracovish|Dracovish|100/100|[from]move: U-turn
|
|upkeep
|turn|10
|
|t:|1648353944
|move|p2a: Dracovish|Outrage|p1a: Steam
|-damage|p1a: Steam|0 fnt
|faint|p1a: Steam
|
|upkeep
|
|t:|1648353949
|switch|p1a: Clout lion|Landorus-Therian, M|60/100
|-ability|p1a: Clout lion|Intimidate|boost
|-unboost|p2a: Dracovish|atk|1
|turn|11
|
|t:|1648353953
|move|p2a: Dracovish|Outrage|p1a: Clout lion|[from]lockedmove
|-damage|p1a: Clout lion|7/100
|-start|p2a: Dracovish|confusion|[fatigue]
|move|p1a: Clout lion|Knock Off|p2a: Dracovish
|-damage|p2a: Dracovish|70/100
|-enditem|p2a: Dracovish|Choice Band|[from] move: Knock Off|[of] p1a: Clout lion
|
|-heal|p1a: Clout lion|13/100|[from] item: Leftovers
|upkeep
|turn|12
|
|t:|1648353965
|-activate|p2a: Dracovish|confusion
|move|p2a: Dracovish|Fishious Rend|p1a: Clout lion
|-supereffective|p1a: Clout lion
|-damage|p1a: Clout lion|0 fnt
|faint|p1a: Clout lion
|
|upkeep
|
|t:|1648353973
|switch|p1a: Banner|Buzzwole, shiny|100/100
|turn|13
|
|t:|1648353978
|switch|p2a: Clefable|Clefable, F|77/100
|move|p1a: Banner|Close Combat|p2a: Clefable
|-resisted|p2a: Clefable
|-crit|p2a: Clefable
|-damage|p2a: Clefable|36/100
|-unboost|p1a: Banner|def|1
|-unboost|p1a: Banner|spd|1
|
|-heal|p2a: Clefable|42/100|[from] item: Leftovers
|upkeep
|turn|14
|
|t:|1648353987
|move|p1a: Banner|Earthquake|p2a: Clefable
|-damage|p2a: Clefable|14/100
|move|p2a: Clefable|Soft-Boiled|p2a: Clefable
|-heal|p2a: Clefable|64/100
|
|-heal|p2a: Clefable|70/100|[from] item: Leftovers
|upkeep
|turn|15
|
|t:|1648353995
|switch|p1a: Caesar|Corviknight, M, shiny|24/100
|-ability|p1a: Caesar|Pressure
|move|p2a: Clefable|Soft-Boiled|p2a: Clefable
|-heal|p2a: Clefable|100/100
|
|-heal|p1a: Caesar|31/100|[from] item: Leftovers
|upkeep
|turn|16
|
|t:|1648354003
|switch|p2a: Dracovish|Dracovish|70/100
|move|p1a: Caesar|Roost|p1a: Caesar
|-heal|p1a: Caesar|81/100
|-singleturn|p1a: Caesar|move: Roost
|
|-heal|p1a: Caesar|87/100|[from] item: Leftovers
|upkeep
|turn|17
|
|t:|1648354013
|move|p2a: Dracovish|Fishious Rend|p1a: Caesar
|-damage|p1a: Caesar|9/100
|move|p1a: Caesar|U-turn|p2a: Dracovish
|-damage|p2a: Dracovish|54/100
|
|t:|1648354017
|switch|p1a: Anihilation|Dracovish|100/100|[from]move: U-turn
|
|upkeep
|turn|18
|
|t:|1648354021
|switch|p2a: Seismitoad|Seismitoad, F|100/100
|move|p1a: Anihilation|Earthquake|p2a: Seismitoad
|-damage|p2a: Seismitoad|69/100
|
|-heal|p2a: Seismitoad|75/100|[from] item: Leftovers
|upkeep
|turn|19
|
|t:|1648354028
|move|p1a: Anihilation|Earthquake|p2a: Seismitoad
|-damage|p2a: Seismitoad|41/100
|move|p2a: Seismitoad|Stealth Rock|p1a: Anihilation
|-sidestart|p1: RedDiamond1024|move: Stealth Rock
|
|-heal|p2a: Seismitoad|47/100|[from] item: Leftovers
|upkeep
|turn|20
|
|t:|1648354034
|switch|p1a: Gigawatt|Zeraora, shiny|52/100
|switch|p2a: Corviknight|Corviknight, M|78/100
|-ability|p2a: Corviknight|Pressure
|
|upkeep
|turn|21
|
|t:|1648354042
|switch|p2a: Clefable|Clefable, F|100/100
|move|p1a: Gigawatt|Plasma Fists|p2a: Clefable
|-damage|p2a: Clefable|64/100
|-fieldactivate|move: Ion Deluge
|-hint|Normal-type moves become Electric-type after using Plasma Fists.
|
|-heal|p2a: Clefable|70/100|[from] item: Leftovers
|upkeep
|turn|22
|
|t:|1648354050
|move|p1a: Gigawatt|Bulk Up|p1a: Gigawatt
|-boost|p1a: Gigawatt|atk|1
|-boost|p1a: Gigawatt|def|1
|move|p2a: Clefable|Moonblast|p1a: Gigawatt
|-damage|p1a: Gigawatt|8/100
|-unboost|p1a: Gigawatt|spa|1
|
|-heal|p2a: Clefable|76/100|[from] item: Leftovers
|upkeep
|turn|23
|
|t:|1648354058
|move|p1a: Gigawatt|Plasma Fists|p2a: Clefable
|-damage|p2a: Clefable|42/100
|-fieldactivate|move: Ion Deluge
|-hint|Normal-type moves become Electric-type after using Plasma Fists.
|move|p2a: Clefable|Moonblast|p1a: Gigawatt
|-damage|p1a: Gigawatt|0 fnt
|faint|p1a: Gigawatt
|
|-heal|p2a: Clefable|48/100|[from] item: Leftovers
|upkeep
|c|☆RedDiamond1024|gg
|c|☆ripreckful|gg
|j| Dezpa1r
|-message|RedDiamond1024 forfeited.
|
|win|ripreckful
|n|☆RedDiamond1024|reddiamond1024
|n|☆ripreckful|ripreckful
|n| pikablu007|pikablu007
|n| cubechicken|cubechicken
|n| x90191|x90191
|n| ChalkEater|chalkeater
|n| Seasons In The Sun|seasonsinthesun
|n| Epic Pokedestroyer|epicpokedestroyer
|n| Taenarius|taenarius
|n| Dezpa1r|dezpa1r
