|j|☆Colonel Rivai
|j|☆A3720
|t:|1650216998
|gametype|singles
|player|p1|Colonel Rivai|102|1645
|player|p2|A3720|265|1702
|teamsize|p1|6
|teamsize|p2|6
|gen|8
|tier|[Gen 8] OU
|rated|
|rule|Sleep Clause Mod: Limit one foe put to sleep
|rule|Species Clause: Limit one of each Pokémon
|rule|OHKO Clause: OHKO moves are banned
|rule|Evasion Moves Clause: Evasion moves are banned
|rule|Endless Battle Clause: Forcing endless battles is banned
|rule|HP Percentage Mod: HP is shown in percentages
|rule|Dynamax Clause: You cannot dynamax
|clearpoke
|poke|p1|Glastrier|
|poke|p1|Tapu Fini|
|poke|p1|Ferrothorn, M|
|poke|p1|Krookodile, F|
|poke|p1|Zapdos|
|poke|p1|Victini|
|poke|p2|Silvally-*|
|poke|p2|Rillaboom, F|
|poke|p2|Magnezone|
|poke|p2|Tyranitar, F|
|poke|p2|Dracozolt|
|poke|p2|Tentacruel, F|
|teampreview
|
|t:|1650217017
|start
|switch|p1a: Hellcat|Victini|100/100
|switch|p2a: Rillaboom|Rillaboom, F|100/100
|-fieldstart|move: Grassy Terrain|[from] ability: Grassy Surge|[of] p2a: Rillaboom
|turn|1
|inactive|Battle timer is ON: inactive players will automatically lose when time's up. (requested by Colonel Rivai)
|
|t:|1650217023
|switch|p2a: Tentacruel|Tentacruel, F|100/100
|move|p1a: Hellcat|U-turn|p2a: Tentacruel
|-resisted|p2a: Tentacruel
|-crit|p2a: Tentacruel
|-damage|p2a: Tentacruel|87/100
|
|t:|1650217029
|switch|p1a: Tesla|Zapdos|100/100|[from]move: U-turn
|
|-heal|p2a: Tentacruel|93/100|[from] Grassy Terrain
|-heal|p2a: Tentacruel|99/100|[from] item: Black Sludge
|upkeep
|turn|2
|
|t:|1650217038
|switch|p2a: Tyranitar|Tyranitar, F|100/100
|-weather|Sandstorm|[from] ability: Sand Stream|[of] p2a: Tyranitar
|move|p1a: Tesla|Volt Switch|p2a: Tyranitar
|-damage|p2a: Tyranitar|87/100
|
|t:|1650217046
|switch|p1a: Panamera|Glastrier|100/100|[from]move: Volt Switch
|
|-weather|Sandstorm|[upkeep]
|-damage|p1a: Panamera|94/100|[from] Sandstorm
|-heal|p2a: Tyranitar|93/100|[from] Grassy Terrain
|-heal|p1a: Panamera|100/100|[from] Grassy Terrain
|upkeep
|turn|3
|inactive|A3720 has 120 seconds left.
|
|t:|1650217079
|switch|p2a: Tentacruel|Tentacruel, F|99/100
|move|p1a: Panamera|Close Combat|p2a: Tentacruel
|-resisted|p2a: Tentacruel
|-crit|p2a: Tentacruel
|-damage|p2a: Tentacruel|48/100
|-unboost|p1a: Panamera|def|1
|-unboost|p1a: Panamera|spd|1
|
|-weather|Sandstorm|[upkeep]
|-damage|p2a: Tentacruel|42/100|[from] Sandstorm
|-damage|p1a: Panamera|94/100|[from] Sandstorm
|-heal|p2a: Tentacruel|48/100|[from] Grassy Terrain
|-heal|p2a: Tentacruel|54/100|[from] item: Black Sludge
|-heal|p1a: Panamera|100/100|[from] Grassy Terrain
|upkeep
|turn|4
|
|t:|1650217089
|switch|p1a: F-150|Ferrothorn, M|100/100
|move|p2a: Tentacruel|Knock Off|p1a: F-150
|-damage|p1a: F-150|91/100
|-damage|p2a: Tentacruel|42/100|[from] ability: Iron Barbs|[of] p1a: F-150
|-damage|p2a: Tentacruel|25/100|[from] item: Rocky Helmet|[of] p1a: F-150
|-enditem|p1a: F-150|Rocky Helmet|[from] move: Knock Off|[of] p2a: Tentacruel
|
|-weather|Sandstorm|[upkeep]
|-damage|p2a: Tentacruel|19/100|[from] Sandstorm
|-heal|p2a: Tentacruel|25/100|[from] Grassy Terrain
|-heal|p2a: Tentacruel|31/100|[from] item: Black Sludge
|-heal|p1a: F-150|98/100|[from] Grassy Terrain
|upkeep
|turn|5
|inactive|A3720 has 120 seconds left.
|
|t:|1650217114
|switch|p2a: Magnezone|Magnezone|100/100
|switch|p1a: Hellcat|Victini|100/100
|
|-weather|Sandstorm|[upkeep]
|-damage|p1a: Hellcat|94/100|[from] Sandstorm
|-heal|p1a: Hellcat|100/100|[from] Grassy Terrain
|-fieldend|move: Grassy Terrain
|upkeep
|turn|6
|
|t:|1650217118
|switch|p2a: Tentacruel|Tentacruel, F|31/100
|move|p1a: Hellcat|V-create|p2a: Tentacruel
|-resisted|p2a: Tentacruel
|-damage|p2a: Tentacruel|0 fnt
|-unboost|p1a: Hellcat|spe|1
|-unboost|p1a: Hellcat|def|1
|-unboost|p1a: Hellcat|spd|1
|faint|p2a: Tentacruel
|
|-weather|Sandstorm|[upkeep]
|-damage|p1a: Hellcat|94/100|[from] Sandstorm
|upkeep
|
|t:|1650217122
|switch|p2a: Silvally|Silvally-Rock|100/100
|turn|7
|
|t:|1650217132
|switch|p1a: Charger|Krookodile, F|100/100
|move|p2a: Silvally|Swords Dance|p2a: Silvally
|-boost|p2a: Silvally|atk|2
|
|-weather|Sandstorm|[upkeep]
|upkeep
|turn|8
|
|t:|1650217135
|move|p1a: Charger|Earthquake|p2a: Silvally
|-supereffective|p2a: Silvally
|-damage|p2a: Silvally|1/100
|move|p2a: Silvally|Ice Fang|p1a: Charger
|-supereffective|p1a: Charger
|-damage|p1a: Charger|14/100
|-status|p1a: Charger|frz
|
|-weather|Sandstorm|[upkeep]
|upkeep
|turn|9
|inactive|A3720 has 120 seconds left.
|
|t:|1650217169
|cant|p1a: Charger|frz
|move|p2a: Silvally|Flame Charge|p1a: Charger
|-damage|p1a: Charger|0 fnt
|-boost|p2a: Silvally|spe|1
|faint|p1a: Charger
|
|-weather|none
|upkeep
|
|t:|1650217181
|switch|p1a: Tesla|Zapdos|100/100
|turn|10
|
|t:|1650217184
|move|p2a: Silvally|Multi-Attack|p1a: Tesla
|-supereffective|p1a: Tesla
|-damage|p1a: Tesla|0 fnt
|faint|p1a: Tesla
|
|upkeep
|j| De5tr0yr
|
|t:|1650217189
|switch|p1a: Hellcat|Victini|94/100
|turn|11
|
|t:|1650217193
|switch|p1a: F-150|Ferrothorn, M|98/100
|move|p2a: Silvally|Multi-Attack|p1a: F-150
|-resisted|p1a: F-150
|-damage|p1a: F-150|70/100
|-damage|p2a: Silvally|0 fnt|[from] ability: Iron Barbs|[of] p1a: F-150
|faint|p2a: Silvally
|
|upkeep
|
|t:|1650217201
|switch|p2a: Magnezone|Magnezone|100/100
|turn|12
|l| De5tr0yr
|
|t:|1650217206
|move|p2a: Magnezone|Iron Defense|p2a: Magnezone
|-boost|p2a: Magnezone|def|2
|move|p1a: F-150|Body Press|p2a: Magnezone
|-supereffective|p2a: Magnezone
|-damage|p2a: Magnezone|71/100
|-damage|p1a: F-150|54/100|[from] item: Rocky Helmet|[of] p2a: Magnezone
|
|upkeep
|turn|13
|
|t:|1650217209
|move|p2a: Magnezone|Iron Defense|p2a: Magnezone
|-boost|p2a: Magnezone|def|2
|move|p1a: F-150|Body Press|p2a: Magnezone
|-supereffective|p2a: Magnezone
|-damage|p2a: Magnezone|51/100
|-damage|p1a: F-150|37/100|[from] item: Rocky Helmet|[of] p2a: Magnezone
|
|upkeep
|turn|14
|
|t:|1650217213
|move|p2a: Magnezone|Body Press|p1a: F-150
|-supereffective|p1a: F-150
|-damage|p1a: F-150|0 fnt
|-damage|p2a: Magnezone|38/100|[from] ability: Iron Barbs|[of] p1a: F-150
|faint|p1a: F-150
|
|upkeep
|
|t:|1650217215
|switch|p1a: Hellcat|Victini|94/100
|turn|15
|
|t:|1650217220
|switch|p2a: Tyranitar|Tyranitar, F|93/100
|-weather|Sandstorm|[from] ability: Sand Stream|[of] p2a: Tyranitar
|move|p1a: Hellcat|V-create|p2a: Tyranitar
|-resisted|p2a: Tyranitar
|-damage|p2a: Tyranitar|63/100
|-unboost|p1a: Hellcat|spe|1
|-unboost|p1a: Hellcat|def|1
|-unboost|p1a: Hellcat|spd|1
|
|-weather|Sandstorm|[upkeep]
|-damage|p1a: Hellcat|88/100|[from] Sandstorm
|upkeep
|turn|16
|
|t:|1650217232
|move|p1a: Hellcat|U-turn|p2a: Tyranitar
|-supereffective|p2a: Tyranitar
|-damage|p2a: Tyranitar|31/100
|
|t:|1650217235
|switch|p1a: Panamera|Glastrier|100/100|[from]move: U-turn
|move|p2a: Tyranitar|Stealth Rock|p1a: Panamera
|-sidestart|p1: Colonel Rivai|move: Stealth Rock
|
|-weather|Sandstorm|[upkeep]
|-damage|p1a: Panamera|94/100|[from] Sandstorm
|upkeep
|turn|17
|
|t:|1650217240
|switch|p2a: Magnezone|Magnezone|38/100
|move|p1a: Panamera|Icicle Crash|p2a: Magnezone
|-resisted|p2a: Magnezone
|-damage|p2a: Magnezone|4/100
|
|-weather|Sandstorm|[upkeep]
|-damage|p1a: Panamera|88/100|[from] Sandstorm
|upkeep
|turn|18
|
|t:|1650217249
|switch|p1a: Shelby|Tapu Fini|100/100
|-damage|p1a: Shelby|88/100|[from] Stealth Rock
|-fieldstart|move: Misty Terrain|[from] ability: Misty Surge|[of] p1a: Shelby
|move|p2a: Magnezone|Discharge|p1a: Shelby
|-supereffective|p1a: Shelby
|-damage|p1a: Shelby|31/100
|
|-weather|Sandstorm|[upkeep]
|-damage|p1a: Shelby|24/100|[from] Sandstorm
|-heal|p1a: Shelby|31/100|[from] item: Leftovers
|upkeep
|turn|19
|
|t:|1650217253
|move|p2a: Magnezone|Discharge|p1a: Shelby
|-supereffective|p1a: Shelby
|-crit|p1a: Shelby
|-damage|p1a: Shelby|0 fnt
|faint|p1a: Shelby
|
|-weather|Sandstorm|[upkeep]
|upkeep
|
|t:|1650217255
|switch|p1a: Hellcat|Victini|88/100
|turn|20
|
|t:|1650217259
|move|p1a: Hellcat|Bolt Strike|p2a: Magnezone
|-resisted|p2a: Magnezone
|-damage|p2a: Magnezone|0 fnt
|-damage|p1a: Hellcat|72/100|[from] item: Rocky Helmet|[of] p2a: Magnezone
|faint|p2a: Magnezone
|
|-weather|Sandstorm|[upkeep]
|-damage|p1a: Hellcat|66/100|[from] Sandstorm
|upkeep
|
|t:|1650217264
|switch|p2a: Dracozolt|Dracozolt|100/100
|turn|21
|
|t:|1650217267
|move|p2a: Dracozolt|Bolt Beak|p1a: Hellcat
|-damage|p1a: Hellcat|0 fnt
|faint|p1a: Hellcat
|-damage|p2a: Dracozolt|91/100|[from] item: Life Orb
|
|-weather|Sandstorm|[upkeep]
|upkeep
|j| thesky12321
|
|t:|1650217268
|switch|p1a: Panamera|Glastrier|88/100
|-damage|p1a: Panamera|63/100|[from] Stealth Rock
|turn|22
|
|t:|1650217271
|move|p2a: Dracozolt|Bolt Beak|p1a: Panamera
|-damage|p1a: Panamera|0 fnt
|faint|p1a: Panamera
|-damage|p2a: Dracozolt|81/100|[from] item: Life Orb
|
|win|A3720
|raw|Colonel Rivai's rating: 1645 &rarr; <strong>1627</strong><br />(-18 for losing)
|raw|A3720's rating: 1682 &rarr; <strong>1700</strong><br />(+18 for winning)
|l| thesky12321
|l|☆Colonel Rivai
