|j|☆BriefMarigold4
|j|☆cump2
|t:|1623438308
|gametype|singles
|player|p1|BriefMarigold4|2|1538
|player|p2|cump2|volkner|1559
|teamsize|p1|6
|teamsize|p2|6
|gen|8
|tier|[Gen 8] OU
|rated|
|rule|Sleep Clause Mod: Limit one foe put to sleep
|rule|Species Clause: Limit one of each Pokémon
|rule|OHKO Clause: OHKO moves are banned
|rule|Evasion Moves Clause: Evasion moves are banned
|rule|Endless Battle Clause: Forcing endless battles is banned
|rule|HP Percentage Mod: HP is shown in percentages
|rule|Dynamax Clause: You cannot dynamax
|clearpoke
|poke|p1|Snorlax, F|
|poke|p1|Landorus-Therian, M|
|poke|p1|Dragapult, M|
|poke|p1|Zapdos|
|poke|p1|Ferrothorn, F|
|poke|p1|Scizor, M|
|poke|p2|Mew|
|poke|p2|Bisharp, M|
|poke|p2|Dragapult, F|
|poke|p2|Cloyster, M|
|poke|p2|Volcarona, F|
|poke|p2|Landorus-Therian, M|
|teampreview
|
|t:|1623438323
|start
|switch|p1a: Dragapult|Dragapult, M|100/100
|switch|p2a: Mew|Mew, shiny|100/100
|turn|1
|
|t:|1623438327
|move|p1a: Dragapult|Will-O-Wisp|p2a: Mew
|-status|p2a: Mew|brn
|-activate|p2a: Mew|ability: Synchronize
|-status|p1a: Dragapult|brn
|move|p2a: Mew|Stealth Rock|p1a: Dragapult
|-sidestart|p1: BriefMarigold4|move: Stealth Rock
|
|-damage|p1a: Dragapult|95/100 brn|[from] brn
|-damage|p2a: Mew|94/100 brn|[from] brn
|upkeep
|turn|2
|
|t:|1623438333
|move|p1a: Dragapult|Hex|p2a: Mew
|-supereffective|p2a: Mew
|-crit|p2a: Mew
|-damage|p2a: Mew|0 fnt
|faint|p2a: Mew
|
|-damage|p1a: Dragapult|89/100 brn|[from] brn
|upkeep
|j| isa200bela(◣_◢)
|
|t:|1623438337
|switch|p2a: Bisharp|Bisharp, M, shiny|100/100
|turn|3
|c|☆BriefMarigold4|OK?
|
|t:|1623438345
|move|p1a: Dragapult|Will-O-Wisp|p2a: Bisharp
|-status|p2a: Bisharp|brn
|move|p2a: Bisharp|Knock Off|p1a: Dragapult
|-supereffective|p1a: Dragapult
|-damage|p1a: Dragapult|0 fnt
|-enditem|p1a: Dragapult|Heavy-Duty Boots|[from] move: Knock Off|[of] p2a: Bisharp
|faint|p1a: Dragapult
|
|-damage|p2a: Bisharp|95/100 brn|[from] brn
|upkeep
|
|t:|1623438362
|switch|p1a: Ferrothorn|Ferrothorn, F|100/100
|-damage|p1a: Ferrothorn|94/100|[from] Stealth Rock
|turn|4
|
|t:|1623438368
|switch|p2a: Volcarona|Volcarona, F|100/100
|move|p1a: Ferrothorn|Knock Off|p2a: Volcarona
|-damage|p2a: Volcarona|69/100
|-enditem|p2a: Volcarona|Heavy-Duty Boots|[from] move: Knock Off|[of] p1a: Ferrothorn
|
|-heal|p1a: Ferrothorn|100/100|[from] item: Leftovers
|upkeep
|turn|5
|
|t:|1623438375
|switch|p1a: Landorus|Landorus-Therian, M|100/100
|-damage|p1a: Landorus|88/100|[from] Stealth Rock
|-ability|p1a: Landorus|Intimidate|boost
|-unboost|p2a: Volcarona|atk|1
|move|p2a: Volcarona|Quiver Dance|p2a: Volcarona
|-boost|p2a: Volcarona|spa|1
|-boost|p2a: Volcarona|spd|1
|-boost|p2a: Volcarona|spe|1
|
|-heal|p1a: Landorus|94/100|[from] item: Leftovers
|upkeep
|turn|6
|
|t:|1623438382
|switch|p2a: Landorus|Landorus-Therian, M|100/100
|-ability|p2a: Landorus|Intimidate|boost
|-unboost|p1a: Landorus|atk|1
|move|p1a: Landorus|Toxic|p2a: Landorus
|-status|p2a: Landorus|tox
|
|-heal|p1a: Landorus|99/100|[from] item: Leftovers
|-damage|p2a: Landorus|95/100 tox|[from] psn
|upkeep
|turn|7
|
|t:|1623438386
|move|p2a: Landorus|Knock Off|p1a: Landorus
|-damage|p1a: Landorus|72/100
|-enditem|p1a: Landorus|Leftovers|[from] move: Knock Off|[of] p2a: Landorus
|move|p1a: Landorus|Stealth Rock|p2a: Landorus
|-sidestart|p2: cump2|move: Stealth Rock
|
|-damage|p2a: Landorus|83/100 tox|[from] psn
|upkeep
|turn|8
|
|t:|1623438395
|switch|p2a: Volcarona|Volcarona, F|69/100
|-damage|p2a: Volcarona|19/100|[from] Stealth Rock
|move|p1a: Landorus|U-turn|p2a: Volcarona
|-resisted|p2a: Volcarona
|-damage|p2a: Volcarona|7/100
|
|t:|1623438401
|switch|p1a: Zapdos|Zapdos|100/100|[from]move: U-turn
|
|upkeep
|turn|9
|
|t:|1623438405
|move|p2a: Volcarona|Flamethrower|p1a: Zapdos
|-crit|p1a: Zapdos
|-damage|p1a: Zapdos|25/100
|move|p1a: Zapdos|Hurricane|p2a: Volcarona
|-supereffective|p2a: Volcarona
|-damage|p2a: Volcarona|0 fnt
|faint|p2a: Volcarona
|
|upkeep
|
|t:|1623438419
|switch|p2a: Dragapult|Dragapult, F, shiny|100/100
|-damage|p2a: Dragapult|88/100|[from] Stealth Rock
|turn|10
|
|t:|1623438425
|move|p2a: Dragapult|Flamethrower|p1a: Zapdos
|-damage|p1a: Zapdos|0 fnt
|faint|p1a: Zapdos
|
|upkeep
|
|t:|1623438438
|switch|p1a: Landorus|Landorus-Therian, M|72/100
|-damage|p1a: Landorus|60/100|[from] Stealth Rock
|-ability|p1a: Landorus|Intimidate|boost
|-unboost|p2a: Dragapult|atk|1
|turn|11
|
|t:|1623438443
|switch|p2a: Landorus|Landorus-Therian, M|83/100 tox
|-damage|p2a: Landorus|70/100 tox|[from] Stealth Rock
|-ability|p2a: Landorus|Intimidate|boost
|-unboost|p1a: Landorus|atk|1
|move|p1a: Landorus|U-turn|p2a: Landorus
|-resisted|p2a: Landorus
|-damage|p2a: Landorus|61/100 tox
|
|t:|1623438445
|switch|p1a: Ferrothorn|Ferrothorn, F|100/100|[from]move: U-turn
|-damage|p1a: Ferrothorn|94/100|[from] Stealth Rock
|
|-heal|p1a: Ferrothorn|100/100|[from] item: Leftovers
|-damage|p2a: Landorus|55/100 tox|[from] psn
|upkeep
|turn|12
|
|t:|1623438450
|move|p2a: Landorus|U-turn|p1a: Ferrothorn
|-damage|p1a: Ferrothorn|81/100
|-damage|p2a: Landorus|43/100 tox|[from] ability: Iron Barbs|[of] p1a: Ferrothorn
|
|t:|1623438452
|switch|p2a: Dragapult|Dragapult, F, shiny|88/100|[from]move: U-turn
|-damage|p2a: Dragapult|76/100|[from] Stealth Rock
|move|p1a: Ferrothorn|Spikes|p2a: Dragapult
|-sidestart|p2: cump2|Spikes
|
|-heal|p1a: Ferrothorn|87/100|[from] item: Leftovers
|upkeep
|turn|13
|
|t:|1623438474
|move|p2a: Dragapult|U-turn|p1a: Ferrothorn
|-damage|p1a: Ferrothorn|73/100
|-damage|p2a: Dragapult|64/100|[from] ability: Iron Barbs|[of] p1a: Ferrothorn
|
|t:|1623438479
|switch|p2a: Cloyster|Cloyster, M, shiny|100/100|[from]move: U-turn
|-damage|p2a: Cloyster|76/100|[from] Stealth Rock
|-damage|p2a: Cloyster|63/100|[from] Spikes
|move|p1a: Ferrothorn|Knock Off|p2a: Cloyster
|-damage|p2a: Cloyster|45/100
|-enditem|p2a: Cloyster|King's Rock|[from] move: Knock Off|[of] p1a: Ferrothorn
|
|-heal|p1a: Ferrothorn|79/100|[from] item: Leftovers
|upkeep
|turn|14
|
|t:|1623438483
|move|p2a: Cloyster|Shell Smash|p2a: Cloyster
|-unboost|p2a: Cloyster|def|1
|-unboost|p2a: Cloyster|spd|1
|-boost|p2a: Cloyster|atk|2
|-boost|p2a: Cloyster|spa|2
|-boost|p2a: Cloyster|spe|2
|move|p1a: Ferrothorn|Power Whip|p2a: Cloyster
|-supereffective|p2a: Cloyster
|-damage|p2a: Cloyster|0 fnt
|faint|p2a: Cloyster
|
|-heal|p1a: Ferrothorn|86/100|[from] item: Leftovers
|upkeep
|-message|cump2 forfeited.
|
|win|BriefMarigold4
|raw|BriefMarigold4's rating: 1538 &rarr; <strong>1559</strong><br />(+21 for winning)
|raw|cump2's rating: 1559 &rarr; <strong>1538</strong><br />(-21 for losing)
|l|☆cump2
||Ladder isn't responding, score probably updated but might not have (Request timeout).
