|j|☆Ivyon
|j|☆oalym
|t:|1644605464
|gametype|singles
|player|p1|Ivyon|blue|1513
|player|p2|oalym|102|1500
|teamsize|p1|6
|teamsize|p2|6
|gen|8
|tier|[Gen 8] OU
|rated|
|rule|Sleep Clause Mod: Limit one foe put to sleep
|rule|Species Clause: Limit one of each Pokémon
|rule|OHKO Clause: OHKO moves are banned
|rule|Evasion Moves Clause: Evasion moves are banned
|rule|Endless Battle Clause: Forcing endless battles is banned
|rule|HP Percentage Mod: HP is shown in percentages
|rule|Dynamax Clause: You cannot dynamax
|clearpoke
|poke|p1|Dragonite, M|
|poke|p1|Cloyster, M|
|poke|p1|Blaziken, M|
|poke|p1|Kartana|
|poke|p1|Tornadus-Therian, M|
|poke|p1|Thundurus-Therian, M|
|poke|p2|Corviknight, M|
|poke|p2|Landorus-Therian, M|
|poke|p2|Tyranitar, F|
|poke|p2|Slowking-Galar, M|
|poke|p2|Urshifu-*, F|
|poke|p2|Garchomp, F|
|teampreview
|inactive|Battle timer is ON: inactive players will automatically lose when time's up. (requested by oalym)
|
|t:|1644605511
|start
|switch|p1a: Tornadus|Tornadus-Therian, M, shiny|100/100
|switch|p2a: Urshifu|Urshifu-Rapid-Strike, F|100/100
|turn|1
|
|t:|1644605517
|switch|p2a: Tyranitar|Tyranitar, F|100/100
|-weather|Sandstorm|[from] ability: Sand Stream|[of] p2a: Tyranitar
|move|p1a: Tornadus|Hurricane|p2a: Tyranitar
|-resisted|p2a: Tyranitar
|-damage|p2a: Tyranitar|91/100
|
|-weather|Sandstorm|[upkeep]
|-damage|p1a: Tornadus|94/100|[from] Sandstorm
|-heal|p2a: Tyranitar|97/100|[from] item: Leftovers
|upkeep
|turn|2
|
|t:|1644605541
|move|p1a: Tornadus|Focus Blast|p2a: Tyranitar|[miss]
|-miss|p1a: Tornadus|p2a: Tyranitar
|move|p2a: Tyranitar|Earthquake|p1a: Tornadus
|-immune|p1a: Tornadus
|
|-weather|Sandstorm|[upkeep]
|-damage|p1a: Tornadus|88/100|[from] Sandstorm
|-heal|p2a: Tyranitar|100/100|[from] item: Leftovers
|upkeep
|turn|3
|
|t:|1644605549
|switch|p2a: Slowking|Slowking-Galar, M|100/100
|move|p1a: Tornadus|Nasty Plot|p1a: Tornadus
|-boost|p1a: Tornadus|spa|2
|
|-weather|Sandstorm|[upkeep]
|-damage|p1a: Tornadus|82/100|[from] Sandstorm
|-damage|p2a: Slowking|94/100|[from] Sandstorm
|upkeep
|turn|4
|
|t:|1644605554
|move|p1a: Tornadus|Hurricane|p2a: Slowking|[miss]
|-miss|p1a: Tornadus|p2a: Slowking
|move|p2a: Slowking|Ice Beam|p1a: Tornadus
|-supereffective|p1a: Tornadus
|-crit|p1a: Tornadus
|-damage|p1a: Tornadus|0 fnt
|faint|p1a: Tornadus
|
|-weather|Sandstorm|[upkeep]
|-damage|p2a: Slowking|88/100|[from] Sandstorm
|upkeep
|
|t:|1644605579
|switch|p1a: Dragonite|Dragonite, M, shiny|100/100
|turn|5
|
|t:|1644605587
|move|p1a: Dragonite|Dragon Dance|p1a: Dragonite
|-boost|p1a: Dragonite|atk|1
|-boost|p1a: Dragonite|spe|1
|move|p2a: Slowking|Ice Beam|p1a: Dragonite
|-supereffective|p1a: Dragonite
|-damage|p1a: Dragonite|52/100
|
|-weather|none
|upkeep
|turn|6
|
|t:|1644605593
|switch|p2a: Landorus|Landorus-Therian, M|100/100
|-ability|p2a: Landorus|Intimidate|boost
|-unboost|p1a: Dragonite|atk|1
|move|p1a: Dragonite|Dragon Rush|p2a: Landorus
|-damage|p2a: Landorus|59/100
|
|-heal|p2a: Landorus|65/100|[from] item: Leftovers
|upkeep
|turn|7
|
|t:|1644605599
|move|p1a: Dragonite|Dragon Dance|p1a: Dragonite
|-boost|p1a: Dragonite|atk|1
|-boost|p1a: Dragonite|spe|1
|move|p2a: Landorus|Toxic|p1a: Dragonite
|-status|p1a: Dragonite|tox
|
|-heal|p2a: Landorus|71/100|[from] item: Leftovers
|-damage|p1a: Dragonite|46/100 tox|[from] psn
|upkeep
|turn|8
|
|t:|1644605604
|move|p1a: Dragonite|Dragon Rush|p2a: Landorus|[miss]
|-miss|p1a: Dragonite|p2a: Landorus
|move|p2a: Landorus|Knock Off|p1a: Dragonite
|-damage|p1a: Dragonite|11/100 tox
|-enditem|p1a: Dragonite|Heavy-Duty Boots|[from] move: Knock Off|[of] p2a: Landorus
|
|-heal|p2a: Landorus|77/100|[from] item: Leftovers
|-damage|p1a: Dragonite|0 fnt|[from] psn
|faint|p1a: Dragonite
|upkeep
|
|t:|1644605613
|switch|p1a: Cloyster|Cloyster, M|100/100
|turn|9
|
|t:|1644605627
|move|p1a: Cloyster|Shell Smash|p1a: Cloyster
|-unboost|p1a: Cloyster|def|1
|-unboost|p1a: Cloyster|spd|1
|-boost|p1a: Cloyster|atk|2
|-boost|p1a: Cloyster|spa|2
|-boost|p1a: Cloyster|spe|2
|move|p2a: Landorus|Toxic|p1a: Cloyster
|-status|p1a: Cloyster|tox
|
|-heal|p2a: Landorus|83/100|[from] item: Leftovers
|-damage|p1a: Cloyster|94/100 tox|[from] psn
|upkeep
|turn|10
|
|t:|1644605635
|switch|p2a: Urshifu|Urshifu-Rapid-Strike, F|100/100
|move|p1a: Cloyster|Icicle Spear|p2a: Urshifu
|-resisted|p2a: Urshifu
|-damage|p2a: Urshifu|88/100
|-resisted|p2a: Urshifu
|-damage|p2a: Urshifu|76/100
|-resisted|p2a: Urshifu
|-damage|p2a: Urshifu|65/100
|-resisted|p2a: Urshifu
|-crit|p2a: Urshifu
|-damage|p2a: Urshifu|48/100
|-resisted|p2a: Urshifu
|-damage|p2a: Urshifu|37/100
|-hitcount|p2a: Urshifu|5
|
|-damage|p1a: Cloyster|82/100 tox|[from] psn
|upkeep
|turn|11
|
|t:|1644605650
|switch|p2a: Landorus|Landorus-Therian, M|83/100
|-ability|p2a: Landorus|Intimidate|boost
|-unboost|p1a: Cloyster|atk|1
|move|p1a: Cloyster|Icicle Spear|p2a: Landorus
|-supereffective|p2a: Landorus
|-damage|p2a: Landorus|35/100
|-supereffective|p2a: Landorus
|-damage|p2a: Landorus|0 fnt
|faint|p2a: Landorus
|-hitcount|p2: Landorus|2
|
|-damage|p1a: Cloyster|63/100 tox|[from] psn
|upkeep
|
|t:|1644605655
|switch|p2a: Corviknight|Corviknight, M|100/100
|-ability|p2a: Corviknight|Pressure
|turn|12
|
|t:|1644605658
|move|p1a: Cloyster|Icicle Spear|p2a: Corviknight
|-damage|p2a: Corviknight|91/100
|-damage|p2a: Corviknight|81/100
|-damage|p2a: Corviknight|71/100
|-damage|p2a: Corviknight|61/100
|-damage|p2a: Corviknight|50/100
|-hitcount|p2a: Corviknight|5
|move|p2a: Corviknight|Body Press|p1a: Cloyster
|-supereffective|p1a: Cloyster
|-damage|p1a: Cloyster|0 fnt
|faint|p1a: Cloyster
|
|-heal|p2a: Corviknight|57/100|[from] item: Leftovers
|upkeep
|
|t:|1644605663
|switch|p1a: Thundurus|Thundurus-Therian, M, shiny|100/100
|turn|13
|
|t:|1644605670
|switch|p2a: Tyranitar|Tyranitar, F|100/100
|-weather|Sandstorm|[from] ability: Sand Stream|[of] p2a: Tyranitar
|move|p1a: Thundurus|Nasty Plot|p1a: Thundurus
|-boost|p1a: Thundurus|spa|2
|
|-weather|Sandstorm|[upkeep]
|-damage|p1a: Thundurus|94/100|[from] Sandstorm
|upkeep
|turn|14
|
|t:|1644605674
|move|p1a: Thundurus|Focus Blast|p2a: Tyranitar
|-supereffective|p2a: Tyranitar
|-damage|p2a: Tyranitar|0 fnt
|faint|p2a: Tyranitar
|
|-weather|Sandstorm|[upkeep]
|-damage|p1a: Thundurus|88/100|[from] Sandstorm
|upkeep
|
|t:|1644605677
|switch|p2a: Garchomp|Garchomp, F|100/100
|turn|15
|
|t:|1644605683
|move|p2a: Garchomp|Scale Shot|p1a: Thundurus
|-damage|p1a: Thundurus|69/100
|-crit|p1a: Thundurus
|-damage|p1a: Thundurus|39/100
|-damage|p1a: Thundurus|17/100
|-hitcount|p1a: Thundurus|3
|-unboost|p2a: Garchomp|def|1
|-boost|p2a: Garchomp|spe|1
|move|p1a: Thundurus|Focus Blast|p2a: Garchomp
|-damage|p2a: Garchomp|9/100
|
|-weather|Sandstorm|[upkeep]
|-damage|p1a: Thundurus|11/100|[from] Sandstorm
|-heal|p2a: Garchomp|15/100|[from] item: Leftovers
|upkeep
|turn|16
|
|t:|1644605695
|move|p2a: Garchomp|Scale Shot|p1a: Thundurus|[miss]
|-miss|p2a: Garchomp|p1a: Thundurus
|move|p1a: Thundurus|Sludge Bomb|p2a: Garchomp
|-resisted|p2a: Garchomp
|-crit|p2a: Garchomp
|-damage|p2a: Garchomp|0 fnt
|faint|p2a: Garchomp
|
|-weather|Sandstorm|[upkeep]
|-damage|p1a: Thundurus|5/100|[from] Sandstorm
|upkeep
|
|t:|1644605700
|switch|p2a: Urshifu|Urshifu-Rapid-Strike, F|37/100
|turn|17
|
|t:|1644605702
|move|p2a: Urshifu|Aqua Jet|p1a: Thundurus
|-damage|p1a: Thundurus|0 fnt
|faint|p1a: Thundurus
|
|-weather|none
|upkeep
|
|t:|1644605707
|switch|p1a: Kartana|Kartana|100/100
|turn|18
|
|t:|1644605717
|switch|p2a: Corviknight|Corviknight, M|57/100
|-ability|p2a: Corviknight|Pressure
|move|p1a: Kartana|Leaf Blade|p2a: Corviknight
|-resisted|p2a: Corviknight
|-crit|p2a: Corviknight
|-damage|p2a: Corviknight|43/100
|
|-heal|p2a: Corviknight|49/100|[from] item: Leftovers
|upkeep
|turn|19
|
|t:|1644605723
|move|p1a: Kartana|Swords Dance|p1a: Kartana
|-boost|p1a: Kartana|atk|2
|move|p2a: Corviknight|Roost|p2a: Corviknight
|-heal|p2a: Corviknight|99/100
|-singleturn|p2a: Corviknight|move: Roost
|
|-heal|p2a: Corviknight|100/100|[from] item: Leftovers
|upkeep
|turn|20
|
|t:|1644605728
|move|p1a: Kartana|Swords Dance|p1a: Kartana
|-boost|p1a: Kartana|atk|2
|move|p2a: Corviknight|Body Press|p1a: Kartana
|-supereffective|p1a: Kartana
|-damage|p1a: Kartana|44/100
|
|upkeep
|turn|21
|
|t:|1644605733
|move|p1a: Kartana|Sacred Sword|p2a: Corviknight
|-damage|p2a: Corviknight|35/100
|move|p2a: Corviknight|Body Press|p1a: Kartana
|-supereffective|p1a: Kartana
|-damage|p1a: Kartana|0 fnt
|faint|p1a: Kartana
|
|-heal|p2a: Corviknight|41/100|[from] item: Leftovers
|upkeep
|
|t:|1644605738
|switch|p1a: Blaziken|Blaziken, M, shiny|100/100
|turn|22
|
|t:|1644605746
|switch|p2a: Slowking|Slowking-Galar, M|100/100
|move|p1a: Blaziken|Blaze Kick|p2a: Slowking
|-damage|p2a: Slowking|55/100
|
|-ability|p1a: Blaziken|Speed Boost|boost
|-boost|p1a: Blaziken|spe|1
|upkeep
|turn|23
|
|t:|1644605751
|move|p1a: Blaziken|Knock Off|p2a: Slowking
|-supereffective|p2a: Slowking
|-damage|p2a: Slowking|0 fnt
|-enditem|p2a: Slowking|Assault Vest|[from] move: Knock Off|[of] p1a: Blaziken
|faint|p2a: Slowking
|
|-ability|p1a: Blaziken|Speed Boost|boost
|-boost|p1a: Blaziken|spe|1
|upkeep
|
|t:|1644605759
|switch|p2a: Urshifu|Urshifu-Rapid-Strike, F|37/100
|turn|24
|
|t:|1644605767
|move|p2a: Urshifu|Aqua Jet|p1a: Blaziken
|-supereffective|p1a: Blaziken
|-damage|p1a: Blaziken|8/100
|move|p1a: Blaziken|Close Combat|p2a: Urshifu
|-damage|p2a: Urshifu|0 fnt
|-unboost|p1a: Blaziken|def|1
|-unboost|p1a: Blaziken|spd|1
|faint|p2a: Urshifu
|
|-ability|p1a: Blaziken|Speed Boost|boost
|-boost|p1a: Blaziken|spe|1
|upkeep
|
|t:|1644605772
|switch|p2a: Corviknight|Corviknight, M|41/100
|-ability|p2a: Corviknight|Pressure
|turn|25
|
|t:|1644605775
|move|p1a: Blaziken|Blaze Kick|p2a: Corviknight
|-supereffective|p2a: Corviknight
|-damage|p2a: Corviknight|0 fnt
|faint|p2a: Corviknight
|
|win|Ivyon
|raw|Ivyon's rating: 1513 &rarr; <strong>1532</strong><br />(+19 for winning)
|raw|oalym's rating: 1500 &rarr; <strong>1481</strong><br />(-19 for losing)
|c|☆Ivyon|gg
|l|☆oalym
