|j|☆LECH24
|j|☆YeediaEL
|t:|1654733440
|gametype|singles
|player|p1|LECH24|1|1612
|player|p2|YeediaEL|blue|1567
|teamsize|p1|6
|teamsize|p2|6
|gen|8
|tier|[Gen 8] OU
|rated|
|rule|Sleep Clause Mod: Limit one foe put to sleep
|rule|Species Clause: Limit one of each Pokémon
|rule|OHKO Clause: OHKO moves are banned
|rule|Evasion Moves Clause: Evasion moves are banned
|rule|Endless Battle Clause: Forcing endless battles is banned
|rule|HP Percentage Mod: HP is shown in percentages
|rule|Dynamax Clause: You cannot dynamax
|clearpoke
|poke|p1|Blacephalon|
|poke|p1|Urshifu-*, F|
|poke|p1|Tornadus-Therian, M|
|poke|p1|Heatran, F|
|poke|p1|Landorus-Therian, M|
|poke|p1|Clefable, F|
|poke|p2|Chansey, F|
|poke|p2|Corviknight, M|
|poke|p2|Pelipper, M|
|poke|p2|Dragapult, M|
|poke|p2|Rillaboom, M|
|poke|p2|Urshifu-*, M|
|teampreview
|inactive|Battle timer is ON: inactive players will automatically lose when time's up. (requested by YeediaEL)
|
|t:|1654733464
|start
|switch|p1a: Tornadus|Tornadus-Therian, M|100/100
|switch|p2a: Dragapult|Dragapult, M|100/100
|turn|1
|
|t:|1654733472
|move|p2a: Dragapult|Draco Meteor|p1a: Tornadus
|-damage|p1a: Tornadus|9/100
|-unboost|p2a: Dragapult|spa|2
|move|p1a: Tornadus|Knock Off|p2a: Dragapult
|-supereffective|p2a: Dragapult
|-damage|p2a: Dragapult|43/100
|-enditem|p2a: Dragapult|Choice Specs|[from] move: Knock Off|[of] p1a: Tornadus
|
|upkeep
|turn|2
|
|t:|1654733485
|switch|p1a: Clefable|Clefable, F|100/100
|move|p2a: Dragapult|U-turn|p1a: Clefable
|-resisted|p1a: Clefable
|-damage|p1a: Clefable|93/100
|
|t:|1654733500
|switch|p2a: Pelipper|Pelipper, M|100/100|[from]move: U-turn
|-weather|RainDance|[from] ability: Drizzle|[of] p2a: Pelipper
|
|-weather|RainDance|[upkeep]
|-heal|p1a: Clefable|99/100|[from] item: Leftovers
|upkeep
|turn|3
|
|t:|1654733516
|switch|p1a: Urshifu|Urshifu-Rapid-Strike, F|100/100
|move|p2a: Pelipper|U-turn|p1a: Urshifu
|-resisted|p1a: Urshifu
|-damage|p1a: Urshifu|96/100
|j| ThisIsntHilarious
|
|t:|1654733523
|switch|p2a: Rillaboom|Rillaboom, M|100/100|[from]move: U-turn
|-fieldstart|move: Grassy Terrain|[from] ability: Grassy Surge|[of] p2a: Rillaboom
|
|-weather|RainDance|[upkeep]
|-heal|p1a: Urshifu|100/100|[from] Grassy Terrain
|upkeep
|turn|4
|l| ThisIsntHilarious
|
|t:|1654733532
|move|p1a: Urshifu|Close Combat|p2a: Rillaboom
|-damage|p2a: Rillaboom|35/100
|-unboost|p1a: Urshifu|def|1
|-unboost|p1a: Urshifu|spd|1
|move|p2a: Rillaboom|U-turn|p1a: Urshifu
|-resisted|p1a: Urshifu
|-damage|p1a: Urshifu|70/100
|
|t:|1654733544
|switch|p2a: Dragapult|Dragapult, M|43/100|[from]move: U-turn
|
|-weather|RainDance|[upkeep]
|-heal|p2a: Dragapult|49/100|[from] Grassy Terrain
|-heal|p1a: Urshifu|76/100|[from] Grassy Terrain
|upkeep
|turn|5
|
|t:|1654733552
|switch|p1a: Clefable|Clefable, F|99/100
|move|p2a: Dragapult|U-turn|p1a: Clefable
|-resisted|p1a: Clefable
|-damage|p1a: Clefable|91/100
|
|t:|1654733557
|switch|p2a: Urshifu|Urshifu-Rapid-Strike, M|100/100|[from]move: U-turn
|
|-weather|RainDance|[upkeep]
|-heal|p1a: Clefable|97/100|[from] Grassy Terrain
|-heal|p1a: Clefable|100/100|[from] item: Leftovers
|upkeep
|turn|6
|inactive|LECH24 has 120 seconds left.
|inactive|LECH24 has 90 seconds left.
|
|t:|1654733631
|switch|p1a: Urshifu|Urshifu-Rapid-Strike, F|76/100
|move|p2a: Urshifu|Surging Strikes|p1a: Urshifu
|-resisted|p1a: Urshifu
|-crit|p1a: Urshifu
|-damage|p1a: Urshifu|54/100
|-resisted|p1a: Urshifu
|-crit|p1a: Urshifu
|-damage|p1a: Urshifu|30/100
|-resisted|p1a: Urshifu
|-crit|p1a: Urshifu
|-damage|p1a: Urshifu|6/100
|-hitcount|p1a: Urshifu|3
|
|-weather|RainDance|[upkeep]
|-heal|p1a: Urshifu|13/100|[from] Grassy Terrain
|upkeep
|turn|7
|
|t:|1654733647
|switch|p2a: Pelipper|Pelipper, M|100/100
|move|p1a: Urshifu|Close Combat|p2a: Pelipper
|-resisted|p2a: Pelipper
|-damage|p2a: Pelipper|78/100
|-unboost|p1a: Urshifu|def|1
|-unboost|p1a: Urshifu|spd|1
|
|-weather|RainDance|[upkeep]
|-heal|p1a: Urshifu|19/100|[from] Grassy Terrain
|-fieldend|move: Grassy Terrain
|upkeep
|turn|8
|inactive|LECH24 has 90 seconds left.
|
|t:|1654733659
|switch|p1a: Tornadus|Tornadus-Therian, M|42/100
|move|p2a: Pelipper|U-turn|p1a: Tornadus
|-resisted|p1a: Tornadus
|-damage|p1a: Tornadus|38/100
|
|t:|1654733665
|switch|p2a: Dragapult|Dragapult, M|49/100|[from]move: U-turn
|
|-weather|RainDance|[upkeep]
|upkeep
|turn|9
|
|t:|1654733671
|switch|p1a: Clefable|Clefable, F|100/100
|move|p2a: Dragapult|Thunder|p1a: Clefable
|-damage|p1a: Clefable|69/100
|
|-weather|none
|-heal|p1a: Clefable|75/100|[from] item: Leftovers
|upkeep
|turn|10
|
|t:|1654733685
|move|p2a: Dragapult|U-turn|p1a: Clefable
|-resisted|p1a: Clefable
|-damage|p1a: Clefable|67/100
|
|t:|1654733692
|switch|p2a: Corviknight|Corviknight, M|100/100|[from]move: U-turn
|-ability|p2a: Corviknight|Pressure
|move|p1a: Clefable|Knock Off|p2a: Corviknight
|-damage|p2a: Corviknight|90/100
|-enditem|p2a: Corviknight|Rocky Helmet|[from] move: Knock Off|[of] p1a: Clefable
|
|-heal|p1a: Clefable|73/100|[from] item: Leftovers
|upkeep
|turn|11
|
|t:|1654733703
|move|p2a: Corviknight|U-turn|p1a: Clefable
|-resisted|p1a: Clefable
|-crit|p1a: Clefable
|-damage|p1a: Clefable|65/100
|
|t:|1654733709
|switch|p2a: Pelipper|Pelipper, M|78/100|[from]move: U-turn
|-weather|RainDance|[from] ability: Drizzle|[of] p2a: Pelipper
|move|p1a: Clefable|Soft-Boiled|p1a: Clefable
|-heal|p1a: Clefable|100/100
|
|-weather|RainDance|[upkeep]
|upkeep
|turn|12
|
|t:|1654733719
|switch|p1a: Urshifu|Urshifu-Rapid-Strike, F|19/100
|move|p2a: Pelipper|U-turn|p1a: Urshifu
|-resisted|p1a: Urshifu
|-damage|p1a: Urshifu|15/100
|
|t:|1654733741
|switch|p2a: Urshifu|Urshifu-Rapid-Strike, M|100/100|[from]move: U-turn
|
|-weather|RainDance|[upkeep]
|upkeep
|turn|13
|
|t:|1654733747
|move|p2a: Urshifu|Aqua Jet|p1a: Urshifu
|-resisted|p1a: Urshifu
|-damage|p1a: Urshifu|0 fnt
|faint|p1a: Urshifu
|
|-weather|RainDance|[upkeep]
|upkeep
|
|t:|1654733752
|switch|p1a: Tornadus|Tornadus-Therian, M|71/100
|turn|14
|
|t:|1654733760
|switch|p2a: Chansey|Chansey, F|100/100
|move|p1a: Tornadus|U-turn|p2a: Chansey
|-crit|p2a: Chansey
|-damage|p2a: Chansey|85/100
|
|t:|1654733764
|switch|p1a: Landorus|Landorus-Therian, M|100/100|[from]move: U-turn
|-ability|p1a: Landorus|Intimidate|boost
|-unboost|p2a: Chansey|atk|1
|
|-weather|RainDance|[upkeep]
|upkeep
|turn|15
|
|t:|1654733772
|switch|p2a: Corviknight|Corviknight, M|90/100
|-ability|p2a: Corviknight|Pressure
|move|p1a: Landorus|Stealth Rock|p2a: Corviknight
|-sidestart|p2: YeediaEL|move: Stealth Rock
|
|-weather|RainDance|[upkeep]
|upkeep
|turn|16
|
|t:|1654733780
|move|p1a: Landorus|U-turn|p2a: Corviknight
|-resisted|p2a: Corviknight
|-damage|p2a: Corviknight|87/100
|
|t:|1654733786
|switch|p1a: Heatran|Heatran, F|100/100|[from]move: U-turn
|move|p2a: Corviknight|Defog|p1a: Heatran
|-unboost|p1a: Heatran|evasion|1
|-sideend|p2: YeediaEL|Stealth Rock|[from] move: Defog|[of] p2a: Corviknight
|
|-weather|RainDance|[upkeep]
|upkeep
|turn|17
|
|t:|1654733796
|switch|p1a: Tornadus|Tornadus-Therian, M|100/100
|move|p2a: Corviknight|U-turn|p1a: Tornadus
|-resisted|p1a: Tornadus
|-damage|p1a: Tornadus|94/100
|
|t:|1654733813
|switch|p2a: Dragapult|Dragapult, M|49/100|[from]move: U-turn
|
|-weather|RainDance|[upkeep]
|upkeep
|turn|18
|
|t:|1654733828
|switch|p1a: Landorus|Landorus-Therian, M|100/100
|-ability|p1a: Landorus|Intimidate|boost
|-unboost|p2a: Dragapult|atk|1
|move|p2a: Dragapult|U-turn|p1a: Landorus
|-resisted|p1a: Landorus
|-damage|p1a: Landorus|95/100
|
|t:|1654733841
|switch|p2a: Urshifu|Urshifu-Rapid-Strike, M|100/100|[from]move: U-turn
|
|-weather|none
|-heal|p1a: Landorus|100/100|[from] item: Leftovers
|upkeep
|turn|19
|
|t:|1654733848
|switch|p1a: Tornadus|Tornadus-Therian, M|100/100
|move|p2a: Urshifu|Surging Strikes|p1a: Tornadus
|-crit|p1a: Tornadus
|-damage|p1a: Tornadus|74/100
|-crit|p1a: Tornadus
|-damage|p1a: Tornadus|46/100
|-crit|p1a: Tornadus
|-damage|p1a: Tornadus|20/100
|-hitcount|p1a: Tornadus|3
|
|upkeep
|turn|20
|
|t:|1654733862
|switch|p2a: Chansey|Chansey, F|85/100
|move|p1a: Tornadus|Hurricane|p2a: Chansey
|-crit|p2a: Chansey
|-damage|p2a: Chansey|67/100
|
|upkeep
|turn|21
|
|t:|1654733870
|move|p1a: Tornadus|U-turn|p2a: Chansey
|-damage|p2a: Chansey|57/100
|
|t:|1654733872
|switch|p1a: Blacephalon|Blacephalon|100/100|[from]move: U-turn
|move|p2a: Chansey|Teleport|p2a: Chansey
|
|t:|1654733886
|switch|p2a: Pelipper|Pelipper, M|78/100|[from]move: Teleport
|-weather|RainDance|[from] ability: Drizzle|[of] p2a: Pelipper
|
|-weather|RainDance|[upkeep]
|upkeep
|turn|22
|
|t:|1654733895
|switch|p2a: Chansey|Chansey, F|57/100
|move|p1a: Blacephalon|Shadow Ball|p2a: Chansey
|-immune|p2a: Chansey
|
|-weather|RainDance|[upkeep]
|upkeep
|turn|23
|
|t:|1654733903
|switch|p1a: Tornadus|Tornadus-Therian, M|53/100
|move|p2a: Chansey|Soft-Boiled|p2a: Chansey
|-heal|p2a: Chansey|100/100
|
|-weather|RainDance|[upkeep]
|upkeep
|turn|24
|
|t:|1654733911
|move|p1a: Tornadus|U-turn|p2a: Chansey
|-damage|p2a: Chansey|91/100
|
|t:|1654733914
|switch|p1a: Blacephalon|Blacephalon|100/100|[from]move: U-turn
|move|p2a: Chansey|Toxic|p1a: Blacephalon
|-status|p1a: Blacephalon|tox
|
|-weather|RainDance|[upkeep]
|-damage|p1a: Blacephalon|94/100 tox|[from] psn
|upkeep
|turn|25
|
|t:|1654733924
|switch|p1a: Tornadus|Tornadus-Therian, M|86/100
|move|p2a: Chansey|Teleport|p2a: Chansey
|
|t:|1654733931
|switch|p2a: Dragapult|Dragapult, M|49/100|[from]move: Teleport
|
|-weather|RainDance|[upkeep]
|upkeep
|turn|26
|
|t:|1654733939
|move|p2a: Dragapult|Shadow Ball|p1a: Tornadus
|-damage|p1a: Tornadus|51/100
|move|p1a: Tornadus|Knock Off|p2a: Dragapult
|-supereffective|p2a: Dragapult
|-damage|p2a: Dragapult|10/100
|
|-weather|RainDance|[upkeep]
|upkeep
|turn|27
|
|t:|1654733948
|switch|p1a: Clefable|Clefable, F|100/100
|move|p2a: Dragapult|Shadow Ball|p1a: Clefable
|-damage|p1a: Clefable|69/100
|
|-weather|RainDance|[upkeep]
|-heal|p1a: Clefable|75/100|[from] item: Leftovers
|upkeep
|turn|28
|
|t:|1654733959
|move|p2a: Dragapult|U-turn|p1a: Clefable
|-resisted|p1a: Clefable
|-damage|p1a: Clefable|69/100
|
|t:|1654733966
|switch|p2a: Corviknight|Corviknight, M|87/100|[from]move: U-turn
|-ability|p2a: Corviknight|Pressure
|move|p1a: Clefable|Calm Mind|p1a: Clefable
|-boost|p1a: Clefable|spa|1
|-boost|p1a: Clefable|spd|1
|
|-weather|none
|-heal|p1a: Clefable|75/100|[from] item: Leftovers
|upkeep
|turn|29
|
|t:|1654733979
|move|p2a: Corviknight|U-turn|p1a: Clefable
|-resisted|p1a: Clefable
|-damage|p1a: Clefable|69/100
|
|t:|1654733988
|switch|p2a: Pelipper|Pelipper, M|78/100|[from]move: U-turn
|-weather|RainDance|[from] ability: Drizzle|[of] p2a: Pelipper
|move|p1a: Clefable|Knock Off|p2a: Pelipper
|-damage|p2a: Pelipper|66/100
|-enditem|p2a: Pelipper|Damp Rock|[from] move: Knock Off|[of] p1a: Clefable
|
|-weather|RainDance|[upkeep]
|-heal|p1a: Clefable|75/100|[from] item: Leftovers
|upkeep
|turn|30
|
|t:|1654734000
|move|p2a: Pelipper|U-turn|p1a: Clefable
|-resisted|p1a: Clefable
|-damage|p1a: Clefable|72/100
|
|t:|1654734004
|switch|p2a: Chansey|Chansey, F|91/100|[from]move: U-turn
|move|p1a: Clefable|Moonblast|p2a: Chansey
|-damage|p2a: Chansey|77/100
|
|-weather|RainDance|[upkeep]
|-heal|p1a: Clefable|78/100|[from] item: Leftovers
|upkeep
|turn|31
|
|t:|1654734020
|switch|p1a: Tornadus|Tornadus-Therian, M|84/100
|move|p2a: Chansey|Teleport|p2a: Chansey
|
|t:|1654734040
|switch|p2a: Dragapult|Dragapult, M|10/100|[from]move: Teleport
|
|-weather|RainDance|[upkeep]
|upkeep
|turn|32
|
|t:|1654734046
|move|p2a: Dragapult|U-turn|p1a: Tornadus
|-resisted|p1a: Tornadus
|-damage|p1a: Tornadus|77/100
|
|t:|1654734052
|switch|p2a: Chansey|Chansey, F|77/100|[from]move: U-turn
|move|p1a: Tornadus|Knock Off|p2a: Chansey
|-damage|p2a: Chansey|64/100
|-enditem|p2a: Chansey|Eviolite|[from] move: Knock Off|[of] p1a: Tornadus
|
|-weather|RainDance|[upkeep]
|upkeep
|turn|33
|
|t:|1654734063
|move|p1a: Tornadus|Hurricane|p2a: Chansey
|-damage|p2a: Chansey|46/100
|-start|p2a: Chansey|confusion
|-activate|p2a: Chansey|confusion
|-damage|p2a: Chansey|46/100|[from] confusion
|
|-weather|RainDance|[upkeep]
|upkeep
|turn|34
|
|t:|1654734071
|move|p1a: Tornadus|U-turn|p2a: Chansey
|-damage|p2a: Chansey|32/100
|
|t:|1654734079
|switch|p1a: Blacephalon|Blacephalon|94/100 tox|[from]move: U-turn
|-end|p2a: Chansey|confusion
|move|p2a: Chansey|Soft-Boiled|p2a: Chansey
|-heal|p2a: Chansey|82/100
|
|-weather|RainDance|[upkeep]
|-damage|p1a: Blacephalon|88/100 tox|[from] psn
|upkeep
|turn|35
|
|t:|1654734091
|switch|p1a: Tornadus|Tornadus-Therian, M|100/100
|move|p2a: Chansey|Teleport|p2a: Chansey
|
|t:|1654734096
|switch|p2a: Dragapult|Dragapult, M|10/100|[from]move: Teleport
|
|-weather|RainDance|[upkeep]
|upkeep
|turn|36
|
|t:|1654734102
|move|p2a: Dragapult|Thunder|p1a: Tornadus
|-supereffective|p1a: Tornadus
|-damage|p1a: Tornadus|36/100
|move|p1a: Tornadus|Hurricane|p2a: Dragapult
|-damage|p2a: Dragapult|0 fnt
|faint|p2a: Dragapult
|
|-weather|none
|upkeep
|
|t:|1654734118
|switch|p2a: Corviknight|Corviknight, M|87/100
|-ability|p2a: Corviknight|Pressure
|turn|37
|
|t:|1654734124
|move|p1a: Tornadus|U-turn|p2a: Corviknight
|-resisted|p2a: Corviknight
|-damage|p2a: Corviknight|85/100
|
|t:|1654734126
|switch|p1a: Clefable|Clefable, F|78/100|[from]move: U-turn
|move|p2a: Corviknight|U-turn|p1a: Clefable
|-resisted|p1a: Clefable
|-damage|p1a: Clefable|73/100
|
|t:|1654734136
|switch|p2a: Rillaboom|Rillaboom, M|35/100|[from]move: U-turn
|-fieldstart|move: Grassy Terrain|[from] ability: Grassy Surge|[of] p2a: Rillaboom
|
|-heal|p2a: Rillaboom|42/100|[from] Grassy Terrain
|-heal|p1a: Clefable|79/100|[from] Grassy Terrain
|-heal|p1a: Clefable|85/100|[from] item: Leftovers
|upkeep
|turn|38
|
|t:|1654734151
|switch|p1a: Heatran|Heatran, F|100/100
|move|p2a: Rillaboom|U-turn|p1a: Heatran
|-resisted|p1a: Heatran
|-damage|p1a: Heatran|92/100
|
|t:|1654734157
|switch|p2a: Urshifu|Urshifu-Rapid-Strike, M|100/100|[from]move: U-turn
|
|-heal|p1a: Heatran|98/100|[from] Grassy Terrain
|-heal|p1a: Heatran|100/100|[from] item: Leftovers
|upkeep
|turn|39
|
|t:|1654734178
|switch|p1a: Landorus|Landorus-Therian, M|100/100
|-ability|p1a: Landorus|Intimidate|boost
|-unboost|p2a: Urshifu|atk|1
|move|p2a: Urshifu|Surging Strikes|p1a: Landorus
|-supereffective|p1a: Landorus
|-crit|p1a: Landorus
|-damage|p1a: Landorus|40/100
|-supereffective|p1a: Landorus
|-crit|p1a: Landorus
|-damage|p1a: Landorus|0 fnt
|faint|p1a: Landorus
|-hitcount|p1: Landorus|2
|
|upkeep
|
|t:|1654734186
|switch|p1a: Clefable|Clefable, F|85/100
|turn|40
|
|t:|1654734208
|switch|p2a: Pelipper|Pelipper, M|66/100
|-weather|RainDance|[from] ability: Drizzle|[of] p2a: Pelipper
|move|p1a: Clefable|Moonblast|p2a: Pelipper
|-damage|p2a: Pelipper|21/100
|
|-weather|RainDance|[upkeep]
|-heal|p1a: Clefable|91/100|[from] Grassy Terrain
|-heal|p1a: Clefable|97/100|[from] item: Leftovers
|upkeep
|turn|41
|
|t:|1654734220
|move|p2a: Pelipper|Roost|p2a: Pelipper
|-heal|p2a: Pelipper|71/100
|-singleturn|p2a: Pelipper|move: Roost
|move|p1a: Clefable|Moonblast|p2a: Pelipper
|-damage|p2a: Pelipper|27/100
|-unboost|p2a: Pelipper|spa|1
|
|-weather|RainDance|[upkeep]
|-heal|p2a: Pelipper|33/100|[from] Grassy Terrain
|-heal|p1a: Clefable|100/100|[from] Grassy Terrain
|-fieldend|move: Grassy Terrain
|upkeep
|turn|42
|
|t:|1654734234
|move|p2a: Pelipper|Roost|p2a: Pelipper
|-heal|p2a: Pelipper|83/100
|-singleturn|p2a: Pelipper|move: Roost
|move|p1a: Clefable|Moonblast|p2a: Pelipper
|-damage|p2a: Pelipper|40/100
|-unboost|p2a: Pelipper|spa|1
|
|-weather|RainDance|[upkeep]
|upkeep
|turn|43
|
|t:|1654734244
|move|p2a: Pelipper|Roost|p2a: Pelipper
|-heal|p2a: Pelipper|91/100
|-singleturn|p2a: Pelipper|move: Roost
|move|p1a: Clefable|Moonblast|p2a: Pelipper
|-damage|p2a: Pelipper|44/100
|-unboost|p2a: Pelipper|spa|1
|
|-weather|RainDance|[upkeep]
|upkeep
|turn|44
|
|t:|1654734257
|move|p2a: Pelipper|Roost|p2a: Pelipper
|-heal|p2a: Pelipper|94/100
|-singleturn|p2a: Pelipper|move: Roost
|move|p1a: Clefable|Calm Mind|p1a: Clefable
|-boost|p1a: Clefable|spa|1
|-boost|p1a: Clefable|spd|1
|
|-weather|none
|upkeep
|turn|45
|
|t:|1654734270
|switch|p2a: Corviknight|Corviknight, M|85/100
|-ability|p2a: Corviknight|Pressure
|move|p1a: Clefable|Moonblast|p2a: Corviknight
|-resisted|p2a: Corviknight
|-damage|p2a: Corviknight|64/100
|
|upkeep
|turn|46
|
|t:|1654734283
|move|p2a: Corviknight|U-turn|p1a: Clefable
|-resisted|p1a: Clefable
|-damage|p1a: Clefable|95/100
|
|t:|1654734289
|switch|p2a: Chansey|Chansey, F|82/100|[from]move: U-turn
|move|p1a: Clefable|Calm Mind|p1a: Clefable
|-boost|p1a: Clefable|spa|1
|-boost|p1a: Clefable|spd|1
|
|-heal|p1a: Clefable|100/100|[from] item: Leftovers
|upkeep
|turn|47
|
|t:|1654734303
|move|p1a: Clefable|Moonblast|p2a: Chansey
|-damage|p2a: Chansey|51/100
|move|p2a: Chansey|Teleport|p2a: Chansey
|
|t:|1654734307
|switch|p2a: Rillaboom|Rillaboom, M|42/100|[from]move: Teleport
|-fieldstart|move: Grassy Terrain|[from] ability: Grassy Surge|[of] p2a: Rillaboom
|
|-heal|p2a: Rillaboom|48/100|[from] Grassy Terrain
|upkeep
|turn|48
|
|t:|1654734315
|switch|p1a: Tornadus|Tornadus-Therian, M|70/100
|move|p2a: Rillaboom|Wood Hammer|p1a: Tornadus
|-resisted|p1a: Tornadus
|-damage|p1a: Tornadus|20/100
|-damage|p2a: Rillaboom|31/100|[from] Recoil
|
|-heal|p2a: Rillaboom|37/100|[from] Grassy Terrain
|upkeep
|turn|49
|
|t:|1654734327
|switch|p2a: Corviknight|Corviknight, M|64/100
|-ability|p2a: Corviknight|Pressure
|move|p1a: Tornadus|U-turn|p2a: Corviknight
|-resisted|p2a: Corviknight
|-damage|p2a: Corviknight|61/100
|
|t:|1654734338
|switch|p1a: Blacephalon|Blacephalon|88/100 tox|[from]move: U-turn
|
|-heal|p1a: Blacephalon|94/100 tox|[from] Grassy Terrain
|-damage|p1a: Blacephalon|88/100 tox|[from] psn
|upkeep
|turn|50
|
|t:|1654734350
|switch|p2a: Chansey|Chansey, F|51/100
|move|p1a: Blacephalon|Flamethrower|p2a: Chansey
|-damage|p2a: Chansey|15/100
|
|-heal|p1a: Blacephalon|94/100 tox|[from] Grassy Terrain
|-heal|p2a: Chansey|22/100|[from] Grassy Terrain
|-damage|p1a: Blacephalon|82/100 tox|[from] psn
|upkeep
|turn|51
|
|t:|1654734361
|switch|p2a: Pelipper|Pelipper, M|94/100
|-weather|RainDance|[from] ability: Drizzle|[of] p2a: Pelipper
|move|p1a: Blacephalon|Flamethrower|p2a: Pelipper
|-resisted|p2a: Pelipper
|-damage|p2a: Pelipper|67/100
|
|-weather|RainDance|[upkeep]
|-heal|p1a: Blacephalon|88/100 tox|[from] Grassy Terrain
|-damage|p1a: Blacephalon|70/100 tox|[from] psn
|-fieldend|move: Grassy Terrain
|upkeep
|turn|52
|
|t:|1654734373
|switch|p1a: Tornadus|Tornadus-Therian, M|53/100
|move|p2a: Pelipper|U-turn|p1a: Tornadus
|-resisted|p1a: Tornadus
|-damage|p1a: Tornadus|50/100
|inactive|YeediaEL has 120 seconds left.
|
|t:|1654734401
|switch|p2a: Chansey|Chansey, F|22/100|[from]move: U-turn
|
|-weather|RainDance|[upkeep]
|upkeep
|turn|53
|
|t:|1654734407
|move|p1a: Tornadus|Hurricane|p2a: Chansey
|-damage|p2a: Chansey|3/100
|move|p2a: Chansey|Soft-Boiled|p2a: Chansey
|-heal|p2a: Chansey|53/100
|
|-weather|RainDance|[upkeep]
|upkeep
|turn|54
|
|t:|1654734417
|move|p1a: Tornadus|U-turn|p2a: Chansey
|-damage|p2a: Chansey|40/100
|
|t:|1654734421
|switch|p1a: Clefable|Clefable, F|100/100|[from]move: U-turn
|move|p2a: Chansey|Soft-Boiled|p2a: Chansey
|-heal|p2a: Chansey|90/100
|
|-weather|RainDance|[upkeep]
|upkeep
|turn|55
|
|t:|1654734431
|switch|p1a: Tornadus|Tornadus-Therian, M|83/100
|move|p2a: Chansey|Teleport|p2a: Chansey
|
|t:|1654734439
|switch|p2a: Corviknight|Corviknight, M|61/100|[from]move: Teleport
|-ability|p2a: Corviknight|Pressure
|
|-weather|none
|upkeep
|turn|56
|
|t:|1654734451
|switch|p1a: Clefable|Clefable, F|100/100
|move|p2a: Corviknight|U-turn|p1a: Clefable
|-resisted|p1a: Clefable
|-damage|p1a: Clefable|96/100
|
|t:|1654734458
|switch|p2a: Rillaboom|Rillaboom, M|37/100|[from]move: U-turn
|-fieldstart|move: Grassy Terrain|[from] ability: Grassy Surge|[of] p2a: Rillaboom
|
|-heal|p2a: Rillaboom|43/100|[from] Grassy Terrain
|-heal|p1a: Clefable|100/100|[from] Grassy Terrain
|upkeep
|turn|57
|
|t:|1654734467
|move|p2a: Rillaboom|U-turn|p1a: Clefable
|-resisted|p1a: Clefable
|-damage|p1a: Clefable|86/100
|
|t:|1654734479
|switch|p2a: Chansey|Chansey, F|90/100|[from]move: U-turn
|move|p1a: Clefable|Calm Mind|p1a: Clefable
|-boost|p1a: Clefable|spa|1
|-boost|p1a: Clefable|spd|1
|
|-heal|p1a: Clefable|92/100|[from] Grassy Terrain
|-heal|p1a: Clefable|98/100|[from] item: Leftovers
|-heal|p2a: Chansey|96/100|[from] Grassy Terrain
|upkeep
|turn|58
|
|t:|1654734493
|move|p1a: Clefable|Calm Mind|p1a: Clefable
|-boost|p1a: Clefable|spa|1
|-boost|p1a: Clefable|spd|1
|move|p2a: Chansey|Teleport|p2a: Chansey
|
|t:|1654734499
|switch|p2a: Rillaboom|Rillaboom, M|43/100|[from]move: Teleport
|
|-heal|p2a: Rillaboom|49/100|[from] Grassy Terrain
|-heal|p1a: Clefable|100/100|[from] Grassy Terrain
|upkeep
|turn|59
|
|t:|1654734507
|move|p2a: Rillaboom|Wood Hammer|p1a: Clefable
|-damage|p1a: Clefable|4/100
|-damage|p2a: Rillaboom|13/100|[from] Recoil
|move|p1a: Clefable|Soft-Boiled|p1a: Clefable
|-heal|p1a: Clefable|54/100
|
|-heal|p2a: Rillaboom|19/100|[from] Grassy Terrain
|-heal|p1a: Clefable|60/100|[from] Grassy Terrain
|-heal|p1a: Clefable|66/100|[from] item: Leftovers
|upkeep
|turn|60
|
|t:|1654734518
|switch|p1a: Tornadus|Tornadus-Therian, M|100/100
|move|p2a: Rillaboom|Wood Hammer|p1a: Tornadus
|-resisted|p1a: Tornadus
|-damage|p1a: Tornadus|43/100
|-damage|p2a: Rillaboom|0 fnt|[from] Recoil
|faint|p2a: Rillaboom
|
|-fieldend|move: Grassy Terrain
|upkeep
|
|t:|1654734536
|switch|p2a: Corviknight|Corviknight, M|61/100
|-ability|p2a: Corviknight|Pressure
|turn|61
|
|t:|1654734547
|move|p1a: Tornadus|Hurricane|p2a: Corviknight|[miss]
|-miss|p1a: Tornadus|p2a: Corviknight
|move|p2a: Corviknight|U-turn|p1a: Tornadus
|-resisted|p1a: Tornadus
|-damage|p1a: Tornadus|37/100
|
|t:|1654734561
|switch|p2a: Pelipper|Pelipper, M|67/100|[from]move: U-turn
|-weather|RainDance|[from] ability: Drizzle|[of] p2a: Pelipper
|
|-weather|RainDance|[upkeep]
|upkeep
|turn|62
|
|t:|1654734579
|switch|p2a: Chansey|Chansey, F|96/100
|move|p1a: Tornadus|U-turn|p2a: Chansey
|-damage|p2a: Chansey|82/100
|inactive|LECH24 has 120 seconds left.
|
|t:|1654734600
|switch|p1a: Heatran|Heatran, F|100/100|[from]move: U-turn
|
|-weather|RainDance|[upkeep]
|upkeep
|turn|63
|inactive|LECH24 has 120 seconds left.
|
|t:|1654734611
|move|p1a: Heatran|Taunt|p2a: Chansey
|-start|p2a: Chansey|move: Taunt
|cant|p2a: Chansey|move: Taunt|Teleport
|
|-weather|RainDance|[upkeep]
|upkeep
|turn|64
|inactive|LECH24 has 120 seconds left.
|
|t:|1654734617
|switch|p2a: Urshifu|Urshifu-Rapid-Strike, M|100/100
|move|p1a: Heatran|Toxic|p2a: Urshifu|[miss]
|-miss|p1a: Heatran|p2a: Urshifu
|
|-weather|RainDance|[upkeep]
|upkeep
|turn|65
|inactive|LECH24 has 120 seconds left.
|
|t:|1654734630
|switch|p1a: Blacephalon|Blacephalon|70/100 tox
|move|p2a: Urshifu|Surging Strikes|p1a: Blacephalon
|-supereffective|p1a: Blacephalon
|-crit|p1a: Blacephalon
|-damage|p1a: Blacephalon|0 fnt
|faint|p1a: Blacephalon
|-hitcount|p1: Blacephalon|1
|
|-weather|none
|upkeep
|
|t:|1654734632
|switch|p1a: Clefable|Clefable, F|66/100
|turn|66
|
|t:|1654734651
|switch|p2a: Pelipper|Pelipper, M|67/100
|-weather|RainDance|[from] ability: Drizzle|[of] p2a: Pelipper
|move|p1a: Clefable|Moonblast|p2a: Pelipper
|-damage|p2a: Pelipper|23/100
|
|-weather|RainDance|[upkeep]
|-heal|p1a: Clefable|72/100|[from] item: Leftovers
|upkeep
|turn|67
|inactive|YeediaEL has 120 seconds left.
|
|t:|1654734661
|move|p2a: Pelipper|U-turn|p1a: Clefable
|-resisted|p1a: Clefable
|-damage|p1a: Clefable|69/100
|inactive|YeediaEL has 120 seconds left.
|
|t:|1654734668
|switch|p2a: Chansey|Chansey, F|82/100|[from]move: U-turn
|move|p1a: Clefable|Moonblast|p2a: Chansey
|-damage|p2a: Chansey|66/100
|-unboost|p2a: Chansey|spa|1
|
|-weather|RainDance|[upkeep]
|-heal|p1a: Clefable|75/100|[from] item: Leftovers
|upkeep
|turn|68
|inactive|YeediaEL has 120 seconds left.
|
|t:|1654734682
|move|p1a: Clefable|Soft-Boiled|p1a: Clefable
|-heal|p1a: Clefable|100/100
|move|p2a: Chansey|Toxic|p1a: Clefable
|-status|p1a: Clefable|tox
|
|-weather|RainDance|[upkeep]
|upkeep
|turn|69
|
|t:|1654734692
|switch|p1a: Tornadus|Tornadus-Therian, M|70/100
|move|p2a: Chansey|Toxic|p1a: Tornadus
|-status|p1a: Tornadus|tox
|
|-weather|RainDance|[upkeep]
|-damage|p1a: Tornadus|64/100 tox|[from] psn
|upkeep
|turn|70
|
|t:|1654734703
|move|p1a: Tornadus|U-turn|p2a: Chansey
|-damage|p2a: Chansey|52/100
|
|t:|1654734706
|switch|p1a: Heatran|Heatran, F|100/100|[from]move: U-turn
|move|p2a: Chansey|Soft-Boiled|p2a: Chansey
|-heal|p2a: Chansey|100/100
|
|-weather|none
|upkeep
|turn|71
|
|t:|1654734715
|switch|p2a: Urshifu|Urshifu-Rapid-Strike, M|100/100
|move|p1a: Heatran|Magma Storm|p2a: Urshifu
|-resisted|p2a: Urshifu
|-damage|p2a: Urshifu|67/100
|-activate|p2a: Urshifu|move: Magma Storm|[of] p1a: Heatran
|
|-damage|p2a: Urshifu|55/100|[from] move: Magma Storm|[partiallytrapped]
|upkeep
|turn|72
|
|t:|1654734727
|switch|p1a: Tornadus|Tornadus-Therian, M|98/100 tox
|move|p2a: Urshifu|Surging Strikes|p1a: Tornadus
|-crit|p1a: Tornadus
|-damage|p1a: Tornadus|73/100 tox
|-crit|p1a: Tornadus
|-damage|p1a: Tornadus|47/100 tox
|-crit|p1a: Tornadus
|-damage|p1a: Tornadus|22/100 tox
|-hitcount|p1a: Tornadus|3
|
|-damage|p1a: Tornadus|16/100 tox|[from] psn
|-end|p2a: Urshifu|Magma Storm|[partiallytrapped]|[silent]
|upkeep
|turn|73
|
|t:|1654734747
|switch|p2a: Chansey|Chansey, F|100/100
|move|p1a: Tornadus|U-turn|p2a: Chansey
|-damage|p2a: Chansey|88/100
|
|t:|1654734749
|switch|p1a: Heatran|Heatran, F|100/100|[from]move: U-turn
|
|upkeep
|turn|74
|
|t:|1654734760
|move|p1a: Heatran|Toxic|p2a: Chansey
|-status|p2a: Chansey|tox
|move|p2a: Chansey|Teleport|p2a: Chansey
|
|t:|1654734765
|-curestatus|p2a: Chansey|tox|[from] ability: Natural Cure
|switch|p2a: Urshifu|Urshifu-Rapid-Strike, M|55/100|[from]move: Teleport
|
|upkeep
|turn|75
|
|t:|1654734784
|switch|p1a: Tornadus|Tornadus-Therian, M|49/100 tox
|move|p2a: Urshifu|Surging Strikes|p1a: Tornadus
|-crit|p1a: Tornadus
|-damage|p1a: Tornadus|24/100 tox
|-crit|p1a: Tornadus
|-damage|p1a: Tornadus|0 fnt
|faint|p1a: Tornadus
|-hitcount|p1: Tornadus|2
|
|upkeep
|
|t:|1654734786
|switch|p1a: Clefable|Clefable, F|100/100 tox
|turn|76
|
|t:|1654734799
|switch|p2a: Chansey|Chansey, F|88/100
|move|p1a: Clefable|Calm Mind|p1a: Clefable
|-boost|p1a: Clefable|spa|1
|-boost|p1a: Clefable|spd|1
|
|upkeep
|turn|77
|c|☆LECH24|If only that toxic hit
|c|☆LECH24|Would been gg
|
|t:|1654734821
|move|p1a: Clefable|Calm Mind|p1a: Clefable
|-boost|p1a: Clefable|spa|1
|-boost|p1a: Clefable|spd|1
|move|p2a: Chansey|Teleport|p2a: Chansey
|
|t:|1654734825
|switch|p2a: Pelipper|Pelipper, M|23/100|[from]move: Teleport
|-weather|RainDance|[from] ability: Drizzle|[of] p2a: Pelipper
|
|-weather|RainDance|[upkeep]
|upkeep
|turn|78
|
|t:|1654734832
|move|p2a: Pelipper|U-turn|p1a: Clefable
|-resisted|p1a: Clefable
|-damage|p1a: Clefable|97/100 tox
|
|t:|1654734835
|switch|p2a: Chansey|Chansey, F|88/100|[from]move: U-turn
|move|p1a: Clefable|Calm Mind|p1a: Clefable
|-boost|p1a: Clefable|spa|1
|-boost|p1a: Clefable|spd|1
|
|-weather|RainDance|[upkeep]
|-heal|p1a: Clefable|100/100 tox|[from] item: Leftovers
|upkeep
|turn|79
|
|t:|1654734846
|move|p1a: Clefable|Moonblast|p2a: Chansey
|-damage|p2a: Chansey|54/100
|move|p2a: Chansey|Teleport|p2a: Chansey
|
|t:|1654734850
|switch|p2a: Urshifu|Urshifu-Rapid-Strike, M|55/100|[from]move: Teleport
|
|-weather|RainDance|[upkeep]
|upkeep
|turn|80
|
|t:|1654734856
|move|p2a: Urshifu|Surging Strikes|p1a: Clefable
|-crit|p1a: Clefable
|-damage|p1a: Clefable|61/100 tox
|-crit|p1a: Clefable
|-damage|p1a: Clefable|25/100 tox
|-crit|p1a: Clefable
|-damage|p1a: Clefable|0 fnt
|faint|p1a: Clefable
|-hitcount|p1: Clefable|3
|
|-weather|RainDance|[upkeep]
|upkeep
|
|t:|1654734858
|switch|p1a: Heatran|Heatran, F|100/100
|turn|81
|
|t:|1654734868
|move|p2a: Urshifu|Surging Strikes|p1a: Heatran
|-supereffective|p1a: Heatran
|-crit|p1a: Heatran
|-damage|p1a: Heatran|23/100
|-supereffective|p1a: Heatran
|-crit|p1a: Heatran
|-damage|p1a: Heatran|0 fnt
|faint|p1a: Heatran
|-hitcount|p1: Heatran|2
|
|win|YeediaEL
|raw|LECH24's rating: 1633 &rarr; <strong>1609</strong><br />(-24 for losing)
|raw|YeediaEL's rating: 1567 &rarr; <strong>1591</strong><br />(+24 for winning)
|c|☆LECH24|Gg kid
|c|☆YeediaEL|Gg
||Ladder isn't responding, score probably updated but might not have (Request timeout).
