|j|☆PQPP214
|j|☆Tspikesbetter
|t:|1645632559
|gametype|singles
|player|p1|PQPP214|101|1477
|player|p2|Tspikesbetter|eusine|1512
|teamsize|p1|6
|teamsize|p2|6
|gen|8
|tier|[Gen 8] OU
|rated|
|rule|Sleep Clause Mod: Limit one foe put to sleep
|rule|Species Clause: Limit one of each Pokémon
|rule|OHKO Clause: OHKO moves are banned
|rule|Evasion Moves Clause: Evasion moves are banned
|rule|Endless Battle Clause: Forcing endless battles is banned
|rule|HP Percentage Mod: HP is shown in percentages
|rule|Dynamax Clause: You cannot dynamax
|clearpoke
|poke|p1|Landorus-Therian, M|
|poke|p1|Tornadus-Therian, M|
|poke|p1|Zeraora|
|poke|p1|Zapdos-Galar|
|poke|p1|Jirachi|
|poke|p1|Toxapex, M|
|poke|p2|Volcarona, F|
|poke|p2|Toxapex, F|
|poke|p2|Blissey, F|
|poke|p2|Scizor, F|
|poke|p2|Landorus-Therian, M|
|poke|p2|Rotom-Wash|
|teampreview
|l|☆PQPP214
|player|p1|
|j|☆PQPP214
|player|p1|PQPP214|101
|
|t:|1645632582
|start
|switch|p1a: Zapdos|Zapdos-Galar|100/100
|switch|p2a: Rotom|Rotom-Wash|100/100
|turn|1
|inactive|Battle timer is ON: inactive players will automatically lose when time's up. (requested by PQPP214)
|
|t:|1645632592
|switch|p1a: Jirachi|Jirachi, shiny|100/100
|move|p2a: Rotom|Will-O-Wisp|p1a: Jirachi|[miss]
|-miss|p2a: Rotom|p1a: Jirachi
|
|upkeep
|turn|2
|
|t:|1645632616
|switch|p2a: Volcarona|Volcarona, F|100/100
|move|p1a: Jirachi|Stealth Rock|p2a: Volcarona
|-sidestart|p2: Tspikesbetter|move: Stealth Rock
|
|upkeep
|turn|3
|
|t:|1645632634
|switch|p1a: Zapdos|Zapdos-Galar|100/100
|move|p2a: Volcarona|Flamethrower|p1a: Zapdos
|-crit|p1a: Zapdos
|-damage|p1a: Zapdos|10/100
|
|upkeep
|turn|4
|
|t:|1645632643
|switch|p2a: Toxapex|Toxapex, F, shiny|100/100
|-damage|p2a: Toxapex|88/100|[from] Stealth Rock
|switch|p1a: Toxapex|Toxapex, M, shiny|100/100
|
|-heal|p2a: Toxapex|94/100|[from] item: Black Sludge
|upkeep
|turn|5
|
|t:|1645632655
|move|p2a: Toxapex|Knock Off|p1a: Toxapex
|-damage|p1a: Toxapex|92/100
|-damage|p2a: Toxapex|78/100|[from] item: Rocky Helmet|[of] p1a: Toxapex
|-enditem|p1a: Toxapex|Rocky Helmet|[from] move: Knock Off|[of] p2a: Toxapex
|move|p1a: Toxapex|Knock Off|p2a: Toxapex
|-damage|p2a: Toxapex|69/100
|-enditem|p2a: Toxapex|Black Sludge|[from] move: Knock Off|[of] p1a: Toxapex
|
|upkeep
|turn|6
|
|t:|1645632670
|switch|p1a: Zeraora|Zeraora, shiny|100/100
|move|p2a: Toxapex|Toxic Spikes|p1a: Zeraora
|-sidestart|p1: PQPP214|move: Toxic Spikes
|
|upkeep
|turn|7
|
|t:|1645632677
|switch|p1a: Zapdos|Zapdos-Galar|10/100
|switch|p2a: Landorus|Landorus-Therian, M|100/100
|-damage|p2a: Landorus|88/100|[from] Stealth Rock
|-ability|p2a: Landorus|Intimidate|boost
|-unboost|p1a: Zapdos|atk|1
|-ability|p1a: Zapdos|Defiant
|-boost|p1a: Zapdos|atk|2
|
|-heal|p2a: Landorus|94/100|[from] item: Leftovers
|upkeep
|turn|8
|
|t:|1645632686
|switch|p2a: Toxapex|Toxapex, F, shiny|100/100
|-damage|p2a: Toxapex|88/100|[from] Stealth Rock
|move|p1a: Zapdos|Brave Bird|p2a: Toxapex
|-damage|p2a: Toxapex|10/100
|-damage|p1a: Zapdos|0 fnt|[from] Recoil
|faint|p1a: Zapdos
|
|upkeep
|c|☆Tspikesbetter|Huh
|c|☆Tspikesbetter|HUH?
|
|t:|1645632696
|switch|p1a: Tornadus|Tornadus-Therian, M, shiny|100/100
|turn|9
|
|t:|1645632713
|switch|p2a: Blissey|Blissey, F|100/100
|move|p1a: Tornadus|Knock Off|p2a: Blissey
|-damage|p2a: Blissey|83/100
|-enditem|p2a: Blissey|Heavy-Duty Boots|[from] move: Knock Off|[of] p1a: Tornadus
|
|upkeep
|turn|10
|
|t:|1645632721
|move|p1a: Tornadus|U-turn|p2a: Blissey
|-damage|p2a: Blissey|70/100
|
|t:|1645632723
|switch|p1a: Jirachi|Jirachi, shiny|100/100|[from]move: U-turn
|move|p2a: Blissey|Toxic|p1a: Jirachi
|-immune|p1a: Jirachi
|
|upkeep
|turn|11
|
|t:|1645632730
|move|p1a: Jirachi|U-turn|p2a: Blissey
|-damage|p2a: Blissey|56/100
|
|t:|1645632734
|switch|p1a: Tornadus|Tornadus-Therian, M, shiny|100/100|[from]move: U-turn
|move|p2a: Blissey|Soft-Boiled|p2a: Blissey
|-heal|p2a: Blissey|100/100
|
|upkeep
|turn|12
|
|t:|1645632743
|switch|p2a: Landorus|Landorus-Therian, M|94/100
|-damage|p2a: Landorus|82/100|[from] Stealth Rock
|-ability|p2a: Landorus|Intimidate|boost
|-unboost|p1a: Tornadus|atk|1
|move|p1a: Tornadus|U-turn|p2a: Landorus
|-resisted|p2a: Landorus
|-crit|p2a: Landorus
|-damage|p2a: Landorus|71/100
|
|t:|1645632746
|switch|p1a: Landorus|Landorus-Therian, M, shiny|100/100|[from]move: U-turn
|-ability|p1a: Landorus|Intimidate|boost
|-unboost|p2a: Landorus|atk|1
|
|-heal|p2a: Landorus|77/100|[from] item: Leftovers
|upkeep
|turn|13
|
|t:|1645632751
|move|p1a: Landorus|Toxic|p2a: Landorus
|-status|p2a: Landorus|tox
|move|p2a: Landorus|Stealth Rock|p1a: Landorus
|-sidestart|p1: PQPP214|move: Stealth Rock
|
|-heal|p2a: Landorus|83/100 tox|[from] item: Leftovers
|-damage|p2a: Landorus|77/100 tox|[from] psn
|upkeep
|turn|14
|
|t:|1645632762
|move|p1a: Landorus|Defog|p2a: Landorus
|-unboost|p2a: Landorus|evasion|1
|-sideend|p2: Tspikesbetter|Stealth Rock|[from] move: Defog|[of] p1a: Landorus
|-sideend|p1: PQPP214|Toxic Spikes|[from] move: Defog|[of] p1a: Landorus
|-sideend|p1: PQPP214|Stealth Rock|[from] move: Defog|[of] p1a: Landorus
|move|p2a: Landorus|Defog|p1a: Landorus
|-unboost|p1a: Landorus|evasion|1
|
|-heal|p2a: Landorus|83/100 tox|[from] item: Leftovers
|-damage|p2a: Landorus|71/100 tox|[from] psn
|upkeep
|turn|15
|
|t:|1645632772
|switch|p1a: Tornadus|Tornadus-Therian, M, shiny|100/100
|switch|p2a: Rotom|Rotom-Wash|100/100
|
|upkeep
|turn|16
|
|t:|1645632778
|move|p2a: Rotom|Will-O-Wisp|p1a: Tornadus
|-status|p1a: Tornadus|brn
|move|p1a: Tornadus|Knock Off|p2a: Rotom
|-damage|p2a: Rotom|88/100
|-enditem|p2a: Rotom|Choice Scarf|[from] move: Knock Off|[of] p1a: Tornadus
|
|-damage|p1a: Tornadus|94/100 brn|[from] brn
|upkeep
|turn|17
|
|t:|1645632791
|move|p1a: Tornadus|U-turn|p2a: Rotom
|-damage|p2a: Rotom|79/100
|
|t:|1645632797
|switch|p1a: Toxapex|Toxapex, M, shiny|100/100|[from]move: U-turn
|move|p2a: Rotom|Trick||[still]
|-fail|p2a: Rotom
|
|upkeep
|turn|18
|
|t:|1645632806
|switch|p1a: Jirachi|Jirachi, shiny|100/100
|move|p2a: Rotom|Volt Switch|p1a: Jirachi
|-damage|p1a: Jirachi|79/100
|
|t:|1645632809
|switch|p2a: Volcarona|Volcarona, F|100/100|[from]move: Volt Switch
|
|-heal|p1a: Jirachi|86/100|[from] item: Leftovers
|upkeep
|turn|19
|
|t:|1645632817
|switch|p1a: Landorus|Landorus-Therian, M, shiny|100/100
|-ability|p1a: Landorus|Intimidate|boost
|-unboost|p2a: Volcarona|atk|1
|move|p2a: Volcarona|Flamethrower|p1a: Landorus
|-damage|p1a: Landorus|66/100
|
|-heal|p1a: Landorus|72/100|[from] item: Leftovers
|upkeep
|turn|20
|
|t:|1645632843
|move|p2a: Volcarona|Flamethrower|p1a: Landorus
|-damage|p1a: Landorus|38/100
|move|p1a: Landorus|Toxic|p2a: Volcarona
|-status|p2a: Volcarona|tox
|
|-heal|p1a: Landorus|44/100|[from] item: Leftovers
|-damage|p2a: Volcarona|94/100 tox|[from] psn
|upkeep
|turn|21
|
|t:|1645632849
|switch|p1a: Toxapex|Toxapex, M, shiny|100/100
|move|p2a: Volcarona|Flamethrower|p1a: Toxapex
|-resisted|p1a: Toxapex
|-damage|p1a: Toxapex|79/100
|
|-damage|p2a: Volcarona|82/100 tox|[from] psn
|upkeep
|turn|22
|
|t:|1645632863
|switch|p2a: Toxapex|Toxapex, F, shiny|43/100
|switch|p1a: Zeraora|Zeraora, shiny|100/100
|
|upkeep
|turn|23
|
|t:|1645632872
|switch|p2a: Landorus|Landorus-Therian, M|71/100 tox
|-ability|p2a: Landorus|Intimidate|boost
|-unboost|p1a: Zeraora|atk|1
|move|p1a: Zeraora|Knock Off|p2a: Landorus
|-damage|p2a: Landorus|52/100 tox
|-enditem|p2a: Landorus|Leftovers|[from] move: Knock Off|[of] p1a: Zeraora
|
|-damage|p2a: Landorus|46/100 tox|[from] psn
|upkeep
|turn|24
|
|t:|1645632880
|switch|p1a: Tornadus|Tornadus-Therian, M, shiny|100/100 brn
|move|p2a: Landorus|U-turn|p1a: Tornadus
|-resisted|p1a: Tornadus
|-damage|p1a: Tornadus|85/100 brn
|
|t:|1645632894
|switch|p2a: Rotom|Rotom-Wash|79/100|[from]move: U-turn
|
|-damage|p1a: Tornadus|79/100 brn|[from] brn
|upkeep
|turn|25
|
|t:|1645632907
|move|p1a: Tornadus|U-turn|p2a: Rotom
|-damage|p2a: Rotom|69/100
|
|t:|1645632914
|switch|p1a: Jirachi|Jirachi, shiny|86/100|[from]move: U-turn
|move|p2a: Rotom|Volt Switch|p1a: Jirachi
|-damage|p1a: Jirachi|67/100
|
|t:|1645632928
|switch|p2a: Landorus|Landorus-Therian, M|46/100 tox|[from]move: Volt Switch
|-ability|p2a: Landorus|Intimidate|boost
|-unboost|p1a: Jirachi|atk|1
|
|-heal|p1a: Jirachi|74/100|[from] item: Leftovers
|-damage|p2a: Landorus|40/100 tox|[from] psn
|upkeep
|turn|26
|inactive|Tspikesbetter has 120 seconds left.
|
|t:|1645632978
|switch|p1a: Landorus|Landorus-Therian, M, shiny|44/100
|-ability|p1a: Landorus|Intimidate|boost
|-unboost|p2a: Landorus|atk|1
|move|p2a: Landorus|U-turn|p1a: Landorus
|-resisted|p1a: Landorus
|-damage|p1a: Landorus|35/100
|inactive|Tspikesbetter has 90 seconds left.
|
|t:|1645633003
|switch|p2a: Rotom|Rotom-Wash|69/100|[from]move: U-turn
|
|-heal|p1a: Landorus|41/100|[from] item: Leftovers
|upkeep
|turn|27
|
|t:|1645633014
|switch|p1a: Jirachi|Jirachi, shiny|74/100
|move|p2a: Rotom|Hydro Pump|p1a: Jirachi
|-damage|p1a: Jirachi|41/100
|
|-heal|p1a: Jirachi|47/100|[from] item: Leftovers
|upkeep
|turn|28
|
|t:|1645633026
|move|p2a: Rotom|Volt Switch|p1a: Jirachi
|-crit|p1a: Jirachi
|-damage|p1a: Jirachi|20/100
|inactive|Tspikesbetter has 90 seconds left.
|
|t:|1645633047
|switch|p2a: Volcarona|Volcarona, F|82/100 tox|[from]move: Volt Switch
|move|p1a: Jirachi|Stealth Rock|p2a: Volcarona
|-sidestart|p2: Tspikesbetter|move: Stealth Rock
|
|-heal|p1a: Jirachi|26/100|[from] item: Leftovers
|-damage|p2a: Volcarona|76/100 tox|[from] psn
|upkeep
|turn|29
|inactive|Tspikesbetter has 90 seconds left.
|
|t:|1645633069
|switch|p1a: Toxapex|Toxapex, M, shiny|100/100
|move|p2a: Volcarona|Flamethrower|p1a: Toxapex
|-resisted|p1a: Toxapex
|-damage|p1a: Toxapex|81/100
|
|-damage|p2a: Volcarona|64/100 tox|[from] psn
|upkeep
|turn|30
|
|t:|1645633081
|switch|p2a: Toxapex|Toxapex, F, shiny|76/100
|-damage|p2a: Toxapex|64/100|[from] Stealth Rock
|switch|p1a: Tornadus|Tornadus-Therian, M, shiny|100/100 brn
|
|-damage|p1a: Tornadus|94/100 brn|[from] brn
|upkeep
|turn|31
|inactive|Tspikesbetter has 90 seconds left.
|
|t:|1645633105
|switch|p2a: Landorus|Landorus-Therian, M|40/100 tox
|-damage|p2a: Landorus|27/100 tox|[from] Stealth Rock
|-ability|p2a: Landorus|Intimidate|boost
|-unboost|p1a: Tornadus|atk|1
|move|p1a: Tornadus|U-turn|p2a: Landorus
|-resisted|p2a: Landorus
|-damage|p2a: Landorus|25/100 tox
|
|t:|1645633120
|switch|p1a: Zeraora|Zeraora, shiny|100/100|[from]move: U-turn
|
|-damage|p2a: Landorus|19/100 tox|[from] psn
|upkeep
|turn|32
|
|t:|1645633147
|move|p1a: Zeraora|Knock Off|p2a: Landorus
|-damage|p2a: Landorus|0 fnt
|faint|p2a: Landorus
|
|upkeep
|inactive|Tspikesbetter has 60 seconds left.
|
|t:|1645633162
|switch|p2a: Scizor|Scizor, F|100/100
|-damage|p2a: Scizor|88/100|[from] Stealth Rock
|turn|33
|
|t:|1645633166
|switch|p1a: Toxapex|Toxapex, M, shiny|100/100
|move|p2a: Scizor|U-turn|p1a: Toxapex
|-resisted|p1a: Toxapex
|-damage|p1a: Toxapex|88/100
|inactive|Tspikesbetter has 60 seconds left.
|j| Hgffggffff
|
|t:|1645633182
|switch|p2a: Rotom|Rotom-Wash|69/100|[from]move: U-turn
|-damage|p2a: Rotom|57/100|[from] Stealth Rock
|
|upkeep
|turn|34
|
|t:|1645633190
|move|p2a: Rotom|Will-O-Wisp|p1a: Toxapex
|-status|p1a: Toxapex|brn
|move|p1a: Toxapex|Recover|p1a: Toxapex
|-heal|p1a: Toxapex|100/100 brn
|
|-damage|p1a: Toxapex|95/100 brn|[from] brn
|upkeep
|turn|35
|
|t:|1645633200
|move|p2a: Rotom|Volt Switch|p1a: Toxapex
|-supereffective|p1a: Toxapex
|-crit|p1a: Toxapex
|-damage|p1a: Toxapex|11/100 brn
|l| Hgffggffff
|
|t:|1645633205
|switch|p2a: Volcarona|Volcarona, F|64/100 tox|[from]move: Volt Switch
|-damage|p2a: Volcarona|14/100 tox|[from] Stealth Rock
|move|p1a: Toxapex|Scald|p2a: Volcarona
|-supereffective|p2a: Volcarona
|-damage|p2a: Volcarona|0 fnt
|faint|p2a: Volcarona
|
|-damage|p1a: Toxapex|5/100 brn|[from] brn
|upkeep
|
|t:|1645633219
|switch|p2a: Rotom|Rotom-Wash|57/100
|-damage|p2a: Rotom|44/100|[from] Stealth Rock
|turn|36
|
|t:|1645633223
|switch|p1a: Jirachi|Jirachi, shiny|26/100
|move|p2a: Rotom|Hydro Pump|p1a: Jirachi|[miss]
|-miss|p2a: Rotom|p1a: Jirachi
|
|-heal|p1a: Jirachi|32/100|[from] item: Leftovers
|upkeep
|turn|37
|
|t:|1645633233
|move|p2a: Rotom|Volt Switch|p1a: Jirachi
|-damage|p1a: Jirachi|14/100
|
|t:|1645633238
|switch|p2a: Blissey|Blissey, F|100/100|[from]move: Volt Switch
|-damage|p2a: Blissey|88/100|[from] Stealth Rock
|move|p1a: Jirachi|Healing Wish|p1a: Jirachi
|faint|p1a: Jirachi
|
|upkeep
|
|t:|1645633245
|switch|p1a: Toxapex|Toxapex, M, shiny|39/100 brn
|-heal|p1a: Toxapex|100/100|[from] move: Healing Wish
|turn|38
|inactive|Tspikesbetter has 90 seconds left.
|
|t:|1645633260
|move|p1a: Toxapex|Scald|p2a: Blissey
|-crit|p2a: Blissey
|-damage|p2a: Blissey|79/100
|move|p2a: Blissey|Teleport|p2a: Blissey
|inactive|Tspikesbetter has 90 seconds left.
|
|t:|1645633265
|switch|p2a: Scizor|Scizor, F|88/100|[from]move: Teleport
|-damage|p2a: Scizor|75/100|[from] Stealth Rock
|
|-heal|p2a: Scizor|82/100|[from] item: Leftovers
|upkeep
|turn|39
|
|t:|1645633270
|move|p2a: Scizor|Defog|p1a: Toxapex
|-unboost|p1a: Toxapex|evasion|1
|-sideend|p2: Tspikesbetter|Stealth Rock|[from] move: Defog|[of] p2a: Scizor
|move|p1a: Toxapex|Knock Off|p2a: Scizor
|-damage|p2a: Scizor|67/100
|-enditem|p2a: Scizor|Leftovers|[from] move: Knock Off|[of] p1a: Toxapex
|
|upkeep
|turn|40
|
|t:|1645633275
|move|p2a: Scizor|U-turn|p1a: Toxapex
|-resisted|p1a: Toxapex
|-damage|p1a: Toxapex|89/100
|
|t:|1645633277
|switch|p2a: Rotom|Rotom-Wash|44/100|[from]move: U-turn
|move|p1a: Toxapex|Scald|p2a: Rotom
|-resisted|p2a: Rotom
|-crit|p2a: Rotom
|-damage|p2a: Rotom|26/100
|
|upkeep
|turn|41
|
|t:|1645633284
|switch|p1a: Zeraora|Zeraora, shiny|100/100
|move|p2a: Rotom|Volt Switch|p1a: Zeraora
|-immune|p1a: Zeraora|[from] ability: Volt Absorb
|
|upkeep
|turn|42
|
|t:|1645633290
|switch|p2a: Toxapex|Toxapex, F, shiny|97/100
|move|p1a: Zeraora|Plasma Fists|p2a: Toxapex
|-supereffective|p2a: Toxapex
|-damage|p2a: Toxapex|43/100
|-fieldactivate|move: Ion Deluge
|-hint|Normal-type moves become Electric-type after using Plasma Fists.
|
|upkeep
|turn|43
|
|t:|1645633292
|move|p1a: Zeraora|Plasma Fists|p2a: Toxapex
|-supereffective|p2a: Toxapex
|-damage|p2a: Toxapex|0 fnt
|-fieldactivate|move: Ion Deluge
|-hint|Normal-type moves become Electric-type after using Plasma Fists.
|faint|p2a: Toxapex
|
|upkeep
|
|t:|1645633296
|switch|p2a: Blissey|Blissey, F|79/100
|turn|44
|
|t:|1645633303
|move|p1a: Zeraora|Close Combat|p2a: Blissey
|-supereffective|p2a: Blissey
|-damage|p2a: Blissey|13/100
|-unboost|p1a: Zeraora|def|1
|-unboost|p1a: Zeraora|spd|1
|move|p2a: Blissey|Toxic|p1a: Zeraora
|-status|p1a: Zeraora|tox
|
|-damage|p1a: Zeraora|95/100 tox|[from] psn
|upkeep
|turn|45
|-message|Tspikesbetter forfeited.
|
|win|PQPP214
|raw|PQPP214's rating: 1477 &rarr; <strong>1499</strong><br />(+22 for winning)
|raw|Tspikesbetter's rating: 1512 &rarr; <strong>1490</strong><br />(-22 for losing)
|l|☆Tspikesbetter
