|j|☆NoHattChallenge
|j|☆Forwards
|t:|1663446129
|gametype|singles
|player|p1|NoHattChallenge|bede|1807
|player|p2|Forwards|rollerskater|1803
|teamsize|p1|6
|teamsize|p2|6
|gen|8
|tier|[Gen 8] OU
|rated|
|rule|Sleep Clause Mod: Limit one foe put to sleep
|rule|Species Clause: Limit one of each Pokémon
|rule|OHKO Clause: OHKO moves are banned
|rule|Evasion Items Clause: Evasion items are banned
|rule|Evasion Moves Clause: Evasion moves are banned
|rule|Endless Battle Clause: Forcing endless battles is banned
|rule|HP Percentage Mod: HP is shown in percentages
|rule|Dynamax Clause: You cannot dynamax
|clearpoke
|poke|p1|Polteageist|
|poke|p1|Sinistea|
|poke|p1|Garchomp, M|
|poke|p1|Tapu Lele|
|poke|p1|Hatterene, F|
|poke|p1|Cloyster, F|
|poke|p2|Tapu Koko|
|poke|p2|Moltres-Galar|
|poke|p2|Registeel|
|poke|p2|Hawlucha, F|
|poke|p2|Mew|
|poke|p2|Landorus-Therian, M|
|teampreview
|j| SoulDewRegice
|c|☆NoHattChallenge|Noo not again xD
|c|☆Forwards|hehe
|j| tapu moxo
|
|t:|1663446146
|start
|switch|p1a: Lariaaa|Hatterene, F|100/100
|switch|p2a: Tapu Koko|Tapu Koko|100/100
|-fieldstart|move: Electric Terrain|[from] ability: Electric Surge|[of] p2a: Tapu Koko
|turn|1
|c|☆NoHattChallenge|I've already been through this pain xD
|
|t:|1663446152
|move|p2a: Tapu Koko|Light Screen|p2a: Tapu Koko
|-sidestart|p2: Forwards|move: Light Screen
|move|p1a: Lariaaa|Draining Kiss|p2a: Tapu Koko
|-damage|p2a: Tapu Koko|81/100
|
|upkeep
|turn|2
|
|t:|1663446165
|move|p2a: Tapu Koko|U-turn|p1a: Lariaaa
|-damage|p1a: Lariaaa|80/100
|
|t:|1663446166
|switch|p2a: Landorus|Landorus-Therian, M|100/100|[from]move: U-turn
|-ability|p2a: Landorus|Intimidate|boost
|-unboost|p1a: Lariaaa|atk|1
|move|p1a: Lariaaa|Nuzzle|p2a: Landorus
|-immune|p2a: Landorus
|
|upkeep
|turn|3
|
|t:|1663446172
|move|p2a: Landorus|Earthquake|p1a: Lariaaa
|-damage|p1a: Lariaaa|13/100
|move|p1a: Lariaaa|Expanding Force|p2a: Landorus
|-damage|p2a: Landorus|68/100
|
|upkeep
|turn|4
|
|t:|1663446176
|move|p2a: Landorus|Earthquake|p1a: Lariaaa
|-damage|p1a: Lariaaa|0 fnt
|faint|p1a: Lariaaa
|
|upkeep
|j| Shunshun
|
|t:|1663446197
|switch|p1a: Teapot|Polteageist|100/100
|turn|5
|
|t:|1663446201
|move|p2a: Landorus|Stealth Rock|p1a: Teapot
|-sidestart|p1: NoHattChallenge|move: Stealth Rock
|move|p1a: Teapot|Shell Smash|p1a: Teapot
|-unboost|p1a: Teapot|def|1
|-unboost|p1a: Teapot|spd|1
|-boost|p1a: Teapot|atk|2
|-boost|p1a: Teapot|spa|2
|-boost|p1a: Teapot|spe|2
|
|-fieldend|move: Electric Terrain
|upkeep
|turn|6
|
|t:|1663446208
|move|p1a: Teapot|Shell Smash|p1a: Teapot
|-unboost|p1a: Teapot|def|1
|-unboost|p1a: Teapot|spd|1
|-boost|p1a: Teapot|atk|2
|-boost|p1a: Teapot|spa|2
|-boost|p1a: Teapot|spe|2
|move|p2a: Landorus|Earthquake|p1a: Teapot
|-enditem|p1a: Teapot|Focus Sash
|-damage|p1a: Teapot|1/100
|-ability|p1a: Teapot|Weak Armor|boost
|-unboost|p1a: Teapot|def|1
|-boost|p1a: Teapot|spe|2
|
|upkeep
|turn|7
|
|t:|1663446213
|move|p1a: Teapot|Stored Power|p2a: Landorus
|-damage|p2a: Landorus|0 fnt
|faint|p2a: Landorus
|
|upkeep
|
|t:|1663446214
|switch|p2a: Moltres|Moltres-Galar|100/100
|turn|8
|
|t:|1663446217
|move|p1a: Teapot|Shadow Ball|p2a: Moltres
|-resisted|p2a: Moltres
|-damage|p2a: Moltres|79/100
|-unboost|p2a: Moltres|spd|1
|move|p2a: Moltres|Fiery Wrath|p1a: Teapot
|-supereffective|p1a: Teapot
|-damage|p1a: Teapot|0 fnt
|faint|p1a: Teapot
|
|-sideend|p2: Forwards|move: Light Screen
|upkeep
|
|t:|1663446219
|switch|p1a: Quandale|Tapu Lele|100/100
|-damage|p1a: Quandale|88/100|[from] Stealth Rock
|-fieldstart|move: Psychic Terrain|[from] ability: Psychic Surge|[of] p1a: Quandale
|turn|9
|
|t:|1663446223
|switch|p2a: Tapu Koko|Tapu Koko|81/100
|-fieldstart|move: Electric Terrain|[from] ability: Electric Surge|[of] p2a: Tapu Koko
|move|p1a: Quandale|Moonblast|p2a: Tapu Koko
|-damage|p2a: Tapu Koko|14/100
|-unboost|p2a: Tapu Koko|spa|1
|
|upkeep
|turn|10
|
|t:|1663446228
|move|p1a: Quandale|Moonblast|p2a: Tapu Koko
|-damage|p2a: Tapu Koko|0 fnt
|faint|p2a: Tapu Koko
|
|upkeep
|
|t:|1663446267
|switch|p2a: Moltres|Moltres-Galar|79/100
|turn|11
|
|t:|1663446268
|move|p1a: Quandale|Moonblast|p2a: Moltres
|-supereffective|p2a: Moltres
|-damage|p2a: Moltres|1/100
|-unboost|p2a: Moltres|spa|1
|-enditem|p2a: Moltres|Weakness Policy
|-boost|p2a: Moltres|atk|2|[from] item: Weakness Policy
|-boost|p2a: Moltres|spa|2|[from] item: Weakness Policy
|-ability|p2a: Moltres|Berserk|boost
|-boost|p2a: Moltres|spa|1
|move|p2a: Moltres|Agility|p2a: Moltres
|-boost|p2a: Moltres|spe|2
|
|upkeep
|turn|12
|
|t:|1663446271
|move|p2a: Moltres|Fiery Wrath|p1a: Quandale
|-damage|p1a: Quandale|8/100
|move|p1a: Quandale|Moonblast|p2a: Moltres
|-supereffective|p2a: Moltres
|-damage|p2a: Moltres|0 fnt
|faint|p2a: Moltres
|
|upkeep
|c|☆NoHattChallenge|LMAO
|
|t:|1663446276
|switch|p2a: Registeel|Registeel|100/100
|turn|13
|c|☆NoHattChallenge|wow
|
|t:|1663446279
|move|p1a: Quandale|Moonblast|p2a: Registeel
|-resisted|p2a: Registeel
|-damage|p2a: Registeel|84/100
|move|p2a: Registeel|Iron Defense|p2a: Registeel
|-boost|p2a: Registeel|def|2
|
|-fieldend|move: Electric Terrain
|upkeep
|turn|14
|
|t:|1663446283
|switch|p1a: Tf2 Jarate ❤|Sinistea|100/100
|-damage|p1a: Tf2 Jarate ❤|88/100|[from] Stealth Rock
|move|p2a: Registeel|Body Press|p1a: Tf2 Jarate ❤
|-immune|p1a: Tf2 Jarate ❤
|
|upkeep
|turn|15
|
|t:|1663446286
|switch|p2a: Hawlucha|Hawlucha, F|100/100
|move|p1a: Tf2 Jarate ❤|Shell Smash|p1a: Tf2 Jarate ❤
|-unboost|p1a: Tf2 Jarate ❤|def|1
|-unboost|p1a: Tf2 Jarate ❤|spd|1
|-boost|p1a: Tf2 Jarate ❤|atk|2
|-boost|p1a: Tf2 Jarate ❤|spa|2
|-boost|p1a: Tf2 Jarate ❤|spe|2
|
|upkeep
|turn|16
|
|t:|1663446288
|move|p1a: Tf2 Jarate ❤|Stored Power|p2a: Hawlucha
|-supereffective|p2a: Hawlucha
|-damage|p2a: Hawlucha|0 fnt
|faint|p2a: Hawlucha
|
|upkeep
|c| tapu moxo|av lele
|
|t:|1663446291
|switch|p2a: Mew|Mew|100/100
|turn|17
|c|☆NoHattChallenge|What no
|c| SoulDewRegice|Noice
|c|☆NoHattChallenge|Im scarf
|
|t:|1663446301
|move|p1a: Tf2 Jarate ❤|Shadow Ball|p2a: Mew
|-supereffective|p2a: Mew
|-damage|p2a: Mew|0 fnt
|faint|p2a: Mew
|
|upkeep
|c|☆Forwards|rip
|c|☆NoHattChallenge|Damn gg
|c|☆Forwards|played my moltres so bad
|c|☆NoHattChallenge|The lil pot at the end xD
|-message|Forwards forfeited.
|
|win|NoHattChallenge
|raw|NoHattChallenge's rating: 1807 &rarr; <strong>1827</strong><br />(+20 for winning)
|raw|Forwards's rating: 1803 &rarr; <strong>1783</strong><br />(-20 for losing)
|c|☆NoHattChallenge|Yea
|l|☆Forwards
|c| tapu moxo|ban sinistea
|c|☆NoHattChallenge|Or well
|c|☆NoHattChallenge|Not bad
|c|☆NoHattChallenge|But like
|c|☆NoHattChallenge|Bruh
|c|☆NoHattChallenge|Gg
|c|☆NoHattChallenge|Is what i wanna say xD
||Ladder isn't responding, score probably updated but might not have (Request timeout).
