|j|☆Makuryu
|j|☆Chokst du
|t:|1656530903
|gametype|singles
|player|p1|Makuryu|koga|1834
|player|p2|Chokst du|1|1831
|teamsize|p1|6
|teamsize|p2|6
|gen|8
|tier|[Gen 8] OU
|rated|
|rule|Sleep Clause Mod: Limit one foe put to sleep
|rule|Species Clause: Limit one of each Pokémon
|rule|OHKO Clause: OHKO moves are banned
|rule|Evasion Moves Clause: Evasion moves are banned
|rule|Endless Battle Clause: Forcing endless battles is banned
|rule|HP Percentage Mod: HP is shown in percentages
|rule|Dynamax Clause: You cannot dynamax
|clearpoke
|poke|p1|Zapdos|
|poke|p1|Heatran, M|
|poke|p1|Ferrothorn, M|
|poke|p1|Dragapult, M|
|poke|p1|Buzzwole|
|poke|p1|Blissey, F|
|poke|p2|Tyranitar, M|
|poke|p2|Excadrill, F|
|poke|p2|Clefable, M|
|poke|p2|Landorus-Therian, M|
|poke|p2|Toxapex, F|
|poke|p2|Tornadus-Therian, M|
|teampreview
|j| broked on bricks
|j| killer whale squa
|
|t:|1656530924
|start
|switch|p1a: Ferrothorn|Ferrothorn, M|100/100
|switch|p2a: Toxapex|Toxapex, F|100/100
|turn|1
|inactive|Battle timer is ON: inactive players will automatically lose when time's up. (requested by Makuryu)
|j| 60metapod
|
|t:|1656530928
|move|p2a: Toxapex|Knock Off|p1a: Ferrothorn
|-damage|p1a: Ferrothorn|93/100
|-damage|p2a: Toxapex|88/100|[from] ability: Iron Barbs|[of] p1a: Ferrothorn
|-enditem|p1a: Ferrothorn|Leftovers|[from] move: Knock Off|[of] p2a: Toxapex
|move|p1a: Ferrothorn|Knock Off|p2a: Toxapex
|-damage|p2a: Toxapex|74/100
|-damage|p1a: Ferrothorn|77/100|[from] item: Rocky Helmet|[of] p2a: Toxapex
|-enditem|p2a: Toxapex|Rocky Helmet|[from] move: Knock Off|[of] p1a: Ferrothorn
|
|upkeep
|turn|2
|
|t:|1656530937
|switch|p2a: Clefable|Clefable, M|100/100
|move|p1a: Ferrothorn|Spikes|p2a: Clefable
|-sidestart|p2: Chokst du|Spikes
|
|upkeep
|turn|3
|
|t:|1656530942
|switch|p1a: Blissey|Blissey, F|100/100
|move|p2a: Clefable|Moonblast|p1a: Blissey
|-damage|p1a: Blissey|87/100
|
|upkeep
|turn|4
|
|t:|1656530948
|switch|p2a: Excadrill|Excadrill, F|100/100
|-damage|p2a: Excadrill|88/100|[from] Spikes
|move|p1a: Blissey|Thunder Wave|p2a: Excadrill
|-immune|p2a: Excadrill
|
|-heal|p2a: Excadrill|94/100|[from] item: Leftovers
|upkeep
|turn|5
|
|t:|1656530959
|move|p2a: Excadrill|Stealth Rock|p1a: Blissey
|-sidestart|p1: Makuryu|move: Stealth Rock
|move|p1a: Blissey|Teleport|p1a: Blissey
|
|t:|1656530962
|switch|p1a: Zapdos|Zapdos|100/100|[from]move: Teleport
|
|-heal|p2a: Excadrill|99/100|[from] item: Leftovers
|upkeep
|turn|6
|
|t:|1656530973
|switch|p2a: Tyranitar|Tyranitar, M|100/100
|-damage|p2a: Tyranitar|88/100|[from] Spikes
|-weather|Sandstorm|[from] ability: Sand Stream|[of] p2a: Tyranitar
|move|p1a: Zapdos|Toxic|p2a: Tyranitar
|-status|p2a: Tyranitar|tox
|
|-weather|Sandstorm|[upkeep]
|-damage|p1a: Zapdos|94/100|[from] Sandstorm
|-damage|p2a: Tyranitar|82/100 tox|[from] psn
|upkeep
|turn|7
|
|t:|1656530983
|move|p1a: Zapdos|Volt Switch|p2a: Tyranitar
|-damage|p2a: Tyranitar|62/100 tox
|
|t:|1656530987
|switch|p1a: Buzzwole|Buzzwole|100/100|[from]move: Volt Switch
|-damage|p1a: Buzzwole|88/100|[from] Stealth Rock
|move|p2a: Tyranitar|Fire Punch|p1a: Buzzwole
|-supereffective|p1a: Buzzwole
|-damage|p1a: Buzzwole|19/100
|-status|p1a: Buzzwole|brn
|
|-weather|Sandstorm|[upkeep]
|-damage|p1a: Buzzwole|13/100 brn|[from] Sandstorm
|-damage|p2a: Tyranitar|50/100 tox|[from] psn
|-damage|p1a: Buzzwole|7/100 brn|[from] brn
|upkeep
|turn|8
|j|@ironwater
|
|t:|1656530999
|switch|p2a: Tornadus|Tornadus-Therian, M|100/100
|move|p1a: Buzzwole|Close Combat|p2a: Tornadus
|-resisted|p2a: Tornadus
|-damage|p2a: Tornadus|71/100
|-unboost|p1a: Buzzwole|def|1
|-unboost|p1a: Buzzwole|spd|1
|
|-weather|Sandstorm|[upkeep]
|-damage|p2a: Tornadus|65/100|[from] Sandstorm
|-damage|p1a: Buzzwole|0 fnt|[from] Sandstorm
|faint|p1a: Buzzwole
|upkeep
|l| 60metapod
|
|t:|1656531021
|switch|p1a: Dragapult|Dragapult, M|100/100
|-damage|p1a: Dragapult|88/100|[from] Stealth Rock
|turn|9
|
|t:|1656531027
|move|p1a: Dragapult|Shadow Ball|p2a: Tornadus
|-damage|p2a: Tornadus|9/100
|move|p2a: Tornadus|Knock Off|p1a: Dragapult
|-supereffective|p1a: Dragapult
|-damage|p1a: Dragapult|32/100
|-enditem|p1a: Dragapult|Choice Specs|[from] move: Knock Off|[of] p2a: Tornadus
|
|-weather|Sandstorm|[upkeep]
|-damage|p1a: Dragapult|26/100|[from] Sandstorm
|-damage|p2a: Tornadus|3/100|[from] Sandstorm
|upkeep
|turn|10
|
|t:|1656531036
|switch|p2a: Toxapex|Toxapex, F|100/100
|-damage|p2a: Toxapex|88/100|[from] Spikes
|move|p1a: Dragapult|Shadow Ball|p2a: Toxapex
|-damage|p2a: Toxapex|58/100
|
|-weather|none
|upkeep
|turn|11
|
|t:|1656531046
|switch|p1a: Ferrothorn|Ferrothorn, M|77/100
|-damage|p1a: Ferrothorn|70/100|[from] Stealth Rock
|move|p2a: Toxapex|Recover|p2a: Toxapex
|-heal|p2a: Toxapex|100/100
|
|upkeep
|turn|12
|
|t:|1656531060
|switch|p2a: Clefable|Clefable, M|100/100
|move|p1a: Ferrothorn|Spikes|p2a: Clefable
|-sidestart|p2: Chokst du|Spikes
|
|upkeep
|turn|13
|
|t:|1656531065
|move|p2a: Clefable|Calm Mind|p2a: Clefable
|-boost|p2a: Clefable|spa|1
|-boost|p2a: Clefable|spd|1
|move|p1a: Ferrothorn|Spikes|p2a: Clefable
|-sidestart|p2: Chokst du|Spikes
|
|upkeep
|turn|14
|
|t:|1656531070
|move|p2a: Clefable|Moonblast|p1a: Ferrothorn
|-resisted|p1a: Ferrothorn
|-damage|p1a: Ferrothorn|45/100
|-unboost|p1a: Ferrothorn|spa|1
|move|p1a: Ferrothorn|Knock Off|p2a: Clefable
|-resisted|p2a: Clefable
|-damage|p2a: Clefable|92/100
|-enditem|p2a: Clefable|Life Orb|[from] move: Knock Off|[of] p1a: Ferrothorn
|
|upkeep
|turn|15
|
|t:|1656531078
|move|p2a: Clefable|Moonblast|p1a: Ferrothorn
|-resisted|p1a: Ferrothorn
|-damage|p1a: Ferrothorn|25/100
|move|p1a: Ferrothorn|Power Whip|p2a: Clefable
|-damage|p2a: Clefable|60/100
|
|upkeep
|turn|16
|
|t:|1656531095
|switch|p1a: Blissey|Blissey, F|87/100
|move|p2a: Clefable|Soft-Boiled|p2a: Clefable
|-heal|p2a: Clefable|100/100
|
|upkeep
|turn|17
|j| pokemonmastersergi
|
|t:|1656531100
|switch|p2a: Tornadus|Tornadus-Therian, M|36/100
|move|p1a: Blissey|Thunder Wave|p2a: Tornadus
|-status|p2a: Tornadus|par
|
|upkeep
|turn|18
|
|t:|1656531106
|cant|p2a: Tornadus|par
|move|p1a: Blissey|Seismic Toss|p2a: Tornadus
|-damage|p2a: Tornadus|9/100 par
|
|upkeep
|turn|19
|
|t:|1656531111
|switch|p2a: Excadrill|Excadrill, F|99/100
|-damage|p2a: Excadrill|75/100|[from] Spikes
|move|p1a: Blissey|Seismic Toss|p2a: Excadrill
|-damage|p2a: Excadrill|48/100
|
|-heal|p2a: Excadrill|54/100|[from] item: Leftovers
|upkeep
|turn|20
|
|t:|1656531121
|switch|p1a: Zapdos|Zapdos|94/100
|move|p2a: Excadrill|Earthquake|p1a: Zapdos
|-immune|p1a: Zapdos
|
|-heal|p2a: Excadrill|60/100|[from] item: Leftovers
|upkeep
|turn|21
|
|t:|1656531127
|move|p1a: Zapdos|Heat Wave|p2a: Excadrill
|-supereffective|p2a: Excadrill
|-damage|p2a: Excadrill|0 fnt
|faint|p2a: Excadrill
|
|upkeep
|
|t:|1656531133
|switch|p2a: Landorus|Landorus-Therian, M|100/100
|-ability|p2a: Landorus|Intimidate|boost
|-unboost|p1a: Zapdos|atk|1
|turn|22
|
|t:|1656531141
|switch|p1a: Ferrothorn|Ferrothorn, M|25/100
|-damage|p1a: Ferrothorn|19/100|[from] Stealth Rock
|move|p2a: Landorus|Substitute|p2a: Landorus
|-start|p2a: Landorus|Substitute
|-damage|p2a: Landorus|76/100
|
|-heal|p2a: Landorus|82/100|[from] item: Leftovers
|upkeep
|turn|23
|
|t:|1656531149
|move|p2a: Landorus|Earthquake|p1a: Ferrothorn
|-damage|p1a: Ferrothorn|0 fnt
|faint|p1a: Ferrothorn
|
|-heal|p2a: Landorus|88/100|[from] item: Leftovers
|upkeep
|j| CB Bhris Breezy
|
|t:|1656531155
|switch|p1a: Heatran|Heatran, M|100/100
|-damage|p1a: Heatran|88/100|[from] Stealth Rock
|-item|p1a: Heatran|Air Balloon
|turn|24
|
|t:|1656531160
|move|p2a: Landorus|Stone Edge|p1a: Heatran|[miss]
|-miss|p2a: Landorus|p1a: Heatran
|move|p1a: Heatran|Eruption|p2a: Landorus
|-end|p2a: Landorus|Substitute
|
|-heal|p2a: Landorus|94/100|[from] item: Leftovers
|upkeep
|turn|25
|
|t:|1656531168
|move|p2a: Landorus|Stone Edge|p1a: Heatran|[miss]
|-miss|p2a: Landorus|p1a: Heatran
|move|p1a: Heatran|Magma Storm|p2a: Landorus
|-damage|p2a: Landorus|27/100
|-activate|p2a: Landorus|move: Magma Storm|[of] p1a: Heatran
|
|-heal|p2a: Landorus|33/100|[from] item: Leftovers
|-damage|p2a: Landorus|21/100|[from] move: Magma Storm|[partiallytrapped]
|upkeep
|turn|26
|
|t:|1656531177
|move|p2a: Landorus|Stone Edge|p1a: Heatran
|-damage|p1a: Heatran|48/100
|-enditem|p1a: Heatran|Air Balloon
|move|p1a: Heatran|Stealth Rock|p2a: Landorus
|-sidestart|p2: Chokst du|move: Stealth Rock
|
|-heal|p2a: Landorus|27/100|[from] item: Leftovers
|-damage|p2a: Landorus|15/100|[from] move: Magma Storm|[partiallytrapped]
|upkeep
|turn|27
|
|t:|1656531188
|move|p2a: Landorus|Earthquake|p1a: Heatran
|-supereffective|p1a: Heatran
|-damage|p1a: Heatran|0 fnt
|faint|p1a: Heatran
|
|-heal|p2a: Landorus|21/100|[from] item: Leftovers
|-end|p2a: Landorus|Magma Storm|[partiallytrapped]|[silent]
|upkeep
|
|t:|1656531194
|switch|p1a: Dragapult|Dragapult, M|26/100
|-damage|p1a: Dragapult|14/100|[from] Stealth Rock
|turn|28
|
|t:|1656531205
|switch|p2a: Toxapex|Toxapex, F|100/100
|-damage|p2a: Toxapex|75/100|[from] Spikes
|-damage|p2a: Toxapex|63/100|[from] Stealth Rock
|move|p1a: Dragapult|Shadow Ball|p2a: Toxapex
|-damage|p2a: Toxapex|32/100
|
|upkeep
|turn|29
|
|t:|1656531219
|move|p1a: Dragapult|Draco Meteor|p2a: Toxapex
|-damage|p2a: Toxapex|0 fnt
|-unboost|p1a: Dragapult|spa|2
|faint|p2a: Toxapex
|
|upkeep
|
|t:|1656531222
|switch|p2a: Clefable|Clefable, M|100/100
|turn|30
|
|t:|1656531228
|move|p1a: Dragapult|U-turn|p2a: Clefable
|-resisted|p2a: Clefable
|-damage|p2a: Clefable|94/100
|
|t:|1656531231
|switch|p1a: Blissey|Blissey, F|87/100|[from]move: U-turn
|move|p2a: Clefable|Calm Mind|p2a: Clefable
|-boost|p2a: Clefable|spa|1
|-boost|p2a: Clefable|spd|1
|
|upkeep
|turn|31
|
|t:|1656531237
|switch|p2a: Tornadus|Tornadus-Therian, M|42/100 par
|move|p1a: Blissey|Thunder Wave|p2a: Tornadus
|-fail|p2a: Tornadus|par
|
|upkeep
|turn|32
|
|t:|1656531248
|move|p2a: Tornadus|Defog|p1a: Blissey
|-unboost|p1a: Blissey|evasion|1
|-sideend|p1: Makuryu|Stealth Rock|[from] move: Defog|[of] p2a: Tornadus
|-sideend|p2: Chokst du|Spikes|[from] move: Defog|[of] p2a: Tornadus
|-sideend|p2: Chokst du|Stealth Rock|[from] move: Defog|[of] p2a: Tornadus
|move|p1a: Blissey|Teleport|p1a: Blissey
|
|t:|1656531255
|switch|p1a: Zapdos|Zapdos|94/100|[from]move: Teleport
|
|upkeep
|turn|33
|
|t:|1656531261
|switch|p2a: Landorus|Landorus-Therian, M|21/100
|-ability|p2a: Landorus|Intimidate|boost
|-unboost|p1a: Zapdos|atk|1
|move|p1a: Zapdos|Volt Switch|p2a: Landorus
|-immune|p2a: Landorus
|
|-heal|p2a: Landorus|27/100|[from] item: Leftovers
|upkeep
|turn|34
|
|t:|1656531269
|move|p1a: Zapdos|Heat Wave|p2a: Landorus
|-damage|p2a: Landorus|0 fnt
|faint|p2a: Landorus
|
|upkeep
|
|t:|1656531274
|switch|p2a: Clefable|Clefable, M|94/100
|turn|35
|
|t:|1656531281
|move|p1a: Zapdos|Volt Switch|p2a: Clefable
|-damage|p2a: Clefable|68/100
|
|t:|1656531284
|switch|p1a: Blissey|Blissey, F|87/100|[from]move: Volt Switch
|move|p2a: Clefable|Calm Mind|p2a: Clefable
|-boost|p2a: Clefable|spa|1
|-boost|p2a: Clefable|spd|1
|
|upkeep
|turn|36
|j| LT_Alt1
|
|t:|1656531290
|move|p2a: Clefable|Calm Mind|p2a: Clefable
|-boost|p2a: Clefable|spa|1
|-boost|p2a: Clefable|spd|1
|move|p1a: Blissey|Thunder Wave|p2a: Clefable
|-status|p2a: Clefable|par
|
|upkeep
|turn|37
|
|t:|1656531296
|move|p1a: Blissey|Seismic Toss|p2a: Clefable
|-damage|p2a: Clefable|43/100 par
|move|p2a: Clefable|Soft-Boiled|p2a: Clefable
|-heal|p2a: Clefable|93/100 par
|
|upkeep
|turn|38
|
|t:|1656531303
|move|p1a: Blissey|Seismic Toss|p2a: Clefable
|-damage|p2a: Clefable|68/100 par
|move|p2a: Clefable|Calm Mind|p2a: Clefable
|-boost|p2a: Clefable|spa|1
|-boost|p2a: Clefable|spd|1
|
|upkeep
|turn|39
|
|t:|1656531308
|move|p1a: Blissey|Seismic Toss|p2a: Clefable
|-damage|p2a: Clefable|42/100 par
|move|p2a: Clefable|Soft-Boiled|p2a: Clefable
|-heal|p2a: Clefable|92/100 par
|
|upkeep
|turn|40
|
|t:|1656531314
|move|p1a: Blissey|Seismic Toss|p2a: Clefable
|-damage|p2a: Clefable|67/100 par
|move|p2a: Clefable|Calm Mind|p2a: Clefable
|-boost|p2a: Clefable|spa|1
|-boost|p2a: Clefable|spd|1
|
|upkeep
|turn|41
|
|t:|1656531320
|move|p1a: Blissey|Seismic Toss|p2a: Clefable
|-damage|p2a: Clefable|41/100 par
|move|p2a: Clefable|Soft-Boiled|p2a: Clefable
|-heal|p2a: Clefable|91/100 par
|
|upkeep
|turn|42
|
|t:|1656531325
|move|p1a: Blissey|Seismic Toss|p2a: Clefable
|-damage|p2a: Clefable|66/100 par
|move|p2a: Clefable|Calm Mind|p2a: Clefable
|-boost|p2a: Clefable|spa|1
|-boost|p2a: Clefable|spd|1
|
|upkeep
|turn|43
|
|t:|1656531331
|move|p1a: Blissey|Seismic Toss|p2a: Clefable
|-damage|p2a: Clefable|41/100 par
|move|p2a: Clefable|Soft-Boiled|p2a: Clefable
|-heal|p2a: Clefable|91/100 par
|
|upkeep
|turn|44
|
|t:|1656531336
|move|p1a: Blissey|Seismic Toss|p2a: Clefable
|-damage|p2a: Clefable|65/100 par
|move|p2a: Clefable|Calm Mind|p2a: Clefable
|-boost|p2a: Clefable|spa|1
|-boost|p2a: Clefable|spd|1
|
|upkeep
|turn|45
|
|t:|1656531342
|move|p1a: Blissey|Seismic Toss|p2a: Clefable
|-damage|p2a: Clefable|40/100 par
|move|p2a: Clefable|Soft-Boiled|p2a: Clefable
|-heal|p2a: Clefable|90/100 par
|
|upkeep
|turn|46
|
|t:|1656531347
|move|p1a: Blissey|Seismic Toss|p2a: Clefable
|-damage|p2a: Clefable|64/100 par
|move|p2a: Clefable|Moonblast|p1a: Blissey
|-damage|p1a: Blissey|44/100
|
|upkeep
|turn|47
|
|t:|1656531353
|move|p1a: Blissey|Soft-Boiled|p1a: Blissey
|-heal|p1a: Blissey|94/100
|move|p2a: Clefable|Soft-Boiled|p2a: Clefable
|-heal|p2a: Clefable|100/100 par
|
|upkeep
|turn|48
|c| CB Bhris Breezy|you might need to run imprison on your bliss
|
|t:|1656531364
|move|p1a: Blissey|Seismic Toss|p2a: Clefable
|-damage|p2a: Clefable|75/100 par
|move|p2a: Clefable|Thunder|p1a: Blissey
|-damage|p1a: Blissey|56/100
|
|upkeep
|turn|49
|
|t:|1656531371
|move|p1a: Blissey|Soft-Boiled|p1a: Blissey
|-heal|p1a: Blissey|100/100
|cant|p2a: Clefable|par
|
|upkeep
|turn|50
|
|t:|1656531376
|move|p1a: Blissey|Seismic Toss|p2a: Clefable
|-damage|p2a: Clefable|50/100 par
|cant|p2a: Clefable|par
|
|upkeep
|turn|51
|
|t:|1656531381
|move|p1a: Blissey|Seismic Toss|p2a: Clefable
|-damage|p2a: Clefable|24/100 par
|move|p2a: Clefable|Soft-Boiled|p2a: Clefable
|-heal|p2a: Clefable|74/100 par
|
|upkeep
|turn|52
|
|t:|1656531386
|move|p1a: Blissey|Seismic Toss|p2a: Clefable
|-damage|p2a: Clefable|49/100 par
|cant|p2a: Clefable|par
|
|upkeep
|turn|53
|
|t:|1656531391
|move|p1a: Blissey|Seismic Toss|p2a: Clefable
|-damage|p2a: Clefable|24/100 par
|cant|p2a: Clefable|par
|
|upkeep
|turn|54
|
|t:|1656531402
|switch|p2a: Tyranitar|Tyranitar, M|50/100 tox
|-weather|Sandstorm|[from] ability: Sand Stream|[of] p2a: Tyranitar
|move|p1a: Blissey|Seismic Toss|p2a: Tyranitar
|-damage|p2a: Tyranitar|21/100 tox
|
|-weather|Sandstorm|[upkeep]
|-damage|p1a: Blissey|94/100|[from] Sandstorm
|-damage|p2a: Tyranitar|15/100 tox|[from] psn
|upkeep
|turn|55
|
|t:|1656531427
|switch|p1a: Dragapult|Dragapult, M|14/100
|move|p2a: Tyranitar|Stone Edge|p1a: Dragapult|[miss]
|-miss|p2a: Tyranitar|p1a: Dragapult
|
|-weather|Sandstorm|[upkeep]
|-damage|p1a: Dragapult|8/100|[from] Sandstorm
|-damage|p2a: Tyranitar|2/100 tox|[from] psn
|upkeep
|turn|56
|-message|Chokst du forfeited.
|
|win|Makuryu
|raw|Makuryu's rating: 1834 &rarr; <strong>1854</strong><br />(+20 for winning)
|raw|Chokst du's rating: 1831 &rarr; <strong>1811</strong><br />(-20 for losing)
|l| LT_Alt1
|l|☆Makuryu
