|j|☆Arcangel666
|j|☆Yuipo practice
|t:|1662493054
|gametype|singles
|player|p1|Arcangel666|piers|1705
|player|p2|Yuipo practice|preschooler|1631
|teamsize|p1|6
|teamsize|p2|6
|gen|8
|tier|[Gen 8] OU
|rated|
|rule|Sleep Clause Mod: Limit one foe put to sleep
|rule|Species Clause: Limit one of each Pokémon
|rule|OHKO Clause: OHKO moves are banned
|rule|Evasion Items Clause: Evasion items are banned
|rule|Evasion Moves Clause: Evasion moves are banned
|rule|Endless Battle Clause: Forcing endless battles is banned
|rule|HP Percentage Mod: HP is shown in percentages
|rule|Dynamax Clause: You cannot dynamax
|clearpoke
|poke|p1|Rillaboom, M|
|poke|p1|Regieleki|
|poke|p1|Garchomp, M|
|poke|p1|Melmetal|
|poke|p1|Tapu Fini|
|poke|p1|Zapdos-Galar|
|poke|p2|Tornadus-Therian, M|
|poke|p2|Diggersby, F|
|poke|p2|Ferrothorn, M|
|poke|p2|Nihilego|
|poke|p2|Rotom-Heat|
|poke|p2|Tapu Fini|
|teampreview
|c|☆Yuipo practice|hf hf
|
|t:|1662493062
|start
|switch|p1a: Zapdos|Zapdos-Galar, shiny|100/100
|switch|p2a: Tornadus|Tornadus-Therian, M|100/100
|turn|1
|
|t:|1662493069
|switch|p1a: Melmetal|Melmetal, shiny|100/100
|move|p2a: Tornadus|Hurricane|p1a: Melmetal
|-resisted|p1a: Melmetal
|-damage|p1a: Melmetal|78/100
|-damage|p2a: Tornadus|91/100|[from] item: Life Orb
|
|upkeep
|turn|2
|inactive|Battle timer is ON: inactive players will automatically lose when time's up. (requested by Arcangel666)
|
|t:|1662493120
|switch|p2a: Rotom|Rotom-Heat|100/100
|move|p1a: Melmetal|Ice Punch|p2a: Rotom
|-resisted|p2a: Rotom
|-damage|p2a: Rotom|87/100
|-status|p2a: Rotom|frz
|
|upkeep
|turn|3
|
|t:|1662493130
|cant|p2a: Rotom|frz
|move|p1a: Melmetal|Rock Slide|p2a: Rotom
|-supereffective|p2a: Rotom
|-damage|p2a: Rotom|40/100 frz
|
|upkeep
|turn|4
|
|t:|1662493138
|switch|p2a: Ferrothorn|Ferrothorn, M|100/100
|switch|p1a: Garchomp|Garchomp, M|100/100
|
|upkeep
|turn|5
|
|t:|1662493153
|switch|p1a: Zapdos|Zapdos-Galar, shiny|100/100
|move|p2a: Ferrothorn|Leech Seed|p1a: Zapdos|[miss]
|-miss|p2a: Ferrothorn|p1a: Zapdos
|
|upkeep
|turn|6
|
|t:|1662493160
|switch|p2a: Rotom|Rotom-Heat|40/100 frz
|move|p1a: Zapdos|Brave Bird|p2a: Rotom
|-resisted|p2a: Rotom
|-damage|p2a: Rotom|6/100 frz
|-damage|p1a: Zapdos|90/100|[from] Recoil
|
|upkeep
|turn|7
|
|t:|1662493168
|move|p1a: Zapdos|Brave Bird|p2a: Rotom
|-resisted|p2a: Rotom
|-damage|p2a: Rotom|0 fnt
|faint|p2a: Rotom
|-damage|p1a: Zapdos|88/100|[from] Recoil
|
|upkeep
|
|t:|1662493170
|switch|p2a: Nihilego|Nihilego|100/100
|turn|8
|
|t:|1662493173
|switch|p1a: Melmetal|Melmetal, shiny|78/100
|move|p2a: Nihilego|Stealth Rock|p1a: Melmetal
|-sidestart|p1: Arcangel666|move: Stealth Rock
|
|upkeep
|turn|9
|
|t:|1662493178
|switch|p2a: Ferrothorn|Ferrothorn, M|100/100
|switch|p1a: Regieleki|Regieleki, shiny|100/100
|-damage|p1a: Regieleki|88/100|[from] Stealth Rock
|
|upkeep
|turn|10
|
|t:|1662493184
|move|p1a: Regieleki|Electro Ball|p2a: Ferrothorn
|-resisted|p2a: Ferrothorn
|-damage|p2a: Ferrothorn|58/100
|move|p2a: Ferrothorn|Leech Seed|p1a: Regieleki
|-start|p1a: Regieleki|move: Leech Seed
|
|-heal|p2a: Ferrothorn|65/100|[from] item: Leftovers
|-damage|p1a: Regieleki|76/100|[from] Leech Seed|[of] p2a: Ferrothorn
|-heal|p2a: Ferrothorn|75/100|[silent]
|upkeep
|turn|11
|
|t:|1662493193
|move|p1a: Regieleki|Rapid Spin|p2a: Ferrothorn
|-resisted|p2a: Ferrothorn
|-damage|p2a: Ferrothorn|72/100
|-boost|p1a: Regieleki|spe|1
|-damage|p1a: Regieleki|64/100|[from] ability: Iron Barbs|[of] p2a: Ferrothorn
|-end|p1a: Regieleki|Leech Seed|[from] move: Rapid Spin|[of] p1a: Regieleki
|-sideend|p1: Arcangel666|Stealth Rock|[from] move: Rapid Spin|[of] p1a: Regieleki
|move|p2a: Ferrothorn|Knock Off|p1a: Regieleki
|-damage|p1a: Regieleki|20/100
|-enditem|p1a: Regieleki|Magnet|[from] move: Knock Off|[of] p2a: Ferrothorn
|
|-heal|p2a: Ferrothorn|78/100|[from] item: Leftovers
|upkeep
|turn|12
|
|t:|1662493205
|move|p1a: Regieleki|Electro Ball|p2a: Ferrothorn
|-resisted|p2a: Ferrothorn
|-damage|p2a: Ferrothorn|42/100
|move|p2a: Ferrothorn|Leech Seed|p1a: Regieleki
|-start|p1a: Regieleki|move: Leech Seed
|
|-heal|p2a: Ferrothorn|49/100|[from] item: Leftovers
|-damage|p1a: Regieleki|8/100|[from] Leech Seed|[of] p2a: Ferrothorn
|-heal|p2a: Ferrothorn|59/100|[silent]
|upkeep
|turn|13
|
|t:|1662493223
|switch|p2a: Diggersby|Diggersby, F|100/100
|move|p1a: Regieleki|Electro Ball|p2a: Diggersby
|-immune|p2a: Diggersby
|
|-damage|p1a: Regieleki|0 fnt|[from] Leech Seed|[of] p2a: Diggersby
|faint|p1a: Regieleki
|upkeep
|
|t:|1662493226
|switch|p1a: Rillaboom|Rillaboom, M, shiny|100/100
|-fieldstart|move: Grassy Terrain|[from] ability: Grassy Surge|[of] p1a: Rillaboom
|turn|14
|
|t:|1662493233
|move|p2a: Diggersby|Mega Kick|p1a: Rillaboom
|-damage|p1a: Rillaboom|11/100
|-damage|p2a: Diggersby|91/100|[from] item: Life Orb
|move|p1a: Rillaboom|U-turn|p2a: Diggersby
|-damage|p2a: Diggersby|41/100
|
|t:|1662493241
|switch|p1a: Garchomp|Garchomp, M|100/100|[from]move: U-turn
|
|-heal|p2a: Diggersby|47/100|[from] Grassy Terrain
|upkeep
|turn|15
|
|t:|1662493264
|switch|p2a: Ferrothorn|Ferrothorn, M|59/100
|move|p1a: Garchomp|Stealth Rock|p2a: Ferrothorn
|-sidestart|p2: Yuipo practice|move: Stealth Rock
|
|-heal|p2a: Ferrothorn|65/100|[from] Grassy Terrain
|-heal|p2a: Ferrothorn|72/100|[from] item: Leftovers
|upkeep
|turn|16
|
|t:|1662493272
|switch|p1a: Zapdos|Zapdos-Galar, shiny|88/100
|move|p2a: Ferrothorn|Leech Seed|p1a: Zapdos
|-start|p1a: Zapdos|move: Leech Seed
|
|-heal|p2a: Ferrothorn|78/100|[from] Grassy Terrain
|-heal|p2a: Ferrothorn|84/100|[from] item: Leftovers
|-damage|p1a: Zapdos|76/100|[from] Leech Seed|[of] p2a: Ferrothorn
|-heal|p2a: Ferrothorn|95/100|[silent]
|upkeep
|turn|17
|inactive|Yuipo practice has 120 seconds left.
|
|t:|1662493297
|switch|p2a: Nihilego|Nihilego|100/100
|-damage|p2a: Nihilego|88/100|[from] Stealth Rock
|move|p1a: Zapdos|Brave Bird|p2a: Nihilego
|-resisted|p2a: Nihilego
|-damage|p2a: Nihilego|16/100
|-damage|p1a: Zapdos|49/100|[from] Recoil
|
|-heal|p2a: Nihilego|23/100|[from] Grassy Terrain
|-damage|p1a: Zapdos|37/100|[from] Leech Seed|[of] p2a: Nihilego
|-heal|p2a: Nihilego|34/100|[silent]
|upkeep
|turn|18
|
|t:|1662493305
|switch|p1a: Melmetal|Melmetal, shiny|78/100
|move|p2a: Nihilego|Stealth Rock|p1a: Melmetal
|-sidestart|p1: Arcangel666|move: Stealth Rock
|
|-heal|p2a: Nihilego|40/100|[from] Grassy Terrain
|-heal|p1a: Melmetal|84/100|[from] Grassy Terrain
|-fieldend|move: Grassy Terrain
|upkeep
|turn|19
|
|t:|1662493312
|switch|p2a: Ferrothorn|Ferrothorn, M|95/100
|-damage|p2a: Ferrothorn|89/100|[from] Stealth Rock
|switch|p1a: Zapdos|Zapdos-Galar, shiny|37/100
|-damage|p1a: Zapdos|24/100|[from] Stealth Rock
|
|-heal|p2a: Ferrothorn|95/100|[from] item: Leftovers
|upkeep
|turn|20
|
|t:|1662493318
|switch|p2a: Nihilego|Nihilego|40/100
|-damage|p2a: Nihilego|28/100|[from] Stealth Rock
|move|p1a: Zapdos|Close Combat|p2a: Nihilego
|-damage|p2a: Nihilego|0 fnt
|-unboost|p1a: Zapdos|def|1
|-unboost|p1a: Zapdos|spd|1
|faint|p2a: Nihilego
|
|upkeep
|inactive|Yuipo practice has 120 seconds left.
|
|t:|1662493347
|switch|p2a: Tapu Fini|Tapu Fini|100/100
|-damage|p2a: Tapu Fini|88/100|[from] Stealth Rock
|-fieldstart|move: Misty Terrain|[from] ability: Misty Surge|[of] p2a: Tapu Fini
|turn|21
|
|t:|1662493351
|switch|p2a: Diggersby|Diggersby, F|47/100
|-damage|p2a: Diggersby|41/100|[from] Stealth Rock
|switch|p1a: Rillaboom|Rillaboom, M, shiny|11/100
|-damage|p1a: Rillaboom|0 fnt|[from] Stealth Rock
|faint|p1a: Rillaboom
|
|upkeep
|
|t:|1662493356
|switch|p1a: Garchomp|Garchomp, M|100/100
|-damage|p1a: Garchomp|94/100|[from] Stealth Rock
|turn|22
|
|t:|1662493363
|switch|p2a: Tornadus|Tornadus-Therian, M|100/100
|-damage|p2a: Tornadus|76/100|[from] Stealth Rock
|move|p1a: Garchomp|Earthquake|p2a: Tornadus
|-immune|p2a: Tornadus
|
|upkeep
|turn|23
|
|t:|1662493368
|move|p2a: Tornadus|Taunt|p1a: Garchomp
|-start|p1a: Garchomp|move: Taunt
|cant|p1a: Garchomp|move: Taunt|Toxic
|
|upkeep
|turn|24
|
|t:|1662493373
|switch|p1a: Melmetal|Melmetal, shiny|84/100
|-damage|p1a: Melmetal|78/100|[from] Stealth Rock
|move|p2a: Tornadus|Nasty Plot|p2a: Tornadus
|-boost|p2a: Tornadus|spa|2
|
|upkeep
|turn|25
|
|t:|1662493379
|move|p2a: Tornadus|Focus Blast|p1a: Melmetal
|-supereffective|p1a: Melmetal
|-damage|p1a: Melmetal|0 fnt
|faint|p1a: Melmetal
|-damage|p2a: Tornadus|66/100|[from] item: Life Orb
|
|-fieldend|Misty Terrain
|upkeep
|
|t:|1662493384
|switch|p1a: Tapu Fini|Tapu Fini, shiny|100/100
|-damage|p1a: Tapu Fini|88/100|[from] Stealth Rock
|-fieldstart|move: Misty Terrain|[from] ability: Misty Surge|[of] p1a: Tapu Fini
|turn|26
|
|t:|1662493390
|move|p2a: Tornadus|Taunt|p1a: Tapu Fini
|-start|p1a: Tapu Fini|move: Taunt
|cant|p1a: Tapu Fini|move: Taunt|Calm Mind
|
|-heal|p1a: Tapu Fini|94/100|[from] item: Leftovers
|upkeep
|turn|27
|
|t:|1662493395
|move|p2a: Tornadus|Hurricane|p1a: Tapu Fini
|-damage|p1a: Tapu Fini|20/100
|-damage|p2a: Tornadus|56/100|[from] item: Life Orb
|move|p1a: Tapu Fini|Surf|p2a: Tornadus
|-damage|p2a: Tornadus|20/100
|
|-heal|p1a: Tapu Fini|26/100|[from] item: Leftovers
|upkeep
|turn|28
|
|t:|1662493403
|switch|p2a: Ferrothorn|Ferrothorn, M|95/100
|-damage|p2a: Ferrothorn|89/100|[from] Stealth Rock
|move|p1a: Tapu Fini|Surf|p2a: Ferrothorn
|-resisted|p2a: Ferrothorn
|-crit|p2a: Ferrothorn
|-damage|p2a: Ferrothorn|72/100
|
|-heal|p1a: Tapu Fini|32/100|[from] item: Leftovers
|-heal|p2a: Ferrothorn|78/100|[from] item: Leftovers
|-end|p1a: Tapu Fini|move: Taunt
|upkeep
|turn|29
|
|t:|1662493406
|switch|p1a: Zapdos|Zapdos-Galar, shiny|24/100
|-damage|p1a: Zapdos|12/100|[from] Stealth Rock
|move|p2a: Ferrothorn|Knock Off|p1a: Zapdos
|-resisted|p1a: Zapdos
|-damage|p1a: Zapdos|0 fnt
|-enditem|p1a: Zapdos|Choice Band|[from] move: Knock Off|[of] p2a: Ferrothorn
|faint|p1a: Zapdos
|
|-heal|p2a: Ferrothorn|84/100|[from] item: Leftovers
|upkeep
|-message|Arcangel666 forfeited.
|
|win|Yuipo practice
|raw|Arcangel666's rating: 1705 &rarr; <strong>1681</strong><br />(-24 for losing)
|raw|Yuipo practice's rating: 1631 &rarr; <strong>1655</strong><br />(+24 for winning)
|l|☆Arcangel666
|c|☆Yuipo practice|gg
|l|☆Yuipo practice
|j|☆Yuipo practice
|player|p2|Yuipo practice|preschooler
||Ladder isn't responding, score probably updated but might not have (Request timeout).
