|j|☆badalakazam
|j|☆LT82ZW Guatemala
|t:|1634509676
|gametype|singles
|player|p1|badalakazam|hiker-gen4|1742
|player|p2|LT82ZW Guatemala|102|1795
|teamsize|p1|6
|teamsize|p2|6
|gen|8
|tier|[Gen 8] OU
|rated|
|rule|Sleep Clause Mod: Limit one foe put to sleep
|rule|Species Clause: Limit one of each Pokémon
|rule|OHKO Clause: OHKO moves are banned
|rule|Evasion Moves Clause: Evasion moves are banned
|rule|Endless Battle Clause: Forcing endless battles is banned
|rule|HP Percentage Mod: HP is shown in percentages
|rule|Dynamax Clause: You cannot dynamax
|clearpoke
|poke|p1|Kartana|
|poke|p1|Zeraora|
|poke|p1|Victini|
|poke|p1|Kommo-o, F|
|poke|p1|Toxapex, F|
|poke|p1|Zapdos|
|poke|p2|Hawlucha, F|
|poke|p2|Hippowdon, F|
|poke|p2|Melmetal|
|poke|p2|Tapu Fini|
|poke|p2|Tapu Koko|
|poke|p2|Urshifu-*, F|
|teampreview
|
|t:|1634509708
|start
|switch|p1a: Victini|Victini|100/100
|switch|p2a: Melmetal|Melmetal|100/100
|turn|1
|
|t:|1634509714
|switch|p2a: Tapu Fini|Tapu Fini|100/100
|-fieldstart|move: Misty Terrain|[from] ability: Misty Surge|[of] p2a: Tapu Fini
|move|p1a: Victini|U-turn|p2a: Tapu Fini
|-resisted|p2a: Tapu Fini
|-damage|p2a: Tapu Fini|94/100
|inactive|Battle timer is ON: inactive players will automatically lose when time's up. (requested by LT82ZW Guatemala)
|
|t:|1634509720
|switch|p1a: Toxapex|Toxapex, F|100/100|[from]move: U-turn
|
|-heal|p2a: Tapu Fini|99/100|[from] item: Leftovers
|upkeep
|turn|2
|j| The Radiant Me
|
|t:|1634509724
|switch|p2a: Hippowdon|Hippowdon, F|100/100
|-weather|Sandstorm|[from] ability: Sand Stream|[of] p2a: Hippowdon
|move|p1a: Toxapex|Knock Off|p2a: Hippowdon
|-damage|p2a: Hippowdon|90/100
|-enditem|p2a: Hippowdon|Leftovers|[from] move: Knock Off|[of] p1a: Toxapex
|
|-weather|Sandstorm|[upkeep]
|-damage|p1a: Toxapex|94/100|[from] Sandstorm
|upkeep
|turn|3
|j| The meme-525
|
|t:|1634509729
|move|p2a: Hippowdon|Earthquake|p1a: Toxapex
|-supereffective|p1a: Toxapex
|-damage|p1a: Toxapex|49/100
|move|p1a: Toxapex|Scald|p2a: Hippowdon
|-supereffective|p2a: Hippowdon
|-damage|p2a: Hippowdon|65/100
|
|-weather|Sandstorm|[upkeep]
|-damage|p1a: Toxapex|43/100|[from] Sandstorm
|upkeep
|turn|4
|
|t:|1634509736
|switch|p1a: Kartana|Kartana|100/100
|move|p2a: Hippowdon|Stealth Rock|p1a: Kartana
|-sidestart|p1: badalakazam|move: Stealth Rock
|
|-weather|Sandstorm|[upkeep]
|upkeep
|turn|5
|
|t:|1634509740
|switch|p2a: Melmetal|Melmetal|100/100
|move|p1a: Kartana|Swords Dance|p1a: Kartana
|-boost|p1a: Kartana|atk|2
|
|-weather|Sandstorm|[upkeep]
|-fieldend|Misty Terrain
|upkeep
|turn|6
|j| Zombini62
|
|t:|1634509745
|move|p1a: Kartana|Sacred Sword|p2a: Melmetal
|-supereffective|p2a: Melmetal
|-damage|p2a: Melmetal|30/100
|move|p2a: Melmetal|Superpower|p1a: Kartana
|-supereffective|p1a: Kartana
|-damage|p1a: Kartana|0 fnt
|-unboost|p2a: Melmetal|atk|1
|-unboost|p2a: Melmetal|def|1
|faint|p1a: Kartana
|
|-weather|none
|upkeep
|j| Sorcier anguilion
|l| The meme-525
|
|t:|1634509759
|switch|p1a: Victini|Victini|100/100
|turn|7
|
|t:|1634509766
|switch|p2a: Tapu Fini|Tapu Fini|99/100
|-fieldstart|move: Misty Terrain|[from] ability: Misty Surge|[of] p2a: Tapu Fini
|move|p1a: Victini|Bolt Strike|p2a: Tapu Fini
|-supereffective|p2a: Tapu Fini
|-damage|p2a: Tapu Fini|48/100
|
|-heal|p2a: Tapu Fini|54/100|[from] item: Leftovers
|upkeep
|turn|8
|
|t:|1634509774
|move|p1a: Victini|Bolt Strike|p2a: Tapu Fini
|-supereffective|p2a: Tapu Fini
|-damage|p2a: Tapu Fini|3/100
|move|p2a: Tapu Fini|Nature's Madness|p1a: Victini
|-damage|p1a: Victini|51/100
|
|-heal|p2a: Tapu Fini|9/100|[from] item: Leftovers
|upkeep
|turn|9
|
|t:|1634509779
|switch|p2a: Hippowdon|Hippowdon, F|65/100
|-weather|Sandstorm|[from] ability: Sand Stream|[of] p2a: Hippowdon
|move|p1a: Victini|V-create|p2a: Hippowdon
|-damage|p2a: Hippowdon|10/100
|-unboost|p1a: Victini|spe|1
|-unboost|p1a: Victini|def|1
|-unboost|p1a: Victini|spd|1
|
|-weather|Sandstorm|[upkeep]
|-damage|p1a: Victini|44/100|[from] Sandstorm
|upkeep
|turn|10
|
|t:|1634509786
|move|p1a: Victini|Glaciate|p2a: Hippowdon
|-supereffective|p2a: Hippowdon
|-crit|p2a: Hippowdon
|-damage|p2a: Hippowdon|0 fnt
|faint|p2a: Hippowdon
|
|-weather|Sandstorm|[upkeep]
|-damage|p1a: Victini|38/100|[from] Sandstorm
|upkeep
|
|t:|1634509793
|switch|p2a: Urshifu|Urshifu-Rapid-Strike, F|100/100
|turn|11
|
|t:|1634509803
|move|p2a: Urshifu|Close Combat|p1a: Victini
|-resisted|p1a: Victini
|-damage|p1a: Victini|0 fnt
|-unboost|p2a: Urshifu|def|1
|-unboost|p2a: Urshifu|spd|1
|faint|p1a: Victini
|
|-weather|Sandstorm|[upkeep]
|-damage|p2a: Urshifu|94/100|[from] Sandstorm
|-fieldend|Misty Terrain
|upkeep
|
|t:|1634509813
|switch|p1a: Zeraora|Zeraora|100/100
|turn|12
|
|t:|1634509816
|switch|p2a: Tapu Fini|Tapu Fini|9/100
|-fieldstart|move: Misty Terrain|[from] ability: Misty Surge|[of] p2a: Tapu Fini
|move|p1a: Zeraora|Plasma Fists|p2a: Tapu Fini
|-supereffective|p2a: Tapu Fini
|-damage|p2a: Tapu Fini|0 fnt
|faint|p2a: Tapu Fini
|
|-weather|Sandstorm|[upkeep]
|-damage|p1a: Zeraora|95/100|[from] Sandstorm
|upkeep
|
|t:|1634509827
|switch|p2a: Tapu Koko|Tapu Koko|100/100
|-fieldstart|move: Electric Terrain|[from] ability: Electric Surge|[of] p2a: Tapu Koko
|turn|13
|
|t:|1634509831
|move|p1a: Zeraora|Plasma Fists|p2a: Tapu Koko
|-resisted|p2a: Tapu Koko
|-damage|p2a: Tapu Koko|56/100
|move|p2a: Tapu Koko|Dazzling Gleam|p1a: Zeraora
|-damage|p1a: Zeraora|53/100
|
|-weather|none
|upkeep
|turn|14
|
|t:|1634509840
|move|p1a: Zeraora|Bulk Up|p1a: Zeraora
|-boost|p1a: Zeraora|atk|1
|-boost|p1a: Zeraora|def|1
|move|p2a: Tapu Koko|U-turn|p1a: Zeraora
|-damage|p1a: Zeraora|39/100
|
|t:|1634509843
|switch|p2a: Hawlucha|Hawlucha, F|100/100|[from]move: U-turn
|-enditem|p2a: Hawlucha|Electric Seed
|-boost|p2a: Hawlucha|def|1|[from] item: Electric Seed
|
|upkeep
|turn|15
|
|t:|1634509846
|switch|p1a: Zapdos|Zapdos|100/100
|move|p2a: Hawlucha|Close Combat|p1a: Zapdos
|-resisted|p1a: Zapdos
|-damage|p1a: Zapdos|79/100
|-unboost|p2a: Hawlucha|def|1
|-unboost|p2a: Hawlucha|spd|1
|-status|p2a: Hawlucha|par|[from] ability: Static|[of] p1a: Zapdos
|
|upkeep
|turn|16
|
|t:|1634509855
|move|p2a: Hawlucha|Substitute|p2a: Hawlucha
|-start|p2a: Hawlucha|Substitute
|-damage|p2a: Hawlucha|76/100 par
|move|p1a: Zapdos|Discharge|p2a: Hawlucha
|-supereffective|p2a: Hawlucha
|-end|p2a: Hawlucha|Substitute
|
|upkeep
|turn|17
|
|t:|1634509861
|move|p2a: Hawlucha|Substitute|p2a: Hawlucha
|-start|p2a: Hawlucha|Substitute
|-damage|p2a: Hawlucha|51/100 par
|move|p1a: Zapdos|Discharge|p2a: Hawlucha
|-supereffective|p2a: Hawlucha
|-end|p2a: Hawlucha|Substitute
|
|-fieldend|move: Electric Terrain
|upkeep
|turn|18
|
|t:|1634509865
|switch|p2a: Tapu Koko|Tapu Koko|56/100
|-fieldstart|move: Electric Terrain|[from] ability: Electric Surge|[of] p2a: Tapu Koko
|move|p1a: Zapdos|Discharge|p2a: Tapu Koko
|-resisted|p2a: Tapu Koko
|-damage|p2a: Tapu Koko|31/100
|
|upkeep
|turn|19
|j| andrethagiiant
|
|t:|1634509876
|move|p2a: Tapu Koko|Roost|p2a: Tapu Koko
|-heal|p2a: Tapu Koko|81/100
|-singleturn|p2a: Tapu Koko|move: Roost
|move|p1a: Zapdos|Discharge|p2a: Tapu Koko
|-resisted|p2a: Tapu Koko
|-damage|p2a: Tapu Koko|57/100
|
|upkeep
|turn|20
|
|t:|1634509882
|move|p2a: Tapu Koko|Thunderbolt|p1a: Zapdos
|-damage|p1a: Zapdos|30/100
|move|p1a: Zapdos|Roost|p1a: Zapdos
|-heal|p1a: Zapdos|80/100
|-singleturn|p1a: Zapdos|move: Roost
|
|upkeep
|turn|21
|
|t:|1634509887
|move|p2a: Tapu Koko|Dazzling Gleam|p1a: Zapdos
|-damage|p1a: Zapdos|49/100
|move|p1a: Zapdos|Roost|p1a: Zapdos
|-heal|p1a: Zapdos|99/100
|-singleturn|p1a: Zapdos|move: Roost
|
|upkeep
|turn|22
|
|t:|1634509895
|move|p2a: Tapu Koko|Roost|p2a: Tapu Koko
|-heal|p2a: Tapu Koko|100/100
|-singleturn|p2a: Tapu Koko|move: Roost
|move|p1a: Zapdos|Defog|p2a: Tapu Koko
|-unboost|p2a: Tapu Koko|evasion|1
|-sideend|p1: badalakazam|Stealth Rock|[from] move: Defog|[of] p1a: Zapdos
|-fieldend|move: Electric Terrain
|
|upkeep
|turn|23
|
|t:|1634509900
|move|p2a: Tapu Koko|Dazzling Gleam|p1a: Zapdos
|-crit|p1a: Zapdos
|-damage|p1a: Zapdos|52/100
|move|p1a: Zapdos|Hurricane|p2a: Tapu Koko
|-resisted|p2a: Tapu Koko
|-damage|p2a: Tapu Koko|68/100
|
|upkeep
|turn|24
|
|t:|1634509907
|move|p2a: Tapu Koko|Thunderbolt|p1a: Zapdos
|-damage|p1a: Zapdos|16/100
|move|p1a: Zapdos|Roost|p1a: Zapdos
|-heal|p1a: Zapdos|66/100
|-singleturn|p1a: Zapdos|move: Roost
|
|upkeep
|turn|25
|
|t:|1634509913
|move|p2a: Tapu Koko|U-turn|p1a: Zapdos
|-resisted|p1a: Zapdos
|-damage|p1a: Zapdos|60/100
|
|t:|1634509915
|switch|p2a: Urshifu|Urshifu-Rapid-Strike, F|94/100|[from]move: U-turn
|move|p1a: Zapdos|Roost|p1a: Zapdos
|-heal|p1a: Zapdos|100/100
|-singleturn|p1a: Zapdos|move: Roost
|
|upkeep
|turn|26
|
|t:|1634509920
|move|p2a: Urshifu|Surging Strikes|p1a: Zapdos
|-crit|p1a: Zapdos
|-damage|p1a: Zapdos|78/100
|-crit|p1a: Zapdos
|-damage|p1a: Zapdos|56/100
|-crit|p1a: Zapdos
|-damage|p1a: Zapdos|31/100
|-hitcount|p1a: Zapdos|3
|move|p1a: Zapdos|Discharge|p2a: Urshifu
|-supereffective|p2a: Urshifu
|-damage|p2a: Urshifu|0 fnt
|faint|p2a: Urshifu
|
|upkeep
|
|t:|1634509929
|switch|p2a: Tapu Koko|Tapu Koko|68/100
|-fieldstart|move: Electric Terrain|[from] ability: Electric Surge|[of] p2a: Tapu Koko
|turn|27
|
|t:|1634509938
|switch|p1a: Kommo-o|Kommo-o, F|100/100
|move|p2a: Tapu Koko|Dazzling Gleam|p1a: Kommo-o
|-supereffective|p1a: Kommo-o
|-damage|p1a: Kommo-o|0 fnt
|faint|p1a: Kommo-o
|
|upkeep
|
|t:|1634509945
|switch|p1a: Toxapex|Toxapex, F|76/100
|turn|28
|
|t:|1634509950
|switch|p1a: Zeraora|Zeraora|39/100
|move|p2a: Tapu Koko|U-turn|p1a: Zeraora
|-damage|p1a: Zeraora|18/100
|
|t:|1634509956
|switch|p2a: Melmetal|Melmetal|30/100|[from]move: U-turn
|
|upkeep
|turn|29
|
|t:|1634509960
|switch|p2a: Hawlucha|Hawlucha, F|51/100 par
|move|p1a: Zeraora|Plasma Fists|p2a: Hawlucha
|-supereffective|p2a: Hawlucha
|-crit|p2a: Hawlucha
|-damage|p2a: Hawlucha|0 fnt
|faint|p2a: Hawlucha
|
|upkeep
|
|t:|1634509965
|switch|p2a: Tapu Koko|Tapu Koko|68/100
|turn|30
|
|t:|1634509981
|switch|p1a: Toxapex|Toxapex, F|100/100
|move|p2a: Tapu Koko|Roost|p2a: Tapu Koko
|-heal|p2a: Tapu Koko|100/100
|-singleturn|p2a: Tapu Koko|move: Roost
|
|upkeep
|turn|31
|
|t:|1634509988
|move|p2a: Tapu Koko|Thunderbolt|p1a: Toxapex
|-supereffective|p1a: Toxapex
|-damage|p1a: Toxapex|21/100
|move|p1a: Toxapex|Recover|p1a: Toxapex
|-heal|p1a: Toxapex|71/100
|
|-fieldend|move: Electric Terrain
|upkeep
|turn|32
|
|t:|1634509997
|move|p2a: Tapu Koko|Dazzling Gleam|p1a: Toxapex
|-resisted|p1a: Toxapex
|-damage|p1a: Toxapex|57/100
|move|p1a: Toxapex|Recover|p1a: Toxapex
|-heal|p1a: Toxapex|100/100
|
|upkeep
|turn|33
|
|t:|1634510000
|move|p2a: Tapu Koko|U-turn|p1a: Toxapex
|-resisted|p1a: Toxapex
|-damage|p1a: Toxapex|95/100
|-damage|p2a: Tapu Koko|84/100|[from] item: Rocky Helmet|[of] p1a: Toxapex
|
|t:|1634510001
|switch|p2a: Melmetal|Melmetal|30/100|[from]move: U-turn
|move|p1a: Toxapex|Toxic|p2a: Melmetal
|-immune|p2a: Melmetal
|
|upkeep
|turn|34
|
|t:|1634510009
|move|p1a: Toxapex|Scald|p2a: Melmetal
|-damage|p2a: Melmetal|16/100
|move|p2a: Melmetal|Earthquake|p1a: Toxapex
|-supereffective|p1a: Toxapex
|-damage|p1a: Toxapex|25/100
|
|upkeep
|turn|35
|
|t:|1634510030
|switch|p2a: Tapu Koko|Tapu Koko|84/100
|-fieldstart|move: Electric Terrain|[from] ability: Electric Surge|[of] p2a: Tapu Koko
|move|p1a: Toxapex|Recover|p1a: Toxapex
|-heal|p1a: Toxapex|75/100
|
|upkeep
|turn|36
|l| Sorcier anguilion
|
|t:|1634510037
|switch|p1a: Zeraora|Zeraora|18/100
|move|p2a: Tapu Koko|Roost|p2a: Tapu Koko
|-heal|p2a: Tapu Koko|100/100
|-singleturn|p2a: Tapu Koko|move: Roost
|
|upkeep
|turn|37
|
|t:|1634510045
|switch|p1a: Toxapex|Toxapex, F|100/100
|move|p2a: Tapu Koko|Thunderbolt|p1a: Toxapex
|-supereffective|p1a: Toxapex
|-damage|p1a: Toxapex|24/100
|
|upkeep
|turn|38
|
|t:|1634510050
|switch|p1a: Zeraora|Zeraora|18/100
|move|p2a: Tapu Koko|Dazzling Gleam|p1a: Zeraora
|-damage|p1a: Zeraora|0 fnt
|faint|p1a: Zeraora
|
|upkeep
|c|☆LT82ZW Guatemala|Gg
|
|t:|1634510057
|switch|p1a: Toxapex|Toxapex, F|57/100
|turn|39
|
|t:|1634510061
|switch|p1a: Zapdos|Zapdos|31/100
|move|p2a: Tapu Koko|Thunderbolt|p1a: Zapdos
|-damage|p1a: Zapdos|0 fnt
|faint|p1a: Zapdos
|
|-fieldend|move: Electric Terrain
|upkeep
|
|t:|1634510064
|switch|p1a: Toxapex|Toxapex, F|90/100
|turn|40
|
|t:|1634510066
|move|p2a: Tapu Koko|Thunderbolt|p1a: Toxapex
|-supereffective|p1a: Toxapex
|-damage|p1a: Toxapex|28/100
|move|p1a: Toxapex|Recover|p1a: Toxapex
|-heal|p1a: Toxapex|78/100
|
|upkeep
|turn|41
|-message|badalakazam forfeited.
|
|win|LT82ZW Guatemala
|raw|badalakazam's rating: 1742 &rarr; <strong>1725</strong><br />(-17 for losing)
|raw|LT82ZW Guatemala's rating: 1795 &rarr; <strong>1812</strong><br />(+17 for winning)
|l| The Radiant Me
