|j|☆Down$hift
|j|☆Down2bdown
|t:|1664586466
|gametype|singles
|player|p1|Down$hift|teamrocket|1679
|player|p2|Down2bdown|169|1613
|teamsize|p1|6
|teamsize|p2|6
|gen|8
|tier|[Gen 8] OU
|rated|
|rule|Sleep Clause Mod: Limit one foe put to sleep
|rule|Species Clause: Limit one of each Pokémon
|rule|OHKO Clause: OHKO moves are banned
|rule|Evasion Items Clause: Evasion items are banned
|rule|Evasion Moves Clause: Evasion moves are banned
|rule|Endless Battle Clause: Forcing endless battles is banned
|rule|HP Percentage Mod: HP is shown in percentages
|rule|Dynamax Clause: You cannot dynamax
|clearpoke
|poke|p1|Regigigas|
|poke|p1|Weezing-Galar, F|
|poke|p1|Landorus-Therian, M|
|poke|p1|Dragapult, F|
|poke|p1|Slowbro, F|
|poke|p1|Tapu Lele|
|poke|p2|Thundurus-Therian, M|
|poke|p2|Silvally-*|
|poke|p2|Slowbro-Galar, F|
|poke|p2|Mew|
|poke|p2|Terrakion|
|poke|p2|Rotom-Wash|
|teampreview
|c|☆Down$hift|hf
|inactive|Battle timer is ON: inactive players will automatically lose when time's up. (requested by Down2bdown)
|
|t:|1664586473
|start
|switch|p1a: Canned Calamari|Tapu Lele|100/100
|switch|p2a: Thundurus|Thundurus-Therian, M|100/100
|-fieldstart|move: Psychic Terrain|[from] ability: Psychic Surge|[of] p1a: Canned Calamari
|turn|1
|
|t:|1664586486
|move|p1a: Canned Calamari|Psychic|p2a: Thundurus
|-damage|p2a: Thundurus|0 fnt
|faint|p2a: Thundurus
|
|upkeep
|
|t:|1664586492
|switch|p2a: Mew|Mew|100/100
|turn|2
|
|t:|1664586497
|switch|p1a: Dreepy Airlines|Dragapult, F|100/100
|move|p2a: Mew|Dragon Dance|p2a: Mew
|-boost|p2a: Mew|atk|1
|-boost|p2a: Mew|spe|1
|
|upkeep
|turn|3
|
|t:|1664586508
|switch|p1a: LandOUrus-T|Landorus-Therian, M|100/100
|-ability|p1a: LandOUrus-T|Intimidate|boost
|-unboost|p2a: Mew|atk|1
|move|p2a: Mew|Psychic Fangs|p1a: LandOUrus-T
|-damage|p1a: LandOUrus-T|56/100
|
|-heal|p1a: LandOUrus-T|62/100|[from] item: Leftovers
|upkeep
|turn|4
|
|t:|1664586518
|move|p2a: Mew|Dragon Dance|p2a: Mew
|-boost|p2a: Mew|atk|1
|-boost|p2a: Mew|spe|1
|move|p1a: LandOUrus-T|U-turn|p2a: Mew
|-supereffective|p2a: Mew
|-damage|p2a: Mew|62/100
|
|t:|1664586520
|switch|p1a: ur slow|Slowbro, F|100/100|[from]move: U-turn
|
|upkeep
|turn|5
|-activate|p2a: Mew|item: Quick Claw
|
|t:|1664586527
|move|p2a: Mew|Leech Life|p1a: ur slow
|-supereffective|p1a: ur slow
|-damage|p1a: ur slow|40/100
|-heal|p2a: Mew|92/100|[from] drain|[of] p1a: ur slow
|move|p1a: ur slow|Teleport|p1a: ur slow
|
|t:|1664586531
|switch|p1a: LandOUrus-T|Landorus-Therian, M|62/100|[from]move: Teleport
|-ability|p1a: LandOUrus-T|Intimidate|boost
|-unboost|p2a: Mew|atk|1
|
|-heal|p1a: LandOUrus-T|68/100|[from] item: Leftovers
|-fieldend|move: Psychic Terrain
|upkeep
|turn|6
|
|t:|1664586543
|move|p2a: Mew|Dragon Dance|p2a: Mew
|-boost|p2a: Mew|atk|1
|-boost|p2a: Mew|spe|1
|move|p1a: LandOUrus-T|Earthquake|p2a: Mew
|-damage|p2a: Mew|50/100
|
|-heal|p1a: LandOUrus-T|74/100|[from] item: Leftovers
|upkeep
|turn|7
|j| Swalotiscute
|
|t:|1664586573
|move|p2a: Mew|Psychic Fangs|p1a: LandOUrus-T
|-damage|p1a: LandOUrus-T|25/100
|move|p1a: LandOUrus-T|U-turn|p2a: Mew
|-supereffective|p2a: Mew
|-damage|p2a: Mew|14/100
|
|t:|1664586577
|switch|p1a: BIacephaIon|Regigigas, shiny|100/100|[from]move: U-turn
|-start|p1a: BIacephaIon|ability: Slow Start
|
|upkeep
|turn|8
|
|t:|1664586584
|move|p2a: Mew|Leech Life|p1a: BIacephaIon
|-damage|p1a: BIacephaIon|72/100
|-heal|p2a: Mew|29/100|[from] drain|[of] p1a: BIacephaIon
|move|p1a: BIacephaIon|Knock Off|p2a: Mew
|-supereffective|p2a: Mew
|-damage|p2a: Mew|2/100
|-enditem|p2a: Mew|Quick Claw|[from] move: Knock Off|[of] p1a: BIacephaIon
|
|-heal|p1a: BIacephaIon|78/100|[from] item: Leftovers
|upkeep
|turn|9
|
|t:|1664586595
|move|p2a: Mew|Psychic Fangs|p1a: BIacephaIon
|-damage|p1a: BIacephaIon|38/100
|move|p1a: BIacephaIon|Knock Off|p2a: Mew
|-supereffective|p2a: Mew
|-damage|p2a: Mew|0 fnt
|faint|p2a: Mew
|
|-heal|p1a: BIacephaIon|44/100|[from] item: Leftovers
|upkeep
|
|t:|1664586607
|switch|p2a: Silvally|Silvally|100/100
|turn|10
|
|t:|1664586619
|-end|p1a: BIacephaIon|Slow Start|[silent]
|switch|p1a: LandOUrus-T|Landorus-Therian, M|25/100
|-ability|p1a: LandOUrus-T|Intimidate|boost
|-unboost|p2a: Silvally|atk|1
|move|p2a: Silvally|Swords Dance|p2a: Silvally
|-boost|p2a: Silvally|atk|2
|
|-heal|p1a: LandOUrus-T|31/100|[from] item: Leftovers
|upkeep
|turn|11
|
|t:|1664586629
|move|p1a: LandOUrus-T|Earthquake|p2a: Silvally
|-damage|p2a: Silvally|59/100
|move|p2a: Silvally|Multi-Attack|p1a: LandOUrus-T
|-damage|p1a: LandOUrus-T|0 fnt
|faint|p1a: LandOUrus-T
|
|upkeep
|
|t:|1664586637
|switch|p1a: Canned Calamari|Tapu Lele|100/100
|-fieldstart|move: Psychic Terrain|[from] ability: Psychic Surge|[of] p1a: Canned Calamari
|turn|12
|
|t:|1664586642
|move|p1a: Canned Calamari|Psychic|p2a: Silvally
|-damage|p2a: Silvally|0 fnt
|faint|p2a: Silvally
|
|upkeep
|
|t:|1664586650
|switch|p2a: Rotom|Rotom-Wash|100/100
|turn|13
|-activate|p2a: Rotom|item: Quick Claw
|
|t:|1664586655
|move|p2a: Rotom|Shadow Ball|p1a: Canned Calamari
|-supereffective|p1a: Canned Calamari
|-damage|p1a: Canned Calamari|47/100
|move|p1a: Canned Calamari|Psychic|p2a: Rotom
|-damage|p2a: Rotom|0 fnt
|faint|p2a: Rotom
|
|upkeep
|j| Geo13000
|j| scarier-suwa
|c| scarier-suwa|this team is cracked
|c| scarier-suwa|out of bro's mind
|
|t:|1664586671
|switch|p2a: Terrakion|Terrakion|100/100
|turn|14
|j| Pikablu007
|c| scarier-suwa|thundy-t and terrakion are heat picks
|c| scarier-suwa|ngl
|
|t:|1664586694
|move|p1a: Canned Calamari|Psychic|p2a: Terrakion
|-supereffective|p2a: Terrakion
|-damage|p2a: Terrakion|0 fnt
|faint|p2a: Terrakion
|
|upkeep
|
|t:|1664586699
|switch|p2a: Slowbro|Slowbro-Galar, F|100/100
|turn|15
|
|t:|1664586703
|move|p1a: Canned Calamari|Psychic|p2a: Slowbro
|-damage|p2a: Slowbro|0 fnt
|faint|p2a: Slowbro
|
|win|Down$hift
|raw|Down$hift's rating: 1679 &rarr; <strong>1695</strong><br />(+16 for winning)
|raw|Down2bdown's rating: 1613 &rarr; <strong>1597</strong><br />(-16 for losing)
|l| Pikablu007
|l|☆Down2bdown
|c|☆Down$hift|fastest specs lele in the world
|l| scarier-suwa
||Ladder isn't responding, score probably updated but might not have (Request timeout).
|j| Lemon Ginger
|l| Lemon Ginger
