|j|☆Buraq
|j|☆UnknownDeviant
|inactive|Battle timer is ON: inactive players will automatically lose when time's up.
|t:|1667640009
|gametype|singles
|player|p1|Buraq|lucas|
|player|p2|UnknownDeviant|roark|
|teamsize|p1|6
|teamsize|p2|6
|gen|8
|tier|[Gen 8] OU
|rated|Tournament battle
|rule|Sleep Clause Mod: Limit one foe put to sleep
|rule|Species Clause: Limit one of each Pokémon
|rule|OHKO Clause: OHKO moves are banned
|rule|Evasion Items Clause: Evasion items are banned
|rule|Evasion Moves Clause: Evasion moves are banned
|rule|Endless Battle Clause: Forcing endless battles is banned
|rule|HP Percentage Mod: HP is shown in percentages
|rule|Dynamax Clause: You cannot dynamax
|clearpoke
|poke|p1|Rillaboom, F|
|poke|p1|Tornadus-Therian, M|
|poke|p1|Blaziken, M|
|poke|p1|Melmetal|
|poke|p1|Garchomp, F|
|poke|p1|Slowbro, M|
|poke|p2|Slowking-Galar, M|
|poke|p2|Rotom-Wash|
|poke|p2|Ferrothorn, M|
|poke|p2|Weavile, F|
|poke|p2|Garchomp, M|
|poke|p2|Tornadus-Therian, M|
|teampreview
|j| laughokenisis
|j| cypherstest
|j| lowelofunn
|inactive|UnknownDeviant has 120 seconds left.
|inactive|Buraq has 120 seconds left.
|
|t:|1667640046
|start
|switch|p1a: Rillaboom|Rillaboom, F|100/100
|switch|p2a: Weavile|Weavile, F|100/100
|-ability|p2a: Weavile|Pressure
|-fieldstart|move: Grassy Terrain|[from] ability: Grassy Surge|[of] p1a: Rillaboom
|turn|1
|
|t:|1667640062
|switch|p2a: Ferrothorn|Ferrothorn, M|100/100
|switch|p1a: Slowbro|Slowbro, M|100/100
|
|upkeep
|turn|2
|
|t:|1667640069
|switch|p1a: Blaziken|Blaziken, M|100/100
|move|p2a: Ferrothorn|Power Whip|p1a: Blaziken
|-resisted|p1a: Blaziken
|-damage|p1a: Blaziken|67/100
|
|-heal|p1a: Blaziken|73/100|[from] Grassy Terrain
|-heal|p1a: Blaziken|79/100|[from] item: Leftovers
|upkeep
|turn|3
|c|☆Buraq|33 is craaaaaazy
|inactive|UnknownDeviant has 120 seconds left.
|c|☆Buraq|blaziken sucks
|
|t:|1667640115
|switch|p2a: Tornadus|Tornadus-Therian, M|100/100
|move|p1a: Blaziken|Swords Dance|p1a: Blaziken
|-boost|p1a: Blaziken|atk|2
|
|-heal|p1a: Blaziken|86/100|[from] Grassy Terrain
|-heal|p1a: Blaziken|92/100|[from] item: Leftovers
|-ability|p1a: Blaziken|Speed Boost|boost
|-boost|p1a: Blaziken|spe|1
|upkeep
|turn|4
|c|☆UnknownDeviant|damn i lost
|
|t:|1667640136
|move|p1a: Blaziken|Protect|p1a: Blaziken
|-singleturn|p1a: Blaziken|Protect
|move|p2a: Tornadus|Hurricane|p1a: Blaziken
|-activate|p1a: Blaziken|move: Protect
|
|-heal|p1a: Blaziken|98/100|[from] Grassy Terrain
|-heal|p1a: Blaziken|100/100|[from] item: Leftovers
|-ability|p1a: Blaziken|Speed Boost|boost
|-boost|p1a: Blaziken|spe|1
|upkeep
|turn|5
|
|t:|1667640139
|move|p1a: Blaziken|Flare Blitz|p2a: Tornadus
|-damage|p2a: Tornadus|0 fnt
|faint|p2a: Tornadus
|-damage|p1a: Blaziken|71/100|[from] Recoil
|
|-heal|p1a: Blaziken|77/100|[from] Grassy Terrain
|-heal|p1a: Blaziken|84/100|[from] item: Leftovers
|-fieldend|move: Grassy Terrain
|-ability|p1a: Blaziken|Speed Boost|boost
|-boost|p1a: Blaziken|spe|1
|upkeep
|
|t:|1667640147
|switch|p2a: Garchomp|Garchomp, M|100/100
|turn|6
|c|☆Buraq|nah rotom gking
|c|☆Buraq|surely one of them live
|c|☆Buraq|not chomp
|j| IIIodyne
|c|☆UnknownDeviant|i did the calcs
|c|☆Buraq|ik gking is pdef on this
|
|t:|1667640167
|move|p1a: Blaziken|Close Combat|p2a: Garchomp
|-damage|p2a: Garchomp|0 fnt
|-unboost|p1a: Blaziken|def|1
|-unboost|p1a: Blaziken|spd|1
|-damage|p1a: Blaziken|71/100|[from] ability: Rough Skin|[of] p2a: Garchomp
|faint|p2a: Garchomp
|
|-heal|p1a: Blaziken|77/100|[from] item: Leftovers
|-ability|p1a: Blaziken|Speed Boost|boost
|-boost|p1a: Blaziken|spe|1
|upkeep
|l| IIIodyne
|
|t:|1667640172
|switch|p2a: Rotom|Rotom-Wash|100/100
|turn|7
|
|t:|1667640175
|move|p1a: Blaziken|Protect|p1a: Blaziken
|-singleturn|p1a: Blaziken|Protect
|move|p2a: Rotom|Volt Switch|p1a: Blaziken
|-activate|p1a: Blaziken|move: Protect
|
|-heal|p1a: Blaziken|84/100|[from] item: Leftovers
|-ability|p1a: Blaziken|Speed Boost|boost
|-boost|p1a: Blaziken|spe|1
|upkeep
|turn|8
|
|t:|1667640177
|move|p1a: Blaziken|Close Combat|p2a: Rotom
|-damage|p2a: Rotom|0 fnt
|-unboost|p1a: Blaziken|def|1
|-unboost|p1a: Blaziken|spd|1
|faint|p2a: Rotom
|
|-heal|p1a: Blaziken|90/100|[from] item: Leftovers
|-ability|p1a: Blaziken|Speed Boost|boost
|-boost|p1a: Blaziken|spe|1
|upkeep
|
|t:|1667640179
|switch|p2a: Weavile|Weavile, F|100/100
|-ability|p2a: Weavile|Pressure
|turn|9
|
|t:|1667640181
|switch|p2a: Slowking|Slowking-Galar, M|100/100
|move|p1a: Blaziken|Close Combat|p2a: Slowking
|-resisted|p2a: Slowking
|-damage|p2a: Slowking|65/100
|-unboost|p1a: Blaziken|def|1
|-unboost|p1a: Blaziken|spd|1
|
|-heal|p1a: Blaziken|96/100|[from] item: Leftovers
|upkeep
|turn|10
|
|t:|1667640186
|move|p1a: Blaziken|Flare Blitz|p2a: Slowking
|-damage|p2a: Slowking|0 fnt
|faint|p2a: Slowking
|-damage|p1a: Blaziken|71/100|[from] Recoil
|
|-heal|p1a: Blaziken|77/100|[from] item: Leftovers
|upkeep
|
|t:|1667640188
|switch|p2a: Ferrothorn|Ferrothorn, M|100/100
|turn|11
|c|☆UnknownDeviant|gg
|c|☆Buraq|nvm 34 means u die
|c|☆Buraq|g
|
|t:|1667640197
|switch|p2a: Weavile|Weavile, F|100/100
|-ability|p2a: Weavile|Pressure
|move|p1a: Blaziken|Close Combat|p2a: Weavile
|-supereffective|p2a: Weavile
|-damage|p2a: Weavile|0 fnt
|-unboost|p1a: Blaziken|def|1
|-unboost|p1a: Blaziken|spd|1
|faint|p2a: Weavile
|
|-heal|p1a: Blaziken|84/100|[from] item: Leftovers
|upkeep
|
|t:|1667640200
|switch|p2a: Ferrothorn|Ferrothorn, M|100/100
|turn|12
|
|t:|1667640202
|move|p1a: Blaziken|Close Combat|p2a: Ferrothorn
|-supereffective|p2a: Ferrothorn
|-damage|p2a: Ferrothorn|0 fnt
|-unboost|p1a: Blaziken|def|1
|-unboost|p1a: Blaziken|spd|1
|-damage|p1a: Blaziken|71/100|[from] ability: Iron Barbs|[of] p2a: Ferrothorn
|faint|p2a: Ferrothorn
|
|win|Buraq
|n|☆Buraq|buraq
|n|☆UnknownDeviant|unknowndeviant
|n| laughokenisis|laughokenisis
|n| cypherstest|cypherstest
|n| lowelofunn|lowelofunn
|l|☆UnknownDeviant
|c|☆Buraq|maybe blaze isnt ass
|l|☆Buraq
|j|☆Buraq
|player|p1|Buraq|lucas
|l| lowelofunn
|l| cypherstest
