|j|☆whocanunravelme
|j|☆Adel19
|t:|1667013066
|gametype|singles
|player|p1|whocanunravelme|steven|1571
|player|p2|Adel19|rocketgruntf|1834
|teamsize|p1|6
|teamsize|p2|6
|gen|8
|tier|[Gen 8] OU
|rated|
|rule|Sleep Clause Mod: Limit one foe put to sleep
|rule|Species Clause: Limit one of each Pokémon
|rule|OHKO Clause: OHKO moves are banned
|rule|Evasion Items Clause: Evasion items are banned
|rule|Evasion Moves Clause: Evasion moves are banned
|rule|Endless Battle Clause: Forcing endless battles is banned
|rule|HP Percentage Mod: HP is shown in percentages
|rule|Dynamax Clause: You cannot dynamax
|clearpoke
|poke|p1|Clefable, M|
|poke|p1|Reuniclus, F|
|poke|p1|Scizor, M|
|poke|p1|Skarmory, F|
|poke|p1|Toxapex, F|
|poke|p1|Zeraora|
|poke|p2|Landorus-Therian, M|
|poke|p2|Zapdos|
|poke|p2|Tapu Fini|
|poke|p2|Kartana|
|poke|p2|Blissey, F|
|poke|p2|Zeraora|
|teampreview
|inactive|Battle timer is ON: inactive players will automatically lose when time's up. (requested by whocanunravelme)
|
|t:|1667013076
|start
|switch|p1a: Clefable|Clefable, M|100/100
|switch|p2a: Landorus|Landorus-Therian, M|100/100
|-ability|p2a: Landorus|Intimidate|boost
|-unboost|p1a: Clefable|atk|1
|turn|1
|
|t:|1667013085
|move|p2a: Landorus|Substitute|p2a: Landorus
|-start|p2a: Landorus|Substitute
|-damage|p2a: Landorus|76/100
|move|p1a: Clefable|Stealth Rock|p2a: Landorus
|-sidestart|p2: Adel19|move: Stealth Rock
|
|upkeep
|turn|2
|
|t:|1667013090
|switch|p1a: Skarmory|Skarmory, F|100/100
|move|p2a: Landorus|Swords Dance|p2a: Landorus
|-boost|p2a: Landorus|atk|2
|
|upkeep
|turn|3
|
|t:|1667013092
|move|p2a: Landorus|Stone Edge|p1a: Skarmory
|-damage|p1a: Skarmory|50/100
|move|p1a: Skarmory|Whirlwind|p2a: Landorus
|drag|p2a: Zapdos|Zapdos|100/100
|
|upkeep
|turn|4
|
|t:|1667013101
|switch|p1a: Zeraora|Zeraora|100/100
|move|p2a: Zapdos|Volt Switch|p1a: Zeraora
|-immune|p1a: Zeraora|[from] ability: Volt Absorb
|
|upkeep
|turn|5
|
|t:|1667013103
|move|p1a: Zeraora|Knock Off|p2a: Zapdos
|-damage|p2a: Zapdos|80/100
|-enditem|p2a: Zapdos|Heavy-Duty Boots|[from] move: Knock Off|[of] p1a: Zeraora
|move|p2a: Zapdos|Toxic|p1a: Zeraora
|-status|p1a: Zeraora|tox
|
|-damage|p1a: Zeraora|95/100 tox|[from] psn
|upkeep
|turn|6
|
|t:|1667013111
|switch|p1a: Reuniclus|Reuniclus, F|100/100
|move|p2a: Zapdos|Hurricane|p1a: Reuniclus
|-crit|p1a: Reuniclus
|-damage|p1a: Reuniclus|50/100
|-start|p1a: Reuniclus|confusion
|
|upkeep
|turn|7
|
|t:|1667013115
|move|p2a: Zapdos|Volt Switch|p1a: Reuniclus
|-damage|p1a: Reuniclus|29/100
|
|t:|1667013121
|switch|p2a: Zeraora|Zeraora|100/100|[from]move: Volt Switch
|-activate|p1a: Reuniclus|confusion
|move|p1a: Reuniclus|Recover|p1a: Reuniclus
|-heal|p1a: Reuniclus|79/100
|
|upkeep
|turn|8
|
|t:|1667013129
|switch|p1a: Toxapex|Toxapex, F|100/100
|move|p2a: Zeraora|Knock Off|p1a: Toxapex
|-damage|p1a: Toxapex|81/100
|-enditem|p1a: Toxapex|Shed Shell|[from] move: Knock Off|[of] p2a: Zeraora
|
|upkeep
|turn|9
|
|t:|1667013135
|move|p2a: Zeraora|Plasma Fists|p1a: Toxapex
|-supereffective|p1a: Toxapex
|-damage|p1a: Toxapex|20/100
|-fieldactivate|move: Ion Deluge
|-hint|Normal-type moves become Electric-type after using Plasma Fists.
|move|p1a: Toxapex|Scald|p2a: Zeraora
|-damage|p2a: Zeraora|77/100
|-status|p2a: Zeraora|brn
|
|-damage|p2a: Zeraora|71/100 brn|[from] brn
|upkeep
|turn|10
|
|t:|1667013146
|switch|p1a: Skarmory|Skarmory, F|50/100
|move|p2a: Zeraora|Plasma Fists|p1a: Skarmory
|-supereffective|p1a: Skarmory
|-damage|p1a: Skarmory|24/100
|-fieldactivate|move: Ion Deluge
|-hint|Normal-type moves become Electric-type after using Plasma Fists.
|-damage|p2a: Zeraora|55/100 brn|[from] item: Rocky Helmet|[of] p1a: Skarmory
|
|-damage|p2a: Zeraora|49/100 brn|[from] brn
|upkeep
|turn|11
|
|t:|1667013150
|switch|p1a: Zeraora|Zeraora|95/100 tox
|move|p2a: Zeraora|Taunt|p1a: Zeraora
|-start|p1a: Zeraora|move: Taunt
|
|-damage|p1a: Zeraora|89/100 tox|[from] psn
|-damage|p2a: Zeraora|43/100 brn|[from] brn
|upkeep
|turn|12
|
|t:|1667013155
|switch|p1a: Toxapex|Toxapex, F|53/100
|move|p2a: Zeraora|Knock Off|p1a: Toxapex
|-damage|p1a: Toxapex|46/100
|
|-damage|p2a: Zeraora|37/100 brn|[from] brn
|upkeep
|turn|13
|
|t:|1667013158
|move|p2a: Zeraora|Taunt|p1a: Toxapex
|-start|p1a: Toxapex|move: Taunt
|cant|p1a: Toxapex|move: Taunt|Recover
|
|-damage|p2a: Zeraora|31/100 brn|[from] brn
|upkeep
|turn|14
|
|t:|1667013165
|move|p2a: Zeraora|Plasma Fists|p1a: Toxapex
|-supereffective|p1a: Toxapex
|-damage|p1a: Toxapex|15/100
|-fieldactivate|move: Ion Deluge
|-hint|Normal-type moves become Electric-type after using Plasma Fists.
|move|p1a: Toxapex|Scald|p2a: Zeraora
|-damage|p2a: Zeraora|8/100 brn
|
|-damage|p2a: Zeraora|2/100 brn|[from] brn
|upkeep
|turn|15
|
|t:|1667013174
|switch|p1a: Clefable|Clefable, M|100/100
|move|p2a: Zeraora|Knock Off|p1a: Clefable
|-resisted|p1a: Clefable
|-damage|p1a: Clefable|94/100
|-enditem|p1a: Clefable|Heavy-Duty Boots|[from] move: Knock Off|[of] p2a: Zeraora
|
|-damage|p2a: Zeraora|0 fnt|[from] brn
|faint|p2a: Zeraora
|upkeep
|inactive|Adel19 has 120 seconds left.
|
|t:|1667013213
|switch|p2a: Kartana|Kartana|100/100
|-damage|p2a: Kartana|94/100|[from] Stealth Rock
|turn|16
|
|t:|1667013219
|switch|p1a: Scizor|Scizor, M|100/100
|move|p2a: Kartana|Swords Dance|p2a: Kartana
|-boost|p2a: Kartana|atk|2
|
|upkeep
|turn|17
|
|t:|1667013225
|move|p2a: Kartana|Knock Off|p1a: Scizor
|-damage|p1a: Scizor|37/100
|-enditem|p1a: Scizor|Heavy-Duty Boots|[from] move: Knock Off|[of] p2a: Kartana
|move|p1a: Scizor|U-turn|p2a: Kartana
|-damage|p2a: Kartana|67/100
|
|t:|1667013228
|switch|p1a: Zeraora|Zeraora|89/100 tox|[from]move: U-turn
|
|-damage|p1a: Zeraora|83/100 tox|[from] psn
|upkeep
|turn|18
|
|t:|1667013234
|switch|p2a: Zapdos|Zapdos|80/100
|-damage|p2a: Zapdos|55/100|[from] Stealth Rock
|move|p1a: Zeraora|Close Combat|p2a: Zapdos
|-resisted|p2a: Zapdos
|-damage|p2a: Zapdos|42/100
|-unboost|p1a: Zeraora|def|1
|-unboost|p1a: Zeraora|spd|1
|
|-damage|p1a: Zeraora|71/100 tox|[from] psn
|upkeep
|turn|19
|
|t:|1667013245
|switch|p1a: Toxapex|Toxapex, F|48/100
|move|p2a: Zapdos|Roost|p2a: Zapdos
|-heal|p2a: Zapdos|92/100
|-singleturn|p2a: Zapdos|move: Roost
|
|upkeep
|turn|20
|
|t:|1667013249
|switch|p1a: Zeraora|Zeraora|71/100 tox
|move|p2a: Zapdos|Volt Switch|p1a: Zeraora
|-heal|p1a: Zeraora|95/100 tox|[from] ability: Volt Absorb|[of] p2a: Zapdos
|
|-damage|p1a: Zeraora|89/100 tox|[from] psn
|upkeep
|turn|21
|
|t:|1667013253
|switch|p1a: Reuniclus|Reuniclus, F|79/100
|move|p2a: Zapdos|Hurricane|p1a: Reuniclus
|-damage|p1a: Reuniclus|48/100
|
|upkeep
|turn|22
|
|t:|1667013262
|move|p2a: Zapdos|Toxic|p1a: Reuniclus
|-status|p1a: Reuniclus|tox
|move|p1a: Reuniclus|Recover|p1a: Reuniclus
|-heal|p1a: Reuniclus|98/100 tox
|
|upkeep
|turn|23
|
|t:|1667013269
|move|p2a: Zapdos|Volt Switch|p1a: Reuniclus
|-damage|p1a: Reuniclus|76/100 tox
|
|t:|1667013271
|switch|p2a: Tapu Fini|Tapu Fini|100/100|[from]move: Volt Switch
|-damage|p2a: Tapu Fini|88/100|[from] Stealth Rock
|-fieldstart|move: Misty Terrain|[from] ability: Misty Surge|[of] p2a: Tapu Fini
|move|p1a: Reuniclus|Focus Blast|p2a: Tapu Fini
|-resisted|p2a: Tapu Fini
|-damage|p2a: Tapu Fini|70/100
|
|-heal|p2a: Tapu Fini|76/100|[from] item: Leftovers
|upkeep
|turn|24
|
|t:|1667013275
|move|p2a: Tapu Fini|Calm Mind|p2a: Tapu Fini
|-boost|p2a: Tapu Fini|spa|1
|-boost|p2a: Tapu Fini|spd|1
|move|p1a: Reuniclus|Calm Mind|p1a: Reuniclus
|-boost|p1a: Reuniclus|spa|1
|-boost|p1a: Reuniclus|spd|1
|
|-heal|p2a: Tapu Fini|82/100|[from] item: Leftovers
|upkeep
|turn|25
|
|t:|1667013280
|move|p2a: Tapu Fini|Taunt|p1a: Reuniclus
|-start|p1a: Reuniclus|move: Taunt
|move|p1a: Reuniclus|Psyshock|p2a: Tapu Fini
|-damage|p2a: Tapu Fini|40/100
|
|-heal|p2a: Tapu Fini|46/100|[from] item: Leftovers
|upkeep
|turn|26
|
|t:|1667013281
|move|p2a: Tapu Fini|Moonblast|p1a: Reuniclus
|-damage|p1a: Reuniclus|50/100 tox
|-unboost|p1a: Reuniclus|spa|1
|move|p1a: Reuniclus|Psyshock|p2a: Tapu Fini
|-damage|p2a: Tapu Fini|18/100
|
|-heal|p2a: Tapu Fini|24/100|[from] item: Leftovers
|upkeep
|turn|27
|
|t:|1667013285
|move|p2a: Tapu Fini|Moonblast|p1a: Reuniclus
|-damage|p1a: Reuniclus|26/100 tox
|move|p1a: Reuniclus|Psyshock|p2a: Tapu Fini
|-damage|p2a: Tapu Fini|0 fnt
|faint|p2a: Tapu Fini
|
|-end|p1a: Reuniclus|move: Taunt
|-fieldend|Misty Terrain
|upkeep
|
|t:|1667013296
|switch|p2a: Landorus|Landorus-Therian, M|76/100
|-damage|p2a: Landorus|64/100|[from] Stealth Rock
|-ability|p2a: Landorus|Intimidate|boost
|-unboost|p1a: Reuniclus|atk|1
|turn|28
|
|t:|1667013305
|switch|p1a: Skarmory|Skarmory, F|24/100
|move|p2a: Landorus|Earthquake|p1a: Skarmory
|-immune|p1a: Skarmory
|
|upkeep
|turn|29
|
|t:|1667013308
|move|p2a: Landorus|Stone Edge|p1a: Skarmory
|-damage|p1a: Skarmory|0 fnt
|faint|p1a: Skarmory
|
|upkeep
|
|t:|1667013311
|switch|p1a: Clefable|Clefable, M|94/100
|turn|30
|
|t:|1667013314
|move|p2a: Landorus|Earthquake|p1a: Clefable
|-crit|p1a: Clefable
|-damage|p1a: Clefable|2/100
|move|p1a: Clefable|Moonblast|p2a: Landorus
|-damage|p2a: Landorus|25/100
|
|upkeep
|turn|31
|
|t:|1667013330
|move|p2a: Landorus|Earthquake|p1a: Clefable
|-damage|p1a: Clefable|0 fnt
|faint|p1a: Clefable
|
|upkeep
|
|t:|1667013332
|switch|p1a: Zeraora|Zeraora|89/100 tox
|turn|32
|j| Ctannn
|
|t:|1667013342
|switch|p2a: Zapdos|Zapdos|92/100
|-damage|p2a: Zapdos|67/100|[from] Stealth Rock
|move|p1a: Zeraora|Knock Off|p2a: Zapdos
|-damage|p2a: Zapdos|51/100
|
|-damage|p1a: Zeraora|83/100 tox|[from] psn
|upkeep
|turn|33
|
|t:|1667013350
|switch|p1a: Toxapex|Toxapex, F|81/100
|move|p2a: Zapdos|Roost|p2a: Zapdos
|-heal|p2a: Zapdos|100/100
|-singleturn|p2a: Zapdos|move: Roost
|
|upkeep
|turn|34
|
|t:|1667013354
|move|p2a: Zapdos|Hurricane|p1a: Toxapex|[miss]
|-miss|p2a: Zapdos|p1a: Toxapex
|move|p1a: Toxapex|Light Screen|p1a: Toxapex
|-sidestart|p1: whocanunravelme|move: Light Screen
|
|upkeep
|turn|35
|l| Ctannn
|
|t:|1667013362
|switch|p1a: Scizor|Scizor, M|37/100
|move|p2a: Zapdos|Hurricane|p1a: Scizor
|-damage|p1a: Scizor|18/100
|
|upkeep
|turn|36
|
|t:|1667013377
|move|p2a: Zapdos|Hurricane|p1a: Scizor|[miss]
|-miss|p2a: Zapdos|p1a: Scizor
|move|p1a: Scizor|Roost|p1a: Scizor
|-heal|p1a: Scizor|68/100
|-singleturn|p1a: Scizor|move: Roost
|
|upkeep
|turn|37
|
|t:|1667013383
|move|p2a: Zapdos|Hurricane|p1a: Scizor|[miss]
|-miss|p2a: Zapdos|p1a: Scizor
|move|p1a: Scizor|Roost|p1a: Scizor
|-heal|p1a: Scizor|100/100
|-singleturn|p1a: Scizor|move: Roost
|
|upkeep
|turn|38
|
|t:|1667013388
|move|p2a: Zapdos|Hurricane|p1a: Scizor
|-damage|p1a: Scizor|81/100
|move|p1a: Scizor|U-turn|p2a: Zapdos
|-resisted|p2a: Zapdos
|-damage|p2a: Zapdos|90/100
|
|t:|1667013392
|switch|p1a: Toxapex|Toxapex, F|100/100|[from]move: U-turn
|
|-sideend|p1: whocanunravelme|move: Light Screen
|upkeep
|turn|39
|
|t:|1667013397
|move|p2a: Zapdos|Hurricane|p1a: Toxapex|[miss]
|-miss|p2a: Zapdos|p1a: Toxapex
|move|p1a: Toxapex|Light Screen|p1a: Toxapex
|-sidestart|p1: whocanunravelme|move: Light Screen
|
|upkeep
|turn|40
|
|t:|1667013401
|switch|p1a: Scizor|Scizor, M|81/100
|move|p2a: Zapdos|Hurricane|p1a: Scizor
|-damage|p1a: Scizor|60/100
|-start|p1a: Scizor|confusion
|
|upkeep
|turn|41
|
|t:|1667013404
|move|p2a: Zapdos|Volt Switch|p1a: Scizor
|-damage|p1a: Scizor|49/100
|
|t:|1667013406
|switch|p2a: Kartana|Kartana|67/100|[from]move: Volt Switch
|-damage|p2a: Kartana|61/100|[from] Stealth Rock
|-activate|p1a: Scizor|confusion
|-damage|p1a: Scizor|37/100|[from] confusion
|
|upkeep
|turn|42
|
|t:|1667013414
|move|p2a: Kartana|Swords Dance|p2a: Kartana
|-boost|p2a: Kartana|atk|2
|-activate|p1a: Scizor|confusion
|move|p1a: Scizor|Roost|p1a: Scizor
|-heal|p1a: Scizor|87/100
|-singleturn|p1a: Scizor|move: Roost
|
|upkeep
|turn|43
|
|t:|1667013420
|move|p2a: Kartana|Sacred Sword|p1a: Scizor
|-damage|p1a: Scizor|27/100
|-activate|p1a: Scizor|confusion
|move|p1a: Scizor|U-turn|p2a: Kartana
|-damage|p2a: Kartana|36/100
|
|t:|1667013423
|switch|p1a: Zeraora|Zeraora|83/100 tox|[from]move: U-turn
|
|-damage|p1a: Zeraora|77/100 tox|[from] psn
|-sideend|p1: whocanunravelme|move: Light Screen
|upkeep
|turn|44
|
|t:|1667013432
|switch|p2a: Zapdos|Zapdos|90/100
|-damage|p2a: Zapdos|65/100|[from] Stealth Rock
|move|p1a: Zeraora|Knock Off|p2a: Zapdos
|-damage|p2a: Zapdos|51/100
|
|-damage|p1a: Zeraora|65/100 tox|[from] psn
|upkeep
|turn|45
|
|t:|1667013440
|switch|p1a: Toxapex|Toxapex, F|100/100
|move|p2a: Zapdos|Volt Switch|p1a: Toxapex
|-supereffective|p1a: Toxapex
|-damage|p1a: Toxapex|59/100
|
|t:|1667013446
|switch|p2a: Landorus|Landorus-Therian, M|25/100|[from]move: Volt Switch
|-damage|p2a: Landorus|13/100|[from] Stealth Rock
|-ability|p2a: Landorus|Intimidate|boost
|-unboost|p1a: Toxapex|atk|1
|
|upkeep
|turn|46
|
|t:|1667013471
|switch|p1a: Scizor|Scizor, M|27/100
|move|p2a: Landorus|Earthquake|p1a: Scizor
|-damage|p1a: Scizor|0 fnt
|faint|p1a: Scizor
|
|upkeep
|
|t:|1667013473
|switch|p1a: Zeraora|Zeraora|65/100 tox
|turn|47
|
|t:|1667013479
|switch|p2a: Blissey|Blissey, F|100/100
|move|p1a: Zeraora|Knock Off|p2a: Blissey
|-damage|p2a: Blissey|73/100
|-enditem|p2a: Blissey|Heavy-Duty Boots|[from] move: Knock Off|[of] p1a: Zeraora
|
|-damage|p1a: Zeraora|59/100 tox|[from] psn
|upkeep
|turn|48
|
|t:|1667013488
|switch|p1a: Toxapex|Toxapex, F|92/100
|move|p2a: Blissey|Seismic Toss|p1a: Toxapex
|-damage|p1a: Toxapex|59/100
|
|upkeep
|turn|49
|
|t:|1667013501
|switch|p1a: Zeraora|Zeraora|59/100 tox
|move|p2a: Blissey|Stealth Rock|p1a: Zeraora
|-sidestart|p1: whocanunravelme|move: Stealth Rock
|
|-damage|p1a: Zeraora|53/100 tox|[from] psn
|upkeep
|turn|50
|
|t:|1667013506
|switch|p1a: Toxapex|Toxapex, F|93/100
|-damage|p1a: Toxapex|80/100|[from] Stealth Rock
|move|p2a: Blissey|Seismic Toss|p1a: Toxapex
|-damage|p1a: Toxapex|47/100
|
|upkeep
|turn|51
|inactive|Adel19 has 120 seconds left.
|
|t:|1667013536
|move|p2a: Blissey|Soft-Boiled|p2a: Blissey
|-heal|p2a: Blissey|100/100
|move|p1a: Toxapex|Scald|p2a: Blissey
|-damage|p2a: Blissey|94/100
|
|upkeep
|turn|52
|
|t:|1667013542
|switch|p2a: Zapdos|Zapdos|51/100
|-damage|p2a: Zapdos|26/100|[from] Stealth Rock
|move|p1a: Toxapex|Recover|p1a: Toxapex
|-heal|p1a: Toxapex|97/100
|
|upkeep
|turn|53
|
|t:|1667013550
|move|p2a: Zapdos|Roost|p2a: Zapdos
|-heal|p2a: Zapdos|76/100
|-singleturn|p2a: Zapdos|move: Roost
|move|p1a: Toxapex|Light Screen|p1a: Toxapex
|-sidestart|p1: whocanunravelme|move: Light Screen
|
|upkeep
|turn|54
|
|t:|1667013560
|move|p2a: Zapdos|Hurricane|p1a: Toxapex|[miss]
|-miss|p2a: Zapdos|p1a: Toxapex
|move|p1a: Toxapex|Scald|p2a: Zapdos
|-damage|p2a: Zapdos|60/100
|
|upkeep
|turn|55
|
|t:|1667013565
|switch|p1a: Reuniclus|Reuniclus, F|26/100 tox
|move|p2a: Zapdos|Roost|p2a: Zapdos
|-heal|p2a: Zapdos|100/100
|-singleturn|p2a: Zapdos|move: Roost
|
|upkeep
|turn|56
|
|t:|1667013569
|move|p2a: Zapdos|Volt Switch|p1a: Reuniclus
|-damage|p1a: Reuniclus|15/100 tox
|
|t:|1667013572
|switch|p2a: Landorus|Landorus-Therian, M|13/100|[from]move: Volt Switch
|-damage|p2a: Landorus|0 fnt|[from] Stealth Rock
|faint|p2a: Landorus
|move|p1a: Reuniclus|Recover|p1a: Reuniclus
|-heal|p1a: Reuniclus|65/100 tox
|
|upkeep
|
|t:|1667013577
|switch|p2a: Kartana|Kartana|36/100
|-damage|p2a: Kartana|30/100|[from] Stealth Rock
|turn|57
|inactive|whocanunravelme has 120 seconds left.
|
|t:|1667013618
|switch|p1a: Toxapex|Toxapex, F|100/100
|-damage|p1a: Toxapex|88/100|[from] Stealth Rock
|move|p2a: Kartana|Knock Off|p1a: Toxapex
|-damage|p1a: Toxapex|75/100
|
|-sideend|p1: whocanunravelme|move: Light Screen
|upkeep
|turn|58
|
|t:|1667013627
|move|p2a: Kartana|Swords Dance|p2a: Kartana
|-boost|p2a: Kartana|atk|2
|move|p1a: Toxapex|Light Screen|p1a: Toxapex
|-sidestart|p1: whocanunravelme|move: Light Screen
|
|upkeep
|turn|59
|
|t:|1667013633
|move|p2a: Kartana|Leaf Blade|p1a: Toxapex
|-damage|p1a: Toxapex|18/100
|move|p1a: Toxapex|Scald|p2a: Kartana
|-resisted|p2a: Kartana
|-crit|p2a: Kartana
|-damage|p2a: Kartana|0 fnt
|faint|p2a: Kartana
|
|upkeep
|-message|Adel19 forfeited.
|
|win|whocanunravelme
|raw|whocanunravelme's rating: 1571 &rarr; <strong>1604</strong><br />(+33 for winning)
|raw|Adel19's rating: 1834 &rarr; <strong>1801</strong><br />(-33 for losing)
|l|☆Adel19
