|j|☆Crowned Corsola
|j|☆galarian dragapult
|t:|1635364011
|gametype|singles
|player|p1|Crowned Corsola|1|1671
|player|p2|galarian dragapult|170|1741
|teamsize|p1|6
|teamsize|p2|6
|gen|8
|tier|[Gen 8] OU
|rated|
|rule|Sleep Clause Mod: Limit one foe put to sleep
|rule|Species Clause: Limit one of each Pokémon
|rule|OHKO Clause: OHKO moves are banned
|rule|Evasion Moves Clause: Evasion moves are banned
|rule|Endless Battle Clause: Forcing endless battles is banned
|rule|HP Percentage Mod: HP is shown in percentages
|rule|Dynamax Clause: You cannot dynamax
|clearpoke
|poke|p1|Mew|
|poke|p1|Buzzwole|
|poke|p1|Aegislash, F|
|poke|p1|Dragapult, F|
|poke|p1|Kartana|
|poke|p1|Hydreigon, M|
|poke|p2|Magnezone|
|poke|p2|Tapu Lele|
|poke|p2|Dragonite, F|
|poke|p2|Blissey, F|
|poke|p2|Corviknight, F|
|poke|p2|Swampert, F|
|teampreview
|inactive|Battle timer is ON: inactive players will automatically lose when time's up. (requested by Crowned Corsola)
|inactive|galarian dragapult has 120 seconds left.
|
|t:|1635364049
|start
|switch|p1a: B|Mew|100/100
|switch|p2a: Swampert|Swampert, F, shiny|100/100
|turn|1
|
|t:|1635364057
|move|p1a: B|Taunt|p2a: Swampert
|-start|p2a: Swampert|move: Taunt
|cant|p2a: Swampert|move: Taunt|Toxic
|
|upkeep
|turn|2
|
|t:|1635364060
|move|p1a: B|Stealth Rock|p2a: Swampert
|-sidestart|p2: galarian dragapult|move: Stealth Rock
|move|p2a: Swampert|Earthquake|p1a: B
|-damage|p1a: B|68/100
|
|upkeep
|turn|3
|
|t:|1635364062
|move|p1a: B|Spikes|p2a: Swampert
|-sidestart|p2: galarian dragapult|Spikes
|move|p2a: Swampert|Flip Turn|p1a: B
|-damage|p1a: B|47/100
|
|t:|1635364068
|switch|p2a: Blissey|Blissey, F, shiny|100/100|[from]move: Flip Turn
|
|upkeep
|turn|4
|
|t:|1635364071
|move|p1a: B|Spikes|p2a: Blissey
|-sidestart|p2: galarian dragapult|Spikes
|move|p2a: Blissey|Seismic Toss|p1a: B
|-damage|p1a: B|20/100
|
|upkeep
|turn|5
|
|t:|1635364074
|move|p1a: B|Spikes|p2a: Blissey
|-sidestart|p2: galarian dragapult|Spikes
|move|p2a: Blissey|Seismic Toss|p1a: B
|-damage|p1a: B|0 fnt
|faint|p1a: B
|
|upkeep
|
|t:|1635364076
|switch|p1a: E|Buzzwole|100/100
|turn|6
|
|t:|1635364080
|move|p1a: E|Close Combat|p2a: Blissey
|-supereffective|p2a: Blissey
|-damage|p2a: Blissey|0 fnt
|-unboost|p1a: E|def|1
|-unboost|p1a: E|spd|1
|faint|p2a: Blissey
|-ability|p1a: E|Beast Boost|boost
|-boost|p1a: E|atk|1
|
|upkeep
|
|t:|1635364082
|switch|p2a: Corviknight|Corviknight, F, shiny|100/100
|-damage|p2a: Corviknight|88/100|[from] Stealth Rock
|-ability|p2a: Corviknight|Pressure
|turn|7
|
|t:|1635364084
|move|p1a: E|Close Combat|p2a: Corviknight
|-damage|p2a: Corviknight|18/100
|-unboost|p1a: E|def|1
|-unboost|p1a: E|spd|1
|move|p2a: Corviknight|Defog|p1a: E
|-unboost|p1a: E|evasion|1
|-sideend|p2: galarian dragapult|Spikes|[from] move: Defog|[of] p2a: Corviknight
|-sideend|p2: galarian dragapult|Stealth Rock|[from] move: Defog|[of] p2a: Corviknight
|
|-heal|p2a: Corviknight|24/100|[from] item: Leftovers
|upkeep
|turn|8
|
|t:|1635364087
|move|p1a: E|Close Combat|p2a: Corviknight
|-damage|p2a: Corviknight|0 fnt
|-unboost|p1a: E|def|1
|-unboost|p1a: E|spd|1
|faint|p2a: Corviknight
|-ability|p1a: E|Beast Boost|boost
|-boost|p1a: E|atk|1
|
|upkeep
|
|t:|1635364088
|switch|p2a: Tapu Lele|Tapu Lele, shiny|100/100
|-fieldstart|move: Psychic Terrain|[from] ability: Psychic Surge|[of] p2a: Tapu Lele
|turn|9
|
|t:|1635364093
|move|p2a: Tapu Lele|Moonblast|p1a: E
|-supereffective|p1a: E
|-enditem|p1a: E|Focus Sash
|-damage|p1a: E|1/100
|move|p1a: E|Leech Life|p2a: Tapu Lele
|-damage|p2a: Tapu Lele|0 fnt
|-heal|p1a: E|40/100|[from] drain|[of] p2a: Tapu Lele
|faint|p2a: Tapu Lele
|-ability|p1a: E|Beast Boost|boost
|-boost|p1a: E|atk|1
|
|upkeep
|-message|galarian dragapult forfeited.
|
|win|Crowned Corsola
|raw|Crowned Corsola's rating: 1671 &rarr; <strong>1695</strong><br />(+24 for winning)
|raw|galarian dragapult's rating: 1741 &rarr; <strong>1717</strong><br />(-24 for losing)
|l|☆galarian dragapult
||Ladder isn't responding, score probably updated but might not have (Request timeout).
