|j|☆Lunar Neo
|j|☆Big Tyma
|player|p1|Lunar Neo|248|1615
|player|p2|Big Tyma|2|1656
|teamsize|p1|6
|teamsize|p2|6
|gametype|singles
|gen|8
|tier|[Gen 8] OU
|rated|
|rule|Sleep Clause Mod: Limit one foe put to sleep
|rule|Species Clause: Limit one of each Pokémon
|rule|OHKO Clause: OHKO moves are banned
|rule|Evasion Moves Clause: Evasion moves are banned
|rule|Endless Battle Clause: Forcing endless battles is banned
|rule|HP Percentage Mod: HP is shown in percentages
|clearpoke
|poke|p1|Hydreigon, M|
|poke|p1|Mamoswine, F|
|poke|p1|Aegislash, M|
|poke|p1|Clefable, F|
|poke|p1|Rotom-Wash|
|poke|p1|Toxtricity, M|
|poke|p2|Dragapult, M|
|poke|p2|Mamoswine, M|
|poke|p2|Tyranitar, F|
|poke|p2|Corviknight, F|
|poke|p2|Excadrill, M|
|poke|p2|Dracovish|
|rule|Dynamax Clause: You cannot dynamax
|teampreview
|j| FRS Devin
|j| justanazn
|
|start
|switch|p1a: Rotom|Rotom-Wash|100/100
|switch|p2a: Dragapult|Dragapult, M|100/100
|turn|1
|
|move|p2a: Dragapult|Shadow Ball|p1a: Rotom
|-damage|p1a: Rotom|36/100
|move|p1a: Rotom|Thunder Wave|p2a: Dragapult
|-status|p2a: Dragapult|par
|
|-heal|p1a: Rotom|43/100|[from] item: Leftovers
|upkeep
|turn|2
|
|switch|p1a: Hydreigon|Hydreigon, M|100/100
|move|p2a: Dragapult|Shadow Ball|p1a: Hydreigon
|-resisted|p1a: Hydreigon
|-damage|p1a: Hydreigon|68/100
|
|-heal|p1a: Hydreigon|74/100|[from] item: Leftovers
|upkeep
|turn|3
|
|switch|p1a: Mamoswine|Mamoswine, F|100/100
|switch|p2a: Tyranitar|Tyranitar, F|100/100
|-weather|Sandstorm|[from] ability: Sand Stream|[of] p2a: Tyranitar
|
|-weather|Sandstorm|[upkeep]
|upkeep
|turn|4
|
|switch|p2a: Corviknight|Corviknight, F|100/100
|-ability|p2a: Corviknight|Pressure
|move|p1a: Mamoswine|Stealth Rock|p2a: Corviknight
|-sidestart|p2: Big Tyma|move: Stealth Rock
|
|-weather|Sandstorm|[upkeep]
|upkeep
|turn|5
|
|move|p1a: Mamoswine|Icicle Crash|p2a: Corviknight
|-damage|p2a: Corviknight|63/100
|move|p2a: Corviknight|Defog|p1a: Mamoswine
|-unboost|p1a: Mamoswine|evasion|1
|-sideend|p2: Big Tyma|Stealth Rock|[from] move: Defog|[of] p2a: Corviknight
|
|-weather|Sandstorm|[upkeep]
|-heal|p2a: Corviknight|70/100|[from] item: Leftovers
|upkeep
|turn|6
|
|move|p1a: Mamoswine|Icicle Crash|p2a: Corviknight
|-damage|p2a: Corviknight|26/100
|move|p2a: Corviknight|Body Press|p1a: Mamoswine
|-supereffective|p1a: Mamoswine
|-damage|p1a: Mamoswine|59/100
|
|-weather|Sandstorm|[upkeep]
|-heal|p2a: Corviknight|32/100|[from] item: Leftovers
|upkeep
|turn|7
|
|switch|p2a: Mamoswine|Mamoswine, M|100/100
|move|p1a: Mamoswine|Stealth Rock|p2a: Mamoswine
|-sidestart|p2: Big Tyma|move: Stealth Rock
|
|-weather|none
|upkeep
|turn|8
|
|move|p2a: Mamoswine|Earthquake|p1a: Mamoswine
|-damage|p1a: Mamoswine|0 fnt
|-damage|p2a: Mamoswine|91/100|[from] item: Life Orb
|faint|p1a: Mamoswine
|
|upkeep
|
|switch|p1a: Rotom|Rotom-Wash|43/100
|turn|9
|
|move|p2a: Mamoswine|Freeze-Dry|p1a: Rotom
|-supereffective|p1a: Rotom
|-damage|p1a: Rotom|0 fnt
|-damage|p2a: Mamoswine|81/100|[from] item: Life Orb
|faint|p1a: Rotom
|
|upkeep
|c|☆Big Tyma|Hehe
|c| FRS Devin|that felt so good
|
|switch|p1a: Clefable|Clefable, F|100/100
|turn|10
|c|☆Big Tyma|Ikr lmfao
|
|switch|p2a: Excadrill|Excadrill, M|100/100
|-damage|p2a: Excadrill|97/100|[from] Stealth Rock
|move|p1a: Clefable|Moonblast|p2a: Excadrill
|-resisted|p2a: Excadrill
|-damage|p2a: Excadrill|76/100
|
|upkeep
|turn|11
|
|switch|p1a: Aegislash|Aegislash, M|100/100
|move|p2a: Excadrill|Iron Head|p1a: Aegislash
|-resisted|p1a: Aegislash
|-damage|p1a: Aegislash|76/100
|-damage|p2a: Excadrill|66/100|[from] item: Life Orb
|
|-heal|p1a: Aegislash|82/100|[from] item: Leftovers
|upkeep
|turn|12
|c| FRS Devin|how much it does to seis
|
|switch|p1a: Hydreigon|Hydreigon, M|74/100
|move|p2a: Excadrill|Earthquake|p1a: Hydreigon
|-immune|p1a: Hydreigon|[from] ability: Levitate
|
|-heal|p1a: Hydreigon|80/100|[from] item: Leftovers
|upkeep
|turn|13
|
|switch|p2a: Tyranitar|Tyranitar, F|100/100
|-damage|p2a: Tyranitar|88/100|[from] Stealth Rock
|-weather|Sandstorm|[from] ability: Sand Stream|[of] p2a: Tyranitar
|move|p1a: Hydreigon|Flamethrower|p2a: Tyranitar
|-resisted|p2a: Tyranitar
|-damage|p2a: Tyranitar|79/100
|
|-weather|Sandstorm|[upkeep]
|-damage|p1a: Hydreigon|74/100|[from] Sandstorm
|-heal|p1a: Hydreigon|80/100|[from] item: Leftovers
|upkeep
|turn|14
|
|switch|p1a: Aegislash|Aegislash, M|82/100
|move|p2a: Tyranitar|Crunch|p1a: Aegislash
|-supereffective|p1a: Aegislash
|-damage|p1a: Aegislash|0 fnt
|faint|p1a: Aegislash
|
|-weather|Sandstorm|[upkeep]
|upkeep
|j| Javoon
|
|switch|p1a: Clefable|Clefable, F|100/100
|turn|15
|
|switch|p2a: Dragapult|Dragapult, M|100/100 par
|-damage|p2a: Dragapult|88/100 par|[from] Stealth Rock
|move|p1a: Clefable|Moonblast|p2a: Dragapult
|-supereffective|p2a: Dragapult
|-crit|p2a: Dragapult
|-damage|p2a: Dragapult|0 fnt
|faint|p2a: Dragapult
|
|-weather|Sandstorm|[upkeep]
|upkeep
|
|switch|p2a: Excadrill|Excadrill, M|66/100
|-damage|p2a: Excadrill|63/100|[from] Stealth Rock
|turn|16
|
|move|p2a: Excadrill|Iron Head|p1a: Clefable
|-supereffective|p1a: Clefable
|-damage|p1a: Clefable|0 fnt
|-damage|p2a: Excadrill|53/100|[from] item: Life Orb
|faint|p1a: Clefable
|
|-weather|Sandstorm|[upkeep]
|upkeep
|
|switch|p1a: Hydreigon|Hydreigon, M|80/100
|turn|17
|
|switch|p1a: Toxtricity|Toxtricity, M|100/100
|move|p2a: Excadrill|Iron Head|p1a: Toxtricity
|-resisted|p1a: Toxtricity
|-damage|p1a: Toxtricity|56/100
|-damage|p2a: Excadrill|43/100|[from] item: Life Orb
|
|-weather|none
|upkeep
|turn|18
|j| Addicted to Money
|-message|Lunar Neo forfeited.
|
|win|Big Tyma
|l|☆Lunar Neo
|c| FRS Devin|gj
|l| justanazn
|c| Addicted to Money|Nice
|c| Addicted to Money|Also devin im back on a roll again
|raw|Lunar Neo's rating: 1615 &rarr; <strong>1598</strong><br />(-17 for losing)
|raw|Big Tyma's rating: 1656 &rarr; <strong>1674</strong><br />(+18 for winning)
|c| FRS Devin|oo then ladder
|c| FRS Devin|to 1600
|j| Wired Zone
