|j|‽hypervortexreturns
|j|☆PoobleMaster945
|t:|1662055510
|gametype|singles
|player|p1|hypervortexreturns|265|1743
|player|p2|PoobleMaster945|pokemaniac|1709
|teamsize|p1|6
|teamsize|p2|6
|gen|8
|tier|[Gen 8] OU
|rated|
|rule|Sleep Clause Mod: Limit one foe put to sleep
|rule|Species Clause: Limit one of each Pokémon
|rule|OHKO Clause: OHKO moves are banned
|rule|Evasion Items Clause: Evasion items are banned
|rule|Evasion Moves Clause: Evasion moves are banned
|rule|Endless Battle Clause: Forcing endless battles is banned
|rule|HP Percentage Mod: HP is shown in percentages
|rule|Dynamax Clause: You cannot dynamax
|clearpoke
|poke|p1|Zapdos|
|poke|p1|Azumarill, M|
|poke|p1|Hydreigon, F|
|poke|p1|Corviknight, F|
|poke|p1|Excadrill, M|
|poke|p1|Tangrowth, F|
|poke|p2|Torkoal, M|
|poke|p2|Venusaur, F|
|poke|p2|Heliolisk, M|
|poke|p2|Garchomp, M|
|poke|p2|Mamoswine, M|
|poke|p2|Volcanion|
|teampreview
|c|☆PoobleMaster945|glhg
|c|☆PoobleMaster945|glhf
|
|t:|1662055533
|start
|switch|p1a: Tangrowth|Tangrowth, F|100/100
|switch|p2a: Ol' Reliable|Volcanion|100/100
|turn|1
|
|t:|1662055544
|switch|p1a: Hydreigon|Hydreigon, F|100/100
|move|p2a: Ol' Reliable|Flamethrower|p1a: Hydreigon
|-resisted|p1a: Hydreigon
|-damage|p1a: Hydreigon|80/100
|
|-heal|p1a: Hydreigon|86/100|[from] item: Leftovers
|upkeep
|turn|2
|
|t:|1662055557
|switch|p2a: Mannieswine|Mamoswine, M|100/100
|move|p1a: Hydreigon|Dark Pulse|p2a: Mannieswine
|-damage|p2a: Mannieswine|70/100
|
|-heal|p1a: Hydreigon|92/100|[from] item: Leftovers
|upkeep
|turn|3
|
|t:|1662055589
|switch|p1a: Corviknight|Corviknight, F|100/100
|-ability|p1a: Corviknight|Pressure
|switch|p2a: Torkool|Torkoal, M|100/100
|-weather|SunnyDay|[from] ability: Drought|[of] p2a: Torkool
|
|-weather|SunnyDay|[upkeep]
|upkeep
|turn|4
|
|t:|1662055602
|switch|p1a: Hydreigon|Hydreigon, F|92/100
|switch|p2a: Garchamp|Garchomp, M|100/100
|
|-weather|SunnyDay|[upkeep]
|-heal|p1a: Hydreigon|98/100|[from] item: Leftovers
|upkeep
|turn|5
|
|t:|1662055618
|switch|p1a: Tangrowth|Tangrowth, F|100/100
|move|p2a: Garchamp|Scale Shot|p1a: Tangrowth
|-damage|p1a: Tangrowth|94/100
|-damage|p1a: Tangrowth|87/100
|-damage|p1a: Tangrowth|80/100
|-hitcount|p1a: Tangrowth|3
|-unboost|p2a: Garchamp|def|1
|-boost|p2a: Garchamp|spe|1
|
|-weather|SunnyDay|[upkeep]
|upkeep
|turn|6
|
|t:|1662055631
|move|p2a: Garchamp|Swords Dance|p2a: Garchamp
|-boost|p2a: Garchamp|atk|2
|move|p1a: Tangrowth|Knock Off|p2a: Garchamp
|-damage|p2a: Garchamp|68/100
|-damage|p1a: Tangrowth|68/100|[from] ability: Rough Skin|[of] p2a: Garchamp
|-enditem|p2a: Garchamp|Leftovers|[from] move: Knock Off|[of] p1a: Tangrowth
|
|-weather|SunnyDay|[upkeep]
|upkeep
|turn|7
|
|t:|1662055642
|move|p2a: Garchamp|Fire Fang|p1a: Tangrowth
|-supereffective|p1a: Tangrowth
|-damage|p1a: Tangrowth|3/100
|-status|p1a: Tangrowth|brn
|-damage|p2a: Garchamp|52/100|[from] item: Rocky Helmet|[of] p1a: Tangrowth
|move|p1a: Tangrowth|Sleep Powder|p2a: Garchamp
|-status|p2a: Garchamp|slp|[from] move: Sleep Powder
|
|-weather|SunnyDay|[upkeep]
|-damage|p1a: Tangrowth|0 fnt|[from] brn
|faint|p1a: Tangrowth
|upkeep
|
|t:|1662055656
|switch|p1a: Azumarill|Azumarill, M|100/100
|turn|8
|
|t:|1662055660
|switch|p2a: Ol' Reliable|Volcanion|100/100
|move|p1a: Azumarill|Play Rough|p2a: Ol' Reliable
|-resisted|p2a: Ol' Reliable
|-damage|p2a: Ol' Reliable|75/100
|
|-weather|SunnyDay|[upkeep]
|upkeep
|turn|9
|j| Muk Goggles
|
|t:|1662055688
|switch|p1a: Hydreigon|Hydreigon, F|98/100
|move|p2a: Ol' Reliable|Steam Eruption|p1a: Hydreigon
|-resisted|p1a: Hydreigon
|-damage|p1a: Hydreigon|85/100
|
|-weather|SunnyDay|[upkeep]
|-heal|p1a: Hydreigon|91/100|[from] item: Leftovers
|upkeep
|turn|10
|
|t:|1662055700
|move|p2a: Ol' Reliable|Steam Eruption|p1a: Hydreigon
|-resisted|p1a: Hydreigon
|-damage|p1a: Hydreigon|79/100
|-status|p1a: Hydreigon|brn
|move|p1a: Hydreigon|Dark Pulse|p2a: Ol' Reliable
|-damage|p2a: Ol' Reliable|34/100
|
|-weather|none
|-heal|p1a: Hydreigon|85/100 brn|[from] item: Leftovers
|-damage|p1a: Hydreigon|79/100 brn|[from] brn
|upkeep
|turn|11
|j| InsatiableForMemes
|
|t:|1662055713
|switch|p2a: Garchamp|Garchomp, M|52/100 slp
|move|p1a: Hydreigon|Dark Pulse|p2a: Garchamp
|-damage|p2a: Garchamp|19/100 slp
|
|-heal|p1a: Hydreigon|85/100 brn|[from] item: Leftovers
|-damage|p1a: Hydreigon|79/100 brn|[from] brn
|upkeep
|turn|12
|
|t:|1662055722
|cant|p2a: Garchamp|slp
|move|p1a: Hydreigon|Dark Pulse|p2a: Garchamp
|-damage|p2a: Garchamp|0 fnt
|faint|p2a: Garchamp
|
|-heal|p1a: Hydreigon|85/100 brn|[from] item: Leftovers
|-damage|p1a: Hydreigon|79/100 brn|[from] brn
|upkeep
|
|t:|1662055726
|switch|p2a: Mannieswine|Mamoswine, M|70/100
|turn|13
|
|t:|1662055739
|switch|p1a: Excadrill|Excadrill, M|100/100
|-ability|p1a: Excadrill|Mold Breaker
|move|p2a: Mannieswine|Icicle Crash|p1a: Excadrill
|-damage|p1a: Excadrill|28/100
|
|-heal|p1a: Excadrill|34/100|[from] item: Leftovers
|upkeep
|turn|14
|
|t:|1662055757
|move|p1a: Excadrill|Iron Head|p2a: Mannieswine
|-supereffective|p2a: Mannieswine
|-damage|p2a: Mannieswine|0 fnt
|faint|p2a: Mannieswine
|
|-heal|p1a: Excadrill|40/100|[from] item: Leftovers
|upkeep
|
|t:|1662055760
|switch|p2a: Ol' Reliable|Volcanion|34/100
|turn|15
|j| Pokemon Hates Me
|
|t:|1662055796
|move|p2a: Ol' Reliable|Steam Eruption|p1a: Excadrill
|-supereffective|p1a: Excadrill
|-damage|p1a: Excadrill|0 fnt
|faint|p1a: Excadrill
|
|upkeep
|
|t:|1662055802
|switch|p1a: Hydreigon|Hydreigon, F|79/100 brn
|turn|16
|j| iulic
|
|t:|1662055806
|move|p2a: Ol' Reliable|Steam Eruption|p1a: Hydreigon
|-resisted|p1a: Hydreigon
|-damage|p1a: Hydreigon|52/100 brn
|move|p1a: Hydreigon|Nasty Plot|p1a: Hydreigon
|-boost|p1a: Hydreigon|spa|2
|
|-heal|p1a: Hydreigon|58/100 brn|[from] item: Leftovers
|-damage|p1a: Hydreigon|52/100 brn|[from] brn
|upkeep
|turn|17
|
|t:|1662055818
|move|p2a: Ol' Reliable|Steam Eruption|p1a: Hydreigon
|-resisted|p1a: Hydreigon
|-damage|p1a: Hydreigon|25/100 brn
|move|p1a: Hydreigon|Roost|p1a: Hydreigon
|-heal|p1a: Hydreigon|75/100 brn
|-singleturn|p1a: Hydreigon|move: Roost
|
|-heal|p1a: Hydreigon|81/100 brn|[from] item: Leftovers
|-damage|p1a: Hydreigon|75/100 brn|[from] brn
|upkeep
|turn|18
|
|t:|1662055836
|move|p2a: Ol' Reliable|Steam Eruption|p1a: Hydreigon
|-resisted|p1a: Hydreigon
|-damage|p1a: Hydreigon|49/100 brn
|move|p1a: Hydreigon|Nasty Plot|p1a: Hydreigon
|-boost|p1a: Hydreigon|spa|2
|
|-heal|p1a: Hydreigon|56/100 brn|[from] item: Leftovers
|-damage|p1a: Hydreigon|49/100 brn|[from] brn
|upkeep
|turn|19
|
|t:|1662055846
|switch|p2a: Torkool|Torkoal, M|100/100
|-weather|SunnyDay|[from] ability: Drought|[of] p2a: Torkool
|move|p1a: Hydreigon|Roost|p1a: Hydreigon
|-heal|p1a: Hydreigon|99/100 brn
|-singleturn|p1a: Hydreigon|move: Roost
|
|-weather|SunnyDay|[upkeep]
|-heal|p1a: Hydreigon|100/100 brn|[from] item: Leftovers
|-damage|p1a: Hydreigon|94/100 brn|[from] brn
|upkeep
|turn|20
|j| user1_ou
|
|t:|1662055857
|switch|p2a: Ol' Reliable|Volcanion|34/100
|move|p1a: Hydreigon|Earth Power|p2a: Ol' Reliable
|-supereffective|p2a: Ol' Reliable
|-damage|p2a: Ol' Reliable|0 fnt
|faint|p2a: Ol' Reliable
|
|-weather|SunnyDay|[upkeep]
|-heal|p1a: Hydreigon|100/100 brn|[from] item: Leftovers
|-damage|p1a: Hydreigon|94/100 brn|[from] brn
|upkeep
|
|t:|1662055861
|switch|p2a: Helios|Heliolisk, M, shiny|100/100
|turn|21
|
|t:|1662055875
|move|p2a: Helios|Hyper Voice|p1a: Hydreigon
|-damage|p1a: Hydreigon|35/100 brn
|move|p1a: Hydreigon|Roost|p1a: Hydreigon
|-heal|p1a: Hydreigon|85/100 brn
|-singleturn|p1a: Hydreigon|move: Roost
|
|-weather|SunnyDay|[upkeep]
|-damage|p2a: Helios|88/100|[from] ability: Solar Power|[of] p2a: Helios
|-heal|p1a: Hydreigon|91/100 brn|[from] item: Leftovers
|-damage|p1a: Hydreigon|85/100 brn|[from] brn
|upkeep
|turn|22
|j| BabyPigsAreLaughin
|
|t:|1662055930
|move|p2a: Helios|Hyper Voice|p1a: Hydreigon
|-damage|p1a: Hydreigon|21/100 brn
|move|p1a: Hydreigon|Earth Power|p2a: Helios
|-supereffective|p2a: Helios
|-damage|p2a: Helios|0 fnt
|faint|p2a: Helios
|
|-weather|SunnyDay|[upkeep]
|-heal|p1a: Hydreigon|27/100 brn|[from] item: Leftovers
|-damage|p1a: Hydreigon|21/100 brn|[from] brn
|upkeep
|
|t:|1662055933
|switch|p2a: Venus|Venusaur, F|100/100
|turn|23
|
|t:|1662055943
|move|p2a: Venus|Weather Ball|p1a: Hydreigon
|-resisted|p1a: Hydreigon
|-damage|p1a: Hydreigon|0 fnt
|faint|p1a: Hydreigon
|-damage|p2a: Venus|91/100|[from] item: Life Orb
|
|-weather|SunnyDay|[upkeep]
|upkeep
|
|t:|1662055956
|switch|p1a: Zapdos|Zapdos|100/100
|turn|24
|
|t:|1662055962
|move|p2a: Venus|Weather Ball|p1a: Zapdos
|-damage|p1a: Zapdos|38/100
|-damage|p2a: Venus|81/100|[from] item: Life Orb
|move|p1a: Zapdos|Hurricane|p2a: Venus
|-supereffective|p2a: Venus
|-damage|p2a: Venus|0 fnt
|faint|p2a: Venus
|
|-weather|SunnyDay|[upkeep]
|upkeep
|c|☆PoobleMaster945|gg
|
|t:|1662055966
|switch|p2a: Torkool|Torkoal, M|100/100
|turn|25
|
|t:|1662055976
|move|p1a: Zapdos|Discharge|p2a: Torkool
|-damage|p2a: Torkool|59/100
|move|p2a: Torkool|Lava Plume|p1a: Zapdos
|-damage|p1a: Zapdos|1/100
|-status|p1a: Zapdos|brn
|
|-weather|SunnyDay|[upkeep]
|-damage|p1a: Zapdos|0 fnt|[from] brn
|faint|p1a: Zapdos
|upkeep
|
|t:|1662055987
|switch|p1a: Corviknight|Corviknight, F|100/100
|-ability|p1a: Corviknight|Pressure
|turn|26
|
|t:|1662055997
|move|p1a: Corviknight|Taunt|p2a: Torkool
|-start|p2a: Torkool|move: Taunt
|move|p2a: Torkool|Lava Plume|p1a: Corviknight
|-supereffective|p1a: Corviknight
|-damage|p1a: Corviknight|49/100
|
|-weather|none
|-heal|p1a: Corviknight|55/100|[from] item: Leftovers
|upkeep
|turn|27
|
|t:|1662056006
|move|p1a: Corviknight|Brave Bird|p2a: Torkool
|-damage|p2a: Torkool|40/100
|-damage|p1a: Corviknight|50/100|[from] Recoil
|move|p2a: Torkool|Lava Plume|p1a: Corviknight
|-supereffective|p1a: Corviknight
|-damage|p1a: Corviknight|16/100
|
|-heal|p1a: Corviknight|22/100|[from] item: Leftovers
|upkeep
|turn|28
|
|t:|1662056016
|move|p1a: Corviknight|Brave Bird|p2a: Torkool
|-damage|p2a: Torkool|19/100
|-damage|p1a: Corviknight|17/100|[from] Recoil
|move|p2a: Torkool|Lava Plume|p1a: Corviknight
|-supereffective|p1a: Corviknight
|-damage|p1a: Corviknight|0 fnt
|faint|p1a: Corviknight
|
|-end|p2a: Torkool|move: Taunt
|upkeep
|
|t:|1662056026
|switch|p1a: Azumarill|Azumarill, M|100/100
|turn|29
|
|t:|1662056029
|move|p1a: Azumarill|Knock Off|p2a: Torkool
|-damage|p2a: Torkool|0 fnt
|-enditem|p2a: Torkool|Heat Rock|[from] move: Knock Off|[of] p1a: Azumarill
|faint|p2a: Torkool
|
|win|hypervortexreturns
|raw|hypervortexreturns's rating: 1743 &rarr; <strong>1761</strong><br />(+18 for winning)
|raw|PoobleMaster945's rating: 1709 &rarr; <strong>1691</strong><br />(-18 for losing)
|l|☆PoobleMaster945
|l| Pokemon Hates Me
|l| InsatiableForMemes
