|html|<div class="broadcast-blue"><strong>[Gen 8] OU is currently suspecting Melmetal! For information on how to participate check out the <a href="https://www.smogon.com/forums/threads/np-ss-ou-suspect-process-round-12-monster-mash.3709234/">suspect thread</a>.</strong></div>
|j|☆samohi0
|j|☆LT94JE Allistair
|t:|1665942616
|gametype|singles
|player|p1|samohi0|101|1631
|player|p2|LT94JE Allistair|169|1636
|teamsize|p1|6
|teamsize|p2|6
|gen|8
|tier|[Gen 8] OU
|rated|
|rule|Sleep Clause Mod: Limit one foe put to sleep
|rule|Species Clause: Limit one of each Pokémon
|rule|OHKO Clause: OHKO moves are banned
|rule|Evasion Items Clause: Evasion items are banned
|rule|Evasion Moves Clause: Evasion moves are banned
|rule|Endless Battle Clause: Forcing endless battles is banned
|rule|HP Percentage Mod: HP is shown in percentages
|rule|Dynamax Clause: You cannot dynamax
|clearpoke
|poke|p1|Heatran, F|
|poke|p1|Dragapult, F|
|poke|p1|Toxapex, M|
|poke|p1|Hydreigon, M|
|poke|p1|Landorus-Therian, M|
|poke|p1|Rillaboom, F|
|poke|p2|Mew|
|poke|p2|Slurpuff, M|
|poke|p2|Vanilluxe, F|
|poke|p2|Jirachi|
|poke|p2|Tapu Fini|
|poke|p2|Registeel|
|teampreview
|j| Sigggggggg
|inactive|Battle timer is ON: inactive players will automatically lose when time's up. (requested by samohi0)
|
|t:|1665942667
|start
|switch|p1a: Landorus|Landorus-Therian, M, shiny|100/100
|switch|p2a: Tapu Fini|Tapu Fini|100/100
|-fieldstart|move: Misty Terrain|[from] ability: Misty Surge|[of] p2a: Tapu Fini
|-ability|p1a: Landorus|Intimidate|boost
|-unboost|p2a: Tapu Fini|atk|1
|turn|1
|
|t:|1665942671
|move|p2a: Tapu Fini|Taunt|p1a: Landorus
|-start|p1a: Landorus|move: Taunt
|move|p1a: Landorus|U-turn|p2a: Tapu Fini
|-resisted|p2a: Tapu Fini
|-damage|p2a: Tapu Fini|88/100
|
|t:|1665942673
|switch|p1a: Rillaboom|Rillaboom, F, shiny|100/100|[from]move: U-turn
|-fieldstart|move: Grassy Terrain|[from] ability: Grassy Surge|[of] p1a: Rillaboom
|
|-heal|p2a: Tapu Fini|94/100|[from] Grassy Terrain
|upkeep
|turn|2
|
|t:|1665942678
|switch|p2a: Registeel|Registeel|100/100
|move|p1a: Rillaboom|Swords Dance|p1a: Rillaboom
|-boost|p1a: Rillaboom|atk|2
|
|upkeep
|turn|3
|
|t:|1665942681
|move|p2a: Registeel|Iron Defense|p2a: Registeel
|-boost|p2a: Registeel|def|2
|move|p1a: Rillaboom|Superpower|p2a: Registeel
|-supereffective|p2a: Registeel
|-damage|p2a: Registeel|21/100
|-unboost|p1a: Rillaboom|atk|1
|-unboost|p1a: Rillaboom|def|1
|-damage|p1a: Rillaboom|91/100|[from] item: Life Orb
|
|-heal|p2a: Registeel|27/100|[from] Grassy Terrain
|-heal|p2a: Registeel|33/100|[from] item: Leftovers
|-heal|p1a: Rillaboom|97/100|[from] Grassy Terrain
|upkeep
|turn|4
|
|t:|1665942693
|move|p2a: Registeel|Body Press|p1a: Rillaboom
|-damage|p1a: Rillaboom|10/100
|move|p1a: Rillaboom|Superpower|p2a: Registeel
|-supereffective|p2a: Registeel
|-damage|p2a: Registeel|0 fnt
|-unboost|p1a: Rillaboom|atk|1
|-unboost|p1a: Rillaboom|def|1
|faint|p2a: Registeel
|-damage|p1a: Rillaboom|0 fnt|[from] item: Life Orb
|faint|p1a: Rillaboom
|
|upkeep
|
|t:|1665942701
|switch|p2a: Slurpuff|Slurpuff, M|100/100
|switch|p1a: Landorus|Landorus-Therian, M, shiny|100/100
|-ability|p1a: Landorus|Intimidate|boost
|-unboost|p2a: Slurpuff|atk|1
|turn|5
|
|t:|1665942703
|move|p2a: Slurpuff|Sticky Web|p1a: Landorus
|-sidestart|p1: samohi0|move: Sticky Web
|move|p1a: Landorus|Toxic|p2a: Slurpuff|[miss]
|-miss|p1a: Landorus|p2a: Slurpuff
|
|-fieldend|move: Grassy Terrain
|upkeep
|turn|6
|
|t:|1665942706
|move|p2a: Slurpuff|Yawn|p1a: Landorus
|-start|p1a: Landorus|move: Yawn|[of] p2a: Slurpuff
|move|p1a: Landorus|Toxic|p2a: Slurpuff|[miss]
|-miss|p1a: Landorus|p2a: Slurpuff
|
|upkeep
|turn|7
|
|t:|1665942710
|move|p2a: Slurpuff|Misty Explosion|p1a: Landorus
|-damage|p1a: Landorus|78/100
|faint|p2a: Slurpuff
|move|p1a: Landorus|U-turn|p2: Slurpuff|[notarget]
|-fail|p1a: Landorus
|
|-heal|p1a: Landorus|84/100|[from] item: Leftovers
|-end|p1a: Landorus|move: Yawn|[silent]
|-status|p1a: Landorus|slp
|upkeep
|
|t:|1665942716
|switch|p2a: Vanilluxe|Vanilluxe, F|100/100
|-weather|Hail|[from] ability: Snow Warning|[of] p2a: Vanilluxe
|turn|8
|
|t:|1665942718
|move|p2a: Vanilluxe|Aurora Veil|p2a: Vanilluxe
|-sidestart|p2: LT94JE Allistair|move: Aurora Veil
|cant|p1a: Landorus|slp
|
|-weather|Hail|[upkeep]
|-damage|p1a: Landorus|78/100 slp|[from] Hail
|-heal|p1a: Landorus|84/100 slp|[from] item: Leftovers
|upkeep
|turn|9
|
|t:|1665942720
|move|p2a: Vanilluxe|Taunt|p1a: Landorus
|-start|p1a: Landorus|move: Taunt
|cant|p1a: Landorus|slp
|
|-weather|Hail|[upkeep]
|-damage|p1a: Landorus|78/100 slp|[from] Hail
|-heal|p1a: Landorus|84/100 slp|[from] item: Leftovers
|upkeep
|turn|10
|
|t:|1665942722
|move|p2a: Vanilluxe|Explosion|p1a: Landorus
|-damage|p1a: Landorus|21/100 slp
|faint|p2a: Vanilluxe
|cant|p1a: Landorus|slp
|
|-weather|Hail|[upkeep]
|-damage|p1a: Landorus|15/100 slp|[from] Hail
|-heal|p1a: Landorus|21/100 slp|[from] item: Leftovers
|upkeep
|
|t:|1665942725
|switch|p2a: Tapu Fini|Tapu Fini|94/100
|-fieldstart|move: Misty Terrain|[from] ability: Misty Surge|[of] p2a: Tapu Fini
|turn|11
|
|t:|1665942727
|move|p2a: Tapu Fini|Calm Mind|p2a: Tapu Fini
|-boost|p2a: Tapu Fini|spa|1
|-boost|p2a: Tapu Fini|spd|1
|-curestatus|p1a: Landorus|slp|[msg]
|move|p1a: Landorus|U-turn|p2a: Tapu Fini
|-resisted|p2a: Tapu Fini
|-damage|p2a: Tapu Fini|88/100
|
|t:|1665942730
|switch|p1a: Toxapex|Toxapex, M|100/100|[from]move: U-turn
|-activate|p1a: Toxapex|move: Sticky Web
|-unboost|p1a: Toxapex|spe|1
|
|-weather|Hail|[upkeep]
|-damage|p2a: Tapu Fini|82/100|[from] Hail
|-damage|p1a: Toxapex|94/100|[from] Hail
|upkeep
|turn|12
|
|t:|1665942735
|move|p2a: Tapu Fini|Taunt|p1a: Toxapex
|-start|p1a: Toxapex|move: Taunt
|move|p1a: Toxapex|Poison Jab|p2a: Tapu Fini
|-supereffective|p2a: Tapu Fini
|-damage|p2a: Tapu Fini|62/100
|-enditem|p2a: Tapu Fini|Weakness Policy
|-boost|p2a: Tapu Fini|atk|2|[from] item: Weakness Policy
|-boost|p2a: Tapu Fini|spa|2|[from] item: Weakness Policy
|
|-weather|none
|upkeep
|turn|13
|
|t:|1665942738
|move|p2a: Tapu Fini|Surf|p1a: Toxapex
|-resisted|p1a: Toxapex
|-damage|p1a: Toxapex|58/100
|move|p1a: Toxapex|Poison Jab|p2a: Tapu Fini
|-supereffective|p2a: Tapu Fini
|-damage|p2a: Tapu Fini|42/100
|
|upkeep
|turn|14
|
|t:|1665942745
|move|p2a: Tapu Fini|Surf|p1a: Toxapex
|-resisted|p1a: Toxapex
|-damage|p1a: Toxapex|17/100
|move|p1a: Toxapex|Poison Jab|p2a: Tapu Fini
|-supereffective|p2a: Tapu Fini
|-damage|p2a: Tapu Fini|23/100
|
|-end|p1a: Toxapex|move: Taunt
|upkeep
|turn|15
|
|t:|1665942752
|switch|p1a: Landorus|Landorus-Therian, M, shiny|21/100
|-ability|p1a: Landorus|Intimidate|boost
|-unboost|p2a: Tapu Fini|atk|1
|move|p2a: Tapu Fini|Draining Kiss|p1a: Landorus
|-damage|p1a: Landorus|0 fnt
|-heal|p2a: Tapu Fini|43/100|[from] drain|[of] p1a: Landorus
|faint|p1a: Landorus
|
|-sideend|p2: LT94JE Allistair|move: Aurora Veil
|-fieldend|Misty Terrain
|upkeep
|
|t:|1665942755
|switch|p1a: Toxapex|Toxapex, M|50/100
|-activate|p1a: Toxapex|move: Sticky Web
|-unboost|p1a: Toxapex|spe|1
|turn|16
|
|t:|1665942766
|move|p2a: Tapu Fini|Surf|p1a: Toxapex
|-resisted|p1a: Toxapex
|-damage|p1a: Toxapex|10/100
|move|p1a: Toxapex|Poison Jab|p2a: Tapu Fini
|-supereffective|p2a: Tapu Fini
|-damage|p2a: Tapu Fini|3/100
|
|upkeep
|turn|17
|
|t:|1665942778
|switch|p1a: Heatran|Heatran, F, shiny|100/100
|-activate|p1a: Heatran|move: Sticky Web
|-unboost|p1a: Heatran|spe|1
|move|p2a: Tapu Fini|Draining Kiss|p1a: Heatran
|-resisted|p1a: Heatran
|-damage|p1a: Heatran|92/100
|-heal|p2a: Tapu Fini|11/100|[from] drain|[of] p1a: Heatran
|
|-heal|p1a: Heatran|99/100|[from] item: Leftovers
|upkeep
|turn|18
|
|t:|1665942781
|move|p2a: Tapu Fini|Surf|p1a: Heatran
|-supereffective|p1a: Heatran
|-damage|p1a: Heatran|0 fnt
|faint|p1a: Heatran
|
|upkeep
|
|t:|1665942784
|switch|p1a: Toxapex|Toxapex, M|44/100
|-activate|p1a: Toxapex|move: Sticky Web
|-unboost|p1a: Toxapex|spe|1
|turn|19
|
|t:|1665942788
|move|p2a: Tapu Fini|Taunt|p1a: Toxapex
|-start|p1a: Toxapex|move: Taunt
|move|p1a: Toxapex|Poison Jab|p2a: Tapu Fini
|-supereffective|p2a: Tapu Fini
|-damage|p2a: Tapu Fini|0 fnt
|faint|p2a: Tapu Fini
|
|upkeep
|
|t:|1665942791
|switch|p2a: Jirachi|Jirachi|100/100
|turn|20
|
|t:|1665942793
|switch|p1a: Hydreigon|Hydreigon, M|100/100
|move|p2a: Jirachi|Cosmic Power|p2a: Jirachi
|-boost|p2a: Jirachi|def|1
|-boost|p2a: Jirachi|spd|1
|
|upkeep
|turn|21
|
|t:|1665942797
|move|p2a: Jirachi|Aura Sphere|p1a: Hydreigon
|-supereffective|p1a: Hydreigon
|-damage|p1a: Hydreigon|55/100
|move|p1a: Hydreigon|Dark Pulse|p2a: Jirachi
|-supereffective|p2a: Jirachi
|-damage|p2a: Jirachi|30/100
|-enditem|p2a: Jirachi|Weakness Policy
|-boost|p2a: Jirachi|atk|2|[from] item: Weakness Policy
|-boost|p2a: Jirachi|spa|2|[from] item: Weakness Policy
|-damage|p1a: Hydreigon|45/100|[from] item: Life Orb
|
|upkeep
|turn|22
|
|t:|1665942802
|move|p2a: Jirachi|Aura Sphere|p1a: Hydreigon
|-supereffective|p1a: Hydreigon
|-damage|p1a: Hydreigon|0 fnt
|faint|p1a: Hydreigon
|
|upkeep
|
|t:|1665942803
|switch|p1a: Dragapult|Dragapult, F, shiny|100/100
|-activate|p1a: Dragapult|move: Sticky Web
|-unboost|p1a: Dragapult|spe|1
|turn|23
|
|t:|1665942805
|move|p2a: Jirachi|Stored Power|p1a: Dragapult
|-damage|p1a: Dragapult|0 fnt
|faint|p1a: Dragapult
|
|upkeep
|-message|samohi0 forfeited.
|
|win|LT94JE Allistair
|raw|samohi0's rating: 1631 &rarr; <strong>1611</strong><br />(-20 for losing)
|raw|LT94JE Allistair's rating: 1636 &rarr; <strong>1656</strong><br />(+20 for winning)
|l|☆samohi0
|l|☆LT94JE Allistair
