|j|☆Steez Ibanez
|j|☆Sol3N3ro 太陽
|inactive|Battle timer is ON: inactive players will automatically lose when time's up.
|t:|1667761755
|gametype|singles
|player|p1|Steez Ibanez|acetrainer-gen7|
|player|p2|Sol3N3ro 太陽|calem|
|teamsize|p1|6
|teamsize|p2|6
|gen|8
|tier|[Gen 8] OU
|rated|Tournament battle
|rule|Sleep Clause Mod: Limit one foe put to sleep
|rule|Species Clause: Limit one of each Pokémon
|rule|OHKO Clause: OHKO moves are banned
|rule|Evasion Items Clause: Evasion items are banned
|rule|Evasion Moves Clause: Evasion moves are banned
|rule|Endless Battle Clause: Forcing endless battles is banned
|rule|HP Percentage Mod: HP is shown in percentages
|rule|Dynamax Clause: You cannot dynamax
|clearpoke
|poke|p1|Aegislash, M|
|poke|p1|Hydreigon, M|
|poke|p1|Slowbro, M|
|poke|p1|Hippowdon, M|
|poke|p1|Zapdos|
|poke|p1|Ferrothorn, M|
|poke|p2|Jirachi|
|poke|p2|Skarmory, F|
|poke|p2|Clefable, F|
|poke|p2|Gastrodon, M|
|poke|p2|Toxapex, M|
|poke|p2|Hydreigon, F|
|teampreview
|inactive|Steez Ibanez also wants the timer to be on.
|j| BLOATED_BAGEL
|j| cypherstest
|c|☆Steez Ibanez|Ew
|c|☆Steez Ibanez|Hf
|inactive|Sol3N3ro 太陽 has 120 seconds left.
|j| IExistYouDont
|c| IExistYouDont|Sol3N3ro rachi stall?
|j| Aftx
|j| Xsage93
|
|t:|1667761810
|start
|switch|p1a: Pumba|Hippowdon, M|100/100
|switch|p2a: Jirachi|Jirachi|100/100
|-weather|Sandstorm|[from] ability: Sand Stream|[of] p1a: Pumba
|turn|1
|j| lowelofunn
|j|@SetsuStsna
|
|t:|1667761817
|switch|p2a: Skarmory|Skarmory, F|100/100
|move|p1a: Pumba|Earthquake|p2a: Skarmory
|-immune|p2a: Skarmory
|
|-weather|Sandstorm|[upkeep]
|upkeep
|turn|2
|
|t:|1667761820
|move|p2a: Skarmory|Stealth Rock|p1a: Pumba
|-sidestart|p1: Steez Ibanez|move: Stealth Rock
|move|p1a: Pumba|Stealth Rock|p2a: Skarmory
|-sidestart|p2: Sol3N3ro 太陽|move: Stealth Rock
|
|-weather|Sandstorm|[upkeep]
|upkeep
|turn|3
|
|t:|1667761825
|switch|p1a: Abomination|Ferrothorn, M|100/100
|-damage|p1a: Abomination|95/100|[from] Stealth Rock
|move|p2a: Skarmory|Defog|p1a: Abomination
|-unboost|p1a: Abomination|evasion|1
|-sideend|p1: Steez Ibanez|Stealth Rock|[from] move: Defog|[of] p2a: Skarmory
|-sideend|p2: Sol3N3ro 太陽|Stealth Rock|[from] move: Defog|[of] p2a: Skarmory
|
|-weather|Sandstorm|[upkeep]
|upkeep
|turn|4
|
|t:|1667761828
|move|p2a: Skarmory|Body Press|p1a: Abomination
|-supereffective|p1a: Abomination
|-damage|p1a: Abomination|53/100
|-damage|p2a: Skarmory|88/100|[from] ability: Iron Barbs|[of] p1a: Abomination
|-damage|p2a: Skarmory|72/100|[from] item: Rocky Helmet|[of] p1a: Abomination
|move|p1a: Abomination|Leech Seed|p2a: Skarmory
|-start|p2a: Skarmory|move: Leech Seed
|
|-weather|Sandstorm|[upkeep]
|-damage|p2a: Skarmory|59/100|[from] Leech Seed|[of] p1a: Abomination
|-heal|p1a: Abomination|65/100|[silent]
|upkeep
|turn|5
|
|t:|1667761832
|switch|p2a: Hydreigon|Hydreigon, F|100/100
|move|p1a: Abomination|Spikes|p2a: Hydreigon
|-sidestart|p2: Sol3N3ro 太陽|Spikes
|
|-weather|none
|upkeep
|turn|6
|
|t:|1667761836
|switch|p1a: Pumba|Hippowdon, M|100/100
|-weather|Sandstorm|[from] ability: Sand Stream|[of] p1a: Pumba
|move|p2a: Hydreigon|Defog|p1a: Pumba
|-unboost|p1a: Pumba|evasion|1
|-sideend|p2: Sol3N3ro 太陽|Spikes|[from] move: Defog|[of] p2a: Hydreigon
|
|-weather|Sandstorm|[upkeep]
|-damage|p2a: Hydreigon|94/100|[from] Sandstorm
|-heal|p2a: Hydreigon|100/100|[from] item: Leftovers
|upkeep
|turn|7
|
|t:|1667761840
|switch|p2a: Skarmory|Skarmory, F|59/100
|move|p1a: Pumba|Stealth Rock|p2a: Skarmory
|-sidestart|p2: Sol3N3ro 太陽|move: Stealth Rock
|
|-weather|Sandstorm|[upkeep]
|upkeep
|turn|8
|j| uchira
|
|t:|1667761842
|move|p2a: Skarmory|Defog|p1a: Pumba
|-unboost|p1a: Pumba|evasion|1
|-sideend|p2: Sol3N3ro 太陽|Stealth Rock|[from] move: Defog|[of] p2a: Skarmory
|move|p1a: Pumba|Earthquake|p2a: Skarmory
|-immune|p2a: Skarmory
|
|-weather|Sandstorm|[upkeep]
|upkeep
|turn|9
|
|t:|1667761845
|move|p2a: Skarmory|Stealth Rock|p1a: Pumba
|-sidestart|p1: Steez Ibanez|move: Stealth Rock
|move|p1a: Pumba|Stealth Rock|p2a: Skarmory
|-sidestart|p2: Sol3N3ro 太陽|move: Stealth Rock
|
|-weather|Sandstorm|[upkeep]
|upkeep
|turn|10
|
|t:|1667761848
|move|p2a: Skarmory|Roost|p2a: Skarmory
|-heal|p2a: Skarmory|100/100
|-singleturn|p2a: Skarmory|move: Roost
|move|p1a: Pumba|Earthquake|p2a: Skarmory
|-supereffective|p2a: Skarmory
|-damage|p2a: Skarmory|57/100
|
|-weather|none
|upkeep
|turn|11
|
|t:|1667761853
|switch|p1a: Abomination|Ferrothorn, M|65/100
|-damage|p1a: Abomination|59/100|[from] Stealth Rock
|move|p2a: Skarmory|Defog|p1a: Abomination
|-unboost|p1a: Abomination|evasion|1
|-sideend|p1: Steez Ibanez|Stealth Rock|[from] move: Defog|[of] p2a: Skarmory
|-sideend|p2: Sol3N3ro 太陽|Stealth Rock|[from] move: Defog|[of] p2a: Skarmory
|
|upkeep
|turn|12
|
|t:|1667761855
|move|p2a: Skarmory|Body Press|p1a: Abomination
|-supereffective|p1a: Abomination
|-crit|p1a: Abomination
|-damage|p1a: Abomination|1/100
|-damage|p2a: Skarmory|45/100|[from] ability: Iron Barbs|[of] p1a: Abomination
|-damage|p2a: Skarmory|29/100|[from] item: Rocky Helmet|[of] p1a: Abomination
|move|p1a: Abomination|Leech Seed|p2a: Skarmory
|-start|p2a: Skarmory|move: Leech Seed
|
|-damage|p2a: Skarmory|16/100|[from] Leech Seed|[of] p1a: Abomination
|-heal|p1a: Abomination|13/100|[silent]
|upkeep
|turn|13
|
|t:|1667761859
|move|p2a: Skarmory|Roost|p2a: Skarmory
|-heal|p2a: Skarmory|66/100
|-singleturn|p2a: Skarmory|move: Roost
|move|p1a: Abomination|Spikes|p2a: Skarmory
|-sidestart|p2: Sol3N3ro 太陽|Spikes
|
|-damage|p2a: Skarmory|54/100|[from] Leech Seed|[of] p1a: Abomination
|-heal|p1a: Abomination|24/100|[silent]
|upkeep
|turn|14
|
|t:|1667761863
|switch|p1a: Bolt|Zapdos|100/100
|move|p2a: Skarmory|Roost|p2a: Skarmory
|-heal|p2a: Skarmory|100/100
|-singleturn|p2a: Skarmory|move: Roost
|
|-damage|p2a: Skarmory|88/100|[from] Leech Seed|[of] p1a: Bolt
|upkeep
|turn|15
|
|t:|1667761870
|switch|p1a: Hades|Hydreigon, M|100/100
|switch|p2a: Jirachi|Jirachi|100/100
|-damage|p2a: Jirachi|88/100|[from] Spikes
|
|-heal|p2a: Jirachi|94/100|[from] item: Leftovers
|upkeep
|turn|16
|
|t:|1667761874
|switch|p1a: Abomination|Ferrothorn, M|24/100
|move|p2a: Jirachi|Protect||[still]
|-fail|p2a: Jirachi
|
|-heal|p2a: Jirachi|100/100|[from] item: Leftovers
|upkeep
|turn|17
|
|t:|1667761882
|switch|p2a: Skarmory|Skarmory, F|88/100
|move|p1a: Abomination|Leech Seed|p2a: Skarmory
|-start|p2a: Skarmory|move: Leech Seed
|
|-damage|p2a: Skarmory|76/100|[from] Leech Seed|[of] p1a: Abomination
|-heal|p1a: Abomination|36/100|[silent]
|upkeep
|turn|18
|
|t:|1667761888
|move|p2a: Skarmory|Defog|p1a: Abomination
|-unboost|p1a: Abomination|evasion|1
|-sideend|p2: Sol3N3ro 太陽|Spikes|[from] move: Defog|[of] p2a: Skarmory
|move|p1a: Abomination|Spikes|p2a: Skarmory
|-sidestart|p2: Sol3N3ro 太陽|Spikes
|
|-damage|p2a: Skarmory|64/100|[from] Leech Seed|[of] p1a: Abomination
|-heal|p1a: Abomination|48/100|[silent]
|upkeep
|turn|19
|
|t:|1667761891
|move|p2a: Skarmory|Body Press|p1a: Abomination
|-supereffective|p1a: Abomination
|-damage|p1a: Abomination|13/100
|-damage|p2a: Skarmory|51/100|[from] ability: Iron Barbs|[of] p1a: Abomination
|-damage|p2a: Skarmory|35/100|[from] item: Rocky Helmet|[of] p1a: Abomination
|move|p1a: Abomination|Spikes|p2a: Skarmory
|-sidestart|p2: Sol3N3ro 太陽|Spikes
|
|-damage|p2a: Skarmory|23/100|[from] Leech Seed|[of] p1a: Abomination
|-heal|p1a: Abomination|25/100|[silent]
|upkeep
|turn|20
|
|t:|1667761895
|move|p2a: Skarmory|Roost|p2a: Skarmory
|-heal|p2a: Skarmory|73/100
|-singleturn|p2a: Skarmory|move: Roost
|move|p1a: Abomination|Spikes|p2a: Skarmory
|-sidestart|p2: Sol3N3ro 太陽|Spikes
|
|-damage|p2a: Skarmory|60/100|[from] Leech Seed|[of] p1a: Abomination
|-heal|p1a: Abomination|36/100|[silent]
|upkeep
|turn|21
|
|t:|1667761898
|move|p2a: Skarmory|Defog|p1a: Abomination
|-unboost|p1a: Abomination|evasion|1
|-sideend|p2: Sol3N3ro 太陽|Spikes|[from] move: Defog|[of] p2a: Skarmory
|move|p1a: Abomination|Spikes|p2a: Skarmory
|-sidestart|p2: Sol3N3ro 太陽|Spikes
|
|-damage|p2a: Skarmory|48/100|[from] Leech Seed|[of] p1a: Abomination
|-heal|p1a: Abomination|48/100|[silent]
|upkeep
|turn|22
|
|t:|1667761902
|move|p2a: Skarmory|Roost|p2a: Skarmory
|-heal|p2a: Skarmory|98/100
|-singleturn|p2a: Skarmory|move: Roost
|move|p1a: Abomination|Spikes|p2a: Skarmory
|-sidestart|p2: Sol3N3ro 太陽|Spikes
|
|-damage|p2a: Skarmory|86/100|[from] Leech Seed|[of] p1a: Abomination
|-heal|p1a: Abomination|60/100|[silent]
|upkeep
|turn|23
|
|t:|1667761904
|switch|p2a: Hydreigon|Hydreigon, F|100/100
|move|p1a: Abomination|Spikes|p2a: Hydreigon
|-sidestart|p2: Sol3N3ro 太陽|Spikes
|
|upkeep
|turn|24
|
|t:|1667761906
|move|p2a: Hydreigon|Defog|p1a: Abomination
|-unboost|p1a: Abomination|evasion|1
|-sideend|p2: Sol3N3ro 太陽|Spikes|[from] move: Defog|[of] p2a: Hydreigon
|move|p1a: Abomination|Knock Off|p2a: Hydreigon
|-resisted|p2a: Hydreigon
|-damage|p2a: Hydreigon|88/100
|-enditem|p2a: Hydreigon|Leftovers|[from] move: Knock Off|[of] p1a: Abomination
|
|upkeep
|turn|25
|
|t:|1667761908
|switch|p1a: Pumba|Hippowdon, M|100/100
|-weather|Sandstorm|[from] ability: Sand Stream|[of] p1a: Pumba
|move|p2a: Hydreigon|Flamethrower|p1a: Pumba
|-crit|p1a: Pumba
|-damage|p1a: Pumba|60/100
|
|-weather|Sandstorm|[upkeep]
|-damage|p2a: Hydreigon|82/100|[from] Sandstorm
|-heal|p1a: Pumba|66/100|[from] item: Leftovers
|upkeep
|turn|26
|
|t:|1667761910
|switch|p2a: Skarmory|Skarmory, F|86/100
|move|p1a: Pumba|Stealth Rock|p2a: Skarmory
|-sidestart|p2: Sol3N3ro 太陽|move: Stealth Rock
|
|-weather|Sandstorm|[upkeep]
|-heal|p1a: Pumba|73/100|[from] item: Leftovers
|upkeep
|turn|27
|
|t:|1667761915
|switch|p1a: Abomination|Ferrothorn, M|60/100
|move|p2a: Skarmory|Defog|p1a: Abomination
|-unboost|p1a: Abomination|evasion|1
|-sideend|p2: Sol3N3ro 太陽|Stealth Rock|[from] move: Defog|[of] p2a: Skarmory
|
|-weather|Sandstorm|[upkeep]
|upkeep
|turn|28
|
|t:|1667761917
|move|p2a: Skarmory|Body Press|p1a: Abomination
|-supereffective|p1a: Abomination
|-damage|p1a: Abomination|25/100
|-damage|p2a: Skarmory|74/100|[from] ability: Iron Barbs|[of] p1a: Abomination
|-damage|p2a: Skarmory|57/100|[from] item: Rocky Helmet|[of] p1a: Abomination
|move|p1a: Abomination|Leech Seed|p2a: Skarmory
|-start|p2a: Skarmory|move: Leech Seed
|
|-weather|Sandstorm|[upkeep]
|-damage|p2a: Skarmory|45/100|[from] Leech Seed|[of] p1a: Abomination
|-heal|p1a: Abomination|37/100|[silent]
|upkeep
|turn|29
|
|t:|1667761921
|switch|p2a: Hydreigon|Hydreigon, F|82/100
|move|p1a: Abomination|Spikes|p2a: Hydreigon
|-sidestart|p2: Sol3N3ro 太陽|Spikes
|
|-weather|none
|upkeep
|turn|30
|
|t:|1667761925
|switch|p1a: Pumba|Hippowdon, M|73/100
|-weather|Sandstorm|[from] ability: Sand Stream|[of] p1a: Pumba
|move|p2a: Hydreigon|Defog|p1a: Pumba
|-unboost|p1a: Pumba|evasion|1
|-sideend|p2: Sol3N3ro 太陽|Spikes|[from] move: Defog|[of] p2a: Hydreigon
|
|-weather|Sandstorm|[upkeep]
|-damage|p2a: Hydreigon|76/100|[from] Sandstorm
|-heal|p1a: Pumba|79/100|[from] item: Leftovers
|upkeep
|turn|31
|
|t:|1667761928
|switch|p2a: Skarmory|Skarmory, F|45/100
|move|p1a: Pumba|Stealth Rock|p2a: Skarmory
|-sidestart|p2: Sol3N3ro 太陽|move: Stealth Rock
|
|-weather|Sandstorm|[upkeep]
|-heal|p1a: Pumba|85/100|[from] item: Leftovers
|upkeep
|turn|32
|
|t:|1667761933
|switch|p1a: Slowbruh|Slowbro, M|100/100
|move|p2a: Skarmory|Defog|p1a: Slowbruh
|-unboost|p1a: Slowbruh|evasion|1
|-sideend|p2: Sol3N3ro 太陽|Stealth Rock|[from] move: Defog|[of] p2a: Skarmory
|
|-weather|Sandstorm|[upkeep]
|-damage|p1a: Slowbruh|94/100|[from] Sandstorm
|upkeep
|turn|33
|j| SUSkirt77
|
|t:|1667761939
|switch|p2a: Jirachi|Jirachi|100/100
|move|p1a: Slowbruh|Teleport|p1a: Slowbruh
|l| IExistYouDont
|
|t:|1667761942
|switch|p1a: Hades|Hydreigon, M|100/100|[from]move: Teleport
|
|-weather|Sandstorm|[upkeep]
|-damage|p1a: Hades|94/100|[from] Sandstorm
|-heal|p1a: Hades|100/100|[from] item: Leftovers
|upkeep
|turn|34
|
|t:|1667761947
|move|p2a: Jirachi|Protect|p2a: Jirachi
|-singleturn|p2a: Jirachi|Protect
|move|p1a: Hades|Substitute|p1a: Hades
|-start|p1a: Hades|Substitute
|-damage|p1a: Hades|76/100
|
|-weather|none
|-heal|p1a: Hades|82/100|[from] item: Leftovers
|upkeep
|turn|35
|
|t:|1667761951
|switch|p2a: Clefable|Clefable, F|100/100
|move|p1a: Hades|Dark Pulse|p2a: Clefable
|-resisted|p2a: Clefable
|-damage|p2a: Clefable|82/100
|
|-heal|p1a: Hades|88/100|[from] item: Leftovers
|-heal|p2a: Clefable|88/100|[from] item: Leftovers
|upkeep
|turn|36
|
|t:|1667761956
|move|p1a: Hades|Flash Cannon|p2a: Clefable
|-supereffective|p2a: Clefable
|-damage|p2a: Clefable|36/100
|-unboost|p2a: Clefable|spd|1
|move|p2a: Clefable|Moonblast|p1a: Hades
|-supereffective|p1a: Hades
|-end|p1a: Hades|Substitute
|
|-heal|p1a: Hades|94/100|[from] item: Leftovers
|-heal|p2a: Clefable|42/100|[from] item: Leftovers
|upkeep
|turn|37
|
|t:|1667761967
|move|p1a: Hades|Substitute|p1a: Hades
|-start|p1a: Hades|Substitute
|-damage|p1a: Hades|69/100
|move|p2a: Clefable|Moonblast|p1a: Hades
|-supereffective|p1a: Hades
|-end|p1a: Hades|Substitute
|
|-heal|p1a: Hades|75/100|[from] item: Leftovers
|-heal|p2a: Clefable|48/100|[from] item: Leftovers
|upkeep
|turn|38
|j| AikonZ_Test
|
|t:|1667761979
|switch|p2a: Hydreigon|Hydreigon, F|76/100
|move|p1a: Hades|Substitute|p1a: Hades
|-start|p1a: Hades|Substitute
|-damage|p1a: Hades|50/100
|
|-heal|p1a: Hades|57/100|[from] item: Leftovers
|upkeep
|turn|39
|l| AikonZ_Test
|
|t:|1667761983
|move|p1a: Hades|Nasty Plot|p1a: Hades
|-boost|p1a: Hades|spa|2
|move|p2a: Hydreigon|Flamethrower|p1a: Hades
|-resisted|p1a: Hades
|-activate|p1a: Hades|move: Substitute|[damage]
|
|-heal|p1a: Hades|63/100|[from] item: Leftovers
|upkeep
|turn|40
|l| SUSkirt77
|
|t:|1667761991
|switch|p2a: Clefable|Clefable, F|48/100
|move|p1a: Hades|Flash Cannon|p2a: Clefable
|-supereffective|p2a: Clefable
|-damage|p2a: Clefable|0 fnt
|faint|p2a: Clefable
|
|-heal|p1a: Hades|69/100|[from] item: Leftovers
|upkeep
|
|t:|1667761996
|switch|p2a: Gastrodon|Gastrodon, M|100/100
|turn|41
|
|t:|1667761998
|move|p1a: Hades|Dark Pulse|p2a: Gastrodon
|-damage|p2a: Gastrodon|52/100
|move|p2a: Gastrodon|Scald|p1a: Hades
|-resisted|p1a: Hades
|-end|p1a: Hades|Substitute
|
|-heal|p1a: Hades|75/100|[from] item: Leftovers
|-heal|p2a: Gastrodon|58/100|[from] item: Leftovers
|upkeep
|turn|42
|
|t:|1667762001
|move|p1a: Hades|Substitute|p1a: Hades
|-start|p1a: Hades|Substitute
|-damage|p1a: Hades|50/100
|move|p2a: Gastrodon|Recover|p2a: Gastrodon
|-heal|p2a: Gastrodon|100/100
|
|-heal|p1a: Hades|56/100|[from] item: Leftovers
|upkeep
|turn|43
|
|t:|1667762002
|move|p1a: Hades|Nasty Plot|p1a: Hades
|-boost|p1a: Hades|spa|2
|move|p2a: Gastrodon|Scald|p1a: Hades
|-resisted|p1a: Hades
|-activate|p1a: Hades|move: Substitute|[damage]
|
|-heal|p1a: Hades|62/100|[from] item: Leftovers
|upkeep
|turn|44
|
|t:|1667762004
|move|p1a: Hades|Nasty Plot|p1a: Hades
|-boost|p1a: Hades|spa|2
|move|p2a: Gastrodon|Scald|p1a: Hades
|-resisted|p1a: Hades
|-end|p1a: Hades|Substitute
|
|-heal|p1a: Hades|68/100|[from] item: Leftovers
|upkeep
|turn|45
|
|t:|1667762009
|move|p1a: Hades|Substitute|p1a: Hades
|-start|p1a: Hades|Substitute
|-damage|p1a: Hades|44/100
|move|p2a: Gastrodon|Scald|p1a: Hades
|-resisted|p1a: Hades
|-activate|p1a: Hades|move: Substitute|[damage]
|
|-heal|p1a: Hades|50/100|[from] item: Leftovers
|upkeep
|turn|46
|c|☆Steez Ibanez|Powaaaaa
|
|t:|1667762016
|move|p1a: Hades|Dark Pulse|p2a: Gastrodon
|-damage|p2a: Gastrodon|0 fnt
|faint|p2a: Gastrodon
|
|-heal|p1a: Hades|56/100|[from] item: Leftovers
|upkeep
|
|t:|1667762019
|switch|p2a: Hydreigon|Hydreigon, F|76/100
|turn|47
|
|t:|1667762021
|move|p1a: Hades|Flash Cannon|p2a: Hydreigon
|-damage|p2a: Hydreigon|0 fnt
|faint|p2a: Hydreigon
|
|-heal|p1a: Hades|62/100|[from] item: Leftovers
|upkeep
|
|t:|1667762024
|switch|p2a: Toxapex|Toxapex, M, shiny|100/100
|turn|48
|
|t:|1667762026
|move|p1a: Hades|Dark Pulse|p2a: Toxapex
|-damage|p2a: Toxapex|0 fnt
|faint|p2a: Toxapex
|
|-heal|p1a: Hades|68/100|[from] item: Leftovers
|upkeep
|
|t:|1667762028
|switch|p2a: Jirachi|Jirachi|100/100
|turn|49
|
|t:|1667762031
|move|p1a: Hades|Dark Pulse|p2a: Jirachi
|-supereffective|p2a: Jirachi
|-damage|p2a: Jirachi|0 fnt
|faint|p2a: Jirachi
|
|-heal|p1a: Hades|74/100|[from] item: Leftovers
|upkeep
|
|t:|1667762033
|switch|p2a: Skarmory|Skarmory, F|45/100
|turn|50
|
|t:|1667762035
|move|p1a: Hades|Dark Pulse|p2a: Skarmory
|-damage|p2a: Skarmory|0 fnt
|faint|p2a: Skarmory
|
|win|Steez Ibanez
|n|☆Steez Ibanez|steezibanez
|n|☆Sol3N3ro 太陽|sol3n3ro
|n| BLOATED_BAGEL|bloatedbagel
|n| cypherstest|cypherstest
|n| Aftx|aftx
|n| Xsage93|xsage93
|n| lowelofunn|lowelofunn
|n| SetsuStsna|setsustsna
|n| uchira|uchira
|l|☆Sol3N3ro 太陽
|c|☆Steez Ibanez|gg
|c| SetsuStsna|why did this win lol
|l| uchira
|j| IExistYouDont
|c| Xsage93|Hmm?
|l| lowelofunn
|l| SetsuStsna
|c| Xsage93|It ain't that surprising
|l|☆Steez Ibanez
|c| Xsage93|Was kind of a clear 6-0 to happen
|j|☆Steez Ibanez
|player|p1|Steez Ibanez|acetrainer-gen7
|l| Aftx
|j| ShtRainTest1
|l| IExistYouDont
