|j|☆wokhxrt
|j|☆8balljacketguy
|t:|1658636584
|gametype|singles
|player|p1|wokhxrt|169|1506
|player|p2|8balljacketguy|red|1569
|teamsize|p1|6
|teamsize|p2|6
|gen|8
|tier|[Gen 8] OU
|rated|
|rule|Sleep Clause Mod: Limit one foe put to sleep
|rule|Species Clause: Limit one of each Pokémon
|rule|OHKO Clause: OHKO moves are banned
|rule|Evasion Moves Clause: Evasion moves are banned
|rule|Endless Battle Clause: Forcing endless battles is banned
|rule|HP Percentage Mod: HP is shown in percentages
|rule|Dynamax Clause: You cannot dynamax
|clearpoke
|poke|p1|Tapu Lele|
|poke|p1|Hawlucha, M|
|poke|p1|Blissey, F|
|poke|p1|Melmetal|
|poke|p1|Pelipper, F|
|poke|p1|Seismitoad, F|
|poke|p2|Volcarona, M|
|poke|p2|Registeel|
|poke|p2|Reuniclus, M|
|poke|p2|Rillaboom, F|
|poke|p2|Alakazam, M|
|poke|p2|Clefable, F|
|teampreview
|inactive|Battle timer is ON: inactive players will automatically lose when time's up. (requested by 8balljacketguy)
|
|t:|1658636597
|start
|switch|p1a: Melmetal|Melmetal|100/100
|switch|p2a: Registeel|Registeel|100/100
|turn|1
|j| LordDarkSkin
|
|t:|1658636599
|switch|p1a: Pelipper|Pelipper, F|100/100
|-weather|RainDance|[from] ability: Drizzle|[of] p1a: Pelipper
|move|p2a: Registeel|Iron Defense|p2a: Registeel
|-boost|p2a: Registeel|def|2
|
|-weather|RainDance|[upkeep]
|upkeep
|turn|2
|
|t:|1658636604
|move|p1a: Pelipper|U-turn|p2a: Registeel
|-resisted|p2a: Registeel
|-damage|p2a: Registeel|99/100
|
|t:|1658636613
|switch|p1a: Tapu Lele|Tapu Lele|100/100|[from]move: U-turn
|-fieldstart|move: Psychic Terrain|[from] ability: Psychic Surge|[of] p1a: Tapu Lele
|move|p2a: Registeel|Amnesia|p2a: Registeel
|-boost|p2a: Registeel|spd|2
|
|-weather|RainDance|[upkeep]
|upkeep
|turn|3
|
|t:|1658636623
|move|p1a: Tapu Lele|Focus Blast|p2a: Registeel|[miss]
|-miss|p1a: Tapu Lele|p2a: Registeel
|move|p2a: Registeel|Amnesia|p2a: Registeel
|-boost|p2a: Registeel|spd|2
|
|-weather|RainDance|[upkeep]
|upkeep
|turn|4
|
|t:|1658636627
|move|p1a: Tapu Lele|Focus Blast|p2a: Registeel
|-supereffective|p2a: Registeel
|-damage|p2a: Registeel|72/100
|move|p2a: Registeel|Amnesia|p2a: Registeel
|-boost|p2a: Registeel|spd|2
|
|-weather|RainDance|[upkeep]
|upkeep
|turn|5
|c| LordDarkSkin|wow
|
|t:|1658636630
|switch|p1a: Pelipper|Pelipper, F|100/100
|move|p2a: Registeel|Iron Defense|p2a: Registeel
|-boost|p2a: Registeel|def|2
|
|-weather|none
|upkeep
|turn|6
|
|t:|1658636633
|move|p1a: Pelipper|Hurricane|p2a: Registeel|[miss]
|-miss|p1a: Pelipper|p2a: Registeel
|move|p2a: Registeel|Iron Defense|p2a: Registeel
|-boost|p2a: Registeel|def|2
|
|-fieldend|move: Psychic Terrain
|upkeep
|turn|7
|
|t:|1658636635
|move|p1a: Pelipper|Roost||[still]
|-fail|p1a: Pelipper|heal
|move|p2a: Registeel|Body Press|p1a: Pelipper
|-resisted|p1a: Pelipper
|-damage|p1a: Pelipper|50/100
|-damage|p2a: Registeel|56/100|[from] item: Rocky Helmet|[of] p1a: Pelipper
|
|upkeep
|turn|8
|c| LordDarkSkin|this how people play in the mid ranks
|
|t:|1658636639
|move|p1a: Pelipper|Roost|p1a: Pelipper
|-heal|p1a: Pelipper|100/100
|-singleturn|p1a: Pelipper|move: Roost
|move|p2a: Registeel|Body Press|p1a: Pelipper
|-damage|p1a: Pelipper|11/100
|-damage|p2a: Registeel|40/100|[from] item: Rocky Helmet|[of] p1a: Pelipper
|
|upkeep
|turn|9
|
|t:|1658636642
|move|p1a: Pelipper|Roost|p1a: Pelipper
|-heal|p1a: Pelipper|61/100
|-singleturn|p1a: Pelipper|move: Roost
|move|p2a: Registeel|Body Press|p1a: Pelipper
|-damage|p1a: Pelipper|0 fnt
|-damage|p2a: Registeel|23/100|[from] item: Rocky Helmet|[of] p1a: Pelipper
|faint|p1a: Pelipper
|
|upkeep
|c| LordDarkSkin|is rank like rations damm
|inactive|wokhxrt has 120 seconds left.
|
|t:|1658636679
|switch|p1a: Seismitoad|Seismitoad, F|100/100
|turn|10
|inactive|wokhxrt has 120 seconds left.
|c|☆8balljacketguy|tf you even talkin bout
|
|t:|1658636687
|move|p1a: Seismitoad|Earth Power|p2a: Registeel
|-supereffective|p2a: Registeel
|-damage|p2a: Registeel|7/100
|-damage|p1a: Seismitoad|91/100|[from] item: Life Orb
|move|p2a: Registeel|Rest|p2a: Registeel
|-status|p2a: Registeel|slp|[from] move: Rest
|-heal|p2a: Registeel|100/100 slp|[silent]
|-enditem|p2a: Registeel|Chesto Berry|[eat]
|-curestatus|p2a: Registeel|slp|[msg]
|
|upkeep
|turn|11
|c|☆wokhxrt|hes slow
|inactive|wokhxrt has 120 seconds left.
|c| LordDarkSkin|nah
|
|t:|1658636699
|move|p1a: Seismitoad|Earth Power|p2a: Registeel
|-supereffective|p2a: Registeel
|-damage|p2a: Registeel|85/100
|-damage|p1a: Seismitoad|81/100|[from] item: Life Orb
|move|p2a: Registeel|Body Press|p1a: Seismitoad
|-damage|p1a: Seismitoad|0 fnt
|faint|p1a: Seismitoad
|
|upkeep
|inactive|wokhxrt has 120 seconds left.
|
|t:|1658636706
|switch|p1a: Melmetal|Melmetal|100/100
|turn|12
|c| LordDarkSkin|8ball you need to get some females this is crazy
|c|☆8balljacketguy|Come to ny ill show u how we play foo
|c| LordDarkSkin|i ain't seen someone play like this in a long time
|c|☆wokhxrt|u aint gon do shit
|c|☆wokhxrt|lmfao
|c|☆wokhxrt|kids talking greasy on pokemon
|c| LordDarkSkin|facts
|c|☆wokhxrt|cant make this up
|c|☆8balljacketguy|U need to get my d out yo mouth
|
|t:|1658636736
|move|p2a: Registeel|Body Press|p1a: Melmetal
|-supereffective|p1a: Melmetal
|-damage|p1a: Melmetal|0 fnt
|faint|p1a: Melmetal
|
|upkeep
|inactive|wokhxrt has 120 seconds left.
|c|☆wokhxrt|ok registeel amniesa, iron defense
|c|☆wokhxrt|i totally believe u
|c|☆8balljacketguy|Not talking to you kid
|inactive|wokhxrt has 90 seconds left.
|c| LordDarkSkin|8ball
|c| LordDarkSkin|lemme put a condom on
|
|t:|1658636795
|switch|p1a: Tapu Lele|Tapu Lele|100/100
|-fieldstart|move: Psychic Terrain|[from] ability: Psychic Surge|[of] p1a: Tapu Lele
|turn|13
|c| LordDarkSkin|you on my d real hard rn
|c|☆8balljacketguy|Nah you gay
|
|t:|1658636800
|move|p1a: Tapu Lele|Focus Blast|p2a: Registeel
|-supereffective|p2a: Registeel
|-damage|p2a: Registeel|65/100
|move|p2a: Registeel|Body Press|p1a: Tapu Lele
|-resisted|p1a: Tapu Lele
|-damage|p1a: Tapu Lele|56/100
|
|upkeep
|turn|14
|
|t:|1658636805
|move|p1a: Tapu Lele|Focus Blast|p2a: Registeel
|-supereffective|p2a: Registeel
|-damage|p2a: Registeel|44/100
|move|p2a: Registeel|Body Press|p1a: Tapu Lele
|-resisted|p1a: Tapu Lele
|-damage|p1a: Tapu Lele|5/100
|
|upkeep
|turn|15
|
|t:|1658636809
|move|p1a: Tapu Lele|Focus Blast|p2a: Registeel
|-supereffective|p2a: Registeel
|-damage|p2a: Registeel|22/100
|move|p2a: Registeel|Rest|p2a: Registeel
|-status|p2a: Registeel|slp|[from] move: Rest
|-heal|p2a: Registeel|100/100 slp|[silent]
|
|upkeep
|turn|16
|
|t:|1658636813
|switch|p1a: Hawlucha|Hawlucha, M|100/100
|-enditem|p1a: Hawlucha|Psychic Seed
|-boost|p1a: Hawlucha|spd|1|[from] item: Psychic Seed
|cant|p2a: Registeel|slp
|
|upkeep
|turn|17
|
|t:|1658636815
|move|p1a: Hawlucha|Swords Dance|p1a: Hawlucha
|-boost|p1a: Hawlucha|atk|2
|cant|p2a: Registeel|slp
|
|-fieldend|move: Psychic Terrain
|upkeep
|turn|18
|
|t:|1658636818
|move|p1a: Hawlucha|Swords Dance|p1a: Hawlucha
|-boost|p1a: Hawlucha|atk|2
|-curestatus|p2a: Registeel|slp|[msg]
|move|p2a: Registeel|Body Press|p1a: Hawlucha
|-resisted|p1a: Hawlucha
|-damage|p1a: Hawlucha|5/100
|
|upkeep
|turn|19
|
|t:|1658636823
|move|p1a: Hawlucha|Drain Punch|p2a: Registeel
|-supereffective|p2a: Registeel
|-damage|p2a: Registeel|75/100
|-heal|p1a: Hawlucha|20/100|[from] drain|[of] p2a: Registeel
|move|p2a: Registeel|Body Press|p1a: Hawlucha
|-resisted|p1a: Hawlucha
|-damage|p1a: Hawlucha|0 fnt
|faint|p1a: Hawlucha
|
|upkeep
|c| LordDarkSkin|this how you wanna win
|c| LordDarkSkin|you sure you from ny?
|c|☆wokhxrt|this is crazy i acitally lost this bs
|c|☆8balljacketguy|Ya'll dont know
|inactive|wokhxrt has 120 seconds left.
|c| LordDarkSkin|i ain't know yall played like bitches up there
|c|☆8balljacketguy|This the new wave
|c| LordDarkSkin|guess yal ny people really some lames
|c|☆8balljacketguy|Lemme put ya'll on
|c|☆wokhxrt|i dont want that trash
|c|☆8balljacketguy|This that real shit
|inactive|wokhxrt has 90 seconds left.
|-message|wokhxrt forfeited.
|
|win|8balljacketguy
|raw|wokhxrt's rating: 1506 &rarr; <strong>1490</strong><br />(-16 for losing)
|raw|8balljacketguy's rating: 1569 &rarr; <strong>1585</strong><br />(+16 for winning)
|l|☆wokhxrt
|c|☆8balljacketguy|Ya'll just cant comprehend
|l| LordDarkSkin
|c|☆8balljacketguy|Lmao
