|j|☆HTM SWEEP
|j|☆shiawasenostory
|t:|1665429495
|gametype|singles
|player|p1|HTM SWEEP|doctor|1528
|player|p2|shiawasenostory|winona|1572
|teamsize|p1|6
|teamsize|p2|6
|gen|8
|tier|[Gen 8] OU
|rated|
|rule|Sleep Clause Mod: Limit one foe put to sleep
|rule|Species Clause: Limit one of each Pokémon
|rule|OHKO Clause: OHKO moves are banned
|rule|Evasion Items Clause: Evasion items are banned
|rule|Evasion Moves Clause: Evasion moves are banned
|rule|Endless Battle Clause: Forcing endless battles is banned
|rule|HP Percentage Mod: HP is shown in percentages
|rule|Dynamax Clause: You cannot dynamax
|clearpoke
|poke|p1|Mienshao, F|
|poke|p1|Moltres|
|poke|p1|Toxapex, M|
|poke|p1|Tyranitar, M|
|poke|p1|Magnezone|
|poke|p1|Rillaboom, F|
|poke|p2|Skarmory, F|
|poke|p2|Ditto|
|poke|p2|Toxapex, M|
|poke|p2|Blissey, F|
|poke|p2|Shedinja|
|poke|p2|Quagsire, M|
|teampreview
|inactive|Battle timer is ON: inactive players will automatically lose when time's up. (requested by HTM SWEEP)
|c|☆HTM SWEEP|glhf
|
|t:|1665429522
|start
|switch|p1a: Moltres|Moltres|100/100
|switch|p2a: Ditto|Ditto|100/100
|-transform|p2a: Ditto|p1a: Moltres|[from] ability: Imposter
|-item|p2a: Ditto|Air Balloon
|turn|1
|
|t:|1665429543
|switch|p2a: Toxapex|Toxapex, M|100/100
|move|p1a: Moltres|U-turn|p2a: Toxapex
|-resisted|p2a: Toxapex
|-damage|p2a: Toxapex|96/100
|
|t:|1665429549
|switch|p1a: Magnezone|Magnezone|100/100|[from]move: U-turn
|
|upkeep
|turn|2
|
|t:|1665429559
|switch|p2a: Quagsire|Quagsire, M|100/100
|move|p1a: Magnezone|Substitute|p1a: Magnezone
|-start|p1a: Magnezone|Substitute
|-damage|p1a: Magnezone|76/100
|
|-heal|p1a: Magnezone|82/100|[from] item: Leftovers
|upkeep
|turn|3
|
|t:|1665429568
|move|p1a: Magnezone|Flash Cannon|p2a: Quagsire
|-resisted|p2a: Quagsire
|-damage|p2a: Quagsire|75/100
|-unboost|p2a: Quagsire|spd|1
|move|p2a: Quagsire|Earthquake|p1a: Magnezone
|-supereffective|p1a: Magnezone
|-end|p1a: Magnezone|Substitute
|
|-heal|p1a: Magnezone|88/100|[from] item: Leftovers
|upkeep
|turn|4
|
|t:|1665429577
|switch|p1a: Rillaboom|Rillaboom, F|100/100
|-fieldstart|move: Grassy Terrain|[from] ability: Grassy Surge|[of] p1a: Rillaboom
|move|p2a: Quagsire|Earthquake|p1a: Rillaboom
|-resisted|p1a: Rillaboom
|-damage|p1a: Rillaboom|93/100
|
|-heal|p1a: Rillaboom|99/100|[from] Grassy Terrain
|-heal|p2a: Quagsire|81/100|[from] Grassy Terrain
|upkeep
|turn|5
|
|t:|1665429591
|switch|p2a: Toxapex|Toxapex, M|100/100
|move|p1a: Rillaboom|Knock Off|p2a: Toxapex
|-damage|p2a: Toxapex|70/100
|-enditem|p2a: Toxapex|Heavy-Duty Boots|[from] move: Knock Off|[of] p1a: Rillaboom
|
|-heal|p1a: Rillaboom|100/100|[from] Grassy Terrain
|-heal|p2a: Toxapex|76/100|[from] Grassy Terrain
|upkeep
|turn|6
|
|t:|1665429619
|switch|p1a: Toxapex|Toxapex, M|100/100
|move|p2a: Toxapex|Scald|p1a: Toxapex
|-resisted|p1a: Toxapex
|-crit|p1a: Toxapex
|-damage|p1a: Toxapex|90/100
|
|-heal|p2a: Toxapex|82/100|[from] Grassy Terrain
|-heal|p1a: Toxapex|96/100|[from] Grassy Terrain
|-heal|p1a: Toxapex|100/100|[from] item: Black Sludge
|upkeep
|turn|7
|inactive|shiawasenostory has 120 seconds left.
|
|t:|1665429645
|move|p2a: Toxapex|Knock Off|p1a: Toxapex
|-damage|p1a: Toxapex|92/100
|-enditem|p1a: Toxapex|Black Sludge|[from] move: Knock Off|[of] p2a: Toxapex
|move|p1a: Toxapex|Toxic Spikes|p2a: Toxapex
|-sidestart|p2: shiawasenostory|move: Toxic Spikes
|
|-heal|p1a: Toxapex|98/100|[from] Grassy Terrain
|-heal|p2a: Toxapex|88/100|[from] Grassy Terrain
|upkeep
|turn|8
|inactive|shiawasenostory has 120 seconds left.
|
|t:|1665429662
|switch|p2a: Blissey|Blissey, F|100/100
|move|p1a: Toxapex|Toxic Spikes|p2a: Blissey
|-sidestart|p2: shiawasenostory|move: Toxic Spikes
|
|-heal|p1a: Toxapex|100/100|[from] Grassy Terrain
|-fieldend|move: Grassy Terrain
|upkeep
|turn|9
|
|t:|1665429671
|switch|p2a: Toxapex|Toxapex, M|100/100
|-sideend|p2: shiawasenostory|move: Toxic Spikes|[of] p2a: Toxapex
|move|p1a: Toxapex|Knock Off|p2a: Toxapex
|-damage|p2a: Toxapex|95/100
|
|upkeep
|turn|10
|inactive|shiawasenostory has 120 seconds left.
|
|t:|1665429684
|move|p1a: Toxapex|Toxic Spikes|p2a: Toxapex
|-sidestart|p2: shiawasenostory|move: Toxic Spikes
|move|p2a: Toxapex|Scald|p1a: Toxapex
|-resisted|p1a: Toxapex
|-crit|p1a: Toxapex
|-damage|p1a: Toxapex|90/100
|
|upkeep
|turn|11
|inactive|shiawasenostory has 120 seconds left.
|
|t:|1665429691
|move|p1a: Toxapex|Toxic Spikes|p2a: Toxapex
|-sidestart|p2: shiawasenostory|move: Toxic Spikes
|move|p2a: Toxapex|Scald|p1a: Toxapex
|-resisted|p1a: Toxapex
|-damage|p1a: Toxapex|83/100
|-status|p1a: Toxapex|brn
|
|-damage|p1a: Toxapex|76/100 brn|[from] brn
|upkeep
|turn|12
|j| Ran Kob
|inactive|shiawasenostory has 120 seconds left.
|
|t:|1665429702
|switch|p2a: Ditto|Ditto|100/100
|-transform|p2a: Ditto|p1a: Toxapex|[from] ability: Imposter
|-item|p2a: Ditto|Air Balloon
|move|p1a: Toxapex|Knock Off|p2a: Ditto
|-damage|p2a: Ditto|96/100
|-enditem|p2a: Ditto|Air Balloon
|
|-damage|p1a: Toxapex|70/100 brn|[from] brn
|upkeep
|turn|13
|inactive|shiawasenostory has 120 seconds left.
|
|t:|1665429724
|switch|p1a: Magnezone|Magnezone|88/100
|move|p2a: Ditto|Toxic Spikes|p1a: Magnezone
|-sidestart|p1: HTM SWEEP|move: Toxic Spikes
|
|-heal|p1a: Magnezone|94/100|[from] item: Leftovers
|upkeep
|turn|14
|c|☆HTM SWEEP|gg
|
|t:|1665429734
|switch|p2a: Quagsire|Quagsire, M|81/100
|move|p1a: Magnezone|Substitute|p1a: Magnezone
|-start|p1a: Magnezone|Substitute
|-damage|p1a: Magnezone|69/100
|
|-heal|p1a: Magnezone|75/100|[from] item: Leftovers
|upkeep
|turn|15
|c|☆HTM SWEEP|wtf
|c|☆HTM SWEEP|You got boots on everything
|
|t:|1665429752
|move|p1a: Magnezone|Flash Cannon|p2a: Quagsire
|-resisted|p2a: Quagsire
|-damage|p2a: Quagsire|57/100
|move|p2a: Quagsire|Earthquake|p1a: Magnezone
|-supereffective|p1a: Magnezone
|-end|p1a: Magnezone|Substitute
|
|-heal|p1a: Magnezone|81/100|[from] item: Leftovers
|upkeep
|turn|16
|
|t:|1665429762
|switch|p1a: Toxapex|Toxapex, M|100/100 brn
|-sideend|p1: HTM SWEEP|move: Toxic Spikes|[of] p1a: Toxapex
|move|p2a: Quagsire|Earthquake|p1a: Toxapex
|-supereffective|p1a: Toxapex
|-damage|p1a: Toxapex|64/100 brn
|
|-damage|p1a: Toxapex|58/100 brn|[from] brn
|upkeep
|turn|17
|inactive|shiawasenostory has 120 seconds left.
|
|t:|1665429778
|switch|p2a: Toxapex|Toxapex, M|100/100
|-sideend|p2: shiawasenostory|move: Toxic Spikes|[of] p2a: Toxapex
|switch|p1a: Magnezone|Magnezone|81/100
|
|-heal|p1a: Magnezone|87/100|[from] item: Leftovers
|upkeep
|turn|18
|
|t:|1665429788
|switch|p2a: Quagsire|Quagsire, M|57/100
|move|p1a: Magnezone|Flash Cannon|p2a: Quagsire
|-resisted|p2a: Quagsire
|-damage|p2a: Quagsire|32/100
|
|-heal|p1a: Magnezone|93/100|[from] item: Leftovers
|upkeep
|turn|19
|
|t:|1665429800
|switch|p1a: Rillaboom|Rillaboom, F|100/100
|-fieldstart|move: Grassy Terrain|[from] ability: Grassy Surge|[of] p1a: Rillaboom
|move|p2a: Quagsire|Recover|p2a: Quagsire
|-heal|p2a: Quagsire|82/100
|
|-heal|p2a: Quagsire|88/100|[from] Grassy Terrain
|upkeep
|turn|20
|
|t:|1665429811
|switch|p2a: Skarmory|Skarmory, F|100/100
|move|p1a: Rillaboom|U-turn|p2a: Skarmory
|-resisted|p2a: Skarmory
|-damage|p2a: Skarmory|95/100
|
|t:|1665429815
|switch|p1a: Magnezone|Magnezone|93/100|[from]move: U-turn
|
|-heal|p2a: Skarmory|100/100|[from] item: Leftovers
|-heal|p1a: Magnezone|99/100|[from] Grassy Terrain
|-heal|p1a: Magnezone|100/100|[from] item: Leftovers
|upkeep
|turn|21
|c|☆HTM SWEEP|gotcha
|
|t:|1665429827
|move|p2a: Skarmory|Body Press|p1a: Magnezone
|-supereffective|p1a: Magnezone
|-damage|p1a: Magnezone|34/100
|move|p1a: Magnezone|Thunderbolt|p2a: Skarmory
|-supereffective|p2a: Skarmory
|-ability|p2a: Skarmory|Sturdy
|-damage|p2a: Skarmory|1/100
|
|-heal|p2a: Skarmory|7/100|[from] item: Leftovers
|-heal|p1a: Magnezone|40/100|[from] Grassy Terrain
|-heal|p1a: Magnezone|46/100|[from] item: Leftovers
|upkeep
|turn|22
|c|☆shiawasenostory|gotcha
|c|☆HTM SWEEP|loooooooooooool
|
|t:|1665429843
|switch|p1a: Moltres|Moltres|100/100
|move|p2a: Skarmory|Body Press|p1a: Moltres
|-resisted|p1a: Moltres
|-damage|p1a: Moltres|90/100
|
|-heal|p2a: Skarmory|13/100|[from] item: Leftovers
|upkeep
|turn|23
|l| Ran Kob
|inactive|shiawasenostory has 120 seconds left.
|
|t:|1665429892
|switch|p2a: Toxapex|Toxapex, M|100/100
|move|p1a: Moltres|U-turn|p2a: Toxapex
|-resisted|p2a: Toxapex
|-damage|p2a: Toxapex|96/100
|
|t:|1665429904
|switch|p1a: Magnezone|Magnezone|46/100|[from]move: U-turn
|
|-heal|p1a: Magnezone|52/100|[from] Grassy Terrain
|-heal|p1a: Magnezone|59/100|[from] item: Leftovers
|-heal|p2a: Toxapex|100/100|[from] Grassy Terrain
|-fieldend|move: Grassy Terrain
|upkeep
|turn|24
|
|t:|1665429916
|switch|p2a: Quagsire|Quagsire, M|88/100
|move|p1a: Magnezone|Thunderbolt|p2a: Quagsire
|-immune|p2a: Quagsire
|
|-heal|p1a: Magnezone|65/100|[from] item: Leftovers
|upkeep
|turn|25
|
|t:|1665429934
|switch|p1a: Toxapex|Toxapex, M|91/100 brn
|move|p2a: Quagsire|Toxic||[still]
|-fail|p2a: Quagsire
|
|-damage|p1a: Toxapex|85/100 brn|[from] brn
|upkeep
|turn|26
|
|t:|1665429951
|switch|p2a: Skarmory|Skarmory, F|13/100
|switch|p1a: Magnezone|Magnezone|65/100
|
|-heal|p2a: Skarmory|20/100|[from] item: Leftovers
|-heal|p1a: Magnezone|71/100|[from] item: Leftovers
|upkeep
|turn|27
|
|t:|1665429964
|move|p2a: Skarmory|Body Press|p1a: Magnezone
|-supereffective|p1a: Magnezone
|-damage|p1a: Magnezone|6/100
|move|p1a: Magnezone|Thunderbolt|p2a: Skarmory
|-supereffective|p2a: Skarmory
|-damage|p2a: Skarmory|0 fnt
|faint|p2a: Skarmory
|
|-heal|p1a: Magnezone|12/100|[from] item: Leftovers
|upkeep
|c|☆HTM SWEEP|Sensational
|
|t:|1665429977
|switch|p2a: Blissey|Blissey, F|100/100
|turn|28
|
|t:|1665429982
|move|p2a: Blissey|Seismic Toss|p1a: Magnezone
|-damage|p1a: Magnezone|0 fnt
|faint|p1a: Magnezone
|
|upkeep
|
|t:|1665429992
|switch|p1a: Mienshao|Mienshao, F|100/100
|turn|29
|inactive|shiawasenostory has 120 seconds left.
|
|t:|1665430003
|switch|p2a: Toxapex|Toxapex, M|100/100
|move|p1a: Mienshao|Knock Off|p2a: Toxapex
|-damage|p2a: Toxapex|82/100
|-damage|p1a: Mienshao|91/100|[from] item: Life Orb
|
|upkeep
|turn|30
|inactive|shiawasenostory has 120 seconds left.
|
|t:|1665430018
|move|p1a: Mienshao|U-turn|p2a: Toxapex
|-resisted|p2a: Toxapex
|-damage|p2a: Toxapex|73/100
|-damage|p1a: Mienshao|81/100|[from] item: Life Orb
|
|t:|1665430025
|switch|p1a: Toxapex|Toxapex, M|100/100 brn|[from]move: U-turn
|move|p2a: Toxapex|Knock Off|p1a: Toxapex
|-damage|p1a: Toxapex|95/100 brn
|
|-damage|p1a: Toxapex|88/100 brn|[from] brn
|upkeep
|turn|31
|inactive|shiawasenostory has 120 seconds left.
|
|t:|1665430036
|switch|p2a: Ditto|Ditto|100/100
|-transform|p2a: Ditto|p1a: Toxapex|[from] ability: Imposter
|move|p1a: Toxapex|Toxic Spikes|p2a: Ditto
|-sidestart|p2: shiawasenostory|move: Toxic Spikes
|
|-damage|p1a: Toxapex|82/100 brn|[from] brn
|upkeep
|turn|32
|
|t:|1665430053
|move|p1a: Toxapex|Toxic Spikes|p2a: Ditto
|-sidestart|p2: shiawasenostory|move: Toxic Spikes
|move|p2a: Ditto|Toxic Spikes|p1a: Toxapex
|-sidestart|p1: HTM SWEEP|move: Toxic Spikes
|
|-damage|p1a: Toxapex|76/100 brn|[from] brn
|upkeep
|turn|33
|inactive|shiawasenostory has 120 seconds left.
|
|t:|1665430069
|switch|p1a: Moltres|Moltres|90/100
|switch|p2a: Toxapex|Toxapex, M|100/100
|-sideend|p2: shiawasenostory|move: Toxic Spikes|[of] p2a: Toxapex
|
|upkeep
|turn|34
|
|t:|1665430075
|move|p1a: Moltres|U-turn|p2a: Toxapex
|-resisted|p2a: Toxapex
|-damage|p2a: Toxapex|96/100
|
|t:|1665430080
|switch|p1a: Toxapex|Toxapex, M|100/100 brn|[from]move: U-turn
|-sideend|p1: HTM SWEEP|move: Toxic Spikes|[of] p1a: Toxapex
|move|p2a: Toxapex|Knock Off|p1a: Toxapex
|-damage|p1a: Toxapex|95/100 brn
|
|-damage|p1a: Toxapex|89/100 brn|[from] brn
|upkeep
|turn|35
|
|t:|1665430084
|switch|p1a: Tyranitar|Tyranitar, M|100/100
|-weather|Sandstorm|[from] ability: Sand Stream|[of] p1a: Tyranitar
|switch|p2a: Ditto|Ditto|100/100
|-transform|p2a: Ditto|p1a: Tyranitar|[from] ability: Imposter
|
|-weather|Sandstorm|[upkeep]
|upkeep
|turn|36
|
|t:|1665430098
|move|p2a: Ditto|Protect|p2a: Ditto
|-singleturn|p2a: Ditto|Protect
|move|p1a: Tyranitar|Stealth Rock|p2a: Ditto
|-sidestart|p2: shiawasenostory|move: Stealth Rock
|
|-weather|Sandstorm|[upkeep]
|upkeep
|turn|37
|
|t:|1665430114
|switch|p1a: Mienshao|Mienshao, F|100/100
|move|p2a: Ditto|Stealth Rock|p1a: Mienshao
|-sidestart|p1: HTM SWEEP|move: Stealth Rock
|
|-weather|Sandstorm|[upkeep]
|-damage|p1a: Mienshao|94/100|[from] Sandstorm
|upkeep
|turn|38
|
|t:|1665430124
|switch|p2a: Toxapex|Toxapex, M|100/100
|-damage|p2a: Toxapex|88/100|[from] Stealth Rock
|move|p1a: Mienshao|U-turn|p2a: Toxapex
|-resisted|p2a: Toxapex
|-damage|p2a: Toxapex|78/100
|-damage|p1a: Mienshao|84/100|[from] item: Life Orb
|
|t:|1665430127
|switch|p1a: Rillaboom|Rillaboom, F|100/100|[from]move: U-turn
|-damage|p1a: Rillaboom|88/100|[from] Stealth Rock
|-fieldstart|move: Grassy Terrain|[from] ability: Grassy Surge|[of] p1a: Rillaboom
|
|-weather|Sandstorm|[upkeep]
|-damage|p1a: Rillaboom|82/100|[from] Sandstorm
|-damage|p2a: Toxapex|72/100|[from] Sandstorm
|-heal|p1a: Rillaboom|88/100|[from] Grassy Terrain
|-heal|p2a: Toxapex|78/100|[from] Grassy Terrain
|upkeep
|turn|39
|inactive|shiawasenostory has 120 seconds left.
|
|t:|1665430162
|switch|p2a: Shedinja|Shedinja|100/100
|move|p1a: Rillaboom|U-turn|p2a: Shedinja
|-immune|p2a: Shedinja|[from] ability: Wonder Guard
|
|-weather|none
|-heal|p1a: Rillaboom|94/100|[from] Grassy Terrain
|upkeep
|turn|40
|inactive|shiawasenostory has 120 seconds left.
|
|t:|1665430172
|switch|p1a: Tyranitar|Tyranitar, M|100/100
|-damage|p1a: Tyranitar|88/100|[from] Stealth Rock
|-weather|Sandstorm|[from] ability: Sand Stream|[of] p1a: Tyranitar
|switch|p2a: Toxapex|Toxapex, M|100/100
|-damage|p2a: Toxapex|88/100|[from] Stealth Rock
|
|-weather|Sandstorm|[upkeep]
|-damage|p2a: Toxapex|82/100|[from] Sandstorm
|-heal|p1a: Tyranitar|94/100|[from] Grassy Terrain
|-heal|p1a: Tyranitar|100/100|[from] item: Leftovers
|-heal|p2a: Toxapex|88/100|[from] Grassy Terrain
|upkeep
|turn|41
|inactive|shiawasenostory has 120 seconds left.
|
|t:|1665430186
|move|p1a: Tyranitar|Crunch|p2a: Toxapex
|-damage|p2a: Toxapex|63/100
|move|p2a: Toxapex|Knock Off|p1a: Tyranitar
|-resisted|p1a: Tyranitar
|-damage|p1a: Tyranitar|94/100
|-enditem|p1a: Tyranitar|Leftovers|[from] move: Knock Off|[of] p2a: Toxapex
|
|-weather|Sandstorm|[upkeep]
|-damage|p2a: Toxapex|57/100|[from] Sandstorm
|-heal|p1a: Tyranitar|100/100|[from] Grassy Terrain
|-heal|p2a: Toxapex|63/100|[from] Grassy Terrain
|upkeep
|turn|42
|
|t:|1665430195
|switch|p1a: Toxapex|Toxapex, M|100/100 brn
|-damage|p1a: Toxapex|88/100 brn|[from] Stealth Rock
|move|p2a: Toxapex|Recover|p2a: Toxapex
|-heal|p2a: Toxapex|100/100
|
|-weather|Sandstorm|[upkeep]
|-damage|p1a: Toxapex|82/100 brn|[from] Sandstorm
|-damage|p2a: Toxapex|94/100|[from] Sandstorm
|-heal|p2a: Toxapex|100/100|[from] Grassy Terrain
|-heal|p1a: Toxapex|88/100 brn|[from] Grassy Terrain
|-damage|p1a: Toxapex|82/100 brn|[from] brn
|-fieldend|move: Grassy Terrain
|upkeep
|turn|43
|
|t:|1665430210
|switch|p2a: Ditto|Ditto|100/100
|-damage|p2a: Ditto|88/100|[from] Stealth Rock
|-transform|p2a: Ditto|p1a: Toxapex|[from] ability: Imposter
|move|p1a: Toxapex|Toxic Spikes|p2a: Ditto
|-sidestart|p2: shiawasenostory|move: Toxic Spikes
|
|-weather|Sandstorm|[upkeep]
|-damage|p1a: Toxapex|75/100 brn|[from] Sandstorm
|-damage|p2a: Ditto|82/100|[from] Sandstorm
|-damage|p1a: Toxapex|69/100 brn|[from] brn
|upkeep
|turn|44
|c|☆HTM SWEEP|gg man
|
|t:|1665430222
|switch|p1a: Rillaboom|Rillaboom, F|94/100
|-damage|p1a: Rillaboom|82/100|[from] Stealth Rock
|-fieldstart|move: Grassy Terrain|[from] ability: Grassy Surge|[of] p1a: Rillaboom
|move|p2a: Ditto|Toxic Spikes|p1a: Rillaboom
|-sidestart|p1: HTM SWEEP|move: Toxic Spikes
|
|-weather|none
|-heal|p1a: Rillaboom|88/100|[from] Grassy Terrain
|-heal|p2a: Ditto|88/100|[from] Grassy Terrain
|upkeep
|turn|45
|inactive|shiawasenostory has 120 seconds left.
|j| ThiccKiwiDotCom
|c|☆HTM SWEEP|gtg
|
|t:|1665430255
|switch|p1a: Toxapex|Toxapex, M|100/100 brn
|-damage|p1a: Toxapex|88/100 brn|[from] Stealth Rock
|-sideend|p1: HTM SWEEP|move: Toxic Spikes|[of] p1a: Toxapex
|move|p2a: Ditto|Knock Off|p1a: Toxapex
|-damage|p1a: Toxapex|81/100 brn
|
|-heal|p1a: Toxapex|87/100 brn|[from] Grassy Terrain
|-heal|p2a: Ditto|94/100|[from] Grassy Terrain
|-damage|p1a: Toxapex|81/100 brn|[from] brn
|upkeep
|turn|46
|-message|HTM SWEEP forfeited.
|
|win|shiawasenostory
|raw|HTM SWEEP's rating: 1528 &rarr; <strong>1511</strong><br />(-17 for losing)
|raw|shiawasenostory's rating: 1572 &rarr; <strong>1589</strong><br />(+17 for winning)
|l|☆HTM SWEEP
|l|☆shiawasenostory
|l| ThiccKiwiDotCom
||Ladder isn't responding, score probably updated but might not have (Request timeout).
