|j|☆jptoroglass
|j|☆2(H2O)
|t:|1653066455
|gametype|singles
|player|p1|jptoroglass|marley|1611
|player|p2|2(H2O)|viola|1580
|teamsize|p1|6
|teamsize|p2|6
|gen|8
|tier|[Gen 8] OU
|rated|
|rule|Sleep Clause Mod: Limit one foe put to sleep
|rule|Species Clause: Limit one of each Pokémon
|rule|OHKO Clause: OHKO moves are banned
|rule|Evasion Moves Clause: Evasion moves are banned
|rule|Endless Battle Clause: Forcing endless battles is banned
|rule|HP Percentage Mod: HP is shown in percentages
|rule|Dynamax Clause: You cannot dynamax
|clearpoke
|poke|p1|Mew|
|poke|p1|Cloyster, M|
|poke|p1|Gengar, M|
|poke|p1|Bisharp, M|
|poke|p1|Rillaboom, F|
|poke|p1|Hawlucha, F|
|poke|p2|Alakazam, M|
|poke|p2|Toxapex, M|
|poke|p2|Dragapult, M|
|poke|p2|Magnezone|
|poke|p2|Heatran, M|
|poke|p2|Landorus-Therian, M|
|teampreview
|
|t:|1653066460
|start
|switch|p1a: Mew|Mew, shiny|100/100
|switch|p2a: Dragapult|Dragapult, M|100/100
|turn|1
|
|t:|1653066466
|move|p2a: Dragapult|Shadow Ball|p1a: Mew
|-supereffective|p1a: Mew
|-crit|p1a: Mew
|-damage|p1a: Mew|0 fnt
|faint|p1a: Mew
|
|upkeep
|
|t:|1653066471
|switch|p1a: Zero|Bisharp, M|100/100
|turn|2
|
|t:|1653066476
|switch|p2a: Magnezone|Magnezone|100/100
|switch|p1a: DK did it first|Rillaboom, F|100/100
|-fieldstart|move: Grassy Terrain|[from] ability: Grassy Surge|[of] p1a: DK did it first
|
|upkeep
|turn|3
|
|t:|1653066482
|switch|p2a: Toxapex|Toxapex, M|100/100
|move|p1a: DK did it first|Swords Dance|p1a: DK did it first
|-boost|p1a: DK did it first|atk|2
|
|upkeep
|turn|4
|
|t:|1653066487
|switch|p2a: Landorus|Landorus-Therian, M|100/100
|-ability|p2a: Landorus|Intimidate|boost
|-unboost|p1a: DK did it first|atk|1
|move|p1a: DK did it first|Grassy Glide|p2a: Landorus
|-damage|p2a: Landorus|0 fnt
|faint|p2a: Landorus
|-damage|p1a: DK did it first|91/100|[from] item: Life Orb
|
|-heal|p1a: DK did it first|97/100|[from] Grassy Terrain
|upkeep
|
|t:|1653066497
|switch|p2a: Dragapult|Dragapult, M|100/100
|turn|5
|
|t:|1653066502
|move|p1a: DK did it first|Grassy Glide|p2a: Dragapult
|-resisted|p2a: Dragapult
|-damage|p2a: Dragapult|31/100
|-damage|p1a: DK did it first|87/100|[from] item: Life Orb
|move|p2a: Dragapult|Draco Meteor|p1a: DK did it first
|-damage|p1a: DK did it first|0 fnt
|-unboost|p2a: Dragapult|spa|2
|faint|p1a: DK did it first
|
|-heal|p2a: Dragapult|37/100|[from] Grassy Terrain
|upkeep
|
|t:|1653066513
|switch|p1a: Adam West|Hawlucha, F|100/100
|-enditem|p1a: Adam West|Grassy Seed
|-boost|p1a: Adam West|def|1|[from] item: Grassy Seed
|turn|6
|
|t:|1653066520
|switch|p2a: Toxapex|Toxapex, M|100/100
|move|p1a: Adam West|Swords Dance|p1a: Adam West
|-boost|p1a: Adam West|atk|2
|
|-fieldend|move: Grassy Terrain
|upkeep
|turn|7
|
|t:|1653066527
|move|p1a: Adam West|Acrobatics|p2a: Toxapex
|-damage|p2a: Toxapex|40/100
|-enditem|p2a: Toxapex|Eject Button
|inactive|Battle timer is ON: inactive players will automatically lose when time's up. (requested by jptoroglass)
|
|t:|1653066538
|switch|p2a: Heatran|Heatran, M|100/100
|
|upkeep
|turn|8
|
|t:|1653066543
|move|p1a: Adam West|Close Combat|p2a: Heatran
|-supereffective|p2a: Heatran
|-damage|p2a: Heatran|0 fnt
|-unboost|p1a: Adam West|def|1
|-unboost|p1a: Adam West|spd|1
|faint|p2a: Heatran
|
|upkeep
|
|t:|1653066549
|switch|p2a: Toxapex|Toxapex, M|73/100
|turn|9
|
|t:|1653066553
|move|p1a: Adam West|Acrobatics|p2a: Toxapex
|-damage|p2a: Toxapex|11/100
|move|p2a: Toxapex|Recover|p2a: Toxapex
|-heal|p2a: Toxapex|62/100
|
|upkeep
|turn|10
|
|t:|1653066558
|switch|p2a: Dragapult|Dragapult, M|37/100
|move|p1a: Adam West|Acrobatics|p2a: Dragapult
|-crit|p2a: Dragapult
|-damage|p2a: Dragapult|0 fnt
|faint|p2a: Dragapult
|
|upkeep
|
|t:|1653066566
|switch|p2a: Toxapex|Toxapex, M|95/100
|turn|11
|
|t:|1653066576
|move|p1a: Adam West|Acrobatics|p2a: Toxapex
|-damage|p2a: Toxapex|40/100
|move|p2a: Toxapex|Haze|p2a: Toxapex
|-clearallboost
|
|upkeep
|turn|12
|
|t:|1653066582
|move|p1a: Adam West|Swords Dance|p1a: Adam West
|-boost|p1a: Adam West|atk|2
|move|p2a: Toxapex|Scald|p1a: Adam West
|-damage|p1a: Adam West|77/100
|-status|p1a: Adam West|brn
|
|-damage|p1a: Adam West|70/100 brn|[from] brn
|upkeep
|turn|13
|c|☆jptoroglass|i stg
|
|t:|1653066602
|move|p1a: Adam West|Acrobatics|p2a: Toxapex
|-damage|p2a: Toxapex|11/100
|move|p2a: Toxapex|Recover|p2a: Toxapex
|-heal|p2a: Toxapex|61/100
|
|-damage|p1a: Adam West|64/100 brn|[from] brn
|upkeep
|turn|14
|
|t:|1653066609
|switch|p1a: Okage|Gengar, M|100/100
|move|p2a: Toxapex|Haze|p2a: Toxapex
|-clearallboost
|
|upkeep
|turn|15
|
|t:|1653066615
|move|p1a: Okage|Taunt|p2a: Toxapex
|-start|p2a: Toxapex|move: Taunt
|move|p2a: Toxapex|Knock Off|p1a: Okage
|-supereffective|p1a: Okage
|-damage|p1a: Okage|41/100
|-enditem|p1a: Okage|Focus Sash|[from] move: Knock Off|[of] p2a: Toxapex
|
|upkeep
|turn|16
|
|t:|1653066627
|move|p1a: Okage|Shadow Ball|p2a: Toxapex
|-crit|p2a: Toxapex
|-damage|p2a: Toxapex|6/100
|move|p2a: Toxapex|Knock Off|p1a: Okage
|-supereffective|p1a: Okage
|-damage|p1a: Okage|1/100
|
|upkeep
|turn|17
|
|t:|1653066642
|move|p1a: Okage|Shadow Ball|p2a: Toxapex
|-damage|p2a: Toxapex|0 fnt
|faint|p2a: Toxapex
|
|upkeep
|
|t:|1653066646
|switch|p2a: Alakazam|Alakazam, M|100/100
|turn|18
|
|t:|1653066658
|switch|p1a: Adam West|Hawlucha, F|64/100 brn
|move|p2a: Alakazam|Shadow Ball|p1a: Adam West
|-damage|p1a: Adam West|9/100 brn
|
|-damage|p1a: Adam West|3/100 brn|[from] brn
|upkeep
|turn|19
|
|t:|1653066666
|move|p2a: Alakazam|Shadow Ball|p1a: Adam West
|-damage|p1a: Adam West|0 fnt
|faint|p1a: Adam West
|
|upkeep
|
|t:|1653066668
|switch|p1a: MagicConch|Cloyster, M|100/100
|turn|20
|
|t:|1653066676
|switch|p2a: Magnezone|Magnezone|100/100
|move|p1a: MagicConch|Shell Smash|p1a: MagicConch
|-unboost|p1a: MagicConch|def|1
|-unboost|p1a: MagicConch|spd|1
|-boost|p1a: MagicConch|atk|2
|-boost|p1a: MagicConch|spa|2
|-boost|p1a: MagicConch|spe|2
|
|upkeep
|turn|21
|
|t:|1653066683
|move|p1a: MagicConch|Icicle Spear|p2a: Magnezone
|-resisted|p2a: Magnezone
|-damage|p2a: Magnezone|90/100
|-resisted|p2a: Magnezone
|-damage|p2a: Magnezone|81/100
|-resisted|p2a: Magnezone
|-damage|p2a: Magnezone|70/100
|-resisted|p2a: Magnezone
|-damage|p2a: Magnezone|60/100
|-resisted|p2a: Magnezone
|-damage|p2a: Magnezone|49/100
|-hitcount|p2a: Magnezone|5
|move|p2a: Magnezone|Thunderbolt|p1a: MagicConch
|-supereffective|p1a: MagicConch
|-enditem|p1a: MagicConch|Focus Sash
|-damage|p1a: MagicConch|1/100
|
|-heal|p2a: Magnezone|55/100|[from] item: Leftovers
|upkeep
|turn|22
|
|t:|1653066698
|move|p1a: MagicConch|Icicle Spear|p2a: Magnezone
|-resisted|p2a: Magnezone
|-crit|p2a: Magnezone
|-damage|p2a: Magnezone|39/100
|-resisted|p2a: Magnezone
|-damage|p2a: Magnezone|30/100
|-resisted|p2a: Magnezone
|-damage|p2a: Magnezone|19/100
|-resisted|p2a: Magnezone
|-damage|p2a: Magnezone|10/100
|-resisted|p2a: Magnezone
|-damage|p2a: Magnezone|0 fnt
|faint|p2a: Magnezone
|-hitcount|p2: Magnezone|5
|
|upkeep
|-message|2(H2O) forfeited.
|
|win|jptoroglass
|raw|jptoroglass's rating: 1611 &rarr; <strong>1629</strong><br />(+18 for winning)
|raw|2(H2O)'s rating: 1580 &rarr; <strong>1562</strong><br />(-18 for losing)
|l|☆2(H2O)
||Ladder isn't responding, score probably updated but might not have (Request timeout).
