|j|☆LT81YL croo
|j|☆legitteambuilder
|t:|1625756109
|gametype|singles
|player|p1|LT81YL croo|battlegirl|1593
|player|p2|legitteambuilder|lance|1653
|teamsize|p1|6
|teamsize|p2|6
|gen|8
|tier|[Gen 8] OU
|rated|
|rule|Sleep Clause Mod: Limit one foe put to sleep
|rule|Species Clause: Limit one of each Pokémon
|rule|OHKO Clause: OHKO moves are banned
|rule|Evasion Moves Clause: Evasion moves are banned
|rule|Endless Battle Clause: Forcing endless battles is banned
|rule|HP Percentage Mod: HP is shown in percentages
|rule|Dynamax Clause: You cannot dynamax
|clearpoke
|poke|p1|Skarmory, M|
|poke|p1|Ninetales-Alola, F|
|poke|p1|Clefable, M|
|poke|p1|Scizor, M|
|poke|p1|Tapu Fini|
|poke|p1|Dragapult, M|
|poke|p2|Bisharp, M|
|poke|p2|Mew|
|poke|p2|Blaziken, F|
|poke|p2|Melmetal|
|poke|p2|Rillaboom, M|
|poke|p2|Dragapult, M|
|teampreview
|
|t:|1625756119
|start
|switch|p1a: Skarmory|Skarmory, M|100/100
|switch|p2a: mǝW|Mew, shiny|100/100
|turn|1
|j| pokemonkorea co kr
|
|t:|1625756127
|move|p2a: mǝW|Taunt|p1a: Skarmory
|-start|p1a: Skarmory|move: Taunt
|cant|p1a: Skarmory|move: Taunt|Taunt
|
|upkeep
|turn|2
|j| Flictacular
|
|t:|1625756132
|switch|p1a: Ninetales|Ninetales-Alola, F|100/100
|-weather|Hail|[from] ability: Snow Warning|[of] p1a: Ninetales
|move|p2a: mǝW|Stealth Rock|p1a: Ninetales
|-sidestart|p1: LT81YL croo|move: Stealth Rock
|
|-weather|Hail|[upkeep]
|-damage|p2a: mǝW|94/100|[from] Hail
|upkeep
|turn|3
|
|t:|1625756138
|move|p1a: Ninetales|Aurora Veil|p1a: Ninetales
|-sidestart|p1: LT81YL croo|move: Aurora Veil
|move|p2a: mǝW|Taunt|p1a: Ninetales
|-start|p1a: Ninetales|move: Taunt
|
|-weather|Hail|[upkeep]
|-damage|p2a: mǝW|88/100|[from] Hail
|upkeep
|turn|4
|
|t:|1625756142
|move|p1a: Ninetales|Moonblast|p2a: mǝW
|-damage|p2a: mǝW|60/100
|-enditem|p2a: mǝW|Red Card|[of] p1a: Ninetales
|drag|p1a: Scizor|Scizor, M|100/100
|-damage|p1a: Scizor|88/100|[from] Stealth Rock
|move|p2a: mǝW|Spikes|p1a: Scizor
|-sidestart|p1: LT81YL croo|Spikes
|
|-weather|Hail|[upkeep]
|-damage|p2a: mǝW|54/100|[from] Hail
|-damage|p1a: Scizor|82/100|[from] Hail
|upkeep
|turn|5
|
|t:|1625756146
|move|p2a: mǝW|Flare Blitz|p1a: Scizor
|-supereffective|p1a: Scizor
|-damage|p1a: Scizor|9/100
|-damage|p2a: mǝW|30/100|[from] Recoil
|move|p1a: Scizor|Knock Off|p2a: mǝW
|-supereffective|p2a: mǝW
|-damage|p2a: mǝW|0 fnt
|faint|p2a: mǝW
|-damage|p1a: Scizor|0 fnt|[from] item: Life Orb
|faint|p1a: Scizor
|
|-weather|Hail|[upkeep]
|upkeep
|inactive|Battle timer is ON: inactive players will automatically lose when time's up. (requested by LT81YL croo)
|
|t:|1625756178
|switch|p2a: Soulja|Bisharp, M, shiny|100/100
|switch|p1a: Skarmory|Skarmory, M|100/100
|-damage|p1a: Skarmory|88/100|[from] Stealth Rock
|turn|6
|
|t:|1625756183
|move|p1a: Skarmory|Taunt|p2a: Soulja
|-start|p2a: Soulja|move: Taunt
|cant|p2a: Soulja|move: Taunt|Swords Dance
|
|-weather|none
|upkeep
|turn|7
|
|t:|1625756191
|switch|p2a: draga deez nuts|Dragapult, M, shiny|100/100
|move|p1a: Skarmory|Stealth Rock|p2a: draga deez nuts
|-sidestart|p2: legitteambuilder|move: Stealth Rock
|
|upkeep
|turn|8
|
|t:|1625756195
|move|p2a: draga deez nuts|Dragon Dance|p2a: draga deez nuts
|-boost|p2a: draga deez nuts|atk|1
|-boost|p2a: draga deez nuts|spe|1
|move|p1a: Skarmory|Spikes|p2a: draga deez nuts
|-sidestart|p2: legitteambuilder|Spikes
|
|upkeep
|turn|9
|
|t:|1625756201
|move|p2a: draga deez nuts|Dragon Dance|p2a: draga deez nuts
|-boost|p2a: draga deez nuts|atk|1
|-boost|p2a: draga deez nuts|spe|1
|move|p1a: Skarmory|Taunt|p2a: draga deez nuts
|-start|p2a: draga deez nuts|move: Taunt
|
|upkeep
|turn|10
|
|t:|1625756209
|move|p2a: draga deez nuts|Fire Blast|p1a: Skarmory
|-supereffective|p1a: Skarmory
|-damage|p1a: Skarmory|45/100
|-damage|p2a: draga deez nuts|91/100|[from] item: Life Orb
|move|p1a: Skarmory|Brave Bird|p2a: draga deez nuts
|-damage|p2a: draga deez nuts|39/100
|-damage|p1a: Skarmory|29/100|[from] Recoil
|
|-sideend|p1: LT81YL croo|move: Aurora Veil
|upkeep
|turn|11
|
|t:|1625756218
|move|p2a: draga deez nuts|Dragon Darts|p1a: Skarmory
|-resisted|p1a: Skarmory
|-damage|p1a: Skarmory|0 fnt
|faint|p1a: Skarmory
|-damage|p2a: draga deez nuts|30/100|[from] item: Life Orb
|
|upkeep
|
|t:|1625756230
|switch|p1a: Tapu Fini|Tapu Fini|100/100
|-damage|p1a: Tapu Fini|88/100|[from] Stealth Rock
|-damage|p1a: Tapu Fini|75/100|[from] Spikes
|-fieldstart|move: Misty Terrain|[from] ability: Misty Surge|[of] p1a: Tapu Fini
|turn|12
|
|t:|1625756233
|move|p2a: draga deez nuts|Phantom Force||[still]
|-prepare|p2a: draga deez nuts|Phantom Force
|move|p1a: Tapu Fini|Draining Kiss|p2a: draga deez nuts|[miss]
|-miss|p1a: Tapu Fini|p2a: draga deez nuts
|
|-heal|p1a: Tapu Fini|82/100|[from] item: Leftovers
|-end|p2a: draga deez nuts|move: Taunt
|upkeep
|turn|13
|
|t:|1625756236
|move|p2a: draga deez nuts|Phantom Force|p1a: Tapu Fini|[from]lockedmove
|-damage|p1a: Tapu Fini|0 fnt
|faint|p1a: Tapu Fini
|-damage|p2a: draga deez nuts|20/100|[from] item: Life Orb
|
|upkeep
|
|t:|1625756240
|switch|p1a: Ninetales|Ninetales-Alola, F|100/100
|-damage|p1a: Ninetales|88/100|[from] Spikes
|-damage|p1a: Ninetales|63/100|[from] Stealth Rock
|-weather|Hail|[from] ability: Snow Warning|[of] p1a: Ninetales
|turn|14
|
|t:|1625756245
|move|p2a: draga deez nuts|Fire Blast|p1a: Ninetales
|-supereffective|p1a: Ninetales
|-damage|p1a: Ninetales|0 fnt
|faint|p1a: Ninetales
|-damage|p2a: draga deez nuts|10/100|[from] item: Life Orb
|
|-weather|Hail|[upkeep]
|-damage|p2a: draga deez nuts|4/100|[from] Hail
|upkeep
|
|t:|1625756254
|switch|p1a: Dragapult|Dragapult, M|100/100
|-damage|p1a: Dragapult|88/100|[from] Spikes
|-damage|p1a: Dragapult|76/100|[from] Stealth Rock
|turn|15
|
|t:|1625756262
|switch|p1a: Clefable|Clefable, M|100/100
|move|p2a: draga deez nuts|Dragon Darts|p1a: Clefable
|-immune|p1a: Clefable
|
|-weather|Hail|[upkeep]
|-damage|p2a: draga deez nuts|0 fnt|[from] Hail
|faint|p2a: draga deez nuts
|upkeep
|
|t:|1625756275
|switch|p2a: Soulja|Bisharp, M, shiny|100/100
|-damage|p2a: Soulja|88/100|[from] Spikes
|-damage|p2a: Soulja|82/100|[from] Stealth Rock
|turn|16
|
|t:|1625756282
|move|p2a: Soulja|Iron Head|p1a: Clefable
|-supereffective|p1a: Clefable
|-damage|p1a: Clefable|6/100
|-damage|p2a: Soulja|72/100|[from] item: Life Orb
|cant|p1a: Clefable|flinch
|
|-weather|Hail|[upkeep]
|-damage|p2a: Soulja|67/100|[from] Hail
|-heal|p1a: Clefable|12/100|[from] item: Leftovers
|-fieldend|Misty Terrain
|upkeep
|turn|17
|
|t:|1625756287
|move|p2a: Soulja|Knock Off|p1a: Clefable
|-resisted|p1a: Clefable
|-damage|p1a: Clefable|0 fnt
|-enditem|p1a: Clefable|Leftovers|[from] move: Knock Off|[of] p2a: Soulja
|faint|p1a: Clefable
|-damage|p2a: Soulja|57/100|[from] item: Life Orb
|
|-weather|Hail|[upkeep]
|-damage|p2a: Soulja|51/100|[from] Hail
|upkeep
|
|t:|1625756290
|switch|p1a: Dragapult|Dragapult, M|76/100
|-damage|p1a: Dragapult|64/100|[from] Stealth Rock
|-damage|p1a: Dragapult|51/100|[from] Spikes
|turn|18
|
|t:|1625756293
|move|p1a: Dragapult|Dragon Dance|p1a: Dragapult
|-boost|p1a: Dragapult|atk|1
|-boost|p1a: Dragapult|spe|1
|move|p2a: Soulja|Knock Off|p1a: Dragapult
|-supereffective|p1a: Dragapult
|-damage|p1a: Dragapult|0 fnt
|-enditem|p1a: Dragapult|Weakness Policy|[from] move: Knock Off|[of] p2a: Soulja
|faint|p1a: Dragapult
|-damage|p2a: Soulja|41/100|[from] item: Life Orb
|
|win|legitteambuilder
|raw|LT81YL croo's rating: 1593 &rarr; <strong>1576</strong><br />(-17 for losing)
|raw|legitteambuilder's rating: 1653 &rarr; <strong>1670</strong><br />(+17 for winning)
|c|☆legitteambuilder|gg
|l|☆LT81YL croo
