|j|☆8balljacketguy
|j|☆baigu
|t:|1659761221
|gametype|singles
|player|p1|8balljacketguy|red|1519
|player|p2|baigu|265|1619
|teamsize|p1|6
|teamsize|p2|6
|gen|8
|tier|[Gen 8] OU
|rated|
|rule|Sleep Clause Mod: Limit one foe put to sleep
|rule|Species Clause: Limit one of each Pokémon
|rule|OHKO Clause: OHKO moves are banned
|rule|Evasion Items Clause: Evasion items are banned
|rule|Evasion Moves Clause: Evasion moves are banned
|rule|Endless Battle Clause: Forcing endless battles is banned
|rule|HP Percentage Mod: HP is shown in percentages
|rule|Dynamax Clause: You cannot dynamax
|clearpoke
|poke|p1|Registeel|
|poke|p1|Reuniclus, M|
|poke|p1|Rillaboom, F|
|poke|p1|Volcarona, M|
|poke|p1|Quagsire, F|
|poke|p1|Heatran, M|
|poke|p2|Barraskewda, M|
|poke|p2|Pelipper, M|
|poke|p2|Ferrothorn, M|
|poke|p2|Tornadus-Therian, M|
|poke|p2|Swampert, F|
|poke|p2|Volcanion|
|teampreview
|inactive|Battle timer is ON: inactive players will automatically lose when time's up. (requested by 8balljacketguy)
|j| Programofuse
|
|t:|1659761235
|start
|switch|p1a: Reuniclus|Reuniclus, M, shiny|100/100
|switch|p2a: Pelipper|Pelipper, M|100/100
|-weather|RainDance|[from] ability: Drizzle|[of] p2a: Pelipper
|turn|1
|
|t:|1659761240
|move|p2a: Pelipper|U-turn|p1a: Reuniclus
|-supereffective|p1a: Reuniclus
|-damage|p1a: Reuniclus|80/100
|
|t:|1659761244
|switch|p2a: Volcanion|Volcanion|100/100|[from]move: U-turn
|move|p1a: Reuniclus|Iron Defense|p1a: Reuniclus
|-boost|p1a: Reuniclus|def|2
|
|-weather|RainDance|[upkeep]
|-heal|p1a: Reuniclus|86/100|[from] item: Leftovers
|upkeep
|turn|2
|
|t:|1659761252
|move|p2a: Volcanion|Steam Eruption|p1a: Reuniclus
|-damage|p1a: Reuniclus|0 fnt
|faint|p1a: Reuniclus
|
|-weather|RainDance|[upkeep]
|upkeep
|
|t:|1659761261
|switch|p1a: Rillaboom|Rillaboom, F|100/100
|-fieldstart|move: Grassy Terrain|[from] ability: Grassy Surge|[of] p1a: Rillaboom
|turn|3
|
|t:|1659761264
|switch|p2a: Tornadus|Tornadus-Therian, M, shiny|100/100
|move|p1a: Rillaboom|Wood Hammer|p2a: Tornadus
|-resisted|p2a: Tornadus
|-damage|p2a: Tornadus|28/100
|-damage|p1a: Rillaboom|75/100|[from] Recoil
|
|-weather|RainDance|[upkeep]
|-heal|p1a: Rillaboom|81/100|[from] Grassy Terrain
|upkeep
|turn|4
|
|t:|1659761271
|switch|p1a: Heatran|Heatran, M|100/100
|-item|p1a: Heatran|Air Balloon
|move|p2a: Tornadus|U-turn|p1a: Heatran
|-resisted|p1a: Heatran
|-damage|p1a: Heatran|98/100
|-enditem|p1a: Heatran|Air Balloon
|
|t:|1659761273
|switch|p2a: Volcanion|Volcanion|100/100|[from]move: U-turn
|
|-weather|RainDance|[upkeep]
|-heal|p1a: Heatran|100/100|[from] Grassy Terrain
|upkeep
|turn|5
|
|t:|1659761280
|move|p2a: Volcanion|Steam Eruption|p1a: Heatran
|-supereffective|p1a: Heatran
|-damage|p1a: Heatran|0 fnt
|faint|p1a: Heatran
|
|-weather|RainDance|[upkeep]
|upkeep
|
|t:|1659761283
|switch|p1a: Rillaboom|Rillaboom, F|81/100
|turn|6
|
|t:|1659761288
|switch|p2a: Ferrothorn|Ferrothorn, M|100/100
|move|p1a: Rillaboom|Superpower|p2a: Ferrothorn
|-supereffective|p2a: Ferrothorn
|-damage|p2a: Ferrothorn|28/100
|-unboost|p1a: Rillaboom|atk|1
|-unboost|p1a: Rillaboom|def|1
|-damage|p1a: Rillaboom|69/100|[from] ability: Iron Barbs|[of] p2a: Ferrothorn
|
|-weather|RainDance|[upkeep]
|-heal|p1a: Rillaboom|75/100|[from] Grassy Terrain
|-heal|p2a: Ferrothorn|34/100|[from] Grassy Terrain
|-heal|p2a: Ferrothorn|40/100|[from] item: Leftovers
|upkeep
|turn|7
|
|t:|1659761296
|switch|p1a: Quagsire|Quagsire, F|100/100
|switch|p2a: Tornadus|Tornadus-Therian, M, shiny|61/100
|
|-weather|RainDance|[upkeep]
|-fieldend|move: Grassy Terrain
|upkeep
|turn|8
|
|t:|1659761302
|move|p2a: Tornadus|U-turn|p1a: Quagsire
|-damage|p1a: Quagsire|91/100
|
|t:|1659761303
|switch|p2a: Ferrothorn|Ferrothorn, M|40/100|[from]move: U-turn
|move|p1a: Quagsire|Toxic|p2a: Ferrothorn
|-immune|p2a: Ferrothorn
|
|-weather|none
|-heal|p1a: Quagsire|97/100|[from] item: Leftovers
|-heal|p2a: Ferrothorn|47/100|[from] item: Leftovers
|upkeep
|turn|9
|
|t:|1659761309
|switch|p1a: Volcarona|Volcarona, M|100/100
|move|p2a: Ferrothorn|Spikes|p1a: Volcarona
|-sidestart|p1: 8balljacketguy|Spikes
|
|-heal|p2a: Ferrothorn|53/100|[from] item: Leftovers
|upkeep
|turn|10
|
|t:|1659761311
|switch|p2a: Pelipper|Pelipper, M|100/100
|-weather|RainDance|[from] ability: Drizzle|[of] p2a: Pelipper
|move|p1a: Volcarona|Quiver Dance|p1a: Volcarona
|-boost|p1a: Volcarona|spa|1
|-boost|p1a: Volcarona|spd|1
|-boost|p1a: Volcarona|spe|1
|
|-weather|RainDance|[upkeep]
|upkeep
|turn|11
|
|t:|1659761313
|move|p1a: Volcarona|Quiver Dance|p1a: Volcarona
|-boost|p1a: Volcarona|spa|1
|-boost|p1a: Volcarona|spd|1
|-boost|p1a: Volcarona|spe|1
|move|p2a: Pelipper|U-turn|p1a: Volcarona
|-resisted|p1a: Volcarona
|-damage|p1a: Volcarona|96/100
|-status|p2a: Pelipper|brn|[from] ability: Flame Body|[of] p1a: Volcarona
|
|t:|1659761316
|switch|p2a: Barraskewda|Barraskewda, M, shiny|100/100|[from]move: U-turn
|
|-weather|RainDance|[upkeep]
|upkeep
|turn|12
|
|t:|1659761323
|move|p2a: Barraskewda|Flip Turn|p1a: Volcarona
|-supereffective|p1a: Volcarona
|-crit|p1a: Volcarona
|-damage|p1a: Volcarona|0 fnt
|faint|p1a: Volcarona
|
|t:|1659761330
|switch|p2a: Volcanion|Volcanion|100/100|[from]move: Flip Turn
|
|-weather|RainDance|[upkeep]
|upkeep
|
|t:|1659761332
|switch|p1a: Rillaboom|Rillaboom, F|75/100
|-damage|p1a: Rillaboom|63/100|[from] Spikes
|-fieldstart|move: Grassy Terrain|[from] ability: Grassy Surge|[of] p1a: Rillaboom
|turn|13
|
|t:|1659761337
|switch|p2a: Ferrothorn|Ferrothorn, M|53/100
|move|p1a: Rillaboom|Wood Hammer|p2a: Ferrothorn
|-resisted|p2a: Ferrothorn
|-damage|p2a: Ferrothorn|35/100
|-damage|p1a: Rillaboom|50/100|[from] ability: Iron Barbs|[of] p2a: Ferrothorn
|-damage|p1a: Rillaboom|44/100|[from] Recoil
|
|-weather|RainDance|[upkeep]
|-heal|p1a: Rillaboom|51/100|[from] Grassy Terrain
|-heal|p2a: Ferrothorn|42/100|[from] Grassy Terrain
|-heal|p2a: Ferrothorn|48/100|[from] item: Leftovers
|upkeep
|turn|14
|
|t:|1659761340
|switch|p1a: Registeel|Registeel|100/100
|-damage|p1a: Registeel|88/100|[from] Spikes
|move|p2a: Ferrothorn|Spikes|p1a: Registeel
|-sidestart|p1: 8balljacketguy|Spikes
|
|-weather|RainDance|[upkeep]
|-heal|p1a: Registeel|94/100|[from] Grassy Terrain
|-heal|p2a: Ferrothorn|54/100|[from] Grassy Terrain
|-heal|p2a: Ferrothorn|60/100|[from] item: Leftovers
|upkeep
|turn|15
|
|t:|1659761346
|switch|p2a: Volcanion|Volcanion|100/100
|move|p1a: Registeel|Amnesia|p1a: Registeel
|-boost|p1a: Registeel|spd|2
|
|-weather|RainDance|[upkeep]
|-heal|p1a: Registeel|99/100|[from] Grassy Terrain
|upkeep
|turn|16
|
|t:|1659761348
|move|p2a: Volcanion|Steam Eruption|p1a: Registeel
|-damage|p1a: Registeel|58/100
|-status|p1a: Registeel|brn
|move|p1a: Registeel|Amnesia|p1a: Registeel
|-boost|p1a: Registeel|spd|2
|
|-weather|RainDance|[upkeep]
|-heal|p1a: Registeel|64/100 brn|[from] Grassy Terrain
|-damage|p1a: Registeel|58/100 brn|[from] brn
|upkeep
|turn|17
|
|t:|1659761356
|switch|p2a: Barraskewda|Barraskewda, M, shiny|100/100
|move|p1a: Registeel|Rest|p1a: Registeel
|-status|p1a: Registeel|slp|[from] move: Rest
|-heal|p1a: Registeel|100/100 slp|[silent]
|-enditem|p1a: Registeel|Chesto Berry|[eat]
|-curestatus|p1a: Registeel|slp|[msg]
|
|-weather|none
|-fieldend|move: Grassy Terrain
|upkeep
|turn|18
|
|t:|1659761361
|move|p2a: Barraskewda|Close Combat|p1a: Registeel
|-supereffective|p1a: Registeel
|-damage|p1a: Registeel|24/100
|-unboost|p2a: Barraskewda|def|1
|-unboost|p2a: Barraskewda|spd|1
|move|p1a: Registeel|Iron Defense|p1a: Registeel
|-boost|p1a: Registeel|def|2
|
|upkeep
|turn|19
|
|t:|1659761365
|move|p2a: Barraskewda|Close Combat|p1a: Registeel
|-supereffective|p1a: Registeel
|-damage|p1a: Registeel|0 fnt
|-unboost|p2a: Barraskewda|def|1
|-unboost|p2a: Barraskewda|spd|1
|faint|p1a: Registeel
|
|upkeep
|-message|8balljacketguy forfeited.
|
|win|baigu
|raw|8balljacketguy's rating: 1519 &rarr; <strong>1505</strong><br />(-14 for losing)
|raw|baigu's rating: 1619 &rarr; <strong>1633</strong><br />(+14 for winning)
|l|☆8balljacketguy
