|html|<div class="broadcast-blue"><strong>[Gen 8] OU is currently suspecting Melmetal! For information on how to participate check out the <a href="https://www.smogon.com/forums/threads/np-ss-ou-suspect-process-round-12-monster-mash.3709234/">suspect thread</a>.</strong></div>
|j|☆tawny's alt
|j|☆Geordietaint
|t:|1666597175
|gametype|singles
|player|p1|tawny's alt|169|1173
|player|p2|Geordietaint|1|1173
|teamsize|p1|6
|teamsize|p2|6
|gen|8
|tier|[Gen 8] OU
|rated|
|rule|Sleep Clause Mod: Limit one foe put to sleep
|rule|Species Clause: Limit one of each Pokémon
|rule|OHKO Clause: OHKO moves are banned
|rule|Evasion Items Clause: Evasion items are banned
|rule|Evasion Moves Clause: Evasion moves are banned
|rule|Endless Battle Clause: Forcing endless battles is banned
|rule|HP Percentage Mod: HP is shown in percentages
|rule|Dynamax Clause: You cannot dynamax
|clearpoke
|poke|p1|Kartana|
|poke|p1|Garchomp, M|
|poke|p1|Dragapult, F|
|poke|p1|Ferrothorn, F|
|poke|p1|Toxapex, M|
|poke|p1|Mandibuzz, F|
|poke|p2|Gurdurr, M|
|poke|p2|Umbreon, M|
|poke|p2|Dragonite, F|
|poke|p2|Tapu Fini|
|poke|p2|Rhyperior, M|
|poke|p2|Magnezone|
|teampreview
|
|t:|1666597212
|start
|switch|p1a: Toxapex|Toxapex, M|100/100
|switch|p2a: Tapu Fini|Tapu Fini|100/100
|-fieldstart|move: Misty Terrain|[from] ability: Misty Surge|[of] p2a: Tapu Fini
|turn|1
|
|t:|1666597219
|move|p2a: Tapu Fini|Magic Coat|p2a: Tapu Fini
|-singleturn|p2a: Tapu Fini|move: Magic Coat
|move|p1a: Toxapex|Scald|p2a: Tapu Fini
|-resisted|p2a: Tapu Fini
|-damage|p2a: Tapu Fini|94/100
|
|upkeep
|turn|2
|
|t:|1666597227
|move|p2a: Tapu Fini|Magic Coat|p2a: Tapu Fini
|-singleturn|p2a: Tapu Fini|move: Magic Coat
|move|p1a: Toxapex|Scald|p2a: Tapu Fini
|-resisted|p2a: Tapu Fini
|-damage|p2a: Tapu Fini|87/100
|
|upkeep
|turn|3
|
|t:|1666597236
|move|p2a: Tapu Fini|Scald|p1a: Toxapex
|-resisted|p1a: Toxapex
|-damage|p1a: Toxapex|88/100
|move|p1a: Toxapex|Scald|p2a: Tapu Fini
|-resisted|p2a: Tapu Fini
|-damage|p2a: Tapu Fini|79/100
|
|-heal|p1a: Toxapex|94/100|[from] item: Black Sludge
|upkeep
|turn|4
|
|t:|1666597245
|move|p2a: Tapu Fini|Scald|p1a: Toxapex
|-resisted|p1a: Toxapex
|-damage|p1a: Toxapex|81/100
|move|p1a: Toxapex|Scald|p2a: Tapu Fini
|-resisted|p2a: Tapu Fini
|-damage|p2a: Tapu Fini|71/100
|
|-heal|p1a: Toxapex|87/100|[from] item: Black Sludge
|upkeep
|turn|5
|
|t:|1666597253
|move|p2a: Tapu Fini|Scald|p1a: Toxapex
|-resisted|p1a: Toxapex
|-crit|p1a: Toxapex
|-damage|p1a: Toxapex|66/100
|move|p1a: Toxapex|Scald|p2a: Tapu Fini
|-resisted|p2a: Tapu Fini
|-damage|p2a: Tapu Fini|65/100
|
|-heal|p1a: Toxapex|73/100|[from] item: Black Sludge
|-fieldend|Misty Terrain
|upkeep
|turn|6
|
|t:|1666597263
|move|p2a: Tapu Fini|Scald|p1a: Toxapex
|-resisted|p1a: Toxapex
|-damage|p1a: Toxapex|60/100
|move|p1a: Toxapex|Toxic Spikes|p2a: Tapu Fini
|-sidestart|p2: Geordietaint|move: Toxic Spikes
|
|-heal|p1a: Toxapex|66/100|[from] item: Black Sludge
|upkeep
|turn|7
|
|t:|1666597270
|move|p2a: Tapu Fini|Magic Coat|p2a: Tapu Fini
|-singleturn|p2a: Tapu Fini|move: Magic Coat
|move|p1a: Toxapex|Scald|p2a: Tapu Fini
|-resisted|p2a: Tapu Fini
|-damage|p2a: Tapu Fini|58/100
|
|-heal|p1a: Toxapex|72/100|[from] item: Black Sludge
|upkeep
|turn|8
|
|t:|1666597277
|move|p2a: Tapu Fini|Magic Coat|p2a: Tapu Fini
|-singleturn|p2a: Tapu Fini|move: Magic Coat
|move|p1a: Toxapex|Scald|p2a: Tapu Fini
|-resisted|p2a: Tapu Fini
|-damage|p2a: Tapu Fini|50/100
|
|-heal|p1a: Toxapex|78/100|[from] item: Black Sludge
|upkeep
|turn|9
|
|t:|1666597284
|move|p2a: Tapu Fini|Magic Coat|p2a: Tapu Fini
|-singleturn|p2a: Tapu Fini|move: Magic Coat
|move|p1a: Toxapex|Scald|p2a: Tapu Fini
|-resisted|p2a: Tapu Fini
|-damage|p2a: Tapu Fini|42/100
|-status|p2a: Tapu Fini|brn
|
|-heal|p1a: Toxapex|85/100|[from] item: Black Sludge
|-damage|p2a: Tapu Fini|36/100 brn|[from] brn
|upkeep
|turn|10
|
|t:|1666597294
|move|p2a: Tapu Fini|Moonblast|p1a: Toxapex
|-resisted|p1a: Toxapex
|-damage|p1a: Toxapex|69/100
|move|p1a: Toxapex|Scald|p2a: Tapu Fini
|-resisted|p2a: Tapu Fini
|-damage|p2a: Tapu Fini|29/100 brn
|
|-heal|p1a: Toxapex|75/100|[from] item: Black Sludge
|-damage|p2a: Tapu Fini|23/100 brn|[from] brn
|upkeep
|turn|11
|
|t:|1666597305
|move|p2a: Tapu Fini|Magic Coat|p2a: Tapu Fini
|-singleturn|p2a: Tapu Fini|move: Magic Coat
|move|p1a: Toxapex|Scald|p2a: Tapu Fini
|-resisted|p2a: Tapu Fini
|-crit|p2a: Tapu Fini
|-damage|p2a: Tapu Fini|12/100 brn
|
|-heal|p1a: Toxapex|81/100|[from] item: Black Sludge
|-damage|p2a: Tapu Fini|6/100 brn|[from] brn
|upkeep
|turn|12
|
|t:|1666597313
|move|p2a: Tapu Fini|Scald|p1a: Toxapex
|-resisted|p1a: Toxapex
|-damage|p1a: Toxapex|68/100
|move|p1a: Toxapex|Toxic Spikes|p2a: Tapu Fini
|-sidestart|p2: Geordietaint|move: Toxic Spikes
|
|-heal|p1a: Toxapex|75/100|[from] item: Black Sludge
|-damage|p2a: Tapu Fini|0 fnt|[from] brn
|faint|p2a: Tapu Fini
|upkeep
|
|t:|1666597322
|switch|p2a: Magnezone|Magnezone|100/100
|turn|13
|
|t:|1666597330
|switch|p1a: Garchomp|Garchomp, M|100/100
|move|p2a: Magnezone|Thunder Wave|p1a: Garchomp
|-immune|p1a: Garchomp
|
|upkeep
|turn|14
|
|t:|1666597345
|switch|p2a: Dragonite|Dragonite, F|100/100
|move|p1a: Garchomp|Dragon Tail|p2a: Dragonite
|-supereffective|p2a: Dragonite
|-damage|p2a: Dragonite|76/100
|-enditem|p2a: Dragonite|Weakness Policy
|-boost|p2a: Dragonite|atk|2|[from] item: Weakness Policy
|-boost|p2a: Dragonite|spa|2|[from] item: Weakness Policy
|drag|p2a: Gurdurr|Gurdurr, M|100/100
|-status|p2a: Gurdurr|tox
|
|-damage|p2a: Gurdurr|95/100 tox|[from] psn
|upkeep
|turn|15
|
|t:|1666597362
|switch|p1a: Toxapex|Toxapex, M|100/100
|move|p2a: Gurdurr|Bulk Up|p2a: Gurdurr
|-boost|p2a: Gurdurr|atk|1
|-boost|p2a: Gurdurr|def|1
|
|-damage|p2a: Gurdurr|83/100 tox|[from] psn
|upkeep
|turn|16
|
|t:|1666597370
|move|p2a: Gurdurr|Knock Off|p1a: Toxapex
|-damage|p1a: Toxapex|50/100
|-enditem|p1a: Toxapex|Black Sludge|[from] move: Knock Off|[of] p2a: Gurdurr
|move|p1a: Toxapex|Haze|p1a: Toxapex
|-clearallboost
|
|-damage|p2a: Gurdurr|65/100 tox|[from] psn
|upkeep
|turn|17
|
|t:|1666597381
|move|p2a: Gurdurr|Bulk Up|p2a: Gurdurr
|-boost|p2a: Gurdurr|atk|1
|-boost|p2a: Gurdurr|def|1
|move|p1a: Toxapex|Recover|p1a: Toxapex
|-heal|p1a: Toxapex|99/100
|
|-damage|p2a: Gurdurr|41/100 tox|[from] psn
|upkeep
|turn|18
|
|t:|1666597389
|move|p2a: Gurdurr|Drain Punch|p1a: Toxapex
|-resisted|p1a: Toxapex
|-damage|p1a: Toxapex|68/100
|-heal|p2a: Gurdurr|55/100 tox|[from] drain|[of] p1a: Toxapex
|move|p1a: Toxapex|Haze|p1a: Toxapex
|-clearallboost
|
|-damage|p2a: Gurdurr|25/100 tox|[from] psn
|upkeep
|turn|19
|
|t:|1666597399
|move|p2a: Gurdurr|Drain Punch|p1a: Toxapex
|-resisted|p1a: Toxapex
|-damage|p1a: Toxapex|48/100
|-heal|p2a: Gurdurr|34/100 tox|[from] drain|[of] p1a: Toxapex
|move|p1a: Toxapex|Recover|p1a: Toxapex
|-heal|p1a: Toxapex|98/100
|
|-damage|p2a: Gurdurr|0 fnt|[from] psn
|faint|p2a: Gurdurr
|upkeep
|
|t:|1666597428
|switch|p2a: Dragonite|Dragonite, F|76/100
|turn|20
|
|t:|1666597432
|move|p2a: Dragonite|Hone Claws|p2a: Dragonite
|-boost|p2a: Dragonite|atk|1
|-boost|p2a: Dragonite|accuracy|1
|move|p1a: Toxapex|Scald|p2a: Dragonite
|-resisted|p2a: Dragonite
|-damage|p2a: Dragonite|69/100
|-status|p2a: Dragonite|brn
|
|-damage|p2a: Dragonite|62/100 brn|[from] brn
|upkeep
|turn|21
|
|t:|1666597447
|move|p2a: Dragonite|Ice Punch|p1a: Toxapex
|-resisted|p1a: Toxapex
|-damage|p1a: Toxapex|91/100
|-status|p1a: Toxapex|frz
|cant|p1a: Toxapex|frz
|
|-damage|p2a: Dragonite|56/100 brn|[from] brn
|upkeep
|turn|22
|
|t:|1666597456
|move|p2a: Dragonite|Hone Claws|p2a: Dragonite
|-boost|p2a: Dragonite|atk|1
|-boost|p2a: Dragonite|accuracy|1
|-curestatus|p1a: Toxapex|frz|[from] move: Scald
|move|p1a: Toxapex|Scald|p2a: Dragonite
|-resisted|p2a: Dragonite
|-damage|p2a: Dragonite|49/100 brn
|
|-damage|p2a: Dragonite|43/100 brn|[from] brn
|upkeep
|turn|23
|
|t:|1666597466
|move|p2a: Dragonite|Earthquake|p1a: Toxapex
|-supereffective|p1a: Toxapex
|-damage|p1a: Toxapex|36/100
|move|p1a: Toxapex|Haze|p1a: Toxapex
|-clearallboost
|
|-damage|p2a: Dragonite|37/100 brn|[from] brn
|upkeep
|turn|24
|
|t:|1666597476
|move|p2a: Dragonite|Earthquake|p1a: Toxapex
|-supereffective|p1a: Toxapex
|-damage|p1a: Toxapex|9/100
|move|p1a: Toxapex|Recover|p1a: Toxapex
|-heal|p1a: Toxapex|59/100
|
|-damage|p2a: Dragonite|30/100 brn|[from] brn
|upkeep
|turn|25
|
|t:|1666597484
|move|p2a: Dragonite|Earthquake|p1a: Toxapex
|-supereffective|p1a: Toxapex
|-damage|p1a: Toxapex|28/100
|move|p1a: Toxapex|Recover|p1a: Toxapex
|-heal|p1a: Toxapex|78/100
|
|-damage|p2a: Dragonite|24/100 brn|[from] brn
|upkeep
|turn|26
|
|t:|1666597491
|switch|p1a: Ferrothorn|Ferrothorn, F|100/100
|move|p2a: Dragonite|Earthquake|p1a: Ferrothorn
|-damage|p1a: Ferrothorn|87/100
|
|-heal|p1a: Ferrothorn|93/100|[from] item: Leftovers
|-damage|p2a: Dragonite|18/100 brn|[from] brn
|upkeep
|turn|27
|
|t:|1666597500
|move|p2a: Dragonite|Fire Punch|p1a: Ferrothorn
|-supereffective|p1a: Ferrothorn
|-damage|p1a: Ferrothorn|54/100
|-status|p1a: Ferrothorn|brn
|-damage|p2a: Dragonite|5/100 brn|[from] ability: Iron Barbs|[of] p1a: Ferrothorn
|move|p1a: Ferrothorn|Leech Seed|p2a: Dragonite
|-start|p2a: Dragonite|move: Leech Seed
|
|-heal|p1a: Ferrothorn|60/100 brn|[from] item: Leftovers
|-damage|p2a: Dragonite|0 fnt|[from] Leech Seed|[of] p1a: Ferrothorn
|-heal|p1a: Ferrothorn|65/100 brn|[silent]
|faint|p2a: Dragonite
|-damage|p1a: Ferrothorn|59/100 brn|[from] brn
|upkeep
|
|t:|1666597518
|switch|p2a: Magnezone|Magnezone|100/100
|turn|28
|
|t:|1666597524
|move|p2a: Magnezone|Flash Cannon|p1a: Ferrothorn
|-resisted|p1a: Ferrothorn
|-damage|p1a: Ferrothorn|41/100 brn
|-damage|p2a: Magnezone|91/100|[from] item: Life Orb
|move|p1a: Ferrothorn|Leech Seed|p2a: Magnezone
|-start|p2a: Magnezone|move: Leech Seed
|
|-heal|p1a: Ferrothorn|47/100 brn|[from] item: Leftovers
|-damage|p2a: Magnezone|78/100|[from] Leech Seed|[of] p1a: Ferrothorn
|-heal|p1a: Ferrothorn|59/100 brn|[silent]
|-damage|p1a: Ferrothorn|52/100 brn|[from] brn
|upkeep
|turn|29
|
|t:|1666597534
|move|p2a: Magnezone|Flash Cannon|p1a: Ferrothorn
|-resisted|p1a: Ferrothorn
|-damage|p1a: Ferrothorn|33/100 brn
|-damage|p2a: Magnezone|68/100|[from] item: Life Orb
|move|p1a: Ferrothorn|Spikes|p2a: Magnezone
|-sidestart|p2: Geordietaint|Spikes
|
|-heal|p1a: Ferrothorn|39/100 brn|[from] item: Leftovers
|-damage|p2a: Magnezone|56/100|[from] Leech Seed|[of] p1a: Ferrothorn
|-heal|p1a: Ferrothorn|51/100 brn|[silent]
|-damage|p1a: Ferrothorn|45/100 brn|[from] brn
|upkeep
|turn|30
|
|t:|1666597545
|move|p2a: Magnezone|Thunderbolt|p1a: Ferrothorn
|-resisted|p1a: Ferrothorn
|-damage|p1a: Ferrothorn|22/100 brn
|-damage|p2a: Magnezone|46/100|[from] item: Life Orb
|move|p1a: Ferrothorn|Spikes|p2a: Magnezone
|-sidestart|p2: Geordietaint|Spikes
|
|-heal|p1a: Ferrothorn|29/100 brn|[from] item: Leftovers
|-damage|p2a: Magnezone|34/100|[from] Leech Seed|[of] p1a: Ferrothorn
|-heal|p1a: Ferrothorn|41/100 brn|[silent]
|-damage|p1a: Ferrothorn|34/100 brn|[from] brn
|upkeep
|turn|31
|
|t:|1666597570
|move|p2a: Magnezone|Thunderbolt|p1a: Ferrothorn
|-resisted|p1a: Ferrothorn
|-damage|p1a: Ferrothorn|13/100 brn
|-damage|p2a: Magnezone|24/100|[from] item: Life Orb
|move|p1a: Ferrothorn|Knock Off|p2a: Magnezone
|-crit|p2a: Magnezone
|-damage|p2a: Magnezone|11/100
|-enditem|p2a: Magnezone|Life Orb|[from] move: Knock Off|[of] p1a: Ferrothorn
|
|-heal|p1a: Ferrothorn|20/100 brn|[from] item: Leftovers
|-damage|p2a: Magnezone|0 fnt|[from] Leech Seed|[of] p1a: Ferrothorn
|-heal|p1a: Ferrothorn|29/100 brn|[silent]
|faint|p2a: Magnezone
|-damage|p1a: Ferrothorn|23/100 brn|[from] brn
|upkeep
|-message|Geordietaint forfeited.
|
|win|tawny's alt
|raw|tawny&apos;s alt's rating: 1173 &rarr; <strong>1198</strong><br />(+25 for winning)
|raw|Geordietaint's rating: 1173 &rarr; <strong>1148</strong><br />(-25 for losing)
|l|☆Geordietaint
