|raw|<div class="broadcast-blue"><strong>This battle is required to be public due to a player having a name starting with 'lt83aq'.</div>
|j|☆Commando 55
|j|☆LT83AQ MimikyuSTDS
|t:|1627058615
|gametype|singles
|player|p1|Commando 55|266|1710
|player|p2|LT83AQ MimikyuSTDS|lillie-z|1782
|teamsize|p1|6
|teamsize|p2|6
|gen|8
|tier|[Gen 8] OU
|rated|
|rule|Sleep Clause Mod: Limit one foe put to sleep
|rule|Species Clause: Limit one of each Pokémon
|rule|OHKO Clause: OHKO moves are banned
|rule|Evasion Moves Clause: Evasion moves are banned
|rule|Endless Battle Clause: Forcing endless battles is banned
|rule|HP Percentage Mod: HP is shown in percentages
|rule|Dynamax Clause: You cannot dynamax
|clearpoke
|poke|p1|Pikachu, F|
|poke|p1|Glastrier|
|poke|p1|Clefable, F|
|poke|p1|Seismitoad, F|
|poke|p1|Dragapult, F|
|poke|p1|Corviknight, F|
|poke|p2|Pelipper, F|
|poke|p2|Barraskewda, M|
|poke|p2|Regieleki|
|poke|p2|Tapu Lele|
|poke|p2|Landorus-Therian, M|
|poke|p2|Ferrothorn, M|
|teampreview
|inactive|Battle timer is ON: inactive players will automatically lose when time's up. (requested by Commando 55)
|
|t:|1627058630
|start
|switch|p1a: Dragapult|Dragapult, F|100/100
|switch|p2a: Tapu Lele|Tapu Lele|100/100
|-fieldstart|move: Psychic Terrain|[from] ability: Psychic Surge|[of] p2a: Tapu Lele
|turn|1
|
|t:|1627058636
|switch|p1a: Corviknight|Corviknight, F|100/100
|-ability|p1a: Corviknight|Pressure
|move|p2a: Tapu Lele|Moonblast|p1a: Corviknight
|-resisted|p1a: Corviknight
|-damage|p1a: Corviknight|77/100
|
|-heal|p1a: Corviknight|83/100|[from] item: Leftovers
|upkeep
|turn|2
|
|t:|1627058644
|switch|p2a: Pelipper|Pelipper, F|100/100
|-weather|RainDance|[from] ability: Drizzle|[of] p2a: Pelipper
|switch|p1a: Dragapult|Dragapult, F|100/100
|
|-weather|RainDance|[upkeep]
|upkeep
|turn|3
|
|t:|1627058648
|switch|p2a: Ferrothorn|Ferrothorn, M|100/100
|move|p1a: Dragapult|Shadow Ball|p2a: Ferrothorn
|-damage|p2a: Ferrothorn|64/100
|
|-weather|RainDance|[upkeep]
|-heal|p2a: Ferrothorn|70/100|[from] item: Leftovers
|upkeep
|turn|4
|
|t:|1627058659
|switch|p1a: Glastrier|Glastrier|100/100
|move|p2a: Ferrothorn|Knock Off|p1a: Glastrier
|-damage|p1a: Glastrier|85/100
|-enditem|p1a: Glastrier|Assault Vest|[from] move: Knock Off|[of] p2a: Ferrothorn
|
|-weather|RainDance|[upkeep]
|-heal|p2a: Ferrothorn|76/100|[from] item: Leftovers
|upkeep
|turn|5
|
|t:|1627058665
|move|p1a: Glastrier|Icicle Spear|p2a: Ferrothorn
|-damage|p2a: Ferrothorn|63/100
|-damage|p2a: Ferrothorn|52/100
|-damage|p2a: Ferrothorn|41/100
|-damage|p2a: Ferrothorn|29/100
|-damage|p2a: Ferrothorn|17/100
|-hitcount|p2a: Ferrothorn|5
|move|p2a: Ferrothorn|Spikes|p1a: Glastrier
|-sidestart|p1: Commando 55|Spikes
|
|-weather|RainDance|[upkeep]
|-heal|p2a: Ferrothorn|23/100|[from] item: Leftovers
|-fieldend|move: Psychic Terrain
|upkeep
|turn|6
|
|t:|1627058674
|move|p1a: Glastrier|Icicle Spear|p2a: Ferrothorn
|-damage|p2a: Ferrothorn|12/100
|-damage|p2a: Ferrothorn|0 fnt
|faint|p2a: Ferrothorn
|-ability|p1a: Glastrier|Chilling Neigh|boost
|-boost|p1a: Glastrier|atk|1
|-hitcount|p2: Ferrothorn|2
|
|-weather|none
|upkeep
|
|t:|1627058682
|switch|p2a: Pelipper|Pelipper, F|100/100
|-weather|RainDance|[from] ability: Drizzle|[of] p2a: Pelipper
|turn|7
|
|t:|1627058686
|move|p2a: Pelipper|Surf|p1a: Glastrier
|-damage|p1a: Glastrier|12/100
|move|p1a: Glastrier|Icicle Spear|p2a: Pelipper
|-damage|p2a: Pelipper|70/100
|-damage|p2a: Pelipper|42/100
|-damage|p2a: Pelipper|12/100
|-damage|p2a: Pelipper|0 fnt
|faint|p2a: Pelipper
|-ability|p1a: Glastrier|Chilling Neigh|boost
|-boost|p1a: Glastrier|atk|1
|-hitcount|p2: Pelipper|4
|
|-weather|RainDance|[upkeep]
|upkeep
|
|t:|1627058692
|switch|p2a: Barraskewda|Barraskewda, M|100/100
|turn|8
|
|t:|1627058695
|move|p2a: Barraskewda|Close Combat|p1a: Glastrier
|-supereffective|p1a: Glastrier
|-damage|p1a: Glastrier|0 fnt
|-unboost|p2a: Barraskewda|def|1
|-unboost|p2a: Barraskewda|spd|1
|faint|p1a: Glastrier
|
|-weather|RainDance|[upkeep]
|upkeep
|
|t:|1627058700
|switch|p1a: Dragapult|Dragapult, F|100/100
|-damage|p1a: Dragapult|88/100|[from] Spikes
|turn|9
|c|☆LT83AQ MimikyuSTDS|i didnt quite lose to pikachu
|c|☆LT83AQ MimikyuSTDS|but i lost to someone using it
|
|t:|1627058708
|switch|p2a: Landorus|Landorus-Therian, M|100/100
|-ability|p2a: Landorus|Intimidate|boost
|-unboost|p1a: Dragapult|atk|1
|move|p1a: Dragapult|Shadow Ball|p2a: Landorus
|-crit|p2a: Landorus
|-damage|p2a: Landorus|32/100
|-unboost|p2a: Landorus|spd|1
|
|-weather|RainDance|[upkeep]
|-heal|p2a: Landorus|38/100|[from] item: Leftovers
|upkeep
|turn|10
|
|t:|1627058713
|move|p1a: Dragapult|Shadow Ball|p2a: Landorus
|-damage|p2a: Landorus|0 fnt
|faint|p2a: Landorus
|
|-weather|RainDance|[upkeep]
|upkeep
|c|☆LT83AQ MimikyuSTDS|and the crit
|
|t:|1627058716
|switch|p2a: Tapu Lele|Tapu Lele|100/100
|-fieldstart|move: Psychic Terrain|[from] ability: Psychic Surge|[of] p2a: Tapu Lele
|turn|11
|
|t:|1627058721
|switch|p1a: Seismitoad|Seismitoad, F|100/100
|-damage|p1a: Seismitoad|88/100|[from] Spikes
|move|p2a: Tapu Lele|Thunder|p1a: Seismitoad
|-immune|p1a: Seismitoad
|
|-weather|none
|-heal|p1a: Seismitoad|94/100|[from] item: Leftovers
|upkeep
|turn|12
|-message|LT83AQ MimikyuSTDS forfeited.
|
|win|Commando 55
|raw|Commando 55's rating: 1721 &rarr; <strong>1745</strong><br />(+24 for winning)
|raw|LT83AQ MimikyuSTDS's rating: 1797 &rarr; <strong>1773</strong><br />(-24 for losing)
|l|☆LT83AQ MimikyuSTDS
