|j|☆Maitredouard2
|j|☆daheatahfajita
|t:|1647243518
|gametype|singles
|player|p1|Maitredouard2|lance|1611
|player|p2|daheatahfajita|102|1584
|teamsize|p1|6
|teamsize|p2|6
|gen|8
|tier|[Gen 8] OU
|rated|
|rule|Sleep Clause Mod: Limit one foe put to sleep
|rule|Species Clause: Limit one of each Pokémon
|rule|OHKO Clause: OHKO moves are banned
|rule|Evasion Moves Clause: Evasion moves are banned
|rule|Endless Battle Clause: Forcing endless battles is banned
|rule|HP Percentage Mod: HP is shown in percentages
|rule|Dynamax Clause: You cannot dynamax
|clearpoke
|poke|p1|Mandibuzz, F|
|poke|p1|Landorus-Therian, M|
|poke|p1|Blissey, F|
|poke|p1|Heatran, M|
|poke|p1|Toxapex, F|
|poke|p1|Tapu Lele|
|poke|p2|Tornadus-Therian, M|
|poke|p2|Bisharp, F|
|poke|p2|Rillaboom, M|
|poke|p2|Victini|
|poke|p2|Swampert, F|
|poke|p2|Kartana|
|teampreview
|
|t:|1647243543
|start
|switch|p1a: Mandibuzz|Mandibuzz, F|100/100
|switch|p2a: Wetlands|Swampert, F|100/100
|turn|1
|
|t:|1647243551
|move|p1a: Mandibuzz|Taunt|p2a: Wetlands
|-start|p2a: Wetlands|move: Taunt
|cant|p2a: Wetlands|move: Taunt|Yawn
|
|upkeep
|turn|2
|j| tailtactics
|
|t:|1647243557
|move|p1a: Mandibuzz|Toxic|p2a: Wetlands
|-status|p2a: Wetlands|tox
|move|p2a: Wetlands|Flip Turn|p1a: Mandibuzz
|-damage|p1a: Mandibuzz|85/100
|
|t:|1647243576
|switch|p2a: First Responder|Bisharp, F|100/100|[from]move: Flip Turn
|
|upkeep
|turn|3
|j| MiThree
|
|t:|1647243606
|move|p2a: First Responder|Beat Up|p1a: Mandibuzz
|-resisted|p1a: Mandibuzz
|-damage|p1a: Mandibuzz|80/100
|-resisted|p1a: Mandibuzz
|-damage|p1a: Mandibuzz|75/100
|-resisted|p1a: Mandibuzz
|-damage|p1a: Mandibuzz|71/100
|-resisted|p1a: Mandibuzz
|-damage|p1a: Mandibuzz|67/100
|-resisted|p1a: Mandibuzz
|-damage|p1a: Mandibuzz|60/100
|-hitcount|p1a: Mandibuzz|5
|move|p1a: Mandibuzz|Foul Play|p2a: First Responder
|-resisted|p2a: First Responder
|-damage|p2a: First Responder|68/100
|
|upkeep
|turn|4
|
|t:|1647243634
|switch|p2a: Songbird|Tornadus-Therian, M|100/100
|move|p1a: Mandibuzz|Foul Play|p2a: Songbird
|-crit|p2a: Songbird
|-damage|p2a: Songbird|55/100
|
|upkeep
|turn|5
|
|t:|1647243650
|move|p2a: Songbird|Icy Wind|p1a: Mandibuzz
|-supereffective|p1a: Mandibuzz
|-damage|p1a: Mandibuzz|38/100
|-unboost|p1a: Mandibuzz|spe|1
|move|p1a: Mandibuzz|Roost|p1a: Mandibuzz
|-heal|p1a: Mandibuzz|88/100
|-singleturn|p1a: Mandibuzz|move: Roost
|
|upkeep
|turn|6
|
|t:|1647243659
|move|p2a: Songbird|U-turn|p1a: Mandibuzz
|-damage|p1a: Mandibuzz|80/100
|j| Ctannn
|
|t:|1647243662
|switch|p2a: First Responder|Bisharp, F|68/100|[from]move: U-turn
|move|p1a: Mandibuzz|Toxic|p2a: First Responder
|-immune|p2a: First Responder
|
|upkeep
|turn|7
|
|t:|1647243668
|move|p2a: First Responder|Iron Head|p1a: Mandibuzz
|-crit|p1a: Mandibuzz
|-damage|p1a: Mandibuzz|13/100
|cant|p1a: Mandibuzz|flinch
|
|upkeep
|turn|8
|
|t:|1647243675
|switch|p1a: Toxapex|Toxapex, F|100/100
|move|p2a: First Responder|Iron Head|p1a: Toxapex
|-resisted|p1a: Toxapex
|-damage|p1a: Toxapex|79/100
|-damage|p2a: First Responder|51/100|[from] item: Rocky Helmet|[of] p1a: Toxapex
|
|upkeep
|turn|9
|
|t:|1647243702
|switch|p2a: Wetlands|Swampert, F|100/100 tox
|switch|p1a: Mandibuzz|Mandibuzz, F|13/100
|
|-damage|p2a: Wetlands|94/100 tox|[from] psn
|upkeep
|turn|10
|inactive|Battle timer is ON: inactive players will automatically lose when time's up. (requested by Maitredouard2)
|
|t:|1647243711
|move|p1a: Mandibuzz|Roost|p1a: Mandibuzz
|-heal|p1a: Mandibuzz|63/100
|-singleturn|p1a: Mandibuzz|move: Roost
|move|p2a: Wetlands|Flip Turn|p1a: Mandibuzz
|-damage|p1a: Mandibuzz|48/100
|
|t:|1647243725
|switch|p2a: Forest Fire|Victini|100/100|[from]move: Flip Turn
|
|upkeep
|turn|11
|l| Ctannn
|
|t:|1647243734
|switch|p1a: Heatran|Heatran, M|100/100
|-item|p1a: Heatran|Air Balloon
|move|p2a: Forest Fire|Bolt Strike|p1a: Heatran
|-damage|p1a: Heatran|67/100
|-enditem|p1a: Heatran|Air Balloon
|
|upkeep
|turn|12
|
|t:|1647243742
|move|p2a: Forest Fire|U-turn|p1a: Heatran
|-resisted|p1a: Heatran
|-damage|p1a: Heatran|63/100
|
|t:|1647243745
|switch|p2a: Wetlands|Swampert, F|94/100 tox|[from]move: U-turn
|move|p1a: Heatran|Magma Storm|p2a: Wetlands
|-resisted|p2a: Wetlands
|-damage|p2a: Wetlands|75/100 tox
|-activate|p2a: Wetlands|move: Magma Storm|[of] p1a: Heatran
|
|-heal|p2a: Wetlands|81/100 tox|[from] item: Leftovers
|-damage|p2a: Wetlands|75/100 tox|[from] psn
|-damage|p2a: Wetlands|63/100 tox|[from] move: Magma Storm|[partiallytrapped]
|upkeep
|turn|13
|j| LT_Alt1
|
|t:|1647243757
|move|p1a: Heatran|Earth Power|p2a: Wetlands
|-damage|p2a: Wetlands|39/100 tox
|move|p2a: Wetlands|Flip Turn|p1a: Heatran
|-supereffective|p1a: Heatran
|-damage|p1a: Heatran|24/100
|j| RainSpam101
|
|t:|1647243764
|switch|p2a: Litter|Kartana|100/100|[from]move: Flip Turn
|
|upkeep
|turn|14
|
|t:|1647243775
|move|p2a: Litter|Knock Off|p1a: Heatran
|-damage|p1a: Heatran|0 fnt
|faint|p1a: Heatran
|-ability|p2a: Litter|Beast Boost|boost
|-boost|p2a: Litter|atk|1
|
|upkeep
|inactive|Maitredouard2 has 120 seconds left.
|
|t:|1647243808
|switch|p1a: Mandibuzz|Mandibuzz, F|48/100
|turn|15
|
|t:|1647243812
|move|p2a: Litter|Knock Off|p1a: Mandibuzz
|-resisted|p1a: Mandibuzz
|-damage|p1a: Mandibuzz|28/100
|-enditem|p1a: Mandibuzz|Heavy-Duty Boots|[from] move: Knock Off|[of] p2a: Litter
|move|p1a: Mandibuzz|Roost|p1a: Mandibuzz
|-heal|p1a: Mandibuzz|78/100
|-singleturn|p1a: Mandibuzz|move: Roost
|
|upkeep
|turn|16
|
|t:|1647243825
|switch|p2a: First Responder|Bisharp, F|51/100
|move|p1a: Mandibuzz|Foul Play|p2a: First Responder
|-resisted|p2a: First Responder
|-damage|p2a: First Responder|20/100
|
|upkeep
|turn|17
|
|t:|1647243833
|move|p2a: First Responder|Iron Head|p1a: Mandibuzz
|-damage|p1a: Mandibuzz|31/100
|cant|p1a: Mandibuzz|flinch
|
|upkeep
|turn|18
|
|t:|1647243859
|switch|p2a: Forest Fire|Victini|100/100
|switch|p1a: Toxapex|Toxapex, F|100/100
|
|upkeep
|turn|19
|
|t:|1647243865
|switch|p1a: Landorus|Landorus-Therian, M|100/100
|-ability|p1a: Landorus|Intimidate|boost
|-unboost|p2a: Forest Fire|atk|1
|move|p2a: Forest Fire|Bolt Strike|p1a: Landorus
|-immune|p1a: Landorus
|
|upkeep
|turn|20
|
|t:|1647243873
|switch|p2a: Songbird|Tornadus-Therian, M|89/100
|move|p1a: Landorus|U-turn|p2a: Songbird
|-resisted|p2a: Songbird
|-damage|p2a: Songbird|76/100
|
|t:|1647243878
|switch|p1a: Tapu Lele|Tapu Lele|100/100|[from]move: U-turn
|-fieldstart|move: Psychic Terrain|[from] ability: Psychic Surge|[of] p1a: Tapu Lele
|
|upkeep
|turn|21
|
|t:|1647243884
|move|p2a: Songbird|U-turn|p1a: Tapu Lele
|-damage|p1a: Tapu Lele|78/100
|
|t:|1647243902
|switch|p2a: Wetlands|Swampert, F|39/100 tox|[from]move: U-turn
|move|p1a: Tapu Lele|Psyshock|p2a: Wetlands
|-damage|p2a: Wetlands|0 fnt
|faint|p2a: Wetlands
|
|upkeep
|
|t:|1647243906
|switch|p2a: First Responder|Bisharp, F|20/100
|turn|22
|
|t:|1647243913
|switch|p1a: Toxapex|Toxapex, F|100/100
|move|p2a: First Responder|Knock Off|p1a: Toxapex
|-damage|p1a: Toxapex|50/100
|-damage|p2a: First Responder|4/100|[from] item: Rocky Helmet|[of] p1a: Toxapex
|-enditem|p1a: Toxapex|Rocky Helmet|[from] move: Knock Off|[of] p2a: First Responder
|
|upkeep
|turn|23
|
|t:|1647243922
|switch|p2a: Green Fist|Rillaboom, M|100/100
|-fieldstart|move: Grassy Terrain|[from] ability: Grassy Surge|[of] p2a: Green Fist
|move|p1a: Toxapex|Scald|p2a: Green Fist
|-resisted|p2a: Green Fist
|-damage|p2a: Green Fist|89/100
|-status|p2a: Green Fist|brn
|
|-heal|p2a: Green Fist|95/100 brn|[from] Grassy Terrain
|-heal|p1a: Toxapex|56/100|[from] Grassy Terrain
|-damage|p2a: Green Fist|89/100 brn|[from] brn
|upkeep
|turn|24
|
|t:|1647243935
|switch|p1a: Mandibuzz|Mandibuzz, F|31/100
|move|p2a: Green Fist|Wood Hammer|p1a: Mandibuzz
|-resisted|p1a: Mandibuzz
|-damage|p1a: Mandibuzz|9/100
|-damage|p2a: Green Fist|80/100 brn|[from] Recoil
|
|-heal|p2a: Green Fist|86/100 brn|[from] Grassy Terrain
|-damage|p2a: Green Fist|80/100 brn|[from] brn
|upkeep
|turn|25
|
|t:|1647243948
|move|p2a: Green Fist|Wood Hammer|p1a: Mandibuzz
|-resisted|p1a: Mandibuzz
|-damage|p1a: Mandibuzz|0 fnt
|faint|p1a: Mandibuzz
|-damage|p2a: Green Fist|76/100 brn|[from] Recoil
|
|-heal|p2a: Green Fist|83/100 brn|[from] Grassy Terrain
|-damage|p2a: Green Fist|76/100 brn|[from] brn
|upkeep
|
|t:|1647243948
|switch|p1a: Blissey|Blissey, F|100/100
|turn|26
|l|☆daheatahfajita
|inactive|daheatahfajita disconnected and has a minute to reconnect!
|player|p2|
|j|☆daheatahfajita
|inactive|daheatahfajita reconnected and has 125 seconds left.
|player|p2|daheatahfajita|102
|inactive|daheatahfajita has 120 seconds left.
|
|t:|1647243987
|move|p2a: Green Fist|Wood Hammer|p1a: Blissey
|-damage|p1a: Blissey|45/100
|-damage|p2a: Green Fist|38/100 brn|[from] Recoil
|move|p1a: Blissey|Teleport|p1a: Blissey
|
|t:|1647243993
|switch|p1a: Tapu Lele|Tapu Lele|78/100|[from]move: Teleport
|-fieldstart|move: Psychic Terrain|[from] ability: Psychic Surge|[of] p1a: Tapu Lele
|
|-damage|p2a: Green Fist|32/100 brn|[from] brn
|upkeep
|turn|27
|inactive|daheatahfajita has 120 seconds left.
|
|t:|1647244005
|move|p1a: Tapu Lele|Shadow Ball|p2a: Green Fist
|-damage|p2a: Green Fist|0 fnt
|faint|p2a: Green Fist
|
|upkeep
|
|t:|1647244009
|switch|p2a: Litter|Kartana|100/100
|turn|28
|
|t:|1647244015
|switch|p1a: Toxapex|Toxapex, F|90/100
|move|p2a: Litter|Knock Off|p1a: Toxapex
|-damage|p1a: Toxapex|72/100
|
|upkeep
|turn|29
|
|t:|1647244023
|switch|p2a: Songbird|Tornadus-Therian, M|100/100
|move|p1a: Toxapex|Scald|p2a: Songbird
|-damage|p2a: Songbird|81/100
|
|upkeep
|turn|30
|
|t:|1647244035
|move|p2a: Songbird|Heat Wave|p1a: Toxapex
|-resisted|p1a: Toxapex
|-damage|p1a: Toxapex|62/100
|move|p1a: Toxapex|Scald|p2a: Songbird
|-damage|p2a: Songbird|65/100
|-status|p2a: Songbird|brn
|
|-damage|p2a: Songbird|59/100 brn|[from] brn
|-fieldend|move: Psychic Terrain
|upkeep
|turn|31
|
|t:|1647244045
|move|p2a: Songbird|Heat Wave|p1a: Toxapex
|-resisted|p1a: Toxapex
|-damage|p1a: Toxapex|53/100
|move|p1a: Toxapex|Scald|p2a: Songbird
|-damage|p2a: Songbird|41/100 brn
|
|-damage|p2a: Songbird|35/100 brn|[from] brn
|upkeep
|turn|32
|j| hgrsebsfed
|
|t:|1647244060
|switch|p2a: Forest Fire|Victini|100/100
|move|p1a: Toxapex|Recover|p1a: Toxapex
|-heal|p1a: Toxapex|100/100
|
|upkeep
|turn|33
|
|t:|1647244068
|switch|p1a: Landorus|Landorus-Therian, M|100/100
|-ability|p1a: Landorus|Intimidate|boost
|-unboost|p2a: Forest Fire|atk|1
|move|p2a: Forest Fire|U-turn|p1a: Landorus
|-resisted|p1a: Landorus
|-damage|p1a: Landorus|92/100
|
|t:|1647244076
|switch|p2a: Litter|Kartana|100/100|[from]move: U-turn
|
|upkeep
|turn|34
|
|t:|1647244084
|switch|p1a: Toxapex|Toxapex, F|100/100
|move|p2a: Litter|Leaf Blade|p1a: Toxapex
|-damage|p1a: Toxapex|63/100
|
|upkeep
|turn|35
|
|t:|1647244091
|move|p2a: Litter|Leaf Blade|p1a: Toxapex
|-damage|p1a: Toxapex|28/100
|move|p1a: Toxapex|Recover|p1a: Toxapex
|-heal|p1a: Toxapex|78/100
|
|upkeep
|turn|36
|
|t:|1647244098
|switch|p2a: Forest Fire|Victini|100/100
|move|p1a: Toxapex|Recover|p1a: Toxapex
|-heal|p1a: Toxapex|100/100
|
|upkeep
|turn|37
|
|t:|1647244114
|move|p2a: Forest Fire|Will-O-Wisp|p1a: Toxapex
|-status|p1a: Toxapex|brn
|move|p1a: Toxapex|Scald|p2a: Forest Fire
|-supereffective|p2a: Forest Fire
|-damage|p2a: Forest Fire|65/100
|
|-damage|p1a: Toxapex|94/100 brn|[from] brn
|upkeep
|turn|38
|
|t:|1647244124
|move|p2a: Forest Fire|Bolt Strike|p1a: Toxapex
|-supereffective|p1a: Toxapex
|-damage|p1a: Toxapex|51/100 brn
|move|p1a: Toxapex|Scald|p2a: Forest Fire
|-supereffective|p2a: Forest Fire
|-damage|p2a: Forest Fire|33/100
|
|-damage|p1a: Toxapex|45/100 brn|[from] brn
|upkeep
|turn|39
|
|t:|1647244139
|switch|p1a: Landorus|Landorus-Therian, M|92/100
|-ability|p1a: Landorus|Intimidate|boost
|-unboost|p2a: Forest Fire|atk|1
|move|p2a: Forest Fire|Bolt Strike|p1a: Landorus
|-immune|p1a: Landorus
|
|upkeep
|turn|40
|
|t:|1647244147
|move|p1a: Landorus|Stone Edge|p2a: Forest Fire
|-supereffective|p2a: Forest Fire
|-crit|p2a: Forest Fire
|-damage|p2a: Forest Fire|0 fnt
|faint|p2a: Forest Fire
|
|upkeep
|
|t:|1647244150
|switch|p2a: Litter|Kartana|100/100
|turn|41
|
|t:|1647244156
|switch|p1a: Blissey|Blissey, F|45/100
|move|p2a: Litter|Leaf Blade|p1a: Blissey
|-damage|p1a: Blissey|0 fnt
|faint|p1a: Blissey
|-ability|p2a: Litter|Beast Boost|boost
|-boost|p2a: Litter|atk|1
|
|upkeep
|
|t:|1647244165
|switch|p1a: Landorus|Landorus-Therian, M|92/100
|-ability|p1a: Landorus|Intimidate|boost
|-unboost|p2a: Litter|atk|1
|turn|42
|
|t:|1647244170
|switch|p1a: Toxapex|Toxapex, F|78/100 brn
|move|p2a: Litter|Leaf Blade|p1a: Toxapex
|-damage|p1a: Toxapex|40/100 brn
|
|-damage|p1a: Toxapex|34/100 brn|[from] brn
|upkeep
|turn|43
|
|t:|1647244178
|switch|p1a: Landorus|Landorus-Therian, M|92/100
|-ability|p1a: Landorus|Intimidate|boost
|-unboost|p2a: Litter|atk|1
|move|p2a: Litter|Leaf Blade|p1a: Landorus
|-damage|p1a: Landorus|49/100
|
|upkeep
|turn|44
|inactive|Maitredouard2 has 120 seconds left.
|
|t:|1647244231
|switch|p2a: First Responder|Bisharp, F|4/100
|move|p1a: Landorus|U-turn|p2a: First Responder
|-damage|p2a: First Responder|0 fnt
|faint|p2a: First Responder
|l| RainSpam101
|
|t:|1647244241
|switch|p1a: Toxapex|Toxapex, F|67/100 brn|[from]move: U-turn
|
|-damage|p1a: Toxapex|61/100 brn|[from] brn
|upkeep
|
|t:|1647244246
|switch|p2a: Litter|Kartana|100/100
|turn|45
|
|t:|1647244251
|move|p2a: Litter|Leaf Blade|p1a: Toxapex
|-damage|p1a: Toxapex|25/100 brn
|move|p1a: Toxapex|Recover|p1a: Toxapex
|-heal|p1a: Toxapex|75/100 brn
|
|-damage|p1a: Toxapex|68/100 brn|[from] brn
|upkeep
|turn|46
|
|t:|1647244261
|move|p2a: Litter|Leaf Blade|p1a: Toxapex
|-damage|p1a: Toxapex|35/100 brn
|move|p1a: Toxapex|Recover|p1a: Toxapex
|-heal|p1a: Toxapex|85/100 brn
|
|-damage|p1a: Toxapex|78/100 brn|[from] brn
|upkeep
|turn|47
|
|t:|1647244277
|move|p2a: Litter|Leaf Blade|p1a: Toxapex
|-damage|p1a: Toxapex|42/100 brn
|move|p1a: Toxapex|Scald|p2a: Litter
|-resisted|p2a: Litter
|-damage|p2a: Litter|75/100
|
|-damage|p1a: Toxapex|35/100 brn|[from] brn
|upkeep
|turn|48
|inactive|Maitredouard2 has 120 seconds left.
|
|t:|1647244287
|switch|p1a: Landorus|Landorus-Therian, M|49/100
|-ability|p1a: Landorus|Intimidate|boost
|-unboost|p2a: Litter|atk|1
|move|p2a: Litter|Leaf Blade|p1a: Landorus
|-damage|p1a: Landorus|5/100
|
|upkeep
|turn|49
|
|t:|1647244298
|move|p2a: Litter|Leaf Blade|p1a: Landorus
|-damage|p1a: Landorus|0 fnt
|faint|p1a: Landorus
|-ability|p2a: Litter|Beast Boost|boost
|-boost|p2a: Litter|atk|1
|
|upkeep
|
|t:|1647244306
|switch|p1a: Tapu Lele|Tapu Lele|78/100
|-fieldstart|move: Psychic Terrain|[from] ability: Psychic Surge|[of] p1a: Tapu Lele
|turn|50
|
|t:|1647244314
|move|p2a: Litter|Leaf Blade|p1a: Tapu Lele
|-crit|p1a: Tapu Lele
|-damage|p1a: Tapu Lele|0 fnt
|faint|p1a: Tapu Lele
|-ability|p2a: Litter|Beast Boost|boost
|-boost|p2a: Litter|atk|1
|
|upkeep
|-message|Maitredouard2 forfeited.
|
|win|daheatahfajita
|raw|Maitredouard2's rating: 1611 &rarr; <strong>1589</strong><br />(-22 for losing)
|raw|daheatahfajita's rating: 1584 &rarr; <strong>1606</strong><br />(+22 for winning)
|l|☆Maitredouard2
|c|☆daheatahfajita|how
|c|☆daheatahfajita|do you throw
