|j|☆d18l
|j|☆Armandeoxys
|t:|1660356357
|gametype|singles
|player|p1|d18l|backpacker|1707
|player|p2|Armandeoxys|2|1782
|teamsize|p1|6
|teamsize|p2|6
|gen|8
|tier|[Gen 8] OU
|rated|
|rule|Sleep Clause Mod: Limit one foe put to sleep
|rule|Species Clause: Limit one of each Pokémon
|rule|OHKO Clause: OHKO moves are banned
|rule|Evasion Items Clause: Evasion items are banned
|rule|Evasion Moves Clause: Evasion moves are banned
|rule|Endless Battle Clause: Forcing endless battles is banned
|rule|HP Percentage Mod: HP is shown in percentages
|rule|Dynamax Clause: You cannot dynamax
|clearpoke
|poke|p1|Tapu Koko|
|poke|p1|Victini|
|poke|p1|Landorus-Therian, M|
|poke|p1|Tornadus-Therian, M|
|poke|p1|Rotom-Wash|
|poke|p1|Ferrothorn, F|
|poke|p2|Blissey, F|
|poke|p2|Slowbro, F|
|poke|p2|Rillaboom, F|
|poke|p2|Melmetal|
|poke|p2|Kartana|
|poke|p2|Magnezone|
|teampreview
|j| CB Bhris Breezy
|inactive|Battle timer is ON: inactive players will automatically lose when time's up. (requested by Armandeoxys)
|j| Marshmellow.OwO
|
|t:|1660356375
|start
|switch|p1a: Victini|Victini|100/100
|switch|p2a: Blissey|Blissey, F|100/100
|turn|1
|
|t:|1660356381
|move|p1a: Victini|Taunt|p2a: Blissey
|-start|p2a: Blissey|move: Taunt
|cant|p2a: Blissey|move: Taunt|Stealth Rock
|
|upkeep
|turn|2
|
|t:|1660356386
|switch|p2a: Slowbro|Slowbro, F|100/100
|move|p1a: Victini|U-turn|p2a: Slowbro
|-supereffective|p2a: Slowbro
|-crit|p2a: Slowbro
|-damage|p2a: Slowbro|67/100
|-damage|p1a: Victini|84/100|[from] item: Rocky Helmet|[of] p2a: Slowbro
|
|t:|1660356388
|switch|p1a: Tapu Koko|Tapu Koko|100/100|[from]move: U-turn
|-fieldstart|move: Electric Terrain|[from] ability: Electric Surge|[of] p1a: Tapu Koko
|
|upkeep
|turn|3
|
|t:|1660356395
|switch|p2a: Blissey|Blissey, F|100/100
|move|p1a: Tapu Koko|Volt Switch|p2a: Blissey
|-damage|p2a: Blissey|78/100
|
|t:|1660356397
|switch|p1a: Victini|Victini|84/100|[from]move: Volt Switch
|
|upkeep
|turn|4
|
|t:|1660356400
|switch|p2a: Slowbro|Slowbro, F|99/100
|move|p1a: Victini|Bolt Strike|p2a: Slowbro
|-supereffective|p2a: Slowbro
|-damage|p2a: Slowbro|42/100
|-damage|p1a: Victini|68/100|[from] item: Rocky Helmet|[of] p2a: Slowbro
|
|upkeep
|turn|5
|
|t:|1660356408
|switch|p2a: Kartana|Kartana|100/100
|move|p1a: Victini|Bolt Strike|p2a: Kartana
|-resisted|p2a: Kartana
|-damage|p2a: Kartana|77/100
|
|upkeep
|turn|6
|
|t:|1660356413
|switch|p1a: Tornadus|Tornadus-Therian, M|100/100
|move|p2a: Kartana|Knock Off|p1a: Tornadus
|-damage|p1a: Tornadus|57/100
|-enditem|p1a: Tornadus|Assault Vest|[from] move: Knock Off|[of] p2a: Kartana
|
|-fieldend|move: Electric Terrain
|upkeep
|turn|7
|
|t:|1660356424
|move|p2a: Kartana|Knock Off|p1a: Tornadus
|-damage|p1a: Tornadus|27/100
|move|p1a: Tornadus|Knock Off|p2a: Kartana
|-damage|p2a: Kartana|57/100
|-enditem|p2a: Kartana|Choice Scarf|[from] move: Knock Off|[of] p1a: Tornadus
|
|upkeep
|turn|8
|
|t:|1660356445
|move|p1a: Tornadus|U-turn|p2a: Kartana
|-damage|p2a: Kartana|41/100
|
|t:|1660356449
|switch|p1a: Ferrothorn|Ferrothorn, F|100/100|[from]move: U-turn
|move|p2a: Kartana|Knock Off|p1a: Ferrothorn
|-damage|p1a: Ferrothorn|75/100
|-damage|p2a: Kartana|28/100|[from] ability: Iron Barbs|[of] p1a: Ferrothorn
|-damage|p2a: Kartana|12/100|[from] item: Rocky Helmet|[of] p1a: Ferrothorn
|-enditem|p1a: Ferrothorn|Rocky Helmet|[from] move: Knock Off|[of] p2a: Kartana
|
|upkeep
|turn|9
|
|t:|1660356452
|switch|p2a: Magnezone|Magnezone|100/100
|switch|p1a: Tornadus|Tornadus-Therian, M|60/100
|
|upkeep
|turn|10
|
|t:|1660356455
|switch|p1a: Landorus|Landorus-Therian, M|100/100
|-ability|p1a: Landorus|Intimidate|boost
|-unboost|p2a: Magnezone|atk|1
|move|p2a: Magnezone|Thunderbolt|p1a: Landorus
|-immune|p1a: Landorus
|
|upkeep
|turn|11
|
|t:|1660356462
|switch|p2a: Rillaboom|Rillaboom, F|100/100
|-fieldstart|move: Grassy Terrain|[from] ability: Grassy Surge|[of] p2a: Rillaboom
|move|p1a: Landorus|Earthquake|p2a: Rillaboom
|-resisted|p2a: Rillaboom
|-damage|p2a: Rillaboom|86/100
|
|-heal|p2a: Rillaboom|93/100|[from] Grassy Terrain
|upkeep
|turn|12
|j| SarcTechie
|
|t:|1660356469
|switch|p1a: Ferrothorn|Ferrothorn, F|75/100
|move|p2a: Rillaboom|Wood Hammer|p1a: Ferrothorn
|-resisted|p1a: Ferrothorn
|-damage|p1a: Ferrothorn|58/100
|-damage|p2a: Rillaboom|80/100|[from] ability: Iron Barbs|[of] p1a: Ferrothorn
|-damage|p2a: Rillaboom|74/100|[from] Recoil
|
|-heal|p2a: Rillaboom|81/100|[from] Grassy Terrain
|-heal|p1a: Ferrothorn|64/100|[from] Grassy Terrain
|upkeep
|turn|13
|j| TOJK
|
|t:|1660356491
|switch|p1a: Tornadus|Tornadus-Therian, M|93/100
|move|p2a: Rillaboom|Wood Hammer|p1a: Tornadus
|-resisted|p1a: Tornadus
|-damage|p1a: Tornadus|29/100
|-damage|p2a: Rillaboom|58/100|[from] Recoil
|
|-heal|p2a: Rillaboom|64/100|[from] Grassy Terrain
|upkeep
|turn|14
|inactive|d18l has 120 seconds left.
|
|t:|1660356512
|switch|p2a: Blissey|Blissey, F|78/100
|move|p1a: Tornadus|Hurricane|p2a: Blissey|[miss]
|-miss|p1a: Tornadus|p2a: Blissey
|
|-heal|p2a: Blissey|84/100|[from] Grassy Terrain
|upkeep
|turn|15
|
|t:|1660356524
|move|p1a: Tornadus|Knock Off|p2a: Blissey
|-damage|p2a: Blissey|67/100
|-enditem|p2a: Blissey|Heavy-Duty Boots|[from] move: Knock Off|[of] p1a: Tornadus
|move|p2a: Blissey|Teleport|p2a: Blissey
|
|t:|1660356526
|switch|p2a: Melmetal|Melmetal|100/100|[from]move: Teleport
|
|-fieldend|move: Grassy Terrain
|upkeep
|turn|16
|
|t:|1660356530
|move|p1a: Tornadus|U-turn|p2a: Melmetal
|-resisted|p2a: Melmetal
|-damage|p2a: Melmetal|97/100
|
|t:|1660356532
|switch|p1a: Rotom|Rotom-Wash|100/100|[from]move: U-turn
|move|p2a: Melmetal|Double Iron Bash|p1a: Rotom
|-resisted|p1a: Rotom
|-damage|p1a: Rotom|85/100
|-damage|p2a: Melmetal|80/100|[from] item: Rocky Helmet|[of] p1a: Rotom
|-resisted|p1a: Rotom
|-damage|p1a: Rotom|70/100
|-damage|p2a: Melmetal|64/100|[from] item: Rocky Helmet|[of] p1a: Rotom
|-hitcount|p1a: Rotom|2
|
|upkeep
|turn|17
|
|t:|1660356557
|move|p1a: Rotom|Volt Switch|p2a: Melmetal
|-damage|p2a: Melmetal|38/100
|
|t:|1660356565
|switch|p1a: Ferrothorn|Ferrothorn, F|64/100|[from]move: Volt Switch
|move|p2a: Melmetal|Double Iron Bash|p1a: Ferrothorn
|-resisted|p1a: Ferrothorn
|-damage|p1a: Ferrothorn|46/100
|-damage|p2a: Melmetal|26/100|[from] ability: Iron Barbs|[of] p1a: Ferrothorn
|-resisted|p1a: Ferrothorn
|-crit|p1a: Ferrothorn
|-damage|p1a: Ferrothorn|19/100
|-damage|p2a: Melmetal|13/100|[from] ability: Iron Barbs|[of] p1a: Ferrothorn
|-hitcount|p1a: Ferrothorn|2
|
|upkeep
|turn|18
|
|t:|1660356570
|switch|p1a: Rotom|Rotom-Wash|70/100
|move|p2a: Melmetal|Double Iron Bash|p1a: Rotom
|-resisted|p1a: Rotom
|-damage|p1a: Rotom|54/100
|-damage|p2a: Melmetal|0 fnt|[from] item: Rocky Helmet|[of] p1a: Rotom
|faint|p2a: Melmetal
|-hitcount|p1a: Rotom|1
|
|upkeep
|
|t:|1660356574
|switch|p2a: Kartana|Kartana|12/100
|turn|19
|
|t:|1660356576
|switch|p1a: Ferrothorn|Ferrothorn, F|19/100
|move|p2a: Kartana|Leaf Blade|p1a: Ferrothorn
|-resisted|p1a: Ferrothorn
|-damage|p1a: Ferrothorn|11/100
|-damage|p2a: Kartana|0 fnt|[from] ability: Iron Barbs|[of] p1a: Ferrothorn
|faint|p2a: Kartana
|
|upkeep
|
|t:|1660356580
|switch|p2a: Magnezone|Magnezone|100/100
|turn|20
|
|t:|1660356581
|move|p2a: Magnezone|Substitute|p2a: Magnezone
|-start|p2a: Magnezone|Substitute
|-damage|p2a: Magnezone|76/100
|move|p1a: Ferrothorn|Stealth Rock|p2a: Magnezone
|-sidestart|p2: Armandeoxys|move: Stealth Rock
|
|-heal|p2a: Magnezone|82/100|[from] item: Leftovers
|upkeep
|turn|21
|
|t:|1660356583
|move|p2a: Magnezone|Iron Defense|p2a: Magnezone
|-boost|p2a: Magnezone|def|2
|move|p1a: Ferrothorn|Body Press|p2a: Magnezone
|-supereffective|p2a: Magnezone
|-end|p2a: Magnezone|Substitute
|
|-heal|p2a: Magnezone|88/100|[from] item: Leftovers
|upkeep
|turn|22
|
|t:|1660356586
|move|p2a: Magnezone|Iron Defense|p2a: Magnezone
|-boost|p2a: Magnezone|def|2
|move|p1a: Ferrothorn|Body Press|p2a: Magnezone
|-supereffective|p2a: Magnezone
|-damage|p2a: Magnezone|68/100
|
|-heal|p2a: Magnezone|75/100|[from] item: Leftovers
|upkeep
|turn|23
|
|t:|1660356588
|move|p2a: Magnezone|Substitute|p2a: Magnezone
|-start|p2a: Magnezone|Substitute
|-damage|p2a: Magnezone|50/100
|move|p1a: Ferrothorn|Body Press|p2a: Magnezone
|-supereffective|p2a: Magnezone
|-activate|p2a: Magnezone|move: Substitute|[damage]
|
|-heal|p2a: Magnezone|56/100|[from] item: Leftovers
|upkeep
|turn|24
|
|t:|1660356590
|move|p2a: Magnezone|Iron Defense|p2a: Magnezone
|-boost|p2a: Magnezone|def|2
|move|p1a: Ferrothorn|Body Press|p2a: Magnezone
|-supereffective|p2a: Magnezone
|-end|p2a: Magnezone|Substitute
|
|-heal|p2a: Magnezone|62/100|[from] item: Leftovers
|upkeep
|turn|25
|
|t:|1660356595
|move|p2a: Magnezone|Substitute|p2a: Magnezone
|-start|p2a: Magnezone|Substitute
|-damage|p2a: Magnezone|37/100
|move|p1a: Ferrothorn|Body Press|p2a: Magnezone
|-supereffective|p2a: Magnezone
|-activate|p2a: Magnezone|move: Substitute|[damage]
|
|-heal|p2a: Magnezone|43/100|[from] item: Leftovers
|upkeep
|turn|26
|
|t:|1660356597
|move|p2a: Magnezone|Thunderbolt|p1a: Ferrothorn
|-resisted|p1a: Ferrothorn
|-damage|p1a: Ferrothorn|0 fnt
|faint|p1a: Ferrothorn
|
|-heal|p2a: Magnezone|49/100|[from] item: Leftovers
|upkeep
|j| amogusroxyrrrr
|j| darkforward
|
|t:|1660356619
|switch|p1a: Rotom|Rotom-Wash|54/100
|turn|27
|
|t:|1660356621
|move|p2a: Magnezone|Body Press|p1a: Rotom
|-damage|p1a: Rotom|0 fnt
|-damage|p2a: Magnezone|33/100|[from] item: Rocky Helmet|[of] p1a: Rotom
|faint|p1a: Rotom
|
|-heal|p2a: Magnezone|39/100|[from] item: Leftovers
|upkeep
|
|t:|1660356631
|switch|p1a: Landorus|Landorus-Therian, M|100/100
|-ability|p1a: Landorus|Intimidate|boost
|-immune|p2a: Magnezone
|turn|28
|
|t:|1660356633
|move|p1a: Landorus|Earthquake|p2a: Magnezone
|-supereffective|p2a: Magnezone
|-end|p2a: Magnezone|Substitute
|move|p2a: Magnezone|Body Press|p1a: Landorus
|-resisted|p1a: Landorus
|-damage|p1a: Landorus|52/100
|
|-heal|p1a: Landorus|58/100|[from] item: Leftovers
|-heal|p2a: Magnezone|45/100|[from] item: Leftovers
|upkeep
|turn|29
|
|t:|1660356638
|switch|p2a: Rillaboom|Rillaboom, F|64/100
|-damage|p2a: Rillaboom|52/100|[from] Stealth Rock
|-fieldstart|move: Grassy Terrain|[from] ability: Grassy Surge|[of] p2a: Rillaboom
|move|p1a: Landorus|Earthquake|p2a: Rillaboom
|-resisted|p2a: Rillaboom
|-damage|p2a: Rillaboom|40/100
|
|-heal|p2a: Rillaboom|46/100|[from] Grassy Terrain
|-heal|p1a: Landorus|64/100|[from] item: Leftovers
|upkeep
|turn|30
|inactive|d18l has 120 seconds left.
|inactive|d18l has 90 seconds left.
|
|t:|1660356700
|move|p2a: Rillaboom|Wood Hammer|p1a: Landorus
|-damage|p1a: Landorus|0 fnt
|faint|p1a: Landorus
|-damage|p2a: Rillaboom|22/100|[from] Recoil
|
|-heal|p2a: Rillaboom|29/100|[from] Grassy Terrain
|upkeep
|inactive|d18l has 90 seconds left.
|
|t:|1660356717
|switch|p1a: Tapu Koko|Tapu Koko|100/100
|-fieldstart|move: Electric Terrain|[from] ability: Electric Surge|[of] p1a: Tapu Koko
|turn|31
|
|t:|1660356719
|switch|p2a: Blissey|Blissey, F|67/100
|-damage|p2a: Blissey|54/100|[from] Stealth Rock
|move|p1a: Tapu Koko|Volt Switch|p2a: Blissey
|-damage|p2a: Blissey|32/100
|
|t:|1660356722
|switch|p1a: Victini|Victini|68/100|[from]move: Volt Switch
|
|upkeep
|turn|32
|j| YuJiu
|inactive|d18l has 90 seconds left.
|l| YuJiu
|
|t:|1660356739
|switch|p2a: Slowbro|Slowbro, F|75/100
|-damage|p2a: Slowbro|63/100|[from] Stealth Rock
|move|p1a: Victini|Bolt Strike|p2a: Slowbro
|-supereffective|p2a: Slowbro
|-damage|p2a: Slowbro|7/100
|-status|p2a: Slowbro|par
|-damage|p1a: Victini|51/100|[from] item: Rocky Helmet|[of] p2a: Slowbro
|
|upkeep
|turn|33
|inactive|d18l has 90 seconds left.
|
|t:|1660356750
|move|p1a: Victini|U-turn|p2a: Slowbro
|-supereffective|p2a: Slowbro
|-damage|p2a: Slowbro|0 fnt
|-damage|p1a: Victini|35/100|[from] item: Rocky Helmet|[of] p2a: Slowbro
|faint|p2a: Slowbro
|
|t:|1660356752
|switch|p1a: Tornadus|Tornadus-Therian, M|62/100|[from]move: U-turn
|
|upkeep
|
|t:|1660356754
|switch|p2a: Blissey|Blissey, F|32/100
|-damage|p2a: Blissey|20/100|[from] Stealth Rock
|turn|34
|inactive|d18l has 90 seconds left.
|
|t:|1660356778
|move|p1a: Tornadus|U-turn|p2a: Blissey
|-damage|p2a: Blissey|8/100
|
|t:|1660356780
|switch|p1a: Victini|Victini|35/100|[from]move: U-turn
|move|p2a: Blissey|Soft-Boiled|p2a: Blissey
|-heal|p2a: Blissey|58/100
|
|upkeep
|turn|35
|
|t:|1660356785
|switch|p2a: Magnezone|Magnezone|45/100
|-damage|p2a: Magnezone|39/100|[from] Stealth Rock
|move|p1a: Victini|V-create|p2a: Magnezone
|-supereffective|p2a: Magnezone
|-damage|p2a: Magnezone|0 fnt
|-unboost|p1a: Victini|spe|1
|-unboost|p1a: Victini|def|1
|-unboost|p1a: Victini|spd|1
|faint|p2a: Magnezone
|
|-fieldend|move: Electric Terrain
|upkeep
|
|t:|1660356787
|switch|p2a: Rillaboom|Rillaboom, F|29/100
|-damage|p2a: Rillaboom|16/100|[from] Stealth Rock
|-fieldstart|move: Grassy Terrain|[from] ability: Grassy Surge|[of] p2a: Rillaboom
|turn|36
|
|t:|1660356796
|switch|p1a: Tornadus|Tornadus-Therian, M|95/100
|move|p2a: Rillaboom|U-turn|p1a: Tornadus
|-resisted|p1a: Tornadus
|-damage|p1a: Tornadus|73/100
|
|t:|1660356797
|switch|p2a: Blissey|Blissey, F|58/100|[from]move: U-turn
|-damage|p2a: Blissey|46/100|[from] Stealth Rock
|
|-heal|p2a: Blissey|52/100|[from] Grassy Terrain
|upkeep
|turn|37
|
|t:|1660356803
|move|p1a: Tornadus|U-turn|p2a: Blissey
|-crit|p2a: Blissey
|-damage|p2a: Blissey|34/100
|
|t:|1660356804
|switch|p1a: Victini|Victini|35/100|[from]move: U-turn
|move|p2a: Blissey|Soft-Boiled|p2a: Blissey
|-heal|p2a: Blissey|84/100
|
|-heal|p1a: Victini|41/100|[from] Grassy Terrain
|-heal|p2a: Blissey|91/100|[from] Grassy Terrain
|upkeep
|turn|38
|
|t:|1660356809
|move|p1a: Victini|Taunt|p2a: Blissey
|-start|p2a: Blissey|move: Taunt
|cant|p2a: Blissey|move: Taunt|Soft-Boiled
|
|-heal|p1a: Victini|47/100|[from] Grassy Terrain
|-heal|p2a: Blissey|97/100|[from] Grassy Terrain
|upkeep
|turn|39
|
|t:|1660356811
|move|p1a: Victini|V-create|p2a: Blissey
|-damage|p2a: Blissey|32/100
|-unboost|p1a: Victini|spe|1
|-unboost|p1a: Victini|def|1
|-unboost|p1a: Victini|spd|1
|move|p2a: Blissey|Seismic Toss|p1a: Victini
|-damage|p1a: Victini|18/100
|
|-heal|p1a: Victini|24/100|[from] Grassy Terrain
|-heal|p2a: Blissey|38/100|[from] Grassy Terrain
|upkeep
|turn|40
|-message|Armandeoxys forfeited.
|
|win|d18l
|raw|d18l's rating: 1707 &rarr; <strong>1731</strong><br />(+24 for winning)
|raw|Armandeoxys's rating: 1782 &rarr; <strong>1758</strong><br />(-24 for losing)
|l|☆Armandeoxys
|j|☆Armandeoxys
|player|p2|Armandeoxys|2
|l| amogusroxyrrrr
|l|☆Armandeoxys
|player|p2|
|l|☆d18l
|l| SarcTechie
||Ladder isn't responding, score probably updated but might not have (Request timeout).
|l| Marshmellow.OwO
