|j|☆Bunch24
|j|☆c3720
|t:|1642990718
|gametype|singles
|player|p1|Bunch24|102|1678
|player|p2|c3720|101|1672
|teamsize|p1|6
|teamsize|p2|6
|gen|8
|tier|[Gen 8] OU
|rated|
|rule|Sleep Clause Mod: Limit one foe put to sleep
|rule|Species Clause: Limit one of each Pokémon
|rule|OHKO Clause: OHKO moves are banned
|rule|Evasion Moves Clause: Evasion moves are banned
|rule|Endless Battle Clause: Forcing endless battles is banned
|rule|HP Percentage Mod: HP is shown in percentages
|rule|Dynamax Clause: You cannot dynamax
|clearpoke
|poke|p1|Zoroark, M|
|poke|p1|Landorus-Therian, M|
|poke|p1|Corviknight, F|
|poke|p1|Tapu Lele|
|poke|p1|Urshifu-*, M|
|poke|p1|Garchomp, M|
|poke|p2|Necrozma|
|poke|p2|Grimmsnarl, M|
|poke|p2|Zapdos-Galar|
|poke|p2|Gyarados, M|
|poke|p2|Lucario, F|
|poke|p2|Regieleki|
|teampreview
|j| stonium
|inactive|Battle timer is ON: inactive players will automatically lose when time's up. (requested by c3720)
|
|t:|1642990803
|start
|switch|p1a: Tapu Lele|Tapu Lele|100/100
|switch|p2a: Necrozma|Necrozma|100/100
|-fieldstart|move: Psychic Terrain|[from] ability: Psychic Surge|[of] p1a: Tapu Lele
|turn|1
|
|t:|1642990815
|move|p1a: Tapu Lele|Moonblast|p2a: Necrozma
|-damage|p2a: Necrozma|43/100
|-unboost|p2a: Necrozma|spa|1
|move|p2a: Necrozma|Meteor Beam||[still]
|-prepare|p2a: Necrozma|Meteor Beam
|-boost|p2a: Necrozma|spa|1
|-enditem|p2a: Necrozma|Power Herb
|-anim|p2a: Necrozma|Meteor Beam|p1a: Tapu Lele
|-damage|p1a: Tapu Lele|60/100
|
|upkeep
|turn|2
|
|t:|1642990821
|move|p1a: Tapu Lele|Moonblast|p2a: Necrozma
|-damage|p2a: Necrozma|0 fnt
|faint|p2a: Necrozma
|
|upkeep
|
|t:|1642990842
|switch|p2a: Regieleki|Regieleki|100/100
|turn|3
|
|t:|1642990846
|move|p2a: Regieleki|Wild Charge|p1a: Tapu Lele
|-damage|p1a: Tapu Lele|0 fnt
|faint|p1a: Tapu Lele
|-damage|p2a: Regieleki|87/100|[from] Recoil
|-damage|p2a: Regieleki|77/100|[from] item: Life Orb
|
|upkeep
|
|t:|1642990851
|switch|p1a: Garchomp|Garchomp, M|100/100
|turn|4
|
|t:|1642990858
|switch|p2a: Grimmsnarl|Grimmsnarl, M|100/100
|move|p1a: Garchomp|Swords Dance|p1a: Garchomp
|-boost|p1a: Garchomp|atk|2
|
|upkeep
|turn|5
|
|t:|1642990866
|move|p2a: Grimmsnarl|Reflect|p2a: Grimmsnarl
|-sidestart|p2: c3720|Reflect
|move|p1a: Garchomp|Earthquake|p2a: Grimmsnarl
|-damage|p2a: Grimmsnarl|13/100
|-damage|p1a: Garchomp|91/100|[from] item: Life Orb
|
|-fieldend|move: Psychic Terrain
|upkeep
|turn|6
|
|t:|1642990870
|move|p2a: Grimmsnarl|Light Screen|p2a: Grimmsnarl
|-sidestart|p2: c3720|move: Light Screen
|move|p1a: Garchomp|Fire Fang|p2a: Grimmsnarl
|-damage|p2a: Grimmsnarl|0 fnt
|faint|p2a: Grimmsnarl
|-damage|p1a: Garchomp|81/100|[from] item: Life Orb
|
|upkeep
|
|t:|1642990882
|switch|p2a: Gyarados|Gyarados, M, shiny|100/100
|turn|7
|
|t:|1642990892
|move|p1a: Garchomp|Scale Shot|p2a: Gyarados
|-damage|p2a: Gyarados|79/100
|-damage|p2a: Gyarados|59/100
|-hitcount|p2a: Gyarados|2
|-unboost|p1a: Garchomp|def|1
|-boost|p1a: Garchomp|spe|1
|-damage|p1a: Garchomp|71/100|[from] item: Life Orb
|move|p2a: Gyarados|Ice Fang|p1a: Garchomp
|-supereffective|p1a: Garchomp
|-damage|p1a: Garchomp|0 fnt
|-damage|p2a: Gyarados|47/100|[from] ability: Rough Skin|[of] p1a: Garchomp
|faint|p1a: Garchomp
|-ability|p2a: Gyarados|Moxie|boost
|-boost|p2a: Gyarados|atk|1
|
|upkeep
|
|t:|1642990900
|switch|p1a: Urshifu|Urshifu-Rapid-Strike, M|100/100
|turn|8
|
|t:|1642990908
|move|p1a: Urshifu|Surging Strikes|p2a: Gyarados
|-resisted|p2a: Gyarados
|-crit|p2a: Gyarados
|-damage|p2a: Gyarados|30/100
|-resisted|p2a: Gyarados
|-crit|p2a: Gyarados
|-damage|p2a: Gyarados|11/100
|-resisted|p2a: Gyarados
|-crit|p2a: Gyarados
|-damage|p2a: Gyarados|0 fnt
|faint|p2a: Gyarados
|-hitcount|p2: Gyarados|3
|
|upkeep
|
|t:|1642990924
|switch|p2a: Zapdos|Zapdos-Galar|100/100
|turn|9
|
|t:|1642990928
|switch|p1a: Corviknight|Corviknight, F|100/100
|-ability|p1a: Corviknight|Pressure
|move|p2a: Zapdos|Substitute|p2a: Zapdos
|-start|p2a: Zapdos|Substitute
|-damage|p2a: Zapdos|76/100
|
|-heal|p2a: Zapdos|82/100|[from] item: Leftovers
|upkeep
|turn|10
|
|t:|1642990933
|switch|p1a: Corviknight|Corviknight, F|100/100
|move|p2a: Zapdos|Bulk Up|p2a: Zapdos
|-boost|p2a: Zapdos|atk|1
|-boost|p2a: Zapdos|def|1
|
|-heal|p2a: Zapdos|88/100|[from] item: Leftovers
|upkeep
|turn|11
|
|t:|1642990940
|move|p1a: Corviknight|Flamethrower|p2a: Zapdos
|-end|p2a: Zapdos|Substitute
|move|p2a: Zapdos|Bulk Up|p2a: Zapdos
|-boost|p2a: Zapdos|atk|1
|-boost|p2a: Zapdos|def|1
|
|-heal|p2a: Zapdos|94/100|[from] item: Leftovers
|upkeep
|turn|12
|j| MiniLarry
|
|t:|1642990954
|switch|p1a: Urshifu|Urshifu-Rapid-Strike, M|100/100
|move|p2a: Zapdos|Close Combat|p1a: Urshifu
|-crit|p1a: Urshifu
|-damage|p1a: Urshifu|0 fnt
|-unboost|p2a: Zapdos|def|1
|-unboost|p2a: Zapdos|spd|1
|faint|p1a: Urshifu
|
|-heal|p2a: Zapdos|100/100|[from] item: Leftovers
|-sideend|p2: c3720|Reflect
|upkeep
|
|t:|1642990958
|switch|p1a: Corviknight|Corviknight, F|100/100
|turn|13
|
|t:|1642990966
|move|p1a: Corviknight|Trick|p2a: Zapdos
|-activate|p1a: Corviknight|move: Trick|[of] p2a: Zapdos
|-item|p2a: Zapdos|Choice Specs|[from] move: Trick
|-item|p1a: Corviknight|Leftovers|[from] move: Trick
|move|p2a: Zapdos|Close Combat|p1a: Corviknight
|-supereffective|p1a: Corviknight
|-damage|p1a: Corviknight|0 fnt
|-unboost|p2a: Zapdos|def|1
|-unboost|p2a: Zapdos|spd|1
|replace|p1a: Zoroark|Zoroark, M
|-end|p1a: Zoroark|Illusion
|faint|p1a: Zoroark
|
|-sideend|p2: c3720|move: Light Screen
|upkeep
|
|t:|1642990970
|switch|p1a: Corviknight|Corviknight, F|100/100
|-ability|p1a: Corviknight|Pressure
|turn|14
|
|t:|1642990976
|move|p2a: Zapdos|Close Combat|p1a: Corviknight
|-damage|p1a: Corviknight|23/100
|-unboost|p2a: Zapdos|def|1
|-unboost|p2a: Zapdos|spd|1
|move|p1a: Corviknight|Roost|p1a: Corviknight
|-heal|p1a: Corviknight|73/100
|-singleturn|p1a: Corviknight|move: Roost
|
|-heal|p1a: Corviknight|79/100|[from] item: Leftovers
|upkeep
|turn|15
|
|t:|1642991008
|switch|p2a: Regieleki|Regieleki|77/100
|move|p1a: Corviknight|Roost|p1a: Corviknight
|-heal|p1a: Corviknight|100/100
|-singleturn|p1a: Corviknight|move: Roost
|
|upkeep
|turn|16
|
|t:|1642991015
|move|p2a: Regieleki|Wild Charge|p1a: Corviknight
|-supereffective|p1a: Corviknight
|-damage|p1a: Corviknight|7/100
|-damage|p2a: Regieleki|45/100|[from] Recoil
|-damage|p2a: Regieleki|35/100|[from] item: Life Orb
|move|p1a: Corviknight|U-turn|p2a: Regieleki
|-damage|p2a: Regieleki|9/100
|
|t:|1642991018
|switch|p1a: Landorus|Landorus-Therian, M|100/100|[from]move: U-turn
|-ability|p1a: Landorus|Intimidate|boost
|-unboost|p2a: Regieleki|atk|1
|
|upkeep
|turn|17
|
|t:|1642991023
|move|p2a: Regieleki|Explosion|p1a: Landorus
|-damage|p1a: Landorus|39/100
|faint|p2a: Regieleki
|move|p1a: Landorus|Stealth Rock|p2: Regieleki
|-sidestart|p2: c3720|move: Stealth Rock
|
|-heal|p1a: Landorus|45/100|[from] item: Leftovers
|upkeep
|
|t:|1642991030
|switch|p2a: Zapdos|Zapdos-Galar|100/100
|-damage|p2a: Zapdos|88/100|[from] Stealth Rock
|turn|18
|
|t:|1642991037
|switch|p1a: Corviknight|Corviknight, F|7/100
|-ability|p1a: Corviknight|Pressure
|move|p2a: Zapdos|Brave Bird|p1a: Corviknight
|-resisted|p1a: Corviknight
|-damage|p1a: Corviknight|0 fnt
|faint|p1a: Corviknight
|-damage|p2a: Zapdos|85/100|[from] Recoil
|
|upkeep
|
|t:|1642991039
|switch|p1a: Landorus|Landorus-Therian, M|45/100
|-ability|p1a: Landorus|Intimidate|boost
|-unboost|p2a: Zapdos|atk|1
|-ability|p2a: Zapdos|Defiant
|-boost|p2a: Zapdos|atk|2
|turn|19
|-message|Bunch24 forfeited.
|
|win|c3720
|raw|Bunch24's rating: 1678 &rarr; <strong>1658</strong><br />(-20 for losing)
|raw|c3720's rating: 1672 &rarr; <strong>1692</strong><br />(+20 for winning)
|l|☆Bunch24
