|raw|<div class="broadcast-blue"><strong>This battle is required to be public due to a player having a name starting with 'lt91bb'.</div>
|j|☆The art of
|j|☆LT91BB Xellow
|t:|1658991469
|gametype|singles
|player|p1|The art of|unknown|1560
|player|p2|LT91BB Xellow|lucas-gen4pt|1531
|teamsize|p1|6
|teamsize|p2|6
|gen|8
|tier|[Gen 8] OU
|rated|
|rule|Sleep Clause Mod: Limit one foe put to sleep
|rule|Species Clause: Limit one of each Pokémon
|rule|OHKO Clause: OHKO moves are banned
|rule|Evasion Moves Clause: Evasion moves are banned
|rule|Endless Battle Clause: Forcing endless battles is banned
|rule|HP Percentage Mod: HP is shown in percentages
|rule|Dynamax Clause: You cannot dynamax
|clearpoke
|poke|p1|Volcanion|
|poke|p1|Ninetales-Alola, F|
|poke|p1|Corviknight, M|
|poke|p1|Arctozolt|
|poke|p1|Landorus-Therian, M|
|poke|p1|Tornadus-Therian, M|
|poke|p2|Urshifu-*, M|
|poke|p2|Slowking, M|
|poke|p2|Blissey, F|
|poke|p2|Zapdos|
|poke|p2|Landorus-Therian, M|
|poke|p2|Weavile, M|
|teampreview
|inactive|Battle timer is ON: inactive players will automatically lose when time's up. (requested by LT91BB Xellow)
|inactive|The art of also wants the timer to be on.
|
|t:|1658991499
|start
|switch|p1a: Corviknight|Corviknight, M|100/100
|switch|p2a: Blissey|Blissey, F|100/100
|-ability|p1a: Corviknight|Pressure
|turn|1
|
|t:|1658991514
|move|p2a: Blissey|Stealth Rock|p1a: Corviknight
|-sidestart|p1: The art of|move: Stealth Rock
|move|p1a: Corviknight|U-turn|p2a: Blissey
|-damage|p2a: Blissey|87/100
|
|t:|1658991519
|switch|p1a: Landorus|Landorus-Therian, M|100/100|[from]move: U-turn
|-damage|p1a: Landorus|88/100|[from] Stealth Rock
|-ability|p1a: Landorus|Intimidate|boost
|-unboost|p2a: Blissey|atk|1
|
|-heal|p1a: Landorus|94/100|[from] item: Leftovers
|upkeep
|turn|2
|
|t:|1658991521
|move|p1a: Landorus|U-turn|p2a: Blissey
|-damage|p2a: Blissey|67/100
|
|t:|1658991523
|switch|p1a: Corviknight|Corviknight, M|100/100|[from]move: U-turn
|-damage|p1a: Corviknight|88/100|[from] Stealth Rock
|-ability|p1a: Corviknight|Pressure
|move|p2a: Blissey|Toxic|p1a: Corviknight
|-immune|p1a: Corviknight
|
|upkeep
|turn|3
|
|t:|1658991525
|move|p2a: Blissey|Soft-Boiled|p2a: Blissey
|-heal|p2a: Blissey|100/100
|move|p1a: Corviknight|Defog|p2a: Blissey
|-unboost|p2a: Blissey|evasion|1
|-sideend|p1: The art of|Stealth Rock|[from] move: Defog|[of] p1a: Corviknight
|
|upkeep
|turn|4
|
|t:|1658991530
|move|p2a: Blissey|Stealth Rock|p1a: Corviknight
|-sidestart|p1: The art of|move: Stealth Rock
|move|p1a: Corviknight|Brave Bird|p2a: Blissey
|-damage|p2a: Blissey|66/100
|-damage|p1a: Corviknight|68/100|[from] Recoil
|
|upkeep
|turn|5
|
|t:|1658991533
|move|p2a: Blissey|Soft-Boiled|p2a: Blissey
|-heal|p2a: Blissey|100/100
|move|p1a: Corviknight|Defog|p2a: Blissey
|-unboost|p2a: Blissey|evasion|1
|-sideend|p1: The art of|Stealth Rock|[from] move: Defog|[of] p1a: Corviknight
|
|upkeep
|turn|6
|
|t:|1658991561
|move|p2a: Blissey|Stealth Rock|p1a: Corviknight
|-sidestart|p1: The art of|move: Stealth Rock
|move|p1a: Corviknight|Roost|p1a: Corviknight
|-heal|p1a: Corviknight|100/100
|-singleturn|p1a: Corviknight|move: Roost
|
|upkeep
|turn|7
|
|t:|1658991567
|move|p2a: Blissey|Seismic Toss|p1a: Corviknight
|-damage|p1a: Corviknight|75/100
|-damage|p2a: Blissey|84/100|[from] item: Rocky Helmet|[of] p1a: Corviknight
|move|p1a: Corviknight|Defog|p2a: Blissey
|-unboost|p2a: Blissey|evasion|1
|-sideend|p1: The art of|Stealth Rock|[from] move: Defog|[of] p1a: Corviknight
|
|upkeep
|turn|8
|inactive|The art of has 120 seconds left.
|
|t:|1658991594
|move|p2a: Blissey|Stealth Rock|p1a: Corviknight
|-sidestart|p1: The art of|move: Stealth Rock
|move|p1a: Corviknight|Defog|p2a: Blissey
|-unboost|p2a: Blissey|evasion|1
|-sideend|p1: The art of|Stealth Rock|[from] move: Defog|[of] p1a: Corviknight
|
|upkeep
|turn|9
|
|t:|1658991600
|move|p2a: Blissey|Stealth Rock|p1a: Corviknight
|-sidestart|p1: The art of|move: Stealth Rock
|move|p1a: Corviknight|Roost|p1a: Corviknight
|-heal|p1a: Corviknight|100/100
|-singleturn|p1a: Corviknight|move: Roost
|
|upkeep
|turn|10
|
|t:|1658991604
|switch|p2a: Slowking|Slowking, M|100/100
|move|p1a: Corviknight|Defog|p2a: Slowking
|-unboost|p2a: Slowking|evasion|1
|-sideend|p1: The art of|Stealth Rock|[from] move: Defog|[of] p1a: Corviknight
|
|upkeep
|turn|11
|inactive|The art of has 120 seconds left.
|
|t:|1658991644
|move|p1a: Corviknight|U-turn|p2a: Slowking
|-supereffective|p2a: Slowking
|-damage|p2a: Slowking|76/100
|
|t:|1658991647
|switch|p1a: Tornadus|Tornadus-Therian, M|100/100|[from]move: U-turn
|move|p2a: Slowking|Future Sight|p1a: Tornadus
|-start|p2a: Slowking|move: Future Sight
|
|upkeep
|turn|12
|
|t:|1658991652
|move|p1a: Tornadus|Knock Off|p2a: Slowking
|-supereffective|p2a: Slowking
|-damage|p2a: Slowking|39/100
|-enditem|p2a: Slowking|Heavy-Duty Boots|[from] move: Knock Off|[of] p1a: Tornadus
|move|p2a: Slowking|Teleport|p2a: Slowking
|
|t:|1658991656
|switch|p2a: Weavile|Weavile, M|100/100|[from]move: Teleport
|-ability|p2a: Weavile|Pressure
|
|upkeep
|turn|13
|inactive|The art of has 120 seconds left.
|
|t:|1658991677
|switch|p1a: Corviknight|Corviknight, M|100/100
|-ability|p1a: Corviknight|Pressure
|move|p2a: Weavile|Knock Off|p1a: Corviknight
|-damage|p1a: Corviknight|73/100
|-damage|p2a: Weavile|84/100|[from] item: Rocky Helmet|[of] p1a: Corviknight
|-enditem|p1a: Corviknight|Rocky Helmet|[from] move: Knock Off|[of] p2a: Weavile
|
|-end|p1a: Corviknight|move: Future Sight
|-resisted|p1a: Corviknight
|-damage|p1a: Corviknight|54/100
|upkeep
|turn|14
|
|t:|1658991681
|switch|p2a: Slowking|Slowking, M|72/100
|move|p1a: Corviknight|Roost|p1a: Corviknight
|-heal|p1a: Corviknight|100/100
|-singleturn|p1a: Corviknight|move: Roost
|
|upkeep
|turn|15
|
|t:|1658991699
|move|p1a: Corviknight|U-turn|p2a: Slowking
|-supereffective|p2a: Slowking
|-damage|p2a: Slowking|46/100
|
|t:|1658991703
|switch|p1a: Ninetales|Ninetales-Alola, F|100/100|[from]move: U-turn
|-weather|Hail|[from] ability: Snow Warning|[of] p1a: Ninetales
|move|p2a: Slowking|Future Sight|p1a: Ninetales
|-start|p2a: Slowking|move: Future Sight
|
|-weather|Hail|[upkeep]
|-damage|p2a: Slowking|40/100|[from] Hail
|upkeep
|turn|16
|
|t:|1658991709
|switch|p2a: Blissey|Blissey, F|84/100
|move|p1a: Ninetales|Aurora Veil|p1a: Ninetales
|-sidestart|p1: The art of|move: Aurora Veil
|
|-weather|Hail|[upkeep]
|-damage|p2a: Blissey|78/100|[from] Hail
|upkeep
|turn|17
|
|t:|1658991726
|switch|p1a: Corviknight|Corviknight, M|100/100
|-ability|p1a: Corviknight|Pressure
|move|p2a: Blissey|Stealth Rock|p1a: Corviknight
|-sidestart|p1: The art of|move: Stealth Rock
|
|-weather|Hail|[upkeep]
|-damage|p2a: Blissey|72/100|[from] Hail
|-damage|p1a: Corviknight|94/100|[from] Hail
|-end|p1a: Corviknight|move: Future Sight
|-resisted|p1a: Corviknight
|-damage|p1a: Corviknight|85/100
|upkeep
|turn|18
|
|t:|1658991735
|switch|p2a: Zapdos|Zapdos|100/100
|move|p1a: Corviknight|Defog|p2a: Zapdos
|-unboost|p2a: Zapdos|evasion|1
|-sideend|p1: The art of|Stealth Rock|[from] move: Defog|[of] p1a: Corviknight
|
|-weather|Hail|[upkeep]
|-damage|p2a: Zapdos|94/100|[from] Hail
|-damage|p1a: Corviknight|78/100|[from] Hail
|upkeep
|turn|19
|
|t:|1658991757
|switch|p2a: Urshifu|Urshifu-Rapid-Strike, M|100/100
|switch|p1a: Arctozolt|Arctozolt|100/100
|
|-weather|Hail|[upkeep]
|-damage|p2a: Urshifu|94/100|[from] Hail
|upkeep
|turn|20
|
|t:|1658991770
|switch|p2a: Landorus|Landorus-Therian, M|100/100
|-ability|p2a: Landorus|Intimidate|boost
|-unboost|p1a: Arctozolt|atk|1
|move|p1a: Arctozolt|Bolt Beak|p2a: Landorus
|-immune|p2a: Landorus
|
|-weather|Hail|[upkeep]
|-damage|p2a: Landorus|94/100|[from] Hail
|-heal|p2a: Landorus|100/100|[from] item: Leftovers
|-sideend|p1: The art of|move: Aurora Veil
|upkeep
|turn|21
|
|t:|1658991796
|switch|p2a: Slowking|Slowking, M|74/100
|move|p1a: Arctozolt|Substitute|p1a: Arctozolt
|-start|p1a: Arctozolt|Substitute
|-damage|p1a: Arctozolt|76/100
|
|-weather|Hail|[upkeep]
|-damage|p2a: Slowking|68/100|[from] Hail
|-heal|p1a: Arctozolt|82/100|[from] item: Leftovers
|upkeep
|turn|22
|
|t:|1658991821
|switch|p2a: Landorus|Landorus-Therian, M|100/100
|-ability|p2a: Landorus|Intimidate|boost
|-immune|p1a: Arctozolt
|move|p1a: Arctozolt|Blizzard|p2a: Landorus
|-supereffective|p2a: Landorus
|-damage|p2a: Landorus|0 fnt
|faint|p2a: Landorus
|
|-weather|none
|-heal|p1a: Arctozolt|88/100|[from] item: Leftovers
|upkeep
|inactive|LT91BB Xellow has 120 seconds left.
|
|t:|1658991838
|switch|p2a: Urshifu|Urshifu-Rapid-Strike, M|94/100
|turn|23
|
|t:|1658991854
|switch|p1a: Volcanion|Volcanion|100/100
|move|p2a: Urshifu|Surging Strikes|p1a: Volcanion
|-immune|p1a: Volcanion|[from] ability: Water Absorb
|
|upkeep
|turn|24
|
|t:|1658991859
|move|p2a: Urshifu|U-turn|p1a: Volcanion
|-resisted|p1a: Volcanion
|-damage|p1a: Volcanion|88/100
|
|t:|1658991861
|switch|p2a: Blissey|Blissey, F|72/100|[from]move: U-turn
|move|p1a: Volcanion|Steam Eruption|p2a: Blissey
|-damage|p2a: Blissey|37/100
|-status|p2a: Blissey|brn
|
|-damage|p2a: Blissey|31/100 brn|[from] brn
|upkeep
|turn|25
|
|t:|1658991865
|-curestatus|p2a: Blissey|brn|[from] ability: Natural Cure
|switch|p2a: Slowking|Slowking, M|100/100
|move|p1a: Volcanion|Steam Eruption|p2a: Slowking|[miss]
|-miss|p1a: Volcanion|p2a: Slowking
|
|upkeep
|turn|26
|
|t:|1658991869
|switch|p1a: Ninetales|Ninetales-Alola, F|100/100
|-weather|Hail|[from] ability: Snow Warning|[of] p1a: Ninetales
|move|p2a: Slowking|Teleport|p2a: Slowking
|
|t:|1658991872
|switch|p2a: Blissey|Blissey, F|31/100|[from]move: Teleport
|
|-weather|Hail|[upkeep]
|-damage|p2a: Blissey|25/100|[from] Hail
|upkeep
|turn|27
|
|t:|1658991876
|move|p1a: Ninetales|Aurora Veil|p1a: Ninetales
|-sidestart|p1: The art of|move: Aurora Veil
|move|p2a: Blissey|Soft-Boiled|p2a: Blissey
|-heal|p2a: Blissey|75/100
|
|-weather|Hail|[upkeep]
|-damage|p2a: Blissey|69/100|[from] Hail
|upkeep
|turn|28
|
|t:|1658991878
|move|p1a: Ninetales|Encore|p2a: Blissey
|-start|p2a: Blissey|Encore
|move|p2a: Blissey|Soft-Boiled|p2a: Blissey
|-heal|p2a: Blissey|100/100
|
|-weather|Hail|[upkeep]
|-damage|p2a: Blissey|94/100|[from] Hail
|upkeep
|turn|29
|
|t:|1658991888
|switch|p2a: Urshifu|Urshifu-Rapid-Strike, M|94/100
|move|p1a: Ninetales|Freeze-Dry|p2a: Urshifu
|-supereffective|p2a: Urshifu
|-damage|p2a: Urshifu|31/100
|-status|p2a: Urshifu|frz
|
|-weather|Hail|[upkeep]
|-damage|p2a: Urshifu|25/100 frz|[from] Hail
|upkeep
|turn|30
|-message|LT91BB Xellow forfeited.
|
|win|The art of
|raw|The art of's rating: 1560 &rarr; <strong>1578</strong><br />(+18 for winning)
|raw|LT91BB Xellow's rating: 1531 &rarr; <strong>1513</strong><br />(-18 for losing)
|l|☆LT91BB Xellow
