|raw|<div class="broadcast-blue"><strong>This battle is required to be public due to a player having a name starting with 'lt84jm'.</div>
|j|☆Bassyxx
|j|☆LT84JM Alejandro
|t:|1627241027
|gametype|singles
|player|p1|Bassyxx|rocketgruntf|1357
|player|p2|LT84JM Alejandro|cheren-gen5bw2|1398
|teamsize|p1|6
|teamsize|p2|6
|gen|8
|tier|[Gen 8] OU
|rated|
|rule|Sleep Clause Mod: Limit one foe put to sleep
|rule|Species Clause: Limit one of each Pokémon
|rule|OHKO Clause: OHKO moves are banned
|rule|Evasion Moves Clause: Evasion moves are banned
|rule|Endless Battle Clause: Forcing endless battles is banned
|rule|HP Percentage Mod: HP is shown in percentages
|rule|Dynamax Clause: You cannot dynamax
|clearpoke
|poke|p1|Tyranitar, M|
|poke|p1|Dracozolt|
|poke|p1|Melmetal|
|poke|p1|Landorus-Therian, M|
|poke|p1|Corviknight, M|
|poke|p1|Kyurem|
|poke|p2|Slowbro, M|
|poke|p2|Blissey, F|
|poke|p2|Urshifu-*, F|
|poke|p2|Kyurem|
|poke|p2|Corviknight, M|
|poke|p2|Gastrodon, F|
|teampreview
|inactive|Battle timer is ON: inactive players will automatically lose when time's up. (requested by Bassyxx)
|inactive|LT84JM Alejandro has 120 seconds left.
|
|t:|1627241066
|start
|switch|p1a: Melmetal|Melmetal, shiny|100/100
|switch|p2a: Giyu Tomioka|Urshifu-Rapid-Strike, F|100/100
|turn|1
|c|☆Bassyxx|Whats with the name
|c|☆Bassyxx|?
|inactive|LT84JM Alejandro has 120 seconds left.
|c|☆LT84JM Alejandro|nothing, it's from an official tournament.
|
|t:|1627241112
|switch|p1a: Corviknight|Corviknight, M|100/100
|-ability|p1a: Corviknight|Pressure
|move|p2a: Giyu Tomioka|U-turn|p1a: Corviknight
|-resisted|p1a: Corviknight
|-damage|p1a: Corviknight|95/100
|-damage|p2a: Giyu Tomioka|84/100|[from] item: Rocky Helmet|[of] p1a: Corviknight
|c|☆Bassyxx|Oh
|
|t:|1627241118
|switch|p2a: Shellbro|Slowbro, M, shiny|100/100|[from]move: U-turn
|
|upkeep
|turn|2
|
|t:|1627241123
|move|p1a: Corviknight|U-turn|p2a: Shellbro
|-supereffective|p2a: Shellbro
|-damage|p2a: Shellbro|83/100
|-damage|p1a: Corviknight|78/100|[from] item: Rocky Helmet|[of] p2a: Shellbro
|
|t:|1627241128
|switch|p1a: Kyurem|Kyurem|100/100|[from]move: U-turn
|-ability|p1a: Kyurem|Pressure
|move|p2a: Shellbro|Scald|p1a: Kyurem
|-resisted|p1a: Kyurem
|-damage|p1a: Kyurem|88/100
|-status|p1a: Kyurem|brn
|
|-damage|p1a: Kyurem|82/100 brn|[from] brn
|upkeep
|turn|3
|
|t:|1627241138
|switch|p2a: Luzmery|Blissey, F|100/100
|move|p1a: Kyurem|Ice Beam|p2a: Luzmery
|-damage|p2a: Luzmery|77/100
|
|-damage|p1a: Kyurem|76/100 brn|[from] brn
|upkeep
|turn|4
|
|t:|1627241145
|switch|p1a: Melmetal|Melmetal, shiny|100/100
|move|p2a: Luzmery|Stealth Rock|p1a: Melmetal
|-sidestart|p1: Bassyxx|move: Stealth Rock
|
|upkeep
|turn|5
|
|t:|1627241149
|switch|p2a: Shellbro|Slowbro, M, shiny|100/100
|move|p1a: Melmetal|Thunder Punch|p2a: Shellbro
|-supereffective|p2a: Shellbro
|-damage|p2a: Shellbro|34/100
|-damage|p1a: Melmetal|84/100|[from] item: Rocky Helmet|[of] p2a: Shellbro
|
|upkeep
|turn|6
|
|t:|1627241156
|switch|p1a: Tyranitar|Tyranitar, M|100/100
|-damage|p1a: Tyranitar|88/100|[from] Stealth Rock
|-weather|Sandstorm|[from] ability: Sand Stream|[of] p1a: Tyranitar
|switch|p2a: NAIL|Gastrodon, F|100/100
|
|-weather|Sandstorm|[upkeep]
|upkeep
|turn|7
|
|t:|1627241163
|switch|p1a: Corviknight|Corviknight, M|78/100
|-damage|p1a: Corviknight|66/100|[from] Stealth Rock
|-ability|p1a: Corviknight|Pressure
|move|p2a: NAIL|Toxic|p1a: Corviknight
|-immune|p1a: Corviknight
|
|-weather|Sandstorm|[upkeep]
|upkeep
|turn|8
|
|t:|1627241169
|switch|p2a: Shinigami Eyes|Corviknight, M|100/100
|-ability|p2a: Shinigami Eyes|Pressure
|move|p1a: Corviknight|Defog|p2a: Shinigami Eyes
|-unboost|p2a: Shinigami Eyes|evasion|1
|-sideend|p1: Bassyxx|Stealth Rock|[from] move: Defog|[of] p1a: Corviknight
|
|-weather|Sandstorm|[upkeep]
|upkeep
|turn|9
|
|t:|1627241193
|switch|p1a: Landorus|Landorus-Therian, M|100/100
|-ability|p1a: Landorus|Intimidate|boost
|-unboost|p2a: Shinigami Eyes|atk|1
|switch|p2a: Shellbro|Slowbro, M, shiny|67/100
|
|-weather|Sandstorm|[upkeep]
|-damage|p2a: Shellbro|61/100|[from] Sandstorm
|upkeep
|turn|10
|
|t:|1627241198
|switch|p2a: Shinigami Eyes|Corviknight, M|100/100
|-ability|p2a: Shinigami Eyes|Pressure
|move|p1a: Landorus|Knock Off|p2a: Shinigami Eyes
|-damage|p2a: Shinigami Eyes|73/100
|-enditem|p2a: Shinigami Eyes|Metal Coat|[from] move: Knock Off|[of] p1a: Landorus
|
|-weather|Sandstorm|[upkeep]
|upkeep
|turn|11
|inactive|LT84JM Alejandro has 120 seconds left.
|inactive|LT84JM Alejandro has 90 seconds left.
|
|t:|1627241254
|move|p1a: Landorus|Smack Down|p2a: Shinigami Eyes
|-damage|p2a: Shinigami Eyes|59/100
|-start|p2a: Shinigami Eyes|Smack Down
|move|p2a: Shinigami Eyes|Roost|p2a: Shinigami Eyes
|-heal|p2a: Shinigami Eyes|100/100
|-singleturn|p2a: Shinigami Eyes|move: Roost
|
|-weather|Sandstorm|[upkeep]
|upkeep
|turn|12
|
|t:|1627241260
|switch|p2a: Shellbro|Slowbro, M, shiny|94/100
|move|p1a: Landorus|Earthquake|p2a: Shellbro
|-damage|p2a: Shellbro|58/100
|
|-weather|Sandstorm|[upkeep]
|-damage|p2a: Shellbro|52/100|[from] Sandstorm
|upkeep
|turn|13
|inactive|LT84JM Alejandro has 90 seconds left.
|
|t:|1627241281
|switch|p2a: Shinigami Eyes|Corviknight, M|100/100
|-ability|p2a: Shinigami Eyes|Pressure
|move|p1a: Landorus|Knock Off|p2a: Shinigami Eyes
|-crit|p2a: Shinigami Eyes
|-damage|p2a: Shinigami Eyes|74/100
|
|-weather|none
|upkeep
|turn|14
|inactive|LT84JM Alejandro has 90 seconds left.
|
|t:|1627241292
|move|p1a: Landorus|Smack Down|p2a: Shinigami Eyes
|-damage|p2a: Shinigami Eyes|60/100
|-start|p2a: Shinigami Eyes|Smack Down
|move|p2a: Shinigami Eyes|U-turn|p1a: Landorus
|-resisted|p1a: Landorus
|-damage|p1a: Landorus|94/100
|-damage|p2a: Shinigami Eyes|44/100|[from] item: Rocky Helmet|[of] p1a: Landorus
|
|t:|1627241296
|switch|p2a: Citrus|Kyurem|100/100|[from]move: U-turn
|-ability|p2a: Citrus|Pressure
|
|upkeep
|turn|15
|
|t:|1627241304
|switch|p1a: Tyranitar|Tyranitar, M|88/100
|-weather|Sandstorm|[from] ability: Sand Stream|[of] p1a: Tyranitar
|move|p2a: Citrus|Earth Power|p1a: Tyranitar
|-supereffective|p1a: Tyranitar
|-damage|p1a: Tyranitar|60/100
|
|-weather|Sandstorm|[upkeep]
|-damage|p2a: Citrus|94/100|[from] Sandstorm
|upkeep
|turn|16
|
|t:|1627241316
|switch|p2a: Shellbro|Slowbro, M, shiny|85/100
|move|p1a: Tyranitar|Thunder Wave|p2a: Shellbro
|-status|p2a: Shellbro|par
|
|-weather|Sandstorm|[upkeep]
|-damage|p2a: Shellbro|79/100 par|[from] Sandstorm
|upkeep
|turn|17
|
|t:|1627241320
|move|p1a: Tyranitar|Dark Pulse|p2a: Shellbro
|-supereffective|p2a: Shellbro
|-damage|p2a: Shellbro|31/100 par
|cant|p2a: Shellbro|flinch
|
|-weather|Sandstorm|[upkeep]
|-damage|p2a: Shellbro|25/100 par|[from] Sandstorm
|upkeep
|turn|18
|
|t:|1627241329
|switch|p2a: Luzmery|Blissey, F|77/100
|move|p1a: Tyranitar|Dark Pulse|p2a: Luzmery
|-damage|p2a: Luzmery|67/100
|
|-weather|Sandstorm|[upkeep]
|-damage|p2a: Luzmery|61/100|[from] Sandstorm
|upkeep
|turn|19
|
|t:|1627241334
|switch|p1a: Melmetal|Melmetal, shiny|84/100
|move|p2a: Luzmery|Teleport|p2a: Luzmery
|
|t:|1627241343
|switch|p2a: Giyu Tomioka|Urshifu-Rapid-Strike, F|84/100|[from]move: Teleport
|
|-weather|Sandstorm|[upkeep]
|-damage|p2a: Giyu Tomioka|78/100|[from] Sandstorm
|upkeep
|turn|20
|
|t:|1627241351
|switch|p2a: Shinigami Eyes|Corviknight, M|44/100
|-ability|p2a: Shinigami Eyes|Pressure
|move|p1a: Melmetal|Double Iron Bash|p2a: Shinigami Eyes
|-resisted|p2a: Shinigami Eyes
|-damage|p2a: Shinigami Eyes|21/100
|-resisted|p2a: Shinigami Eyes
|-damage|p2a: Shinigami Eyes|0 fnt
|faint|p2a: Shinigami Eyes
|-hitcount|p2: Shinigami Eyes|2
|
|-weather|Sandstorm|[upkeep]
|upkeep
|
|t:|1627241362
|switch|p2a: Giyu Tomioka|Urshifu-Rapid-Strike, F|78/100
|turn|21
|
|t:|1627241371
|switch|p1a: Landorus|Landorus-Therian, M|94/100
|-ability|p1a: Landorus|Intimidate|boost
|-unboost|p2a: Giyu Tomioka|atk|1
|move|p2a: Giyu Tomioka|Surging Strikes|p1a: Landorus
|-supereffective|p1a: Landorus
|-crit|p1a: Landorus
|-damage|p1a: Landorus|43/100
|-damage|p2a: Giyu Tomioka|61/100|[from] item: Rocky Helmet|[of] p1a: Landorus
|-supereffective|p1a: Landorus
|-crit|p1a: Landorus
|-damage|p1a: Landorus|0 fnt
|-damage|p2a: Giyu Tomioka|44/100|[from] item: Rocky Helmet|[of] p1a: Landorus
|faint|p1a: Landorus
|-hitcount|p1: Landorus|2
|
|-weather|Sandstorm|[upkeep]
|-damage|p2a: Giyu Tomioka|38/100|[from] Sandstorm
|upkeep
|
|t:|1627241377
|switch|p1a: Melmetal|Melmetal, shiny|84/100
|turn|22
|
|t:|1627241381
|switch|p2a: NAIL|Gastrodon, F|100/100
|move|p1a: Melmetal|Double Iron Bash|p2a: NAIL
|-resisted|p2a: NAIL
|-damage|p2a: NAIL|58/100
|-resisted|p2a: NAIL
|-damage|p2a: NAIL|17/100
|-hitcount|p2a: NAIL|2
|
|-weather|none
|-heal|p2a: NAIL|23/100|[from] item: Leftovers
|upkeep
|turn|23
|
|t:|1627241409
|switch|p2a: Shellbro|Slowbro, M, shiny|58/100 par
|move|p1a: Melmetal|Double Iron Bash|p2a: Shellbro
|-resisted|p2a: Shellbro
|-damage|p2a: Shellbro|36/100 par
|-damage|p1a: Melmetal|67/100|[from] item: Rocky Helmet|[of] p2a: Shellbro
|-resisted|p2a: Shellbro
|-damage|p2a: Shellbro|17/100 par
|-damage|p1a: Melmetal|50/100|[from] item: Rocky Helmet|[of] p2a: Shellbro
|-hitcount|p2a: Shellbro|2
|
|upkeep
|turn|24
|inactive|Bassyxx has 120 seconds left.
|
|t:|1627241430
|switch|p1a: Corviknight|Corviknight, M|66/100
|-ability|p1a: Corviknight|Pressure
|move|p2a: Shellbro|Slack Off|p2a: Shellbro
|-heal|p2a: Shellbro|67/100 par
|
|upkeep
|turn|25
|
|t:|1627241435
|move|p1a: Corviknight|U-turn|p2a: Shellbro
|-supereffective|p2a: Shellbro
|-crit|p2a: Shellbro
|-damage|p2a: Shellbro|41/100 par
|-damage|p1a: Corviknight|49/100|[from] item: Rocky Helmet|[of] p2a: Shellbro
|
|t:|1627241439
|switch|p1a: Tyranitar|Tyranitar, M|60/100|[from]move: U-turn
|-weather|Sandstorm|[from] ability: Sand Stream|[of] p1a: Tyranitar
|cant|p2a: Shellbro|par
|
|-weather|Sandstorm|[upkeep]
|-damage|p2a: Shellbro|35/100 par|[from] Sandstorm
|upkeep
|turn|26
|
|t:|1627241445
|switch|p2a: Luzmery|Blissey, F|61/100
|move|p1a: Tyranitar|Dark Pulse|p2a: Luzmery
|-damage|p2a: Luzmery|52/100
|
|-weather|Sandstorm|[upkeep]
|-damage|p2a: Luzmery|46/100|[from] Sandstorm
|upkeep
|turn|27
|
|t:|1627241459
|switch|p1a: Corviknight|Corviknight, M|49/100
|-ability|p1a: Corviknight|Pressure
|move|p2a: Luzmery|Teleport|p2a: Luzmery
|
|t:|1627241464
|switch|p2a: Citrus|Kyurem|94/100|[from]move: Teleport
|-ability|p2a: Citrus|Pressure
|
|-weather|Sandstorm|[upkeep]
|-damage|p2a: Citrus|88/100|[from] Sandstorm
|upkeep
|turn|28
|
|t:|1627241488
|move|p2a: Citrus|Ice Beam|p1a: Corviknight
|-damage|p1a: Corviknight|0 fnt
|faint|p1a: Corviknight
|
|-weather|Sandstorm|[upkeep]
|-damage|p2a: Citrus|82/100|[from] Sandstorm
|upkeep
|
|t:|1627241494
|switch|p1a: Dracozolt|Dracozolt|100/100
|turn|29
|
|t:|1627241516
|switch|p2a: Shellbro|Slowbro, M, shiny|68/100 par
|move|p1a: Dracozolt|Dragon Claw|p2a: Shellbro
|-damage|p2a: Shellbro|38/100 par
|-damage|p1a: Dracozolt|84/100|[from] item: Rocky Helmet|[of] p2a: Shellbro
|-damage|p1a: Dracozolt|74/100|[from] item: Life Orb
|
|-weather|Sandstorm|[upkeep]
|-damage|p2a: Shellbro|32/100 par|[from] Sandstorm
|upkeep
|turn|30
|
|t:|1627241541
|move|p1a: Dracozolt|Dragon Claw|p2a: Shellbro
|-damage|p2a: Shellbro|1/100 par
|-damage|p1a: Dracozolt|58/100|[from] item: Rocky Helmet|[of] p2a: Shellbro
|-damage|p1a: Dracozolt|48/100|[from] item: Life Orb
|move|p2a: Shellbro|Teleport|p2a: Shellbro
|
|t:|1627241550
|switch|p2a: NAIL|Gastrodon, F|23/100|[from]move: Teleport
|
|-weather|Sandstorm|[upkeep]
|-heal|p2a: NAIL|29/100|[from] item: Leftovers
|upkeep
|turn|31
|c|☆Bassyxx|Falling asleep
|
|t:|1627241562
|switch|p1a: Kyurem|Kyurem|76/100 brn
|-ability|p1a: Kyurem|Pressure
|switch|p2a: Shellbro|Slowbro, M, shiny|34/100 par
|
|-weather|Sandstorm|[upkeep]
|-damage|p1a: Kyurem|70/100 brn|[from] Sandstorm
|-damage|p2a: Shellbro|28/100 par|[from] Sandstorm
|-damage|p1a: Kyurem|64/100 brn|[from] brn
|upkeep
|turn|32
|
|t:|1627241568
|switch|p2a: Luzmery|Blissey, F|46/100
|move|p1a: Kyurem|Draco Meteor|p2a: Luzmery
|-damage|p2a: Luzmery|11/100
|-unboost|p1a: Kyurem|spa|2
|
|-weather|none
|-damage|p1a: Kyurem|58/100 brn|[from] brn
|upkeep
|turn|33
|
|t:|1627241578
|move|p1a: Kyurem|Draco Meteor|p2a: Luzmery
|-damage|p2a: Luzmery|0 fnt
|-unboost|p1a: Kyurem|spa|2
|faint|p2a: Luzmery
|
|-damage|p1a: Kyurem|51/100 brn|[from] brn
|upkeep
|
|t:|1627241582
|switch|p2a: Citrus|Kyurem|82/100
|-ability|p2a: Citrus|Pressure
|turn|34
|
|t:|1627241586
|switch|p1a: Tyranitar|Tyranitar, M|60/100
|-weather|Sandstorm|[from] ability: Sand Stream|[of] p1a: Tyranitar
|move|p2a: Citrus|Earth Power|p1a: Tyranitar
|-supereffective|p1a: Tyranitar
|-damage|p1a: Tyranitar|30/100
|
|-weather|Sandstorm|[upkeep]
|-damage|p2a: Citrus|76/100|[from] Sandstorm
|upkeep
|turn|35
|
|t:|1627241594
|move|p2a: Citrus|Earth Power|p1a: Tyranitar
|-supereffective|p1a: Tyranitar
|-damage|p1a: Tyranitar|1/100
|move|p1a: Tyranitar|Thunder Wave|p2a: Citrus
|-status|p2a: Citrus|par
|
|-weather|Sandstorm|[upkeep]
|-damage|p2a: Citrus|70/100 par|[from] Sandstorm
|upkeep
|turn|36
|
|t:|1627241608
|move|p2a: Citrus|Earth Power|p1a: Tyranitar
|-supereffective|p1a: Tyranitar
|-damage|p1a: Tyranitar|0 fnt
|faint|p1a: Tyranitar
|
|-weather|Sandstorm|[upkeep]
|-damage|p2a: Citrus|64/100 par|[from] Sandstorm
|upkeep
|
|t:|1627241622
|switch|p1a: Dracozolt|Dracozolt|48/100
|turn|37
|
|t:|1627241634
|switch|p2a: Shellbro|Slowbro, M, shiny|61/100 par
|move|p1a: Dracozolt|Dragon Claw|p2a: Shellbro
|-damage|p2a: Shellbro|31/100 par
|-damage|p1a: Dracozolt|31/100|[from] item: Rocky Helmet|[of] p2a: Shellbro
|-damage|p1a: Dracozolt|21/100|[from] item: Life Orb
|
|-weather|Sandstorm|[upkeep]
|-damage|p2a: Shellbro|25/100 par|[from] Sandstorm
|upkeep
|turn|38
|
|t:|1627241650
|switch|p2a: NAIL|Gastrodon, F|29/100
|move|p1a: Dracozolt|Dragon Claw|p2a: NAIL
|-damage|p2a: NAIL|0 fnt
|faint|p2a: NAIL
|-damage|p1a: Dracozolt|11/100|[from] item: Life Orb
|
|-weather|Sandstorm|[upkeep]
|upkeep
|
|t:|1627241660
|switch|p2a: Shellbro|Slowbro, M, shiny|58/100 par
|turn|39
|
|t:|1627241664
|move|p1a: Dracozolt|Bolt Beak|p2a: Shellbro
|-supereffective|p2a: Shellbro
|-damage|p2a: Shellbro|0 fnt
|-damage|p1a: Dracozolt|0 fnt|[from] item: Rocky Helmet|[of] p2a: Shellbro
|faint|p2a: Shellbro
|faint|p1a: Dracozolt
|
|-weather|Sandstorm|[upkeep]
|upkeep
|c|☆LT84JM Alejandro|gg
|
|t:|1627241675
|switch|p1a: Kyurem|Kyurem|51/100 brn
|switch|p2a: Giyu Tomioka|Urshifu-Rapid-Strike, F|38/100
|-ability|p1a: Kyurem|Pressure
|turn|40
|
|t:|1627241682
|move|p2a: Giyu Tomioka|Close Combat|p1a: Kyurem
|-supereffective|p1a: Kyurem
|-damage|p1a: Kyurem|0 fnt
|-unboost|p2a: Giyu Tomioka|def|1
|-unboost|p2a: Giyu Tomioka|spd|1
|faint|p1a: Kyurem
|
|-weather|Sandstorm|[upkeep]
|-damage|p2a: Giyu Tomioka|32/100|[from] Sandstorm
|upkeep
|
|t:|1627241685
|switch|p1a: Melmetal|Melmetal, shiny|50/100
|turn|41
|c|☆Bassyxx|zzz
|
|t:|1627241692
|move|p2a: Giyu Tomioka|Close Combat|p1a: Melmetal
|-supereffective|p1a: Melmetal
|-damage|p1a: Melmetal|0 fnt
|-unboost|p2a: Giyu Tomioka|def|1
|-unboost|p2a: Giyu Tomioka|spd|1
|faint|p1a: Melmetal
|
|win|LT84JM Alejandro
|raw|Bassyxx's rating: 1357 &rarr; <strong>1339</strong><br />(-18 for losing)
|raw|LT84JM Alejandro's rating: 1398 &rarr; <strong>1416</strong><br />(+18 for winning)
|l|☆Bassyxx
|l|☆LT84JM Alejandro
||Ladder isn't responding, score probably updated but might not have (Request timeout).
|j|☆LT84JM Alejandro
|player|p2|LT84JM Alejandro|cheren-gen5bw2
