|raw|<div class="broadcast-blue"><strong>This battle is required to be public due to a player having a name starting with 'lt81yl'.</div>
|j|☆supersam10001
|j|☆LT81YL Mix
|t:|1625141629
|gametype|singles
|player|p1|supersam10001|wallace|1563
|player|p2|LT81YL Mix|whitney|1598
|teamsize|p1|6
|teamsize|p2|6
|gen|8
|tier|[Gen 8] OU
|rated|
|rule|Sleep Clause Mod: Limit one foe put to sleep
|rule|Species Clause: Limit one of each Pokémon
|rule|OHKO Clause: OHKO moves are banned
|rule|Evasion Moves Clause: Evasion moves are banned
|rule|Endless Battle Clause: Forcing endless battles is banned
|rule|HP Percentage Mod: HP is shown in percentages
|rule|Dynamax Clause: You cannot dynamax
|clearpoke
|poke|p1|Pelipper, F|
|poke|p1|Garchomp, M|
|poke|p1|Kingdra, F|
|poke|p1|Tornadus-Therian, M|
|poke|p1|Ferrothorn, M|
|poke|p1|Clefable, F|
|poke|p2|Ninetales-Alola, M|
|poke|p2|Tyranitar, M|
|poke|p2|Rillaboom, M|
|poke|p2|Volcarona, M|
|poke|p2|Zeraora|
|poke|p2|Latias, F|
|teampreview
|inactive|Battle timer is ON: inactive players will automatically lose when time's up. (requested by supersam10001)
|c|☆supersam10001|hf
|c|☆LT81YL Mix|hf
|
|t:|1625141647
|start
|switch|p1a: Ferrothorn|Ferrothorn, M|100/100
|switch|p2a: Volcarona|Volcarona, M|100/100
|turn|1
|
|t:|1625141653
|switch|p2a: Ninetales|Ninetales-Alola, M|100/100
|-weather|Hail|[from] ability: Snow Warning|[of] p2a: Ninetales
|switch|p1a: Pelipper|Pelipper, F|100/100
|-weather|RainDance|[from] ability: Drizzle|[of] p1a: Pelipper
|
|-weather|RainDance|[upkeep]
|upkeep
|turn|2
|
|t:|1625141669
|switch|p1a: Clefable|Clefable, F|100/100
|move|p2a: Ninetales|Freeze-Dry|p1a: Clefable
|-damage|p1a: Clefable|82/100
|
|-weather|RainDance|[upkeep]
|-heal|p1a: Clefable|88/100|[from] item: Leftovers
|upkeep
|turn|3
|
|t:|1625141686
|switch|p1a: Pelipper|Pelipper, F|100/100
|move|p2a: Ninetales|Hail|p2a: Ninetales
|-weather|Hail
|
|-weather|Hail|[upkeep]
|-damage|p1a: Pelipper|94/100|[from] Hail
|upkeep
|turn|4
|
|t:|1625141710
|switch|p1a: Clefable|Clefable, F|88/100
|move|p2a: Ninetales|Hypnosis|p1a: Clefable
|-status|p1a: Clefable|slp|[from] move: Hypnosis
|
|-weather|Hail|[upkeep]
|-damage|p1a: Clefable|82/100 slp|[from] Hail
|-heal|p1a: Clefable|88/100 slp|[from] item: Leftovers
|upkeep
|turn|5
|
|t:|1625141714
|move|p2a: Ninetales|Aurora Veil|p2a: Ninetales
|-sidestart|p2: LT81YL Mix|move: Aurora Veil
|cant|p1a: Clefable|slp
|
|-weather|Hail|[upkeep]
|-damage|p1a: Clefable|82/100 slp|[from] Hail
|-heal|p1a: Clefable|88/100 slp|[from] item: Leftovers
|upkeep
|turn|6
|
|t:|1625141727
|switch|p2a: Tyranitar|Tyranitar, M|100/100
|-weather|Sandstorm|[from] ability: Sand Stream|[of] p2a: Tyranitar
|-curestatus|p1a: Clefable|slp|[msg]
|move|p1a: Clefable|Soft-Boiled|p1a: Clefable
|-heal|p1a: Clefable|100/100
|
|-weather|Sandstorm|[upkeep]
|-damage|p1a: Clefable|94/100|[from] Sandstorm
|-heal|p1a: Clefable|100/100|[from] item: Leftovers
|upkeep
|turn|7
|
|t:|1625141733
|move|p2a: Tyranitar|Dragon Dance|p2a: Tyranitar
|-boost|p2a: Tyranitar|atk|1
|-boost|p2a: Tyranitar|spe|1
|move|p1a: Clefable|Calm Mind|p1a: Clefable
|-boost|p1a: Clefable|spa|1
|-boost|p1a: Clefable|spd|1
|
|-weather|Sandstorm|[upkeep]
|-damage|p1a: Clefable|94/100|[from] Sandstorm
|-heal|p1a: Clefable|100/100|[from] item: Leftovers
|upkeep
|turn|8
|
|t:|1625141744
|move|p2a: Tyranitar|Stone Edge|p1a: Clefable
|-damage|p1a: Clefable|61/100
|move|p1a: Clefable|Calm Mind|p1a: Clefable
|-boost|p1a: Clefable|spa|1
|-boost|p1a: Clefable|spd|1
|
|-weather|Sandstorm|[upkeep]
|-damage|p1a: Clefable|55/100|[from] Sandstorm
|-heal|p1a: Clefable|61/100|[from] item: Leftovers
|upkeep
|turn|9
|
|t:|1625141749
|move|p2a: Tyranitar|Stone Edge|p1a: Clefable
|-damage|p1a: Clefable|21/100
|move|p1a: Clefable|Soft-Boiled|p1a: Clefable
|-heal|p1a: Clefable|71/100
|
|-weather|Sandstorm|[upkeep]
|-damage|p1a: Clefable|64/100|[from] Sandstorm
|-heal|p1a: Clefable|71/100|[from] item: Leftovers
|upkeep
|turn|10
|
|t:|1625141752
|move|p2a: Tyranitar|Stone Edge|p1a: Clefable|[miss]
|-miss|p2a: Tyranitar|p1a: Clefable
|move|p1a: Clefable|Soft-Boiled|p1a: Clefable
|-heal|p1a: Clefable|100/100
|
|-weather|none
|upkeep
|turn|11
|
|t:|1625141755
|move|p2a: Tyranitar|Stone Edge|p1a: Clefable
|-damage|p1a: Clefable|57/100
|move|p1a: Clefable|Calm Mind|p1a: Clefable
|-boost|p1a: Clefable|spa|1
|-boost|p1a: Clefable|spd|1
|
|-heal|p1a: Clefable|63/100|[from] item: Leftovers
|upkeep
|turn|12
|
|t:|1625141758
|move|p2a: Tyranitar|Stone Edge|p1a: Clefable
|-damage|p1a: Clefable|19/100
|move|p1a: Clefable|Soft-Boiled|p1a: Clefable
|-heal|p1a: Clefable|69/100
|
|-heal|p1a: Clefable|75/100|[from] item: Leftovers
|-sideend|p2: LT81YL Mix|move: Aurora Veil
|upkeep
|turn|13
|
|t:|1625141761
|move|p2a: Tyranitar|Stone Edge|p1a: Clefable
|-damage|p1a: Clefable|32/100
|move|p1a: Clefable|Soft-Boiled|p1a: Clefable
|-heal|p1a: Clefable|82/100
|
|-heal|p1a: Clefable|89/100|[from] item: Leftovers
|upkeep
|turn|14
|
|t:|1625141774
|switch|p2a: Ninetales|Ninetales-Alola, M|100/100
|-weather|Hail|[from] ability: Snow Warning|[of] p2a: Ninetales
|move|p1a: Clefable|Moonblast|p2a: Ninetales
|-damage|p2a: Ninetales|29/100
|
|-weather|Hail|[upkeep]
|-damage|p1a: Clefable|82/100|[from] Hail
|-heal|p1a: Clefable|89/100|[from] item: Leftovers
|upkeep
|turn|15
|
|t:|1625141782
|switch|p1a: Ferrothorn|Ferrothorn, M|100/100
|move|p2a: Ninetales|Aurora Veil|p2a: Ninetales
|-sidestart|p2: LT81YL Mix|move: Aurora Veil
|
|-weather|Hail|[upkeep]
|-damage|p1a: Ferrothorn|94/100|[from] Hail
|-heal|p1a: Ferrothorn|100/100|[from] item: Leftovers
|upkeep
|turn|16
|
|t:|1625141799
|switch|p2a: Rillaboom|Rillaboom, M|100/100
|-fieldstart|move: Grassy Terrain|[from] ability: Grassy Surge|[of] p2a: Rillaboom
|move|p1a: Ferrothorn|Spikes|p2a: Rillaboom
|-sidestart|p2: LT81YL Mix|Spikes
|
|-weather|Hail|[upkeep]
|-damage|p2a: Rillaboom|94/100|[from] Hail
|-damage|p1a: Ferrothorn|94/100|[from] Hail
|-heal|p2a: Rillaboom|100/100|[from] Grassy Terrain
|-heal|p1a: Ferrothorn|100/100|[from] Grassy Terrain
|upkeep
|turn|17
|
|t:|1625141812
|switch|p2a: Latias|Latias, F|100/100
|-enditem|p2a: Latias|Grassy Seed
|-boost|p2a: Latias|def|1|[from] item: Grassy Seed
|move|p1a: Ferrothorn|Knock Off|p2a: Latias
|-supereffective|p2a: Latias
|-damage|p2a: Latias|91/100
|
|-weather|Hail|[upkeep]
|-damage|p2a: Latias|85/100|[from] Hail
|-damage|p1a: Ferrothorn|94/100|[from] Hail
|-heal|p1a: Ferrothorn|100/100|[from] Grassy Terrain
|upkeep
|turn|18
|
|t:|1625141819
|switch|p1a: Clefable|Clefable, F|89/100
|move|p2a: Latias|Calm Mind|p2a: Latias
|-boost|p2a: Latias|spa|1
|-boost|p2a: Latias|spd|1
|
|-weather|none
|-heal|p1a: Clefable|95/100|[from] Grassy Terrain
|-heal|p1a: Clefable|100/100|[from] item: Leftovers
|upkeep
|turn|19
|
|t:|1625141827
|move|p2a: Latias|Calm Mind|p2a: Latias
|-boost|p2a: Latias|spa|1
|-boost|p2a: Latias|spd|1
|move|p1a: Clefable|Calm Mind|p1a: Clefable
|-boost|p1a: Clefable|spa|1
|-boost|p1a: Clefable|spd|1
|
|upkeep
|turn|20
|
|t:|1625141831
|move|p2a: Latias|Calm Mind|p2a: Latias
|-boost|p2a: Latias|spa|1
|-boost|p2a: Latias|spd|1
|move|p1a: Clefable|Calm Mind|p1a: Clefable
|-boost|p1a: Clefable|spa|1
|-boost|p1a: Clefable|spd|1
|
|-fieldend|move: Grassy Terrain
|upkeep
|turn|21
|
|t:|1625141834
|move|p2a: Latias|Stored Power|p1a: Clefable
|-damage|p1a: Clefable|72/100
|move|p1a: Clefable|Calm Mind|p1a: Clefable
|-boost|p1a: Clefable|spa|1
|-boost|p1a: Clefable|spd|1
|
|-heal|p1a: Clefable|78/100|[from] item: Leftovers
|upkeep
|turn|22
|
|t:|1625141839
|move|p2a: Latias|Calm Mind|p2a: Latias
|-boost|p2a: Latias|spa|1
|-boost|p2a: Latias|spd|1
|move|p1a: Clefable|Moonblast|p2a: Latias
|-supereffective|p2a: Latias
|-damage|p2a: Latias|31/100
|-unboost|p2a: Latias|spa|1
|
|-heal|p1a: Clefable|84/100|[from] item: Leftovers
|-sideend|p2: LT81YL Mix|move: Aurora Veil
|upkeep
|turn|23
|
|t:|1625141844
|move|p2a: Latias|Stored Power|p1a: Clefable
|-damage|p1a: Clefable|58/100
|move|p1a: Clefable|Soft-Boiled|p1a: Clefable
|-heal|p1a: Clefable|100/100
|
|upkeep
|turn|24
|
|t:|1625141851
|move|p2a: Latias|Stored Power|p1a: Clefable
|-damage|p1a: Clefable|76/100
|move|p1a: Clefable|Moonblast|p2a: Latias
|-supereffective|p2a: Latias
|-damage|p2a: Latias|0 fnt
|faint|p2a: Latias
|
|-heal|p1a: Clefable|82/100|[from] item: Leftovers
|upkeep
|-message|LT81YL Mix forfeited.
|
|win|supersam10001
|raw|supersam10001's rating: 1563 &rarr; <strong>1585</strong><br />(+22 for winning)
|raw|LT81YL Mix's rating: 1598 &rarr; <strong>1576</strong><br />(-22 for losing)
|l|☆LT81YL Mix
