|raw|<div class="broadcast-blue"><strong>This battle is required to be public due to a player having a name starting with 'LT74PF'.</div>
|j|☆LT74PF KS
|j|☆ezwz
|t:|1601215266
|player|p1|LT74PF KS|169|1907
|player|p2|ezwz|youngster-gen4|1985
|teamsize|p1|6
|teamsize|p2|6
|gametype|singles
|gen|8
|tier|[Gen 8] OU
|rated|
|html|<div class="broadcast-blue"><strong>OU is currently suspecting Cinderace! For information on how to participate check out the <a href="https://www.smogon.com/forums/threads/3670532/">suspect thread</a>.</strong></div>
|clearpoke
|poke|p1|Clefable, M|
|poke|p1|Dracozolt|
|poke|p1|Hippowdon, M|
|poke|p1|Primarina, M|
|poke|p1|Cinderace, M|
|poke|p1|Zeraora|
|poke|p2|Excadrill, F|
|poke|p2|Tangrowth, M|
|poke|p2|Arcanine, F|
|poke|p2|Dragapult, F|
|poke|p2|Clefable, M|
|poke|p2|Urshifu-*, F|
|rule|Sleep Clause Mod: Limit one foe put to sleep
|rule|Species Clause: Limit one of each Pokémon
|rule|OHKO Clause: OHKO moves are banned
|rule|Evasion Moves Clause: Evasion moves are banned
|rule|Endless Battle Clause: Forcing endless battles is banned
|rule|HP Percentage Mod: HP is shown in percentages
|rule|Dynamax Clause: You cannot dynamax
|teampreview
|j| 1v1ers
|j| KrystalFish
|
|t:|1601215303
|start
|switch|p1a: Primarina|Primarina, M|100/100
|switch|p2a: Arcanine|Arcanine, F|100/100
|-ability|p2a: Arcanine|Intimidate|boost
|-unboost|p1a: Primarina|atk|1
|turn|1
|
|t:|1601215310
|move|p2a: Arcanine|Toxic|p1a: Primarina
|-status|p1a: Primarina|tox
|move|p1a: Primarina|Scald|p2a: Arcanine
|-supereffective|p2a: Arcanine
|-damage|p2a: Arcanine|0 fnt
|faint|p2a: Arcanine
|
|-damage|p1a: Primarina|94/100 tox|[from] psn
|upkeep
|
|t:|1601215335
|switch|p2a: Clefable|Clefable, M|100/100
|turn|2
|
|t:|1601215349
|move|p1a: Primarina|Scald|p2a: Clefable
|-damage|p2a: Clefable|45/100
|move|p2a: Clefable|Calm Mind|p2a: Clefable
|-boost|p2a: Clefable|spa|1
|-boost|p2a: Clefable|spd|1
|
|-heal|p2a: Clefable|51/100|[from] item: Leftovers
|-damage|p1a: Primarina|82/100 tox|[from] psn
|upkeep
|turn|3
|
|t:|1601215355
|switch|p1a: Cinderace|Cinderace, M|100/100
|move|p2a: Clefable|Soft-Boiled|p2a: Clefable
|-heal|p2a: Clefable|100/100
|
|upkeep
|turn|4
|
|t:|1601215362
|move|p1a: Cinderace|Gunk Shot|p2a: Clefable
|-start|p1a: Cinderace|typechange|Poison|[from] ability: Libero
|-supereffective|p2a: Clefable
|-damage|p2a: Clefable|0 fnt
|faint|p2a: Clefable
|
|upkeep
|
|t:|1601215367
|switch|p2a: Dragapult|Dragapult, F|100/100
|turn|5
|
|t:|1601215398
|switch|p1a: Zeraora|Zeraora|100/100
|move|p2a: Dragapult|Will-O-Wisp|p1a: Zeraora
|-status|p1a: Zeraora|brn
|
|-damage|p1a: Zeraora|95/100 brn|[from] brn
|upkeep
|turn|6
|
|t:|1601215402
|switch|p2a: Tangrowth|Tangrowth, M|100/100
|move|p1a: Zeraora|Knock Off|p2a: Tangrowth
|-damage|p2a: Tangrowth|93/100
|-damage|p1a: Zeraora|78/100 brn|[from] item: Rocky Helmet|[of] p2a: Tangrowth
|-enditem|p2a: Tangrowth|Rocky Helmet|[from] move: Knock Off|[of] p1a: Zeraora
|
|-damage|p1a: Zeraora|72/100 brn|[from] brn
|upkeep
|turn|7
|
|t:|1601215408
|move|p1a: Zeraora|Volt Switch|p2a: Tangrowth
|-resisted|p2a: Tangrowth
|-damage|p2a: Tangrowth|77/100
|
|t:|1601215421
|switch|p1a: Dracozolt|Dracozolt|100/100|[from]move: Volt Switch
|move|p2a: Tangrowth|Sludge Bomb|p1a: Dracozolt
|-damage|p1a: Dracozolt|76/100
|-status|p1a: Dracozolt|psn
|
|-damage|p1a: Dracozolt|63/100 psn|[from] psn
|upkeep
|turn|8
|
|t:|1601215430
|switch|p2a: Excadrill|Excadrill, F|100/100
|-ability|p2a: Excadrill|Mold Breaker
|move|p1a: Dracozolt|Fire Fang|p2a: Excadrill
|-supereffective|p2a: Excadrill
|-damage|p2a: Excadrill|24/100
|
|-heal|p2a: Excadrill|30/100|[from] item: Leftovers
|-damage|p1a: Dracozolt|51/100 psn|[from] psn
|upkeep
|turn|9
|
|t:|1601215442
|switch|p2a: Urshifu|Urshifu, F|100/100
|move|p1a: Dracozolt|Fire Fang|p2a: Urshifu|[miss]
|-miss|p1a: Dracozolt|p2a: Urshifu
|
|-damage|p1a: Dracozolt|39/100 psn|[from] psn
|upkeep
|turn|10
|
|t:|1601215447
|move|p2a: Urshifu|Poison Jab|p1a: Dracozolt
|-damage|p1a: Dracozolt|0 fnt
|faint|p1a: Dracozolt
|
|upkeep
|
|t:|1601215458
|switch|p1a: Cinderace|Cinderace, M|100/100
|turn|11
|
|t:|1601215460
|move|p1a: Cinderace|Gunk Shot|p2a: Urshifu
|-start|p1a: Cinderace|typechange|Poison|[from] ability: Libero
|-damage|p2a: Urshifu|38/100
|-status|p2a: Urshifu|psn
|move|p2a: Urshifu|Poison Jab|p1a: Cinderace
|-resisted|p1a: Cinderace
|-damage|p1a: Cinderace|70/100
|
|-damage|p2a: Urshifu|25/100 psn|[from] psn
|upkeep
|turn|12
|
|t:|1601215472
|switch|p2a: Dragapult|Dragapult, F|100/100
|move|p1a: Cinderace|Pyro Ball|p2a: Dragapult
|-start|p1a: Cinderace|typechange|Fire|[from] ability: Libero
|-resisted|p2a: Dragapult
|-crit|p2a: Dragapult
|-damage|p2a: Dragapult|40/100
|
|-heal|p2a: Dragapult|46/100|[from] item: Leftovers
|upkeep
|turn|13
|
|t:|1601215486
|switch|p1a: Zeraora|Zeraora|72/100 brn
|move|p2a: Dragapult|Dragon Darts|p1a: Zeraora
|-damage|p1a: Zeraora|43/100 brn
|-anim|p2a: Dragapult|Dragon Darts|p1a: Zeraora
|-damage|p1a: Zeraora|12/100 brn
|
|-heal|p2a: Dragapult|52/100|[from] item: Leftovers
|-damage|p1a: Zeraora|6/100 brn|[from] brn
|upkeep
|turn|14
|
|t:|1601215491
|switch|p2a: Tangrowth|Tangrowth, M|100/100
|move|p1a: Zeraora|Knock Off|p2a: Tangrowth
|-damage|p2a: Tangrowth|95/100
|
|-damage|p1a: Zeraora|0 fnt|[from] brn
|faint|p1a: Zeraora
|upkeep
|j| Mojino Loic
|
|t:|1601215494
|switch|p1a: Primarina|Primarina, M|82/100 tox
|turn|15
|j| The Promised Storm
|l| KrystalFish
|
|t:|1601215554
|switch|p2a: Urshifu|Urshifu, F|25/100 psn
|move|p1a: Primarina|Moonblast|p2a: Urshifu
|-supereffective|p2a: Urshifu
|-damage|p2a: Urshifu|0 fnt
|faint|p2a: Urshifu
|
|-damage|p1a: Primarina|76/100 tox|[from] psn
|upkeep
|j| Jey2
|
|t:|1601215583
|switch|p2a: Dragapult|Dragapult, F|52/100
|turn|16
|
|t:|1601215587
|move|p2a: Dragapult|Substitute|p2a: Dragapult
|-start|p2a: Dragapult|Substitute
|-damage|p2a: Dragapult|27/100
|move|p1a: Primarina|Moonblast|p2a: Dragapult
|-supereffective|p2a: Dragapult
|-end|p2a: Dragapult|Substitute
|
|-heal|p2a: Dragapult|33/100|[from] item: Leftovers
|-damage|p1a: Primarina|64/100 tox|[from] psn
|upkeep
|turn|17
|j| Uncool_loser
|
|t:|1601215594
|move|p2a: Dragapult|Substitute|p2a: Dragapult
|-start|p2a: Dragapult|Substitute
|-damage|p2a: Dragapult|8/100
|move|p1a: Primarina|Moonblast|p2a: Dragapult
|-supereffective|p2a: Dragapult
|-end|p2a: Dragapult|Substitute
|
|-heal|p2a: Dragapult|14/100|[from] item: Leftovers
|-damage|p1a: Primarina|46/100 tox|[from] psn
|upkeep
|turn|18
|
|t:|1601215599
|switch|p1a: Clefable|Clefable, M|100/100
|move|p2a: Dragapult|Hex|p1a: Clefable
|-damage|p1a: Clefable|71/100
|
|-heal|p2a: Dragapult|20/100|[from] item: Leftovers
|-heal|p1a: Clefable|77/100|[from] item: Leftovers
|upkeep
|turn|19
|
|t:|1601215602
|switch|p2a: Excadrill|Excadrill, F|30/100
|-ability|p2a: Excadrill|Mold Breaker
|move|p1a: Clefable|Moonblast|p2a: Excadrill
|-resisted|p2a: Excadrill
|-damage|p2a: Excadrill|18/100
|
|-heal|p2a: Excadrill|25/100|[from] item: Leftovers
|-heal|p1a: Clefable|83/100|[from] item: Leftovers
|upkeep
|turn|20
|
|t:|1601215610
|switch|p1a: Hippowdon|Hippowdon, M|100/100
|-weather|Sandstorm|[from] ability: Sand Stream|[of] p1a: Hippowdon
|move|p2a: Excadrill|Stealth Rock|p1a: Hippowdon
|-sidestart|p1: LT74PF KS|move: Stealth Rock
|
|-weather|Sandstorm|[upkeep]
|-heal|p2a: Excadrill|31/100|[from] item: Leftovers
|upkeep
|turn|21
|
|t:|1601215613
|switch|p2a: Tangrowth|Tangrowth, M|100/100
|move|p1a: Hippowdon|Stealth Rock|p2a: Tangrowth
|-sidestart|p2: ezwz|move: Stealth Rock
|
|-weather|Sandstorm|[upkeep]
|-damage|p2a: Tangrowth|94/100|[from] Sandstorm
|upkeep
|turn|22
|
|t:|1601215638
|switch|p1a: Cinderace|Cinderace, M|70/100
|move|p2a: Tangrowth|Giga Drain|p1a: Cinderace
|-resisted|p1a: Cinderace
|-crit|p1a: Cinderace
|-damage|p1a: Cinderace|41/100
|-heal|p2a: Tangrowth|100/100|[from] drain|[of] p1a: Cinderace
|
|-weather|Sandstorm|[upkeep]
|-damage|p1a: Cinderace|35/100|[from] Sandstorm
|-damage|p2a: Tangrowth|94/100|[from] Sandstorm
|upkeep
|turn|23
|
|t:|1601215649
|move|p1a: Cinderace|Pyro Ball|p2a: Tangrowth
|-supereffective|p2a: Tangrowth
|-damage|p2a: Tangrowth|33/100
|move|p2a: Tangrowth|Knock Off|p1a: Cinderace
|-damage|p1a: Cinderace|5/100
|-enditem|p1a: Cinderace|Heavy-Duty Boots|[from] move: Knock Off|[of] p2a: Tangrowth
|
|-weather|Sandstorm|[upkeep]
|-damage|p1a: Cinderace|0 fnt|[from] Sandstorm
|-damage|p2a: Tangrowth|27/100|[from] Sandstorm
|faint|p1a: Cinderace
|upkeep
|
|t:|1601215654
|switch|p1a: Primarina|Primarina, M|46/100 tox
|-damage|p1a: Primarina|33/100 tox|[from] Stealth Rock
|turn|24
|
|t:|1601215667
|switch|p2a: Dragapult|Dragapult, F|20/100
|-damage|p2a: Dragapult|7/100|[from] Stealth Rock
|move|p1a: Primarina|Moonblast|p2a: Dragapult
|-supereffective|p2a: Dragapult
|-damage|p2a: Dragapult|0 fnt
|faint|p2a: Dragapult
|
|-weather|none
|-damage|p1a: Primarina|27/100 tox|[from] psn
|upkeep
|
|t:|1601215670
|switch|p2a: Excadrill|Excadrill, F|31/100
|-damage|p2a: Excadrill|28/100|[from] Stealth Rock
|-ability|p2a: Excadrill|Mold Breaker
|turn|25
|
|t:|1601215687
|switch|p1a: Hippowdon|Hippowdon, M|100/100
|-damage|p1a: Hippowdon|94/100|[from] Stealth Rock
|-weather|Sandstorm|[from] ability: Sand Stream|[of] p1a: Hippowdon
|move|p2a: Excadrill|Rapid Spin|p1a: Hippowdon
|-damage|p1a: Hippowdon|86/100
|-boost|p2a: Excadrill|spe|1
|-damage|p2a: Excadrill|11/100|[from] item: Rocky Helmet|[of] p1a: Hippowdon
|-sideend|p2: ezwz|Stealth Rock|[from] move: Rapid Spin|[of] p2a: Excadrill
|
|-weather|Sandstorm|[upkeep]
|-heal|p2a: Excadrill|17/100|[from] item: Leftovers
|upkeep
|turn|26
|
|t:|1601215694
|switch|p2a: Tangrowth|Tangrowth, M|60/100
|move|p1a: Hippowdon|Toxic|p2a: Tangrowth
|-status|p2a: Tangrowth|tox
|
|-weather|Sandstorm|[upkeep]
|-damage|p2a: Tangrowth|54/100 tox|[from] Sandstorm
|-damage|p2a: Tangrowth|48/100 tox|[from] psn
|upkeep
|turn|27
|
|t:|1601215697
|switch|p1a: Clefable|Clefable, M|83/100
|-damage|p1a: Clefable|70/100|[from] Stealth Rock
|move|p2a: Tangrowth|Giga Drain|p1a: Clefable
|-damage|p1a: Clefable|42/100
|-heal|p2a: Tangrowth|61/100 tox|[from] drain|[of] p1a: Clefable
|
|-weather|Sandstorm|[upkeep]
|-damage|p1a: Clefable|36/100|[from] Sandstorm
|-damage|p2a: Tangrowth|55/100 tox|[from] Sandstorm
|-heal|p1a: Clefable|42/100|[from] item: Leftovers
|-damage|p2a: Tangrowth|43/100 tox|[from] psn
|upkeep
|turn|28
|
|t:|1601215702
|switch|p2a: Excadrill|Excadrill, F|17/100
|-ability|p2a: Excadrill|Mold Breaker
|move|p1a: Clefable|Teleport|p1a: Clefable
|
|t:|1601215704
|switch|p1a: Hippowdon|Hippowdon, M|86/100|[from]move: Teleport
|-damage|p1a: Hippowdon|80/100|[from] Stealth Rock
|
|-weather|Sandstorm|[upkeep]
|-heal|p2a: Excadrill|23/100|[from] item: Leftovers
|upkeep
|turn|29
|
|t:|1601215717
|switch|p2a: Tangrowth|Tangrowth, M|76/100 tox
|move|p1a: Hippowdon|Earthquake|p2a: Tangrowth
|-resisted|p2a: Tangrowth
|-damage|p2a: Tangrowth|67/100 tox
|
|-weather|none
|-damage|p2a: Tangrowth|60/100 tox|[from] psn
|upkeep
|turn|30
|
|t:|1601215721
|switch|p1a: Clefable|Clefable, M|42/100
|-damage|p1a: Clefable|30/100|[from] Stealth Rock
|move|p2a: Tangrowth|Giga Drain|p1a: Clefable
|-damage|p1a: Clefable|3/100
|-heal|p2a: Tangrowth|74/100 tox|[from] drain|[of] p1a: Clefable
|
|-heal|p1a: Clefable|9/100|[from] item: Leftovers
|-damage|p2a: Tangrowth|61/100 tox|[from] psn
|upkeep
|turn|31
|
|t:|1601215730
|switch|p2a: Excadrill|Excadrill, F|23/100
|-ability|p2a: Excadrill|Mold Breaker
|move|p1a: Clefable|Teleport|p1a: Clefable
|
|t:|1601215732
|switch|p1a: Hippowdon|Hippowdon, M|80/100|[from]move: Teleport
|-damage|p1a: Hippowdon|74/100|[from] Stealth Rock
|-weather|Sandstorm|[from] ability: Sand Stream|[of] p1a: Hippowdon
|
|-weather|Sandstorm|[upkeep]
|-heal|p2a: Excadrill|30/100|[from] item: Leftovers
|upkeep
|turn|32
|
|t:|1601215735
|switch|p2a: Tangrowth|Tangrowth, M|94/100 tox
|move|p1a: Hippowdon|Earthquake|p2a: Tangrowth
|-resisted|p2a: Tangrowth
|-damage|p2a: Tangrowth|83/100 tox
|
|-weather|Sandstorm|[upkeep]
|-damage|p2a: Tangrowth|77/100 tox|[from] Sandstorm
|-damage|p2a: Tangrowth|71/100 tox|[from] psn
|upkeep
|turn|33
|
|t:|1601215741
|switch|p1a: Clefable|Clefable, M|9/100
|-damage|p1a: Clefable|0 fnt|[from] Stealth Rock
|faint|p1a: Clefable
|move|p2a: Tangrowth|Giga Drain|p1: Clefable|[notarget]
|-fail|p2a: Tangrowth
|
|-weather|Sandstorm|[upkeep]
|-damage|p2a: Tangrowth|65/100 tox|[from] Sandstorm
|-damage|p2a: Tangrowth|52/100 tox|[from] psn
|upkeep
|
|t:|1601215743
|switch|p1a: Primarina|Primarina, M|27/100 tox
|-damage|p1a: Primarina|15/100 tox|[from] Stealth Rock
|turn|34
|
|t:|1601215756
|switch|p2a: Excadrill|Excadrill, F|30/100
|-ability|p2a: Excadrill|Mold Breaker
|move|p1a: Primarina|Moonblast|p2a: Excadrill
|-resisted|p2a: Excadrill
|-damage|p2a: Excadrill|0 fnt
|faint|p2a: Excadrill
|
|-weather|Sandstorm|[upkeep]
|-damage|p1a: Primarina|9/100 tox|[from] Sandstorm
|-damage|p1a: Primarina|3/100 tox|[from] psn
|upkeep
|
|t:|1601215759
|switch|p2a: Tangrowth|Tangrowth, M|86/100 tox
|turn|35
|
|t:|1601215764
|move|p1a: Primarina|Moonblast|p2a: Tangrowth
|-damage|p2a: Tangrowth|0 fnt
|faint|p2a: Tangrowth
|
|win|LT74PF KS
|raw|LT74PF KS's rating: 1907 &rarr; <strong>1931</strong><br />(+24 for winning)
|raw|ezwz's rating: 1986 &rarr; <strong>1961</strong><br />(-25 for losing)
