|j|☆GaijinEagle
|j|☆xdfmi
|t:|1596553819
|player|p1|GaijinEagle|102|1256
|player|p2|xdfmi|swimmerf-gen4|1260
|teamsize|p1|6
|teamsize|p2|6
|gametype|singles
|gen|8
|tier|[Gen 8] OU
|rated|
|html|<div class="broadcast-blue"><strong>OU is currently suspecting Magearna! For information on how to participate check out the <a href="https://www.smogon.com/forums/threads/3667669/">suspect thread</a>.</strong></div>
|clearpoke
|poke|p1|Shuckle, F|
|poke|p1|Urshifu-*, M|
|poke|p1|Lycanroc-Dusk, F|
|poke|p1|Alakazam, F|
|poke|p1|Cinderace, F|
|poke|p1|Dragapult, F|
|poke|p2|Pelipper, M|
|poke|p2|Kingdra, M|
|poke|p2|Barraskewda, F|
|poke|p2|Ferrothorn, M|
|poke|p2|Dragapult, F|
|poke|p2|Scizor, M|
|rule|Sleep Clause Mod: Limit one foe put to sleep
|rule|Species Clause: Limit one of each Pokémon
|rule|OHKO Clause: OHKO moves are banned
|rule|Evasion Moves Clause: Evasion moves are banned
|rule|Endless Battle Clause: Forcing endless battles is banned
|rule|HP Percentage Mod: HP is shown in percentages
|rule|Dynamax Clause: You cannot dynamax
|teampreview
|inactive|Battle timer is ON: inactive players will automatically lose when time's up. (requested by GaijinEagle)
|inactive|GaijinEagle has 120 seconds left.
|inactive|GaijinEagle has 90 seconds left.
|inactive|GaijinEagle has 60 seconds left.
|inactive|GaijinEagle has 30 seconds left.
|inactive|GaijinEagle has 20 seconds left.
|inactive|GaijinEagle has 15 seconds left.
|inactiveoff|Battle timer is now OFF.
|
|t:|1596553959
|start
|switch|p1a: Shuckle|Shuckle, F|100/100
|switch|p2a: Barraskewda|Barraskewda, F|100/100
|turn|1
|
|t:|1596553967
|move|p2a: Barraskewda|Flip Turn|p1a: Shuckle
|-supereffective|p1a: Shuckle
|-damage|p1a: Shuckle|36/100
|
|t:|1596553970
|switch|p2a: Pelipper|Pelipper, M|100/100|[from]move: Flip Turn
|-weather|RainDance|[from] ability: Drizzle|[of] p2a: Pelipper
|move|p1a: Shuckle|Sticky Web|p2a: Pelipper
|-sidestart|p2: xdfmi|move: Sticky Web
|
|-weather|RainDance|[upkeep]
|upkeep
|turn|2
|
|t:|1596553983
|move|p2a: Pelipper|Defog|p1a: Shuckle
|-unboost|p1a: Shuckle|evasion|1
|-sideend|p2: xdfmi|Sticky Web|[from] move: Defog|[of] p2a: Pelipper
|move|p1a: Shuckle|Final Gambit|p2a: Pelipper
|-damage|p2a: Pelipper|74/100
|faint|p1a: Shuckle
|
|-weather|RainDance|[upkeep]
|upkeep
|
|t:|1596554009
|switch|p1a: Dragapult|Dragapult, F|100/100
|turn|3
|
|t:|1596554012
|switch|p2a: Ferrothorn|Ferrothorn, M|100/100
|move|p1a: Dragapult|Dragon Darts|p2a: Ferrothorn
|-resisted|p2a: Ferrothorn
|-damage|p2a: Ferrothorn|90/100
|-anim|p1a: Dragapult|Dragon Darts|p2a: Ferrothorn
|-resisted|p2a: Ferrothorn
|-damage|p2a: Ferrothorn|80/100
|-damage|p1a: Dragapult|91/100|[from] item: Life Orb
|
|-weather|RainDance|[upkeep]
|-heal|p2a: Ferrothorn|87/100|[from] item: Leftovers
|upkeep
|turn|4
|
|t:|1596554030
|move|p1a: Dragapult|Phantom Force||[still]
|-prepare|p1a: Dragapult|Phantom Force
|move|p2a: Ferrothorn|Knock Off|p1a: Dragapult|[miss]
|-miss|p2a: Ferrothorn|p1a: Dragapult
|
|-weather|RainDance|[upkeep]
|-heal|p2a: Ferrothorn|93/100|[from] item: Leftovers
|upkeep
|turn|5
|
|t:|1596554036
|move|p1a: Dragapult|Phantom Force|p2a: Ferrothorn|[from]lockedmove
|-damage|p2a: Ferrothorn|56/100
|-damage|p1a: Dragapult|78/100|[from] ability: Iron Barbs|[of] p2a: Ferrothorn
|-damage|p1a: Dragapult|69/100|[from] item: Life Orb
|move|p2a: Ferrothorn|Knock Off|p1a: Dragapult
|-supereffective|p1a: Dragapult
|-damage|p1a: Dragapult|11/100
|-enditem|p1a: Dragapult|Life Orb|[from] move: Knock Off|[of] p2a: Ferrothorn
|
|-weather|RainDance|[upkeep]
|-heal|p2a: Ferrothorn|62/100|[from] item: Leftovers
|upkeep
|turn|6
|
|t:|1596554047
|switch|p1a: Lycanroc|Lycanroc-Dusk, F|100/100
|move|p2a: Ferrothorn|Stealth Rock|p1a: Lycanroc
|-sidestart|p1: GaijinEagle|move: Stealth Rock
|
|-weather|RainDance|[upkeep]
|-heal|p2a: Ferrothorn|68/100|[from] item: Leftovers
|upkeep
|turn|7
|
|t:|1596554053
|move|p1a: Lycanroc|Close Combat|p2a: Ferrothorn
|-supereffective|p2a: Ferrothorn
|-damage|p2a: Ferrothorn|0 fnt
|-unboost|p1a: Lycanroc|def|1
|-unboost|p1a: Lycanroc|spd|1
|-damage|p1a: Lycanroc|88/100|[from] ability: Iron Barbs|[of] p2a: Ferrothorn
|-damage|p1a: Lycanroc|78/100|[from] item: Life Orb
|faint|p2a: Ferrothorn
|
|-weather|RainDance|[upkeep]
|upkeep
|
|t:|1596554058
|switch|p2a: Dragapult|Dragapult, F|100/100
|turn|8
|
|t:|1596554069
|move|p1a: Lycanroc|Accelerock|p2a: Dragapult
|-damage|p2a: Dragapult|54/100
|-damage|p1a: Lycanroc|68/100|[from] item: Life Orb
|move|p2a: Dragapult|Shadow Ball|p1a: Lycanroc
|-damage|p1a: Lycanroc|0 fnt
|faint|p1a: Lycanroc
|
|-weather|none
|upkeep
|
|t:|1596554077
|switch|p1a: Urshifu|Urshifu, M|100/100
|-damage|p1a: Urshifu|94/100|[from] Stealth Rock
|turn|9
|
|t:|1596554085
|switch|p2a: Scizor|Scizor, M|100/100
|move|p1a: Urshifu|Sucker Punch||[still]
|-fail|p1a: Urshifu
|
|upkeep
|turn|10
|
|t:|1596554107
|move|p1a: Urshifu|Wicked Blow|p2a: Scizor
|-crit|p2a: Scizor
|-damage|p2a: Scizor|22/100
|-damage|p1a: Urshifu|84/100|[from] item: Life Orb
|move|p2a: Scizor|Swords Dance|p2a: Scizor
|-boost|p2a: Scizor|atk|2
|
|upkeep
|turn|11
|
|t:|1596554130
|move|p2a: Scizor|Bullet Punch|p1a: Urshifu
|-damage|p1a: Urshifu|0 fnt
|-damage|p2a: Scizor|12/100|[from] item: Life Orb
|faint|p1a: Urshifu
|
|upkeep
|
|t:|1596554136
|switch|p1a: Cinderace|Cinderace, F|100/100
|turn|12
|
|t:|1596554139
|move|p1a: Cinderace|Sucker Punch|p2a: Scizor
|-start|p1a: Cinderace|typechange|Dark|[from] ability: Libero
|-damage|p2a: Scizor|0 fnt
|faint|p2a: Scizor
|
|upkeep
|
|t:|1596554144
|switch|p2a: Pelipper|Pelipper, M|74/100
|-weather|RainDance|[from] ability: Drizzle|[of] p2a: Pelipper
|turn|13
|
|t:|1596554159
|move|p1a: Cinderace|Zen Headbutt|p2a: Pelipper
|-start|p1a: Cinderace|typechange|Psychic|[from] ability: Libero
|-crit|p2a: Pelipper
|-damage|p2a: Pelipper|7/100
|move|p2a: Pelipper|Hurricane|p1a: Cinderace
|-damage|p1a: Cinderace|28/100
|
|-weather|RainDance|[upkeep]
|upkeep
|turn|14
|
|t:|1596554169
|switch|p2a: Dragapult|Dragapult, F|54/100
|move|p1a: Cinderace|Sucker Punch||[still]
|-fail|p1a: Cinderace
|
|-weather|RainDance|[upkeep]
|upkeep
|turn|15
|
|t:|1596554173
|move|p1a: Cinderace|Sucker Punch|p2a: Dragapult
|-start|p1a: Cinderace|typechange|Dark|[from] ability: Libero
|-supereffective|p2a: Dragapult
|-damage|p2a: Dragapult|0 fnt
|faint|p2a: Dragapult
|
|-weather|RainDance|[upkeep]
|upkeep
|
|t:|1596554176
|switch|p2a: Barraskewda|Barraskewda, F|100/100
|turn|16
|
|t:|1596554187
|move|p2a: Barraskewda|Aqua Jet|p1a: Cinderace
|-damage|p1a: Cinderace|0 fnt
|faint|p1a: Cinderace
|
|-weather|RainDance|[upkeep]
|upkeep
|
|t:|1596554202
|switch|p1a: Dragapult|Dragapult, F|11/100
|-damage|p1a: Dragapult|0 fnt|[from] Stealth Rock
|faint|p1a: Dragapult
|
|t:|1596554206
|switch|p1a: Alakazam|Alakazam, F|100/100
|turn|17
|
|t:|1596554213
|move|p2a: Barraskewda|Aqua Jet|p1a: Alakazam
|-enditem|p1a: Alakazam|Focus Sash
|-damage|p1a: Alakazam|1/100
|move|p1a: Alakazam|Psychic|p2a: Barraskewda
|-damage|p2a: Barraskewda|0 fnt
|faint|p2a: Barraskewda
|
|-weather|RainDance|[upkeep]
|upkeep
|
|t:|1596554218
|switch|p2a: Kingdra|Kingdra, M|100/100
|turn|18
|
|t:|1596554228
|move|p2a: Kingdra|Surf|p1a: Alakazam
|-damage|p1a: Alakazam|0 fnt
|faint|p1a: Alakazam
|
|win|xdfmi
|c|☆GaijinEagle|gg
|l|☆xdfmi
