|j|☆Greengamer12
|j|☆khatru69
|t:|1659721769
|gametype|singles
|player|p1|Greengamer12|170|1453
|player|p2|khatru69|rosa|1403
|teamsize|p1|6
|teamsize|p2|6
|gen|8
|tier|[Gen 8] OU
|rated|
|rule|Sleep Clause Mod: Limit one foe put to sleep
|rule|Species Clause: Limit one of each Pokémon
|rule|OHKO Clause: OHKO moves are banned
|rule|Evasion Items Clause: Evasion items are banned
|rule|Evasion Moves Clause: Evasion moves are banned
|rule|Endless Battle Clause: Forcing endless battles is banned
|rule|HP Percentage Mod: HP is shown in percentages
|rule|Dynamax Clause: You cannot dynamax
|clearpoke
|poke|p1|Nihilego|
|poke|p1|Landorus-Therian, M|
|poke|p1|Ferrothorn, F|
|poke|p1|Slowbro, M|
|poke|p1|Weavile, F|
|poke|p1|Urshifu-*, F|
|poke|p2|Skarmory, F|
|poke|p2|Dragapult, F|
|poke|p2|Toxtricity-Low-Key, M|
|poke|p2|Bisharp, M|
|poke|p2|Tapu Fini|
|poke|p2|Blaziken, F|
|teampreview
|inactive|Battle timer is ON: inactive players will automatically lose when time's up. (requested by Greengamer12)
|
|t:|1659721788
|start
|switch|p1a: Nihilego|Nihilego|100/100
|switch|p2a: Skarmory|Skarmory, F|100/100
|turn|1
|
|t:|1659721793
|move|p1a: Nihilego|Power Gem|p2a: Skarmory
|-crit|p2a: Skarmory
|-ability|p2a: Skarmory|Sturdy
|-damage|p2a: Skarmory|1/100
|move|p2a: Skarmory|Spikes|p1a: Nihilego
|-sidestart|p1: Greengamer12|Spikes
|
|upkeep
|turn|2
|-enditem|p2a: Skarmory|Custap Berry|[eat]
|-activate|p2a: Skarmory|item: Custap Berry|[consumed]
|
|t:|1659721800
|move|p2a: Skarmory|Stealth Rock|p1a: Nihilego
|-sidestart|p1: Greengamer12|move: Stealth Rock
|move|p1a: Nihilego|Power Gem|p2a: Skarmory
|-damage|p2a: Skarmory|0 fnt
|faint|p2a: Skarmory
|-ability|p1a: Nihilego|Beast Boost|boost
|-boost|p1a: Nihilego|spa|1
|
|upkeep
|
|t:|1659721828
|switch|p2a: Tapu Fini|Tapu Fini|100/100
|-fieldstart|move: Misty Terrain|[from] ability: Misty Surge|[of] p2a: Tapu Fini
|turn|3
|
|t:|1659721842
|switch|p1a: Slowbro|Slowbro, M|100/100
|move|p2a: Tapu Fini|Surf|p1a: Slowbro
|-resisted|p1a: Slowbro
|-damage|p1a: Slowbro|87/100
|
|upkeep
|turn|4
|
|t:|1659721856
|switch|p2a: Bisharp|Bisharp, M, shiny|100/100
|move|p1a: Slowbro|Future Sight|p2a: Bisharp
|-start|p1a: Slowbro|move: Future Sight
|
|upkeep
|turn|5
|
|t:|1659721861
|move|p2a: Bisharp|Swords Dance|p2a: Bisharp
|-boost|p2a: Bisharp|atk|2
|move|p1a: Slowbro|Teleport|p1a: Slowbro
|
|t:|1659721863
|switch|p1a: Urshifu|Urshifu-Rapid-Strike, F|100/100|[from]move: Teleport
|-damage|p1a: Urshifu|88/100|[from] Spikes
|-damage|p1a: Urshifu|82/100|[from] Stealth Rock
|
|upkeep
|turn|6
|
|t:|1659721873
|move|p2a: Bisharp|Sucker Punch|p1a: Urshifu
|-resisted|p1a: Urshifu
|-damage|p1a: Urshifu|31/100
|-damage|p2a: Bisharp|91/100|[from] item: Life Orb
|move|p1a: Urshifu|Close Combat|p2a: Bisharp
|-supereffective|p2a: Bisharp
|-damage|p2a: Bisharp|0 fnt
|-unboost|p1a: Urshifu|def|1
|-unboost|p1a: Urshifu|spd|1
|faint|p2a: Bisharp
|
|-hint|Future Sight did not hit because the target is fainted.
|upkeep
|inactive|khatru69 has 120 seconds left.
|
|t:|1659721902
|switch|p2a: Dragapult|Dragapult, F|100/100
|turn|7
|
|t:|1659721910
|switch|p1a: Landorus|Landorus-Therian, M|100/100
|-damage|p1a: Landorus|88/100|[from] Stealth Rock
|-ability|p1a: Landorus|Intimidate|boost
|-fail|p2a: Dragapult|unboost|[from] ability: Clear Body|[of] p2a: Dragapult
|move|p2a: Dragapult|Dragon Darts|p1a: Landorus
|-damage|p1a: Landorus|53/100
|-anim|p2a: Dragapult|Dragon Darts|p1a: Landorus
|-damage|p1a: Landorus|18/100
|
|-heal|p1a: Landorus|24/100|[from] item: Leftovers
|-fieldend|Misty Terrain
|upkeep
|turn|8
|
|t:|1659721925
|move|p2a: Dragapult|Dragon Darts|p1a: Landorus
|-damage|p1a: Landorus|0 fnt
|faint|p1a: Landorus
|
|upkeep
|
|t:|1659721943
|switch|p1a: Slowbro|Slowbro, M|100/100
|turn|9
|
|t:|1659721947
|move|p2a: Dragapult|Dragon Darts|p1a: Slowbro
|-damage|p1a: Slowbro|70/100
|-anim|p2a: Dragapult|Dragon Darts|p1a: Slowbro
|-damage|p1a: Slowbro|38/100
|move|p1a: Slowbro|Scald|p2a: Dragapult
|-resisted|p2a: Dragapult
|-damage|p2a: Dragapult|83/100
|
|upkeep
|turn|10
|
|t:|1659721956
|switch|p1a: Ferrothorn|Ferrothorn, F|100/100
|-damage|p1a: Ferrothorn|88/100|[from] Spikes
|-damage|p1a: Ferrothorn|82/100|[from] Stealth Rock
|move|p2a: Dragapult|Dragon Darts|p1a: Ferrothorn
|-resisted|p1a: Ferrothorn
|-damage|p1a: Ferrothorn|71/100
|-anim|p2a: Dragapult|Dragon Darts|p1a: Ferrothorn
|-resisted|p1a: Ferrothorn
|-damage|p1a: Ferrothorn|60/100
|
|-heal|p1a: Ferrothorn|67/100|[from] item: Leftovers
|upkeep
|turn|11
|
|t:|1659721969
|switch|p2a: Blaziken|Blaziken, F, shiny|100/100
|-item|p2a: Blaziken|Air Balloon
|move|p1a: Ferrothorn|Knock Off|p2a: Blaziken
|-resisted|p2a: Blaziken
|-damage|p2a: Blaziken|85/100
|-enditem|p2a: Blaziken|Air Balloon
|
|-heal|p1a: Ferrothorn|73/100|[from] item: Leftovers
|upkeep
|turn|12
|
|t:|1659721975
|switch|p1a: Nihilego|Nihilego|100/100
|-damage|p1a: Nihilego|88/100|[from] Spikes
|-damage|p1a: Nihilego|76/100|[from] Stealth Rock
|move|p2a: Blaziken|Swords Dance|p2a: Blaziken
|-boost|p2a: Blaziken|atk|2
|
|-ability|p2a: Blaziken|Speed Boost|boost
|-boost|p2a: Blaziken|spe|1
|upkeep
|turn|13
|
|t:|1659721998
|move|p2a: Blaziken|Protect|p2a: Blaziken
|-singleturn|p2a: Blaziken|Protect
|move|p1a: Nihilego|Power Gem|p2a: Blaziken
|-activate|p2a: Blaziken|move: Protect
|
|-ability|p2a: Blaziken|Speed Boost|boost
|-boost|p2a: Blaziken|spe|1
|upkeep
|turn|14
|
|t:|1659722027
|switch|p1a: Slowbro|Slowbro, M|71/100
|move|p2a: Blaziken|High Jump Kick|p1a: Slowbro
|-resisted|p1a: Slowbro
|-damage|p1a: Slowbro|18/100
|
|-ability|p2a: Blaziken|Speed Boost|boost
|-boost|p2a: Blaziken|spe|1
|upkeep
|turn|15
|
|t:|1659722040
|move|p2a: Blaziken|Flare Blitz|p1a: Slowbro
|-resisted|p1a: Slowbro
|-damage|p1a: Slowbro|0 fnt
|faint|p1a: Slowbro
|-damage|p2a: Blaziken|77/100|[from] Recoil
|
|-ability|p2a: Blaziken|Speed Boost|boost
|-boost|p2a: Blaziken|spe|1
|upkeep
|
|t:|1659722046
|switch|p1a: Urshifu|Urshifu-Rapid-Strike, F|31/100
|-damage|p1a: Urshifu|19/100|[from] Spikes
|-damage|p1a: Urshifu|13/100|[from] Stealth Rock
|turn|16
|
|t:|1659722052
|switch|p2a: Tapu Fini|Tapu Fini|100/100
|-fieldstart|move: Misty Terrain|[from] ability: Misty Surge|[of] p2a: Tapu Fini
|move|p1a: Urshifu|Aqua Jet|p2a: Tapu Fini
|-resisted|p2a: Tapu Fini
|-damage|p2a: Tapu Fini|84/100
|
|upkeep
|turn|17
|
|t:|1659722059
|switch|p1a: Nihilego|Nihilego|76/100
|-damage|p1a: Nihilego|64/100|[from] Spikes
|-damage|p1a: Nihilego|51/100|[from] Stealth Rock
|move|p2a: Tapu Fini|Surf|p1a: Nihilego
|-supereffective|p1a: Nihilego
|-damage|p1a: Nihilego|0 fnt
|faint|p1a: Nihilego
|
|upkeep
|-message|Greengamer12 forfeited.
|
|win|khatru69
|raw|Greengamer12's rating: 1453 &rarr; <strong>1430</strong><br />(-23 for losing)
|raw|khatru69's rating: 1403 &rarr; <strong>1426</strong><br />(+23 for winning)
|l|☆Greengamer12
