|j|☆Batsumi
|j|☆Rheinmetal
|t:|1619784353
|gametype|singles
|player|p1|Batsumi|skier|1675
|player|p2|Rheinmetal|cynthia-gen4|1716
|teamsize|p1|6
|teamsize|p2|6
|gen|8
|tier|[Gen 8] OU
|rated|
|clearpoke
|poke|p1|Ferrothorn, F|
|poke|p1|Zapdos|
|poke|p1|Blacephalon|
|poke|p1|Clefable, M|
|poke|p1|Urshifu-*, M|
|poke|p1|Landorus-Therian, M|
|poke|p2|Dragapult, M|
|poke|p2|Garchomp, F|
|poke|p2|Dragonite, M|
|poke|p2|Toxapex, M|
|poke|p2|Clefable, M|
|poke|p2|Blissey, F|
|rule|Sleep Clause Mod: Limit one foe put to sleep
|rule|Species Clause: Limit one of each Pokémon
|rule|OHKO Clause: OHKO moves are banned
|rule|Evasion Moves Clause: Evasion moves are banned
|rule|Endless Battle Clause: Forcing endless battles is banned
|rule|HP Percentage Mod: HP is shown in percentages
|rule|Dynamax Clause: You cannot dynamax
|teampreview
|inactive|Battle timer is ON: inactive players will automatically lose when time's up. (requested by Rheinmetal)
|inactive|Batsumi has 120 seconds left.
|l|☆Batsumi
|inactive|Batsumi disconnected and has a minute to reconnect!
|player|p1|
|j|☆Batsumi
|inactive|Batsumi reconnected and has 100 seconds left.
|player|p1|Batsumi|skier
|
|t:|1619784407
|start
|switch|p1a: Ferrothorn|Ferrothorn, F|100/100
|switch|p2a: Death Blossom|Garchomp, F|100/100
|turn|1
|
|t:|1619784429
|move|p2a: Death Blossom|Stealth Rock|p1a: Ferrothorn
|-sidestart|p1: Batsumi|move: Stealth Rock
|move|p1a: Ferrothorn|Leech Seed|p2a: Death Blossom
|-start|p2a: Death Blossom|move: Leech Seed
|
|-damage|p2a: Death Blossom|88/100|[from] Leech Seed|[of] p1a: Ferrothorn
|upkeep
|turn|2
|
|t:|1619784434
|switch|p2a: Mumu|Toxapex, M|100/100
|move|p1a: Ferrothorn|Stealth Rock|p2a: Mumu
|-sidestart|p2: Rheinmetal|move: Stealth Rock
|
|upkeep
|turn|3
|
|t:|1619784439
|move|p1a: Ferrothorn|Protect|p1a: Ferrothorn
|-singleturn|p1a: Ferrothorn|Protect
|move|p2a: Mumu|Knock Off|p1a: Ferrothorn
|-activate|p1a: Ferrothorn|move: Protect
|
|upkeep
|turn|4
|
|t:|1619784461
|move|p2a: Mumu|Knock Off|p1a: Ferrothorn
|-damage|p1a: Ferrothorn|92/100
|-damage|p2a: Mumu|88/100|[from] ability: Iron Barbs|[of] p1a: Ferrothorn
|-enditem|p1a: Ferrothorn|Leftovers|[from] move: Knock Off|[of] p2a: Mumu
|move|p1a: Ferrothorn|Knock Off|p2a: Mumu
|-damage|p2a: Mumu|76/100
|-enditem|p2a: Mumu|Black Sludge|[from] move: Knock Off|[of] p1a: Ferrothorn
|
|upkeep
|turn|5
|
|t:|1619784469
|move|p2a: Mumu|Toxic Spikes|p1a: Ferrothorn
|-sidestart|p1: Batsumi|move: Toxic Spikes
|move|p1a: Ferrothorn|Leech Seed|p2a: Mumu
|-start|p2a: Mumu|move: Leech Seed
|
|-damage|p2a: Mumu|64/100|[from] Leech Seed|[of] p1a: Ferrothorn
|-heal|p1a: Ferrothorn|100/100|[silent]
|upkeep
|turn|6
|
|t:|1619784476
|switch|p1a: Zapdos|Zapdos|100/100
|move|p2a: Mumu|Scald|p1a: Zapdos
|-damage|p1a: Zapdos|84/100
|
|-damage|p2a: Mumu|51/100|[from] Leech Seed|[of] p1a: Zapdos
|-heal|p1a: Zapdos|94/100|[silent]
|upkeep
|turn|7
|
|t:|1619784485
|switch|p2a: Death Blossom|Garchomp, F|88/100
|-damage|p2a: Death Blossom|82/100|[from] Stealth Rock
|move|p1a: Zapdos|Toxic|p2a: Death Blossom
|-status|p2a: Death Blossom|tox
|
|-damage|p2a: Death Blossom|76/100 tox|[from] psn
|upkeep
|turn|8
|
|t:|1619784493
|switch|p1a: Landorus|Landorus-Therian, M|100/100
|-damage|p1a: Landorus|88/100|[from] Stealth Rock
|-ability|p1a: Landorus|Intimidate|boost
|-unboost|p2a: Death Blossom|atk|1
|move|p2a: Death Blossom|Toxic|p1a: Landorus
|-status|p1a: Landorus|tox
|
|-heal|p1a: Landorus|94/100 tox|[from] item: Leftovers
|-damage|p2a: Death Blossom|63/100 tox|[from] psn
|-damage|p1a: Landorus|88/100 tox|[from] psn
|upkeep
|turn|9
|
|t:|1619784504
|move|p2a: Death Blossom|Rest|p2a: Death Blossom
|-status|p2a: Death Blossom|slp|[from] move: Rest
|-heal|p2a: Death Blossom|100/100 slp|[silent]
|move|p1a: Landorus|Knock Off|p2a: Death Blossom
|-damage|p2a: Death Blossom|78/100 slp
|-damage|p1a: Landorus|75/100 tox|[from] ability: Rough Skin|[of] p2a: Death Blossom
|-damage|p1a: Landorus|59/100 tox|[from] item: Rocky Helmet|[of] p2a: Death Blossom
|-enditem|p2a: Death Blossom|Rocky Helmet|[from] move: Knock Off|[of] p1a: Landorus
|
|-heal|p1a: Landorus|65/100 tox|[from] item: Leftovers
|-damage|p1a: Landorus|53/100 tox|[from] psn
|upkeep
|turn|10
|
|t:|1619784523
|switch|p2a: X|Clefable, M, shiny|100/100
|switch|p1a: Clefable|Clefable, M|100/100
|-status|p1a: Clefable|psn
|
|upkeep
|turn|11
|j| Goat-JO
|
|t:|1619784534
|switch|p2a: Mumu|Toxapex, M|85/100
|-damage|p2a: Mumu|72/100|[from] Stealth Rock
|move|p1a: Clefable|Teleport|p1a: Clefable
|
|t:|1619784538
|switch|p1a: Zapdos|Zapdos|94/100|[from]move: Teleport
|
|upkeep
|turn|12
|
|t:|1619784549
|move|p1a: Zapdos|Thunderbolt|p2a: Mumu
|-supereffective|p2a: Mumu
|-damage|p2a: Mumu|0 fnt
|faint|p2a: Mumu
|
|upkeep
|
|t:|1619784556
|switch|p2a: Cass|Dragapult, M|100/100
|-damage|p2a: Cass|88/100|[from] Stealth Rock
|turn|13
|
|t:|1619784565
|switch|p1a: Clefable|Clefable, M|100/100 psn
|move|p2a: Cass|Hex|p1a: Clefable
|-damage|p1a: Clefable|49/100 psn
|
|-heal|p1a: Clefable|55/100 psn|[from] item: Leftovers
|upkeep
|turn|14
|
|t:|1619784574
|move|p1a: Clefable|Protect|p1a: Clefable
|-singleturn|p1a: Clefable|Protect
|move|p2a: Cass|Hex|p1a: Clefable
|-activate|p1a: Clefable|move: Protect
|
|-heal|p1a: Clefable|61/100 psn|[from] item: Leftovers
|upkeep
|turn|15
|
|t:|1619784582
|switch|p2a: D|Blissey, F|100/100
|move|p1a: Clefable|Wish|p1a: Clefable
|
|-heal|p1a: Clefable|67/100 psn|[from] item: Leftovers
|upkeep
|turn|16
|
|t:|1619784592
|move|p2a: D|Seismic Toss|p1a: Clefable
|-damage|p1a: Clefable|42/100 psn
|move|p1a: Clefable|Teleport|p1a: Clefable
|
|t:|1619784597
|switch|p1a: Ferrothorn|Ferrothorn, F|100/100|[from]move: Teleport
|-damage|p1a: Ferrothorn|94/100|[from] Stealth Rock
|
|-heal|p1a: Ferrothorn|100/100|[from] move: Wish|[wisher] Clefable
|upkeep
|turn|17
|
|t:|1619784606
|move|p1a: Ferrothorn|Knock Off|p2a: D
|-damage|p2a: D|81/100
|-enditem|p2a: D|Heavy-Duty Boots|[from] move: Knock Off|[of] p1a: Ferrothorn
|move|p2a: D|Teleport|p2a: D
|
|t:|1619784608
|switch|p2a: Cass|Dragapult, M|88/100|[from]move: Teleport
|-damage|p2a: Cass|76/100|[from] Stealth Rock
|
|upkeep
|turn|18
|
|t:|1619784614
|move|p1a: Ferrothorn|Protect|p1a: Ferrothorn
|-singleturn|p1a: Ferrothorn|Protect
|move|p2a: Cass|Fire Blast|p1a: Ferrothorn
|-activate|p1a: Ferrothorn|move: Protect
|
|upkeep
|turn|19
|
|t:|1619784624
|switch|p1a: Clefable|Clefable, M|42/100 psn
|move|p2a: Cass|Fire Blast|p1a: Clefable
|-damage|p1a: Clefable|8/100 psn
|
|-heal|p1a: Clefable|14/100 psn|[from] item: Leftovers
|upkeep
|turn|20
|
|t:|1619784631
|move|p1a: Clefable|Protect|p1a: Clefable
|-singleturn|p1a: Clefable|Protect
|move|p2a: Cass|Fire Blast|p1a: Clefable
|-activate|p1a: Clefable|move: Protect
|
|-heal|p1a: Clefable|21/100 psn|[from] item: Leftovers
|upkeep
|turn|21
|
|t:|1619784639
|move|p2a: Cass|Fire Blast|p1a: Clefable
|-damage|p1a: Clefable|0 fnt
|faint|p1a: Clefable
|
|upkeep
|
|t:|1619784658
|switch|p1a: Landorus|Landorus-Therian, M|53/100 tox
|-damage|p1a: Landorus|40/100 tox|[from] Stealth Rock
|-ability|p1a: Landorus|Intimidate|boost
|-unboost|p2a: Cass|atk|1
|turn|22
|
|t:|1619784671
|switch|p2a: X|Clefable, M, shiny|100/100
|move|p1a: Landorus|Defog|p2a: X
|-unboost|p2a: X|evasion|1
|-sideend|p2: Rheinmetal|Stealth Rock|[from] move: Defog|[of] p1a: Landorus
|-sideend|p1: Batsumi|Toxic Spikes|[from] move: Defog|[of] p1a: Landorus
|-sideend|p1: Batsumi|Stealth Rock|[from] move: Defog|[of] p1a: Landorus
|
|-heal|p1a: Landorus|46/100 tox|[from] item: Leftovers
|-damage|p1a: Landorus|40/100 tox|[from] psn
|upkeep
|turn|23
|
|t:|1619784685
|move|p1a: Landorus|U-turn|p2a: X
|-resisted|p2a: X
|-damage|p2a: X|92/100
|
|t:|1619784691
|switch|p1a: Zapdos|Zapdos|94/100|[from]move: U-turn
|move|p2a: X|Moonblast|p1a: Zapdos
|-damage|p1a: Zapdos|65/100
|-unboost|p1a: Zapdos|spa|1
|
|upkeep
|turn|24
|
|t:|1619784703
|switch|p1a: Blacephalon|Blacephalon, shiny|100/100
|switch|p2a: D|Blissey, F|81/100
|
|upkeep
|turn|25
|
|t:|1619784710
|switch|p1a: Ferrothorn|Ferrothorn, F|100/100
|move|p2a: D|Toxic|p1a: Ferrothorn
|-immune|p1a: Ferrothorn
|
|upkeep
|turn|26
|
|t:|1619784715
|move|p1a: Ferrothorn|Stealth Rock|p2a: D
|-sidestart|p2: Rheinmetal|move: Stealth Rock
|move|p2a: D|Teleport|p2a: D
|
|t:|1619784717
|switch|p2a: Cass|Dragapult, M|76/100|[from]move: Teleport
|-damage|p2a: Cass|63/100|[from] Stealth Rock
|
|upkeep
|turn|27
|
|t:|1619784726
|move|p1a: Ferrothorn|Protect|p1a: Ferrothorn
|-singleturn|p1a: Ferrothorn|Protect
|move|p2a: Cass|Fire Blast|p1a: Ferrothorn
|-activate|p1a: Ferrothorn|move: Protect
|
|upkeep
|turn|28
|
|t:|1619784736
|switch|p1a: Blacephalon|Blacephalon, shiny|100/100
|move|p2a: Cass|Fire Blast|p1a: Blacephalon
|-resisted|p1a: Blacephalon
|-damage|p1a: Blacephalon|61/100
|
|upkeep
|turn|29
|j| z15z
|
|t:|1619784752
|switch|p2a: D|Blissey, F|81/100
|-damage|p2a: D|69/100|[from] Stealth Rock
|move|p1a: Blacephalon|Shadow Ball|p2a: D
|-immune|p2a: D
|
|upkeep
|turn|30
|
|t:|1619784769
|switch|p1a: Urshifu|Urshifu-Rapid-Strike, M|100/100
|move|p2a: D|Seismic Toss|p1a: Urshifu
|-damage|p1a: Urshifu|71/100
|
|upkeep
|turn|31
|
|t:|1619784778
|switch|p2a: Death Blossom|Garchomp, F|78/100 slp
|-damage|p2a: Death Blossom|71/100 slp|[from] Stealth Rock
|move|p1a: Urshifu|U-turn|p2a: Death Blossom
|-damage|p2a: Death Blossom|46/100 slp
|-damage|p1a: Urshifu|59/100|[from] ability: Rough Skin|[of] p2a: Death Blossom
|
|t:|1619784792
|switch|p1a: Blacephalon|Blacephalon, shiny|61/100|[from]move: U-turn
|
|upkeep
|turn|32
|
|t:|1619784806
|switch|p1a: Urshifu|Urshifu-Rapid-Strike, M|59/100
|switch|p2a: D|Blissey, F|69/100
|-damage|p2a: D|56/100|[from] Stealth Rock
|
|upkeep
|turn|33
|
|t:|1619784830
|switch|p2a: Death Blossom|Garchomp, F|46/100 slp
|-damage|p2a: Death Blossom|40/100 slp|[from] Stealth Rock
|move|p1a: Urshifu|U-turn|p2a: Death Blossom
|-damage|p2a: Death Blossom|12/100 slp
|-damage|p1a: Urshifu|47/100|[from] ability: Rough Skin|[of] p2a: Death Blossom
|inactive|Batsumi has 120 seconds left.
|
|t:|1619784847
|switch|p1a: Blacephalon|Blacephalon, shiny|61/100|[from]move: U-turn
|
|upkeep
|turn|34
|inactive|Batsumi has 120 seconds left.
|
|t:|1619784857
|switch|p1a: Urshifu|Urshifu-Rapid-Strike, M|47/100
|switch|p2a: D|Blissey, F|56/100
|-damage|p2a: D|44/100|[from] Stealth Rock
|
|upkeep
|turn|35
|inactive|Batsumi has 120 seconds left.
|
|t:|1619784866
|switch|p2a: Death Blossom|Garchomp, F|12/100 slp
|-damage|p2a: Death Blossom|6/100 slp|[from] Stealth Rock
|move|p1a: Urshifu|Close Combat|p2a: Death Blossom
|-damage|p2a: Death Blossom|0 fnt
|-unboost|p1a: Urshifu|def|1
|-unboost|p1a: Urshifu|spd|1
|-damage|p1a: Urshifu|34/100|[from] ability: Rough Skin|[of] p2a: Death Blossom
|faint|p2a: Death Blossom
|
|upkeep
|
|t:|1619784868
|switch|p2a: Cass|Dragapult, M|63/100
|-damage|p2a: Cass|51/100|[from] Stealth Rock
|turn|36
|inactive|Batsumi has 120 seconds left.
|
|t:|1619784887
|switch|p1a: Landorus|Landorus-Therian, M|40/100 tox
|-ability|p1a: Landorus|Intimidate|boost
|-unboost|p2a: Cass|atk|1
|move|p2a: Cass|Hex|p1a: Landorus
|-damage|p1a: Landorus|0 fnt
|faint|p1a: Landorus
|
|upkeep
|inactive|Batsumi has 120 seconds left.
|
|t:|1619784895
|switch|p1a: Ferrothorn|Ferrothorn, F|100/100
|turn|37
|inactive|Batsumi has 120 seconds left.
|
|t:|1619784923
|switch|p2a: X|Clefable, M, shiny|92/100
|switch|p1a: Urshifu|Urshifu-Rapid-Strike, M|34/100
|
|upkeep
|turn|38
|
|t:|1619784940
|move|p1a: Urshifu|Surging Strikes|p2a: X
|-crit|p2a: X
|-damage|p2a: X|69/100
|-crit|p2a: X
|-damage|p2a: X|47/100
|-crit|p2a: X
|-damage|p2a: X|23/100
|-hitcount|p2a: X|3
|move|p2a: X|Moonblast|p1a: Urshifu
|-supereffective|p1a: Urshifu
|-damage|p1a: Urshifu|0 fnt
|faint|p1a: Urshifu
|
|upkeep
|
|t:|1619784954
|switch|p1a: Blacephalon|Blacephalon, shiny|61/100
|turn|39
|
|t:|1619784977
|switch|p2a: D|Blissey, F|44/100
|-damage|p2a: D|31/100|[from] Stealth Rock
|move|p1a: Blacephalon|Flamethrower|p2a: D
|-damage|p2a: D|10/100
|
|upkeep
|turn|40
|
|t:|1619784983
|move|p1a: Blacephalon|Flamethrower|p2a: D
|-damage|p2a: D|0 fnt
|faint|p2a: D
|-ability|p1a: Blacephalon|Beast Boost|boost
|-boost|p1a: Blacephalon|spa|1
|
|upkeep
|
|t:|1619784985
|switch|p2a: Cass|Dragapult, M|51/100
|-damage|p2a: Cass|39/100|[from] Stealth Rock
|turn|41
|inactive|Batsumi has 120 seconds left.
|
|t:|1619785000
|move|p1a: Blacephalon|Flamethrower|p2a: Cass
|-resisted|p2a: Cass
|-damage|p2a: Cass|0 fnt
|faint|p2a: Cass
|-ability|p1a: Blacephalon|Beast Boost|boost
|-boost|p1a: Blacephalon|spa|1
|
|upkeep
|-message|Rheinmetal forfeited.
|
|win|Batsumi
|raw|Batsumi's rating: 1675 &rarr; <strong>1697</strong><br />(+22 for winning)
|raw|Rheinmetal's rating: 1716 &rarr; <strong>1694</strong><br />(-22 for losing)
|l|☆Rheinmetal
|l| Goat-JO
|l|☆Batsumi
