|j|☆Spectre Ace
|j|☆Adel19
|t:|1663687130
|gametype|singles
|player|p1|Spectre Ace|juggler|1821
|player|p2|Adel19|265|1885
|teamsize|p1|6
|teamsize|p2|6
|gen|8
|tier|[Gen 8] OU
|rated|
|rule|Sleep Clause Mod: Limit one foe put to sleep
|rule|Species Clause: Limit one of each Pokémon
|rule|OHKO Clause: OHKO moves are banned
|rule|Evasion Items Clause: Evasion items are banned
|rule|Evasion Moves Clause: Evasion moves are banned
|rule|Endless Battle Clause: Forcing endless battles is banned
|rule|HP Percentage Mod: HP is shown in percentages
|rule|Dynamax Clause: You cannot dynamax
|clearpoke
|poke|p1|Raichu-Alola, F|
|poke|p1|Tapu Koko|
|poke|p1|Ferrothorn, M|
|poke|p1|Weavile, M|
|poke|p1|Slowking-Galar, F|
|poke|p1|Landorus-Therian, M|
|poke|p2|Landorus-Therian, M|
|poke|p2|Zeraora|
|poke|p2|Tapu Fini|
|poke|p2|Zapdos|
|poke|p2|Dragapult, M|
|poke|p2|Blissey, F|
|teampreview
|
|t:|1663687162
|start
|switch|p1a: Amadeus|Landorus-Therian, M|100/100
|switch|p2a: Tapu Fini|Tapu Fini|100/100
|-ability|p1a: Amadeus|Intimidate|boost
|-unboost|p2a: Tapu Fini|atk|1
|-fieldstart|move: Misty Terrain|[from] ability: Misty Surge|[of] p2a: Tapu Fini
|turn|1
|
|t:|1663687168
|move|p1a: Amadeus|U-turn|p2a: Tapu Fini
|-resisted|p2a: Tapu Fini
|-damage|p2a: Tapu Fini|93/100
|
|t:|1663687172
|switch|p1a: Booker|Tapu Koko|100/100|[from]move: U-turn
|-fieldstart|move: Electric Terrain|[from] ability: Electric Surge|[of] p1a: Booker
|move|p2a: Tapu Fini|Surf|p1a: Booker
|-damage|p1a: Booker|54/100
|
|-heal|p2a: Tapu Fini|99/100|[from] item: Leftovers
|upkeep
|turn|2
|j| Minihercules
|
|t:|1663687183
|switch|p2a: Blissey|Blissey, F|100/100
|move|p1a: Booker|U-turn|p2a: Blissey
|-damage|p2a: Blissey|86/100
|
|t:|1663687190
|switch|p1a: Sundowner|Ferrothorn, M, shiny|100/100|[from]move: U-turn
|
|upkeep
|turn|3
|j| nightsujiu
|
|t:|1663687194
|move|p2a: Blissey|Stealth Rock|p1a: Sundowner
|-sidestart|p1: Spectre Ace|move: Stealth Rock
|move|p1a: Sundowner|Spikes|p2a: Blissey
|-sidestart|p2: Adel19|Spikes
|
|upkeep
|turn|4
|
|t:|1663687205
|switch|p2a: Zapdos|Zapdos|100/100
|move|p1a: Sundowner|Knock Off|p2a: Zapdos
|-crit|p2a: Zapdos
|-damage|p2a: Zapdos|78/100
|-enditem|p2a: Zapdos|Heavy-Duty Boots|[from] move: Knock Off|[of] p1a: Sundowner
|
|upkeep
|turn|5
|
|t:|1663687208
|switch|p1a: Samus|Slowking-Galar, F|100/100
|-damage|p1a: Samus|88/100|[from] Stealth Rock
|move|p2a: Zapdos|Volt Switch|p1a: Samus
|-crit|p1a: Samus
|-damage|p1a: Samus|70/100
|
|t:|1663687215
|switch|p2a: Landorus|Landorus-Therian, M|100/100|[from]move: Volt Switch
|-ability|p2a: Landorus|Intimidate|boost
|-unboost|p1a: Samus|atk|1
|
|upkeep
|turn|6
|
|t:|1663687219
|switch|p1a: Sundowner|Ferrothorn, M, shiny|100/100
|-damage|p1a: Sundowner|94/100|[from] Stealth Rock
|move|p2a: Landorus|Swords Dance|p2a: Landorus
|-boost|p2a: Landorus|atk|2
|
|-heal|p1a: Sundowner|100/100|[from] item: Leftovers
|upkeep
|turn|7
|
|t:|1663687227
|switch|p1a: Ocelot|Weavile, M, shiny|100/100
|-ability|p1a: Ocelot|Pressure
|move|p2a: Landorus|Substitute|p2a: Landorus
|-start|p2a: Landorus|Substitute
|-damage|p2a: Landorus|76/100
|
|upkeep
|turn|8
|
|t:|1663687232
|move|p1a: Ocelot|Triple Axel|p2a: Landorus
|-supereffective|p2a: Landorus
|-end|p2a: Landorus|Substitute
|-supereffective|p2a: Landorus
|-damage|p2a: Landorus|0 fnt
|faint|p2a: Landorus
|-hitcount|p2: Landorus|2
|
|-fieldend|move: Electric Terrain
|upkeep
|
|t:|1663687237
|switch|p2a: Zeraora|Zeraora|100/100
|turn|9
|
|t:|1663687240
|switch|p1a: Amadeus|Landorus-Therian, M|100/100
|-damage|p1a: Amadeus|88/100|[from] Stealth Rock
|-ability|p1a: Amadeus|Intimidate|boost
|-unboost|p2a: Zeraora|atk|1
|move|p2a: Zeraora|Knock Off|p1a: Amadeus
|-damage|p1a: Amadeus|67/100
|-enditem|p1a: Amadeus|Leftovers|[from] move: Knock Off|[of] p2a: Zeraora
|
|upkeep
|turn|10
|
|t:|1663687246
|switch|p2a: Zapdos|Zapdos|78/100
|move|p1a: Amadeus|Stealth Rock|p2a: Zapdos
|-sidestart|p2: Adel19|move: Stealth Rock
|
|upkeep
|turn|11
|
|t:|1663687252
|switch|p1a: Booker|Tapu Koko|54/100
|-damage|p1a: Booker|42/100|[from] Stealth Rock
|-fieldstart|move: Electric Terrain|[from] ability: Electric Surge|[of] p1a: Booker
|move|p2a: Zapdos|Hurricane|p1a: Booker
|-resisted|p1a: Booker
|-damage|p1a: Booker|9/100
|
|upkeep
|turn|12
|j| trisew
|
|t:|1663687276
|move|p1a: Booker|Roost|p1a: Booker
|-heal|p1a: Booker|59/100
|-singleturn|p1a: Booker|move: Roost
|move|p2a: Zapdos|Volt Switch|p1a: Booker
|-resisted|p1a: Booker
|-damage|p1a: Booker|38/100
|
|t:|1663687289
|switch|p2a: Dragapult|Dragapult, M|100/100|[from]move: Volt Switch
|-damage|p2a: Dragapult|88/100|[from] Spikes
|-damage|p2a: Dragapult|76/100|[from] Stealth Rock
|
|upkeep
|turn|13
|
|t:|1663687292
|switch|p1a: Ocelot|Weavile, M, shiny|100/100
|-ability|p1a: Ocelot|Pressure
|move|p2a: Dragapult|Shadow Ball|p1a: Ocelot
|-resisted|p1a: Ocelot
|-damage|p1a: Ocelot|59/100
|
|upkeep
|turn|14
|j| yuwenzhao
|
|t:|1663687303
|switch|p2a: Zapdos|Zapdos|78/100
|-damage|p2a: Zapdos|53/100|[from] Stealth Rock
|switch|p1a: Booker|Tapu Koko|38/100
|-damage|p1a: Booker|26/100|[from] Stealth Rock
|
|upkeep
|turn|15
|
|t:|1663687310
|move|p1a: Booker|Roost|p1a: Booker
|-heal|p1a: Booker|76/100
|-singleturn|p1a: Booker|move: Roost
|move|p2a: Zapdos|Volt Switch|p1a: Booker
|-resisted|p1a: Booker
|-damage|p1a: Booker|54/100
|
|t:|1663687312
|switch|p2a: Dragapult|Dragapult, M|76/100|[from]move: Volt Switch
|-damage|p2a: Dragapult|64/100|[from] Spikes
|-damage|p2a: Dragapult|51/100|[from] Stealth Rock
|
|upkeep
|turn|16
|
|t:|1663687321
|switch|p1a: Samus|Slowking-Galar, F|100/100
|-damage|p1a: Samus|88/100|[from] Stealth Rock
|move|p2a: Dragapult|Shadow Ball|p1a: Samus
|-supereffective|p1a: Samus
|-damage|p1a: Samus|38/100
|
|upkeep
|turn|17
|
|t:|1663687329
|move|p2a: Dragapult|Shadow Ball|p1a: Samus
|-supereffective|p1a: Samus
|-damage|p1a: Samus|0 fnt
|faint|p1a: Samus
|
|upkeep
|
|t:|1663687331
|switch|p1a: Valentine|Raichu-Alola, F, shiny|100/100
|-damage|p1a: Valentine|88/100|[from] Stealth Rock
|turn|18
|
|t:|1663687333
|switch|p2a: Blissey|Blissey, F|86/100
|move|p1a: Valentine|Psyshock|p2a: Blissey
|-damage|p2a: Blissey|44/100
|-damage|p1a: Valentine|78/100|[from] item: Life Orb
|
|-fieldend|move: Electric Terrain
|upkeep
|turn|19
|
|t:|1663687345
|move|p1a: Valentine|Nasty Plot|p1a: Valentine
|-boost|p1a: Valentine|spa|2
|move|p2a: Blissey|Soft-Boiled|p2a: Blissey
|-heal|p2a: Blissey|94/100
|
|upkeep
|turn|20
|
|t:|1663687357
|move|p1a: Valentine|Psyshock|p2a: Blissey
|-damage|p2a: Blissey|17/100
|-damage|p1a: Valentine|68/100|[from] item: Life Orb
|move|p2a: Blissey|Soft-Boiled|p2a: Blissey
|-heal|p2a: Blissey|67/100
|
|upkeep
|turn|21
|
|t:|1663687362
|move|p1a: Valentine|Psyshock|p2a: Blissey
|-damage|p2a: Blissey|0 fnt
|faint|p2a: Blissey
|-damage|p1a: Valentine|58/100|[from] item: Life Orb
|
|upkeep
|
|t:|1663687377
|switch|p2a: Dragapult|Dragapult, M|51/100
|-damage|p2a: Dragapult|39/100|[from] Spikes
|-damage|p2a: Dragapult|27/100|[from] Stealth Rock
|turn|22
|
|t:|1663687387
|switch|p1a: Booker|Tapu Koko|54/100
|-damage|p1a: Booker|41/100|[from] Stealth Rock
|-fieldstart|move: Electric Terrain|[from] ability: Electric Surge|[of] p1a: Booker
|move|p2a: Dragapult|Flamethrower|p1a: Booker
|-damage|p1a: Booker|0 fnt
|faint|p1a: Booker
|
|upkeep
|
|t:|1663687389
|switch|p1a: Valentine|Raichu-Alola, F, shiny|58/100
|-damage|p1a: Valentine|46/100|[from] Stealth Rock
|turn|23
|
|t:|1663687398
|switch|p2a: Zapdos|Zapdos|53/100
|-damage|p2a: Zapdos|28/100|[from] Stealth Rock
|move|p1a: Valentine|Psyshock|p2a: Zapdos
|-damage|p2a: Zapdos|0 fnt
|faint|p2a: Zapdos
|-damage|p1a: Valentine|36/100|[from] item: Life Orb
|
|upkeep
|
|t:|1663687401
|switch|p2a: Zeraora|Zeraora|100/100
|turn|24
|
|t:|1663687406
|move|p1a: Valentine|Psyshock|p2a: Zeraora
|-damage|p2a: Zeraora|30/100
|-damage|p1a: Valentine|26/100|[from] item: Life Orb
|move|p2a: Zeraora|Knock Off|p1a: Valentine
|-supereffective|p1a: Valentine
|-damage|p1a: Valentine|0 fnt
|-enditem|p1a: Valentine|Life Orb|[from] move: Knock Off|[of] p2a: Zeraora
|faint|p1a: Valentine
|
|upkeep
|
|t:|1663687409
|switch|p1a: Amadeus|Landorus-Therian, M|67/100
|-damage|p1a: Amadeus|55/100|[from] Stealth Rock
|-ability|p1a: Amadeus|Intimidate|boost
|-unboost|p2a: Zeraora|atk|1
|turn|25
|
|t:|1663687417
|switch|p2a: Tapu Fini|Tapu Fini|99/100
|-damage|p2a: Tapu Fini|87/100|[from] Spikes
|-damage|p2a: Tapu Fini|74/100|[from] Stealth Rock
|-fieldstart|move: Misty Terrain|[from] ability: Misty Surge|[of] p2a: Tapu Fini
|move|p1a: Amadeus|Earthquake|p2a: Tapu Fini
|-damage|p2a: Tapu Fini|40/100
|
|-heal|p2a: Tapu Fini|46/100|[from] item: Leftovers
|upkeep
|turn|26
|
|t:|1663687424
|switch|p2a: Dragapult|Dragapult, M|27/100
|-damage|p2a: Dragapult|14/100|[from] Spikes
|-damage|p2a: Dragapult|2/100|[from] Stealth Rock
|move|p1a: Amadeus|Earthquake|p2a: Dragapult
|-damage|p2a: Dragapult|0 fnt
|faint|p2a: Dragapult
|
|upkeep
|-message|Adel19 forfeited.
|
|win|Spectre Ace
|raw|Spectre Ace's rating: 1821 &rarr; <strong>1845</strong><br />(+24 for winning)
|raw|Adel19's rating: 1885 &rarr; <strong>1861</strong><br />(-24 for losing)
|l|☆Adel19
||Ladder isn't responding, score probably updated but might not have (Request timeout).
