|raw|<div class="broadcast-blue"><strong>This battle is required to be public due to a player having a name prefixed by 'LT71LX'.</div>
|j|☆LT71LX ABR
|j|‽LT71LX Gama
|t:|1597284578
|player|p1|LT71LX ABR|hilbert-dueldisk|2165
|player|p2|LT71LX Gama|marlon|2079
|teamsize|p1|6
|teamsize|p2|6
|gametype|singles
|gen|8
|tier|[Gen 8] OU
|rated|
|clearpoke
|poke|p1|Ditto|
|poke|p1|Mandibuzz, F|
|poke|p1|Tangrowth, M|
|poke|p1|Blissey, F|
|poke|p1|Toxapex, M|
|poke|p1|Jirachi|
|poke|p2|Clefable, F|
|poke|p2|Excadrill, M|
|poke|p2|Hippowdon, M|
|poke|p2|Dragapult, F|
|poke|p2|Mandibuzz, F|
|poke|p2|Keldeo-Resolute|
|rule|Sleep Clause Mod: Limit one foe put to sleep
|rule|Species Clause: Limit one of each Pokémon
|rule|OHKO Clause: OHKO moves are banned
|rule|Evasion Moves Clause: Evasion moves are banned
|rule|Endless Battle Clause: Forcing endless battles is banned
|rule|HP Percentage Mod: HP is shown in percentages
|rule|Dynamax Clause: You cannot dynamax
|teampreview
|j| Pidgey Gordito
|j| LT71LX John W
|j| LT71LX TDNT
|j| LT71LX Newal
|j| august
|j| Rubyblood
|j| ligmadon769
|j| Dra15
|j| LT71LX Storm
|j| LT71LX LE K
|j|+Raiza
|j| EG Jhonx
|c|☆LT71LX ABR|hf
|j|+FMG
|c| LT71LX John W|big
|j| laddr climb
|j| VAITOMARNOCUABR
|j| childintheirpoor
|j| Bunny Girl Mai
|j| LT71LX Chai
|j| Red§jellyfish
|j| 64 squares
|l| VAITOMARNOCUABR
|j| lt71lx bacon
|j| atha
|j| hipster garbage
|j| LT71LX Tace
|j| ant4456
|j| ayevon
|j| Dylanronpa
|j| LT71LX Vessev
|j| Kiichikos
|j| mofuke
|j| Ox the Fox
|j| Briitt
|j| starmaster
|j| The Son of Ogre
|
|t:|1597284616
|start
|switch|p1a: Blissey|Blissey, F|100/100
|switch|p2a: Hippowdon|Hippowdon, M|100/100
|-weather|Sandstorm|[from] ability: Sand Stream|[of] p2a: Hippowdon
|turn|1
|j| large owl
|j| Juseth sepulveda
|
|t:|1597284625
|switch|p2a: Clefable|Clefable, F|100/100
|move|p1a: Blissey|Toxic|p2a: Clefable
|-status|p2a: Clefable|tox
|
|-weather|Sandstorm|[upkeep]
|-damage|p1a: Blissey|94/100|[from] Sandstorm
|upkeep
|turn|2
|j| Padox
|j| SamHPL
|j| LT71LX PJ
|
|t:|1597284639
|switch|p1a: Jirachi|Jirachi|100/100
|move|p2a: Clefable|Trick|p1a: Jirachi
|-activate|p2a: Clefable|move: Trick|[of] p1a: Jirachi
|-item|p1a: Jirachi|Choice Scarf|[from] move: Trick
|-item|p2a: Clefable|Leftovers|[from] move: Trick
|
|-weather|Sandstorm|[upkeep]
|upkeep
|turn|3
|j|+McMeghan
|j| outu 23
|j| esrtyu
|j| olt dinner
|l| hipster garbage
|j| Dsjdhskfh
|j| X-Wing Fighter
|j| pzowmx
|j|+Wally
|
|t:|1597284654
|switch|p2a: Hippowdon|Hippowdon, M|100/100
|move|p1a: Jirachi|U-turn|p2a: Hippowdon
|-damage|p2a: Hippowdon|90/100
|j| Devil Patchy
|j| lt71lx sanj
|j| ShadowPork
|
|t:|1597284658
|switch|p1a: Blissey|Blissey, F|94/100|[from]move: U-turn
|
|-weather|Sandstorm|[upkeep]
|-damage|p1a: Blissey|88/100|[from] Sandstorm
|-heal|p2a: Hippowdon|96/100|[from] item: Leftovers
|upkeep
|turn|4
|j|+Emeri ✿@!
|
|t:|1597284669
|switch|p2a: Excadrill|Excadrill, M|100/100
|move|p1a: Blissey|Stealth Rock|p2a: Excadrill
|-sidestart|p2: LT71LX Gama|move: Stealth Rock
|
|-weather|Sandstorm|[upkeep]
|-damage|p1a: Blissey|82/100|[from] Sandstorm
|upkeep
|turn|5
|l| LT71LX Vessev
|j| hipster garbage
|j| guacamole socks
|j| Forresterr♣
|
|t:|1597284675
|switch|p1a: Tangrowth|Tangrowth, M|100/100
|move|p2a: Excadrill|Rapid Spin|p1a: Tangrowth
|-damage|p1a: Tangrowth|90/100
|-boost|p2a: Excadrill|spe|1
|-sideend|p2: LT71LX Gama|Stealth Rock|[from] move: Rapid Spin|[of] p2a: Excadrill
|
|-weather|none
|upkeep
|turn|6
|l|+McMeghan
|j| will i lose
|j| snaga
|
|t:|1597284684
|switch|p2a: Mandibuzz|Mandibuzz, F|100/100
|move|p1a: Tangrowth|Knock Off|p2a: Mandibuzz
|-resisted|p2a: Mandibuzz
|-damage|p2a: Mandibuzz|93/100
|-enditem|p2a: Mandibuzz|Heavy-Duty Boots|[from] move: Knock Off|[of] p1a: Tangrowth
|
|upkeep
|turn|7
|j| tigers jaw
|j| LT71LX Luthier
|j| Boigunn
|j| LT71LXMegavictinii
|
|t:|1597284697
|move|p2a: Mandibuzz|Toxic|p1a: Tangrowth
|-status|p1a: Tangrowth|tox
|move|p1a: Tangrowth|Knock Off|p2a: Mandibuzz
|-resisted|p2a: Mandibuzz
|-damage|p2a: Mandibuzz|87/100
|
|-damage|p1a: Tangrowth|84/100 tox|[from] psn
|upkeep
|turn|8
|l| Boigunn
|j|+cromagnet
|j| LT71LX Vessev
|j| Rogue Excaliburn
|
|t:|1597284715
|switch|p1a: Blissey|Blissey, F|82/100
|move|p2a: Mandibuzz|Foul Play|p1a: Blissey
|-damage|p1a: Blissey|76/100
|
|upkeep
|turn|9
|j| sand feeling
|j| LT71LX IV
|j| ArcticBreezeX
|
|t:|1597284729
|switch|p2a: Excadrill|Excadrill, M|100/100
|move|p1a: Blissey|Seismic Toss|p2a: Excadrill
|-damage|p2a: Excadrill|73/100
|
|-heal|p2a: Excadrill|79/100|[from] item: Leftovers
|upkeep
|turn|10
|j| LT71LX Teleport
|l| LT71LX Vessev
|
|t:|1597284741
|switch|p2a: Dragapult|Dragapult, F|100/100
|switch|p1a: Tangrowth|Tangrowth, M|100/100 tox
|
|-damage|p1a: Tangrowth|94/100 tox|[from] psn
|upkeep
|turn|11
|j| Hayburner
|j| HLT1B TUCUNANA
|j| spx1油
|
|t:|1597284750
|switch|p1a: Toxapex|Toxapex, M|100/100
|move|p2a: Dragapult|U-turn|p1a: Toxapex
|-resisted|p1a: Toxapex
|-damage|p1a: Toxapex|94/100
|-damage|p2a: Dragapult|84/100|[from] item: Rocky Helmet|[of] p1a: Toxapex
|j| WildWave ☾★
|l| 64 squares
|
|t:|1597284754
|switch|p2a: Keldeo|Keldeo-Resolute|100/100|[from]move: U-turn
|
|upkeep
|turn|12
|j| xImRaptor
|j| quino666
|
|t:|1597284762
|switch|p1a: Ditto|Ditto|100/100
|-transform|p1a: Ditto|p2a: Keldeo|[from] ability: Imposter
|move|p2a: Keldeo|Substitute|p2a: Keldeo
|-start|p2a: Keldeo|Substitute
|-damage|p2a: Keldeo|76/100
|
|-heal|p2a: Keldeo|82/100|[from] item: Leftovers
|upkeep
|turn|13
|j| tazz
|j| Iarimm
|j| The Teal Scizor
|
|t:|1597284770
|switch|p1a: Tangrowth|Tangrowth, M|100/100 tox
|move|p2a: Keldeo|Calm Mind|p2a: Keldeo
|-boost|p2a: Keldeo|spa|1
|-boost|p2a: Keldeo|spd|1
|
|-heal|p2a: Keldeo|88/100|[from] item: Leftovers
|-damage|p1a: Tangrowth|94/100 tox|[from] psn
|upkeep
|turn|14
|l| Forresterr♣
|l| xImRaptor
|
|t:|1597284782
|switch|p1a: Toxapex|Toxapex, M|100/100
|move|p2a: Keldeo|Secret Sword|p1a: Toxapex
|-resisted|p1a: Toxapex
|-damage|p1a: Toxapex|81/100
|
|-heal|p2a: Keldeo|94/100|[from] item: Leftovers
|upkeep
|turn|15
|j| Boigunn
|n| LT71LX EG Jhonx|egjhonx
|
|t:|1597284787
|move|p2a: Keldeo|Scald|p1a: Toxapex
|-resisted|p1a: Toxapex
|-damage|p1a: Toxapex|54/100
|move|p1a: Toxapex|Haze|p1a: Toxapex
|-clearallboost
|
|-heal|p2a: Keldeo|99/100|[from] item: Leftovers
|upkeep
|turn|16
|
|t:|1597284794
|switch|p1a: Tangrowth|Tangrowth, M|100/100 tox
|move|p2a: Keldeo|Calm Mind|p2a: Keldeo
|-boost|p2a: Keldeo|spa|1
|-boost|p2a: Keldeo|spd|1
|
|-heal|p2a: Keldeo|100/100|[from] item: Leftovers
|-damage|p1a: Tangrowth|94/100 tox|[from] psn
|upkeep
|turn|17
|j| SwabluIsAHat
|n| tigers jaw|tigersjaw
|
|t:|1597284800
|switch|p1a: Toxapex|Toxapex, M|87/100
|move|p2a: Keldeo|Scald|p1a: Toxapex
|-resisted|p1a: Toxapex
|-damage|p1a: Toxapex|62/100
|
|upkeep
|turn|18
|j| LT71LX bebo
|j| LT71LX Vessev
|
|t:|1597284804
|move|p2a: Keldeo|Scald|p1a: Toxapex
|-resisted|p1a: Toxapex
|-damage|p1a: Toxapex|31/100
|move|p1a: Toxapex|Haze|p1a: Toxapex
|-clearallboost
|
|upkeep
|turn|19
|l| LT71LX IV
|
|t:|1597284810
|move|p2a: Keldeo|Calm Mind|p2a: Keldeo
|-boost|p2a: Keldeo|spa|1
|-boost|p2a: Keldeo|spd|1
|move|p1a: Toxapex|Recover|p1a: Toxapex
|-heal|p1a: Toxapex|81/100
|
|upkeep
|turn|20
|
|t:|1597284812
|move|p2a: Keldeo|Scald|p1a: Toxapex
|-resisted|p1a: Toxapex
|-damage|p1a: Toxapex|55/100
|move|p1a: Toxapex|Haze|p1a: Toxapex
|-clearallboost
|
|upkeep
|turn|21
|
|t:|1597284815
|move|p2a: Keldeo|Calm Mind|p2a: Keldeo
|-boost|p2a: Keldeo|spa|1
|-boost|p2a: Keldeo|spd|1
|move|p1a: Toxapex|Haze|p1a: Toxapex
|-clearallboost
|
|upkeep
|turn|22
|
|t:|1597284821
|move|p2a: Keldeo|Calm Mind|p2a: Keldeo
|-boost|p2a: Keldeo|spa|1
|-boost|p2a: Keldeo|spd|1
|move|p1a: Toxapex|Haze|p1a: Toxapex
|-clearallboost
|
|upkeep
|turn|23
|
|t:|1597284825
|move|p2a: Keldeo|Scald|p1a: Toxapex
|-resisted|p1a: Toxapex
|-damage|p1a: Toxapex|35/100
|move|p1a: Toxapex|Recover|p1a: Toxapex
|-heal|p1a: Toxapex|85/100
|
|upkeep
|turn|24
|j| Lt71lx life
|j| Hockey1
|
|t:|1597284831
|move|p2a: Keldeo|Calm Mind|p2a: Keldeo
|-boost|p2a: Keldeo|spa|1
|-boost|p2a: Keldeo|spd|1
|move|p1a: Toxapex|Haze|p1a: Toxapex
|-clearallboost
|
|upkeep
|turn|25
|
|t:|1597284834
|switch|p1a: Tangrowth|Tangrowth, M|100/100 tox
|move|p2a: Keldeo|Scald|p1a: Tangrowth
|-resisted|p1a: Tangrowth
|-damage|p1a: Tangrowth|77/100 tox
|
|-damage|p1a: Tangrowth|71/100 tox|[from] psn
|upkeep
|turn|26
|l| LT71LX Vessev
|c| tigers jaw|how
|c| tigers jaw|lol
|
|t:|1597284838
|switch|p1a: Toxapex|Toxapex, M|100/100
|move|p2a: Keldeo|Calm Mind|p2a: Keldeo
|-boost|p2a: Keldeo|spa|1
|-boost|p2a: Keldeo|spd|1
|
|upkeep
|turn|27
|
|t:|1597284841
|move|p2a: Keldeo|Secret Sword|p1a: Toxapex
|-resisted|p1a: Toxapex
|-damage|p1a: Toxapex|80/100
|move|p1a: Toxapex|Haze|p1a: Toxapex
|-clearallboost
|
|upkeep
|turn|28
|
|t:|1597284844
|move|p2a: Keldeo|Calm Mind|p2a: Keldeo
|-boost|p2a: Keldeo|spa|1
|-boost|p2a: Keldeo|spd|1
|move|p1a: Toxapex|Haze|p1a: Toxapex
|-clearallboost
|
|upkeep
|turn|29
|j| chinchiliconcarne
|l| SwabluIsAHat
|j| LT71LX Vessev
|
|t:|1597284848
|move|p2a: Keldeo|Calm Mind|p2a: Keldeo
|-boost|p2a: Keldeo|spa|1
|-boost|p2a: Keldeo|spd|1
|move|p1a: Toxapex|Haze|p1a: Toxapex
|-clearallboost
|
|upkeep
|turn|30
|j| BoomBoomBoo
|
|t:|1597284850
|move|p2a: Keldeo|Scald|p1a: Toxapex
|-resisted|p1a: Toxapex
|-damage|p1a: Toxapex|62/100
|move|p1a: Toxapex|Haze|p1a: Toxapex
|-clearallboost
|
|upkeep
|turn|31
|j| darkpikachu12
|j| sugarhigh
|j| SwabluIsAHat
|
|t:|1597284854
|move|p2a: Keldeo|Scald|p1a: Toxapex
|-resisted|p1a: Toxapex
|-damage|p1a: Toxapex|44/100
|move|p1a: Toxapex|Haze|p1a: Toxapex
|-clearallboost
|
|upkeep
|turn|32
|c| tigers jaw|abr got every turn right last time this sequence took place
|j| SuperEpicAmpharos
|
|t:|1597284857
|move|p2a: Keldeo|Scald|p1a: Toxapex
|-resisted|p1a: Toxapex
|-damage|p1a: Toxapex|25/100
|move|p1a: Toxapex|Haze|p1a: Toxapex
|-clearallboost
|
|upkeep
|turn|33
|j| Destro16
|
|t:|1597284863
|move|p2a: Keldeo|Calm Mind|p2a: Keldeo
|-boost|p2a: Keldeo|spa|1
|-boost|p2a: Keldeo|spd|1
|move|p1a: Toxapex|Recover|p1a: Toxapex
|-heal|p1a: Toxapex|75/100
|
|upkeep
|turn|34
|
|t:|1597284865
|move|p2a: Keldeo|Scald|p1a: Toxapex
|-resisted|p1a: Toxapex
|-damage|p1a: Toxapex|49/100
|move|p1a: Toxapex|Haze|p1a: Toxapex
|-clearallboost
|
|upkeep
|turn|35
|
|t:|1597284875
|move|p2a: Keldeo|Scald|p1a: Toxapex
|-resisted|p1a: Toxapex
|-damage|p1a: Toxapex|29/100
|-status|p1a: Toxapex|brn
|move|p1a: Toxapex|Recover|p1a: Toxapex
|-heal|p1a: Toxapex|79/100 brn
|
|-damage|p1a: Toxapex|73/100 brn|[from] brn
|upkeep
|turn|36
|l| Boigunn
|l| LT71LX Vessev
|
|t:|1597284880
|move|p2a: Keldeo|Calm Mind|p2a: Keldeo
|-boost|p2a: Keldeo|spa|1
|-boost|p2a: Keldeo|spd|1
|move|p1a: Toxapex|Haze|p1a: Toxapex
|-clearallboost
|
|-damage|p1a: Toxapex|67/100 brn|[from] brn
|upkeep
|turn|37
|j| LT71LX Vessev
|
|t:|1597284893
|move|p2a: Keldeo|Calm Mind|p2a: Keldeo
|-boost|p2a: Keldeo|spa|1
|-boost|p2a: Keldeo|spd|1
|move|p1a: Toxapex|Haze|p1a: Toxapex
|-clearallboost
|
|-damage|p1a: Toxapex|62/100 brn|[from] brn
|upkeep
|turn|38
|
|t:|1597284900
|move|p2a: Keldeo|Secret Sword|p1a: Toxapex
|-resisted|p1a: Toxapex
|-damage|p1a: Toxapex|47/100 brn
|move|p1a: Toxapex|Haze|p1a: Toxapex
|-clearallboost
|
|-damage|p1a: Toxapex|41/100 brn|[from] brn
|upkeep
|turn|39
|l| childintheirpoor
|
|t:|1597284904
|move|p2a: Keldeo|Calm Mind|p2a: Keldeo
|-boost|p2a: Keldeo|spa|1
|-boost|p2a: Keldeo|spd|1
|move|p1a: Toxapex|Haze|p1a: Toxapex
|-clearallboost
|
|-damage|p1a: Toxapex|35/100 brn|[from] brn
|upkeep
|turn|40
|j| RendoNintendo
|l| LT71LX LE K
|
|t:|1597284908
|move|p2a: Keldeo|Calm Mind|p2a: Keldeo
|-boost|p2a: Keldeo|spa|1
|-boost|p2a: Keldeo|spd|1
|move|p1a: Toxapex|Recover|p1a: Toxapex
|-heal|p1a: Toxapex|85/100 brn
|
|-damage|p1a: Toxapex|79/100 brn|[from] brn
|upkeep
|turn|41
|l| Iarimm
|j| LVNT
|l| darkpikachu12
|l| RendoNintendo
|
|t:|1597284914
|move|p2a: Keldeo|Secret Sword|p1a: Toxapex
|-resisted|p1a: Toxapex
|-damage|p1a: Toxapex|56/100 brn
|move|p1a: Toxapex|Haze|p1a: Toxapex
|-clearallboost
|
|-damage|p1a: Toxapex|50/100 brn|[from] brn
|upkeep
|turn|42
|j| Jojos
|
|t:|1597284926
|switch|p2a: Hippowdon|Hippowdon, M|96/100
|-weather|Sandstorm|[from] ability: Sand Stream|[of] p2a: Hippowdon
|move|p1a: Toxapex|Haze|p1a: Toxapex
|-clearallboost
|
|-weather|Sandstorm|[upkeep]
|-damage|p1a: Toxapex|44/100 brn|[from] Sandstorm
|-heal|p2a: Hippowdon|100/100|[from] item: Leftovers
|-damage|p1a: Toxapex|38/100 brn|[from] brn
|upkeep
|turn|43
|l| LT71LX Newal
|j| mad goonery
|
|t:|1597284933
|switch|p1a: Blissey|Blissey, F|76/100
|move|p2a: Hippowdon|Stealth Rock|p1a: Blissey
|-sidestart|p1: LT71LX ABR|move: Stealth Rock
|
|-weather|Sandstorm|[upkeep]
|-damage|p1a: Blissey|70/100|[from] Sandstorm
|upkeep
|turn|44
|n| laddr climb|laddrclimb
|l| Bunny Girl Mai
|
|t:|1597284943
|switch|p2a: Excadrill|Excadrill, M|79/100
|move|p1a: Blissey|Soft-Boiled|p1a: Blissey
|-heal|p1a: Blissey|100/100
|
|-weather|Sandstorm|[upkeep]
|-damage|p1a: Blissey|94/100|[from] Sandstorm
|-heal|p2a: Excadrill|85/100|[from] item: Leftovers
|upkeep
|turn|45
|j| LT71LX LE K
|l| ant4456
|j| Mengy 乁㋛ㄏ
|j| lt71lx qze
|
|t:|1597284963
|switch|p1a: Mandibuzz|Mandibuzz, F|100/100
|move|p2a: Excadrill|Swords Dance|p2a: Excadrill
|-boost|p2a: Excadrill|atk|2
|
|-weather|Sandstorm|[upkeep]
|-heal|p2a: Excadrill|91/100|[from] item: Leftovers
|upkeep
|turn|46
|
|t:|1597284970
|switch|p2a: Clefable|Clefable, F|100/100 tox
|move|p1a: Mandibuzz|Foul Play|p2a: Clefable
|-resisted|p2a: Clefable
|-damage|p2a: Clefable|94/100 tox
|
|-weather|none
|-heal|p2a: Clefable|99/100 tox|[from] item: Leftovers
|upkeep
|turn|47
|j| peekoball
|
|t:|1597284976
|move|p1a: Mandibuzz|Defog|p2a: Clefable
|-unboost|p2a: Clefable|evasion|1
|-sideend|p1: LT71LX ABR|Stealth Rock|[from] move: Defog|[of] p1a: Mandibuzz
|move|p2a: Clefable|Moonblast|p1a: Mandibuzz
|-supereffective|p1a: Mandibuzz
|-damage|p1a: Mandibuzz|49/100
|
|-heal|p2a: Clefable|100/100 tox|[from] item: Leftovers
|upkeep
|turn|48
|
|t:|1597284982
|switch|p1a: Blissey|Blissey, F|94/100
|move|p2a: Clefable|Moonblast|p1a: Blissey
|-damage|p1a: Blissey|82/100
|-unboost|p1a: Blissey|spa|1
|
|upkeep
|turn|49
|
|t:|1597284989
|switch|p2a: Excadrill|Excadrill, M|91/100
|switch|p1a: Mandibuzz|Mandibuzz, F|49/100
|
|-heal|p2a: Excadrill|97/100|[from] item: Leftovers
|upkeep
|turn|50
|j| serena4ever
|
|t:|1597284997
|move|p2a: Excadrill|Rock Slide|p1a: Mandibuzz
|-supereffective|p1a: Mandibuzz
|-damage|p1a: Mandibuzz|10/100
|move|p1a: Mandibuzz|Roost|p1a: Mandibuzz
|-heal|p1a: Mandibuzz|60/100
|-singleturn|p1a: Mandibuzz|move: Roost
|
|-heal|p2a: Excadrill|100/100|[from] item: Leftovers
|upkeep
|turn|51
|
|t:|1597285002
|move|p2a: Excadrill|Rock Slide|p1a: Mandibuzz
|-supereffective|p1a: Mandibuzz
|-damage|p1a: Mandibuzz|15/100
|cant|p1a: Mandibuzz|flinch
|
|upkeep
|turn|52
|j|+Perry
|j| Highways
|
|t:|1597285019
|switch|p2a: Dragapult|Dragapult, F|84/100
|switch|p1a: Tangrowth|Tangrowth, M|100/100 tox
|
|-damage|p1a: Tangrowth|94/100 tox|[from] psn
|upkeep
|turn|53
|j| Pansears for Fears
|l| ShadowPork
|
|t:|1597285040
|move|p2a: Dragapult|Hex|p1a: Tangrowth
|-damage|p1a: Tangrowth|35/100 tox
|move|p1a: Tangrowth|Knock Off|p2a: Dragapult
|-supereffective|p2a: Dragapult
|-damage|p2a: Dragapult|15/100
|-enditem|p2a: Dragapult|Heavy-Duty Boots|[from] move: Knock Off|[of] p1a: Tangrowth
|
|-damage|p1a: Tangrowth|22/100 tox|[from] psn
|upkeep
|turn|54
|
|t:|1597285051
|switch|p1a: Toxapex|Toxapex, M|71/100 brn
|move|p2a: Dragapult|Hex|p1a: Toxapex
|-damage|p1a: Toxapex|24/100 brn
|
|-damage|p1a: Toxapex|18/100 brn|[from] brn
|upkeep
|turn|55
|
|t:|1597285057
|switch|p1a: Jirachi|Jirachi|100/100
|move|p2a: Dragapult|Dragon Darts|p1a: Jirachi
|-resisted|p1a: Jirachi
|-damage|p1a: Jirachi|92/100
|-anim|p2a: Dragapult|Dragon Darts|p1a: Jirachi
|-resisted|p1a: Jirachi
|-damage|p1a: Jirachi|84/100
|
|upkeep
|turn|56
|l|+Perry
|
|t:|1597285075
|switch|p2a: Excadrill|Excadrill, M|100/100
|move|p1a: Jirachi|U-turn|p2a: Excadrill
|-resisted|p2a: Excadrill
|-damage|p2a: Excadrill|89/100
|
|t:|1597285081
|switch|p1a: Ditto|Ditto|100/100|[from]move: U-turn
|-transform|p1a: Ditto|p2a: Excadrill|[from] ability: Imposter
|
|-heal|p2a: Excadrill|95/100|[from] item: Leftovers
|upkeep
|turn|57
|j| ratman1
|
|t:|1597285105
|switch|p1a: Tangrowth|Tangrowth, M|56/100 tox
|switch|p2a: Clefable|Clefable, F|100/100 tox
|
|-damage|p1a: Tangrowth|49/100 tox|[from] psn
|upkeep
|turn|58
|j| cleann
|j| Arkyz2
|
|t:|1597285134
|switch|p2a: Hippowdon|Hippowdon, M|100/100
|-weather|Sandstorm|[from] ability: Sand Stream|[of] p2a: Hippowdon
|switch|p1a: Ditto|Ditto|100/100
|-transform|p1a: Ditto|p2a: Hippowdon|[from] ability: Imposter
|
|-weather|Sandstorm|[upkeep]
|upkeep
|turn|59
|
|t:|1597285149
|switch|p1a: Mandibuzz|Mandibuzz, F|15/100
|move|p2a: Hippowdon|Toxic|p1a: Mandibuzz
|-status|p1a: Mandibuzz|tox
|
|-weather|Sandstorm|[upkeep]
|-damage|p1a: Mandibuzz|9/100 tox|[from] psn
|upkeep
|turn|60
|l| Arkyz2
|
|t:|1597285155
|move|p1a: Mandibuzz|Knock Off|p2a: Hippowdon
|-damage|p2a: Hippowdon|85/100
|-enditem|p2a: Hippowdon|Leftovers|[from] move: Knock Off|[of] p1a: Mandibuzz
|move|p2a: Hippowdon|Earthquake|p1a: Mandibuzz
|-immune|p1a: Mandibuzz
|
|-weather|Sandstorm|[upkeep]
|-damage|p1a: Mandibuzz|0 fnt|[from] psn
|faint|p1a: Mandibuzz
|upkeep
|
|t:|1597285158
|switch|p1a: Blissey|Blissey, F|82/100
|turn|61
|j| Rainerd13
|j| Venom94
|
|t:|1597285172
|switch|p2a: Excadrill|Excadrill, M|95/100
|move|p1a: Blissey|Stealth Rock|p2a: Excadrill
|-sidestart|p2: LT71LX Gama|move: Stealth Rock
|
|-weather|Sandstorm|[upkeep]
|-damage|p1a: Blissey|76/100|[from] Sandstorm
|-heal|p2a: Excadrill|100/100|[from] item: Leftovers
|upkeep
|turn|62
|j| shinhow
|
|t:|1597285185
|switch|p1a: Tangrowth|Tangrowth, M|83/100 tox
|move|p2a: Excadrill|Rapid Spin|p1a: Tangrowth
|-damage|p1a: Tangrowth|72/100 tox
|-boost|p2a: Excadrill|spe|1
|-sideend|p2: LT71LX Gama|Stealth Rock|[from] move: Rapid Spin|[of] p2a: Excadrill
|
|-weather|none
|-damage|p1a: Tangrowth|66/100 tox|[from] psn
|upkeep
|turn|63
|l| LT71LX bebo
|
|t:|1597285193
|switch|p2a: Mandibuzz|Mandibuzz, F|87/100
|switch|p1a: Toxapex|Toxapex, M|52/100 brn
|
|-damage|p1a: Toxapex|46/100 brn|[from] brn
|upkeep
|turn|64
|
|t:|1597285202
|switch|p2a: Hippowdon|Hippowdon, M|85/100
|-weather|Sandstorm|[from] ability: Sand Stream|[of] p2a: Hippowdon
|move|p1a: Toxapex|Recover|p1a: Toxapex
|-heal|p1a: Toxapex|96/100 brn
|
|-weather|Sandstorm|[upkeep]
|-damage|p1a: Toxapex|90/100 brn|[from] Sandstorm
|-damage|p1a: Toxapex|84/100 brn|[from] brn
|upkeep
|turn|65
|l| Venom94
|
|t:|1597285211
|switch|p1a: Blissey|Blissey, F|76/100
|move|p2a: Hippowdon|Stealth Rock|p1a: Blissey
|-sidestart|p1: LT71LX ABR|move: Stealth Rock
|
|-weather|Sandstorm|[upkeep]
|-damage|p1a: Blissey|69/100|[from] Sandstorm
|upkeep
|turn|66
|l| Rainerd13
|
|t:|1597285216
|switch|p2a: Excadrill|Excadrill, M|100/100
|move|p1a: Blissey|Soft-Boiled|p1a: Blissey
|-heal|p1a: Blissey|100/100
|
|-weather|Sandstorm|[upkeep]
|-damage|p1a: Blissey|94/100|[from] Sandstorm
|upkeep
|turn|67
|j| Paraense
|
|t:|1597285223
|switch|p1a: Ditto|Ditto|100/100
|-damage|p1a: Ditto|88/100|[from] Stealth Rock
|-transform|p1a: Ditto|p2a: Excadrill|[from] ability: Imposter
|move|p2a: Excadrill|Earthquake|p1a: Ditto
|-supereffective|p1a: Ditto
|-damage|p1a: Ditto|0 fnt
|faint|p1a: Ditto
|
|-weather|Sandstorm|[upkeep]
|upkeep
|
|t:|1597285225
|switch|p1a: Tangrowth|Tangrowth, M|99/100 tox
|-damage|p1a: Tangrowth|87/100 tox|[from] Stealth Rock
|turn|68
|
|t:|1597285247
|switch|p2a: Clefable|Clefable, F|100/100 tox
|move|p1a: Tangrowth|Knock Off|p2a: Clefable
|-resisted|p2a: Clefable
|-damage|p2a: Clefable|92/100 tox
|-enditem|p2a: Clefable|Leftovers|[from] move: Knock Off|[of] p1a: Tangrowth
|
|-weather|none
|-damage|p1a: Tangrowth|81/100 tox|[from] psn
|upkeep
|turn|69
|l| Rogue Excaliburn
|
|t:|1597285254
|switch|p1a: Jirachi|Jirachi|84/100
|-damage|p1a: Jirachi|77/100|[from] Stealth Rock
|move|p2a: Clefable|Moonblast|p1a: Jirachi
|-resisted|p1a: Jirachi
|-damage|p1a: Jirachi|64/100
|
|upkeep
|turn|70
|j| chkrome
|
|t:|1597285264
|switch|p2a: Hippowdon|Hippowdon, M|85/100
|-weather|Sandstorm|[from] ability: Sand Stream|[of] p2a: Hippowdon
|move|p1a: Jirachi|Iron Head|p2a: Hippowdon
|-damage|p2a: Hippowdon|67/100
|
|-weather|Sandstorm|[upkeep]
|upkeep
|turn|71
|
|t:|1597285271
|switch|p2a: Excadrill|Excadrill, M|100/100
|move|p1a: Jirachi|Iron Head|p2a: Excadrill
|-resisted|p2a: Excadrill
|-damage|p2a: Excadrill|80/100
|
|-weather|Sandstorm|[upkeep]
|-heal|p2a: Excadrill|86/100|[from] item: Leftovers
|upkeep
|turn|72
|
|t:|1597285283
|switch|p1a: Toxapex|Toxapex, M|100/100 brn
|-damage|p1a: Toxapex|88/100 brn|[from] Stealth Rock
|move|p2a: Excadrill|Earthquake|p1a: Toxapex
|-supereffective|p1a: Toxapex
|-damage|p1a: Toxapex|18/100 brn
|
|-weather|Sandstorm|[upkeep]
|-damage|p1a: Toxapex|12/100 brn|[from] Sandstorm
|-heal|p2a: Excadrill|92/100|[from] item: Leftovers
|-damage|p1a: Toxapex|6/100 brn|[from] brn
|upkeep
|turn|73
|
|t:|1597285292
|switch|p1a: Tangrowth|Tangrowth, M|100/100 tox
|-damage|p1a: Tangrowth|88/100 tox|[from] Stealth Rock
|move|p2a: Excadrill|Earthquake|p1a: Tangrowth
|-resisted|p1a: Tangrowth
|-damage|p1a: Tangrowth|70/100 tox
|
|-weather|Sandstorm|[upkeep]
|-damage|p1a: Tangrowth|64/100 tox|[from] Sandstorm
|-heal|p2a: Excadrill|98/100|[from] item: Leftovers
|-damage|p1a: Tangrowth|58/100 tox|[from] psn
|upkeep
|turn|74
|j| M Rodrigues
|j| melancholy hills
|l| LT71LX Teleport
|l| chinchiliconcarne
|
|t:|1597285313
|move|p2a: Excadrill|Swords Dance|p2a: Excadrill
|-boost|p2a: Excadrill|atk|2
|move|p1a: Tangrowth|Giga Drain|p2a: Excadrill
|-damage|p2a: Excadrill|57/100
|-heal|p1a: Tangrowth|76/100 tox|[from] drain|[of] p2a: Excadrill
|
|-weather|none
|-heal|p2a: Excadrill|63/100|[from] item: Leftovers
|-damage|p1a: Tangrowth|64/100 tox|[from] psn
|upkeep
|turn|75
|
|t:|1597285324
|move|p2a: Excadrill|Rock Slide|p1a: Tangrowth
|-damage|p1a: Tangrowth|30/100 tox
|move|p1a: Tangrowth|Giga Drain|p2a: Excadrill
|-damage|p2a: Excadrill|28/100
|-heal|p1a: Tangrowth|46/100 tox|[from] drain|[of] p2a: Excadrill
|
|-heal|p2a: Excadrill|34/100|[from] item: Leftovers
|-damage|p1a: Tangrowth|27/100 tox|[from] psn
|upkeep
|turn|76
|
|t:|1597285334
|move|p2a: Excadrill|Earthquake|p1a: Tangrowth
|-resisted|p1a: Tangrowth
|-damage|p1a: Tangrowth|0 fnt
|faint|p1a: Tangrowth
|
|-heal|p2a: Excadrill|40/100|[from] item: Leftovers
|upkeep
|
|t:|1597285337
|switch|p1a: Jirachi|Jirachi|64/100
|-damage|p1a: Jirachi|58/100|[from] Stealth Rock
|turn|77
|
|t:|1597285350
|switch|p2a: Keldeo|Keldeo-Resolute|100/100
|move|p1a: Jirachi|Iron Head|p2a: Keldeo
|-resisted|p2a: Keldeo
|-damage|p2a: Keldeo|86/100
|
|-heal|p2a: Keldeo|92/100|[from] item: Leftovers
|upkeep
|turn|78
|l| ratman1
|
|t:|1597285356
|move|p1a: Jirachi|Iron Head|p2a: Keldeo
|-resisted|p2a: Keldeo
|-damage|p2a: Keldeo|76/100
|move|p2a: Keldeo|Secret Sword|p1a: Jirachi
|-crit|p1a: Jirachi
|-damage|p1a: Jirachi|0 fnt
|faint|p1a: Jirachi
|
|-heal|p2a: Keldeo|82/100|[from] item: Leftovers
|upkeep
|c|☆LT71LX ABR|gg
|-message|LT71LX ABR forfeited.
|
|win|LT71LX Gama
|l| M Rodrigues
|l| cleann
|l| LT71LX LE K
|l|+Emeri ✿
|l|☆LT71LX ABR
|l| Dra15
|l| lt71lx bacon
|raw|LT71LX ABR's rating: 2165 &rarr; <strong>2140</strong><br />(-25 for losing)
|raw|LT71LX Gama's rating: 2079 &rarr; <strong>2103</strong><br />(+24 for winning)
|l|+Wally
|c| Highways|surrao
|l| SamHPL
|l| SwabluIsAHat
|l| SuperEpicAmpharos
|l| lt71lx sanj
|l| ligmadon769
|l| Padox
|l|+FMG
|l| Devil Patchy
|l|‽LT71LX Gama
|l| chkrome
|l| serena4ever
|l| Highways
|l| Dsjdhskfh
|l| tazz
|l| quino666
|l| Juseth sepulveda
|l| LT71LXMegavictinii
|l| ArcticBreezeX
|l| Kiichikos
|l|+cromagnet
|l| Mengy 乁㋛ㄏ
|l| Jojos
|j| Rainerd13
|l| LT71LX Vessev
|l| LT71LX PJ
|l| snaga
|l| sand feeling
|l| The Son of Ogre
|l| atha
|l| The Teal Scizor
|l| LT71LX Luthier
|l| spx1油
|j| childintheirpoor
|j| Dahyouko
|l|+Raiza
|l| will i lose
|l| olt dinner
|l| guacamole socks
|l| LT71LX Tace
|j| LT71LX IV
|l| Dahyouko
|l| laddr climb
|l| august
|l| Rainerd13
|l| HLT1B TUCUNANA
|l| LT71LX TDNT
|j|+Raiza
|l|+Raiza
|l| Pansears for Fears
|l| esrtyu
|l| Ox the Fox
|l| LT71LX Chai
|l| hipster garbage
|l| LT71LX IV
|l| Destro16
|l| mofuke
|l| mad goonery
|l| LT71LX EG Jhonx
|l| Rubyblood
|l| starmaster
|j| fyuiloiih
|l| WildWave ☾★
|l| pzowmx
|l| LT71LX Storm
|l| ayevon
|j| pzowmx
|l| large owl
|l| pzowmx
|l| Lt71lx life
|l| lt71lx qze
|l| Hockey1
|l| LVNT
|l| fyuiloiih
|l| X-Wing Fighter
|l| LT71LX John W
|l| tigers jaw
|l| sugarhigh
|l| Pidgey Gordito
|l| shinhow
|n| LT71LX TSAU|childintheirpoor
|l| outu 23
|l| Hayburner
|n| childintheirpoor|lt71lxtsau
|l| BoomBoomBoo
|l| melancholy hills
|n| LT71LX TSAU|childintheirpoor
|n| peekoball|peekoball
|j|+Perry
|l|+Perry
|j| vight
|l| vight
|j| LT71LX TJ
|l| Dylanronpa
|l| Paraense
