|raw|<div class="broadcast-blue"><strong>This battle is required to be public due to a player having a name starting with 'lt81yl'.</div>
|j|‽lonietzzz
|j|☆LT81YL TEAMBUILDER
|t:|1625763123
|gametype|singles
|player|p1|lonietzzz|pokemonbreederf|1845
|player|p2|LT81YL TEAMBUILDER|265|1854
|teamsize|p1|6
|teamsize|p2|6
|gen|8
|tier|[Gen 8] OU
|rated|
|rule|Sleep Clause Mod: Limit one foe put to sleep
|rule|Species Clause: Limit one of each Pokémon
|rule|OHKO Clause: OHKO moves are banned
|rule|Evasion Moves Clause: Evasion moves are banned
|rule|Endless Battle Clause: Forcing endless battles is banned
|rule|HP Percentage Mod: HP is shown in percentages
|rule|Dynamax Clause: You cannot dynamax
|clearpoke
|poke|p1|Tapu Lele|
|poke|p1|Heatran, F|
|poke|p1|Urshifu-*, F|
|poke|p1|Slowbro, F|
|poke|p1|Landorus-Therian, M|
|poke|p1|Weavile, F|
|poke|p2|Weavile, F|
|poke|p2|Alakazam, M|
|poke|p2|Amoonguss, M|
|poke|p2|Heatran, F|
|poke|p2|Tapu Fini|
|poke|p2|Landorus-Therian, M|
|teampreview
|inactive|Battle timer is ON: inactive players will automatically lose when time's up. (requested by LT81YL TEAMBUILDER)
|
|t:|1625763154
|start
|switch|p1a: Tapu Lele|Tapu Lele|100/100
|switch|p2a: Landorus|Landorus-Therian, M|100/100
|-ability|p2a: Landorus|Intimidate|boost
|-unboost|p1a: Tapu Lele|atk|1
|-fieldstart|move: Psychic Terrain|[from] ability: Psychic Surge|[of] p1a: Tapu Lele
|turn|1
|
|t:|1625763161
|switch|p2a: Heatran|Heatran, F|100/100
|move|p1a: Tapu Lele|Psychic|p2a: Heatran
|-resisted|p2a: Heatran
|-damage|p2a: Heatran|71/100
|
|-heal|p2a: Heatran|77/100|[from] item: Leftovers
|upkeep
|turn|2
|
|t:|1625763168
|switch|p1a: Landorus|Landorus-Therian, M|100/100
|-ability|p1a: Landorus|Intimidate|boost
|-unboost|p2a: Heatran|atk|1
|move|p2a: Heatran|Stealth Rock|p1a: Landorus
|-sidestart|p1: lonietzzz|move: Stealth Rock
|
|-heal|p2a: Heatran|83/100|[from] item: Leftovers
|upkeep
|turn|3
|
|t:|1625763172
|switch|p2a: Amoonguss|Amoonguss, M|100/100
|move|p1a: Landorus|Defog|p2a: Amoonguss
|-unboost|p2a: Amoonguss|evasion|1
|-sideend|p1: lonietzzz|Stealth Rock|[from] move: Defog|[of] p1a: Landorus
|-fieldend|move: Psychic Terrain
|
|upkeep
|turn|4
|
|t:|1625763179
|move|p1a: Landorus|Knock Off|p2a: Amoonguss
|-damage|p2a: Amoonguss|76/100
|-damage|p1a: Landorus|84/100|[from] item: Rocky Helmet|[of] p2a: Amoonguss
|-enditem|p2a: Amoonguss|Rocky Helmet|[from] move: Knock Off|[of] p1a: Landorus
|move|p2a: Amoonguss|Spore|p1a: Landorus
|-status|p1a: Landorus|slp|[from] move: Spore
|
|-heal|p1a: Landorus|90/100 slp|[from] item: Leftovers
|upkeep
|turn|5
|
|t:|1625763186
|switch|p1a: Slowbro|Slowbro, F|100/100
|switch|p2a: Tapu Fini|Tapu Fini|100/100
|-fieldstart|move: Misty Terrain|[from] ability: Misty Surge|[of] p2a: Tapu Fini
|
|upkeep
|turn|6
|
|t:|1625763207
|move|p2a: Tapu Fini|Moonblast|p1a: Slowbro
|-damage|p1a: Slowbro|67/100
|-unboost|p1a: Slowbro|spa|1
|move|p1a: Slowbro|Future Sight|p2a: Tapu Fini
|-start|p1a: Slowbro|move: Future Sight
|
|upkeep
|turn|7
|
|t:|1625763214
|switch|p1a: Heatran|Heatran, F|100/100
|move|p2a: Tapu Fini|Taunt|p1a: Heatran
|-start|p1a: Heatran|move: Taunt
|
|upkeep
|turn|8
|inactive|LT81YL TEAMBUILDER has 120 seconds left.
|
|t:|1625763259
|switch|p2a: Amoonguss|Amoonguss, M|100/100
|move|p1a: Heatran|Magma Storm|p2a: Amoonguss
|-supereffective|p2a: Amoonguss
|-crit|p2a: Amoonguss
|-damage|p2a: Amoonguss|0 fnt
|faint|p2a: Amoonguss
|
|-hint|Future Sight did not hit because the target is fainted.
|upkeep
|
|t:|1625763264
|switch|p2a: Alakazam|Alakazam, M|100/100
|turn|9
|inactive|lonietzzz has 120 seconds left.
|
|t:|1625763311
|move|p2a: Alakazam|Focus Blast|p1a: Heatran
|-supereffective|p1a: Heatran
|-damage|p1a: Heatran|29/100
|move|p1a: Heatran|Heavy Slam|p2a: Alakazam
|-damage|p2a: Alakazam|10/100
|
|-heal|p1a: Heatran|35/100|[from] item: Leftovers
|-end|p1a: Heatran|move: Taunt
|-fieldend|Misty Terrain
|upkeep
|turn|10
|inactive|LT81YL TEAMBUILDER has 120 seconds left.
|
|t:|1625763340
|switch|p1a: Slowbro|Slowbro, F|99/100
|move|p2a: Alakazam|Focus Blast|p1a: Slowbro|[miss]
|-miss|p2a: Alakazam|p1a: Slowbro
|
|upkeep
|turn|11
|
|t:|1625763352
|switch|p2a: Tapu Fini|Tapu Fini|100/100
|-fieldstart|move: Misty Terrain|[from] ability: Misty Surge|[of] p2a: Tapu Fini
|move|p1a: Slowbro|Teleport|p1a: Slowbro
|
|t:|1625763355
|switch|p1a: Tapu Lele|Tapu Lele|100/100|[from]move: Teleport
|-fieldstart|move: Psychic Terrain|[from] ability: Psychic Surge|[of] p1a: Tapu Lele
|
|upkeep
|turn|12
|inactive|lonietzzz has 120 seconds left.
|inactive|LT81YL TEAMBUILDER has 120 seconds left.
|
|t:|1625763379
|switch|p2a: Landorus|Landorus-Therian, M|100/100
|-ability|p2a: Landorus|Intimidate|boost
|-unboost|p1a: Tapu Lele|atk|1
|move|p1a: Tapu Lele|Thunderbolt|p2a: Landorus
|-immune|p2a: Landorus
|
|upkeep
|turn|13
|inactive|lonietzzz has 120 seconds left.
|
|t:|1625763390
|switch|p1a: Slowbro|Slowbro, F|100/100
|move|p2a: Landorus|U-turn|p1a: Slowbro
|-supereffective|p1a: Slowbro
|-damage|p1a: Slowbro|71/100
|-damage|p2a: Landorus|84/100|[from] item: Rocky Helmet|[of] p1a: Slowbro
|
|t:|1625763400
|switch|p2a: Alakazam|Alakazam, M|10/100|[from]move: U-turn
|
|upkeep
|turn|14
|
|t:|1625763410
|switch|p1a: Weavile|Weavile, F|100/100
|-ability|p1a: Weavile|Pressure
|move|p2a: Alakazam|Shadow Ball|p1a: Weavile
|-resisted|p1a: Weavile
|-damage|p1a: Weavile|76/100
|
|upkeep
|turn|15
|
|t:|1625763417
|switch|p2a: Tapu Fini|Tapu Fini|100/100
|-fieldstart|move: Misty Terrain|[from] ability: Misty Surge|[of] p2a: Tapu Fini
|move|p1a: Weavile|Knock Off|p2a: Tapu Fini
|-resisted|p2a: Tapu Fini
|-damage|p2a: Tapu Fini|83/100
|-enditem|p2a: Tapu Fini|Leftovers|[from] move: Knock Off|[of] p1a: Weavile
|
|upkeep
|turn|16
|j| Dhdhdjdj
|
|t:|1625763433
|switch|p1a: Tapu Lele|Tapu Lele|100/100
|-fieldstart|move: Psychic Terrain|[from] ability: Psychic Surge|[of] p1a: Tapu Lele
|move|p2a: Tapu Fini|Moonblast|p1a: Tapu Lele
|-damage|p1a: Tapu Lele|66/100
|
|upkeep
|turn|17
|
|t:|1625763442
|switch|p2a: Heatran|Heatran, F|83/100
|move|p1a: Tapu Lele|Psyshock|p2a: Heatran
|-resisted|p2a: Heatran
|-damage|p2a: Heatran|51/100
|
|-heal|p2a: Heatran|58/100|[from] item: Leftovers
|upkeep
|turn|18
|
|t:|1625763449
|switch|p1a: Urshifu|Urshifu-Rapid-Strike, F|100/100
|move|p2a: Heatran|Stealth Rock|p1a: Urshifu
|-sidestart|p1: lonietzzz|move: Stealth Rock
|
|-heal|p2a: Heatran|64/100|[from] item: Leftovers
|upkeep
|turn|19
|
|t:|1625763474
|switch|p2a: Landorus|Landorus-Therian, M|84/100
|-ability|p2a: Landorus|Intimidate|boost
|-unboost|p1a: Urshifu|atk|1
|move|p1a: Urshifu|Surging Strikes|p2a: Landorus
|-supereffective|p2a: Landorus
|-crit|p2a: Landorus
|-damage|p2a: Landorus|36/100
|-supereffective|p2a: Landorus
|-crit|p2a: Landorus
|-damage|p2a: Landorus|0 fnt
|faint|p2a: Landorus
|-hitcount|p2: Landorus|2
|
|upkeep
|
|t:|1625763484
|switch|p2a: Tapu Fini|Tapu Fini|83/100
|-fieldstart|move: Misty Terrain|[from] ability: Misty Surge|[of] p2a: Tapu Fini
|turn|20
|l|‽lonietzzz
|inactive|lonietzzz disconnected and has a minute to reconnect!
|player|p1|
|j|‽lonietzzz
|inactive|lonietzzz reconnected and has 115 seconds left.
|player|p1|lonietzzz|pokemonbreederf
|
|t:|1625763517
|switch|p1a: Slowbro|Slowbro, F|100/100
|-damage|p1a: Slowbro|88/100|[from] Stealth Rock
|move|p2a: Tapu Fini|Moonblast|p1a: Slowbro
|-damage|p1a: Slowbro|52/100
|-unboost|p1a: Slowbro|spa|1
|
|upkeep
|turn|21
|
|t:|1625763528
|switch|p1a: Heatran|Heatran, F|35/100
|-damage|p1a: Heatran|23/100|[from] Stealth Rock
|move|p2a: Tapu Fini|Taunt|p1a: Heatran
|-start|p1a: Heatran|move: Taunt
|
|-heal|p1a: Heatran|29/100|[from] item: Leftovers
|upkeep
|turn|22
|
|t:|1625763531
|move|p2a: Tapu Fini|Surf|p1a: Heatran
|-supereffective|p1a: Heatran
|-damage|p1a: Heatran|0 fnt
|faint|p1a: Heatran
|
|upkeep
|
|t:|1625763534
|switch|p1a: Tapu Lele|Tapu Lele|66/100
|-damage|p1a: Tapu Lele|54/100|[from] Stealth Rock
|-fieldstart|move: Psychic Terrain|[from] ability: Psychic Surge|[of] p1a: Tapu Lele
|turn|23
|
|t:|1625763543
|switch|p2a: Heatran|Heatran, F|64/100
|move|p1a: Tapu Lele|Thunderbolt|p2a: Heatran
|-damage|p2a: Heatran|36/100
|
|-heal|p2a: Heatran|42/100|[from] item: Leftovers
|upkeep
|turn|24
|
|t:|1625763555
|switch|p1a: Urshifu|Urshifu-Rapid-Strike, F|100/100
|-damage|p1a: Urshifu|94/100|[from] Stealth Rock
|move|p2a: Heatran|Magma Storm|p1a: Urshifu
|-resisted|p1a: Urshifu
|-damage|p1a: Urshifu|63/100
|-activate|p1a: Urshifu|move: Magma Storm|[of] p2a: Heatran
|
|-heal|p2a: Heatran|48/100|[from] item: Leftovers
|-damage|p1a: Urshifu|50/100|[from] move: Magma Storm|[partiallytrapped]
|upkeep
|turn|25
|inactive|LT81YL TEAMBUILDER has 120 seconds left.
|
|t:|1625763597
|switch|p2a: Tapu Fini|Tapu Fini|83/100
|-fieldstart|move: Misty Terrain|[from] ability: Misty Surge|[of] p2a: Tapu Fini
|move|p1a: Urshifu|Surging Strikes|p2a: Tapu Fini
|-resisted|p2a: Tapu Fini
|-crit|p2a: Tapu Fini
|-damage|p2a: Tapu Fini|75/100
|-resisted|p2a: Tapu Fini
|-crit|p2a: Tapu Fini
|-damage|p2a: Tapu Fini|68/100
|-resisted|p2a: Tapu Fini
|-crit|p2a: Tapu Fini
|-damage|p2a: Tapu Fini|59/100
|-hitcount|p2a: Tapu Fini|3
|
|-end|p1a: Urshifu|Magma Storm|[partiallytrapped]|[silent]
|upkeep
|turn|26
|
|t:|1625763605
|switch|p1a: Slowbro|Slowbro, F|86/100
|-damage|p1a: Slowbro|73/100|[from] Stealth Rock
|move|p2a: Tapu Fini|Moonblast|p1a: Slowbro
|-crit|p1a: Slowbro
|-damage|p1a: Slowbro|21/100
|
|upkeep
|turn|27
|
|t:|1625763615
|switch|p1a: Landorus|Landorus-Therian, M|90/100 slp
|-damage|p1a: Landorus|78/100 slp|[from] Stealth Rock
|-ability|p1a: Landorus|Intimidate|boost
|-unboost|p2a: Tapu Fini|atk|1
|move|p2a: Tapu Fini|Moonblast|p1a: Landorus
|-damage|p1a: Landorus|45/100 slp
|
|-heal|p1a: Landorus|51/100 slp|[from] item: Leftovers
|upkeep
|turn|28
|
|t:|1625763621
|move|p2a: Tapu Fini|Surf|p1a: Landorus
|-supereffective|p1a: Landorus
|-damage|p1a: Landorus|0 fnt
|faint|p1a: Landorus
|
|upkeep
|
|t:|1625763623
|switch|p1a: Tapu Lele|Tapu Lele|54/100
|-damage|p1a: Tapu Lele|41/100|[from] Stealth Rock
|-fieldstart|move: Psychic Terrain|[from] ability: Psychic Surge|[of] p1a: Tapu Lele
|turn|29
|
|t:|1625763633
|switch|p2a: Heatran|Heatran, F|48/100
|move|p1a: Tapu Lele|Thunderbolt|p2a: Heatran
|-crit|p2a: Heatran
|-damage|p2a: Heatran|7/100
|
|-heal|p2a: Heatran|13/100|[from] item: Leftovers
|upkeep
|turn|30
|
|t:|1625763641
|move|p1a: Tapu Lele|Thunderbolt|p2a: Heatran
|-damage|p2a: Heatran|0 fnt
|faint|p2a: Heatran
|
|upkeep
|
|t:|1625763644
|switch|p2a: Weavile|Weavile, F|100/100
|-ability|p2a: Weavile|Pressure
|turn|31
|
|t:|1625763648
|switch|p1a: Weavile|Weavile, F|76/100
|-ability|p1a: Weavile|Pressure
|move|p2a: Weavile|Knock Off|p1a: Weavile
|-resisted|p1a: Weavile
|-damage|p1a: Weavile|31/100
|-enditem|p1a: Weavile|Heavy-Duty Boots|[from] move: Knock Off|[of] p2a: Weavile
|
|upkeep
|turn|32
|
|t:|1625763655
|move|p2a: Weavile|Icicle Crash|p1a: Weavile|[miss]
|-miss|p2a: Weavile|p1a: Weavile
|move|p1a: Weavile|Low Kick|p2a: Weavile
|-supereffective|p2a: Weavile
|-damage|p2a: Weavile|0 fnt
|faint|p2a: Weavile
|
|upkeep
|
|t:|1625763665
|switch|p2a: Tapu Fini|Tapu Fini|59/100
|-fieldstart|move: Misty Terrain|[from] ability: Misty Surge|[of] p2a: Tapu Fini
|turn|33
|
|t:|1625763671
|move|p1a: Weavile|Knock Off|p2a: Tapu Fini
|-resisted|p2a: Tapu Fini
|-damage|p2a: Tapu Fini|47/100
|move|p2a: Tapu Fini|Moonblast|p1a: Weavile
|-supereffective|p1a: Weavile
|-damage|p1a: Weavile|0 fnt
|faint|p1a: Weavile
|
|upkeep
|
|t:|1625763674
|switch|p1a: Tapu Lele|Tapu Lele|41/100
|-damage|p1a: Tapu Lele|29/100|[from] Stealth Rock
|-fieldstart|move: Psychic Terrain|[from] ability: Psychic Surge|[of] p1a: Tapu Lele
|turn|34
|
|t:|1625763678
|move|p1a: Tapu Lele|Thunderbolt|p2a: Tapu Fini
|-supereffective|p2a: Tapu Fini
|-damage|p2a: Tapu Fini|0 fnt
|faint|p2a: Tapu Fini
|
|upkeep
|
|t:|1625763681
|switch|p2a: Alakazam|Alakazam, M|10/100
|turn|35
|
|t:|1625763693
|move|p2a: Alakazam|Shadow Ball|p1a: Tapu Lele
|-supereffective|p1a: Tapu Lele
|-damage|p1a: Tapu Lele|0 fnt
|faint|p1a: Tapu Lele
|
|upkeep
|
|t:|1625763699
|switch|p1a: Urshifu|Urshifu-Rapid-Strike, F|50/100
|-damage|p1a: Urshifu|44/100|[from] Stealth Rock
|turn|36
|
|t:|1625763703
|move|p1a: Urshifu|U-turn|p2a: Alakazam
|-supereffective|p2a: Alakazam
|-damage|p2a: Alakazam|0 fnt
|faint|p2a: Alakazam
|
|win|lonietzzz
|raw|lonietzzz's rating: 1820 &rarr; <strong>1842</strong><br />(+22 for winning)
|raw|LT81YL TEAMBUILDER's rating: 1854 &rarr; <strong>1832</strong><br />(-22 for losing)
|l|☆LT81YL TEAMBUILDER
|l| Dhdhdjdj
||Ladder isn't responding, score probably updated but might not have (Request timeout).
