|j|☆winter lanterns
|j|☆Juice WRLD Robbery
|t:|1623819065
|gametype|singles
|player|p1|winter lanterns|dawn|1771
|player|p2|Juice WRLD Robbery|gambler|1758
|teamsize|p1|6
|teamsize|p2|6
|gen|8
|tier|[Gen 8] OU
|rated|
|rule|Sleep Clause Mod: Limit one foe put to sleep
|rule|Species Clause: Limit one of each Pokémon
|rule|OHKO Clause: OHKO moves are banned
|rule|Evasion Moves Clause: Evasion moves are banned
|rule|Endless Battle Clause: Forcing endless battles is banned
|rule|HP Percentage Mod: HP is shown in percentages
|rule|Dynamax Clause: You cannot dynamax
|clearpoke
|poke|p1|Weavile, M|
|poke|p1|Tapu Fini|
|poke|p1|Tangrowth, F|
|poke|p1|Melmetal|
|poke|p1|Dragonite, M|
|poke|p1|Slowking-Galar, M|
|poke|p2|Bisharp, F|
|poke|p2|Dragonite, F|
|poke|p2|Blacephalon|
|poke|p2|Mew|
|poke|p2|Cloyster, M|
|poke|p2|Latios, M|
|teampreview
|inactive|Battle timer is ON: inactive players will automatically lose when time's up. (requested by Juice WRLD Robbery)
|
|t:|1623819090
|start
|switch|p1a: Weavile|Weavile, M|100/100
|switch|p2a: Mew|Mew|100/100
|turn|1
|
|t:|1623819093
|move|p1a: Weavile|Knock Off|p2a: Mew
|-supereffective|p2a: Mew
|-enditem|p2a: Mew|Focus Sash
|-damage|p2a: Mew|1/100
|-damage|p1a: Weavile|91/100|[from] item: Life Orb
|move|p2a: Mew|Counter|p1a: Weavile
|-damage|p1a: Weavile|0 fnt
|faint|p1a: Weavile
|
|upkeep
|
|t:|1623819111
|switch|p1a: Tapu Fini|Tapu Fini|100/100
|-fieldstart|move: Misty Terrain|[from] ability: Misty Surge|[of] p1a: Tapu Fini
|turn|2
|
|t:|1623819119
|move|p2a: Mew|Taunt|p1a: Tapu Fini
|-start|p1a: Tapu Fini|move: Taunt
|move|p1a: Tapu Fini|Surf|p2a: Mew
|-damage|p2a: Mew|0 fnt
|faint|p2a: Mew
|
|upkeep
|j| OnixBlade
|
|t:|1623819135
|switch|p2a: Latios|Latios, M|100/100
|turn|3
|
|t:|1623819142
|switch|p1a: Slowking|Slowking-Galar, M|100/100
|move|p2a: Latios|Calm Mind|p2a: Latios
|-boost|p2a: Latios|spa|1
|-boost|p2a: Latios|spd|1
|
|upkeep
|turn|4
|
|t:|1623819147
|move|p2a: Latios|Calm Mind|p2a: Latios
|-boost|p2a: Latios|spa|1
|-boost|p2a: Latios|spd|1
|move|p1a: Slowking|Ice Beam|p2a: Latios
|-supereffective|p2a: Latios
|-damage|p2a: Latios|79/100
|-enditem|p2a: Latios|Weakness Policy
|-boost|p2a: Latios|atk|2|[from] item: Weakness Policy
|-boost|p2a: Latios|spa|2|[from] item: Weakness Policy
|
|upkeep
|turn|5
|j| Shimeon91
|
|t:|1623819157
|move|p2a: Latios|Calm Mind|p2a: Latios
|-boost|p2a: Latios|spa|1
|-boost|p2a: Latios|spd|1
|move|p1a: Slowking|Ice Beam|p2a: Latios
|-supereffective|p2a: Latios
|-damage|p2a: Latios|61/100
|
|upkeep
|turn|6
|
|t:|1623819160
|move|p2a: Latios|Stored Power|p1a: Slowking
|-damage|p1a: Slowking|0 fnt
|faint|p1a: Slowking
|
|-fieldend|Misty Terrain
|upkeep
|
|t:|1623819163
|switch|p1a: Dragonite|Dragonite, M|100/100
|turn|7
|
|t:|1623819167
|move|p2a: Latios|Stored Power|p1a: Dragonite
|-damage|p1a: Dragonite|0 fnt
|faint|p1a: Dragonite
|
|upkeep
|-message|winter lanterns forfeited.
|
|win|Juice WRLD Robbery
|raw|winter lanterns's rating: 1771 &rarr; <strong>1750</strong><br />(-21 for losing)
|raw|Juice WRLD Robbery's rating: 1758 &rarr; <strong>1779</strong><br />(+21 for winning)
|l|☆winter lanterns
