|j|☆mimilimi
|j|☆Mel2345
|inactive|Battle timer is ON: inactive players will automatically lose when time's up.
|t:|1666946897
|gametype|singles
|player|p1|mimilimi|preschooler|
|player|p2|Mel2345|cheren-gen5bw2|
|teamsize|p1|6
|teamsize|p2|6
|gen|8
|tier|[Gen 8] OU
|rated|Tournament battle
|rule|Sleep Clause Mod: Limit one foe put to sleep
|rule|Species Clause: Limit one of each Pokémon
|rule|OHKO Clause: OHKO moves are banned
|rule|Evasion Items Clause: Evasion items are banned
|rule|Evasion Moves Clause: Evasion moves are banned
|rule|Endless Battle Clause: Forcing endless battles is banned
|rule|HP Percentage Mod: HP is shown in percentages
|rule|Dynamax Clause: You cannot dynamax
|clearpoke
|poke|p1|Volcarona, M|
|poke|p1|Excadrill, M|
|poke|p1|Zapdos|
|poke|p1|Toxapex, M|
|poke|p1|Hydreigon, M|
|poke|p1|Dragapult, F|
|poke|p2|Gengar, M|
|poke|p2|Blissey, F|
|poke|p2|Toxapex, M|
|poke|p2|Melmetal|
|poke|p2|Tornadus-Therian, M|
|poke|p2|Landorus-Therian, M|
|teampreview
|j| ohfreewin
|j| someidiot19
|c|☆mimilimi|gl
|c|☆Mel2345|hf
|j| cypherstest
|
|t:|1666946913
|start
|switch|p1a: Zapdos|Zapdos|100/100
|switch|p2a: Landorus|Landorus-Therian, M|100/100
|-ability|p2a: Landorus|Intimidate|boost
|-unboost|p1a: Zapdos|atk|1
|turn|1
|
|t:|1666946918
|move|p2a: Landorus|Smack Down|p1a: Zapdos
|-supereffective|p1a: Zapdos
|-damage|p1a: Zapdos|69/100
|-start|p1a: Zapdos|Smack Down
|move|p1a: Zapdos|Toxic|p2a: Landorus
|-status|p2a: Landorus|tox
|
|-damage|p2a: Landorus|95/100 tox|[from] psn
|upkeep
|turn|2
|
|t:|1666946925
|switch|p1a: Hydreigon|Hydreigon, M|100/100
|move|p2a: Landorus|Stealth Rock|p1a: Hydreigon
|-sidestart|p1: mimilimi|move: Stealth Rock
|
|-damage|p2a: Landorus|83/100 tox|[from] psn
|upkeep
|turn|3
|j| KanKi-san
|
|t:|1666946931
|switch|p2a: Blissey|Blissey, F|100/100
|move|p1a: Hydreigon|Dark Pulse|p2a: Blissey
|-damage|p2a: Blissey|88/100
|
|upkeep
|turn|4
|
|t:|1666946934
|switch|p1a: Excadrill|Excadrill, M|100/100
|-damage|p1a: Excadrill|97/100|[from] Stealth Rock
|-ability|p1a: Excadrill|Mold Breaker
|move|p2a: Blissey|Teleport|p2a: Blissey
|j| GengarAdept
|
|t:|1666946943
|switch|p2a: Landorus|Landorus-Therian, M|83/100 tox|[from]move: Teleport
|-ability|p2a: Landorus|Intimidate|boost
|-unboost|p1a: Excadrill|atk|1
|
|-heal|p1a: Excadrill|100/100|[from] item: Leftovers
|-damage|p2a: Landorus|77/100 tox|[from] psn
|upkeep
|turn|5
|
|t:|1666946951
|switch|p1a: Zapdos|Zapdos|69/100
|move|p2a: Landorus|U-turn|p1a: Zapdos
|-resisted|p1a: Zapdos
|-damage|p1a: Zapdos|58/100
|l| someidiot19
|
|t:|1666946964
|switch|p2a: Blissey|Blissey, F|88/100|[from]move: U-turn
|
|upkeep
|turn|6
|
|t:|1666946973
|move|p1a: Zapdos|Defog|p2a: Blissey
|-unboost|p2a: Blissey|evasion|1
|-sideend|p1: mimilimi|Stealth Rock|[from] move: Defog|[of] p1a: Zapdos
|move|p2a: Blissey|Teleport|p2a: Blissey
|
|t:|1666946975
|switch|p2a: Gengar|Gengar, M|100/100|[from]move: Teleport
|
|upkeep
|turn|7
|
|t:|1666946981
|switch|p1a: Toxapex|Toxapex, M|100/100
|move|p2a: Gengar|Shadow Ball|p1a: Toxapex
|-damage|p1a: Toxapex|64/100
|
|upkeep
|turn|8
|
|t:|1666946989
|move|p2a: Gengar|Substitute|p2a: Gengar
|-start|p2a: Gengar|Substitute
|-damage|p2a: Gengar|76/100
|move|p1a: Toxapex|Knock Off|p2a: Gengar
|-supereffective|p2a: Gengar
|-end|p2a: Gengar|Substitute
|
|-heal|p2a: Gengar|82/100|[from] item: Black Sludge
|upkeep
|turn|9
|
|t:|1666947009
|switch|p2a: Melmetal|Melmetal|100/100
|move|p1a: Toxapex|Knock Off|p2a: Melmetal
|-damage|p2a: Melmetal|92/100
|-enditem|p2a: Melmetal|Leftovers|[from] move: Knock Off|[of] p1a: Toxapex
|
|upkeep
|turn|10
|j| Dimension 3
|j| yeshahr
|l| yeshahr
|
|t:|1666947031
|switch|p1a: Zapdos|Zapdos|58/100
|switch|p2a: Gengar|Gengar, M|82/100
|
|-heal|p2a: Gengar|88/100|[from] item: Black Sludge
|upkeep
|turn|11
|
|t:|1666947036
|switch|p1a: Toxapex|Toxapex, M|97/100
|move|p2a: Gengar|Nasty Plot|p2a: Gengar
|-boost|p2a: Gengar|spa|2
|
|-heal|p2a: Gengar|94/100|[from] item: Black Sludge
|upkeep
|turn|12
|
|t:|1666947042
|move|p2a: Gengar|Shadow Ball|p1a: Toxapex
|-damage|p1a: Toxapex|25/100
|-unboost|p1a: Toxapex|spd|1
|move|p1a: Toxapex|Knock Off|p2a: Gengar
|-supereffective|p2a: Gengar
|-damage|p2a: Gengar|39/100
|-enditem|p2a: Gengar|Black Sludge|[from] move: Knock Off|[of] p1a: Toxapex
|
|upkeep
|turn|13
|
|t:|1666947049
|switch|p1a: Hydreigon|Hydreigon, M|100/100
|move|p2a: Gengar|Shadow Ball|p1a: Hydreigon
|-resisted|p1a: Hydreigon
|-damage|p1a: Hydreigon|58/100
|
|-heal|p1a: Hydreigon|64/100|[from] item: Leftovers
|upkeep
|turn|14
|
|t:|1666947054
|move|p2a: Gengar|Focus Blast|p1a: Hydreigon
|-supereffective|p1a: Hydreigon
|-damage|p1a: Hydreigon|0 fnt
|faint|p1a: Hydreigon
|
|upkeep
|
|t:|1666947056
|switch|p1a: Dragapult|Dragapult, F|100/100
|turn|15
|
|t:|1666947061
|switch|p2a: Melmetal|Melmetal|92/100
|move|p1a: Dragapult|Dragon Darts|p2a: Melmetal
|-resisted|p2a: Melmetal
|-damage|p2a: Melmetal|81/100
|-anim|p1a: Dragapult|Dragon Darts|p2a: Melmetal
|-resisted|p2a: Melmetal
|-damage|p2a: Melmetal|71/100
|
|upkeep
|turn|16
|
|t:|1666947081
|switch|p1a: Zapdos|Zapdos|58/100
|move|p2a: Melmetal|Double Iron Bash|p1a: Zapdos
|-resisted|p1a: Zapdos
|-damage|p1a: Zapdos|40/100
|-resisted|p1a: Zapdos
|-damage|p1a: Zapdos|23/100
|-hitcount|p1a: Zapdos|2
|
|upkeep
|turn|17
|
|t:|1666947091
|move|p1a: Zapdos|Volt Switch|p2a: Melmetal
|-damage|p2a: Melmetal|43/100
|
|t:|1666947094
|switch|p1a: Volcarona|Volcarona, M|100/100|[from]move: Volt Switch
|move|p2a: Melmetal|Earthquake|p1a: Volcarona
|-damage|p1a: Volcarona|60/100
|
|upkeep
|turn|18
|
|t:|1666947099
|move|p1a: Volcarona|Flamethrower|p2a: Melmetal
|-supereffective|p2a: Melmetal
|-damage|p2a: Melmetal|0 fnt
|faint|p2a: Melmetal
|
|upkeep
|
|t:|1666947104
|switch|p2a: Tornadus|Tornadus-Therian, M|100/100
|turn|19
|
|t:|1666947108
|switch|p1a: Toxapex|Toxapex, M|58/100
|move|p2a: Tornadus|Knock Off|p1a: Toxapex
|-damage|p1a: Toxapex|47/100
|-damage|p2a: Tornadus|84/100|[from] item: Rocky Helmet|[of] p1a: Toxapex
|-enditem|p1a: Toxapex|Rocky Helmet|[from] move: Knock Off|[of] p2a: Tornadus
|
|upkeep
|turn|20
|
|t:|1666947119
|move|p2a: Tornadus|U-turn|p1a: Toxapex
|-resisted|p1a: Toxapex
|-damage|p1a: Toxapex|42/100
|
|t:|1666947122
|switch|p2a: Blissey|Blissey, F|88/100|[from]move: U-turn
|move|p1a: Toxapex|Recover|p1a: Toxapex
|-heal|p1a: Toxapex|92/100
|
|upkeep
|turn|21
|j| awfdawsfaw
|
|t:|1666947129
|move|p1a: Toxapex|Toxic Spikes|p2a: Blissey
|-sidestart|p2: Mel2345|move: Toxic Spikes
|move|p2a: Blissey|Teleport|p2a: Blissey
|
|t:|1666947146
|switch|p2a: Toxapex|Toxapex, M|100/100|[from]move: Teleport
|-sideend|p2: Mel2345|move: Toxic Spikes|[of] p2a: Toxapex
|
|upkeep
|turn|22
|
|t:|1666947152
|move|p1a: Toxapex|Knock Off|p2a: Toxapex
|-damage|p2a: Toxapex|92/100
|-enditem|p2a: Toxapex|Eject Button|[from] move: Knock Off|[of] p1a: Toxapex
|move|p2a: Toxapex|Toxic Spikes|p1a: Toxapex
|-sidestart|p1: mimilimi|move: Toxic Spikes
|
|upkeep
|turn|23
|
|t:|1666947159
|switch|p1a: Zapdos|Zapdos|23/100
|move|p2a: Toxapex|Knock Off|p1a: Zapdos
|-damage|p1a: Zapdos|11/100
|-status|p2a: Toxapex|par|[from] ability: Static|[of] p1a: Zapdos
|-enditem|p1a: Zapdos|Heavy-Duty Boots|[from] move: Knock Off|[of] p2a: Toxapex
|
|upkeep
|turn|24
|
|t:|1666947168
|switch|p2a: Landorus|Landorus-Therian, M|77/100 tox
|-ability|p2a: Landorus|Intimidate|boost
|-unboost|p1a: Zapdos|atk|1
|move|p1a: Zapdos|Roost|p1a: Zapdos
|-heal|p1a: Zapdos|61/100
|-singleturn|p1a: Zapdos|move: Roost
|
|-damage|p2a: Landorus|71/100 tox|[from] psn
|upkeep
|turn|25
|
|t:|1666947174
|switch|p1a: Toxapex|Toxapex, M|100/100
|-sideend|p1: mimilimi|move: Toxic Spikes|[of] p1a: Toxapex
|move|p2a: Landorus|Smack Down|p1a: Toxapex
|-damage|p1a: Toxapex|88/100
|
|-damage|p2a: Landorus|59/100 tox|[from] psn
|upkeep
|turn|26
|
|t:|1666947178
|move|p2a: Landorus|Earthquake|p1a: Toxapex
|-supereffective|p1a: Toxapex
|-damage|p1a: Toxapex|19/100
|move|p1a: Toxapex|Knock Off|p2a: Landorus
|-damage|p2a: Landorus|44/100 tox
|-damage|p1a: Toxapex|2/100|[from] item: Rocky Helmet|[of] p2a: Landorus
|-enditem|p2a: Landorus|Rocky Helmet|[from] move: Knock Off|[of] p1a: Toxapex
|
|-damage|p2a: Landorus|26/100 tox|[from] psn
|upkeep
|turn|27
|
|t:|1666947183
|switch|p1a: Zapdos|Zapdos|61/100
|move|p2a: Landorus|Smack Down|p1a: Zapdos
|-supereffective|p1a: Zapdos
|-damage|p1a: Zapdos|31/100
|-start|p1a: Zapdos|Smack Down
|
|-damage|p2a: Landorus|2/100 tox|[from] psn
|upkeep
|turn|28
|j| turnyacc
|
|t:|1666947203
|switch|p1a: Dragapult|Dragapult, F|100/100
|move|p2a: Landorus|Earthquake|p1a: Dragapult
|-damage|p1a: Dragapult|18/100
|
|-damage|p2a: Landorus|0 fnt|[from] psn
|faint|p2a: Landorus
|upkeep
|
|t:|1666947207
|switch|p2a: Blissey|Blissey, F|88/100
|turn|29
|
|t:|1666947209
|move|p1a: Dragapult|Dragon Darts|p2a: Blissey
|-damage|p2a: Blissey|58/100
|-anim|p1a: Dragapult|Dragon Darts|p2a: Blissey
|-damage|p2a: Blissey|24/100
|move|p2a: Blissey|Teleport|p2a: Blissey
|
|t:|1666947213
|switch|p2a: Toxapex|Toxapex, M|100/100 par|[from]move: Teleport
|
|upkeep
|turn|30
|
|t:|1666947218
|switch|p1a: Zapdos|Zapdos|31/100
|move|p2a: Toxapex|Knock Off|p1a: Zapdos
|-damage|p1a: Zapdos|22/100
|
|upkeep
|turn|31
|
|t:|1666947221
|switch|p2a: Gengar|Gengar, M|39/100
|move|p1a: Zapdos|Roost|p1a: Zapdos
|-heal|p1a: Zapdos|73/100
|-singleturn|p1a: Zapdos|move: Roost
|
|upkeep
|turn|32
|
|t:|1666947228
|move|p2a: Gengar|Shadow Ball|p1a: Zapdos
|-damage|p1a: Zapdos|31/100
|move|p1a: Zapdos|Volt Switch|p2a: Gengar
|-damage|p2a: Gengar|0 fnt
|faint|p2a: Gengar
|-message|Mel2345 forfeited.
|
|win|mimilimi
|n|☆mimilimi|mimilimi
|n|☆Mel2345|mel2345
|n| ohfreewin|ohfreewin
|n| cypherstest|cypherstest
|n| KanKi-san|kankisan
|n| GengarAdept|gengaradept
|n| Dimension 3|dimension3
|n| awfdawsfaw|awfdawsfaw
|n| turnyacc|turnyacc
