|j|☆woopre
|j|☆Lou dort
|t:|1660016307
|gametype|singles
|player|p1|woopre|fairytalegirl|
|player|p2|Lou dort|nate|
|teamsize|p1|6
|teamsize|p2|6
|gen|8
|tier|[Gen 8] OU
|rule|Sleep Clause Mod: Limit one foe put to sleep
|rule|Species Clause: Limit one of each Pokémon
|rule|OHKO Clause: OHKO moves are banned
|rule|Evasion Items Clause: Evasion items are banned
|rule|Evasion Moves Clause: Evasion moves are banned
|rule|Endless Battle Clause: Forcing endless battles is banned
|rule|HP Percentage Mod: HP is shown in percentages
|rule|Dynamax Clause: You cannot dynamax
|clearpoke
|poke|p1|Ferrothorn, M|
|poke|p1|Magnezone|
|poke|p1|Umbreon, F|
|poke|p1|Clefable, F|
|poke|p1|Zeraora|
|poke|p1|Tornadus-Therian, M|
|poke|p2|Tornadus-Therian, M|
|poke|p2|Diggersby, M|
|poke|p2|Ferrothorn, F|
|poke|p2|Rotom-Wash|
|poke|p2|Landorus-Therian, M|
|poke|p2|Zeraora|
|teampreview
|inactive|Battle timer is ON: inactive players will automatically lose when time's up. (requested by Lou dort)
|c|☆woopre|this team sucks
|j| htcl (>◡<)
|j| Juni01
|j| shxwk
|c| htcl (>◡<)|wtf not stall
|c| htcl (>◡<)|:(
|
|t:|1660016327
|start
|switch|p1a: Magnezone|Magnezone|100/100
|switch|p2a: Bernie Landers|Landorus-Therian, M|100/100
|-ability|p2a: Bernie Landers|Intimidate|boost
|-unboost|p1a: Magnezone|atk|1
|turn|1
|
|t:|1660016336
|switch|p1a: Clefable|Clefable, F|100/100
|move|p2a: Bernie Landers|Stealth Rock|p1a: Clefable
|-sidestart|p1: woopre|move: Stealth Rock
|
|upkeep
|turn|2
|c|☆woopre|why does this team have no lando answer
|
|t:|1660016358
|move|p2a: Bernie Landers|Earthquake|p1a: Clefable
|-damage|p1a: Clefable|59/100
|move|p1a: Clefable|Stealth Rock|p2a: Bernie Landers
|-sidestart|p2: Lou dort|move: Stealth Rock
|
|-heal|p1a: Clefable|65/100|[from] item: Leftovers
|upkeep
|turn|3
|
|t:|1660016363
|move|p2a: Bernie Landers|Earthquake|p1a: Clefable
|-damage|p1a: Clefable|20/100
|move|p1a: Clefable|Soft-Boiled|p1a: Clefable
|-heal|p1a: Clefable|70/100
|
|-heal|p1a: Clefable|76/100|[from] item: Leftovers
|upkeep
|turn|4
|c| htcl (>◡<)|ayo
|c| htcl (>◡<)|41 45
|c| htcl (>◡<)|is this the legendary
|
|t:|1660016372
|move|p2a: Bernie Landers|U-turn|p1a: Clefable
|-resisted|p1a: Clefable
|-damage|p1a: Clefable|66/100
|c| htcl (>◡<)|metronome
|c| htcl (>◡<)|lando
|c| htcl (>◡<)|oh
|c|☆woopre|no
|c|☆Lou dort|yes
|
|t:|1660016379
|switch|p2a: Drugs Bunny|Diggersby, M|100/100|[from]move: U-turn
|-damage|p2a: Drugs Bunny|94/100|[from] Stealth Rock
|move|p1a: Clefable|Soft-Boiled|p1a: Clefable
|-heal|p1a: Clefable|100/100
|
|upkeep
|turn|5
|
|t:|1660016385
|move|p2a: Drugs Bunny|Mega Kick|p1a: Clefable|[miss]
|-miss|p2a: Drugs Bunny|p1a: Clefable
|move|p1a: Clefable|Moonblast|p2a: Drugs Bunny
|-damage|p2a: Drugs Bunny|48/100
|-unboost|p2a: Drugs Bunny|spa|1
|
|upkeep
|turn|6
|
|t:|1660016397
|switch|p2a: Tornadus|Tornadus-Therian, M|100/100
|move|p1a: Clefable|Moonblast|p2a: Tornadus
|-damage|p2a: Tornadus|69/100
|
|upkeep
|turn|7
|c|☆Lou dort|hmmm
|c|☆Lou dort|if u stayed in on cb mega kick from diggersby
|c|☆Lou dort|you must be max physdef
|
|t:|1660016422
|move|p2a: Tornadus|Knock Off|p1a: Clefable
|-resisted|p1a: Clefable
|-damage|p1a: Clefable|92/100
|-enditem|p1a: Clefable|Leftovers|[from] move: Knock Off|[of] p2a: Tornadus
|move|p1a: Clefable|Knock Off|p2a: Tornadus
|-damage|p2a: Tornadus|52/100
|-enditem|p2a: Tornadus|Heavy-Duty Boots|[from] move: Knock Off|[of] p1a: Clefable
|
|upkeep
|turn|8
|
|t:|1660016427
|move|p2a: Tornadus|Defog|p1a: Clefable
|-unboost|p1a: Clefable|evasion|1
|-sideend|p1: woopre|Stealth Rock|[from] move: Defog|[of] p2a: Tornadus
|-sideend|p2: Lou dort|Stealth Rock|[from] move: Defog|[of] p2a: Tornadus
|move|p1a: Clefable|Moonblast|p2a: Tornadus
|-damage|p2a: Tornadus|22/100
|
|upkeep
|turn|9
|
|t:|1660016432
|switch|p2a: Ferrothorn|Ferrothorn, F|100/100
|move|p1a: Clefable|Stealth Rock|p2a: Ferrothorn
|-sidestart|p2: Lou dort|move: Stealth Rock
|
|upkeep
|turn|10
|
|t:|1660016437
|move|p1a: Clefable|Moonblast|p2a: Ferrothorn
|-resisted|p2a: Ferrothorn
|-damage|p2a: Ferrothorn|86/100
|move|p2a: Ferrothorn|Leech Seed|p1a: Clefable
|-start|p1a: Clefable|move: Leech Seed
|
|-damage|p1a: Clefable|80/100|[from] Leech Seed|[of] p2a: Ferrothorn
|-heal|p2a: Ferrothorn|99/100|[silent]
|upkeep
|turn|11
|
|t:|1660016440
|switch|p1a: Magnezone|Magnezone|100/100
|switch|p2a: Bernie Landers|Landorus-Therian, M|100/100
|-damage|p2a: Bernie Landers|88/100|[from] Stealth Rock
|-ability|p2a: Bernie Landers|Intimidate|boost
|-unboost|p1a: Magnezone|atk|1
|
|-heal|p2a: Bernie Landers|94/100|[from] item: Leftovers
|upkeep
|turn|12
|
|t:|1660016446
|switch|p1a: Tornadus|Tornadus-Therian, M|100/100
|move|p2a: Bernie Landers|Toxic|p1a: Tornadus
|-status|p1a: Tornadus|tox
|
|-heal|p2a: Bernie Landers|99/100|[from] item: Leftovers
|-damage|p1a: Tornadus|94/100 tox|[from] psn
|upkeep
|turn|13
|c| htcl (>◡<)|wtf lefties
|c| htcl (>◡<)|lando
|c| htcl (>◡<)|i thought u were metronome
|
|t:|1660016456
|switch|p1a: Ferrothorn|Ferrothorn, M|100/100
|move|p2a: Bernie Landers|Stealth Rock|p1a: Ferrothorn
|-sidestart|p1: woopre|move: Stealth Rock
|
|-heal|p2a: Bernie Landers|100/100|[from] item: Leftovers
|upkeep
|turn|14
|
|t:|1660016470
|switch|p2a: Ferrothorn|Ferrothorn, F|99/100
|-damage|p2a: Ferrothorn|94/100|[from] Stealth Rock
|switch|p1a: Clefable|Clefable, F|80/100
|-damage|p1a: Clefable|68/100|[from] Stealth Rock
|
|upkeep
|turn|15
|c|☆woopre|why is this unaware clef
|
|t:|1660016476
|move|p1a: Clefable|Soft-Boiled|p1a: Clefable
|-heal|p1a: Clefable|100/100
|move|p2a: Ferrothorn|Leech Seed|p1a: Clefable
|-start|p1a: Clefable|move: Leech Seed
|
|-damage|p1a: Clefable|88/100|[from] Leech Seed|[of] p2a: Ferrothorn
|-heal|p2a: Ferrothorn|100/100|[silent]
|upkeep
|turn|16
|
|t:|1660016480
|switch|p1a: Magnezone|Magnezone|100/100
|-damage|p1a: Magnezone|94/100|[from] Stealth Rock
|switch|p2a: Bernie Landers|Landorus-Therian, M|100/100
|-damage|p2a: Bernie Landers|88/100|[from] Stealth Rock
|-ability|p2a: Bernie Landers|Intimidate|boost
|-unboost|p1a: Magnezone|atk|1
|
|-heal|p2a: Bernie Landers|94/100|[from] item: Leftovers
|upkeep
|turn|17
|
|t:|1660016485
|switch|p1a: Tornadus|Tornadus-Therian, M|100/100 tox
|move|p2a: Bernie Landers|Earthquake|p1a: Tornadus
|-immune|p1a: Tornadus
|
|-heal|p2a: Bernie Landers|99/100|[from] item: Leftovers
|-damage|p1a: Tornadus|94/100 tox|[from] psn
|upkeep
|turn|18
|
|t:|1660016489
|move|p1a: Tornadus|Hurricane|p2a: Bernie Landers
|-damage|p2a: Bernie Landers|63/100
|move|p2a: Bernie Landers|Stealth Rock||[still]
|-fail|p2a: Bernie Landers
|
|-heal|p2a: Bernie Landers|69/100|[from] item: Leftovers
|-damage|p1a: Tornadus|82/100 tox|[from] psn
|upkeep
|turn|19
|
|t:|1660016493
|move|p1a: Tornadus|Knock Off|p2a: Bernie Landers
|-damage|p2a: Bernie Landers|50/100
|-enditem|p2a: Bernie Landers|Leftovers|[from] move: Knock Off|[of] p1a: Tornadus
|move|p2a: Bernie Landers|U-turn|p1a: Tornadus
|-resisted|p1a: Tornadus
|-damage|p1a: Tornadus|67/100 tox
|j| fagiolini
|
|t:|1660016501
|switch|p2a: Zeraora|Zeraora|100/100|[from]move: U-turn
|
|-damage|p1a: Tornadus|49/100 tox|[from] psn
|upkeep
|turn|20
|
|t:|1660016506
|switch|p1a: Zeraora|Zeraora|100/100
|move|p2a: Zeraora|Knock Off|p1a: Zeraora
|-damage|p1a: Zeraora|59/100
|-enditem|p1a: Zeraora|Heavy-Duty Boots|[from] move: Knock Off|[of] p2a: Zeraora
|
|upkeep
|turn|21
|
|t:|1660016510
|move|p2a: Zeraora|Toxic|p1a: Zeraora|[miss]
|-miss|p2a: Zeraora|p1a: Zeraora
|move|p1a: Zeraora|Close Combat|p2a: Zeraora
|-damage|p2a: Zeraora|51/100
|-unboost|p1a: Zeraora|def|1
|-unboost|p1a: Zeraora|spd|1
|
|upkeep
|turn|22
|
|t:|1660016513
|move|p1a: Zeraora|Close Combat|p2a: Zeraora
|-damage|p2a: Zeraora|0 fnt
|-unboost|p1a: Zeraora|def|1
|-unboost|p1a: Zeraora|spd|1
|faint|p2a: Zeraora
|
|upkeep
|c| htcl (>◡<)|damn
|c|☆woopre|ultra L
|c|☆Lou dort|crazy turn of events
|c| htcl (>◡<)|Lou dort getting super haxed
|c| htcl (>◡<)|this game
|c| htcl (>◡<)|rough
|
|t:|1660016529
|switch|p2a: Bernie Landers|Landorus-Therian, M|50/100
|-damage|p2a: Bernie Landers|37/100|[from] Stealth Rock
|-ability|p2a: Bernie Landers|Intimidate|boost
|-unboost|p1a: Zeraora|atk|1
|turn|23
|
|t:|1660016538
|move|p1a: Zeraora|Close Combat|p2a: Bernie Landers
|-resisted|p2a: Bernie Landers
|-damage|p2a: Bernie Landers|24/100
|-unboost|p1a: Zeraora|def|1
|-unboost|p1a: Zeraora|spd|1
|move|p2a: Bernie Landers|U-turn|p1a: Zeraora
|-damage|p1a: Zeraora|0 fnt
|faint|p1a: Zeraora
|l| Juni01
|c| htcl (>◡<)|wtf
|
|t:|1660016551
|switch|p2a: Rotom|Rotom-Wash|100/100|[from]move: U-turn
|-damage|p2a: Rotom|88/100|[from] Stealth Rock
|
|-heal|p2a: Rotom|94/100|[from] item: Leftovers
|upkeep
|c|☆woopre|missclick
|
|t:|1660016555
|switch|p1a: Ferrothorn|Ferrothorn, M|100/100
|-damage|p1a: Ferrothorn|94/100|[from] Stealth Rock
|turn|24
|
|t:|1660016558
|move|p2a: Rotom|Will-O-Wisp|p1a: Ferrothorn
|-status|p1a: Ferrothorn|brn
|move|p1a: Ferrothorn|Knock Off|p2a: Rotom
|-damage|p2a: Rotom|76/100
|-enditem|p2a: Rotom|Leftovers|[from] move: Knock Off|[of] p1a: Ferrothorn
|
|-damage|p1a: Ferrothorn|88/100 brn|[from] brn
|upkeep
|turn|25
|
|t:|1660016566
|switch|p1a: Clefable|Clefable, F|88/100
|-damage|p1a: Clefable|76/100|[from] Stealth Rock
|move|p2a: Rotom|Volt Switch|p1a: Clefable
|-damage|p1a: Clefable|54/100
|
|t:|1660016570
|switch|p2a: Bernie Landers|Landorus-Therian, M|24/100|[from]move: Volt Switch
|-damage|p2a: Bernie Landers|12/100|[from] Stealth Rock
|-ability|p2a: Bernie Landers|Intimidate|boost
|-unboost|p1a: Clefable|atk|1
|
|upkeep
|turn|26
|
|t:|1660016573
|move|p2a: Bernie Landers|Toxic|p1a: Clefable
|-status|p1a: Clefable|tox
|move|p1a: Clefable|Soft-Boiled|p1a: Clefable
|-heal|p1a: Clefable|100/100 tox
|
|-damage|p1a: Clefable|94/100 tox|[from] psn
|upkeep
|turn|27
|l| fagiolini
|
|t:|1660016577
|move|p2a: Bernie Landers|U-turn|p1a: Clefable
|-resisted|p1a: Clefable
|-crit|p1a: Clefable
|-damage|p1a: Clefable|80/100 tox
|
|t:|1660016579
|switch|p2a: Tornadus|Tornadus-Therian, M|55/100|[from]move: U-turn
|-damage|p2a: Tornadus|30/100|[from] Stealth Rock
|move|p1a: Clefable|Moonblast|p2a: Tornadus
|-damage|p2a: Tornadus|0 fnt
|faint|p2a: Tornadus
|
|-damage|p1a: Clefable|68/100 tox|[from] psn
|upkeep
|
|t:|1660016588
|switch|p2a: Ferrothorn|Ferrothorn, F|100/100
|-damage|p2a: Ferrothorn|94/100|[from] Stealth Rock
|turn|28
|
|t:|1660016592
|switch|p1a: Magnezone|Magnezone|94/100
|-damage|p1a: Magnezone|88/100|[from] Stealth Rock
|move|p2a: Ferrothorn|Leech Seed|p1a: Magnezone
|-start|p1a: Magnezone|move: Leech Seed
|
|-damage|p1a: Magnezone|76/100|[from] Leech Seed|[of] p2a: Ferrothorn
|-heal|p2a: Ferrothorn|100/100|[silent]
|upkeep
|turn|29
|
|t:|1660016596
|move|p1a: Magnezone|Iron Defense|p1a: Magnezone
|-boost|p1a: Magnezone|def|2
|move|p2a: Ferrothorn|Knock Off|p1a: Magnezone
|-damage|p1a: Magnezone|67/100
|-enditem|p1a: Magnezone|Chople Berry|[from] move: Knock Off|[of] p2a: Ferrothorn
|
|-damage|p1a: Magnezone|55/100|[from] Leech Seed|[of] p2a: Ferrothorn
|upkeep
|turn|30
|
|t:|1660016597
|move|p1a: Magnezone|Iron Defense|p1a: Magnezone
|-boost|p1a: Magnezone|def|2
|move|p2a: Ferrothorn|Spikes|p1a: Magnezone
|-sidestart|p1: woopre|Spikes
|
|-damage|p1a: Magnezone|42/100|[from] Leech Seed|[of] p2a: Ferrothorn
|upkeep
|turn|31
|
|t:|1660016600
|move|p1a: Magnezone|Iron Defense|p1a: Magnezone
|-boost|p1a: Magnezone|def|2
|move|p2a: Ferrothorn|Spikes|p1a: Magnezone
|-sidestart|p1: woopre|Spikes
|
|-damage|p1a: Magnezone|30/100|[from] Leech Seed|[of] p2a: Ferrothorn
|upkeep
|turn|32
|
|t:|1660016602
|move|p1a: Magnezone|Body Press|p2a: Ferrothorn
|-supereffective|p2a: Ferrothorn
|-damage|p2a: Ferrothorn|0 fnt
|-damage|p1a: Magnezone|18/100|[from] ability: Iron Barbs|[of] p2a: Ferrothorn
|-damage|p1a: Magnezone|1/100|[from] item: Rocky Helmet|[of] p2a: Ferrothorn
|faint|p2a: Ferrothorn
|
|upkeep
|
|t:|1660016607
|switch|p2a: Drugs Bunny|Diggersby, M|48/100
|-damage|p2a: Drugs Bunny|42/100|[from] Stealth Rock
|turn|33
|
|t:|1660016611
|move|p2a: Drugs Bunny|Quick Attack|p1a: Magnezone
|-resisted|p1a: Magnezone
|-damage|p1a: Magnezone|0 fnt
|faint|p1a: Magnezone
|
|upkeep
|
|t:|1660016617
|switch|p1a: Tornadus|Tornadus-Therian, M|83/100 tox
|turn|34
|
|t:|1660016626
|switch|p1a: Ferrothorn|Ferrothorn, M|88/100 brn
|-damage|p1a: Ferrothorn|82/100 brn|[from] Stealth Rock
|-damage|p1a: Ferrothorn|65/100 brn|[from] Spikes
|switch|p2a: Bernie Landers|Landorus-Therian, M|12/100
|-damage|p2a: Bernie Landers|0 fnt|[from] Stealth Rock
|faint|p2a: Bernie Landers
|
|-damage|p1a: Ferrothorn|59/100 brn|[from] brn
|upkeep
|
|t:|1660016630
|switch|p2a: Drugs Bunny|Diggersby, M|42/100
|-damage|p2a: Drugs Bunny|36/100|[from] Stealth Rock
|turn|35
|
|t:|1660016639
|switch|p1a: Umbreon|Umbreon, F|100/100
|move|p2a: Drugs Bunny|Mega Kick|p1a: Umbreon
|-damage|p1a: Umbreon|4/100
|
|upkeep
|turn|36
|c|☆woopre|dodge
|c|☆Lou dort|hdb umbreon
|
|t:|1660016650
|switch|p2a: Rotom|Rotom-Wash|76/100
|-damage|p2a: Rotom|63/100|[from] Stealth Rock
|move|p1a: Umbreon|Foul Play|p2a: Rotom
|-damage|p2a: Rotom|48/100
|
|upkeep
|turn|37
|
|t:|1660016659
|move|p2a: Rotom|Hydro Pump|p1a: Umbreon
|-damage|p1a: Umbreon|0 fnt
|faint|p1a: Umbreon
|
|upkeep
|
|t:|1660016663
|switch|p1a: Ferrothorn|Ferrothorn, M|59/100 brn
|-damage|p1a: Ferrothorn|53/100 brn|[from] Stealth Rock
|-damage|p1a: Ferrothorn|36/100 brn|[from] Spikes
|turn|38
|
|t:|1660016667
|move|p2a: Rotom|Hydro Pump|p1a: Ferrothorn
|-resisted|p1a: Ferrothorn
|-damage|p1a: Ferrothorn|20/100 brn
|move|p1a: Ferrothorn|Power Whip|p2a: Rotom
|-supereffective|p2a: Rotom
|-damage|p2a: Rotom|0 fnt
|faint|p2a: Rotom
|
|-damage|p1a: Ferrothorn|14/100 brn|[from] brn
|upkeep
|c|☆Lou dort|gg
|
|t:|1660016674
|switch|p2a: Drugs Bunny|Diggersby, M|36/100
|-damage|p2a: Drugs Bunny|30/100|[from] Stealth Rock
|turn|39
|c|☆woopre|!showset 1
|c| woopre|/raw <div class="infobox">Ferrothorn @ Choice Band  <br />Ability: Iron Barbs  <br />EVs: 252 HP &#x2f; 252 Atk &#x2f; 4 SpD  <br />Brave Nature  <br />IVs: 0 Spe  <br />- Gyro Ball  <br />- Power Whip  <br />- Knock Off  <br />- Bulldoze  <br /><br /></div>
|c|☆Lou dort|im ass
|
|t:|1660016694
|move|p2a: Drugs Bunny|Quick Attack|p1a: Ferrothorn
|-resisted|p1a: Ferrothorn
|-damage|p1a: Ferrothorn|0 fnt
|-damage|p2a: Drugs Bunny|18/100|[from] ability: Iron Barbs|[of] p1a: Ferrothorn
|faint|p1a: Ferrothorn
|
|upkeep
|
|t:|1660016700
|switch|p1a: Tornadus|Tornadus-Therian, M|100/100 tox
|turn|40
|c|☆woopre|crit
|
|t:|1660016708
|move|p2a: Drugs Bunny|Quick Attack|p1a: Tornadus
|-damage|p1a: Tornadus|48/100 tox
|move|p1a: Tornadus|Knock Off|p2a: Drugs Bunny
|-damage|p2a: Drugs Bunny|0 fnt
|-enditem|p2a: Drugs Bunny|Choice Band|[from] move: Knock Off|[of] p1a: Tornadus
|faint|p2a: Drugs Bunny
|
|win|woopre
