|j|☆IcarusRe
|j|☆aimless soul
|t:|1667771240
|gametype|singles
|player|p1|IcarusRe|266|1786
|player|p2|aimless soul|shadowtriad|1880
|teamsize|p1|6
|teamsize|p2|6
|gen|8
|tier|[Gen 8] OU
|rated|
|rule|Sleep Clause Mod: Limit one foe put to sleep
|rule|Species Clause: Limit one of each Pokémon
|rule|OHKO Clause: OHKO moves are banned
|rule|Evasion Items Clause: Evasion items are banned
|rule|Evasion Moves Clause: Evasion moves are banned
|rule|Endless Battle Clause: Forcing endless battles is banned
|rule|HP Percentage Mod: HP is shown in percentages
|rule|Dynamax Clause: You cannot dynamax
|clearpoke
|poke|p1|Rillaboom, F|
|poke|p1|Tornadus-Therian, M|
|poke|p1|Blaziken, M|
|poke|p1|Melmetal|
|poke|p1|Garchomp, F|
|poke|p1|Slowbro, M|
|poke|p2|Mew|
|poke|p2|Bisharp, M|
|poke|p2|Landorus-Therian, M|
|poke|p2|Tapu Lele|
|poke|p2|Tapu Fini|
|poke|p2|Dragapult, M|
|teampreview
|inactive|Battle timer is ON: inactive players will automatically lose when time's up. (requested by IcarusRe)
|inactive|aimless soul has 120 seconds left.
|
|t:|1667771287
|start
|switch|p1a: Tornadus|Tornadus-Therian, M|100/100
|switch|p2a: Mew|Mew|100/100
|turn|1
|
|t:|1667771290
|move|p1a: Tornadus|Knock Off|p2a: Mew
|-supereffective|p2a: Mew
|-enditem|p2a: Mew|Colbur Berry|[eat]
|-enditem|p2a: Mew|Colbur Berry|[weaken]
|-damage|p2a: Mew|81/100
|move|p2a: Mew|Thunder Wave|p1a: Tornadus
|-status|p1a: Tornadus|par
|
|upkeep
|turn|2
|
|t:|1667771296
|move|p2a: Mew|Stealth Rock|p1a: Tornadus
|-sidestart|p1: IcarusRe|move: Stealth Rock
|move|p1a: Tornadus|U-turn|p2a: Mew
|-supereffective|p2a: Mew
|-damage|p2a: Mew|55/100
|
|t:|1667771301
|switch|p1a: Garchomp|Garchomp, F|100/100|[from]move: U-turn
|-damage|p1a: Garchomp|94/100|[from] Stealth Rock
|
|-heal|p1a: Garchomp|100/100|[from] item: Leftovers
|upkeep
|turn|3
|
|t:|1667771304
|move|p2a: Mew|Taunt|p1a: Garchomp
|-start|p1a: Garchomp|move: Taunt
|cant|p1a: Garchomp|move: Taunt|Stealth Rock
|
|upkeep
|turn|4
|
|t:|1667771306
|move|p2a: Mew|Spikes|p1a: Garchomp
|-sidestart|p1: IcarusRe|Spikes
|move|p1a: Garchomp|Earthquake|p2a: Mew
|-damage|p2a: Mew|18/100
|
|upkeep
|turn|5
|
|t:|1667771328
|move|p2a: Mew|Taunt||[still]
|-fail|p2a: Mew
|move|p1a: Garchomp|Earthquake|p2a: Mew
|-damage|p2a: Mew|0 fnt
|faint|p2a: Mew
|
|-end|p1a: Garchomp|move: Taunt
|upkeep
|j| tyrantkingdad
|
|t:|1667771332
|switch|p2a: Tapu Lele|Tapu Lele|100/100
|-fieldstart|move: Psychic Terrain|[from] ability: Psychic Surge|[of] p2a: Tapu Lele
|turn|6
|
|t:|1667771334
|move|p1a: Garchomp|Protect|p1a: Garchomp
|-singleturn|p1a: Garchomp|Protect
|move|p2a: Tapu Lele|Calm Mind|p2a: Tapu Lele
|-boost|p2a: Tapu Lele|spa|1
|-boost|p2a: Tapu Lele|spd|1
|
|upkeep
|turn|7
|j| ISimpForKlara
|
|t:|1667771361
|move|p2a: Tapu Lele|Psyshock|p1a: Garchomp
|-damage|p1a: Garchomp|9/100
|-damage|p2a: Tapu Lele|91/100|[from] item: Life Orb
|move|p1a: Garchomp|Earthquake|p2a: Tapu Lele
|-damage|p2a: Tapu Lele|19/100
|
|-heal|p1a: Garchomp|16/100|[from] item: Leftovers
|upkeep
|turn|8
|
|t:|1667771365
|move|p2a: Tapu Lele|Draining Kiss|p1a: Garchomp
|-supereffective|p1a: Garchomp
|-damage|p1a: Garchomp|0 fnt
|-heal|p2a: Tapu Lele|35/100|[from] drain|[of] p1a: Garchomp
|-damage|p2a: Tapu Lele|23/100|[from] ability: Rough Skin|[of] p1a: Garchomp
|faint|p1a: Garchomp
|-damage|p2a: Tapu Lele|13/100|[from] item: Life Orb
|
|upkeep
|j| Darknightpandas
|j| Her Loss SZN
|
|t:|1667771374
|switch|p1a: Rillaboom|Rillaboom, F|100/100
|-damage|p1a: Rillaboom|88/100|[from] Stealth Rock
|-damage|p1a: Rillaboom|75/100|[from] Spikes
|-fieldstart|move: Grassy Terrain|[from] ability: Grassy Surge|[of] p1a: Rillaboom
|turn|9
|
|t:|1667771377
|move|p1a: Rillaboom|Grassy Glide|p2a: Tapu Lele
|-damage|p2a: Tapu Lele|0 fnt
|faint|p2a: Tapu Lele
|
|-heal|p1a: Rillaboom|82/100|[from] Grassy Terrain
|-heal|p1a: Rillaboom|88/100|[from] item: Leftovers
|upkeep
|
|t:|1667771384
|switch|p2a: Dragapult|Dragapult, M|100/100
|turn|10
|
|t:|1667771386
|switch|p1a: Melmetal|Melmetal|100/100
|-damage|p1a: Melmetal|94/100|[from] Stealth Rock
|-damage|p1a: Melmetal|82/100|[from] Spikes
|move|p2a: Dragapult|Flamethrower|p1a: Melmetal
|-supereffective|p1a: Melmetal
|-damage|p1a: Melmetal|37/100
|-damage|p2a: Dragapult|91/100|[from] item: Life Orb
|
|-heal|p2a: Dragapult|97/100|[from] Grassy Terrain
|-heal|p1a: Melmetal|43/100|[from] Grassy Terrain
|-heal|p1a: Melmetal|49/100|[from] item: Leftovers
|upkeep
|turn|11
|
|t:|1667771391
|switch|p2a: Landorus|Landorus-Therian, M|100/100
|-ability|p2a: Landorus|Intimidate|boost
|-unboost|p1a: Melmetal|atk|1
|move|p1a: Melmetal|Double Iron Bash|p2a: Landorus
|-damage|p2a: Landorus|67/100
|-damage|p2a: Landorus|32/100
|-hitcount|p2a: Landorus|2
|
|-heal|p1a: Melmetal|56/100|[from] Grassy Terrain
|-heal|p1a: Melmetal|62/100|[from] item: Leftovers
|upkeep
|turn|12
|
|t:|1667771396
|move|p2a: Landorus|Earthquake|p1a: Melmetal
|-supereffective|p1a: Melmetal
|-damage|p1a: Melmetal|23/100
|move|p1a: Melmetal|Double Iron Bash|p2a: Landorus
|-damage|p2a: Landorus|0 fnt
|faint|p2a: Landorus
|-hitcount|p2: Landorus|1
|
|-heal|p1a: Melmetal|29/100|[from] Grassy Terrain
|-heal|p1a: Melmetal|35/100|[from] item: Leftovers
|upkeep
|
|t:|1667771399
|switch|p2a: Dragapult|Dragapult, M|97/100
|turn|13
|
|t:|1667771401
|move|p1a: Melmetal|Protect|p1a: Melmetal
|-singleturn|p1a: Melmetal|Protect
|move|p2a: Dragapult|Flamethrower|p1a: Melmetal
|-activate|p1a: Melmetal|move: Protect
|
|-heal|p2a: Dragapult|100/100|[from] Grassy Terrain
|-heal|p1a: Melmetal|42/100|[from] Grassy Terrain
|-heal|p1a: Melmetal|48/100|[from] item: Leftovers
|-fieldend|move: Grassy Terrain
|upkeep
|turn|14
|
|t:|1667771411
|switch|p1a: Slowbro|Slowbro, M|100/100
|-damage|p1a: Slowbro|88/100|[from] Stealth Rock
|-damage|p1a: Slowbro|76/100|[from] Spikes
|move|p2a: Dragapult|Flamethrower|p1a: Slowbro
|-resisted|p1a: Slowbro
|-damage|p1a: Slowbro|62/100
|-damage|p2a: Dragapult|91/100|[from] item: Life Orb
|
|upkeep
|turn|15
|j| UchihaKrixi
|
|t:|1667771413
|move|p2a: Dragapult|Dragon Dance|p2a: Dragapult
|-boost|p2a: Dragapult|atk|1
|-boost|p2a: Dragapult|spe|1
|move|p1a: Slowbro|Teleport|p1a: Slowbro
|
|t:|1667771431
|switch|p1a: Tornadus|Tornadus-Therian, M|100/100 par|[from]move: Teleport
|
|upkeep
|turn|16
|
|t:|1667771433
|move|p2a: Dragapult|Dragon Darts|p1a: Tornadus
|-damage|p1a: Tornadus|47/100 par
|-anim|p2a: Dragapult|Dragon Darts|p1a: Tornadus
|-damage|p1a: Tornadus|0 fnt
|faint|p1a: Tornadus
|-damage|p2a: Dragapult|81/100|[from] item: Life Orb
|
|upkeep
|
|t:|1667771438
|switch|p1a: Slowbro|Slowbro, M|95/100
|-damage|p1a: Slowbro|83/100|[from] Stealth Rock
|-damage|p1a: Slowbro|71/100|[from] Spikes
|turn|17
|
|t:|1667771441
|move|p2a: Dragapult|Phantom Force||[still]
|-prepare|p2a: Dragapult|Phantom Force
|move|p1a: Slowbro|Future Sight|p2a: Dragapult
|-start|p1a: Slowbro|move: Future Sight
|
|upkeep
|turn|18
|
|t:|1667771443
|move|p2a: Dragapult|Phantom Force|p1a: Slowbro|[from]lockedmove
|-supereffective|p1a: Slowbro
|-damage|p1a: Slowbro|0 fnt
|-damage|p2a: Dragapult|65/100|[from] item: Rocky Helmet|[of] p1a: Slowbro
|faint|p1a: Slowbro
|-damage|p2a: Dragapult|55/100|[from] item: Life Orb
|
|upkeep
|
|t:|1667771451
|switch|p1a: Melmetal|Melmetal|48/100
|-damage|p1a: Melmetal|42/100|[from] Stealth Rock
|-damage|p1a: Melmetal|29/100|[from] Spikes
|turn|19
|
|t:|1667771455
|move|p2a: Dragapult|Phantom Force||[still]
|-prepare|p2a: Dragapult|Phantom Force
|move|p1a: Melmetal|Double Iron Bash|p2a: Dragapult|[miss]|[miss]
|-miss|p1a: Melmetal|p2a: Dragapult
|
|-end|p2a: Dragapult|move: Future Sight
|-miss|p1: Slowbro|p2a: Dragapult
|-heal|p1a: Melmetal|35/100|[from] item: Leftovers
|upkeep
|turn|20
|
|t:|1667771466
|move|p2a: Dragapult|Phantom Force|p1a: Melmetal|[from]lockedmove
|-damage|p1a: Melmetal|0 fnt
|faint|p1a: Melmetal
|-damage|p2a: Dragapult|45/100|[from] item: Life Orb
|
|upkeep
|
|t:|1667771468
|switch|p1a: Rillaboom|Rillaboom, F|88/100
|-damage|p1a: Rillaboom|75/100|[from] Stealth Rock
|-damage|p1a: Rillaboom|63/100|[from] Spikes
|-fieldstart|move: Grassy Terrain|[from] ability: Grassy Surge|[of] p1a: Rillaboom
|turn|21
|
|t:|1667771470
|move|p2a: Dragapult|Dragon Darts|p1a: Rillaboom
|-damage|p1a: Rillaboom|16/100
|-anim|p2a: Dragapult|Dragon Darts|p1a: Rillaboom
|-damage|p1a: Rillaboom|0 fnt
|faint|p1a: Rillaboom
|-damage|p2a: Dragapult|35/100|[from] item: Life Orb
|
|-heal|p2a: Dragapult|41/100|[from] Grassy Terrain
|upkeep
|c|☆aimless soul|gg
|-message|IcarusRe forfeited.
|
|win|aimless soul
|raw|IcarusRe's rating: 1786 &rarr; <strong>1771</strong><br />(-15 for losing)
|raw|aimless soul's rating: 1880 &rarr; <strong>1895</strong><br />(+15 for winning)
|l|☆IcarusRe
