|html|<div class="broadcast-blue"><strong>[Gen 8] OU is currently suspecting Melmetal! For information on how to participate check out the <a href="https://www.smogon.com/forums/threads/np-ss-ou-suspect-process-round-12-monster-mash.3709234/">suspect thread</a>.</strong></div>
|j|☆minimax_ai
|j|☆Seigneur-Fou
|t:|1666426401
|gametype|singles
|player|p1|minimax_ai|lusamine-nihilego|1467
|player|p2|Seigneur-Fou|1|1510
|teamsize|p1|6
|teamsize|p2|6
|gen|8
|tier|[Gen 8] OU
|rated|
|rule|Sleep Clause Mod: Limit one foe put to sleep
|rule|Species Clause: Limit one of each Pokémon
|rule|OHKO Clause: OHKO moves are banned
|rule|Evasion Items Clause: Evasion items are banned
|rule|Evasion Moves Clause: Evasion moves are banned
|rule|Endless Battle Clause: Forcing endless battles is banned
|rule|HP Percentage Mod: HP is shown in percentages
|rule|Dynamax Clause: You cannot dynamax
|clearpoke
|poke|p1|Rotom-Wash|
|poke|p1|Weavile, F|
|poke|p1|Landorus-Therian, M|
|poke|p1|Heatran, M|
|poke|p1|Tangrowth, M|
|poke|p1|Melmetal|
|poke|p2|Zapdos|
|poke|p2|Melmetal|
|poke|p2|Clefable, M|
|poke|p2|Dragapult, F|
|poke|p2|Dragonite, F|
|poke|p2|Garchomp, F|
|teampreview
|inactive|Battle timer is ON: inactive players will automatically lose when time's up. (requested by Seigneur-Fou)
|c|☆minimax_ai|hf
|inactive|minimax_ai also wants the timer to be on.
|
|t:|1666426408
|start
|switch|p1a: Melmetal|Melmetal|100/100
|switch|p2a: Garchomp|Garchomp, F|100/100
|turn|1
|c|☆Seigneur-Fou|hf
|
|t:|1666426413
|move|p2a: Garchomp|Stealth Rock|p1a: Melmetal
|-sidestart|p1: minimax_ai|move: Stealth Rock
|move|p1a: Melmetal|Ice Punch|p2a: Garchomp
|-supereffective|p2a: Garchomp
|-damage|p2a: Garchomp|15/100
|-damage|p1a: Melmetal|88/100|[from] ability: Rough Skin|[of] p2a: Garchomp
|-damage|p1a: Melmetal|71/100|[from] item: Rocky Helmet|[of] p2a: Garchomp
|
|upkeep
|turn|2
|
|t:|1666426420
|move|p2a: Garchomp|Earthquake|p1a: Melmetal
|-supereffective|p1a: Melmetal
|-damage|p1a: Melmetal|26/100
|move|p1a: Melmetal|Ice Punch|p2a: Garchomp
|-supereffective|p2a: Garchomp
|-damage|p2a: Garchomp|0 fnt
|-damage|p1a: Melmetal|14/100|[from] ability: Rough Skin|[of] p2a: Garchomp
|-damage|p1a: Melmetal|0 fnt|[from] item: Rocky Helmet|[of] p2a: Garchomp
|faint|p2a: Garchomp
|faint|p1a: Melmetal
|
|upkeep
|
|t:|1666426432
|switch|p2a: Dragapult|Dragapult, F|100/100
|switch|p1a: rotomwash|Rotom-Wash|100/100
|-damage|p1a: rotomwash|88/100|[from] Stealth Rock
|turn|3
|
|t:|1666426442
|switch|p1a: landorustherian|Landorus-Therian, M|100/100
|-damage|p1a: landorustherian|88/100|[from] Stealth Rock
|-ability|p1a: landorustherian|Intimidate|boost
|-unboost|p2a: Dragapult|atk|1
|move|p2a: Dragapult|Shadow Ball|p1a: landorustherian
|-damage|p1a: landorustherian|51/100
|
|-heal|p1a: landorustherian|57/100|[from] item: Leftovers
|upkeep
|turn|4
|
|t:|1666426451
|move|p2a: Dragapult|Shadow Ball|p1a: landorustherian
|-damage|p1a: landorustherian|15/100
|-unboost|p1a: landorustherian|spd|1
|move|p1a: landorustherian|Defog|p2a: Dragapult
|-unboost|p2a: Dragapult|evasion|1
|-sideend|p1: minimax_ai|Stealth Rock|[from] move: Defog|[of] p1a: landorustherian
|
|-heal|p1a: landorustherian|21/100|[from] item: Leftovers
|upkeep
|turn|5
|
|t:|1666426462
|switch|p1a: Weavile|Weavile, F|100/100
|-ability|p1a: Weavile|Pressure
|move|p2a: Dragapult|Shadow Ball|p1a: Weavile
|-resisted|p1a: Weavile
|-damage|p1a: Weavile|66/100
|
|upkeep
|turn|6
|
|t:|1666426482
|switch|p2a: Melmetal|Melmetal|100/100
|move|p1a: Weavile|Knock Off|p2a: Melmetal
|-damage|p2a: Melmetal|62/100
|-enditem|p2a: Melmetal|Choice Band|[from] move: Knock Off|[of] p1a: Weavile
|
|upkeep
|turn|7
|
|t:|1666426489
|switch|p1a: rotomwash|Rotom-Wash|88/100
|move|p2a: Melmetal|Superpower|p1a: rotomwash
|-damage|p1a: rotomwash|33/100
|-unboost|p2a: Melmetal|atk|1
|-unboost|p2a: Melmetal|def|1
|
|-heal|p1a: rotomwash|39/100|[from] item: Leftovers
|upkeep
|turn|8
|
|t:|1666426501
|switch|p2a: Clefable|Clefable, M|100/100
|move|p1a: rotomwash|Pain Split|p2a: Clefable
|-sethp|p2a: Clefable|65/100|[from] move: Pain Split|[silent]
|-sethp|p1a: rotomwash|85/100|[from] move: Pain Split
|
|-heal|p1a: rotomwash|91/100|[from] item: Leftovers
|-heal|p2a: Clefable|72/100|[from] item: Leftovers
|upkeep
|turn|9
|
|t:|1666426510
|move|p1a: rotomwash|Nasty Plot|p1a: rotomwash
|-boost|p1a: rotomwash|spa|2
|move|p2a: Clefable|Wish|p2a: Clefable
|
|-heal|p1a: rotomwash|97/100|[from] item: Leftovers
|-heal|p2a: Clefable|78/100|[from] item: Leftovers
|upkeep
|turn|10
|
|t:|1666426517
|move|p1a: rotomwash|Hydro Pump|p2a: Clefable
|-damage|p2a: Clefable|0 fnt
|faint|p2a: Clefable
|
|-heal|p1a: rotomwash|100/100|[from] item: Leftovers
|upkeep
|
|t:|1666426525
|switch|p2a: Dragapult|Dragapult, F|100/100
|turn|11
|
|t:|1666426528
|move|p2a: Dragapult|Shadow Ball|p1a: rotomwash
|-damage|p1a: rotomwash|46/100
|-unboost|p1a: rotomwash|spd|1
|move|p1a: rotomwash|Pain Split|p2a: Dragapult
|-sethp|p2a: Dragapult|72/100|[from] move: Pain Split|[silent]
|-sethp|p1a: rotomwash|75/100|[from] move: Pain Split
|
|-heal|p1a: rotomwash|82/100|[from] item: Leftovers
|upkeep
|turn|12
|
|t:|1666426536
|switch|p1a: Weavile|Weavile, F|66/100
|-ability|p1a: Weavile|Pressure
|move|p2a: Dragapult|Shadow Ball|p1a: Weavile
|-resisted|p1a: Weavile
|-damage|p1a: Weavile|32/100
|
|upkeep
|turn|13
|
|t:|1666426543
|move|p1a: Weavile|Ice Shard|p2a: Dragapult
|-supereffective|p2a: Dragapult
|-damage|p2a: Dragapult|0 fnt
|faint|p2a: Dragapult
|
|upkeep
|
|t:|1666426548
|switch|p2a: Melmetal|Melmetal|62/100
|turn|14
|
|t:|1666426555
|switch|p1a: rotomwash|Rotom-Wash|82/100
|move|p2a: Melmetal|Double Iron Bash|p1a: rotomwash
|-resisted|p1a: rotomwash
|-damage|p1a: rotomwash|71/100
|-resisted|p1a: rotomwash
|-damage|p1a: rotomwash|60/100
|-hitcount|p1a: rotomwash|2
|
|-heal|p1a: rotomwash|66/100|[from] item: Leftovers
|upkeep
|turn|15
|
|t:|1666426564
|move|p1a: rotomwash|Nasty Plot|p1a: rotomwash
|-boost|p1a: rotomwash|spa|2
|move|p2a: Melmetal|Superpower|p1a: rotomwash
|-damage|p1a: rotomwash|15/100
|-unboost|p2a: Melmetal|atk|1
|-unboost|p2a: Melmetal|def|1
|
|-heal|p1a: rotomwash|22/100|[from] item: Leftovers
|upkeep
|turn|16
|
|t:|1666426573
|move|p1a: rotomwash|Pain Split|p2a: Melmetal
|-sethp|p2a: Melmetal|38/100|[from] move: Pain Split|[silent]
|-sethp|p1a: rotomwash|59/100|[from] move: Pain Split
|move|p2a: Melmetal|Double Iron Bash|p1a: rotomwash
|-resisted|p1a: rotomwash
|-damage|p1a: rotomwash|51/100
|-resisted|p1a: rotomwash
|-damage|p1a: rotomwash|44/100
|-hitcount|p1a: rotomwash|2
|
|-heal|p1a: rotomwash|50/100|[from] item: Leftovers
|upkeep
|turn|17
|
|t:|1666426583
|move|p1a: rotomwash|Pain Split|p2a: Melmetal
|-sethp|p2a: Melmetal|35/100|[from] move: Pain Split|[silent]
|-sethp|p1a: rotomwash|54/100|[from] move: Pain Split
|move|p2a: Melmetal|Superpower|p1a: rotomwash
|-damage|p1a: rotomwash|19/100
|-unboost|p2a: Melmetal|atk|1
|-unboost|p2a: Melmetal|def|1
|
|-heal|p1a: rotomwash|25/100|[from] item: Leftovers
|upkeep
|turn|18
|
|t:|1666426591
|move|p1a: rotomwash|Pain Split|p2a: Melmetal
|-sethp|p2a: Melmetal|25/100|[from] move: Pain Split|[silent]
|-sethp|p1a: rotomwash|39/100|[from] move: Pain Split
|move|p2a: Melmetal|Superpower|p1a: rotomwash
|-damage|p1a: rotomwash|13/100
|-unboost|p2a: Melmetal|atk|1
|-unboost|p2a: Melmetal|def|1
|
|-heal|p1a: rotomwash|19/100|[from] item: Leftovers
|upkeep
|turn|19
|
|t:|1666426600
|move|p1a: rotomwash|Pain Split|p2a: Melmetal
|-sethp|p2a: Melmetal|19/100|[from] move: Pain Split|[silent]
|-sethp|p1a: rotomwash|29/100|[from] move: Pain Split
|move|p2a: Melmetal|Superpower|p1a: rotomwash
|-damage|p1a: rotomwash|10/100
|-unboost|p2a: Melmetal|atk|1
|-unboost|p2a: Melmetal|def|1
|
|-heal|p1a: rotomwash|16/100|[from] item: Leftovers
|upkeep
|turn|20
|
|t:|1666426609
|move|p1a: rotomwash|Pain Split|p2a: Melmetal
|-sethp|p2a: Melmetal|15/100|[from] move: Pain Split|[silent]
|-sethp|p1a: rotomwash|23/100|[from] move: Pain Split
|move|p2a: Melmetal|Superpower|p1a: rotomwash
|-damage|p1a: rotomwash|6/100
|-unboost|p2a: Melmetal|atk|1
|-unboost|p2a: Melmetal|def|1
|
|-heal|p1a: rotomwash|12/100|[from] item: Leftovers
|upkeep
|turn|21
|
|t:|1666426617
|move|p1a: rotomwash|Pain Split|p2a: Melmetal
|-sethp|p2a: Melmetal|11/100|[from] move: Pain Split|[silent]
|-sethp|p1a: rotomwash|17/100|[from] move: Pain Split
|move|p2a: Melmetal|Superpower|p1a: rotomwash
|-damage|p1a: rotomwash|3/100
|-unboost|p2a: Melmetal|atk|1
|-unboost|p2a: Melmetal|def|1
|
|-heal|p1a: rotomwash|9/100|[from] item: Leftovers
|upkeep
|turn|22
|
|t:|1666426626
|move|p1a: rotomwash|Pain Split|p2a: Melmetal
|-sethp|p2a: Melmetal|9/100|[from] move: Pain Split|[silent]
|-sethp|p1a: rotomwash|13/100|[from] move: Pain Split
|move|p2a: Melmetal|Double Iron Bash|p1a: rotomwash
|-resisted|p1a: rotomwash
|-damage|p1a: rotomwash|11/100
|-resisted|p1a: rotomwash
|-crit|p1a: rotomwash
|-damage|p1a: rotomwash|0 fnt
|faint|p1a: rotomwash
|-hitcount|p1: rotomwash|2
|
|upkeep
|
|t:|1666426626
|switch|p1a: Weavile|Weavile, F|32/100
|-ability|p1a: Weavile|Pressure
|turn|23
|
|t:|1666426637
|move|p1a: Weavile|Triple Axel|p2a: Melmetal|[miss]
|-miss|p1a: Weavile|p2a: Melmetal
|move|p2a: Melmetal|Superpower|p1a: Weavile
|-supereffective|p1a: Weavile
|-damage|p1a: Weavile|0 fnt
|faint|p1a: Weavile
|
|upkeep
|
|t:|1666426637
|switch|p1a: Heatran|Heatran, M|100/100
|-item|p1a: Heatran|Air Balloon
|turn|24
|
|t:|1666426648
|move|p1a: Heatran|Eruption|p2a: Melmetal
|-supereffective|p2a: Melmetal
|-damage|p2a: Melmetal|0 fnt
|faint|p2a: Melmetal
|
|upkeep
|
|t:|1666426653
|switch|p2a: Dragonite|Dragonite, F|100/100
|turn|25
|
|t:|1666426658
|move|p2a: Dragonite|Extreme Speed|p1a: Heatran
|-resisted|p1a: Heatran
|-damage|p1a: Heatran|84/100
|-enditem|p1a: Heatran|Air Balloon
|move|p1a: Heatran|Magma Storm|p2a: Dragonite
|-resisted|p2a: Dragonite
|-damage|p2a: Dragonite|87/100
|-activate|p2a: Dragonite|move: Magma Storm|[of] p1a: Heatran
|
|-damage|p2a: Dragonite|74/100|[from] move: Magma Storm|[partiallytrapped]
|upkeep
|turn|26
|
|t:|1666426667
|switch|p1a: Tangrowth|Tangrowth, M|100/100
|move|p2a: Dragonite|Earthquake|p1a: Tangrowth
|-resisted|p1a: Tangrowth
|-damage|p1a: Tangrowth|90/100
|
|-end|p2a: Dragonite|Magma Storm|[partiallytrapped]|[silent]
|upkeep
|turn|27
|
|t:|1666426674
|switch|p2a: Zapdos|Zapdos|100/100
|move|p1a: Tangrowth|Sleep Powder|p2a: Zapdos
|-status|p2a: Zapdos|slp|[from] move: Sleep Powder
|
|upkeep
|turn|28
|
|t:|1666426680
|switch|p1a: landorustherian|Landorus-Therian, M|21/100
|-ability|p1a: landorustherian|Intimidate|boost
|-unboost|p2a: Zapdos|atk|1
|cant|p2a: Zapdos|slp
|
|-heal|p1a: landorustherian|27/100|[from] item: Leftovers
|upkeep
|turn|29
|
|t:|1666426686
|cant|p2a: Zapdos|slp
|move|p1a: landorustherian|Toxic||[still]
|-fail|p1a: landorustherian
|
|-heal|p1a: landorustherian|33/100|[from] item: Leftovers
|upkeep
|turn|30
|
|t:|1666426691
|cant|p2a: Zapdos|slp
|move|p1a: landorustherian|U-turn|p2a: Zapdos
|-resisted|p2a: Zapdos
|-damage|p2a: Zapdos|92/100 slp
|-status|p1a: landorustherian|par|[from] ability: Static|[of] p2a: Zapdos
|
|t:|1666426693
|switch|p1a: Heatran|Heatran, M|84/100|[from]move: U-turn
|
|upkeep
|turn|31
|
|t:|1666426699
|move|p1a: Heatran|Magma Storm|p2a: Zapdos
|-damage|p2a: Zapdos|39/100 slp
|-activate|p2a: Zapdos|move: Magma Storm|[of] p1a: Heatran
|-curestatus|p2a: Zapdos|slp|[msg]
|move|p2a: Zapdos|Discharge|p1a: Heatran
|-damage|p1a: Heatran|48/100
|
|-damage|p2a: Zapdos|26/100|[from] move: Magma Storm|[partiallytrapped]
|upkeep
|turn|32
|
|t:|1666426708
|move|p1a: Heatran|Magma Storm|p2a: Zapdos
|-crit|p2a: Zapdos
|-damage|p2a: Zapdos|0 fnt
|faint|p2a: Zapdos
|
|upkeep
|
|t:|1666426712
|switch|p2a: Dragonite|Dragonite, F|74/100
|turn|33
|
|t:|1666426714
|switch|p1a: landorustherian|Landorus-Therian, M|33/100 par
|-ability|p1a: landorustherian|Intimidate|boost
|-unboost|p2a: Dragonite|atk|1
|move|p2a: Dragonite|Dragon Dance|p2a: Dragonite
|-boost|p2a: Dragonite|atk|1
|-boost|p2a: Dragonite|spe|1
|
|-heal|p1a: landorustherian|39/100 par|[from] item: Leftovers
|upkeep
|turn|34
|
|t:|1666426722
|switch|p1a: Tangrowth|Tangrowth, M|100/100
|move|p2a: Dragonite|Dragon Dance|p2a: Dragonite
|-boost|p2a: Dragonite|atk|1
|-boost|p2a: Dragonite|spe|1
|
|upkeep
|turn|35
|
|t:|1666426727
|move|p2a: Dragonite|Dragon Dance|p2a: Dragonite
|-boost|p2a: Dragonite|atk|1
|-boost|p2a: Dragonite|spe|1
|move|p1a: Tangrowth|Sleep Powder|p2a: Dragonite|[miss]
|-miss|p1a: Tangrowth|p2a: Dragonite
|
|upkeep
|turn|36
|
|t:|1666426734
|move|p2a: Dragonite|Outrage|p1a: Tangrowth
|-damage|p1a: Tangrowth|27/100
|-damage|p2a: Dragonite|58/100|[from] item: Rocky Helmet|[of] p1a: Tangrowth
|move|p1a: Tangrowth|Sleep Powder|p2a: Dragonite
|-status|p2a: Dragonite|slp|[from] move: Sleep Powder
|
|upkeep
|turn|37
|
|t:|1666426740
|cant|p2a: Dragonite|slp
|move|p1a: Tangrowth|Knock Off|p2a: Dragonite
|-damage|p2a: Dragonite|34/100 slp
|-enditem|p2a: Dragonite|Heavy-Duty Boots|[from] move: Knock Off|[of] p1a: Tangrowth
|
|upkeep
|turn|38
|
|t:|1666426746
|switch|p1a: Heatran|Heatran, M|48/100
|cant|p2a: Dragonite|slp
|
|upkeep
|turn|39
|
|t:|1666426751
|cant|p2a: Dragonite|slp
|move|p1a: Heatran|Magma Storm|p2a: Dragonite
|-resisted|p2a: Dragonite
|-damage|p2a: Dragonite|8/100 slp
|-activate|p2a: Dragonite|move: Magma Storm|[of] p1a: Heatran
|
|-damage|p2a: Dragonite|0 fnt|[from] move: Magma Storm|[partiallytrapped]
|faint|p2a: Dragonite
|
|win|minimax_ai
|upkeep
|raw|minimax_ai's rating: 1467 &rarr; <strong>1489</strong><br />(+22 for winning)
|raw|Seigneur-Fou's rating: 1510 &rarr; <strong>1488</strong><br />(-22 for losing)
|c|☆minimax_ai|gg
