|j|☆minimax_ai
|j|☆Geenobe
|t:|1667865327
|gametype|singles
|player|p1|minimax_ai|169|1533
|player|p2|Geenobe|265|1613
|teamsize|p1|6
|teamsize|p2|6
|gen|8
|tier|[Gen 8] OU
|rated|
|rule|Sleep Clause Mod: Limit one foe put to sleep
|rule|Species Clause: Limit one of each Pokémon
|rule|OHKO Clause: OHKO moves are banned
|rule|Evasion Items Clause: Evasion items are banned
|rule|Evasion Moves Clause: Evasion moves are banned
|rule|Endless Battle Clause: Forcing endless battles is banned
|rule|HP Percentage Mod: HP is shown in percentages
|rule|Dynamax Clause: You cannot dynamax
|clearpoke
|poke|p1|Rotom-Wash|
|poke|p1|Weavile, M|
|poke|p1|Landorus-Therian, M|
|poke|p1|Heatran, M|
|poke|p1|Tangrowth, F|
|poke|p1|Melmetal|
|poke|p2|Heatran, M|
|poke|p2|Garchomp, F|
|poke|p2|Rillaboom, M|
|poke|p2|Kartana|
|poke|p2|Tornadus-Therian, M|
|poke|p2|Victini|
|teampreview
|c|☆minimax_ai|hf
|inactive|Battle timer is ON: inactive players will automatically lose when time's up. (requested by minimax_ai)
|c|☆Geenobe|U2
|
|t:|1667865354
|start
|switch|p1a: Melmetal|Melmetal|100/100
|switch|p2a: Victini|Victini|100/100
|turn|1
|
|t:|1667865361
|switch|p1a: rotomwash|Rotom-Wash|100/100
|move|p2a: Victini|V-create|p1a: rotomwash
|-resisted|p1a: rotomwash
|-damage|p1a: rotomwash|61/100
|-unboost|p2a: Victini|spe|1
|-unboost|p2a: Victini|def|1
|-unboost|p2a: Victini|spd|1
|
|-heal|p1a: rotomwash|67/100|[from] item: Leftovers
|upkeep
|turn|2
|
|t:|1667865367
|switch|p2a: Garchomp|Garchomp, F|100/100
|move|p1a: rotomwash|Hydro Pump|p2a: Garchomp|[miss]
|-miss|p1a: rotomwash|p2a: Garchomp
|
|-heal|p1a: rotomwash|74/100|[from] item: Leftovers
|upkeep
|turn|3
|
|t:|1667865370
|move|p1a: rotomwash|Pain Split|p2a: Garchomp
|-sethp|p2a: Garchomp|77/100|[from] move: Pain Split|[silent]
|-sethp|p1a: rotomwash|100/100|[from] move: Pain Split
|move|p2a: Garchomp|Toxic|p1a: rotomwash
|-status|p1a: rotomwash|tox
|
|-heal|p2a: Garchomp|83/100|[from] item: Leftovers
|-damage|p1a: rotomwash|94/100 tox|[from] psn
|upkeep
|turn|4
|
|t:|1667865373
|switch|p1a: Heatran|Heatran, M|100/100
|-item|p1a: Heatran|Air Balloon
|move|p2a: Garchomp|Stealth Rock|p1a: Heatran
|-sidestart|p1: minimax_ai|move: Stealth Rock
|
|-heal|p2a: Garchomp|89/100|[from] item: Leftovers
|upkeep
|turn|5
|
|t:|1667865381
|switch|p2a: Victini|Victini|100/100
|move|p1a: Heatran|Stealth Rock|p2a: Victini
|-sidestart|p2: Geenobe|move: Stealth Rock
|
|upkeep
|turn|6
|
|t:|1667865386
|move|p2a: Victini|U-turn|p1a: Heatran
|-resisted|p1a: Heatran
|-damage|p1a: Heatran|96/100
|-enditem|p1a: Heatran|Air Balloon
|
|t:|1667865399
|switch|p2a: Garchomp|Garchomp, F|89/100|[from]move: U-turn
|-damage|p2a: Garchomp|83/100|[from] Stealth Rock
|move|p1a: Heatran|Earth Power|p2a: Garchomp
|-damage|p2a: Garchomp|64/100
|
|-heal|p2a: Garchomp|70/100|[from] item: Leftovers
|upkeep
|turn|7
|
|t:|1667865409
|switch|p1a: rotomwash|Rotom-Wash|94/100 tox
|-damage|p1a: rotomwash|82/100 tox|[from] Stealth Rock
|move|p2a: Garchomp|Earthquake|p1a: rotomwash
|-immune|p1a: rotomwash|[from] ability: Levitate
|
|-heal|p1a: rotomwash|88/100 tox|[from] item: Leftovers
|-heal|p2a: Garchomp|77/100|[from] item: Leftovers
|-damage|p1a: rotomwash|82/100 tox|[from] psn
|upkeep
|turn|8
|
|t:|1667865417
|move|p2a: Garchomp|Protect|p2a: Garchomp
|-singleturn|p2a: Garchomp|Protect
|move|p1a: rotomwash|Hydro Pump|p2a: Garchomp
|-activate|p2a: Garchomp|move: Protect
|
|-heal|p1a: rotomwash|88/100 tox|[from] item: Leftovers
|-heal|p2a: Garchomp|83/100|[from] item: Leftovers
|-damage|p1a: rotomwash|75/100 tox|[from] psn
|upkeep
|turn|9
|
|t:|1667865427
|switch|p2a: Tornadus|Tornadus-Therian, M|100/100
|move|p1a: rotomwash|Hydro Pump|p2a: Tornadus
|-damage|p2a: Tornadus|61/100
|
|-heal|p1a: rotomwash|82/100 tox|[from] item: Leftovers
|-damage|p1a: rotomwash|63/100 tox|[from] psn
|upkeep
|turn|10
|
|t:|1667865432
|switch|p1a: Melmetal|Melmetal|100/100
|-damage|p1a: Melmetal|94/100|[from] Stealth Rock
|move|p2a: Tornadus|U-turn|p1a: Melmetal
|-resisted|p1a: Melmetal
|-damage|p1a: Melmetal|90/100
|
|t:|1667865457
|switch|p2a: Heatran|Heatran, M|100/100|[from]move: U-turn
|-damage|p2a: Heatran|88/100|[from] Stealth Rock
|
|-heal|p2a: Heatran|94/100|[from] item: Leftovers
|upkeep
|turn|11
|
|t:|1667865461
|move|p2a: Heatran|Magma Storm|p1a: Melmetal
|-supereffective|p1a: Melmetal
|-damage|p1a: Melmetal|45/100
|-activate|p1a: Melmetal|move: Magma Storm|[of] p2a: Heatran
|move|p1a: Melmetal|Earthquake|p2a: Heatran
|-supereffective|p2a: Heatran
|-damage|p2a: Heatran|0 fnt
|faint|p2a: Heatran
|
|-end|p1a: Melmetal|Magma Storm|[partiallytrapped]|[silent]
|upkeep
|
|t:|1667865475
|switch|p2a: Garchomp|Garchomp, F|83/100
|-damage|p2a: Garchomp|77/100|[from] Stealth Rock
|turn|12
|
|t:|1667865477
|switch|p1a: rotomwash|Rotom-Wash|63/100 tox
|-damage|p1a: rotomwash|50/100 tox|[from] Stealth Rock
|move|p2a: Garchomp|Earthquake|p1a: rotomwash
|-immune|p1a: rotomwash|[from] ability: Levitate
|
|-heal|p1a: rotomwash|57/100 tox|[from] item: Leftovers
|-heal|p2a: Garchomp|83/100|[from] item: Leftovers
|-damage|p1a: rotomwash|50/100 tox|[from] psn
|upkeep
|turn|13
|
|t:|1667865488
|switch|p2a: Tornadus|Tornadus-Therian, M|95/100
|move|p1a: rotomwash|Hydro Pump|p2a: Tornadus
|-damage|p2a: Tornadus|56/100
|
|-heal|p1a: rotomwash|57/100 tox|[from] item: Leftovers
|-damage|p1a: rotomwash|44/100 tox|[from] psn
|upkeep
|turn|14
|
|t:|1667865496
|move|p2a: Tornadus|U-turn|p1a: rotomwash
|-damage|p1a: rotomwash|28/100 tox
|
|t:|1667865507
|switch|p2a: Garchomp|Garchomp, F|83/100|[from]move: U-turn
|-damage|p2a: Garchomp|77/100|[from] Stealth Rock
|move|p1a: rotomwash|Pain Split|p2a: Garchomp
|-sethp|p2a: Garchomp|49/100|[from] move: Pain Split|[silent]
|-sethp|p1a: rotomwash|67/100 tox|[from] move: Pain Split
|
|-heal|p1a: rotomwash|73/100 tox|[from] item: Leftovers
|-heal|p2a: Garchomp|55/100|[from] item: Leftovers
|-damage|p1a: rotomwash|54/100 tox|[from] psn
|upkeep
|turn|15
|
|t:|1667865515
|move|p2a: Garchomp|Protect|p2a: Garchomp
|-singleturn|p2a: Garchomp|Protect
|move|p1a: rotomwash|Hydro Pump|p2a: Garchomp
|-activate|p2a: Garchomp|move: Protect
|
|-heal|p1a: rotomwash|60/100 tox|[from] item: Leftovers
|-heal|p2a: Garchomp|61/100|[from] item: Leftovers
|-damage|p1a: rotomwash|35/100 tox|[from] psn
|upkeep
|turn|16
|
|t:|1667865525
|move|p1a: rotomwash|Pain Split|p2a: Garchomp
|-sethp|p2a: Garchomp|43/100|[from] move: Pain Split|[silent]
|-sethp|p1a: rotomwash|59/100 tox|[from] move: Pain Split
|move|p2a: Garchomp|Earthquake|p1a: rotomwash
|-immune|p1a: rotomwash|[from] ability: Levitate
|
|-heal|p1a: rotomwash|66/100 tox|[from] item: Leftovers
|-heal|p2a: Garchomp|50/100|[from] item: Leftovers
|-damage|p1a: rotomwash|34/100 tox|[from] psn
|upkeep
|turn|17
|
|t:|1667865534
|move|p1a: rotomwash|Hydro Pump|p2a: Garchomp
|-damage|p2a: Garchomp|21/100
|move|p2a: Garchomp|Toxic|p1a: rotomwash
|-fail|p1a: rotomwash|tox
|
|-heal|p1a: rotomwash|41/100 tox|[from] item: Leftovers
|-heal|p2a: Garchomp|27/100|[from] item: Leftovers
|-damage|p1a: rotomwash|3/100 tox|[from] psn
|upkeep
|turn|18
|
|t:|1667865540
|switch|p1a: landorustherian|Landorus-Therian, M|100/100
|-damage|p1a: landorustherian|88/100|[from] Stealth Rock
|-ability|p1a: landorustherian|Intimidate|boost
|-unboost|p2a: Garchomp|atk|1
|move|p2a: Garchomp|Protect||[still]
|-fail|p2a: Garchomp
|
|-heal|p2a: Garchomp|33/100|[from] item: Leftovers
|-heal|p1a: landorustherian|94/100|[from] item: Leftovers
|upkeep
|turn|19
|
|t:|1667865546
|switch|p2a: Tornadus|Tornadus-Therian, M|90/100
|move|p1a: landorustherian|Toxic|p2a: Tornadus|[miss]
|-miss|p1a: landorustherian|p2a: Tornadus
|
|-heal|p1a: landorustherian|99/100|[from] item: Leftovers
|upkeep
|turn|20
|
|t:|1667865550
|move|p2a: Tornadus|Icy Wind|p1a: landorustherian
|-supereffective|p1a: landorustherian
|-damage|p1a: landorustherian|55/100
|-unboost|p1a: landorustherian|spe|1
|move|p1a: landorustherian|Defog|p2a: Tornadus
|-unboost|p2a: Tornadus|evasion|1
|-sideend|p2: Geenobe|Stealth Rock|[from] move: Defog|[of] p1a: landorustherian
|-sideend|p1: minimax_ai|Stealth Rock|[from] move: Defog|[of] p1a: landorustherian
|
|-heal|p1a: landorustherian|61/100|[from] item: Leftovers
|upkeep
|turn|21
|
|t:|1667865557
|move|p2a: Tornadus|U-turn|p1a: landorustherian
|-resisted|p1a: landorustherian
|-damage|p1a: landorustherian|54/100
|
|t:|1667865561
|switch|p2a: Kartana|Kartana|100/100|[from]move: U-turn
|move|p1a: landorustherian|U-turn|p2a: Kartana
|-damage|p2a: Kartana|75/100
|
|t:|1667865561
|switch|p1a: Tangrowth|Tangrowth, F|100/100|[from]move: U-turn
|
|upkeep
|turn|22
|
|t:|1667865571
|switch|p2a: Rillaboom|Rillaboom, M|100/100
|-fieldstart|move: Grassy Terrain|[from] ability: Grassy Surge|[of] p2a: Rillaboom
|move|p1a: Tangrowth|Sleep Powder|p2a: Rillaboom
|-immune|p2a: Rillaboom
|
|upkeep
|turn|23
|
|t:|1667865578
|move|p2a: Rillaboom|U-turn|p1a: Tangrowth
|-supereffective|p1a: Tangrowth
|-crit|p1a: Tangrowth
|-damage|p1a: Tangrowth|35/100
|-damage|p2a: Rillaboom|84/100|[from] item: Rocky Helmet|[of] p1a: Tangrowth
|
|t:|1667865583
|switch|p2a: Victini|Victini|100/100|[from]move: U-turn
|move|p1a: Tangrowth|Knock Off|p2a: Victini
|-supereffective|p2a: Victini
|-damage|p2a: Victini|59/100
|-enditem|p2a: Victini|Heavy-Duty Boots|[from] move: Knock Off|[of] p1a: Tangrowth
|
|-heal|p2a: Victini|65/100|[from] Grassy Terrain
|-heal|p1a: Tangrowth|41/100|[from] Grassy Terrain
|upkeep
|turn|24
|
|t:|1667865590
|switch|p1a: Heatran|Heatran, M|96/100
|move|p2a: Victini|U-turn|p1a: Heatran
|-resisted|p1a: Heatran
|-damage|p1a: Heatran|90/100
|
|t:|1667865593
|switch|p2a: Garchomp|Garchomp, F|33/100|[from]move: U-turn
|
|-heal|p1a: Heatran|96/100|[from] Grassy Terrain
|-heal|p2a: Garchomp|40/100|[from] Grassy Terrain
|-heal|p2a: Garchomp|46/100|[from] item: Leftovers
|upkeep
|turn|25
|
|t:|1667865597
|switch|p1a: landorustherian|Landorus-Therian, M|54/100
|-ability|p1a: landorustherian|Intimidate|boost
|-unboost|p2a: Garchomp|atk|1
|move|p2a: Garchomp|Earthquake|p1a: landorustherian
|-immune|p1a: landorustherian
|
|-heal|p2a: Garchomp|52/100|[from] Grassy Terrain
|-heal|p2a: Garchomp|58/100|[from] item: Leftovers
|-heal|p1a: landorustherian|60/100|[from] item: Leftovers
|upkeep
|turn|26
|
|t:|1667865610
|move|p2a: Garchomp|Protect|p2a: Garchomp
|-singleturn|p2a: Garchomp|Protect
|move|p1a: landorustherian|Toxic|p2a: Garchomp
|-activate|p2a: Garchomp|move: Protect
|
|-heal|p2a: Garchomp|65/100|[from] Grassy Terrain
|-heal|p2a: Garchomp|71/100|[from] item: Leftovers
|-heal|p1a: landorustherian|66/100|[from] item: Leftovers
|-fieldend|move: Grassy Terrain
|upkeep
|turn|27
|
|t:|1667865616
|switch|p2a: Kartana|Kartana|75/100
|move|p1a: landorustherian|Toxic|p2a: Kartana|[miss]
|-miss|p1a: landorustherian|p2a: Kartana
|
|-heal|p1a: landorustherian|72/100|[from] item: Leftovers
|upkeep
|turn|28
|
|t:|1667865628
|switch|p1a: Tangrowth|Tangrowth, F|75/100
|move|p2a: Kartana|Knock Off|p1a: Tangrowth
|-damage|p1a: Tangrowth|51/100
|-damage|p2a: Kartana|59/100|[from] item: Rocky Helmet|[of] p1a: Tangrowth
|-enditem|p1a: Tangrowth|Rocky Helmet|[from] move: Knock Off|[of] p2a: Kartana
|
|upkeep
|turn|29
|
|t:|1667865635
|switch|p2a: Rillaboom|Rillaboom, M|84/100
|-fieldstart|move: Grassy Terrain|[from] ability: Grassy Surge|[of] p2a: Rillaboom
|move|p1a: Tangrowth|Knock Off|p2a: Rillaboom
|-damage|p2a: Rillaboom|61/100
|-enditem|p2a: Rillaboom|Choice Band|[from] move: Knock Off|[of] p1a: Tangrowth
|
|-heal|p2a: Rillaboom|68/100|[from] Grassy Terrain
|-heal|p1a: Tangrowth|57/100|[from] Grassy Terrain
|upkeep
|turn|30
|
|t:|1667865643
|move|p2a: Rillaboom|U-turn|p1a: Tangrowth
|-supereffective|p1a: Tangrowth
|-damage|p1a: Tangrowth|30/100
|
|t:|1667865648
|switch|p2a: Tornadus|Tornadus-Therian, M|100/100|[from]move: U-turn
|move|p1a: Tangrowth|Giga Drain|p2a: Tornadus
|-resisted|p2a: Tornadus
|-damage|p2a: Tornadus|82/100
|-heal|p1a: Tangrowth|38/100|[from] drain|[of] p2a: Tornadus
|
|-heal|p1a: Tangrowth|45/100|[from] Grassy Terrain
|upkeep
|turn|31
|
|t:|1667865654
|switch|p1a: Weavile|Weavile, M|100/100
|-ability|p1a: Weavile|Pressure
|move|p2a: Tornadus|Icy Wind|p1a: Weavile
|-resisted|p1a: Weavile
|-damage|p1a: Weavile|91/100
|-unboost|p1a: Weavile|spe|1
|
|-heal|p1a: Weavile|97/100|[from] Grassy Terrain
|upkeep
|turn|32
|
|t:|1667865661
|move|p2a: Tornadus|Heat Wave|p1a: Weavile
|-supereffective|p1a: Weavile
|-damage|p1a: Weavile|34/100
|move|p1a: Weavile|Knock Off|p2a: Tornadus
|-damage|p2a: Tornadus|0 fnt
|-enditem|p2a: Tornadus|Heavy-Duty Boots|[from] move: Knock Off|[of] p1a: Weavile
|faint|p2a: Tornadus
|
|-heal|p1a: Weavile|40/100|[from] Grassy Terrain
|upkeep
|
|t:|1667865668
|switch|p2a: Victini|Victini|65/100
|turn|33
|
|t:|1667865672
|switch|p1a: rotomwash|Rotom-Wash|3/100 tox
|move|p2a: Victini|Bolt Strike|p1a: rotomwash
|-crit|p1a: rotomwash
|-damage|p1a: rotomwash|0 fnt
|faint|p1a: rotomwash
|
|-heal|p2a: Victini|71/100|[from] Grassy Terrain
|-fieldend|move: Grassy Terrain
|upkeep
|
|t:|1667865672
|switch|p1a: Weavile|Weavile, M|40/100
|-ability|p1a: Weavile|Pressure
|turn|34
|
|t:|1667865689
|switch|p2a: Rillaboom|Rillaboom, M|68/100
|-fieldstart|move: Grassy Terrain|[from] ability: Grassy Surge|[of] p2a: Rillaboom
|move|p1a: Weavile|Knock Off|p2a: Rillaboom
|-damage|p2a: Rillaboom|18/100
|
|-heal|p1a: Weavile|46/100|[from] Grassy Terrain
|-heal|p2a: Rillaboom|25/100|[from] Grassy Terrain
|upkeep
|turn|35
|
|t:|1667865697
|switch|p1a: Tangrowth|Tangrowth, F|78/100
|move|p2a: Rillaboom|U-turn|p1a: Tangrowth
|-supereffective|p1a: Tangrowth
|-damage|p1a: Tangrowth|51/100
|
|t:|1667865702
|switch|p2a: Victini|Victini|71/100|[from]move: U-turn
|
|-heal|p2a: Victini|77/100|[from] Grassy Terrain
|-heal|p1a: Tangrowth|57/100|[from] Grassy Terrain
|upkeep
|turn|36
|
|t:|1667865706
|switch|p1a: Heatran|Heatran, M|96/100
|move|p2a: Victini|V-create|p1a: Heatran
|-start|p1a: Heatran|ability: Flash Fire
|
|-heal|p2a: Victini|83/100|[from] Grassy Terrain
|-heal|p1a: Heatran|100/100|[from] Grassy Terrain
|upkeep
|turn|37
|
|t:|1667865711
|move|p2a: Victini|U-turn|p1a: Heatran
|-resisted|p1a: Heatran
|-damage|p1a: Heatran|96/100
|
|t:|1667865713
|switch|p2a: Garchomp|Garchomp, F|71/100|[from]move: U-turn
|move|p1a: Heatran|Eruption|p2a: Garchomp
|-resisted|p2a: Garchomp
|-damage|p2a: Garchomp|35/100
|
|-heal|p1a: Heatran|100/100|[from] Grassy Terrain
|-heal|p2a: Garchomp|41/100|[from] Grassy Terrain
|-heal|p2a: Garchomp|47/100|[from] item: Leftovers
|upkeep
|turn|38
|
|t:|1667865727
|move|p1a: Heatran|Eruption|p2a: Garchomp
|-resisted|p2a: Garchomp
|-damage|p2a: Garchomp|11/100
|move|p2a: Garchomp|Earthquake|p1a: Heatran
|-supereffective|p1a: Heatran
|-damage|p1a: Heatran|15/100
|
|-heal|p1a: Heatran|21/100|[from] Grassy Terrain
|-heal|p2a: Garchomp|18/100|[from] Grassy Terrain
|-heal|p2a: Garchomp|24/100|[from] item: Leftovers
|-fieldend|move: Grassy Terrain
|upkeep
|turn|39
|
|t:|1667865739
|move|p1a: Heatran|Earth Power|p2a: Garchomp
|-damage|p2a: Garchomp|4/100
|-unboost|p2a: Garchomp|spd|1
|move|p2a: Garchomp|Stealth Rock|p1a: Heatran
|-sidestart|p1: minimax_ai|move: Stealth Rock
|
|-heal|p2a: Garchomp|10/100|[from] item: Leftovers
|upkeep
|turn|40
|
|t:|1667865747
|switch|p2a: Rillaboom|Rillaboom, M|25/100
|-fieldstart|move: Grassy Terrain|[from] ability: Grassy Surge|[of] p2a: Rillaboom
|move|p1a: Heatran|Earth Power|p2a: Rillaboom
|-resisted|p2a: Rillaboom
|-damage|p2a: Rillaboom|5/100
|
|-heal|p1a: Heatran|27/100|[from] Grassy Terrain
|-heal|p2a: Rillaboom|11/100|[from] Grassy Terrain
|upkeep
|turn|41
|
|t:|1667865756
|move|p1a: Heatran|Earth Power|p2a: Rillaboom
|-resisted|p2a: Rillaboom
|-damage|p2a: Rillaboom|0 fnt
|faint|p2a: Rillaboom
|
|-heal|p1a: Heatran|34/100|[from] Grassy Terrain
|upkeep
|
|t:|1667865760
|switch|p2a: Victini|Victini|83/100
|turn|42
|
|t:|1667865761
|move|p2a: Victini|Bolt Strike|p1a: Heatran
|-damage|p1a: Heatran|0 fnt
|faint|p1a: Heatran
|
|-heal|p2a: Victini|90/100|[from] Grassy Terrain
|upkeep
|
|t:|1667865761
|switch|p1a: Weavile|Weavile, M|46/100
|-damage|p1a: Weavile|21/100|[from] Stealth Rock
|-ability|p1a: Weavile|Pressure
|turn|43
|
|t:|1667865767
|switch|p2a: Garchomp|Garchomp, F|10/100
|move|p1a: Weavile|Knock Off|p2a: Garchomp
|-crit|p2a: Garchomp
|-damage|p2a: Garchomp|0 fnt
|-damage|p1a: Weavile|9/100|[from] ability: Rough Skin|[of] p2a: Garchomp
|-enditem|p2a: Garchomp|Leftovers|[from] move: Knock Off|[of] p1a: Weavile
|faint|p2a: Garchomp
|
|-heal|p1a: Weavile|15/100|[from] Grassy Terrain
|upkeep
|
|t:|1667865776
|switch|p2a: Kartana|Kartana|59/100
|turn|44
|
|t:|1667865781
|switch|p2a: Victini|Victini|90/100
|switch|p1a: Tangrowth|Tangrowth, F|90/100
|-damage|p1a: Tangrowth|78/100|[from] Stealth Rock
|
|-heal|p2a: Victini|96/100|[from] Grassy Terrain
|-heal|p1a: Tangrowth|84/100|[from] Grassy Terrain
|-fieldend|move: Grassy Terrain
|upkeep
|turn|45
|
|t:|1667865786
|move|p2a: Victini|V-create|p1a: Tangrowth
|-supereffective|p1a: Tangrowth
|-damage|p1a: Tangrowth|0 fnt
|-unboost|p2a: Victini|spe|1
|-unboost|p2a: Victini|def|1
|-unboost|p2a: Victini|spd|1
|faint|p1a: Tangrowth
|
|upkeep
|
|t:|1667865786
|switch|p1a: landorustherian|Landorus-Therian, M|72/100
|-damage|p1a: landorustherian|60/100|[from] Stealth Rock
|-ability|p1a: landorustherian|Intimidate|boost
|-unboost|p2a: Victini|atk|1
|turn|46
|
|t:|1667865797
|move|p2a: Victini|V-create|p1a: landorustherian
|-damage|p1a: landorustherian|8/100
|-unboost|p2a: Victini|spe|1
|-unboost|p2a: Victini|def|1
|-unboost|p2a: Victini|spd|1
|move|p1a: landorustherian|Earthquake|p2a: Victini
|-supereffective|p2a: Victini
|-damage|p2a: Victini|0 fnt
|faint|p2a: Victini
|
|-heal|p1a: landorustherian|14/100|[from] item: Leftovers
|upkeep
|
|t:|1667865804
|switch|p2a: Kartana|Kartana|59/100
|turn|47
|
|t:|1667865806
|switch|p1a: Weavile|Weavile, M|15/100
|-damage|p1a: Weavile|0 fnt|[from] Stealth Rock
|faint|p1a: Weavile
|move|p2a: Kartana|Sacred Sword|p1: Weavile|[notarget]
|-fail|p2a: Kartana
|
|upkeep
|
|t:|1667865806
|switch|p1a: landorustherian|Landorus-Therian, M|14/100
|-damage|p1a: landorustherian|2/100|[from] Stealth Rock
|-ability|p1a: landorustherian|Intimidate|boost
|-unboost|p2a: Kartana|atk|1
|turn|48
|
|t:|1667865809
|move|p2a: Kartana|Sacred Sword|p1a: landorustherian
|-resisted|p1a: landorustherian
|-damage|p1a: landorustherian|0 fnt
|faint|p1a: landorustherian
|-ability|p2a: Kartana|Beast Boost|boost
|-boost|p2a: Kartana|atk|1
|
|upkeep
|
|t:|1667865809
|switch|p1a: Melmetal|Melmetal|45/100
|-damage|p1a: Melmetal|39/100|[from] Stealth Rock
|turn|49
|
|t:|1667865811
|move|p2a: Kartana|Sacred Sword|p1a: Melmetal
|-supereffective|p1a: Melmetal
|-damage|p1a: Melmetal|0 fnt
|faint|p1a: Melmetal
|
|win|Geenobe
|raw|minimax_ai's rating: 1533 &rarr; <strong>1518</strong><br />(-15 for losing)
|raw|Geenobe's rating: 1613 &rarr; <strong>1628</strong><br />(+15 for winning)
|c|☆minimax_ai|gg
