|j|☆galarian dragapult
|j|☆yourteemistrash
|t:|1634621009
|gametype|singles
|player|p1|galarian dragapult|1|1617
|player|p2|yourteemistrash|crushgirl-gen3|1631
|teamsize|p1|6
|teamsize|p2|6
|gen|8
|tier|[Gen 8] OU
|rated|
|rule|Sleep Clause Mod: Limit one foe put to sleep
|rule|Species Clause: Limit one of each Pokémon
|rule|OHKO Clause: OHKO moves are banned
|rule|Evasion Moves Clause: Evasion moves are banned
|rule|Endless Battle Clause: Forcing endless battles is banned
|rule|HP Percentage Mod: HP is shown in percentages
|rule|Dynamax Clause: You cannot dynamax
|clearpoke
|poke|p1|Corviknight, M|
|poke|p1|Dragapult, F|
|poke|p1|Blissey, F|
|poke|p1|Victini|
|poke|p1|Tapu Fini|
|poke|p1|Nidoking, M|
|poke|p2|Arctovish|
|poke|p2|Arctozolt|
|poke|p2|Ninetales-Alola, F|
|poke|p2|Slowking, M|
|poke|p2|Landorus-Therian, M|
|poke|p2|Zapdos|
|teampreview
|inactive|Battle timer is ON: inactive players will automatically lose when time's up. (requested by yourteemistrash)
|inactive|galarian dragapult has 120 seconds left.
|
|t:|1634621098
|start
|switch|p1a: Victini|Victini|100/100
|switch|p2a: Ninetales|Ninetales-Alola, F, shiny|100/100
|-weather|Hail|[from] ability: Snow Warning|[of] p2a: Ninetales
|turn|1
|inactive|yourteemistrash has 120 seconds left.
|
|t:|1634621150
|switch|p2a: Slowking Galar|Slowking, M, shiny|100/100
|move|p1a: Victini|Blue Flare|p2a: Slowking Galar
|-resisted|p2a: Slowking Galar
|-damage|p2a: Slowking Galar|90/100
|
|-weather|Hail|[upkeep]
|-damage|p1a: Victini|94/100|[from] Hail
|-damage|p2a: Slowking Galar|83/100|[from] Hail
|upkeep
|turn|2
|inactive|galarian dragapult has 120 seconds left.
|
|t:|1634621197
|switch|p1a: Blissey|Blissey, F|100/100
|move|p2a: Slowking Galar|Scald|p1a: Blissey
|-damage|p1a: Blissey|91/100
|
|-weather|Hail|[upkeep]
|-damage|p1a: Blissey|85/100|[from] Hail
|-damage|p2a: Slowking Galar|77/100|[from] Hail
|upkeep
|turn|3
|
|t:|1634621204
|switch|p2a: JESUS TIME|Arctovish, shiny|100/100
|move|p1a: Blissey|Toxic|p2a: JESUS TIME
|-status|p2a: JESUS TIME|tox
|
|-weather|Hail|[upkeep]
|-damage|p1a: Blissey|79/100|[from] Hail
|-damage|p2a: JESUS TIME|94/100 tox|[from] psn
|upkeep
|turn|4
|inactive|galarian dragapult has 120 seconds left.
|
|t:|1634621212
|switch|p1a: Tapu Fini|Tapu Fini|100/100
|-fieldstart|move: Misty Terrain|[from] ability: Misty Surge|[of] p1a: Tapu Fini
|move|p2a: JESUS TIME|Fishious Rend|p1a: Tapu Fini
|-resisted|p1a: Tapu Fini
|-crit|p1a: Tapu Fini
|-damage|p1a: Tapu Fini|39/100
|
|-weather|Hail|[upkeep]
|-damage|p1a: Tapu Fini|33/100|[from] Hail
|-damage|p2a: JESUS TIME|82/100 tox|[from] psn
|upkeep
|turn|5
|
|t:|1634621216
|move|p2a: JESUS TIME|Fishious Rend|p1a: Tapu Fini
|-resisted|p1a: Tapu Fini
|-damage|p1a: Tapu Fini|0 fnt
|faint|p1a: Tapu Fini
|
|-weather|Hail|[upkeep]
|-damage|p2a: JESUS TIME|63/100 tox|[from] psn
|upkeep
|
|t:|1634621219
|switch|p1a: Corviknight|Corviknight, M|100/100
|-ability|p1a: Corviknight|Pressure
|turn|6
|
|t:|1634621227
|switch|p2a: Zapdos|Zapdos|100/100
|move|p1a: Corviknight|Roost||[still]
|-fail|p1a: Corviknight|heal
|
|-weather|Hail|[upkeep]
|-damage|p2a: Zapdos|94/100|[from] Hail
|-damage|p1a: Corviknight|94/100|[from] Hail
|upkeep
|turn|7
|
|t:|1634621233
|switch|p2a: TIMED JESUS|Arctozolt, shiny|100/100
|switch|p1a: Blissey|Blissey, F|79/100
|
|-weather|Hail|[upkeep]
|-damage|p1a: Blissey|73/100|[from] Hail
|upkeep
|turn|8
|
|t:|1634621238
|move|p2a: TIMED JESUS|Substitute|p2a: TIMED JESUS
|-start|p2a: TIMED JESUS|Substitute
|-damage|p2a: TIMED JESUS|76/100
|move|p1a: Blissey|Toxic||[still]
|-fail|p1a: Blissey
|
|-weather|none
|-heal|p2a: TIMED JESUS|82/100|[from] item: Leftovers
|-fieldend|Misty Terrain
|upkeep
|turn|9
|-message|galarian dragapult forfeited.
|
|win|yourteemistrash
|raw|galarian dragapult's rating: 1617 &rarr; <strong>1598</strong><br />(-19 for losing)
|raw|yourteemistrash's rating: 1631 &rarr; <strong>1650</strong><br />(+19 for winning)
|l|☆galarian dragapult
|l|☆yourteemistrash
|j| Stunfisk2140
|j| RaikouLover
