|j|☆animecleavage
|j|☆JooshP
|t:|1652370338
|gametype|singles
|player|p1|animecleavage|marley|1708
|player|p2|JooshP|red|1777
|teamsize|p1|6
|teamsize|p2|6
|gen|8
|tier|[Gen 8] OU
|rated|
|rule|Sleep Clause Mod: Limit one foe put to sleep
|rule|Species Clause: Limit one of each Pokémon
|rule|OHKO Clause: OHKO moves are banned
|rule|Evasion Moves Clause: Evasion moves are banned
|rule|Endless Battle Clause: Forcing endless battles is banned
|rule|HP Percentage Mod: HP is shown in percentages
|rule|Dynamax Clause: You cannot dynamax
|clearpoke
|poke|p1|Mew|
|poke|p1|Cloyster, M|
|poke|p1|Gengar, F|
|poke|p1|Bisharp, F|
|poke|p1|Rillaboom, M|
|poke|p1|Hawlucha, M|
|poke|p2|Crawdaunt, M|
|poke|p2|Ferrothorn, M|
|poke|p2|Tapu Fini|
|poke|p2|Landorus-Therian, M|
|poke|p2|Zapdos-Galar|
|poke|p2|Dragapult, M|
|teampreview
|inactive|Battle timer is ON: inactive players will automatically lose when time's up. (requested by animecleavage)
|
|t:|1652370356
|start
|switch|p1a: DK did it first|Rillaboom, M|100/100
|switch|p2a: Crawdaunt|Crawdaunt, M|100/100
|-fieldstart|move: Grassy Terrain|[from] ability: Grassy Surge|[of] p1a: DK did it first
|turn|1
|
|t:|1652370362
|switch|p1a: Mew|Mew, shiny|100/100
|switch|p2a: Ferrothorn|Ferrothorn, M|100/100
|
|upkeep
|turn|2
|
|t:|1652370366
|move|p1a: Mew|Stealth Rock|p2a: Ferrothorn
|-sidestart|p2: JooshP|move: Stealth Rock
|move|p2a: Ferrothorn|Knock Off|p1a: Mew
|-supereffective|p1a: Mew
|-damage|p1a: Mew|65/100
|-enditem|p1a: Mew|Red Card|[from] move: Knock Off|[of] p2a: Ferrothorn
|
|-heal|p1a: Mew|71/100|[from] Grassy Terrain
|upkeep
|turn|3
|
|t:|1652370368
|move|p1a: Mew|Taunt|p2a: Ferrothorn
|-start|p2a: Ferrothorn|move: Taunt
|cant|p2a: Ferrothorn|move: Taunt|Spikes
|
|-heal|p1a: Mew|77/100|[from] Grassy Terrain
|upkeep
|turn|4
|
|t:|1652370385
|move|p1a: Mew|Spikes|p2a: Ferrothorn
|-sidestart|p2: JooshP|Spikes
|move|p2a: Ferrothorn|Knock Off|p1a: Mew
|-supereffective|p1a: Mew
|-damage|p1a: Mew|54/100
|
|-heal|p1a: Mew|61/100|[from] Grassy Terrain
|upkeep
|turn|5
|
|t:|1652370390
|move|p1a: Mew|Spikes|p2a: Ferrothorn
|-sidestart|p2: JooshP|Spikes
|move|p2a: Ferrothorn|Knock Off|p1a: Mew
|-supereffective|p1a: Mew
|-damage|p1a: Mew|37/100
|
|-heal|p1a: Mew|43/100|[from] Grassy Terrain
|-end|p2a: Ferrothorn|move: Taunt
|-fieldend|move: Grassy Terrain
|upkeep
|turn|6
|
|t:|1652370395
|move|p1a: Mew|Taunt|p2a: Ferrothorn
|-start|p2a: Ferrothorn|move: Taunt
|move|p2a: Ferrothorn|Knock Off|p1a: Mew
|-supereffective|p1a: Mew
|-damage|p1a: Mew|21/100
|
|upkeep
|turn|7
|j| Caiualsf
|
|t:|1652370400
|move|p1a: Mew|Spikes|p2a: Ferrothorn
|-sidestart|p2: JooshP|Spikes
|move|p2a: Ferrothorn|Knock Off|p1a: Mew
|-supereffective|p1a: Mew
|-damage|p1a: Mew|0 fnt
|faint|p1a: Mew
|
|upkeep
|
|t:|1652370404
|switch|p1a: DK did it first|Rillaboom, M|100/100
|-fieldstart|move: Grassy Terrain|[from] ability: Grassy Surge|[of] p1a: DK did it first
|turn|8
|
|t:|1652370410
|switch|p2a: Landorus|Landorus-Therian, M|100/100
|-damage|p2a: Landorus|88/100|[from] Stealth Rock
|-ability|p2a: Landorus|Intimidate|boost
|-unboost|p1a: DK did it first|atk|1
|move|p1a: DK did it first|Swords Dance|p1a: DK did it first
|-boost|p1a: DK did it first|atk|2
|
|-heal|p2a: Landorus|94/100|[from] item: Leftovers
|upkeep
|turn|9
|j| oberkommandowest
|
|t:|1652370415
|move|p1a: DK did it first|Grassy Glide|p2a: Landorus
|-damage|p2a: Landorus|15/100
|-damage|p1a: DK did it first|91/100|[from] item: Life Orb
|move|p2a: Landorus|Knock Off|p1a: DK did it first
|-damage|p1a: DK did it first|55/100
|-enditem|p1a: DK did it first|Life Orb|[from] move: Knock Off|[of] p2a: Landorus
|
|-heal|p1a: DK did it first|61/100|[from] Grassy Terrain
|-heal|p2a: Landorus|21/100|[from] item: Leftovers
|upkeep
|turn|10
|
|t:|1652370428
|move|p1a: DK did it first|Swords Dance|p1a: DK did it first
|-boost|p1a: DK did it first|atk|2
|move|p2a: Landorus|U-turn|p1a: DK did it first
|-supereffective|p1a: DK did it first
|-damage|p1a: DK did it first|16/100
|
|t:|1652370434
|switch|p2a: Ferrothorn|Ferrothorn, M|100/100|[from]move: U-turn
|-damage|p2a: Ferrothorn|94/100|[from] Stealth Rock
|-damage|p2a: Ferrothorn|69/100|[from] Spikes
|
|-heal|p1a: DK did it first|22/100|[from] Grassy Terrain
|-heal|p2a: Ferrothorn|75/100|[from] Grassy Terrain
|-heal|p2a: Ferrothorn|82/100|[from] item: Leftovers
|upkeep
|turn|11
|
|t:|1652370438
|move|p1a: DK did it first|Drain Punch|p2a: Ferrothorn
|-supereffective|p2a: Ferrothorn
|-damage|p2a: Ferrothorn|0 fnt
|-heal|p1a: DK did it first|64/100|[from] drain|[of] p2a: Ferrothorn
|-damage|p1a: DK did it first|52/100|[from] ability: Iron Barbs|[of] p2a: Ferrothorn
|faint|p2a: Ferrothorn
|
|-heal|p1a: DK did it first|58/100|[from] Grassy Terrain
|upkeep
|l| Caiualsf
|
|t:|1652370446
|switch|p2a: Landorus|Landorus-Therian, M|21/100
|-damage|p2a: Landorus|9/100|[from] Stealth Rock
|-ability|p2a: Landorus|Intimidate|boost
|-unboost|p1a: DK did it first|atk|1
|turn|12
|
|t:|1652370451
|move|p1a: DK did it first|Grassy Glide|p2a: Landorus
|-damage|p2a: Landorus|0 fnt
|faint|p2a: Landorus
|
|-heal|p1a: DK did it first|64/100|[from] Grassy Terrain
|-fieldend|move: Grassy Terrain
|upkeep
|
|t:|1652370460
|switch|p2a: Zapdos|Zapdos-Galar|100/100
|-damage|p2a: Zapdos|88/100|[from] Stealth Rock
|turn|13
|
|t:|1652370478
|switch|p1a: Okage|Gengar, F|100/100
|move|p2a: Zapdos|Bulk Up|p2a: Zapdos
|-boost|p2a: Zapdos|atk|1
|-boost|p2a: Zapdos|def|1
|
|upkeep
|turn|14
|
|t:|1652370485
|move|p1a: Okage|Shadow Ball|p2a: Zapdos
|-damage|p2a: Zapdos|44/100
|move|p2a: Zapdos|Agility|p2a: Zapdos
|-boost|p2a: Zapdos|spe|2
|
|upkeep
|turn|15
|
|t:|1652370490
|move|p2a: Zapdos|Drill Peck|p1a: Okage
|-enditem|p1a: Okage|Focus Sash
|-damage|p1a: Okage|1/100
|move|p1a: Okage|Shadow Ball|p2a: Zapdos
|-damage|p2a: Zapdos|6/100
|
|upkeep
|turn|16
|
|t:|1652370496
|move|p2a: Zapdos|Drill Peck|p1a: Okage
|-damage|p1a: Okage|0 fnt
|faint|p1a: Okage
|
|upkeep
|
|t:|1652370499
|switch|p1a: MagicConch|Cloyster, M|100/100
|turn|17
|
|t:|1652370501
|move|p1a: MagicConch|Ice Shard|p2a: Zapdos
|-supereffective|p2a: Zapdos
|-damage|p2a: Zapdos|0 fnt
|faint|p2a: Zapdos
|
|upkeep
|
|t:|1652370505
|switch|p2a: Tapu Fini|Tapu Fini|100/100
|-damage|p2a: Tapu Fini|88/100|[from] Stealth Rock
|-damage|p2a: Tapu Fini|63/100|[from] Spikes
|-fieldstart|move: Misty Terrain|[from] ability: Misty Surge|[of] p2a: Tapu Fini
|turn|18
|
|t:|1652370511
|switch|p1a: DK did it first|Rillaboom, M|64/100
|-fieldstart|move: Grassy Terrain|[from] ability: Grassy Surge|[of] p1a: DK did it first
|move|p2a: Tapu Fini|Defog|p1a: DK did it first
|-unboost|p1a: DK did it first|evasion|1
|-sideend|p2: JooshP|Spikes|[from] move: Defog|[of] p2a: Tapu Fini
|-sideend|p2: JooshP|Stealth Rock|[from] move: Defog|[of] p2a: Tapu Fini
|-fieldend|move: Grassy Terrain
|
|-heal|p2a: Tapu Fini|69/100|[from] item: Leftovers
|upkeep
|turn|19
|
|t:|1652370516
|move|p1a: DK did it first|Grassy Glide|p2a: Tapu Fini
|-supereffective|p2a: Tapu Fini
|-damage|p2a: Tapu Fini|0 fnt
|faint|p2a: Tapu Fini
|
|upkeep
|
|t:|1652370520
|switch|p2a: Dragapult|Dragapult, M|100/100
|turn|20
|
|t:|1652370529
|switch|p1a: Zero|Bisharp, F|100/100
|move|p2a: Dragapult|Flamethrower|p1a: Zero
|-supereffective|p1a: Zero
|-damage|p1a: Zero|0 fnt
|faint|p1a: Zero
|
|upkeep
|j| Djjduddh
|
|t:|1652370542
|switch|p1a: MagicConch|Cloyster, M|100/100
|turn|21
|
|t:|1652370544
|move|p2a: Dragapult|Flamethrower|p1a: MagicConch
|-damage|p1a: MagicConch|2/100
|move|p1a: MagicConch|Shell Smash|p1a: MagicConch
|-unboost|p1a: MagicConch|def|1
|-unboost|p1a: MagicConch|spd|1
|-boost|p1a: MagicConch|atk|2
|-boost|p1a: MagicConch|spa|2
|-boost|p1a: MagicConch|spe|2
|
|upkeep
|turn|22
|l| Djjduddh
|
|t:|1652370549
|move|p1a: MagicConch|Ice Shard|p2a: Dragapult
|-supereffective|p2a: Dragapult
|-damage|p2a: Dragapult|1/100
|move|p2a: Dragapult|Flamethrower|p1a: MagicConch
|-damage|p1a: MagicConch|0 fnt
|faint|p1a: MagicConch
|
|upkeep
|j| LT_Alt1
|
|t:|1652370553
|switch|p1a: DK did it first|Rillaboom, M|64/100
|-fieldstart|move: Grassy Terrain|[from] ability: Grassy Surge|[of] p1a: DK did it first
|turn|23
|
|t:|1652370559
|move|p1a: DK did it first|Grassy Glide|p2a: Dragapult
|-resisted|p2a: Dragapult
|-damage|p2a: Dragapult|0 fnt
|faint|p2a: Dragapult
|
|-heal|p1a: DK did it first|71/100|[from] Grassy Terrain
|upkeep
|
|t:|1652370561
|switch|p2a: Crawdaunt|Crawdaunt, M|100/100
|turn|24
|c|☆animecleavage|gg
|
|t:|1652370567
|move|p1a: DK did it first|Grassy Glide|p2a: Crawdaunt
|-supereffective|p2a: Crawdaunt
|-damage|p2a: Crawdaunt|0 fnt
|faint|p2a: Crawdaunt
|
|win|animecleavage
|raw|animecleavage's rating: 1708 &rarr; <strong>1732</strong><br />(+24 for winning)
|raw|JooshP's rating: 1777 &rarr; <strong>1753</strong><br />(-24 for losing)
|c|☆JooshP|Gg
|l|☆JooshP
||Ladder isn't responding, score probably updated but might not have (Request timeout).
