|raw|<div class="broadcast-blue"><strong>This battle is required to be public due to a player having a name prefixed by 'LT72MS'.</div>
|j|☆LT72MS ABR
|j|☆Rorschach I
|t:|1597940734
|player|p1|LT72MS ABR|hilbert-dueldisk|1943
|player|p2|Rorschach I|cynthia|1845
|teamsize|p1|6
|teamsize|p2|6
|gametype|singles
|gen|8
|tier|[Gen 8] OU
|rated|
|clearpoke
|poke|p1|Ditto|
|poke|p1|Hippowdon, M|
|poke|p1|Toxapex, M|
|poke|p1|Skarmory, M|
|poke|p1|Clefable, F|
|poke|p1|Kyurem|
|poke|p2|Pelipper, F|
|poke|p2|Tangrowth, F|
|poke|p2|Zeraora|
|poke|p2|Urshifu-*, F|
|poke|p2|Excadrill, M|
|poke|p2|Toxapex, F|
|rule|Sleep Clause Mod: Limit one foe put to sleep
|rule|Species Clause: Limit one of each Pokémon
|rule|OHKO Clause: OHKO moves are banned
|rule|Evasion Moves Clause: Evasion moves are banned
|rule|Endless Battle Clause: Forcing endless battles is banned
|rule|HP Percentage Mod: HP is shown in percentages
|rule|Dynamax Clause: You cannot dynamax
|teampreview
|j| LT72MS Sacri'
|j| damn·com
|j| Bloodclat
|j| NewZoPw4
|j|+playerW17
|j| Mannat
|j| TheOnlyGhads
|j| azmpla
|j| egalvanc
|j| betostorm
|j| Eternal Spirit
|j| lt72msleo
|j| Treyvion
|l| betostorm
|l| Treyvion
|j| lt72ms pj
|l|mannat
|j| LT72MS dTM
|j| SOULWIND
|j| lt72ms empo
|j| Nathaaan♦
|j| LT72MS Ox
|c|☆LT72MS ABR|hf
|j| koko koala bear
|j| LT72MS Hiro
|j| LT71X PAPA PIA
|
|t:|1597940769
|start
|switch|p1a: Toxapex|Toxapex, M|100/100
|switch|p2a: Toxapex|Toxapex, F|100/100
|turn|1
|c|☆Rorschach I|u2
|j| King Majunior
|
|t:|1597940779
|move|p2a: Toxapex|Knock Off|p1a: Toxapex
|-damage|p1a: Toxapex|91/100
|-enditem|p1a: Toxapex|Black Sludge|[from] move: Knock Off|[of] p2a: Toxapex
|move|p1a: Toxapex|Knock Off|p2a: Toxapex
|-damage|p2a: Toxapex|87/100
|-damage|p1a: Toxapex|74/100|[from] item: Rocky Helmet|[of] p2a: Toxapex
|-enditem|p2a: Toxapex|Rocky Helmet|[from] move: Knock Off|[of] p1a: Toxapex
|
|upkeep
|turn|2
|
|t:|1597940789
|move|p2a: Toxapex|Scald|p1a: Toxapex
|-resisted|p1a: Toxapex
|-damage|p1a: Toxapex|69/100
|move|p1a: Toxapex|Scald|p2a: Toxapex
|-resisted|p2a: Toxapex
|-damage|p2a: Toxapex|82/100
|
|upkeep
|turn|3
|j| LT72MS ade50
|l| Nathaaan♦
|j| MS3D
|
|t:|1597940800
|move|p2a: Toxapex|Scald|p1a: Toxapex
|-resisted|p1a: Toxapex
|-damage|p1a: Toxapex|64/100
|move|p1a: Toxapex|Scald|p2a: Toxapex
|-resisted|p2a: Toxapex
|-damage|p2a: Toxapex|77/100
|
|upkeep
|turn|4
|
|t:|1597940805
|move|p2a: Toxapex|Scald|p1a: Toxapex
|-resisted|p1a: Toxapex
|-damage|p1a: Toxapex|59/100
|move|p1a: Toxapex|Scald|p2a: Toxapex
|-resisted|p2a: Toxapex
|-damage|p2a: Toxapex|72/100
|
|upkeep
|turn|5
|
|t:|1597940810
|move|p2a: Toxapex|Scald|p1a: Toxapex
|-resisted|p1a: Toxapex
|-damage|p1a: Toxapex|54/100
|-status|p1a: Toxapex|brn
|move|p1a: Toxapex|Scald|p2a: Toxapex
|-resisted|p2a: Toxapex
|-damage|p2a: Toxapex|67/100
|
|-damage|p1a: Toxapex|48/100 brn|[from] brn
|upkeep
|turn|6
|l|+playerW17
|j| peap ✿ odc
|j| got cookies
|
|t:|1597940829
|switch|p2a: Pelipper|Pelipper, F|100/100
|-weather|RainDance|[from] ability: Drizzle|[of] p2a: Pelipper
|move|p1a: Toxapex|Knock Off|p2a: Pelipper
|-damage|p2a: Pelipper|90/100
|-enditem|p2a: Pelipper|Choice Specs|[from] move: Knock Off|[of] p1a: Toxapex
|
|-weather|RainDance|[upkeep]
|-damage|p1a: Toxapex|41/100 brn|[from] brn
|upkeep
|turn|7
|j| lt72ms bk
|
|t:|1597940834
|move|p2a: Pelipper|Hurricane|p1a: Toxapex
|-damage|p1a: Toxapex|9/100 brn
|move|p1a: Toxapex|Recover|p1a: Toxapex
|-heal|p1a: Toxapex|59/100 brn
|
|-weather|RainDance|[upkeep]
|-damage|p1a: Toxapex|53/100 brn|[from] brn
|upkeep
|turn|8
|j| lt71lx croo
|j| maskun
|j| wyn
|j| Fylkir Pudin
|
|t:|1597940839
|move|p2a: Pelipper|U-turn|p1a: Toxapex
|-resisted|p1a: Toxapex
|-damage|p1a: Toxapex|50/100 brn
|l| maskun
|j| Maki's Fox
|j| izaya
|
|t:|1597940846
|switch|p2a: Excadrill|Excadrill, M|100/100|[from]move: U-turn
|-ability|p2a: Excadrill|Mold Breaker
|move|p1a: Toxapex|Recover|p1a: Toxapex
|-heal|p1a: Toxapex|99/100 brn
|
|-weather|RainDance|[upkeep]
|-damage|p1a: Toxapex|94/100 brn|[from] brn
|upkeep
|turn|9
|j| Jahkem
|j| Juseth sepulveda
|
|t:|1597940849
|switch|p1a: Skarmory|Skarmory, M|100/100
|move|p2a: Excadrill|Stealth Rock|p1a: Skarmory
|-sidestart|p1: LT72MS ABR|move: Stealth Rock
|
|-weather|RainDance|[upkeep]
|upkeep
|turn|10
|j| horadobos
|
|t:|1597940853
|switch|p2a: Zeraora|Zeraora|100/100
|move|p1a: Skarmory|Spikes|p2a: Zeraora
|-sidestart|p2: Rorschach I|Spikes
|
|-weather|none
|upkeep
|turn|11
|j| rult3ro ngannou
|j| Theo Mani Fan Club
|j| roxiee
|
|t:|1597940861
|switch|p1a: Toxapex|Toxapex, M|100/100 brn
|-damage|p1a: Toxapex|88/100 brn|[from] Stealth Rock
|move|p2a: Zeraora|Grass Knot|p1a: Toxapex
|-damage|p1a: Toxapex|81/100 brn
|
|-damage|p1a: Toxapex|75/100 brn|[from] brn
|upkeep
|turn|12
|
|t:|1597940864
|switch|p1a: Hippowdon|Hippowdon, M|100/100
|-weather|Sandstorm|[from] ability: Sand Stream|[of] p1a: Hippowdon
|move|p2a: Zeraora|Thunder|p1a: Hippowdon
|-immune|p1a: Hippowdon
|
|-weather|Sandstorm|[upkeep]
|-damage|p2a: Zeraora|95/100|[from] Sandstorm
|upkeep
|turn|13
|c| roxiee|GO ABRR
|j| Corckscrew❤️
|c| roxiee|<3
|
|t:|1597940869
|switch|p2a: Pelipper|Pelipper, F|90/100
|-weather|RainDance|[from] ability: Drizzle|[of] p2a: Pelipper
|move|p1a: Hippowdon|Stealth Rock|p2a: Pelipper
|-sidestart|p2: Rorschach I|move: Stealth Rock
|
|-weather|RainDance|[upkeep]
|upkeep
|turn|14
|j| Lotus64
|
|t:|1597940873
|switch|p1a: Toxapex|Toxapex, M|100/100 brn
|-damage|p1a: Toxapex|88/100 brn|[from] Stealth Rock
|move|p2a: Pelipper|U-turn|p1a: Toxapex
|-resisted|p1a: Toxapex
|-damage|p1a: Toxapex|85/100 brn
|l| Maki's Fox
|
|t:|1597940879
|switch|p2a: Excadrill|Excadrill, M|100/100|[from]move: U-turn
|-damage|p2a: Excadrill|88/100|[from] Spikes
|-damage|p2a: Excadrill|85/100|[from] Stealth Rock
|-ability|p2a: Excadrill|Mold Breaker
|
|-weather|RainDance|[upkeep]
|-heal|p2a: Excadrill|91/100|[from] item: Leftovers
|-damage|p1a: Toxapex|78/100 brn|[from] brn
|upkeep
|turn|15
|j| toytean
|
|t:|1597940883
|switch|p1a: Skarmory|Skarmory, M|100/100
|-damage|p1a: Skarmory|88/100|[from] Stealth Rock
|move|p2a: Excadrill|Rapid Spin|p1a: Skarmory
|-resisted|p1a: Skarmory
|-damage|p1a: Skarmory|84/100
|-boost|p2a: Excadrill|spe|1
|-damage|p2a: Excadrill|74/100|[from] item: Rocky Helmet|[of] p1a: Skarmory
|-sideend|p2: Rorschach I|Spikes|[from] move: Rapid Spin|[of] p2a: Excadrill
|-sideend|p2: Rorschach I|Stealth Rock|[from] move: Rapid Spin|[of] p2a: Excadrill
|
|-weather|RainDance|[upkeep]
|-heal|p2a: Excadrill|81/100|[from] item: Leftovers
|upkeep
|turn|16
|j| UUJ654321
|
|t:|1597940891
|switch|p2a: Zeraora|Zeraora|95/100
|move|p1a: Skarmory|Spikes|p2a: Zeraora
|-sidestart|p2: Rorschach I|Spikes
|
|-weather|RainDance|[upkeep]
|upkeep
|turn|17
|j| OMNIAx
|
|t:|1597940895
|switch|p1a: Hippowdon|Hippowdon, M|100/100
|-weather|Sandstorm|[from] ability: Sand Stream|[of] p1a: Hippowdon
|move|p2a: Zeraora|Thunder|p1a: Hippowdon
|-immune|p1a: Hippowdon
|
|-weather|Sandstorm|[upkeep]
|-damage|p2a: Zeraora|89/100|[from] Sandstorm
|upkeep
|turn|18
|
|t:|1597940899
|move|p2a: Zeraora|Grass Knot|p1a: Hippowdon
|-supereffective|p1a: Hippowdon
|-damage|p1a: Hippowdon|51/100
|move|p1a: Hippowdon|Earthquake|p2a: Zeraora
|-supereffective|p2a: Zeraora
|-damage|p2a: Zeraora|0 fnt
|faint|p2a: Zeraora
|
|-weather|Sandstorm|[upkeep]
|upkeep
|j| Elodie
|l| Lotus64
|j| lartedipissog
|c|☆Rorschach I|wp
|l| lartedipissog
|-message|Rorschach I forfeited.
|
|win|LT72MS ABR
|l|☆Rorschach I
|c|☆LT72MS ABR|ty
|l| horadobos
|c|☆LT72MS ABR|g
|c|☆LT72MS ABR|g
|l| LT71X PAPA PIA
|l| izaya
|c| roxiee|gg
|l|☆LT72MS ABR
|l| roxiee
|l| King Majunior
|l| Jahkem
|l| azmpla
|l| LT72MS dTM
|l| Elodie
|j| seanah
|l| TheOnlyGhads
|l| got cookies
||Ladder (probably) updated, but score could not be retrieved (Request timeout).
|l| wyn
|l| Bloodclat
|l| LT72MS Hiro
|l| seanah
|l| egalvanc
|l| LT72MS Sacri'
|l| koko koala bear
|j| uuj6 zxc
|l| LT72MS ade50
|l| MS3D
|l| lt71lx croo
|l| lt72ms bk
|l| NewZoPw4
|l| Juseth sepulveda
|l| lt72ms empo
|l| lt72msleo
|j| seanah
|l| SOULWIND
|l| seanah
|n| peap ✿ odc|peapodc
|j| SirRowKneeUS
|l| uuj6 zxc
|n| peap ✿ odc|peapodc
|n| OMNIAx|omniax
|n| OmNiAx|omniax
|l| SirRowKneeUS
|n| OMMNIAX|omniax
|n| Omniax|ommniax
|l| peap ✿ odc
|l| rult3ro ngannou
|l| UUJ654321
|l| LT72MS Ox
|l| lt72ms pj
|l| toytean
|l| Eternal Spirit
|l| damn·com
|l| Omniax
|l| Theo Mani Fan Club
|l| Fylkir Pudin
