|raw|<div class="broadcast-blue"><strong>This battle is required to be public due to a player having a name starting with 'lt91bb'.</div>
|j|☆JooshP
|j|☆LT91BB N
|t:|1659002677
|gametype|singles
|player|p1|JooshP|red|1769
|player|p2|LT91BB N|blue-gen3|1818
|teamsize|p1|6
|teamsize|p2|6
|gen|8
|tier|[Gen 8] OU
|rated|
|rule|Sleep Clause Mod: Limit one foe put to sleep
|rule|Species Clause: Limit one of each Pokémon
|rule|OHKO Clause: OHKO moves are banned
|rule|Evasion Moves Clause: Evasion moves are banned
|rule|Endless Battle Clause: Forcing endless battles is banned
|rule|HP Percentage Mod: HP is shown in percentages
|rule|Dynamax Clause: You cannot dynamax
|clearpoke
|poke|p1|Gengar, F|
|poke|p1|Melmetal|
|poke|p1|Tornadus-Therian, M|
|poke|p1|Ferrothorn, M|
|poke|p1|Swampert, M|
|poke|p1|Rillaboom, F|
|poke|p2|Dragapult, F|
|poke|p2|Mew|
|poke|p2|Scizor, M|
|poke|p2|Blaziken, F|
|poke|p2|Garchomp, M|
|poke|p2|Weavile, F|
|teampreview
|inactive|Battle timer is ON: inactive players will automatically lose when time's up. (requested by LT91BB N)
|
|t:|1659002694
|start
|switch|p1a: Tornadus|Tornadus-Therian, M|100/100
|switch|p2a: Weavile|Weavile, F|100/100
|-ability|p2a: Weavile|Pressure
|turn|1
|
|t:|1659002699
|switch|p1a: Ferrothorn|Ferrothorn, M|100/100
|move|p2a: Weavile|Knock Off|p1a: Ferrothorn
|-damage|p1a: Ferrothorn|66/100
|-damage|p2a: Weavile|88/100|[from] ability: Iron Barbs|[of] p1a: Ferrothorn
|-enditem|p1a: Ferrothorn|Leftovers|[from] move: Knock Off|[of] p2a: Weavile
|-damage|p2a: Weavile|78/100|[from] item: Life Orb
|
|upkeep
|turn|2
|
|t:|1659002702
|switch|p2a: Blaziken|Blaziken, F|100/100
|-item|p2a: Blaziken|Air Balloon
|move|p1a: Ferrothorn|Leech Seed|p2a: Blaziken|[miss]
|-miss|p1a: Ferrothorn|p2a: Blaziken
|
|upkeep
|turn|3
|
|t:|1659002714
|move|p2a: Blaziken|Swords Dance|p2a: Blaziken
|-boost|p2a: Blaziken|atk|2
|move|p1a: Ferrothorn|Gyro Ball|p2a: Blaziken
|-resisted|p2a: Blaziken
|-damage|p2a: Blaziken|66/100
|-enditem|p2a: Blaziken|Air Balloon
|
|-ability|p2a: Blaziken|Speed Boost|boost
|-boost|p2a: Blaziken|spe|1
|upkeep
|turn|4
|j| Chiharu haru
|j| LT91BBYoruVelaNoxx
|j| Akany
|j| egal★vanc
|j| wwalker007
|
|t:|1659002740
|move|p2a: Blaziken|Close Combat|p1a: Ferrothorn
|-supereffective|p1a: Ferrothorn
|-damage|p1a: Ferrothorn|0 fnt
|-unboost|p2a: Blaziken|def|1
|-unboost|p2a: Blaziken|spd|1
|-damage|p2a: Blaziken|53/100|[from] ability: Iron Barbs|[of] p1a: Ferrothorn
|faint|p1a: Ferrothorn
|
|-ability|p2a: Blaziken|Speed Boost|boost
|-boost|p2a: Blaziken|spe|1
|upkeep
|
|t:|1659002742
|switch|p1a: Gengar|Gengar, F|100/100
|turn|5
|
|t:|1659002746
|move|p2a: Blaziken|Flare Blitz|p1a: Gengar
|-enditem|p1a: Gengar|Focus Sash
|-damage|p1a: Gengar|1/100
|-damage|p2a: Blaziken|25/100|[from] Recoil
|move|p1a: Gengar|Shadow Ball|p2a: Blaziken
|-damage|p2a: Blaziken|0 fnt
|faint|p2a: Blaziken
|
|upkeep
|j| Cue the applause
|
|t:|1659002755
|switch|p2a: Dragapult|Dragapult, F|100/100
|turn|6
|
|t:|1659002758
|move|p2a: Dragapult|Shadow Ball|p1a: Gengar
|-supereffective|p1a: Gengar
|-damage|p1a: Gengar|0 fnt
|faint|p1a: Gengar
|
|upkeep
|
|t:|1659002761
|switch|p1a: Swampert|Swampert, M|100/100
|turn|7
|
|t:|1659002763
|switch|p2a: Garchomp|Garchomp, M|100/100
|move|p1a: Swampert|Stealth Rock|p2a: Garchomp
|-sidestart|p2: LT91BB N|move: Stealth Rock
|
|upkeep
|turn|8
|
|t:|1659002769
|move|p2a: Garchomp|Stealth Rock|p1a: Swampert
|-sidestart|p1: JooshP|move: Stealth Rock
|move|p1a: Swampert|Toxic|p2a: Garchomp
|-status|p2a: Garchomp|tox
|
|-damage|p2a: Garchomp|94/100 tox|[from] psn
|upkeep
|turn|9
|j| Mimikyu Stardust
|
|t:|1659002773
|switch|p1a: Tornadus|Tornadus-Therian, M|100/100
|move|p2a: Garchomp|Earthquake|p1a: Tornadus
|-immune|p1a: Tornadus
|
|-damage|p2a: Garchomp|82/100 tox|[from] psn
|upkeep
|turn|10
|
|t:|1659002776
|move|p1a: Tornadus|Knock Off|p2a: Garchomp
|-damage|p2a: Garchomp|62/100 tox
|-damage|p1a: Tornadus|88/100|[from] ability: Rough Skin|[of] p2a: Garchomp
|-enditem|p2a: Garchomp|Life Orb|[from] move: Knock Off|[of] p1a: Tornadus
|move|p2a: Garchomp|Outrage|p1a: Tornadus
|-damage|p1a: Tornadus|11/100
|
|-damage|p2a: Garchomp|43/100 tox|[from] psn
|upkeep
|turn|11
|
|t:|1659002785
|switch|p1a: Melmetal|Melmetal|100/100
|-damage|p1a: Melmetal|94/100|[from] Stealth Rock
|move|p2a: Garchomp|Outrage|p1a: Melmetal|[from]lockedmove
|-resisted|p1a: Melmetal
|-damage|p1a: Melmetal|78/100
|
|-damage|p2a: Garchomp|19/100 tox|[from] psn
|upkeep
|turn|12
|j| sokrovishche
|
|t:|1659002795
|switch|p1a: Tornadus|Tornadus-Therian, M|44/100
|move|p2a: Garchomp|Outrage|p1a: Tornadus|[from]lockedmove
|-damage|p1a: Tornadus|0 fnt
|faint|p1a: Tornadus
|-start|p2a: Garchomp|confusion|[fatigue]
|
|-damage|p2a: Garchomp|0 fnt|[from] psn
|faint|p2a: Garchomp
|upkeep
|j| odin77
|
|t:|1659002809
|switch|p1a: Melmetal|Melmetal|78/100
|switch|p2a: Mew|Mew|100/100
|-damage|p2a: Mew|88/100|[from] Stealth Rock
|-damage|p1a: Melmetal|72/100|[from] Stealth Rock
|turn|13
|
|t:|1659002813
|switch|p1a: Swampert|Swampert, M|100/100
|-damage|p1a: Swampert|94/100|[from] Stealth Rock
|move|p2a: Mew|Earthquake|p1a: Swampert
|-damage|p1a: Swampert|57/100
|-damage|p2a: Mew|78/100|[from] item: Life Orb
|
|-heal|p1a: Swampert|64/100|[from] item: Leftovers
|upkeep
|turn|14
|
|t:|1659002817
|move|p2a: Mew|Spikes|p1a: Swampert
|-sidestart|p1: JooshP|Spikes
|move|p1a: Swampert|Earthquake|p2a: Mew
|-crit|p2a: Mew
|-damage|p2a: Mew|22/100
|
|-heal|p1a: Swampert|70/100|[from] item: Leftovers
|upkeep
|turn|15
|l| Chiharu haru
|j| antarctozolt
|
|t:|1659002829
|move|p2a: Mew|Earthquake|p1a: Swampert
|-damage|p1a: Swampert|36/100
|-damage|p2a: Mew|12/100|[from] item: Life Orb
|move|p1a: Swampert|Earthquake|p2a: Mew
|-damage|p2a: Mew|0 fnt
|faint|p2a: Mew
|
|-heal|p1a: Swampert|42/100|[from] item: Leftovers
|upkeep
|
|t:|1659002834
|switch|p2a: Weavile|Weavile, F|78/100
|-damage|p2a: Weavile|53/100|[from] Stealth Rock
|-ability|p2a: Weavile|Pressure
|turn|16
|
|t:|1659002841
|move|p2a: Weavile|Knock Off|p1a: Swampert
|-damage|p1a: Swampert|0 fnt
|-enditem|p1a: Swampert|Leftovers|[from] move: Knock Off|[of] p2a: Weavile
|faint|p1a: Swampert
|-damage|p2a: Weavile|43/100|[from] item: Life Orb
|
|upkeep
|
|t:|1659002842
|switch|p1a: Rillaboom|Rillaboom, F|100/100
|-damage|p1a: Rillaboom|88/100|[from] Stealth Rock
|-damage|p1a: Rillaboom|76/100|[from] Spikes
|-fieldstart|move: Grassy Terrain|[from] ability: Grassy Surge|[of] p1a: Rillaboom
|turn|17
|
|t:|1659002845
|move|p2a: Weavile|Ice Shard|p1a: Rillaboom
|-supereffective|p1a: Rillaboom
|-damage|p1a: Rillaboom|20/100
|-damage|p2a: Weavile|33/100|[from] item: Life Orb
|move|p1a: Rillaboom|Grassy Glide|p2a: Weavile
|-damage|p2a: Weavile|0 fnt
|faint|p2a: Weavile
|-damage|p1a: Rillaboom|10/100|[from] item: Life Orb
|
|-heal|p1a: Rillaboom|16/100|[from] Grassy Terrain
|upkeep
|
|t:|1659002851
|switch|p2a: Dragapult|Dragapult, F|100/100
|-damage|p2a: Dragapult|88/100|[from] Stealth Rock
|turn|18
|
|t:|1659002854
|move|p1a: Rillaboom|Grassy Glide|p2a: Dragapult
|-resisted|p2a: Dragapult
|-damage|p2a: Dragapult|44/100
|-damage|p1a: Rillaboom|6/100|[from] item: Life Orb
|move|p2a: Dragapult|Shadow Ball|p1a: Rillaboom
|-damage|p1a: Rillaboom|0 fnt
|faint|p1a: Rillaboom
|
|-heal|p2a: Dragapult|50/100|[from] Grassy Terrain
|upkeep
|
|t:|1659002857
|switch|p1a: Melmetal|Melmetal|72/100
|-damage|p1a: Melmetal|66/100|[from] Stealth Rock
|-damage|p1a: Melmetal|54/100|[from] Spikes
|turn|19
|
|t:|1659002865
|move|p2a: Dragapult|Fire Blast|p1a: Melmetal
|-supereffective|p1a: Melmetal
|-damage|p1a: Melmetal|0 fnt
|faint|p1a: Melmetal
|
|win|LT91BB N
|raw|JooshP's rating: 1769 &rarr; <strong>1752</strong><br />(-17 for losing)
|raw|LT91BB N's rating: 1818 &rarr; <strong>1835</strong><br />(+17 for winning)
|j| goats counter
|c|☆JooshP|gg
|c|☆LT91BB N|Gg
|l| egal★vanc
|l| Akany
|l|☆LT91BB N
|j| uu12a gold
|l|☆JooshP
|l| LT91BBYoruVelaNoxx
|j| Akany
|l| Akany
|j| kiraseido
|l| wwalker007
|l| odin77
|l| kiraseido
|l| goats counter
|l| sokrovishche
|j| d18l
|l| d18l
|l| uu12a gold
|l| Mimikyu Stardust
|j| Prinz
|l| Prinz
