|raw|<div class="broadcast-blue"><strong>This battle is required to be public due to a player having a name starting with 'lt93oq'.</div>
|j|☆Hostile Takeovers
|j|☆LT93OQ #savetf2
|t:|1660891451
|gametype|singles
|player|p1|Hostile Takeovers|giovanni-gen3|1722
|player|p2|LT93OQ #savetf2|maid-gen4|1765
|teamsize|p1|6
|teamsize|p2|6
|gen|8
|tier|[Gen 8] OU
|rated|
|rule|Sleep Clause Mod: Limit one foe put to sleep
|rule|Species Clause: Limit one of each Pokémon
|rule|OHKO Clause: OHKO moves are banned
|rule|Evasion Items Clause: Evasion items are banned
|rule|Evasion Moves Clause: Evasion moves are banned
|rule|Endless Battle Clause: Forcing endless battles is banned
|rule|HP Percentage Mod: HP is shown in percentages
|rule|Dynamax Clause: You cannot dynamax
|clearpoke
|poke|p1|Dragonite, F|
|poke|p1|Ferrothorn, F|
|poke|p1|Clefable, M|
|poke|p1|Heatran, F|
|poke|p1|Rillaboom, M|
|poke|p1|Zapdos|
|poke|p2|Blacephalon|
|poke|p2|Weavile, M|
|poke|p2|Landorus-Therian, M|
|poke|p2|Ferrothorn, M|
|poke|p2|Rotom-Wash|
|poke|p2|Dragapult, M|
|teampreview
|inactive|Battle timer is ON: inactive players will automatically lose when time's up. (requested by Hostile Takeovers)
|
|t:|1660891467
|start
|switch|p1a: Ally|Rillaboom, M|100/100
|switch|p2a: Weavile|Weavile, M|100/100
|-ability|p2a: Weavile|Pressure
|-fieldstart|move: Grassy Terrain|[from] ability: Grassy Surge|[of] p1a: Ally
|turn|1
|
|t:|1660891477
|switch|p1a: Companion|Clefable, M|100/100
|move|p2a: Weavile|Beat Up|p1a: Companion
|-resisted|p1a: Companion
|-damage|p1a: Companion|95/100
|-resisted|p1a: Companion
|-damage|p1a: Companion|90/100
|-resisted|p1a: Companion
|-damage|p1a: Companion|84/100
|-resisted|p1a: Companion
|-damage|p1a: Companion|79/100
|-resisted|p1a: Companion
|-damage|p1a: Companion|76/100
|-resisted|p1a: Companion
|-crit|p1a: Companion
|-damage|p1a: Companion|67/100
|-hitcount|p1a: Companion|6
|
|-heal|p1a: Companion|73/100|[from] Grassy Terrain
|-heal|p1a: Companion|80/100|[from] item: Leftovers
|upkeep
|turn|2
|
|t:|1660891485
|switch|p2a: Blacephalon|Blacephalon|100/100
|move|p1a: Companion|Stealth Rock|p2a: Blacephalon
|-sidestart|p2: LT93OQ #savetf2|move: Stealth Rock
|
|-heal|p1a: Companion|86/100|[from] Grassy Terrain
|-heal|p1a: Companion|92/100|[from] item: Leftovers
|upkeep
|turn|3
|
|t:|1660891488
|switch|p1a: Comrade|Heatran, F|100/100
|move|p2a: Blacephalon|Trick|p1a: Comrade
|-activate|p2a: Blacephalon|move: Trick|[of] p1a: Comrade
|-item|p1a: Comrade|Choice Scarf|[from] move: Trick
|-item|p2a: Blacephalon|Leftovers|[from] move: Trick
|
|upkeep
|turn|4
|
|t:|1660891501
|switch|p2a: Landorus|Landorus-Therian, M|100/100
|-damage|p2a: Landorus|88/100|[from] Stealth Rock
|-ability|p2a: Landorus|Intimidate|boost
|-unboost|p1a: Comrade|atk|1
|switch|p1a: Companion|Clefable, M|92/100
|
|-heal|p2a: Landorus|94/100|[from] item: Leftovers
|-heal|p1a: Companion|98/100|[from] Grassy Terrain
|-heal|p1a: Companion|100/100|[from] item: Leftovers
|upkeep
|turn|5
|
|t:|1660891511
|move|p2a: Landorus|Defog|p1a: Companion
|-unboost|p1a: Companion|evasion|1
|-sideend|p2: LT93OQ #savetf2|Stealth Rock|[from] move: Defog|[of] p2a: Landorus
|-fieldend|move: Grassy Terrain
|move|p1a: Companion|Moonblast|p2a: Landorus
|-damage|p2a: Landorus|72/100
|-unboost|p2a: Landorus|spa|1
|
|-heal|p2a: Landorus|78/100|[from] item: Leftovers
|upkeep
|turn|6
|
|t:|1660891526
|move|p2a: Landorus|Earthquake|p1a: Companion
|-damage|p1a: Companion|64/100
|move|p1a: Companion|Stealth Rock|p2a: Landorus
|-sidestart|p2: LT93OQ #savetf2|move: Stealth Rock
|
|-heal|p2a: Landorus|84/100|[from] item: Leftovers
|-heal|p1a: Companion|70/100|[from] item: Leftovers
|upkeep
|turn|7
|
|t:|1660891533
|move|p2a: Landorus|Earthquake|p1a: Companion
|-damage|p1a: Companion|31/100
|move|p1a: Companion|Moonblast|p2a: Landorus
|-damage|p2a: Landorus|62/100
|
|-heal|p2a: Landorus|68/100|[from] item: Leftovers
|-heal|p1a: Companion|37/100|[from] item: Leftovers
|upkeep
|turn|8
|
|t:|1660891542
|switch|p1a: Ally|Rillaboom, M|100/100
|-fieldstart|move: Grassy Terrain|[from] ability: Grassy Surge|[of] p1a: Ally
|move|p2a: Landorus|Earthquake|p1a: Ally
|-resisted|p1a: Ally
|-damage|p1a: Ally|88/100
|
|-heal|p1a: Ally|94/100|[from] Grassy Terrain
|-heal|p2a: Landorus|74/100|[from] item: Leftovers
|upkeep
|turn|9
|
|t:|1660891548
|move|p1a: Ally|Grassy Glide|p2a: Landorus
|-damage|p2a: Landorus|6/100
|move|p2a: Landorus|U-turn|p1a: Ally
|-supereffective|p1a: Ally
|-damage|p1a: Ally|44/100
|
|t:|1660891562
|switch|p2a: Ferrothorn|Ferrothorn, M|100/100|[from]move: U-turn
|-damage|p2a: Ferrothorn|95/100|[from] Stealth Rock
|
|-heal|p1a: Ally|51/100|[from] Grassy Terrain
|-heal|p2a: Ferrothorn|100/100|[from] Grassy Terrain
|upkeep
|turn|10
|
|t:|1660891576
|switch|p1a: Companion|Clefable, M|37/100
|move|p2a: Ferrothorn|Stealth Rock|p1a: Companion
|-sidestart|p1: Hostile Takeovers|move: Stealth Rock
|
|-heal|p1a: Companion|43/100|[from] Grassy Terrain
|-heal|p1a: Companion|49/100|[from] item: Leftovers
|upkeep
|turn|11
|
|t:|1660891583
|switch|p2a: Blacephalon|Blacephalon|100/100
|-damage|p2a: Blacephalon|76/100|[from] Stealth Rock
|move|p1a: Companion|Soft-Boiled|p1a: Companion
|-heal|p1a: Companion|99/100
|
|-heal|p2a: Blacephalon|82/100|[from] Grassy Terrain
|-heal|p2a: Blacephalon|88/100|[from] item: Leftovers
|-heal|p1a: Companion|100/100|[from] Grassy Terrain
|upkeep
|turn|12
|
|t:|1660891589
|move|p2a: Blacephalon|Shadow Ball|p1a: Companion
|-damage|p1a: Companion|59/100
|-unboost|p1a: Companion|spd|1
|move|p1a: Companion|Thunder Wave|p2a: Blacephalon
|-status|p2a: Blacephalon|par
|
|-heal|p2a: Blacephalon|94/100 par|[from] Grassy Terrain
|-heal|p2a: Blacephalon|99/100 par|[from] item: Leftovers
|-heal|p1a: Companion|65/100|[from] Grassy Terrain
|-heal|p1a: Companion|71/100|[from] item: Leftovers
|-fieldend|move: Grassy Terrain
|upkeep
|turn|13
|
|t:|1660891607
|switch|p1a: Friend|Dragonite, F|100/100
|move|p2a: Blacephalon|Shadow Ball|p1a: Friend
|-damage|p1a: Friend|78/100
|
|-heal|p2a: Blacephalon|100/100 par|[from] item: Leftovers
|upkeep
|turn|14
|
|t:|1660891614
|switch|p2a: Rotom|Rotom-Wash|100/100
|-damage|p2a: Rotom|88/100|[from] Stealth Rock
|move|p1a: Friend|Roost|p1a: Friend
|-heal|p1a: Friend|100/100
|-singleturn|p1a: Friend|move: Roost
|
|upkeep
|turn|15
|
|t:|1660891620
|switch|p1a: Cohort|Ferrothorn, F|100/100
|-damage|p1a: Cohort|94/100|[from] Stealth Rock
|move|p2a: Rotom|Volt Switch|p1a: Cohort
|-resisted|p1a: Cohort
|-damage|p1a: Cohort|83/100
|
|t:|1660891626
|switch|p2a: Blacephalon|Blacephalon|100/100 par|[from]move: Volt Switch
|-damage|p2a: Blacephalon|76/100 par|[from] Stealth Rock
|
|-heal|p2a: Blacephalon|82/100 par|[from] item: Leftovers
|upkeep
|turn|16
|
|t:|1660891631
|switch|p1a: Friend|Dragonite, F|100/100
|move|p2a: Blacephalon|Trick|p1a: Friend
|-activate|p2a: Blacephalon|move: Trick|[of] p1a: Friend
|-item|p1a: Friend|Leftovers|[from] move: Trick
|-item|p2a: Blacephalon|Heavy-Duty Boots|[from] move: Trick
|
|upkeep
|turn|17
|
|t:|1660891638
|switch|p2a: Rotom|Rotom-Wash|88/100
|-damage|p2a: Rotom|76/100|[from] Stealth Rock
|move|p1a: Friend|Dragon Dance|p1a: Friend
|-boost|p1a: Friend|atk|1
|-boost|p1a: Friend|spe|1
|
|upkeep
|turn|18
|
|t:|1660891648
|move|p1a: Friend|Dragon Dance|p1a: Friend
|-boost|p1a: Friend|atk|1
|-boost|p1a: Friend|spe|1
|move|p2a: Rotom|Will-O-Wisp|p1a: Friend
|-status|p1a: Friend|brn
|
|-damage|p1a: Friend|94/100 brn|[from] brn
|upkeep
|turn|19
|
|t:|1660891658
|move|p1a: Friend|Heal Bell|p1a: Friend
|-activate|p1a: Friend|move: Heal Bell
|-curestatus|p1a: Friend|brn|[msg]
|move|p2a: Rotom|Volt Switch|p1a: Friend
|-damage|p1a: Friend|73/100
|
|t:|1660891662
|switch|p2a: Ferrothorn|Ferrothorn, M|100/100|[from]move: Volt Switch
|-damage|p2a: Ferrothorn|95/100|[from] Stealth Rock
|
|-heal|p1a: Friend|79/100|[from] item: Leftovers
|-heal|p2a: Ferrothorn|100/100|[from] item: Leftovers
|upkeep
|turn|20
|
|t:|1660891674
|move|p1a: Friend|Dual Wingbeat|p2a: Ferrothorn
|-damage|p2a: Ferrothorn|77/100
|-damage|p1a: Friend|67/100|[from] ability: Iron Barbs|[of] p2a: Ferrothorn
|-damage|p2a: Ferrothorn|54/100
|-damage|p1a: Friend|55/100|[from] ability: Iron Barbs|[of] p2a: Ferrothorn
|-hitcount|p2a: Ferrothorn|2
|move|p2a: Ferrothorn|Iron Defense|p2a: Ferrothorn
|-boost|p2a: Ferrothorn|def|2
|
|-heal|p1a: Friend|61/100|[from] item: Leftovers
|-heal|p2a: Ferrothorn|60/100|[from] item: Leftovers
|upkeep
|turn|21
|
|t:|1660891687
|move|p1a: Friend|Roost|p1a: Friend
|-heal|p1a: Friend|100/100
|-singleturn|p1a: Friend|move: Roost
|move|p2a: Ferrothorn|Body Press|p1a: Friend
|-damage|p1a: Friend|76/100
|
|-heal|p1a: Friend|82/100|[from] item: Leftovers
|-heal|p2a: Ferrothorn|66/100|[from] item: Leftovers
|upkeep
|turn|22
|
|t:|1660891696
|move|p1a: Friend|Roost|p1a: Friend
|-heal|p1a: Friend|100/100
|-singleturn|p1a: Friend|move: Roost
|move|p2a: Ferrothorn|Leech Seed|p1a: Friend
|-start|p1a: Friend|move: Leech Seed
|
|-heal|p2a: Ferrothorn|72/100|[from] item: Leftovers
|-damage|p1a: Friend|88/100|[from] Leech Seed|[of] p2a: Ferrothorn
|-heal|p2a: Ferrothorn|86/100|[silent]
|upkeep
|turn|23
|
|t:|1660891724
|switch|p1a: Companion|Clefable, M|71/100
|move|p2a: Ferrothorn|Body Press|p1a: Companion
|-resisted|p1a: Companion
|-damage|p1a: Companion|48/100
|
|-heal|p1a: Companion|55/100|[from] item: Leftovers
|-heal|p2a: Ferrothorn|92/100|[from] item: Leftovers
|upkeep
|turn|24
|j| Disrespectn
|
|t:|1660891735
|switch|p2a: Blacephalon|Blacephalon|82/100 par
|move|p1a: Companion|Soft-Boiled|p1a: Companion
|-heal|p1a: Companion|100/100
|
|upkeep
|turn|25
|l| Disrespectn
|
|t:|1660891756
|switch|p1a: Friend|Dragonite, F|88/100
|-damage|p1a: Friend|63/100|[from] Stealth Rock
|move|p2a: Blacephalon|Shadow Ball|p1a: Friend
|-crit|p1a: Friend
|-damage|p1a: Friend|0 fnt
|faint|p1a: Friend
|-ability|p2a: Blacephalon|Beast Boost|boost
|-boost|p2a: Blacephalon|spa|1
|
|upkeep
|
|t:|1660891769
|switch|p1a: Ally|Rillaboom, M|51/100
|-damage|p1a: Ally|38/100|[from] Stealth Rock
|-fieldstart|move: Grassy Terrain|[from] ability: Grassy Surge|[of] p1a: Ally
|turn|26
|inactive|LT93OQ #savetf2 has 120 seconds left.
|
|t:|1660891810
|switch|p2a: Landorus|Landorus-Therian, M|6/100
|-damage|p2a: Landorus|0 fnt|[from] Stealth Rock
|faint|p2a: Landorus
|move|p1a: Ally|Knock Off|p2: Landorus|[notarget]
|-fail|p1a: Ally
|
|-heal|p1a: Ally|44/100|[from] Grassy Terrain
|upkeep
|
|t:|1660891814
|switch|p2a: Dragapult|Dragapult, M|100/100
|-damage|p2a: Dragapult|88/100|[from] Stealth Rock
|turn|27
|
|t:|1660891822
|switch|p1a: Companion|Clefable, M|100/100
|move|p2a: Dragapult|Shadow Ball|p1a: Companion
|-damage|p1a: Companion|46/100
|
|-heal|p2a: Dragapult|94/100|[from] Grassy Terrain
|-heal|p1a: Companion|52/100|[from] Grassy Terrain
|-heal|p1a: Companion|58/100|[from] item: Leftovers
|upkeep
|turn|28
|
|t:|1660891834
|switch|p2a: Blacephalon|Blacephalon|82/100 par
|move|p1a: Companion|Moonblast|p2a: Blacephalon
|-resisted|p2a: Blacephalon
|-damage|p2a: Blacephalon|57/100 par
|
|-heal|p2a: Blacephalon|63/100 par|[from] Grassy Terrain
|-heal|p1a: Companion|65/100|[from] Grassy Terrain
|-heal|p1a: Companion|71/100|[from] item: Leftovers
|upkeep
|turn|29
|
|t:|1660891846
|move|p2a: Blacephalon|Shadow Ball|p1a: Companion
|-damage|p1a: Companion|25/100
|move|p1a: Companion|Soft-Boiled|p1a: Companion
|-heal|p1a: Companion|75/100
|
|-heal|p2a: Blacephalon|69/100 par|[from] Grassy Terrain
|-heal|p1a: Companion|82/100|[from] Grassy Terrain
|-heal|p1a: Companion|88/100|[from] item: Leftovers
|upkeep
|turn|30
|
|t:|1660891856
|move|p2a: Blacephalon|Shadow Ball|p1a: Companion
|-damage|p1a: Companion|45/100
|move|p1a: Companion|Moonblast|p2a: Blacephalon
|-resisted|p2a: Blacephalon
|-damage|p2a: Blacephalon|44/100 par
|
|-heal|p2a: Blacephalon|50/100 par|[from] Grassy Terrain
|-heal|p1a: Companion|51/100|[from] Grassy Terrain
|-heal|p1a: Companion|57/100|[from] item: Leftovers
|-fieldend|move: Grassy Terrain
|upkeep
|turn|31
|
|t:|1660891866
|move|p2a: Blacephalon|Taunt|p1a: Companion
|-start|p1a: Companion|move: Taunt
|cant|p1a: Companion|move: Taunt|Soft-Boiled
|
|-heal|p1a: Companion|63/100|[from] item: Leftovers
|upkeep
|turn|32
|
|t:|1660891874
|switch|p1a: Comrade|Heatran, F|100/100
|-damage|p1a: Comrade|88/100|[from] Stealth Rock
|cant|p2a: Blacephalon|par
|
|upkeep
|turn|33
|
|t:|1660891880
|switch|p2a: Rotom|Rotom-Wash|76/100
|-damage|p2a: Rotom|64/100|[from] Stealth Rock
|move|p1a: Comrade|Magma Storm|p2a: Rotom
|-resisted|p2a: Rotom
|-damage|p2a: Rotom|40/100
|-activate|p2a: Rotom|move: Magma Storm|[of] p1a: Comrade
|
|-damage|p2a: Rotom|28/100|[from] move: Magma Storm|[partiallytrapped]
|upkeep
|turn|34
|
|t:|1660891893
|switch|p1a: Ally|Rillaboom, M|44/100
|-damage|p1a: Ally|32/100|[from] Stealth Rock
|-fieldstart|move: Grassy Terrain|[from] ability: Grassy Surge|[of] p1a: Ally
|move|p2a: Rotom|Pain Split|p1a: Ally
|-sethp|p1a: Ally|29/100|[from] move: Pain Split|[silent]
|-sethp|p2a: Rotom|32/100|[from] move: Pain Split
|
|-heal|p1a: Ally|35/100|[from] Grassy Terrain
|-end|p2a: Rotom|Magma Storm|[partiallytrapped]|[silent]
|upkeep
|turn|35
|
|t:|1660891917
|switch|p2a: Ferrothorn|Ferrothorn, M|92/100
|-damage|p2a: Ferrothorn|86/100|[from] Stealth Rock
|move|p1a: Ally|Superpower|p2a: Ferrothorn
|-supereffective|p2a: Ferrothorn
|-damage|p2a: Ferrothorn|9/100
|-unboost|p1a: Ally|atk|1
|-unboost|p1a: Ally|def|1
|-damage|p1a: Ally|22/100|[from] ability: Iron Barbs|[of] p2a: Ferrothorn
|
|-heal|p1a: Ally|29/100|[from] Grassy Terrain
|-heal|p2a: Ferrothorn|15/100|[from] Grassy Terrain
|-heal|p2a: Ferrothorn|21/100|[from] item: Leftovers
|upkeep
|turn|36
|
|t:|1660891933
|switch|p1a: Companion|Clefable, M|63/100
|switch|p2a: Blacephalon|Blacephalon|50/100 par
|
|-heal|p2a: Blacephalon|56/100 par|[from] Grassy Terrain
|-heal|p1a: Companion|69/100|[from] Grassy Terrain
|-heal|p1a: Companion|75/100|[from] item: Leftovers
|upkeep
|turn|37
|
|t:|1660891942
|move|p2a: Blacephalon|Shadow Ball|p1a: Companion
|-damage|p1a: Companion|31/100
|move|p1a: Companion|Moonblast|p2a: Blacephalon
|-resisted|p2a: Blacephalon
|-damage|p2a: Blacephalon|29/100 par
|
|-heal|p2a: Blacephalon|35/100 par|[from] Grassy Terrain
|-heal|p1a: Companion|37/100|[from] Grassy Terrain
|-heal|p1a: Companion|43/100|[from] item: Leftovers
|upkeep
|turn|38
|
|t:|1660891953
|switch|p1a: Comrade|Heatran, F|88/100
|-damage|p1a: Comrade|76/100|[from] Stealth Rock
|move|p2a: Blacephalon|Shadow Ball|p1a: Comrade
|-damage|p1a: Comrade|48/100
|
|-heal|p1a: Comrade|54/100|[from] Grassy Terrain
|-heal|p2a: Blacephalon|41/100 par|[from] Grassy Terrain
|-fieldend|move: Grassy Terrain
|upkeep
|turn|39
|j| SoulDewRegice
|
|t:|1660891962
|switch|p2a: Ferrothorn|Ferrothorn, M|21/100
|-damage|p2a: Ferrothorn|15/100|[from] Stealth Rock
|move|p1a: Comrade|Magma Storm|p2a: Ferrothorn|[miss]
|-miss|p1a: Comrade|p2a: Ferrothorn
|
|-heal|p2a: Ferrothorn|21/100|[from] item: Leftovers
|upkeep
|turn|40
|
|t:|1660891971
|move|p1a: Comrade|Magma Storm|p2a: Ferrothorn
|-supereffective|p2a: Ferrothorn
|-damage|p2a: Ferrothorn|0 fnt
|faint|p2a: Ferrothorn
|
|upkeep
|
|t:|1660891973
|switch|p2a: Dragapult|Dragapult, M|94/100
|-damage|p2a: Dragapult|82/100|[from] Stealth Rock
|turn|41
|
|t:|1660891980
|move|p2a: Dragapult|Shadow Ball|p1a: Comrade
|-damage|p1a: Comrade|18/100
|move|p1a: Comrade|Magma Storm|p2a: Dragapult
|-resisted|p2a: Dragapult
|-damage|p2a: Dragapult|52/100
|-activate|p2a: Dragapult|move: Magma Storm|[of] p1a: Comrade
|
|-damage|p2a: Dragapult|40/100|[from] move: Magma Storm|[partiallytrapped]
|upkeep
|turn|42
|
|t:|1660891989
|move|p2a: Dragapult|Shadow Ball|p1a: Comrade
|-damage|p1a: Comrade|0 fnt
|faint|p1a: Comrade
|
|-end|p2a: Dragapult|Magma Storm|[partiallytrapped]|[silent]
|upkeep
|
|t:|1660891999
|switch|p1a: Ally|Rillaboom, M|29/100
|-damage|p1a: Ally|16/100|[from] Stealth Rock
|-fieldstart|move: Grassy Terrain|[from] ability: Grassy Surge|[of] p1a: Ally
|turn|43
|
|t:|1660892004
|switch|p2a: Rotom|Rotom-Wash|32/100
|-damage|p2a: Rotom|20/100|[from] Stealth Rock
|move|p1a: Ally|Grassy Glide|p2a: Rotom
|-supereffective|p2a: Rotom
|-damage|p2a: Rotom|0 fnt
|-damage|p1a: Ally|0 fnt|[from] item: Rocky Helmet|[of] p2a: Rotom
|faint|p2a: Rotom
|faint|p1a: Ally
|
|upkeep
|
|t:|1660892024
|switch|p1a: Partner|Zapdos|100/100
|switch|p2a: Dragapult|Dragapult, M|40/100
|-damage|p2a: Dragapult|27/100|[from] Stealth Rock
|-ability|p1a: Partner|Pressure
|turn|44
|
|t:|1660892038
|move|p2a: Dragapult|Draco Meteor|p1a: Partner
|-damage|p1a: Partner|0 fnt
|-unboost|p2a: Dragapult|spa|2
|faint|p1a: Partner
|
|-heal|p2a: Dragapult|33/100|[from] Grassy Terrain
|upkeep
|j| RevengerRiolu
|
|t:|1660892044
|switch|p1a: Companion|Clefable, M|43/100
|turn|45
|
|t:|1660892058
|switch|p2a: Blacephalon|Blacephalon|41/100 par
|move|p1a: Companion|Soft-Boiled|p1a: Companion
|-heal|p1a: Companion|93/100
|
|-heal|p2a: Blacephalon|47/100 par|[from] Grassy Terrain
|-heal|p1a: Companion|99/100|[from] Grassy Terrain
|-heal|p1a: Companion|100/100|[from] item: Leftovers
|upkeep
|turn|46
|
|t:|1660892062
|move|p2a: Blacephalon|Shadow Ball|p1a: Companion
|-damage|p1a: Companion|57/100
|move|p1a: Companion|Moonblast|p2a: Blacephalon
|-resisted|p2a: Blacephalon
|-damage|p2a: Blacephalon|22/100 par
|-unboost|p2a: Blacephalon|spa|1
|
|-heal|p2a: Blacephalon|28/100 par|[from] Grassy Terrain
|-heal|p1a: Companion|64/100|[from] Grassy Terrain
|-heal|p1a: Companion|70/100|[from] item: Leftovers
|upkeep
|turn|47
|inactive|LT93OQ #savetf2 has 120 seconds left.
|
|t:|1660892097
|move|p2a: Blacephalon|Shadow Ball|p1a: Companion
|-damage|p1a: Companion|38/100
|-unboost|p1a: Companion|spd|1
|move|p1a: Companion|Moonblast|p2a: Blacephalon
|-resisted|p2a: Blacephalon
|-damage|p2a: Blacephalon|3/100 par
|-unboost|p2a: Blacephalon|spa|1
|
|-heal|p2a: Blacephalon|9/100 par|[from] Grassy Terrain
|-heal|p1a: Companion|44/100|[from] Grassy Terrain
|-heal|p1a: Companion|50/100|[from] item: Leftovers
|-fieldend|move: Grassy Terrain
|upkeep
|turn|48
|inactive|LT93OQ #savetf2 has 120 seconds left.
|
|t:|1660892118
|move|p2a: Blacephalon|Taunt|p1a: Companion
|-start|p1a: Companion|move: Taunt
|cant|p1a: Companion|move: Taunt|Soft-Boiled
|
|-heal|p1a: Companion|57/100|[from] item: Leftovers
|upkeep
|turn|49
|
|t:|1660892122
|cant|p2a: Blacephalon|par
|move|p1a: Companion|Moonblast|p2a: Blacephalon
|-resisted|p2a: Blacephalon
|-damage|p2a: Blacephalon|0 fnt
|faint|p2a: Blacephalon
|
|-heal|p1a: Companion|63/100|[from] item: Leftovers
|upkeep
|
|t:|1660892125
|switch|p2a: Dragapult|Dragapult, M|33/100
|-damage|p2a: Dragapult|21/100|[from] Stealth Rock
|turn|50
|
|t:|1660892133
|switch|p1a: Cohort|Ferrothorn, F|83/100
|-damage|p1a: Cohort|77/100|[from] Stealth Rock
|move|p2a: Dragapult|Shadow Ball|p1a: Cohort
|-damage|p1a: Cohort|28/100
|
|upkeep
|turn|51
|
|t:|1660892140
|move|p2a: Dragapult|Shadow Ball|p1a: Cohort
|-damage|p1a: Cohort|0 fnt
|faint|p1a: Cohort
|
|upkeep
|
|t:|1660892143
|switch|p1a: Companion|Clefable, M|63/100
|turn|52
|
|t:|1660892146
|move|p2a: Dragapult|Shadow Ball|p1a: Companion
|-damage|p1a: Companion|9/100
|move|p1a: Companion|Thunder Wave|p2a: Dragapult
|-status|p2a: Dragapult|par
|
|-heal|p1a: Companion|15/100|[from] item: Leftovers
|upkeep
|turn|53
|
|t:|1660892150
|move|p2a: Dragapult|Shadow Ball|p1a: Companion
|-damage|p1a: Companion|0 fnt
|faint|p1a: Companion
|
|win|LT93OQ #savetf2
|raw|Hostile Takeovers's rating: 1722 &rarr; <strong>1704</strong><br />(-18 for losing)
|raw|LT93OQ #savetf2's rating: 1765 &rarr; <strong>1783</strong><br />(+18 for winning)
|l|☆Hostile Takeovers
|l|☆LT93OQ #savetf2
|l| SoulDewRegice
