|j|‽antarctozolt
|j|☆rozfu
|inactive|Battle timer is ON: inactive players will automatically lose when time's up.
|t:|1660664394
|gametype|singles
|player|p1|antarctozolt|skier|
|player|p2|rozfu|winona-gen3|
|teamsize|p1|6
|teamsize|p2|6
|gen|8
|tier|[Gen 8] OU
|rated|Tournament battle
|rule|Sleep Clause Mod: Limit one foe put to sleep
|rule|Species Clause: Limit one of each Pokémon
|rule|OHKO Clause: OHKO moves are banned
|rule|Evasion Items Clause: Evasion items are banned
|rule|Evasion Moves Clause: Evasion moves are banned
|rule|Endless Battle Clause: Forcing endless battles is banned
|rule|HP Percentage Mod: HP is shown in percentages
|rule|Dynamax Clause: You cannot dynamax
|clearpoke
|poke|p1|Kartana|
|poke|p1|Toxtricity, F|
|poke|p1|Celesteela|
|poke|p1|Dragapult, F|
|poke|p1|Mew|
|poke|p1|Zeraora|
|poke|p2|Blissey, F|
|poke|p2|Clefable, M|
|poke|p2|Toxapex, M|
|poke|p2|Corviknight, F|
|poke|p2|Gastrodon-East, M|
|poke|p2|Dragonite, M|
|teampreview
|inactive|rozfu also wants the timer to be on.
|
|t:|1660664416
|start
|switch|p1a: Mew|Mew|100/100
|switch|p2a: Blissey|Blissey, F|100/100
|turn|1
|j| iqpweqorhqrowipe1
|
|t:|1660664435
|move|p1a: Mew|Stealth Rock|p2a: Blissey
|-sidestart|p2: rozfu|move: Stealth Rock
|move|p2a: Blissey|Toxic|p1a: Mew
|-status|p1a: Mew|tox
|-activate|p1a: Mew|ability: Synchronize
|-status|p2a: Blissey|tox
|
|-damage|p1a: Mew|94/100 tox|[from] psn
|-damage|p2a: Blissey|94/100 tox|[from] psn
|upkeep
|turn|2
|
|t:|1660664440
|-curestatus|p2a: Blissey|tox|[from] ability: Natural Cure
|switch|p2a: Clefable|Clefable, M|100/100
|-damage|p2a: Clefable|88/100|[from] Stealth Rock
|move|p1a: Mew|Overheat|p2a: Clefable
|-damage|p2a: Clefable|50/100
|-unboost|p1a: Mew|spa|2
|
|-heal|p2a: Clefable|56/100|[from] item: Leftovers
|-damage|p1a: Mew|82/100 tox|[from] psn
|upkeep
|turn|3
|
|t:|1660664444
|move|p1a: Mew|Spikes|p2a: Clefable
|-sidestart|p2: rozfu|Spikes
|move|p2a: Clefable|Soft-Boiled|p2a: Clefable
|-heal|p2a: Clefable|100/100
|
|-damage|p1a: Mew|63/100 tox|[from] psn
|upkeep
|turn|4
|
|t:|1660664450
|switch|p1a: Toxtricity|Toxtricity, F|100/100
|move|p2a: Clefable|Moonblast|p1a: Toxtricity
|-resisted|p1a: Toxtricity
|-damage|p1a: Toxtricity|73/100
|-unboost|p1a: Toxtricity|spa|1
|
|upkeep
|turn|5
|
|t:|1660664456
|switch|p2a: Gastrodon|Gastrodon-East, M|100/100
|move|p1a: Toxtricity|Boomburst|p2a: Gastrodon
|-damage|p2a: Gastrodon|67/100
|-damage|p1a: Toxtricity|63/100|[from] item: Life Orb
|
|upkeep
|turn|6
|
|t:|1660664462
|switch|p1a: Kartana|Kartana|100/100
|move|p2a: Gastrodon|Recover|p2a: Gastrodon
|-heal|p2a: Gastrodon|100/100
|
|upkeep
|turn|7
|
|t:|1660664470
|switch|p1a: Toxtricity|Toxtricity, F|63/100
|switch|p2a: Dragonite|Dragonite, M|100/100
|
|upkeep
|turn|8
|
|t:|1660664478
|move|p1a: Toxtricity|Boomburst|p2a: Dragonite
|-damage|p2a: Dragonite|66/100
|-damage|p1a: Toxtricity|53/100|[from] item: Life Orb
|move|p2a: Dragonite|Earthquake|p1a: Toxtricity
|-supereffective|p1a: Toxtricity
|-damage|p1a: Toxtricity|0 fnt
|faint|p1a: Toxtricity
|
|upkeep
|
|t:|1660664481
|switch|p1a: Celesteela|Celesteela|100/100
|turn|9
|
|t:|1660664484
|move|p1a: Celesteela|Meteor Beam||[still]
|-prepare|p1a: Celesteela|Meteor Beam
|-boost|p1a: Celesteela|spa|1
|-enditem|p1a: Celesteela|Power Herb
|-anim|p1a: Celesteela|Meteor Beam|p2a: Dragonite
|-supereffective|p2a: Dragonite
|-damage|p2a: Dragonite|0 fnt
|faint|p2a: Dragonite
|-ability|p1a: Celesteela|Beast Boost|boost
|-boost|p1a: Celesteela|spa|1
|
|upkeep
|
|t:|1660664491
|switch|p2a: Clefable|Clefable, M|100/100
|-damage|p2a: Clefable|88/100|[from] Stealth Rock
|-damage|p2a: Clefable|76/100|[from] Spikes
|turn|10
|
|t:|1660664494
|move|p1a: Celesteela|Air Slash|p2a: Clefable
|-damage|p2a: Clefable|40/100
|cant|p2a: Clefable|flinch
|
|-heal|p2a: Clefable|46/100|[from] item: Leftovers
|upkeep
|turn|11
|j| Zanz5798
|
|t:|1660664498
|move|p1a: Celesteela|Air Slash|p2a: Clefable
|-damage|p2a: Clefable|10/100
|cant|p2a: Clefable|flinch
|
|-heal|p2a: Clefable|16/100|[from] item: Leftovers
|upkeep
|turn|12
|
|t:|1660664502
|move|p1a: Celesteela|Flamethrower|p2a: Clefable
|-damage|p2a: Clefable|0 fnt
|faint|p2a: Clefable
|-ability|p1a: Celesteela|Beast Boost|boost
|-boost|p1a: Celesteela|spa|1
|
|upkeep
|
|t:|1660664510
|switch|p2a: Blissey|Blissey, F|94/100
|turn|13
|
|t:|1660664512
|move|p1a: Celesteela|Air Slash|p2a: Blissey
|-damage|p2a: Blissey|62/100
|cant|p2a: Blissey|flinch
|
|upkeep
|turn|14
|
|t:|1660664514
|move|p1a: Celesteela|Air Slash|p2a: Blissey
|-damage|p2a: Blissey|25/100
|move|p2a: Blissey|Soft-Boiled|p2a: Blissey
|-heal|p2a: Blissey|75/100
|
|upkeep
|turn|15
|
|t:|1660664518
|move|p1a: Celesteela|Air Slash|p2a: Blissey
|-damage|p2a: Blissey|41/100
|move|p2a: Blissey|Seismic Toss|p1a: Celesteela
|-damage|p1a: Celesteela|71/100
|
|upkeep
|turn|16
|
|t:|1660664520
|move|p1a: Celesteela|Air Slash|p2a: Blissey
|-crit|p2a: Blissey
|-damage|p2a: Blissey|0 fnt
|faint|p2a: Blissey
|-ability|p1a: Celesteela|Beast Boost|boost
|-boost|p1a: Celesteela|spa|1
|
|upkeep
|
|t:|1660664540
|switch|p2a: Gastrodon|Gastrodon-East, M|100/100
|turn|17
|
|t:|1660664549
|move|p1a: Celesteela|Air Slash|p2a: Gastrodon
|-damage|p2a: Gastrodon|21/100
|move|p2a: Gastrodon|Scald|p1a: Celesteela
|-damage|p1a: Celesteela|46/100
|
|upkeep
|turn|18
|
|t:|1660664553
|move|p1a: Celesteela|Air Slash|p2a: Gastrodon
|-damage|p2a: Gastrodon|0 fnt
|faint|p2a: Gastrodon
|-ability|p1a: Celesteela|Beast Boost|boost
|-boost|p1a: Celesteela|spa|1
|
|upkeep
|
|t:|1660664556
|switch|p2a: Corviknight|Corviknight, F|100/100
|-damage|p2a: Corviknight|88/100|[from] Stealth Rock
|-ability|p2a: Corviknight|Pressure
|turn|19
|
|t:|1660664557
|move|p1a: Celesteela|Flamethrower|p2a: Corviknight
|-supereffective|p2a: Corviknight
|-damage|p2a: Corviknight|0 fnt
|faint|p2a: Corviknight
|-ability|p1a: Celesteela|Beast Boost|boost
|-boost|p1a: Celesteela|spa|1
|
|upkeep
|
|t:|1660664559
|switch|p2a: Toxapex|Toxapex, M|100/100
|-damage|p2a: Toxapex|88/100|[from] Stealth Rock
|-damage|p2a: Toxapex|75/100|[from] Spikes
|turn|20
|
|t:|1660664561
|move|p1a: Celesteela|Air Slash|p2a: Toxapex
|-damage|p2a: Toxapex|0 fnt
|faint|p2a: Toxapex
|
|win|antarctozolt
|n|‽antarctozolt|antarctozolt
|n|☆rozfu|rozfu
|n| iqpweqorhqrowipe1|iqpweqorhqrowipe1
|n| Zanz5798|zanz5798
