|j|☆sOUkrates
|j|☆wsdfg
|t:|1605280740
|player|p1|sOUkrates|blackbelt-gen1rb|1866
|player|p2|wsdfg|burglar|1829
|teamsize|p1|6
|teamsize|p2|6
|gametype|singles
|gen|8
|tier|[Gen 8] OU
|rated|
|clearpoke
|poke|p1|Slowking-Galar, M|
|poke|p1|Porygon2|
|poke|p1|Zapdos|
|poke|p1|Swampert, M|
|poke|p1|Heatran, M|
|poke|p1|Clefable, F|
|poke|p2|Kyurem-Black|
|poke|p2|Zygarde|
|poke|p2|Regieleki|
|poke|p2|Urshifu-*, M|
|poke|p2|Magearna|
|poke|p2|Landorus-Therian, M|
|rule|Sleep Clause Mod: Limit one foe put to sleep
|rule|Species Clause: Limit one of each Pokémon
|rule|OHKO Clause: OHKO moves are banned
|rule|Evasion Moves Clause: Evasion moves are banned
|rule|Endless Battle Clause: Forcing endless battles is banned
|rule|HP Percentage Mod: HP is shown in percentages
|rule|Dynamax Clause: You cannot dynamax
|teampreview
|
|t:|1605280751
|start
|switch|p1a: Swampert|Swampert, M|100/100
|switch|p2a: Landorus|Landorus-Therian, M|100/100
|-ability|p2a: Landorus|Intimidate|boost
|-unboost|p1a: Swampert|atk|1
|turn|1
|
|t:|1605280757
|move|p2a: Landorus|Knock Off|p1a: Swampert
|-damage|p1a: Swampert|77/100
|-damage|p2a: Landorus|84/100|[from] item: Rocky Helmet|[of] p1a: Swampert
|-enditem|p1a: Swampert|Rocky Helmet|[from] move: Knock Off|[of] p2a: Landorus
|move|p1a: Swampert|Toxic|p2a: Landorus
|-status|p2a: Landorus|tox
|
|-damage|p2a: Landorus|78/100 tox|[from] psn
|upkeep
|turn|2
|inactive|Battle timer is ON: inactive players will automatically lose when time's up. (requested by sOUkrates)
|
|t:|1605280772
|move|p2a: Landorus|Stealth Rock|p1a: Swampert
|-sidestart|p1: sOUkrates|move: Stealth Rock
|move|p1a: Swampert|Stealth Rock|p2a: Landorus
|-sidestart|p2: wsdfg|move: Stealth Rock
|
|-damage|p2a: Landorus|66/100 tox|[from] psn
|upkeep
|turn|3
|
|t:|1605280777
|move|p2a: Landorus|Explosion||[still]
|cant|p1a: Swampert|ability: Damp|Explosion|[of] p2a: Landorus
|move|p1a: Swampert|Flip Turn|p2a: Landorus
|-supereffective|p2a: Landorus
|-damage|p2a: Landorus|33/100 tox
|
|t:|1605280783
|switch|p1a: Clefable|Clefable, F|100/100|[from]move: Flip Turn
|
|-damage|p2a: Landorus|16/100 tox|[from] psn
|upkeep
|turn|4
|j| Irinacio
|
|t:|1605280791
|switch|p2a: Magearna|Magearna|100/100
|-damage|p2a: Magearna|94/100|[from] Stealth Rock
|move|p1a: Clefable|Protect||[still]
|-fail|p1a: Clefable
|
|-heal|p2a: Magearna|100/100|[from] item: Leftovers
|upkeep
|turn|5
|
|t:|1605280793
|switch|p2a: Zygarde|Zygarde|100/100
|-damage|p2a: Zygarde|94/100|[from] Stealth Rock
|-ability|p2a: Zygarde|Aura Break
|switch|p1a: Heatran|Heatran, M|100/100
|-damage|p1a: Heatran|88/100|[from] Stealth Rock
|
|-heal|p1a: Heatran|94/100|[from] item: Leftovers
|upkeep
|turn|6
|
|t:|1605280796
|switch|p1a: Clefable|Clefable, F|100/100
|move|p2a: Zygarde|Dragon Dance|p2a: Zygarde
|-boost|p2a: Zygarde|atk|1
|-boost|p2a: Zygarde|spe|1
|
|upkeep
|turn|7
|
|t:|1605280803
|move|p2a: Zygarde|Thousand Arrows|p1a: Clefable
|-damage|p1a: Clefable|62/100
|move|p1a: Clefable|Moonblast|p2a: Zygarde
|-supereffective|p2a: Zygarde
|-damage|p2a: Zygarde|32/100
|-unboost|p2a: Zygarde|spa|1
|
|upkeep
|turn|8
|
|t:|1605280810
|move|p2a: Zygarde|Thousand Arrows|p1a: Clefable
|-damage|p1a: Clefable|29/100
|move|p1a: Clefable|Wish|p1a: Clefable
|
|upkeep
|turn|9
|j| ditto is cringe
|
|t:|1605280814
|move|p1a: Clefable|Protect|p1a: Clefable
|-singleturn|p1a: Clefable|Protect
|move|p2a: Zygarde|Dragon Dance|p2a: Zygarde
|-boost|p2a: Zygarde|atk|1
|-boost|p2a: Zygarde|spe|1
|
|-heal|p1a: Clefable|79/100|[from] move: Wish|[wisher] Clefable
|upkeep
|turn|10
|
|t:|1605280821
|move|p2a: Zygarde|Thousand Arrows|p1a: Clefable
|-damage|p1a: Clefable|44/100
|move|p1a: Clefable|Wish|p1a: Clefable
|
|upkeep
|turn|11
|
|t:|1605280831
|switch|p2a: Magearna|Magearna|100/100
|-damage|p2a: Magearna|94/100|[from] Stealth Rock
|move|p1a: Clefable|Moonblast|p2a: Magearna
|-resisted|p2a: Magearna
|-damage|p2a: Magearna|84/100
|
|-heal|p1a: Clefable|94/100|[from] move: Wish|[wisher] Clefable
|-heal|p2a: Magearna|90/100|[from] item: Leftovers
|upkeep
|turn|12
|
|t:|1605280834
|switch|p1a: Heatran|Heatran, M|94/100
|-damage|p1a: Heatran|82/100|[from] Stealth Rock
|move|p2a: Magearna|Calm Mind|p2a: Magearna
|-boost|p2a: Magearna|spa|1
|-boost|p2a: Magearna|spd|1
|
|-heal|p1a: Heatran|88/100|[from] item: Leftovers
|-heal|p2a: Magearna|96/100|[from] item: Leftovers
|upkeep
|turn|13
|
|t:|1605280837
|move|p1a: Heatran|Magma Storm|p2a: Magearna
|-supereffective|p2a: Magearna
|-damage|p2a: Magearna|58/100
|-activate|p2a: Magearna|move: Magma Storm|[of] p1a: Heatran
|move|p2a: Magearna|Calm Mind|p2a: Magearna
|-boost|p2a: Magearna|spa|1
|-boost|p2a: Magearna|spd|1
|
|-heal|p1a: Heatran|94/100|[from] item: Leftovers
|-heal|p2a: Magearna|64/100|[from] item: Leftovers
|-damage|p2a: Magearna|52/100|[from] move: Magma Storm|[partiallytrapped]
|upkeep
|turn|14
|j| mrousset
|j| 0ZorcNecropHades
|
|t:|1605280843
|move|p1a: Heatran|Taunt|p2a: Magearna
|-start|p2a: Magearna|move: Taunt
|move|p2a: Magearna|Stored Power|p1a: Heatran
|-resisted|p1a: Heatran
|-damage|p1a: Heatran|74/100
|
|-heal|p1a: Heatran|80/100|[from] item: Leftovers
|-heal|p2a: Magearna|58/100|[from] item: Leftovers
|-damage|p2a: Magearna|45/100|[from] move: Magma Storm|[partiallytrapped]
|upkeep
|turn|15
|
|t:|1605280847
|move|p1a: Heatran|Earth Power|p2a: Magearna
|-supereffective|p2a: Magearna
|-crit|p2a: Magearna
|-damage|p2a: Magearna|0 fnt
|faint|p2a: Magearna
|
|-heal|p1a: Heatran|86/100|[from] item: Leftovers
|upkeep
|
|t:|1605280850
|switch|p2a: Regieleki|Regieleki, shiny|100/100
|-damage|p2a: Regieleki|88/100|[from] Stealth Rock
|turn|16
|
|t:|1605280853
|switch|p1a: Swampert|Swampert, M|77/100
|-damage|p1a: Swampert|70/100|[from] Stealth Rock
|move|p2a: Regieleki|Reflect|p2a: Regieleki
|-sidestart|p2: wsdfg|Reflect
|
|upkeep
|turn|17
|
|t:|1605280859
|move|p2a: Regieleki|Light Screen|p2a: Regieleki
|-sidestart|p2: wsdfg|move: Light Screen
|move|p1a: Swampert|Toxic|p2a: Regieleki|[miss]
|-miss|p1a: Swampert|p2a: Regieleki
|
|upkeep
|turn|18
|
|t:|1605280861
|move|p2a: Regieleki|Rapid Spin|p1a: Swampert
|-damage|p1a: Swampert|63/100
|-boost|p2a: Regieleki|spe|1
|-sideend|p2: wsdfg|Stealth Rock|[from] move: Rapid Spin|[of] p2a: Regieleki
|move|p1a: Swampert|Toxic|p2a: Regieleki
|-status|p2a: Regieleki|tox
|
|-damage|p2a: Regieleki|82/100 tox|[from] psn
|upkeep
|turn|19
|
|t:|1605280869
|move|p2a: Regieleki|Reflect||[still]
|-fail|p2a: Regieleki
|move|p1a: Swampert|Stealth Rock|p2a: Regieleki
|-sidestart|p2: wsdfg|move: Stealth Rock
|
|-damage|p2a: Regieleki|70/100 tox|[from] psn
|upkeep
|turn|20
|j| orirani
|
|t:|1605280877
|switch|p2a: Kyurem|Kyurem-Black|100/100
|-ability|p2a: Kyurem|Teravolt
|move|p1a: Swampert|Earthquake|p2a: Kyurem
|-damage|p2a: Kyurem|83/100
|
|upkeep
|turn|21
|
|t:|1605280881
|switch|p1a: Clefable|Clefable, F|94/100
|move|p2a: Kyurem|Substitute|p2a: Kyurem
|-start|p2a: Kyurem|Substitute
|-damage|p2a: Kyurem|58/100
|
|upkeep
|turn|22
|
|t:|1605280883
|move|p2a: Kyurem|Icicle Spear|p1a: Clefable
|-damage|p1a: Clefable|81/100
|-damage|p1a: Clefable|66/100
|-damage|p1a: Clefable|54/100
|-hitcount|p1a: Clefable|3
|move|p1a: Clefable|Moonblast|p2a: Kyurem
|-supereffective|p2a: Kyurem
|-end|p2a: Kyurem|Substitute
|
|upkeep
|turn|23
|
|t:|1605280892
|move|p2a: Kyurem|Dragon Dance|p2a: Kyurem
|-boost|p2a: Kyurem|atk|1
|-boost|p2a: Kyurem|spe|1
|move|p1a: Clefable|Wish|p1a: Clefable
|
|-sideend|p2: wsdfg|Reflect
|upkeep
|turn|24
|
|t:|1605280898
|move|p1a: Clefable|Protect|p1a: Clefable
|-singleturn|p1a: Clefable|Protect
|move|p2a: Kyurem|Icicle Spear|p1a: Clefable
|-activate|p1a: Clefable|move: Protect
|
|-heal|p1a: Clefable|100/100|[from] move: Wish|[wisher] Clefable
|-sideend|p2: wsdfg|move: Light Screen
|upkeep
|turn|25
|
|t:|1605280904
|move|p2a: Kyurem|Icicle Spear|p1a: Clefable
|-damage|p1a: Clefable|79/100
|-damage|p1a: Clefable|61/100
|-damage|p1a: Clefable|41/100
|-hitcount|p1a: Clefable|3
|move|p1a: Clefable|Wish|p1a: Clefable
|
|upkeep
|turn|26
|
|t:|1605280911
|move|p1a: Clefable|Protect|p1a: Clefable
|-singleturn|p1a: Clefable|Protect
|move|p2a: Kyurem|Fusion Bolt|p1a: Clefable
|-activate|p1a: Clefable|move: Protect
|
|-heal|p1a: Clefable|91/100|[from] move: Wish|[wisher] Clefable
|upkeep
|turn|27
|j| blacksquidward
|
|t:|1605280913
|move|p2a: Kyurem|Icicle Spear|p1a: Clefable
|-damage|p1a: Clefable|69/100
|-damage|p1a: Clefable|48/100
|-damage|p1a: Clefable|27/100
|-hitcount|p1a: Clefable|3
|move|p1a: Clefable|Moonblast|p2a: Kyurem
|-supereffective|p2a: Kyurem
|-damage|p2a: Kyurem|0 fnt
|faint|p2a: Kyurem
|
|upkeep
|
|t:|1605280923
|switch|p2a: Zygarde|Zygarde|32/100
|-damage|p2a: Zygarde|25/100|[from] Stealth Rock
|-ability|p2a: Zygarde|Aura Break
|turn|28
|
|t:|1605280926
|move|p2a: Zygarde|Thousand Arrows|p1a: Clefable
|-damage|p1a: Clefable|0 fnt
|faint|p1a: Clefable
|
|upkeep
|
|t:|1605280929
|switch|p1a: Swampert|Swampert, M|63/100
|-damage|p1a: Swampert|56/100|[from] Stealth Rock
|turn|29
|
|t:|1605280933
|switch|p2a: Landorus|Landorus-Therian, M|16/100 tox
|-damage|p2a: Landorus|3/100 tox|[from] Stealth Rock
|-ability|p2a: Landorus|Intimidate|boost
|-unboost|p1a: Swampert|atk|1
|move|p1a: Swampert|Earthquake|p2a: Landorus
|-immune|p2a: Landorus
|
|-damage|p2a: Landorus|0 fnt|[from] psn
|faint|p2a: Landorus
|upkeep
|
|t:|1605280936
|switch|p2a: Regieleki|Regieleki, shiny|70/100 tox
|-damage|p2a: Regieleki|58/100 tox|[from] Stealth Rock
|turn|30
|j| C4T N0IR 2
|
|t:|1605280941
|move|p2a: Regieleki|Reflect|p2a: Regieleki
|-sidestart|p2: wsdfg|Reflect
|move|p1a: Swampert|Earthquake|p2a: Regieleki
|-supereffective|p2a: Regieleki
|-damage|p2a: Regieleki|20/100 tox
|
|-damage|p2a: Regieleki|14/100 tox|[from] psn
|upkeep
|turn|31
|
|t:|1605280947
|move|p2a: Regieleki|Light Screen|p2a: Regieleki
|-sidestart|p2: wsdfg|move: Light Screen
|move|p1a: Swampert|Stealth Rock||[still]
|-fail|p1a: Swampert
|
|-damage|p2a: Regieleki|2/100 tox|[from] psn
|upkeep
|turn|32
|
|t:|1605280950
|move|p2a: Regieleki|Rapid Spin|p1a: Swampert
|-damage|p1a: Swampert|49/100
|-boost|p2a: Regieleki|spe|1
|-sideend|p2: wsdfg|Stealth Rock|[from] move: Rapid Spin|[of] p2a: Regieleki
|move|p1a: Swampert|Stealth Rock|p2a: Regieleki
|-sidestart|p2: wsdfg|move: Stealth Rock
|
|-damage|p2a: Regieleki|0 fnt|[from] psn
|faint|p2a: Regieleki
|upkeep
|
|t:|1605280956
|switch|p2a: Urshifu|Urshifu, M|100/100
|-damage|p2a: Urshifu|94/100|[from] Stealth Rock
|turn|33
|
|t:|1605280963
|switch|p1a: Heatran|Heatran, M|86/100
|-damage|p1a: Heatran|74/100|[from] Stealth Rock
|move|p2a: Urshifu|Bulk Up|p2a: Urshifu
|-boost|p2a: Urshifu|atk|1
|-boost|p2a: Urshifu|def|1
|
|-heal|p1a: Heatran|80/100|[from] item: Leftovers
|upkeep
|turn|34
|
|t:|1605280968
|move|p2a: Urshifu|Bulk Up|p2a: Urshifu
|-boost|p2a: Urshifu|atk|1
|-boost|p2a: Urshifu|def|1
|move|p1a: Heatran|Toxic|p2a: Urshifu
|-status|p2a: Urshifu|tox
|
|-heal|p1a: Heatran|86/100|[from] item: Leftovers
|-damage|p2a: Urshifu|88/100 tox|[from] psn
|upkeep
|turn|35
|
|t:|1605280975
|move|p2a: Urshifu|Wicked Blow|p1a: Heatran
|-crit|p1a: Heatran
|-damage|p1a: Heatran|0 fnt
|faint|p1a: Heatran
|
|-damage|p2a: Urshifu|76/100 tox|[from] psn
|upkeep
|
|t:|1605280983
|switch|p1a: Zapdos|Zapdos|100/100
|turn|36
|
|t:|1605280992
|switch|p1a: Swampert|Swampert, M|49/100
|-damage|p1a: Swampert|43/100|[from] Stealth Rock
|move|p2a: Urshifu|Wicked Blow|p1a: Swampert
|-crit|p1a: Swampert
|-damage|p1a: Swampert|0 fnt
|faint|p1a: Swampert
|
|-damage|p2a: Urshifu|57/100 tox|[from] psn
|upkeep
|j| iieeeee3
|
|t:|1605280998
|switch|p1a: Porygon2|Porygon2|100/100
|-damage|p1a: Porygon2|88/100|[from] Stealth Rock
|-ability|p1a: Porygon2|Unseen Fist|[from] ability: Trace|[of] p2a: Urshifu
|turn|37
|
|t:|1605281002
|switch|p1a: Slowking|Slowking-Galar, M|100/100
|-damage|p1a: Slowking|88/100|[from] Stealth Rock
|move|p2a: Urshifu|Wicked Blow|p1a: Slowking
|-supereffective|p1a: Slowking
|-crit|p1a: Slowking
|-damage|p1a: Slowking|0 fnt
|faint|p1a: Slowking
|
|-damage|p2a: Urshifu|33/100 tox|[from] psn
|-sideend|p2: wsdfg|Reflect
|upkeep
|j| DittoTang
|
|t:|1605281013
|switch|p1a: Zapdos|Zapdos|100/100
|turn|38
|j| kiloofthemall
|
|t:|1605281020
|move|p2a: Urshifu|Wicked Blow|p1a: Zapdos
|-crit|p1a: Zapdos
|-damage|p1a: Zapdos|0 fnt
|faint|p1a: Zapdos
|
|-damage|p2a: Urshifu|2/100 tox|[from] psn
|-sideend|p2: wsdfg|move: Light Screen
|upkeep
|j| ChimeWizard
|
|t:|1605281023
|switch|p1a: Porygon2|Porygon2|88/100
|-damage|p1a: Porygon2|76/100|[from] Stealth Rock
|-ability|p1a: Porygon2|Unseen Fist|[from] ability: Trace|[of] p2a: Urshifu
|turn|39
|
|t:|1605281025
|move|p2a: Urshifu|Close Combat|p1a: Porygon2
|-supereffective|p1a: Porygon2
|-damage|p1a: Porygon2|0 fnt
|-unboost|p2a: Urshifu|def|1
|-unboost|p2a: Urshifu|spd|1
|faint|p1a: Porygon2
|
|win|wsdfg
|l| C4T N0IR 2
|l|☆sOUkrates
|l|☆wsdfg
|l| orirani
|l| kiloofthemall
|l| DittoTang
|l| iieeeee3
||Ladder (probably) updated, but score could not be retrieved (Request timeout).
|l| ChimeWizard
