|j|☆yui4ever
|j|☆cump1
|t:|1664921998
|gametype|singles
|player|p1|yui4ever|cynthia-gen7|1829
|player|p2|cump1|schoolkid-gen4|1837
|teamsize|p1|6
|teamsize|p2|6
|gen|8
|tier|[Gen 8] OU
|rated|
|rule|Sleep Clause Mod: Limit one foe put to sleep
|rule|Species Clause: Limit one of each Pokémon
|rule|OHKO Clause: OHKO moves are banned
|rule|Evasion Items Clause: Evasion items are banned
|rule|Evasion Moves Clause: Evasion moves are banned
|rule|Endless Battle Clause: Forcing endless battles is banned
|rule|HP Percentage Mod: HP is shown in percentages
|rule|Dynamax Clause: You cannot dynamax
|clearpoke
|poke|p1|Tapu Lele|
|poke|p1|Espeon, M|
|poke|p1|Torkoal, F|
|poke|p1|Jolteon, F|
|poke|p1|Polteageist-Antique|
|poke|p1|Cloyster, M|
|poke|p2|Swampert, M|
|poke|p2|Mandibuzz, F|
|poke|p2|Rillaboom, M|
|poke|p2|Magnezone|
|poke|p2|Tapu Lele|
|poke|p2|Dragapult, F|
|teampreview
|c|☆cump1|hf
|
|t:|1664922003
|start
|switch|p1a: Leader|Tapu Lele|100/100
|switch|p2a: Rillaboom|Rillaboom, M|100/100
|-fieldstart|move: Psychic Terrain|[from] ability: Psychic Surge|[of] p1a: Leader
|-fieldstart|move: Grassy Terrain|[from] ability: Grassy Surge|[of] p2a: Rillaboom
|turn|1
|c|☆yui4ever|u2
|
|t:|1664922010
|move|p2a: Rillaboom|Grassy Glide|p1a: Leader
|-crit|p1a: Leader
|-damage|p1a: Leader|0 fnt
|faint|p1a: Leader
|
|upkeep
|
|t:|1664922015
|switch|p1a: Dont do it|Torkoal, F|100/100
|-weather|SunnyDay|[from] ability: Drought|[of] p1a: Dont do it
|turn|2
|j| Terry B bestdlc
|j| Jongruenwald
|
|t:|1664922037
|move|p2a: Rillaboom|Grassy Glide|p1a: Dont do it
|-resisted|p1a: Dont do it
|-damage|p1a: Dont do it|80/100
|move|p1a: Dont do it|Shell Smash|p1a: Dont do it
|-unboost|p1a: Dont do it|def|1
|-unboost|p1a: Dont do it|spd|1
|-boost|p1a: Dont do it|atk|2
|-boost|p1a: Dont do it|spa|2
|-boost|p1a: Dont do it|spe|2
|-enditem|p1a: Dont do it|Eject Pack
|
|t:|1664922042
|switch|p1a: rat go brr|Jolteon, F|100/100
|
|-weather|SunnyDay|[upkeep]
|upkeep
|turn|3
|
|t:|1664922050
|move|p2a: Rillaboom|Grassy Glide|p1a: rat go brr
|-enditem|p1a: rat go brr|Focus Sash
|-damage|p1a: rat go brr|1/100
|move|p1a: rat go brr|Weather Ball|p2a: Rillaboom
|-supereffective|p2a: Rillaboom
|-damage|p2a: Rillaboom|0 fnt
|faint|p2a: Rillaboom
|
|-weather|SunnyDay|[upkeep]
|-heal|p1a: rat go brr|7/100|[from] Grassy Terrain
|upkeep
|j| beam enthisiast
|
|t:|1664922063
|switch|p2a: Swampert|Swampert, M|100/100
|turn|4
|
|t:|1664922068
|switch|p1a: Sike|Espeon, M|100/100
|move|p2a: Swampert|Flip Turn|p1a: Sike
|-damage|p1a: Sike|79/100
|-enditem|p1a: Sike|Eject Button
|
|t:|1664922071
|switch|p1a: The Conqueror|Polteageist-Antique|100/100
|
|-weather|SunnyDay|[upkeep]
|upkeep
|turn|5
|
|t:|1664922075
|switch|p2a: Mandibuzz|Mandibuzz, F|100/100
|move|p1a: The Conqueror|Giga Drain|p2a: Mandibuzz
|-resisted|p2a: Mandibuzz
|-damage|p2a: Mandibuzz|85/100
|
|-weather|SunnyDay|[upkeep]
|-fieldend|move: Grassy Terrain
|upkeep
|turn|6
|
|t:|1664922080
|switch|p1a: rat go brr|Jolteon, F|7/100
|move|p2a: Mandibuzz|U-turn|p1a: rat go brr
|-damage|p1a: rat go brr|0 fnt
|faint|p1a: rat go brr
|
|t:|1664922085
|switch|p2a: Dragapult|Dragapult, F|100/100|[from]move: U-turn
|
|-weather|none
|upkeep
|
|t:|1664922102
|switch|p1a: Violet|Cloyster, M|100/100
|turn|7
|
|t:|1664922104
|move|p2a: Dragapult|Dragon Darts|p1a: Violet
|-damage|p1a: Violet|63/100
|-anim|p2a: Dragapult|Dragon Darts|p1a: Violet
|-damage|p1a: Violet|30/100
|move|p1a: Violet|Shell Smash|p1a: Violet
|-unboost|p1a: Violet|def|1
|-unboost|p1a: Violet|spd|1
|-boost|p1a: Violet|atk|2
|-boost|p1a: Violet|spa|2
|-boost|p1a: Violet|spe|2
|
|upkeep
|turn|8
|l| Terry B bestdlc
|
|t:|1664922111
|switch|p2a: Swampert|Swampert, M|100/100
|move|p1a: Violet|Icicle Spear|p2a: Swampert
|-damage|p2a: Swampert|79/100
|-damage|p2a: Swampert|58/100
|-damage|p2a: Swampert|35/100
|-damage|p2a: Swampert|12/100
|-damage|p2a: Swampert|0 fnt
|faint|p2a: Swampert
|-hitcount|p2: Swampert|5
|
|upkeep
|
|t:|1664922115
|switch|p2a: Magnezone|Magnezone, shiny|100/100
|turn|9
|
|t:|1664922117
|move|p1a: Violet|Icicle Spear|p2a: Magnezone
|-resisted|p2a: Magnezone
|-damage|p2a: Magnezone|92/100
|-resisted|p2a: Magnezone
|-damage|p2a: Magnezone|84/100
|-resisted|p2a: Magnezone
|-damage|p2a: Magnezone|77/100
|-resisted|p2a: Magnezone
|-damage|p2a: Magnezone|69/100
|-resisted|p2a: Magnezone
|-damage|p2a: Magnezone|61/100
|-hitcount|p2a: Magnezone|5
|move|p2a: Magnezone|Thunderbolt|p1a: Violet
|-supereffective|p1a: Violet
|-damage|p1a: Violet|0 fnt
|faint|p1a: Violet
|
|upkeep
|
|t:|1664922120
|switch|p1a: Dont do it|Torkoal, F|80/100
|-weather|SunnyDay|[from] ability: Drought|[of] p1a: Dont do it
|turn|10
|
|t:|1664922123
|move|p2a: Magnezone|Thunderbolt|p1a: Dont do it
|-damage|p1a: Dont do it|32/100
|move|p1a: Dont do it|Lava Plume|p2a: Magnezone
|-supereffective|p2a: Magnezone
|-damage|p2a: Magnezone|0 fnt
|faint|p2a: Magnezone
|
|-weather|SunnyDay|[upkeep]
|upkeep
|
|t:|1664922128
|switch|p2a: Tapu Lele|Tapu Lele, shiny|100/100
|-fieldstart|move: Psychic Terrain|[from] ability: Psychic Surge|[of] p2a: Tapu Lele
|turn|11
|
|t:|1664922132
|move|p2a: Tapu Lele|Moonblast|p1a: Dont do it
|-resisted|p1a: Dont do it
|-damage|p1a: Dont do it|0 fnt
|faint|p1a: Dont do it
|
|-weather|SunnyDay|[upkeep]
|upkeep
|
|t:|1664922148
|switch|p1a: Sike|Espeon, M|79/100
|turn|12
|
|t:|1664922151
|move|p1a: Sike|Yawn|p2a: Tapu Lele
|-start|p2a: Tapu Lele|move: Yawn|[of] p1a: Sike
|move|p2a: Tapu Lele|Moonblast|p1a: Sike
|-damage|p1a: Sike|0 fnt
|faint|p1a: Sike
|
|-weather|SunnyDay|[upkeep]
|upkeep
|
|t:|1664922153
|switch|p1a: The Conqueror|Polteageist-Antique|100/100
|turn|13
|
|t:|1664922154
|switch|p2a: Mandibuzz|Mandibuzz, F|85/100
|move|p1a: The Conqueror|Shell Smash|p1a: The Conqueror
|-unboost|p1a: The Conqueror|def|1
|-unboost|p1a: The Conqueror|spd|1
|-boost|p1a: The Conqueror|atk|2
|-boost|p1a: The Conqueror|spa|2
|-boost|p1a: The Conqueror|spe|2
|
|-weather|SunnyDay|[upkeep]
|upkeep
|turn|14
|c|☆yui4ever|gg
|c|☆cump1|gg
|
|t:|1664922158
|move|p1a: The Conqueror|Shadow Ball|p2a: Mandibuzz
|-resisted|p2a: Mandibuzz
|-damage|p2a: Mandibuzz|43/100
|move|p2a: Mandibuzz|Foul Play|p1a: The Conqueror
|-supereffective|p1a: The Conqueror
|-enditem|p1a: The Conqueror|Focus Sash
|-damage|p1a: The Conqueror|1/100
|-ability|p1a: The Conqueror|Weak Armor|boost
|-unboost|p1a: The Conqueror|def|1
|-boost|p1a: The Conqueror|spe|2
|
|-weather|none
|upkeep
|turn|15
|
|t:|1664922161
|move|p1a: The Conqueror|Shadow Ball|p2a: Mandibuzz
|-resisted|p2a: Mandibuzz
|-damage|p2a: Mandibuzz|2/100
|move|p2a: Mandibuzz|Foul Play|p1a: The Conqueror
|-supereffective|p1a: The Conqueror
|-damage|p1a: The Conqueror|0 fnt
|faint|p1a: The Conqueror
|
|win|cump1
|raw|yui4ever's rating: 1829 &rarr; <strong>1809</strong><br />(-20 for losing)
|raw|cump1's rating: 1837 &rarr; <strong>1857</strong><br />(+20 for winning)
|l|☆yui4ever
|l|☆cump1
