|j|☆someidiot19
|j|☆BishopDonCLoco
|t:|1664764675
|gametype|singles
|player|p1|someidiot19|teacher-gen2|1570
|player|p2|BishopDonCLoco|dancer|1502
|teamsize|p1|6
|teamsize|p2|6
|gen|8
|tier|[Gen 8] OU
|rated|
|rule|Sleep Clause Mod: Limit one foe put to sleep
|rule|Species Clause: Limit one of each Pokémon
|rule|OHKO Clause: OHKO moves are banned
|rule|Evasion Items Clause: Evasion items are banned
|rule|Evasion Moves Clause: Evasion moves are banned
|rule|Endless Battle Clause: Forcing endless battles is banned
|rule|HP Percentage Mod: HP is shown in percentages
|rule|Dynamax Clause: You cannot dynamax
|clearpoke
|poke|p1|Ribombee, F|
|poke|p1|Tapu Koko|
|poke|p1|Landorus-Therian, M|
|poke|p1|Regieleki|
|poke|p1|Zapdos-Galar|
|poke|p1|Tyranitar, F|
|poke|p2|Grimmsnarl, M|
|poke|p2|Blastoise, M|
|poke|p2|Alakazam, M|
|poke|p2|Garchomp, M|
|poke|p2|Blaziken, M|
|poke|p2|Kartana|
|teampreview
|inactive|Battle timer is ON: inactive players will automatically lose when time's up. (requested by BishopDonCLoco)
|inactive|someidiot19 also wants the timer to be on.
|
|t:|1664764689
|start
|switch|p1a: Ribombee|Ribombee, F|100/100
|switch|p2a: Grimmsnarl|Grimmsnarl, M|100/100
|turn|1
|
|t:|1664764695
|move|p2a: Grimmsnarl|Taunt|p1a: Ribombee
|-start|p1a: Ribombee|move: Taunt
|cant|p1a: Ribombee|move: Taunt|Sticky Web
|
|upkeep
|turn|2
|
|t:|1664764699
|move|p2a: Grimmsnarl|Light Screen|p2a: Grimmsnarl
|-sidestart|p2: BishopDonCLoco|move: Light Screen
|move|p1a: Ribombee|U-turn|p2a: Grimmsnarl
|-damage|p2a: Grimmsnarl|89/100
|
|t:|1664764702
|switch|p1a: Tapu Koko|Tapu Koko|100/100|[from]move: U-turn
|-fieldstart|move: Electric Terrain|[from] ability: Electric Surge|[of] p1a: Tapu Koko
|
|upkeep
|turn|3
|
|t:|1664764707
|move|p2a: Grimmsnarl|Reflect|p2a: Grimmsnarl
|-sidestart|p2: BishopDonCLoco|Reflect
|move|p1a: Tapu Koko|Volt Switch|p2a: Grimmsnarl
|-damage|p2a: Grimmsnarl|67/100
|
|t:|1664764709
|switch|p1a: Ribombee|Ribombee, F|100/100|[from]move: Volt Switch
|
|upkeep
|turn|4
|
|t:|1664764713
|move|p2a: Grimmsnarl|Taunt|p1a: Ribombee
|-start|p1a: Ribombee|move: Taunt
|cant|p1a: Ribombee|move: Taunt|Sticky Web
|
|upkeep
|turn|5
|
|t:|1664764720
|move|p2a: Grimmsnarl|Thunder Wave|p1a: Ribombee
|-status|p1a: Ribombee|par
|move|p1a: Ribombee|U-turn|p2a: Grimmsnarl
|-damage|p2a: Grimmsnarl|60/100
|
|t:|1664764725
|switch|p1a: Tapu Koko|Tapu Koko|100/100|[from]move: U-turn
|
|upkeep
|turn|6
|
|t:|1664764729
|switch|p2a: Garchomp|Garchomp, M|100/100
|move|p1a: Tapu Koko|Volt Switch|p2a: Garchomp
|-immune|p2a: Garchomp
|
|-fieldend|move: Electric Terrain
|upkeep
|turn|7
|
|t:|1664764749
|switch|p1a: Ribombee|Ribombee, F|100/100 par
|move|p2a: Garchomp|Earthquake|p1a: Ribombee
|-resisted|p1a: Ribombee
|-damage|p1a: Ribombee|56/100 par
|
|upkeep
|turn|8
|
|t:|1664764756
|move|p2a: Garchomp|Iron Head|p1a: Ribombee
|-supereffective|p1a: Ribombee
|-damage|p1a: Ribombee|0 fnt
|faint|p1a: Ribombee
|
|upkeep
|
|t:|1664764762
|switch|p1a: Landorus|Landorus-Therian, M|100/100
|-ability|p1a: Landorus|Intimidate|boost
|-unboost|p2a: Garchomp|atk|1
|turn|9
|
|t:|1664764786
|switch|p2a: Alakazam|Alakazam, M|100/100
|move|p1a: Landorus|Earthquake|p2a: Alakazam
|-damage|p2a: Alakazam|0 fnt
|faint|p2a: Alakazam
|
|-sideend|p2: BishopDonCLoco|move: Light Screen
|upkeep
|
|t:|1664764793
|switch|p2a: Grimmsnarl|Grimmsnarl, M|60/100
|turn|10
|
|t:|1664764797
|move|p2a: Grimmsnarl|Light Screen|p2a: Grimmsnarl
|-sidestart|p2: BishopDonCLoco|move: Light Screen
|move|p1a: Landorus|Earthquake|p2a: Grimmsnarl
|-damage|p2a: Grimmsnarl|23/100
|
|-sideend|p2: BishopDonCLoco|Reflect
|upkeep
|turn|11
|
|t:|1664764804
|move|p2a: Grimmsnarl|Reflect|p2a: Grimmsnarl
|-sidestart|p2: BishopDonCLoco|Reflect
|move|p1a: Landorus|Earthquake|p2a: Grimmsnarl
|-damage|p2a: Grimmsnarl|0 fnt
|faint|p2a: Grimmsnarl
|
|upkeep
|
|t:|1664764815
|switch|p2a: Blastoise|Blastoise, M|100/100
|turn|12
|
|t:|1664764825
|move|p1a: Landorus|Earthquake|p2a: Blastoise
|-damage|p2a: Blastoise|55/100
|move|p2a: Blastoise|Shell Smash|p2a: Blastoise
|-unboost|p2a: Blastoise|def|1
|-unboost|p2a: Blastoise|spd|1
|-boost|p2a: Blastoise|atk|2
|-boost|p2a: Blastoise|spa|2
|-boost|p2a: Blastoise|spe|2
|-enditem|p2a: Blastoise|White Herb
|-clearnegativeboost|p2a: Blastoise|[silent]
|
|upkeep
|turn|13
|
|t:|1664764840
|switch|p1a: Tyranitar|Tyranitar, F|100/100
|-weather|Sandstorm|[from] ability: Sand Stream|[of] p1a: Tyranitar
|move|p2a: Blastoise|Surf|p1a: Tyranitar
|-supereffective|p1a: Tyranitar
|-damage|p1a: Tyranitar|8/100
|
|-weather|Sandstorm|[upkeep]
|-damage|p2a: Blastoise|49/100|[from] Sandstorm
|upkeep
|turn|14
|
|t:|1664764849
|move|p2a: Blastoise|Surf|p1a: Tyranitar
|-supereffective|p1a: Tyranitar
|-crit|p1a: Tyranitar
|-damage|p1a: Tyranitar|0 fnt
|faint|p1a: Tyranitar
|
|-weather|Sandstorm|[upkeep]
|-damage|p2a: Blastoise|43/100|[from] Sandstorm
|upkeep
|
|t:|1664764850
|switch|p1a: Regieleki|Regieleki|100/100
|turn|15
|
|t:|1664764863
|move|p1a: Regieleki|Volt Switch|p2a: Blastoise
|-supereffective|p2a: Blastoise
|-damage|p2a: Blastoise|0 fnt
|faint|p2a: Blastoise
|
|t:|1664764872
|switch|p1a: Landorus|Landorus-Therian, M|100/100|[from]move: Volt Switch
|
|-weather|Sandstorm|[upkeep]
|upkeep
|
|t:|1664764888
|switch|p2a: Blaziken|Blaziken, M|100/100
|turn|16
|
|t:|1664764892
|move|p1a: Landorus|Earthquake|p2a: Blaziken
|-supereffective|p2a: Blaziken
|-damage|p2a: Blaziken|0 fnt
|faint|p2a: Blaziken
|
|-weather|Sandstorm|[upkeep]
|upkeep
|
|t:|1664764899
|switch|p2a: Garchomp|Garchomp, M|100/100
|turn|17
|
|t:|1664764905
|move|p1a: Landorus|Earthquake|p2a: Garchomp
|-damage|p2a: Garchomp|61/100
|move|p2a: Garchomp|Swords Dance|p2a: Garchomp
|-boost|p2a: Garchomp|atk|2
|
|-weather|none
|-sideend|p2: BishopDonCLoco|move: Light Screen
|upkeep
|turn|18
|
|t:|1664764915
|switch|p1a: Tapu Koko|Tapu Koko|100/100
|-fieldstart|move: Electric Terrain|[from] ability: Electric Surge|[of] p1a: Tapu Koko
|move|p2a: Garchomp|Dragon Claw|p1a: Tapu Koko
|-immune|p1a: Tapu Koko
|
|-sideend|p2: BishopDonCLoco|Reflect
|upkeep
|turn|19
|
|t:|1664764923
|move|p1a: Tapu Koko|Dazzling Gleam|p2a: Garchomp
|-supereffective|p2a: Garchomp
|-damage|p2a: Garchomp|0 fnt
|faint|p2a: Garchomp
|
|upkeep
|
|t:|1664764926
|switch|p2a: Kartana|Kartana|100/100
|turn|20
|
|t:|1664764931
|move|p1a: Tapu Koko|Volt Switch|p2a: Kartana
|-resisted|p2a: Kartana
|-crit|p2a: Kartana
|-damage|p2a: Kartana|18/100
|
|t:|1664764933
|switch|p1a: Zapdos|Zapdos-Galar|100/100|[from]move: Volt Switch
|move|p2a: Kartana|Knock Off|p1a: Zapdos
|-resisted|p1a: Zapdos
|-damage|p1a: Zapdos|66/100
|-enditem|p1a: Zapdos|Choice Band|[from] move: Knock Off|[of] p2a: Kartana
|
|upkeep
|turn|21
|-message|BishopDonCLoco forfeited.
|
|win|someidiot19
|raw|someidiot19's rating: 1570 &rarr; <strong>1586</strong><br />(+16 for winning)
|raw|BishopDonCLoco's rating: 1502 &rarr; <strong>1486</strong><br />(-16 for losing)
|l|☆BishopDonCLoco
