|j|☆jawabarat
|j|☆LolzMachine
|t:|1667654625
|gametype|singles
|player|p1|jawabarat|artist-gen4|1690
|player|p2|LolzMachine|265|1812
|teamsize|p1|6
|teamsize|p2|6
|gen|8
|tier|[Gen 8] OU
|rated|
|rule|Sleep Clause Mod: Limit one foe put to sleep
|rule|Species Clause: Limit one of each Pokémon
|rule|OHKO Clause: OHKO moves are banned
|rule|Evasion Items Clause: Evasion items are banned
|rule|Evasion Moves Clause: Evasion moves are banned
|rule|Endless Battle Clause: Forcing endless battles is banned
|rule|HP Percentage Mod: HP is shown in percentages
|rule|Dynamax Clause: You cannot dynamax
|clearpoke
|poke|p1|Clefable, F|
|poke|p1|Tornadus-Therian, M|
|poke|p1|Toxapex, F|
|poke|p1|Corviknight, F|
|poke|p1|Gastrodon, F|
|poke|p1|Blissey, F|
|poke|p2|Haxorus, M|
|poke|p2|Ferrothorn, F|
|poke|p2|Landorus-Therian, M|
|poke|p2|Tyranitar, M|
|poke|p2|Volcarona, F|
|poke|p2|Buzzwole|
|teampreview
|inactive|Battle timer is ON: inactive players will automatically lose when time's up. (requested by LolzMachine)
|
|t:|1667654657
|start
|switch|p1a: Tornadus|Tornadus-Therian, M|100/100
|switch|p2a: Landorus|Landorus-Therian, M|100/100
|-ability|p2a: Landorus|Intimidate|boost
|-unboost|p1a: Tornadus|atk|1
|turn|1
|
|t:|1667654661
|switch|p2a: Tyranitar|Tyranitar, M|100/100
|-weather|Sandstorm|[from] ability: Sand Stream|[of] p2a: Tyranitar
|move|p1a: Tornadus|Toxic|p2a: Tyranitar
|-status|p2a: Tyranitar|tox
|
|-weather|Sandstorm|[upkeep]
|-damage|p1a: Tornadus|94/100|[from] Sandstorm
|-damage|p2a: Tyranitar|94/100 tox|[from] psn
|upkeep
|turn|2
|
|t:|1667654670
|switch|p1a: Toxapex|Toxapex, F|100/100
|move|p2a: Tyranitar|Dragon Dance|p2a: Tyranitar
|-boost|p2a: Tyranitar|atk|1
|-boost|p2a: Tyranitar|spe|1
|
|-weather|Sandstorm|[upkeep]
|-damage|p1a: Toxapex|94/100|[from] Sandstorm
|-damage|p2a: Tyranitar|82/100 tox|[from] psn
|upkeep
|turn|3
|
|t:|1667654676
|switch|p1a: Corviknight|Corviknight, F|100/100
|-ability|p1a: Corviknight|Pressure
|move|p2a: Tyranitar|Stone Edge|p1a: Corviknight
|-crit|p1a: Corviknight
|-damage|p1a: Corviknight|18/100
|
|-weather|Sandstorm|[upkeep]
|-damage|p2a: Tyranitar|64/100 tox|[from] psn
|upkeep
|turn|4
|
|t:|1667654687
|move|p2a: Tyranitar|Ice Punch|p1a: Corviknight
|-damage|p1a: Corviknight|0 fnt
|faint|p1a: Corviknight
|
|-weather|Sandstorm|[upkeep]
|-damage|p2a: Tyranitar|39/100 tox|[from] psn
|upkeep
|
|t:|1667654690
|switch|p1a: Toxapex|Toxapex, F|100/100
|turn|5
|
|t:|1667654693
|move|p2a: Tyranitar|Stone Edge|p1a: Toxapex
|-damage|p1a: Toxapex|41/100
|move|p1a: Toxapex|Recover|p1a: Toxapex
|-heal|p1a: Toxapex|91/100
|
|-weather|none
|-damage|p2a: Tyranitar|8/100 tox|[from] psn
|upkeep
|turn|6
|
|t:|1667654700
|switch|p2a: Landorus|Landorus-Therian, M|100/100
|-ability|p2a: Landorus|Intimidate|boost
|-unboost|p1a: Toxapex|atk|1
|move|p1a: Toxapex|Recover|p1a: Toxapex
|-heal|p1a: Toxapex|100/100
|
|upkeep
|turn|7
|
|t:|1667654707
|move|p2a: Landorus|Smack Down|p1a: Toxapex
|-damage|p1a: Toxapex|88/100
|move|p1a: Toxapex|Toxic|p2a: Landorus
|-status|p2a: Landorus|tox
|
|-damage|p2a: Landorus|95/100 tox|[from] psn
|upkeep
|turn|8
|
|t:|1667654716
|switch|p1a: Tornadus|Tornadus-Therian, M|100/100
|move|p2a: Landorus|Earthquake|p1a: Tornadus
|-immune|p1a: Tornadus
|
|-damage|p2a: Landorus|83/100 tox|[from] psn
|upkeep
|turn|9
|
|t:|1667654723
|switch|p2a: Tyranitar|Tyranitar, M|8/100 tox
|-weather|Sandstorm|[from] ability: Sand Stream|[of] p2a: Tyranitar
|move|p1a: Tornadus|Nasty Plot|p1a: Tornadus
|-boost|p1a: Tornadus|spa|2
|
|-weather|Sandstorm|[upkeep]
|-damage|p1a: Tornadus|94/100|[from] Sandstorm
|-damage|p2a: Tyranitar|2/100 tox|[from] psn
|upkeep
|turn|10
|
|t:|1667654727
|move|p1a: Tornadus|Hurricane|p2a: Tyranitar
|-resisted|p2a: Tyranitar
|-damage|p2a: Tyranitar|0 fnt
|faint|p2a: Tyranitar
|
|-weather|Sandstorm|[upkeep]
|-damage|p1a: Tornadus|88/100|[from] Sandstorm
|upkeep
|
|t:|1667654732
|switch|p2a: Haxorus|Haxorus, M|100/100
|-ability|p2a: Haxorus|Mold Breaker
|turn|11
|
|t:|1667654735
|move|p1a: Tornadus|Hurricane|p2a: Haxorus
|-damage|p2a: Haxorus|0 fnt
|faint|p2a: Haxorus
|
|-weather|Sandstorm|[upkeep]
|-damage|p1a: Tornadus|82/100|[from] Sandstorm
|upkeep
|
|t:|1667654746
|switch|p2a: Landorus|Landorus-Therian, M|83/100 tox
|-ability|p2a: Landorus|Intimidate|boost
|-unboost|p1a: Tornadus|atk|1
|turn|12
|
|t:|1667654749
|move|p1a: Tornadus|Hurricane|p2a: Landorus
|-damage|p2a: Landorus|0 fnt
|faint|p2a: Landorus
|
|-weather|Sandstorm|[upkeep]
|-damage|p1a: Tornadus|76/100|[from] Sandstorm
|upkeep
|
|t:|1667654751
|switch|p2a: Volcarona|Volcarona, F|100/100
|turn|13
|
|t:|1667654757
|move|p1a: Tornadus|Hurricane|p2a: Volcarona
|-supereffective|p2a: Volcarona
|-damage|p2a: Volcarona|0 fnt
|faint|p2a: Volcarona
|
|-weather|none
|upkeep
|-message|LolzMachine forfeited.
|
|win|jawabarat
|raw|jawabarat's rating: 1690 &rarr; <strong>1717</strong><br />(+27 for winning)
|raw|LolzMachine's rating: 1812 &rarr; <strong>1785</strong><br />(-27 for losing)
|l|☆LolzMachine
||Ladder isn't responding, score probably updated but might not have (Request timeout).
