|j|☆Seasons In the Sun
|j|☆The Last Hero
|t:|1607444465
|player|p1|Seasons In the Sun|wally|1792
|player|p2|The Last Hero|acetrainersnow|1842
|teamsize|p1|6
|teamsize|p2|6
|gametype|singles
|gen|8
|tier|[Gen 8] OU
|rated|
|clearpoke
|poke|p1|Luxray, F|
|poke|p1|Tapu Koko|
|poke|p1|Hawlucha, F|
|poke|p1|Rillaboom, M|
|poke|p1|Crawdaunt, F|
|poke|p1|Cinderace, F|
|poke|p2|Tyranitar, F|
|poke|p2|Garchomp, M|
|poke|p2|Magnezone|
|poke|p2|Clefable, F|
|poke|p2|Mantine, M|
|poke|p2|Cinderace, M|
|rule|Sleep Clause Mod: Limit one foe put to sleep
|rule|Species Clause: Limit one of each Pokémon
|rule|OHKO Clause: OHKO moves are banned
|rule|Evasion Moves Clause: Evasion moves are banned
|rule|Endless Battle Clause: Forcing endless battles is banned
|rule|HP Percentage Mod: HP is shown in percentages
|rule|Dynamax Clause: You cannot dynamax
|teampreview
|j| TRD15
|inactive|Battle timer is ON: inactive players will automatically lose when time's up. (requested by The Last Hero)
|j| ATestTesterTesting
|inactive|Seasons In the Sun has 120 seconds left.
|j| Jynx Nuggets
|l| ATestTesterTesting
|c| Jynx Nuggets|interesting
|l| TRD15
|inactive|Seasons In the Sun has 90 seconds left.
|j| cancerpeter
|
|t:|1607444572
|start
|switch|p1a: Tapu Koko|Tapu Koko|100/100
|switch|p2a: Sonic|Cinderace, M|100/100
|-fieldstart|move: Electric Terrain|[from] ability: Electric Surge|[of] p1a: Tapu Koko
|turn|1
|
|t:|1607444576
|move|p2a: Sonic|Gunk Shot|p1a: Tapu Koko|[miss]
|-start|p2a: Sonic|typechange|Poison|[from] ability: Libero
|-miss|p2a: Sonic|p1a: Tapu Koko
|move|p1a: Tapu Koko|Reflect|p1a: Tapu Koko
|-sidestart|p1: Seasons In the Sun|Reflect
|
|upkeep
|turn|2
|j| rer3r43r3r3r43
|
|t:|1607444592
|move|p2a: Sonic|Gunk Shot|p1a: Tapu Koko
|-supereffective|p1a: Tapu Koko
|-damage|p1a: Tapu Koko|34/100
|-status|p1a: Tapu Koko|psn
|move|p1a: Tapu Koko|Volt Switch|p2a: Sonic
|-damage|p2a: Sonic|55/100
|j| blessed days
|
|t:|1607444608
|switch|p1a: Luxray|Luxray, F|100/100|[from]move: Volt Switch
|
|-status|p1a: Luxray|brn|[from] item: Flame Orb
|upkeep
|turn|3
|j| pojlbugoljk
|
|t:|1607444621
|switch|p2a: Jurasica|Tyranitar, F|100/100
|-weather|Sandstorm|[from] ability: Sand Stream|[of] p2a: Jurasica
|move|p1a: Luxray|Agility|p1a: Luxray
|-boost|p1a: Luxray|spe|2
|
|-weather|Sandstorm|[upkeep]
|-damage|p1a: Luxray|95/100 brn|[from] Sandstorm
|-damage|p1a: Luxray|89/100 brn|[from] brn
|upkeep
|turn|4
|
|t:|1607444628
|switch|p2a: Magnetroll|Magnezone|100/100
|move|p1a: Luxray|Superpower|p2a: Magnetroll
|-supereffective|p2a: Magnetroll
|-damage|p2a: Magnetroll|0 fnt
|-unboost|p1a: Luxray|atk|1
|-unboost|p1a: Luxray|def|1
|faint|p2a: Magnetroll
|
|-weather|Sandstorm|[upkeep]
|-damage|p1a: Luxray|83/100 brn|[from] Sandstorm
|-damage|p1a: Luxray|77/100 brn|[from] brn
|upkeep
|j| AnimaticLunatic
|
|t:|1607444635
|switch|p2a: Chompy|Garchomp, M|100/100
|turn|5
|
|t:|1607444642
|move|p1a: Luxray|Ice Fang|p2a: Chompy
|-supereffective|p2a: Chompy
|-damage|p2a: Chompy|15/100
|cant|p2a: Chompy|flinch
|
|-weather|Sandstorm|[upkeep]
|-damage|p1a: Luxray|71/100 brn|[from] Sandstorm
|-heal|p2a: Chompy|22/100|[from] item: Leftovers
|-damage|p1a: Luxray|65/100 brn|[from] brn
|-fieldend|move: Electric Terrain
|upkeep
|turn|6
|c| rer3r43r3r3r43|omg
|
|t:|1607444654
|switch|p2a: Fabiole|Clefable, F|100/100
|move|p1a: Luxray|Ice Fang|p2a: Fabiole
|-damage|p2a: Fabiole|85/100
|
|-weather|Sandstorm|[upkeep]
|-damage|p1a: Luxray|59/100 brn|[from] Sandstorm
|-heal|p2a: Fabiole|91/100|[from] item: Leftovers
|-damage|p1a: Luxray|53/100 brn|[from] brn
|upkeep
|turn|7
|
|t:|1607444662
|switch|p1a: Tapu Koko|Tapu Koko|34/100 psn
|-fieldstart|move: Electric Terrain|[from] ability: Electric Surge|[of] p1a: Tapu Koko
|move|p2a: Fabiole|Soft-Boiled|p2a: Fabiole
|-heal|p2a: Fabiole|100/100
|
|-weather|Sandstorm|[upkeep]
|-damage|p1a: Tapu Koko|28/100 psn|[from] Sandstorm
|-damage|p1a: Tapu Koko|16/100 psn|[from] psn
|upkeep
|turn|8
|c| Jynx Nuggets|Volkner liked
|
|t:|1607444677
|switch|p2a: Chompy|Garchomp, M|22/100
|move|p1a: Tapu Koko|Light Screen|p1a: Tapu Koko
|-sidestart|p1: Seasons In the Sun|move: Light Screen
|
|-weather|Sandstorm|[upkeep]
|-damage|p1a: Tapu Koko|10/100 psn|[from] Sandstorm
|-heal|p2a: Chompy|28/100|[from] item: Leftovers
|-damage|p1a: Tapu Koko|0 fnt|[from] psn
|faint|p1a: Tapu Koko
|-sideend|p1: Seasons In the Sun|Reflect
|upkeep
|c| cancerpeter|lucky burn...
|c| cancerpeter|kek
|c| rer3r43r3r3r43|xd
|inactive|Seasons In the Sun has 120 seconds left.
|j| amphilol
|j| tyiyiyiyu
|
|t:|1607444712
|switch|p1a: Hawlucha|Hawlucha, F|100/100
|-enditem|p1a: Hawlucha|Electric Seed
|-boost|p1a: Hawlucha|def|1|[from] item: Electric Seed
|turn|9
|
|t:|1607444725
|switch|p2a: Mantarraya|Mantine, M|100/100
|move|p1a: Hawlucha|Swords Dance|p1a: Hawlucha
|-boost|p1a: Hawlucha|atk|2
|
|-weather|Sandstorm|[upkeep]
|-damage|p1a: Hawlucha|94/100|[from] Sandstorm
|-damage|p2a: Mantarraya|94/100|[from] Sandstorm
|upkeep
|turn|10
|j| Plasmeek
|inactive|Seasons In the Sun has 120 seconds left.
|l| AnimaticLunatic
|c| amphilol|mans running luxray what a champ
|j| lasdkjlasdjld
|inactive|Seasons In the Sun has 90 seconds left.
|
|t:|1607444767
|move|p1a: Hawlucha|Acrobatics|p2a: Mantarraya
|-damage|p2a: Mantarraya|7/100
|move|p2a: Mantarraya|Haze|p2a: Mantarraya
|-clearallboost
|
|-weather|none
|upkeep
|turn|11
|inactive|Seasons In the Sun has 90 seconds left.
|
|t:|1607444783
|move|p1a: Hawlucha|Swords Dance|p1a: Hawlucha
|-boost|p1a: Hawlucha|atk|2
|move|p2a: Mantarraya|Haze|p2a: Mantarraya
|-clearallboost
|
|-fieldend|move: Electric Terrain
|upkeep
|turn|12
|
|t:|1607444786
|move|p1a: Hawlucha|Acrobatics|p2a: Mantarraya
|-damage|p2a: Mantarraya|0 fnt
|faint|p2a: Mantarraya
|
|upkeep
|
|t:|1607444788
|switch|p2a: Fabiole|Clefable, F|100/100
|turn|13
|
|t:|1607444792
|move|p1a: Hawlucha|Swords Dance|p1a: Hawlucha
|-boost|p1a: Hawlucha|atk|2
|move|p2a: Fabiole|Moonblast|p1a: Hawlucha
|-supereffective|p1a: Hawlucha
|-damage|p1a: Hawlucha|40/100
|
|upkeep
|turn|14
|
|t:|1607444798
|move|p1a: Hawlucha|Acrobatics|p2a: Fabiole
|-damage|p2a: Fabiole|31/100
|move|p2a: Fabiole|Moonblast|p1a: Hawlucha
|-supereffective|p1a: Hawlucha
|-damage|p1a: Hawlucha|0 fnt
|faint|p1a: Hawlucha
|
|-heal|p2a: Fabiole|37/100|[from] item: Leftovers
|upkeep
|
|t:|1607444809
|switch|p1a: Crawdaunt|Crawdaunt, F|100/100
|turn|15
|c| cancerpeter|this wins
|
|t:|1607444824
|move|p1a: Crawdaunt|Crabhammer|p2a: Fabiole
|-damage|p2a: Fabiole|0 fnt
|-damage|p1a: Crawdaunt|91/100|[from] item: Life Orb
|faint|p2a: Fabiole
|
|-sideend|p1: Seasons In the Sun|move: Light Screen
|upkeep
|c|☆The Last Hero|he won turn 1
|j| Boi 240
|
|t:|1607444832
|switch|p2a: Jurasica|Tyranitar, F|100/100
|-weather|Sandstorm|[from] ability: Sand Stream|[of] p2a: Jurasica
|turn|16
|c|☆Seasons In the Sun|srry bout the dodge
|j| GassyGhastly
|c|☆Seasons In the Sun|on gunk
|inactive|Seasons In the Sun has 120 seconds left.
|
|t:|1607444840
|move|p1a: Crawdaunt|Crabhammer|p2a: Jurasica
|-supereffective|p2a: Jurasica
|-damage|p2a: Jurasica|0 fnt
|-damage|p1a: Crawdaunt|81/100|[from] item: Life Orb
|faint|p2a: Jurasica
|
|-weather|Sandstorm|[upkeep]
|-damage|p1a: Crawdaunt|75/100|[from] Sandstorm
|upkeep
|c| amphilol|more like jukes
|
|t:|1607444844
|switch|p2a: Chompy|Garchomp, M|28/100
|turn|17
|c| lasdkjlasdjld|can win cinda
|inactive|Seasons In the Sun has 120 seconds left.
|
|t:|1607444867
|move|p1a: Crawdaunt|Aqua Jet|p2a: Chompy
|-damage|p2a: Chompy|0 fnt
|-damage|p1a: Crawdaunt|65/100|[from] item: Life Orb
|faint|p2a: Chompy
|
|-weather|Sandstorm|[upkeep]
|-damage|p1a: Crawdaunt|59/100|[from] Sandstorm
|upkeep
|c| cancerpeter|inb4 sand veil hax
|j| TRoNxGamer88
|
|t:|1607444871
|switch|p2a: Sonic|Cinderace, M|55/100
|turn|18
|
|t:|1607444876
|move|p1a: Crawdaunt|Aqua Jet|p2a: Sonic
|-supereffective|p2a: Sonic
|-damage|p2a: Sonic|0 fnt
|-damage|p1a: Crawdaunt|50/100|[from] item: Life Orb
|faint|p2a: Sonic
|
|win|Seasons In the Sun
|l|☆The Last Hero
|l| pojlbugoljk
|l| amphilol
|l| cancerpeter
|l| GassyGhastly
|c| Boi 240|Epic battle
||Ladder (probably) updated, but score could not be retrieved (Request timeout).
