|j|‽not mb
|j|☆HOF69
|t:|1623691887
|gametype|singles
|player|p1|not mb|170|1883
|player|p2|HOF69|red|1933
|teamsize|p1|6
|teamsize|p2|6
|gen|8
|tier|[Gen 8] OU
|rated|
|rule|Sleep Clause Mod: Limit one foe put to sleep
|rule|Species Clause: Limit one of each Pokémon
|rule|OHKO Clause: OHKO moves are banned
|rule|Evasion Moves Clause: Evasion moves are banned
|rule|Endless Battle Clause: Forcing endless battles is banned
|rule|HP Percentage Mod: HP is shown in percentages
|rule|Dynamax Clause: You cannot dynamax
|clearpoke
|poke|p1|Nidoking, M|
|poke|p1|Slowbro, F|
|poke|p1|Tapu Lele|
|poke|p1|Zeraora|
|poke|p1|Heatran, F|
|poke|p1|Mandibuzz, F|
|poke|p2|Volcarona, M|
|poke|p2|Gengar, M|
|poke|p2|Tapu Lele|
|poke|p2|Krookodile, M|
|poke|p2|Landorus-Therian, M|
|poke|p2|Kartana|
|teampreview
|j| qwertysadge
|inactive|Battle timer is ON: inactive players will automatically lose when time's up. (requested by HOF69)
|j| hypervortexreturns
|j| Bunny girl mai
|
|t:|1623691933
|start
|switch|p1a: Slowbro|Slowbro, F|100/100
|switch|p2a: Krookodile|Krookodile, M|100/100
|-ability|p2a: Krookodile|Intimidate|boost
|-unboost|p1a: Slowbro|atk|1
|turn|1
|-activate|p1a: Slowbro|item: Quick Claw
|
|t:|1623691937
|move|p1a: Slowbro|Scald|p2a: Krookodile
|-supereffective|p2a: Krookodile
|-damage|p2a: Krookodile|23/100
|move|p2a: Krookodile|Stealth Rock|p1a: Slowbro
|-sidestart|p1: not mb|move: Stealth Rock
|
|upkeep
|turn|2
|
|t:|1623691956
|move|p2a: Krookodile|Knock Off|p1a: Slowbro
|-supereffective|p1a: Slowbro
|-damage|p1a: Slowbro|50/100
|-enditem|p1a: Slowbro|Quick Claw|[from] move: Knock Off|[of] p2a: Krookodile
|move|p1a: Slowbro|Future Sight|p2a: Krookodile
|-start|p1a: Slowbro|move: Future Sight
|
|upkeep
|turn|3
|
|t:|1623691963
|move|p2a: Krookodile|Knock Off|p1a: Slowbro
|-supereffective|p1a: Slowbro
|-damage|p1a: Slowbro|16/100
|move|p1a: Slowbro|Scald|p2a: Krookodile
|-supereffective|p2a: Krookodile
|-damage|p2a: Krookodile|0 fnt
|faint|p2a: Krookodile
|
|upkeep
|l| hypervortexreturns
|j| ggggggghh
|
|t:|1623691982
|switch|p2a: Landorus|Landorus-Therian, M|100/100
|-ability|p2a: Landorus|Intimidate|boost
|-unboost|p1a: Slowbro|atk|1
|turn|4
|
|t:|1623691994
|switch|p1a: Nidoking|Nidoking, M|100/100
|-damage|p1a: Nidoking|95/100|[from] Stealth Rock
|move|p2a: Landorus|U-turn|p1a: Nidoking
|-resisted|p1a: Nidoking
|-damage|p1a: Nidoking|74/100
|c| Bunny girl mai|k
|
|t:|1623692005
|switch|p2a: Tapu Lele|Tapu Lele|100/100|[from]move: U-turn
|-fieldstart|move: Psychic Terrain|[from] ability: Psychic Surge|[of] p2a: Tapu Lele
|
|-end|p2a: Tapu Lele|move: Future Sight
|-resisted|p2a: Tapu Lele
|-damage|p2a: Tapu Lele|71/100
|upkeep
|turn|5
|j| i gonna die young
|
|t:|1623692012
|move|p1a: Nidoking|Sludge Wave|p2a: Tapu Lele
|-supereffective|p2a: Tapu Lele
|-damage|p2a: Tapu Lele|0 fnt
|faint|p2a: Tapu Lele
|
|upkeep
|c| Bunny girl mai|OK?
|j| plushiez
|
|t:|1623692028
|switch|p2a: Gengar|Gengar, M, shiny|100/100
|turn|6
|inactive|not mb has 120 seconds left.
|
|t:|1623692064
|switch|p1a: Mandibuzz|Mandibuzz, F|100/100
|move|p2a: Gengar|Shadow Ball|p1a: Mandibuzz
|-resisted|p1a: Mandibuzz
|-damage|p1a: Mandibuzz|83/100
|
|upkeep
|turn|7
|
|t:|1623692069
|move|p2a: Gengar|Taunt|p1a: Mandibuzz
|-start|p1a: Mandibuzz|move: Taunt
|cant|p1a: Mandibuzz|move: Taunt|Defog
|
|upkeep
|turn|8
|c| Bunny girl mai|:O
|
|t:|1623692076
|move|p2a: Gengar|Sludge Wave|p1a: Mandibuzz
|-damage|p1a: Mandibuzz|43/100
|move|p1a: Mandibuzz|Foul Play|p2a: Gengar
|-supereffective|p2a: Gengar
|-damage|p2a: Gengar|38/100
|-start|p1a: Mandibuzz|Disable|Foul Play|[from] ability: Cursed Body|[of] p2a: Gengar
|
|-fieldend|move: Psychic Terrain
|upkeep
|turn|9
|c| Bunny girl mai|haha :)
|
|t:|1623692084
|switch|p1a: Zeraora|Zeraora|100/100
|move|p2a: Gengar|Sludge Wave|p1a: Zeraora
|-damage|p1a: Zeraora|39/100
|
|upkeep
|turn|10
|
|t:|1623692094
|switch|p1a: Mandibuzz|Mandibuzz, F|43/100
|switch|p2a: Landorus|Landorus-Therian, M|100/100
|-ability|p2a: Landorus|Intimidate|boost
|-unboost|p1a: Mandibuzz|atk|1
|
|upkeep
|turn|11
|c| Bunny girl mai|oh dang!
|
|t:|1623692109
|move|p2a: Landorus|Smack Down|p1a: Mandibuzz
|-supereffective|p1a: Mandibuzz
|-damage|p1a: Mandibuzz|20/100
|-start|p1a: Mandibuzz|Smack Down
|move|p1a: Mandibuzz|Roost|p1a: Mandibuzz
|-heal|p1a: Mandibuzz|70/100
|-singleturn|p1a: Mandibuzz|move: Roost
|
|upkeep
|turn|12
|
|t:|1623692113
|move|p2a: Landorus|U-turn|p1a: Mandibuzz
|-damage|p1a: Mandibuzz|53/100
|
|t:|1623692116
|switch|p2a: Gengar|Gengar, M, shiny|38/100|[from]move: U-turn
|move|p1a: Mandibuzz|Defog|p2a: Gengar
|-unboost|p2a: Gengar|evasion|1
|-sideend|p1: not mb|Stealth Rock|[from] move: Defog|[of] p1a: Mandibuzz
|
|upkeep
|turn|13
|c| Bunny girl mai|good smack
|
|t:|1623692123
|switch|p1a: Nidoking|Nidoking, M|74/100
|move|p2a: Gengar|Sludge Wave|p1a: Nidoking
|-resisted|p1a: Nidoking
|-damage|p1a: Nidoking|57/100
|
|upkeep
|turn|14
|j| Red likes Reddit
|
|t:|1623692133
|move|p1a: Nidoking|Ice Beam|p2a: Gengar
|-damage|p2a: Gengar|0 fnt
|faint|p2a: Gengar
|
|upkeep
|c| Bunny girl mai|hp ground volc wins
|
|t:|1623692142
|switch|p2a: Volcarona|Volcarona, M|100/100
|turn|15
|
|t:|1623692147
|switch|p2a: Landorus|Landorus-Therian, M|100/100
|-ability|p2a: Landorus|Intimidate|boost
|-unboost|p1a: Nidoking|atk|1
|move|p1a: Nidoking|Ice Beam|p2a: Landorus
|-supereffective|p2a: Landorus
|-damage|p2a: Landorus|13/100
|
|upkeep
|turn|16
|-message|HOF69 forfeited.
|
|win|not mb
|l|☆HOF69
|raw|not mb's rating: 1883 &rarr; <strong>1906</strong><br />(+23 for winning)
|raw|HOF69's rating: 1933 &rarr; <strong>1910</strong><br />(-23 for losing)
|l| i gonna die young
|l| qwertysadge
|l| Red likes Reddit
||Ladder isn't responding, score probably updated but might not have (Request timeout).
|l| Bunny girl mai
