|html|<div class="broadcast-blue"><strong>[Gen 8] OU is currently suspecting Spectrier! For information on how to participate check out the <a href="https://www.smogon.com/forums/threads/np-ss-ou-suspect-process-round-9-old-town-road.3676744/">suspect thread</a>.</strong></div>
|j|☆Tirkys
|j|☆Rispardal
|t:|1611759486
|player|p1|Tirkys|hilda-dueldisk|1476
|player|p2|Rispardal|101|1428
|teamsize|p1|6
|teamsize|p2|6
|gametype|singles
|gen|8
|tier|[Gen 8] OU
|rated|
|clearpoke
|poke|p1|Volcarona, F|
|poke|p1|Quagsire, F|
|poke|p1|Xatu, F|
|poke|p1|Drapion, M|
|poke|p1|Bronzong|
|poke|p1|Ninetales-Alola, M|
|poke|p2|Aegislash, F|
|poke|p2|Volcarona, F|
|poke|p2|Tapu Fini|
|poke|p2|Corviknight, M|
|poke|p2|Nidoking, M|
|poke|p2|Ditto|
|rule|Sleep Clause Mod: Limit one foe put to sleep
|rule|Species Clause: Limit one of each Pokémon
|rule|OHKO Clause: OHKO moves are banned
|rule|Evasion Moves Clause: Evasion moves are banned
|rule|Endless Battle Clause: Forcing endless battles is banned
|rule|HP Percentage Mod: HP is shown in percentages
|rule|Dynamax Clause: You cannot dynamax
|teampreview
|inactive|Battle timer is ON: inactive players will automatically lose when time's up. (requested by Tirkys)
|
|t:|1611759496
|start
|switch|p1a: WhiteAlbum|Ninetales-Alola, M|100/100
|switch|p2a: Nidoking|Nidoking, M|100/100
|-weather|Hail|[from] ability: Snow Warning|[of] p1a: WhiteAlbum
|turn|1
|
|t:|1611759498
|move|p1a: WhiteAlbum|Blizzard|p2a: Nidoking
|-supereffective|p2a: Nidoking
|-enditem|p2a: Nidoking|Focus Sash
|-damage|p2a: Nidoking|1/100
|move|p2a: Nidoking|Sludge Wave|p1a: WhiteAlbum
|-supereffective|p1a: WhiteAlbum
|-damage|p1a: WhiteAlbum|0 fnt
|faint|p1a: WhiteAlbum
|
|-weather|Hail|[upkeep]
|-damage|p2a: Nidoking|0 fnt|[from] Hail
|faint|p2a: Nidoking
|upkeep
|
|t:|1611759519
|switch|p1a: Metallica|Bronzong|100/100
|switch|p2a: Aegislash|Aegislash, F|100/100
|turn|2
|
|t:|1611759523
|switch|p1a: Magician'sRed|Volcarona, F|100/100
|move|p2a: Aegislash|Substitute|p2a: Aegislash
|-start|p2a: Aegislash|Substitute
|-damage|p2a: Aegislash|75/100
|
|-weather|Hail|[upkeep]
|-damage|p1a: Magician'sRed|94/100|[from] Hail
|-damage|p2a: Aegislash|69/100|[from] Hail
|-heal|p1a: Magician'sRed|100/100|[from] item: Leftovers
|-heal|p2a: Aegislash|75/100|[from] item: Leftovers
|upkeep
|turn|3
|
|t:|1611759526
|move|p1a: Magician'sRed|Quiver Dance|p1a: Magician'sRed
|-boost|p1a: Magician'sRed|spa|1
|-boost|p1a: Magician'sRed|spd|1
|-boost|p1a: Magician'sRed|spe|1
|move|p2a: Aegislash|Toxic|p1a: Magician'sRed|[miss]
|-miss|p2a: Aegislash|p1a: Magician'sRed
|
|-weather|Hail|[upkeep]
|-damage|p1a: Magician'sRed|94/100|[from] Hail
|-damage|p2a: Aegislash|69/100|[from] Hail
|-heal|p1a: Magician'sRed|100/100|[from] item: Leftovers
|-heal|p2a: Aegislash|75/100|[from] item: Leftovers
|upkeep
|turn|4
|
|t:|1611759532
|switch|p1a: PurpleHaze|Drapion, M|100/100
|move|p2a: Aegislash|Toxic|p1a: PurpleHaze
|-immune|p1a: PurpleHaze
|
|-weather|Hail|[upkeep]
|-damage|p1a: PurpleHaze|94/100|[from] Hail
|-damage|p2a: Aegislash|69/100|[from] Hail
|-heal|p1a: PurpleHaze|100/100|[from] item: Black Sludge
|-heal|p2a: Aegislash|75/100|[from] item: Leftovers
|upkeep
|turn|5
|
|t:|1611759536
|move|p1a: PurpleHaze|Knock Off|p2a: Aegislash
|-supereffective|p2a: Aegislash
|-crit|p2a: Aegislash
|-end|p2a: Aegislash|Substitute
|-formechange|p2a: Aegislash|Aegislash-Blade||[from] ability: Stance Change
|move|p2a: Aegislash|Shadow Ball|p1a: PurpleHaze
|-resisted|p1a: PurpleHaze
|-damage|p1a: PurpleHaze|80/100
|
|-weather|none
|-heal|p1a: PurpleHaze|87/100|[from] item: Black Sludge
|-heal|p2a: Aegislash|82/100|[from] item: Leftovers
|upkeep
|turn|6
|
|t:|1611759539
|-formechange|p2a: Aegislash|Aegislash||[from] ability: Stance Change
|move|p2a: Aegislash|King's Shield|p2a: Aegislash
|-singleturn|p2a: Aegislash|Protect
|move|p1a: PurpleHaze|Knock Off|p2a: Aegislash
|-activate|p2a: Aegislash|move: Protect
|-unboost|p1a: PurpleHaze|atk|1
|
|-heal|p1a: PurpleHaze|93/100|[from] item: Black Sludge
|-heal|p2a: Aegislash|88/100|[from] item: Leftovers
|upkeep
|turn|7
|
|t:|1611759546
|switch|p2a: Corviknight|Corviknight, M|100/100
|-ability|p2a: Corviknight|Pressure
|move|p1a: PurpleHaze|Knock Off|p2a: Corviknight
|-damage|p2a: Corviknight|87/100
|-enditem|p2a: Corviknight|Leftovers|[from] move: Knock Off|[of] p1a: PurpleHaze
|
|-heal|p1a: PurpleHaze|99/100|[from] item: Black Sludge
|upkeep
|turn|8
|
|t:|1611759550
|switch|p1a: StarPlatinum|Quagsire, F, shiny|100/100
|move|p2a: Corviknight|Substitute|p2a: Corviknight
|-start|p2a: Corviknight|Substitute
|-damage|p2a: Corviknight|62/100
|
|upkeep
|turn|9
|
|t:|1611759553
|move|p2a: Corviknight|Bulk Up|p2a: Corviknight
|-boost|p2a: Corviknight|atk|1
|-boost|p2a: Corviknight|def|1
|move|p1a: StarPlatinum|Stockpile|p1a: StarPlatinum
|-start|p1a: StarPlatinum|stockpile1
|-boost|p1a: StarPlatinum|def|1
|-boost|p1a: StarPlatinum|spd|1
|
|upkeep
|turn|10
|
|t:|1611759556
|move|p2a: Corviknight|Brave Bird|p1a: StarPlatinum
|-damage|p1a: StarPlatinum|85/100
|-damage|p2a: Corviknight|57/100|[from] Recoil
|move|p1a: StarPlatinum|Stockpile|p1a: StarPlatinum
|-start|p1a: StarPlatinum|stockpile2
|-boost|p1a: StarPlatinum|def|1
|-boost|p1a: StarPlatinum|spd|1
|
|-heal|p1a: StarPlatinum|91/100|[from] item: Leftovers
|upkeep
|turn|11
|
|t:|1611759562
|switch|p2a: Aegislash|Aegislash, F|88/100
|move|p1a: StarPlatinum|Stockpile|p1a: StarPlatinum
|-start|p1a: StarPlatinum|stockpile3
|-boost|p1a: StarPlatinum|def|1
|-boost|p1a: StarPlatinum|spd|1
|
|-heal|p2a: Aegislash|94/100|[from] item: Leftovers
|-heal|p1a: StarPlatinum|97/100|[from] item: Leftovers
|upkeep
|turn|12
|
|t:|1611759566
|move|p2a: Aegislash|Toxic|p1a: StarPlatinum
|-status|p1a: StarPlatinum|tox
|move|p1a: StarPlatinum|Scald|p2a: Aegislash
|-damage|p2a: Aegislash|77/100
|
|-heal|p2a: Aegislash|84/100|[from] item: Leftovers
|-heal|p1a: StarPlatinum|100/100 tox|[from] item: Leftovers
|-damage|p1a: StarPlatinum|94/100 tox|[from] psn
|upkeep
|turn|13
|
|t:|1611759572
|switch|p2a: Tapu Fini|Tapu Fini|100/100
|-fieldstart|move: Misty Terrain|[from] ability: Misty Surge|[of] p2a: Tapu Fini
|move|p1a: StarPlatinum|Scald|p2a: Tapu Fini
|-resisted|p2a: Tapu Fini
|-damage|p2a: Tapu Fini|93/100
|
|-heal|p2a: Tapu Fini|99/100|[from] item: Leftovers
|-heal|p1a: StarPlatinum|100/100 tox|[from] item: Leftovers
|-damage|p1a: StarPlatinum|88/100 tox|[from] psn
|upkeep
|turn|14
|
|t:|1611759577
|switch|p1a: PurpleHaze|Drapion, M|99/100
|move|p2a: Tapu Fini|Calm Mind|p2a: Tapu Fini
|-boost|p2a: Tapu Fini|spa|1
|-boost|p2a: Tapu Fini|spd|1
|
|-heal|p1a: PurpleHaze|100/100|[from] item: Black Sludge
|-heal|p2a: Tapu Fini|100/100|[from] item: Leftovers
|upkeep
|turn|15
|
|t:|1611759583
|switch|p2a: Corviknight|Corviknight, M|57/100
|-ability|p2a: Corviknight|Pressure
|move|p1a: PurpleHaze|Knock Off|p2a: Corviknight
|-damage|p2a: Corviknight|40/100
|
|upkeep
|turn|16
|
|t:|1611759587
|switch|p1a: StarPlatinum|Quagsire, F, shiny|88/100 tox
|move|p2a: Corviknight|Roost|p2a: Corviknight
|-heal|p2a: Corviknight|90/100
|-singleturn|p2a: Corviknight|move: Roost
|
|-heal|p1a: StarPlatinum|94/100 tox|[from] item: Leftovers
|-damage|p1a: StarPlatinum|88/100 tox|[from] psn
|upkeep
|turn|17
|
|t:|1611759594
|switch|p2a: Tapu Fini|Tapu Fini|100/100
|move|p1a: StarPlatinum|Scald|p2a: Tapu Fini
|-resisted|p2a: Tapu Fini
|-damage|p2a: Tapu Fini|93/100
|
|-heal|p2a: Tapu Fini|99/100|[from] item: Leftovers
|-heal|p1a: StarPlatinum|94/100 tox|[from] item: Leftovers
|-damage|p1a: StarPlatinum|82/100 tox|[from] psn
|-fieldend|Misty Terrain
|upkeep
|turn|18
|
|t:|1611759597
|move|p2a: Tapu Fini|Taunt|p1a: StarPlatinum
|-start|p1a: StarPlatinum|move: Taunt
|cant|p1a: StarPlatinum|move: Taunt|Rest
|
|-heal|p2a: Tapu Fini|100/100|[from] item: Leftovers
|-heal|p1a: StarPlatinum|88/100 tox|[from] item: Leftovers
|-damage|p1a: StarPlatinum|70/100 tox|[from] psn
|upkeep
|turn|19
|
|t:|1611759600
|switch|p1a: ManInTheMirror|Xatu, F|100/100
|move|p2a: Tapu Fini|Scald|p1a: ManInTheMirror
|-damage|p1a: ManInTheMirror|77/100
|-status|p1a: ManInTheMirror|brn
|
|-damage|p1a: ManInTheMirror|71/100 brn|[from] brn
|upkeep
|turn|20
|
|t:|1611759605
|move|p1a: ManInTheMirror|Cosmic Power|p1a: ManInTheMirror
|-boost|p1a: ManInTheMirror|def|1
|-boost|p1a: ManInTheMirror|spd|1
|move|p2a: Tapu Fini|Calm Mind|p2a: Tapu Fini
|-boost|p2a: Tapu Fini|spa|1
|-boost|p2a: Tapu Fini|spd|1
|
|-damage|p1a: ManInTheMirror|65/100 brn|[from] brn
|upkeep
|turn|21
|
|t:|1611759609
|move|p1a: ManInTheMirror|Cosmic Power|p1a: ManInTheMirror
|-boost|p1a: ManInTheMirror|def|1
|-boost|p1a: ManInTheMirror|spd|1
|move|p2a: Tapu Fini|Taunt|p1a: ManInTheMirror
|move|p1a: ManInTheMirror|Taunt|p2a: Tapu Fini|[from]ability: Magic Bounce
|-start|p2a: Tapu Fini|move: Taunt
|
|-damage|p1a: ManInTheMirror|59/100 brn|[from] brn
|upkeep
|turn|22
|
|t:|1611759624
|switch|p2a: Aegislash|Aegislash, F|84/100
|move|p1a: ManInTheMirror|Cosmic Power|p1a: ManInTheMirror
|-boost|p1a: ManInTheMirror|def|1
|-boost|p1a: ManInTheMirror|spd|1
|
|-heal|p2a: Aegislash|90/100|[from] item: Leftovers
|-damage|p1a: ManInTheMirror|53/100 brn|[from] brn
|upkeep
|turn|23
|
|t:|1611759628
|move|p1a: ManInTheMirror|Roost|p1a: ManInTheMirror
|-heal|p1a: ManInTheMirror|100/100 brn
|-singleturn|p1a: ManInTheMirror|move: Roost
|-formechange|p2a: Aegislash|Aegislash-Blade||[from] ability: Stance Change
|move|p2a: Aegislash|Shadow Ball|p1a: ManInTheMirror
|-supereffective|p1a: ManInTheMirror
|-damage|p1a: ManInTheMirror|59/100 brn
|
|-heal|p2a: Aegislash|96/100|[from] item: Leftovers
|-damage|p1a: ManInTheMirror|53/100 brn|[from] brn
|upkeep
|turn|24
|
|t:|1611759636
|-formechange|p2a: Aegislash|Aegislash||[from] ability: Stance Change
|move|p2a: Aegislash|King's Shield|p2a: Aegislash
|-singleturn|p2a: Aegislash|Protect
|move|p1a: ManInTheMirror|Heat Wave|p2a: Aegislash
|-activate|p2a: Aegislash|move: Protect
|
|-heal|p2a: Aegislash|100/100|[from] item: Leftovers
|-damage|p1a: ManInTheMirror|47/100 brn|[from] brn
|upkeep
|turn|25
|
|t:|1611759639
|move|p1a: ManInTheMirror|Cosmic Power|p1a: ManInTheMirror
|-boost|p1a: ManInTheMirror|def|1
|-boost|p1a: ManInTheMirror|spd|1
|move|p2a: Aegislash|Substitute|p2a: Aegislash
|-start|p2a: Aegislash|Substitute
|-damage|p2a: Aegislash|75/100
|
|-heal|p2a: Aegislash|82/100|[from] item: Leftovers
|-damage|p1a: ManInTheMirror|41/100 brn|[from] brn
|upkeep
|turn|26
|
|t:|1611759641
|move|p1a: ManInTheMirror|Roost|p1a: ManInTheMirror
|-heal|p1a: ManInTheMirror|91/100 brn
|-singleturn|p1a: ManInTheMirror|move: Roost
|-formechange|p2a: Aegislash|Aegislash-Blade||[from] ability: Stance Change
|move|p2a: Aegislash|Shadow Ball|p1a: ManInTheMirror
|-supereffective|p1a: ManInTheMirror
|-damage|p1a: ManInTheMirror|60/100 brn
|
|-heal|p2a: Aegislash|88/100|[from] item: Leftovers
|-damage|p1a: ManInTheMirror|54/100 brn|[from] brn
|upkeep
|turn|27
|
|t:|1611759645
|move|p1a: ManInTheMirror|Cosmic Power|p1a: ManInTheMirror
|-boost|p1a: ManInTheMirror|def|1
|-boost|p1a: ManInTheMirror|spd|1
|move|p2a: Aegislash|Shadow Ball|p1a: ManInTheMirror
|-supereffective|p1a: ManInTheMirror
|-crit|p1a: ManInTheMirror
|-damage|p1a: ManInTheMirror|0 fnt
|faint|p1a: ManInTheMirror
|
|-heal|p2a: Aegislash|94/100|[from] item: Leftovers
|upkeep
|-message|Tirkys forfeited.
|
|win|Rispardal
|l|☆Tirkys
