|j|☆old hazard
|j|☆shiawasenostory
|t:|1663307010
|gametype|singles
|player|p1|old hazard|argenta|1630
|player|p2|shiawasenostory|170|1569
|teamsize|p1|6
|teamsize|p2|6
|gen|8
|tier|[Gen 8] OU
|rated|
|rule|Sleep Clause Mod: Limit one foe put to sleep
|rule|Species Clause: Limit one of each Pokémon
|rule|OHKO Clause: OHKO moves are banned
|rule|Evasion Items Clause: Evasion items are banned
|rule|Evasion Moves Clause: Evasion moves are banned
|rule|Endless Battle Clause: Forcing endless battles is banned
|rule|HP Percentage Mod: HP is shown in percentages
|rule|Dynamax Clause: You cannot dynamax
|clearpoke
|poke|p1|Zarude|
|poke|p1|Heatran, M|
|poke|p1|Tornadus-Therian, M|
|poke|p1|Garchomp, M|
|poke|p1|Ferrothorn, M|
|poke|p1|Urshifu-*, F|
|poke|p2|Rillaboom, M|
|poke|p2|Tornadus-Therian, M|
|poke|p2|Blaziken, M|
|poke|p2|Melmetal|
|poke|p2|Garchomp, M|
|poke|p2|Slowbro, F|
|teampreview
|
|t:|1663307025
|start
|switch|p1a: Garchomp|Garchomp, M|100/100
|switch|p2a: Blaziken|Blaziken, M|100/100
|turn|1
|inactive|Battle timer is ON: inactive players will automatically lose when time's up. (requested by old hazard)
|
|t:|1663307031
|switch|p2a: Tornadus|Tornadus-Therian, M|100/100
|move|p1a: Garchomp|Stealth Rock|p2a: Tornadus
|-sidestart|p2: shiawasenostory|move: Stealth Rock
|
|upkeep
|turn|2
|
|t:|1663307033
|move|p2a: Tornadus|Knock Off|p1a: Garchomp
|-damage|p1a: Garchomp|86/100
|-damage|p2a: Tornadus|88/100|[from] ability: Rough Skin|[of] p1a: Garchomp
|-damage|p2a: Tornadus|71/100|[from] item: Rocky Helmet|[of] p1a: Garchomp
|-enditem|p1a: Garchomp|Rocky Helmet|[from] move: Knock Off|[of] p2a: Tornadus
|move|p1a: Garchomp|Toxic|p2a: Tornadus
|-status|p2a: Tornadus|tox
|
|-damage|p2a: Tornadus|65/100 tox|[from] psn
|upkeep
|turn|3
|
|t:|1663307051
|move|p2a: Tornadus|Defog|p1a: Garchomp
|-unboost|p1a: Garchomp|evasion|1
|-sideend|p2: shiawasenostory|Stealth Rock|[from] move: Defog|[of] p2a: Tornadus
|move|p1a: Garchomp|Stealth Rock|p2a: Tornadus
|-sidestart|p2: shiawasenostory|move: Stealth Rock
|
|-damage|p2a: Tornadus|53/100 tox|[from] psn
|upkeep
|turn|4
|
|t:|1663307058
|move|p2a: Tornadus|U-turn|p1a: Garchomp
|-damage|p1a: Garchomp|75/100
|-damage|p2a: Tornadus|41/100 tox|[from] ability: Rough Skin|[of] p1a: Garchomp
|
|t:|1663307061
|switch|p2a: Garchomp|Garchomp, M|100/100|[from]move: U-turn
|-damage|p2a: Garchomp|94/100|[from] Stealth Rock
|move|p1a: Garchomp|Toxic|p2a: Garchomp|[miss]
|-miss|p1a: Garchomp|p2a: Garchomp
|
|-heal|p2a: Garchomp|100/100|[from] item: Leftovers
|upkeep
|turn|5
|
|t:|1663307065
|move|p1a: Garchomp|Toxic|p2a: Garchomp
|-status|p2a: Garchomp|tox
|move|p2a: Garchomp|Toxic|p1a: Garchomp
|-status|p1a: Garchomp|tox
|
|-damage|p1a: Garchomp|69/100 tox|[from] psn
|-damage|p2a: Garchomp|94/100 tox|[from] psn
|upkeep
|turn|6
|
|t:|1663307071
|switch|p1a: Zarude|Zarude|100/100
|move|p2a: Garchomp|Stealth Rock|p1a: Zarude
|-sidestart|p1: old hazard|move: Stealth Rock
|
|-heal|p2a: Garchomp|100/100 tox|[from] item: Leftovers
|-damage|p2a: Garchomp|88/100 tox|[from] psn
|upkeep
|turn|7
|
|t:|1663307080
|switch|p2a: Tornadus|Tornadus-Therian, M|74/100 tox
|move|p1a: Zarude|Bulk Up|p1a: Zarude
|-boost|p1a: Zarude|atk|1
|-boost|p1a: Zarude|def|1
|
|-damage|p2a: Tornadus|68/100 tox|[from] psn
|upkeep
|turn|8
|
|t:|1663307087
|move|p2a: Tornadus|U-turn|p1a: Zarude
|-supereffective|p1a: Zarude
|-damage|p1a: Zarude|66/100
|
|t:|1663307090
|switch|p2a: Blaziken|Blaziken, M|100/100|[from]move: U-turn
|-damage|p2a: Blaziken|88/100|[from] Stealth Rock
|move|p1a: Zarude|Darkest Lariat|p2a: Blaziken
|-resisted|p2a: Blaziken
|-damage|p2a: Blaziken|49/100
|
|-heal|p1a: Zarude|72/100|[from] item: Leftovers
|-heal|p2a: Blaziken|55/100|[from] item: Leftovers
|upkeep
|turn|9
|
|t:|1663307102
|move|p2a: Blaziken|Protect|p2a: Blaziken
|-singleturn|p2a: Blaziken|Protect
|move|p1a: Zarude|Power Whip|p2a: Blaziken
|-activate|p2a: Blaziken|move: Protect
|
|-heal|p1a: Zarude|79/100|[from] item: Leftovers
|-heal|p2a: Blaziken|62/100|[from] item: Leftovers
|-ability|p2a: Blaziken|Speed Boost|boost
|-boost|p2a: Blaziken|spe|1
|upkeep
|turn|10
|
|t:|1663307110
|move|p2a: Blaziken|Close Combat|p1a: Zarude
|-supereffective|p1a: Zarude
|-damage|p1a: Zarude|9/100
|-unboost|p2a: Blaziken|def|1
|-unboost|p2a: Blaziken|spd|1
|move|p1a: Zarude|Power Whip|p2a: Blaziken
|-resisted|p2a: Blaziken
|-damage|p2a: Blaziken|0 fnt
|faint|p2a: Blaziken
|
|-heal|p1a: Zarude|15/100|[from] item: Leftovers
|upkeep
|
|t:|1663307114
|switch|p2a: Rillaboom|Rillaboom, M|100/100
|-damage|p2a: Rillaboom|88/100|[from] Stealth Rock
|-fieldstart|move: Grassy Terrain|[from] ability: Grassy Surge|[of] p2a: Rillaboom
|turn|11
|
|t:|1663307122
|move|p2a: Rillaboom|Grassy Glide|p1a: Zarude
|-resisted|p1a: Zarude
|-damage|p1a: Zarude|2/100
|move|p1a: Zarude|Jungle Healing|p1a: Zarude
|-heal|p1a: Zarude|27/100
|
|-heal|p1a: Zarude|33/100|[from] Grassy Terrain
|-heal|p1a: Zarude|39/100|[from] item: Leftovers
|-heal|p2a: Rillaboom|94/100|[from] Grassy Terrain
|-heal|p2a: Rillaboom|100/100|[from] item: Leftovers
|upkeep
|turn|12
|
|t:|1663307133
|move|p1a: Zarude|Jungle Healing|p1a: Zarude
|-heal|p1a: Zarude|64/100
|move|p2a: Rillaboom|Swords Dance|p2a: Rillaboom
|-boost|p2a: Rillaboom|atk|2
|
|-heal|p1a: Zarude|70/100|[from] Grassy Terrain
|-heal|p1a: Zarude|76/100|[from] item: Leftovers
|upkeep
|turn|13
|
|t:|1663307137
|move|p1a: Zarude|Darkest Lariat|p2a: Rillaboom
|-damage|p2a: Rillaboom|44/100
|move|p2a: Rillaboom|Drain Punch|p1a: Zarude
|-supereffective|p1a: Zarude
|-damage|p1a: Zarude|10/100
|-heal|p2a: Rillaboom|75/100|[from] drain|[of] p1a: Zarude
|
|-heal|p1a: Zarude|16/100|[from] Grassy Terrain
|-heal|p1a: Zarude|22/100|[from] item: Leftovers
|-heal|p2a: Rillaboom|81/100|[from] Grassy Terrain
|-heal|p2a: Rillaboom|88/100|[from] item: Leftovers
|upkeep
|turn|14
|
|t:|1663307149
|move|p1a: Zarude|Power Whip|p2a: Rillaboom
|-resisted|p2a: Rillaboom
|-damage|p2a: Rillaboom|37/100
|move|p2a: Rillaboom|Swords Dance|p2a: Rillaboom
|-boost|p2a: Rillaboom|atk|2
|
|-heal|p1a: Zarude|29/100|[from] Grassy Terrain
|-heal|p1a: Zarude|35/100|[from] item: Leftovers
|-heal|p2a: Rillaboom|43/100|[from] Grassy Terrain
|-heal|p2a: Rillaboom|49/100|[from] item: Leftovers
|upkeep
|turn|15
|
|t:|1663307153
|move|p1a: Zarude|Darkest Lariat|p2a: Rillaboom
|-damage|p2a: Rillaboom|0 fnt
|faint|p2a: Rillaboom
|
|-heal|p1a: Zarude|41/100|[from] Grassy Terrain
|-heal|p1a: Zarude|47/100|[from] item: Leftovers
|-fieldend|move: Grassy Terrain
|upkeep
|-message|shiawasenostory forfeited.
|
|win|old hazard
|raw|old hazard's rating: 1630 &rarr; <strong>1647</strong><br />(+17 for winning)
|raw|shiawasenostory's rating: 1569 &rarr; <strong>1552</strong><br />(-17 for losing)
|l|☆shiawasenostory
