|raw|<div class="broadcast-blue"><strong>This battle is required to be public due to a player having a name prefixed by 'LT71LX'.</div>
|j|☆Shootingwolf
|j|☆lt71lx Reign_X
|t:|1597269746
|player|p1|Shootingwolf|erika|1567
|player|p2|lt71lx Reign_X|169|1575
|teamsize|p1|6
|teamsize|p2|6
|gametype|singles
|gen|8
|tier|[Gen 8] OU
|rated|
|clearpoke
|poke|p1|Volcarona, F|
|poke|p1|Chansey, F|
|poke|p1|Weezing-Galar, M|
|poke|p1|Urshifu-*, M|
|poke|p1|Excadrill, F|
|poke|p1|Kyurem|
|poke|p2|Clefable, F|
|poke|p2|Mandibuzz, F|
|poke|p2|Rillaboom, M|
|poke|p2|Dragapult, M|
|poke|p2|Toxapex, M|
|poke|p2|Magnezone|
|rule|Sleep Clause Mod: Limit one foe put to sleep
|rule|Species Clause: Limit one of each Pokémon
|rule|OHKO Clause: OHKO moves are banned
|rule|Evasion Moves Clause: Evasion moves are banned
|rule|Endless Battle Clause: Forcing endless battles is banned
|rule|HP Percentage Mod: HP is shown in percentages
|rule|Dynamax Clause: You cannot dynamax
|teampreview
|inactive|Battle timer is ON: inactive players will automatically lose when time's up. (requested by lt71lx Reign_X)
|inactive|Shootingwolf has 120 seconds left.
|
|t:|1597269814
|start
|switch|p1a: Excadrill|Excadrill, F, shiny|100/100
|switch|p2a: Magnezone|Magnezone, shiny|100/100
|-ability|p1a: Excadrill|Mold Breaker
|turn|1
|
|t:|1597269826
|switch|p2a: Mandibuzz|Mandibuzz, F, shiny|100/100
|move|p1a: Excadrill|Stealth Rock|p2a: Mandibuzz
|-sidestart|p2: lt71lx Reign_X|move: Stealth Rock
|
|upkeep
|turn|2
|
|t:|1597269830
|move|p1a: Excadrill|Toxic|p2a: Mandibuzz
|-status|p2a: Mandibuzz|tox
|move|p2a: Mandibuzz|Foul Play|p1a: Excadrill
|-damage|p1a: Excadrill|49/100
|
|-heal|p1a: Excadrill|56/100|[from] item: Leftovers
|-damage|p2a: Mandibuzz|94/100 tox|[from] psn
|upkeep
|turn|3
|
|t:|1597269835
|move|p1a: Excadrill|Stealth Rock||[still]
|-fail|p1a: Excadrill
|move|p2a: Mandibuzz|U-turn|p1a: Excadrill
|-resisted|p1a: Excadrill
|-damage|p1a: Excadrill|48/100
|
|t:|1597269838
|switch|p2a: Rillaboom|Rillaboom, M, shiny|100/100|[from]move: U-turn
|-damage|p2a: Rillaboom|88/100|[from] Stealth Rock
|-fieldstart|move: Grassy Terrain|[from] ability: Grassy Surge|[of] p2a: Rillaboom
|
|-heal|p1a: Excadrill|55/100|[from] item: Leftovers
|-heal|p1a: Excadrill|61/100|[from] Grassy Terrain
|-heal|p2a: Rillaboom|94/100|[from] Grassy Terrain
|upkeep
|turn|4
|
|t:|1597269844
|move|p1a: Excadrill|Toxic|p2a: Rillaboom
|-status|p2a: Rillaboom|tox
|move|p2a: Rillaboom|Knock Off|p1a: Excadrill
|-damage|p1a: Excadrill|6/100
|-enditem|p1a: Excadrill|Leftovers|[from] move: Knock Off|[of] p2a: Rillaboom
|-damage|p2a: Rillaboom|84/100 tox|[from] item: Life Orb
|
|-heal|p1a: Excadrill|12/100|[from] Grassy Terrain
|-heal|p2a: Rillaboom|91/100 tox|[from] Grassy Terrain
|-damage|p2a: Rillaboom|84/100 tox|[from] psn
|upkeep
|turn|5
|
|t:|1597269855
|switch|p1a: Volcarona|Volcarona, F, shiny|100/100
|move|p2a: Rillaboom|Grassy Glide|p1a: Volcarona
|-resisted|p1a: Volcarona
|-damage|p1a: Volcarona|82/100
|-damage|p2a: Rillaboom|74/100 tox|[from] item: Life Orb
|
|-heal|p1a: Volcarona|88/100|[from] Grassy Terrain
|-heal|p2a: Rillaboom|81/100 tox|[from] Grassy Terrain
|-damage|p2a: Rillaboom|68/100 tox|[from] psn
|upkeep
|turn|6
|
|t:|1597269882
|switch|p2a: Dragapult|Dragapult, M, shiny|100/100
|move|p1a: Volcarona|Fiery Dance|p2a: Dragapult
|-resisted|p2a: Dragapult
|-damage|p2a: Dragapult|72/100
|
|-heal|p2a: Dragapult|78/100|[from] Grassy Terrain
|-heal|p1a: Volcarona|94/100|[from] Grassy Terrain
|upkeep
|turn|7
|
|t:|1597269888
|switch|p1a: Excadrill|Excadrill, F, shiny|12/100
|-ability|p1a: Excadrill|Mold Breaker
|move|p2a: Dragapult|Thunder Wave|p1a: Excadrill
|-immune|p1a: Excadrill
|
|-heal|p2a: Dragapult|84/100|[from] Grassy Terrain
|-heal|p1a: Excadrill|18/100|[from] Grassy Terrain
|-fieldend|move: Grassy Terrain
|upkeep
|turn|8
|
|t:|1597269901
|move|p2a: Dragapult|Hex|p1a: Excadrill
|-damage|p1a: Excadrill|0 fnt
|faint|p1a: Excadrill
|
|upkeep
|
|t:|1597269907
|switch|p1a: Chansey|Chansey, F, shiny|100/100
|turn|9
|
|t:|1597269909
|move|p2a: Dragapult|U-turn|p1a: Chansey
|-damage|p1a: Chansey|85/100
|
|t:|1597269911
|switch|p2a: Clefable|Clefable, F, shiny|100/100|[from]move: U-turn
|move|p1a: Chansey|Teleport|p1a: Chansey
|
|t:|1597269920
|switch|p1a: Volcarona|Volcarona, F, shiny|94/100|[from]move: Teleport
|
|upkeep
|turn|10
|
|t:|1597269925
|switch|p2a: Dragapult|Dragapult, M, shiny|84/100
|move|p1a: Volcarona|Fiery Dance|p2a: Dragapult
|-resisted|p2a: Dragapult
|-damage|p2a: Dragapult|58/100
|
|upkeep
|turn|11
|
|t:|1597269931
|switch|p1a: Chansey|Chansey, F, shiny|85/100
|move|p2a: Dragapult|Dragon Darts|p1a: Chansey
|-damage|p1a: Chansey|69/100
|-anim|p2a: Dragapult|Dragon Darts|p1a: Chansey
|-damage|p1a: Chansey|54/100
|
|upkeep
|turn|12
|
|t:|1597269937
|move|p2a: Dragapult|Dragon Darts|p1a: Chansey
|-damage|p1a: Chansey|39/100
|-anim|p2a: Dragapult|Dragon Darts|p1a: Chansey
|-damage|p1a: Chansey|23/100
|move|p1a: Chansey|Soft-Boiled|p1a: Chansey
|-heal|p1a: Chansey|73/100
|
|upkeep
|turn|13
|
|t:|1597269942
|move|p2a: Dragapult|U-turn|p1a: Chansey
|-crit|p1a: Chansey
|-damage|p1a: Chansey|50/100
|
|t:|1597269946
|switch|p2a: Magnezone|Magnezone, shiny|100/100|[from]move: U-turn
|-damage|p2a: Magnezone|94/100|[from] Stealth Rock
|move|p1a: Chansey|Toxic|p2a: Magnezone
|-immune|p2a: Magnezone
|
|upkeep
|turn|14
|
|t:|1597269950
|move|p2a: Magnezone|Discharge|p1a: Chansey
|-damage|p1a: Chansey|32/100
|-status|p1a: Chansey|par
|move|p1a: Chansey|Soft-Boiled|p1a: Chansey
|-heal|p1a: Chansey|82/100 par
|
|upkeep
|turn|15
|
|t:|1597269954
|move|p2a: Magnezone|Discharge|p1a: Chansey
|-damage|p1a: Chansey|61/100 par
|move|p1a: Chansey|Teleport|p1a: Chansey
|
|t:|1597269963
|switch|p1a: Volcarona|Volcarona, F, shiny|94/100|[from]move: Teleport
|
|upkeep
|turn|16
|
|t:|1597269968
|move|p1a: Volcarona|Fiery Dance|p2a: Magnezone
|-supereffective|p2a: Magnezone
|-damage|p2a: Magnezone|0 fnt
|-boost|p1a: Volcarona|spa|1
|faint|p2a: Magnezone
|
|upkeep
|
|t:|1597269970
|switch|p2a: Dragapult|Dragapult, M, shiny|58/100
|turn|17
|
|t:|1597269975
|switch|p1a: Chansey|Chansey, F, shiny|61/100
|move|p2a: Dragapult|Dragon Darts|p1a: Chansey
|-damage|p1a: Chansey|46/100
|-anim|p2a: Dragapult|Dragon Darts|p1a: Chansey
|-damage|p1a: Chansey|29/100
|
|upkeep
|turn|18
|
|t:|1597269980
|switch|p1a: Weezing|Weezing-Galar, M, shiny|100/100
|-ability|p1a: Weezing|Neutralizing Gas
|move|p2a: Dragapult|Dragon Darts|p1a: Weezing
|-immune|p1a: Weezing
|
|upkeep
|turn|19
|
|t:|1597269988
|switch|p2a: Clefable|Clefable, F, shiny|100/100
|-damage|p2a: Clefable|88/100|[from] Stealth Rock
|switch|p1a: Chansey|Chansey, F, shiny|29/100
|
|-heal|p2a: Clefable|94/100|[from] item: Leftovers
|upkeep
|turn|20
|
|t:|1597269992
|move|p2a: Clefable|Knock Off|p1a: Chansey
|-damage|p1a: Chansey|20/100
|-enditem|p1a: Chansey|Eviolite|[from] move: Knock Off|[of] p2a: Clefable
|move|p1a: Chansey|Soft-Boiled|p1a: Chansey
|-heal|p1a: Chansey|70/100
|
|-heal|p2a: Clefable|99/100|[from] item: Leftovers
|upkeep
|turn|21
|
|t:|1597269998
|move|p2a: Clefable|Stealth Rock|p1a: Chansey
|-sidestart|p1: Shootingwolf|move: Stealth Rock
|move|p1a: Chansey|Teleport|p1a: Chansey
|
|t:|1597270006
|switch|p1a: Volcarona|Volcarona, F, shiny|94/100|[from]move: Teleport
|
|-heal|p2a: Clefable|100/100|[from] item: Leftovers
|upkeep
|turn|22
|
|t:|1597270011
|switch|p2a: Toxapex|Toxapex, M, shiny|100/100
|-damage|p2a: Toxapex|88/100|[from] Stealth Rock
|move|p1a: Volcarona|Quiver Dance|p1a: Volcarona
|-boost|p1a: Volcarona|spa|1
|-boost|p1a: Volcarona|spd|1
|-boost|p1a: Volcarona|spe|1
|
|upkeep
|turn|23
|
|t:|1597270014
|move|p1a: Volcarona|Psychic|p2a: Toxapex
|-supereffective|p2a: Toxapex
|-damage|p2a: Toxapex|20/100
|-unboost|p2a: Toxapex|spd|1
|move|p2a: Toxapex|Haze|p2a: Toxapex
|-clearallboost
|
|upkeep
|turn|24
|
|t:|1597270017
|move|p1a: Volcarona|Psychic|p2a: Toxapex
|-supereffective|p2a: Toxapex
|-damage|p2a: Toxapex|0 fnt
|faint|p2a: Toxapex
|
|upkeep
|
|t:|1597270019
|switch|p2a: Dragapult|Dragapult, M, shiny|58/100
|turn|25
|
|t:|1597270023
|switch|p1a: Weezing|Weezing-Galar, M, shiny|100/100
|-ability|p1a: Weezing|Neutralizing Gas
|-damage|p1a: Weezing|88/100|[from] Stealth Rock
|move|p2a: Dragapult|Thunder Wave|p1a: Weezing
|-status|p1a: Weezing|par
|
|-heal|p1a: Weezing|94/100 par|[from] item: Black Sludge
|upkeep
|turn|26
|
|t:|1597270033
|move|p2a: Dragapult|Hex|p1a: Weezing
|-damage|p1a: Weezing|32/100 par
|move|p1a: Weezing|Strange Steam|p2a: Dragapult
|-supereffective|p2a: Dragapult
|-damage|p2a: Dragapult|0 fnt
|faint|p2a: Dragapult
|
|-heal|p1a: Weezing|38/100 par|[from] item: Black Sludge
|upkeep
|
|t:|1597270040
|switch|p2a: Clefable|Clefable, F, shiny|100/100
|-damage|p2a: Clefable|88/100|[from] Stealth Rock
|turn|27
|
|t:|1597270048
|move|p2a: Clefable|Knock Off|p1a: Weezing
|-resisted|p1a: Weezing
|-damage|p1a: Weezing|33/100 par
|-enditem|p1a: Weezing|Black Sludge|[from] move: Knock Off|[of] p2a: Clefable
|cant|p1a: Weezing|par
|
|-heal|p2a: Clefable|94/100|[from] item: Leftovers
|upkeep
|turn|28
|inactive|lt71lx Reign_X has 120 seconds left.
|
|t:|1597270087
|move|p2a: Clefable|Moonblast|p1a: Weezing
|-resisted|p1a: Weezing
|-damage|p1a: Weezing|12/100 par
|move|p1a: Weezing|Pain Split|p2a: Clefable
|-sethp|p2a: Clefable|52/100|[from] move: Pain Split|[silent]
|-sethp|p1a: Weezing|62/100 par|[from] move: Pain Split
|
|-heal|p2a: Clefable|58/100|[from] item: Leftovers
|upkeep
|turn|29
|
|t:|1597270095
|move|p2a: Clefable|Knock Off|p1a: Weezing
|-resisted|p1a: Weezing
|-damage|p1a: Weezing|59/100 par
|move|p1a: Weezing|Pain Split|p2a: Clefable
|-sethp|p2a: Clefable|54/100|[from] move: Pain Split|[silent]
|-sethp|p1a: Weezing|64/100 par|[from] move: Pain Split
|
|-heal|p2a: Clefable|60/100|[from] item: Leftovers
|upkeep
|turn|30
|
|t:|1597270101
|move|p2a: Clefable|Moonblast|p1a: Weezing
|-resisted|p1a: Weezing
|-damage|p1a: Weezing|41/100 par
|move|p1a: Weezing|Will-O-Wisp|p2a: Clefable
|-status|p2a: Clefable|brn
|
|-heal|p2a: Clefable|66/100 brn|[from] item: Leftovers
|-damage|p2a: Clefable|60/100 brn|[from] brn
|upkeep
|turn|31
|inactive|lt71lx Reign_X has 120 seconds left.
|
|t:|1597270147
|switch|p1a: Chansey|Chansey, F, shiny|70/100
|-damage|p1a: Chansey|57/100|[from] Stealth Rock
|move|p2a: Clefable|Moonblast|p1a: Chansey
|-damage|p1a: Chansey|42/100
|
|-heal|p2a: Clefable|66/100 brn|[from] item: Leftovers
|upkeep
|turn|32
|
|t:|1597270152
|switch|p2a: Rillaboom|Rillaboom, M, shiny|68/100 tox
|-damage|p2a: Rillaboom|56/100 tox|[from] Stealth Rock
|-fieldstart|move: Grassy Terrain|[from] ability: Grassy Surge|[of] p2a: Rillaboom
|move|p1a: Chansey|Soft-Boiled|p1a: Chansey
|-heal|p1a: Chansey|92/100
|
|-heal|p2a: Rillaboom|62/100 tox|[from] Grassy Terrain
|-heal|p1a: Chansey|98/100|[from] Grassy Terrain
|-damage|p2a: Rillaboom|56/100 tox|[from] psn
|upkeep
|turn|33
|
|t:|1597270157
|switch|p1a: Volcarona|Volcarona, F, shiny|94/100
|move|p2a: Rillaboom|Swords Dance|p2a: Rillaboom
|-boost|p2a: Rillaboom|atk|2
|
|-heal|p1a: Volcarona|99/100|[from] Grassy Terrain
|-heal|p2a: Rillaboom|62/100 tox|[from] Grassy Terrain
|-damage|p2a: Rillaboom|50/100 tox|[from] psn
|upkeep
|turn|34
|
|t:|1597270163
|move|p2a: Rillaboom|Grassy Glide|p1a: Volcarona
|-resisted|p1a: Volcarona
|-damage|p1a: Volcarona|58/100
|-damage|p2a: Rillaboom|40/100 tox|[from] item: Life Orb
|move|p1a: Volcarona|Fiery Dance|p2a: Rillaboom
|-supereffective|p2a: Rillaboom
|-damage|p2a: Rillaboom|0 fnt
|-boost|p1a: Volcarona|spa|1
|faint|p2a: Rillaboom
|
|-heal|p1a: Volcarona|64/100|[from] Grassy Terrain
|upkeep
|-message|lt71lx Reign_X forfeited.
|
|win|Shootingwolf
|l|☆lt71lx Reign_X
|raw|Shootingwolf's rating: 1552 &rarr; <strong>1572</strong><br />(+20 for winning)
|raw|lt71lx Reign_X's rating: 1556 &rarr; <strong>1536</strong><br />(-20 for losing)
