|html|<div class="broadcast-blue"><strong>[Gen 8] OU is currently suspecting Zamazenta-Crowned! For information on how to participate check out the <a href="https://www.smogon.com/forums/threads/np-ss-ou-suspect-process-round-10-royals.3681787/">suspect thread</a>.</strong></div>
|j|☆RST4
|j|☆Mutako Z
|t:|1619137153
|gametype|singles
|player|p1|RST4|hilbert-dueldisk|1416
|player|p2|Mutako Z|28|1358
|teamsize|p1|6
|teamsize|p2|6
|gen|8
|tier|[Gen 8] OU
|rated|
|clearpoke
|poke|p1|Inteleon, M|
|poke|p1|Ferrothorn, M|
|poke|p1|Togekiss, F|
|poke|p1|Dragapult, M|
|poke|p1|Diggersby, F|
|poke|p1|Toxapex, F|
|poke|p2|Zapdos|
|poke|p2|Landorus-Therian, M|
|poke|p2|Heatran, M|
|poke|p2|Scizor, F|
|poke|p2|Slowking, F|
|poke|p2|Dragonite, F|
|rule|Sleep Clause Mod: Limit one foe put to sleep
|rule|Species Clause: Limit one of each Pokémon
|rule|OHKO Clause: OHKO moves are banned
|rule|Evasion Moves Clause: Evasion moves are banned
|rule|Endless Battle Clause: Forcing endless battles is banned
|rule|HP Percentage Mod: HP is shown in percentages
|rule|Dynamax Clause: You cannot dynamax
|teampreview
|
|t:|1619137172
|start
|switch|p1a: Inteleon|Inteleon, M|100/100
|switch|p2a: Zapdos|Zapdos|100/100
|turn|1
|inactive|Battle timer is ON: inactive players will automatically lose when time's up. (requested by RST4)
|
|t:|1619137181
|switch|p1a: Toxapex|Toxapex, F|100/100
|move|p2a: Zapdos|Heat Wave|p1a: Toxapex
|-resisted|p1a: Toxapex
|-damage|p1a: Toxapex|90/100
|
|-heal|p1a: Toxapex|97/100|[from] item: Black Sludge
|upkeep
|turn|2
|
|t:|1619137192
|move|p2a: Zapdos|Volt Switch|p1a: Toxapex
|-supereffective|p1a: Toxapex
|-damage|p1a: Toxapex|54/100
|
|t:|1619137196
|switch|p2a: Heatran|Heatran, M|100/100|[from]move: Volt Switch
|move|p1a: Toxapex|Toxic|p2a: Heatran
|-immune|p2a: Heatran
|
|-heal|p1a: Toxapex|61/100|[from] item: Black Sludge
|upkeep
|turn|3
|
|t:|1619137203
|move|p2a: Heatran|Magma Storm|p1a: Toxapex|[miss]
|-miss|p2a: Heatran|p1a: Toxapex
|move|p1a: Toxapex|Recover|p1a: Toxapex
|-heal|p1a: Toxapex|100/100
|
|upkeep
|turn|4
|
|t:|1619137208
|move|p2a: Heatran|Magma Storm|p1a: Toxapex
|-resisted|p1a: Toxapex
|-damage|p1a: Toxapex|83/100
|-activate|p1a: Toxapex|move: Magma Storm|[of] p2a: Heatran
|move|p1a: Toxapex|Scald|p2a: Heatran
|-supereffective|p2a: Heatran
|-damage|p2a: Heatran|69/100
|
|-heal|p1a: Toxapex|90/100|[from] item: Black Sludge
|-damage|p1a: Toxapex|77/100|[from] move: Magma Storm|[partiallytrapped]
|upkeep
|turn|5
|
|t:|1619137222
|switch|p2a: Scizor|Scizor, F|100/100
|move|p1a: Toxapex|Scald|p2a: Scizor
|-damage|p2a: Scizor|75/100
|
|-heal|p1a: Toxapex|83/100|[from] item: Black Sludge
|-end|p1a: Toxapex|Magma Storm|[partiallytrapped]|[silent]
|upkeep
|turn|6
|
|t:|1619137230
|switch|p1a: Inteleon|Inteleon, M|100/100
|move|p2a: Scizor|U-turn|p1a: Inteleon
|-damage|p1a: Inteleon|37/100
|
|t:|1619137240
|switch|p2a: Zapdos|Zapdos|100/100|[from]move: U-turn
|
|upkeep
|turn|7
|
|t:|1619137245
|move|p1a: Inteleon|Surf|p2a: Zapdos
|-damage|p2a: Zapdos|29/100
|-damage|p1a: Inteleon|27/100|[from] item: Life Orb
|move|p2a: Zapdos|Volt Switch|p1a: Inteleon
|-supereffective|p1a: Inteleon
|-damage|p1a: Inteleon|0 fnt
|faint|p1a: Inteleon
|
|t:|1619137252
|switch|p2a: Slowking|Slowking, F|100/100|[from]move: Volt Switch
|
|upkeep
|
|t:|1619137255
|switch|p1a: Diggersby|Diggersby, F|100/100
|turn|8
|
|t:|1619137260
|move|p1a: Diggersby|Knock Off|p2a: Slowking
|-supereffective|p2a: Slowking
|-damage|p2a: Slowking|39/100
|-enditem|p2a: Slowking|Leftovers|[from] move: Knock Off|[of] p1a: Diggersby
|move|p2a: Slowking|Scald|p1a: Diggersby
|-supereffective|p1a: Diggersby
|-damage|p1a: Diggersby|31/100
|
|upkeep
|turn|9
|
|t:|1619137269
|switch|p2a: Scizor|Scizor, F|75/100
|move|p1a: Diggersby|Knock Off|p2a: Scizor
|-damage|p2a: Scizor|25/100
|-enditem|p2a: Scizor|Heavy-Duty Boots|[from] move: Knock Off|[of] p1a: Diggersby
|
|upkeep
|turn|10
|
|t:|1619137276
|switch|p1a: Ferrothorn|Ferrothorn, M|100/100
|move|p2a: Scizor|U-turn|p1a: Ferrothorn
|-damage|p1a: Ferrothorn|79/100
|-damage|p2a: Scizor|13/100|[from] ability: Iron Barbs|[of] p1a: Ferrothorn
|-damage|p2a: Scizor|0 fnt|[from] item: Rocky Helmet|[of] p1a: Ferrothorn
|faint|p2a: Scizor
|
|upkeep
|
|t:|1619137294
|switch|p2a: Dragonite|Dragonite, F|100/100
|turn|11
|
|t:|1619137297
|move|p2a: Dragonite|Dragon Dance|p2a: Dragonite
|-boost|p2a: Dragonite|atk|1
|-boost|p2a: Dragonite|spe|1
|move|p1a: Ferrothorn|Stealth Rock|p2a: Dragonite
|-sidestart|p2: Mutako Z|move: Stealth Rock
|
|upkeep
|turn|12
|
|t:|1619137303
|move|p2a: Dragonite|Dragon Dance|p2a: Dragonite
|-boost|p2a: Dragonite|atk|1
|-boost|p2a: Dragonite|spe|1
|move|p1a: Ferrothorn|Leech Seed|p2a: Dragonite
|-start|p2a: Dragonite|move: Leech Seed
|
|-damage|p2a: Dragonite|88/100|[from] Leech Seed|[of] p1a: Ferrothorn
|-heal|p1a: Ferrothorn|91/100|[silent]
|upkeep
|turn|13
|
|t:|1619137311
|move|p2a: Dragonite|Dragon Dance|p2a: Dragonite
|-boost|p2a: Dragonite|atk|1
|-boost|p2a: Dragonite|spe|1
|move|p1a: Ferrothorn|Gyro Ball|p2a: Dragonite
|-damage|p2a: Dragonite|35/100
|
|-damage|p2a: Dragonite|22/100|[from] Leech Seed|[of] p1a: Ferrothorn
|-heal|p1a: Ferrothorn|100/100|[silent]
|upkeep
|turn|14
|
|t:|1619137318
|move|p2a: Dragonite|Earthquake|p1a: Ferrothorn
|-damage|p1a: Ferrothorn|47/100
|move|p1a: Ferrothorn|Gyro Ball|p2a: Dragonite
|-damage|p2a: Dragonite|0 fnt
|faint|p2a: Dragonite
|
|upkeep
|
|t:|1619137326
|switch|p2a: Heatran|Heatran, M|69/100
|-damage|p2a: Heatran|57/100|[from] Stealth Rock
|turn|15
|
|t:|1619137336
|switch|p1a: Toxapex|Toxapex, F|100/100
|move|p2a: Heatran|Magma Storm|p1a: Toxapex
|-resisted|p1a: Toxapex
|-damage|p1a: Toxapex|84/100
|-activate|p1a: Toxapex|move: Magma Storm|[of] p2a: Heatran
|
|-heal|p1a: Toxapex|91/100|[from] item: Black Sludge
|-damage|p1a: Toxapex|78/100|[from] move: Magma Storm|[partiallytrapped]
|upkeep
|turn|16
|
|t:|1619137347
|switch|p2a: Slowking|Slowking, F|72/100
|-damage|p2a: Slowking|60/100|[from] Stealth Rock
|move|p1a: Toxapex|Scald|p2a: Slowking
|-resisted|p2a: Slowking
|-damage|p2a: Slowking|53/100
|
|-heal|p1a: Toxapex|84/100|[from] item: Black Sludge
|-end|p1a: Toxapex|Magma Storm|[partiallytrapped]|[silent]
|upkeep
|turn|17
|
|t:|1619137355
|move|p1a: Toxapex|Toxic|p2a: Slowking
|-status|p2a: Slowking|tox
|move|p2a: Slowking|Future Sight|p1a: Toxapex
|-start|p2a: Slowking|move: Future Sight
|
|-heal|p1a: Toxapex|91/100|[from] item: Black Sludge
|-damage|p2a: Slowking|47/100 tox|[from] psn
|upkeep
|turn|18
|
|t:|1619137367
|switch|p2a: Zapdos|Zapdos|29/100
|move|p1a: Toxapex|Scald|p2a: Zapdos
|-damage|p2a: Zapdos|8/100
|
|-heal|p1a: Toxapex|97/100|[from] item: Black Sludge
|upkeep
|turn|19
|
|t:|1619137376
|switch|p1a: Togekiss|Togekiss, F|100/100
|move|p2a: Zapdos|Volt Switch|p1a: Togekiss
|-supereffective|p1a: Togekiss
|-damage|p1a: Togekiss|44/100
|
|t:|1619137387
|switch|p2a: Heatran|Heatran, M|57/100|[from]move: Volt Switch
|-damage|p2a: Heatran|44/100|[from] Stealth Rock
|
|-end|p1a: Togekiss|move: Future Sight
|-damage|p1a: Togekiss|14/100
|-heal|p1a: Togekiss|20/100|[from] item: Leftovers
|upkeep
|turn|20
|
|t:|1619137396
|move|p2a: Heatran|Flash Cannon|p1a: Togekiss
|-supereffective|p1a: Togekiss
|-damage|p1a: Togekiss|0 fnt
|faint|p1a: Togekiss
|
|upkeep
|
|t:|1619137401
|switch|p1a: Diggersby|Diggersby, F|31/100
|turn|21
|
|t:|1619137407
|move|p1a: Diggersby|Body Slam|p2a: Heatran
|-resisted|p2a: Heatran
|-damage|p2a: Heatran|16/100
|move|p2a: Heatran|Flash Cannon|p1a: Diggersby
|-damage|p1a: Diggersby|0 fnt
|faint|p1a: Diggersby
|
|upkeep
|
|t:|1619137415
|switch|p1a: Toxapex|Toxapex, F|100/100
|turn|22
|
|t:|1619137421
|switch|p2a: Slowking|Slowking, F|80/100 tox
|-damage|p2a: Slowking|68/100 tox|[from] Stealth Rock
|move|p1a: Toxapex|Scald|p2a: Slowking
|-resisted|p2a: Slowking
|-damage|p2a: Slowking|61/100 tox
|
|-damage|p2a: Slowking|55/100 tox|[from] psn
|upkeep
|turn|23
|
|t:|1619137430
|switch|p1a: Ferrothorn|Ferrothorn, M|47/100
|move|p2a: Slowking|Future Sight|p1a: Ferrothorn
|-start|p2a: Slowking|move: Future Sight
|
|-damage|p2a: Slowking|43/100 tox|[from] psn
|upkeep
|turn|24
|
|t:|1619137439
|move|p2a: Slowking|Slack Off|p2a: Slowking
|-heal|p2a: Slowking|93/100 tox
|move|p1a: Ferrothorn|Leech Seed|p2a: Slowking
|-start|p2a: Slowking|move: Leech Seed
|
|-damage|p2a: Slowking|80/100 tox|[from] Leech Seed|[of] p1a: Ferrothorn
|-heal|p1a: Ferrothorn|61/100|[silent]
|-damage|p2a: Slowking|62/100 tox|[from] psn
|upkeep
|turn|25
|
|t:|1619137453
|switch|p2a: Heatran|Heatran, M|16/100
|-damage|p2a: Heatran|4/100|[from] Stealth Rock
|move|p1a: Ferrothorn|Power Whip|p2a: Heatran|[miss]
|-miss|p1a: Ferrothorn|p2a: Heatran
|
|-end|p1a: Ferrothorn|move: Future Sight
|-resisted|p1a: Ferrothorn
|-damage|p1a: Ferrothorn|45/100
|upkeep
|turn|26
|
|t:|1619137466
|switch|p1a: Toxapex|Toxapex, F|100/100
|move|p2a: Heatran|Earth Power|p1a: Toxapex
|-supereffective|p1a: Toxapex
|-damage|p1a: Toxapex|58/100
|
|-heal|p1a: Toxapex|65/100|[from] item: Black Sludge
|upkeep
|turn|27
|
|t:|1619137473
|move|p2a: Heatran|Earth Power|p1a: Toxapex
|-supereffective|p1a: Toxapex
|-damage|p1a: Toxapex|23/100
|move|p1a: Toxapex|Scald|p2a: Heatran
|-supereffective|p2a: Heatran
|-damage|p2a: Heatran|0 fnt
|faint|p2a: Heatran
|
|-heal|p1a: Toxapex|29/100|[from] item: Black Sludge
|upkeep
|
|t:|1619137486
|switch|p2a: Landorus|Landorus-Therian, M|100/100
|-damage|p2a: Landorus|88/100|[from] Stealth Rock
|-ability|p2a: Landorus|Intimidate|boost
|-unboost|p1a: Toxapex|atk|1
|turn|28
|
|t:|1619137491
|move|p2a: Landorus|Earthquake|p1a: Toxapex
|-supereffective|p1a: Toxapex
|-damage|p1a: Toxapex|0 fnt
|faint|p1a: Toxapex
|
|upkeep
|
|t:|1619137496
|switch|p1a: Ferrothorn|Ferrothorn, M|45/100
|turn|29
|
|t:|1619137498
|move|p2a: Landorus|Earthquake|p1a: Ferrothorn
|-damage|p1a: Ferrothorn|14/100
|move|p1a: Ferrothorn|Gyro Ball|p2a: Landorus
|-damage|p2a: Landorus|30/100
|
|upkeep
|turn|30
|
|t:|1619137503
|move|p2a: Landorus|Earthquake|p1a: Ferrothorn
|-damage|p1a: Ferrothorn|0 fnt
|faint|p1a: Ferrothorn
|
|upkeep
|
|t:|1619137507
|switch|p1a: Dragapult|Dragapult, M|100/100
|turn|31
|
|t:|1619137518
|move|p1a: Dragapult|Sucker Punch|p2a: Landorus
|-crit|p2a: Landorus
|-damage|p2a: Landorus|0 fnt
|faint|p2a: Landorus
|
|upkeep
|
|t:|1619137525
|switch|p2a: Slowking|Slowking, F|95/100 tox
|-damage|p2a: Slowking|83/100 tox|[from] Stealth Rock
|turn|32
|
|t:|1619137529
|move|p1a: Dragapult|Dragon Dance|p1a: Dragapult
|-boost|p1a: Dragapult|atk|1
|-boost|p1a: Dragapult|spe|1
|move|p2a: Slowking|Future Sight|p1a: Dragapult
|-start|p2a: Slowking|move: Future Sight
|
|-damage|p2a: Slowking|77/100 tox|[from] psn
|upkeep
|turn|33
|
|t:|1619137535
|move|p1a: Dragapult|Dragon Dance|p1a: Dragapult
|-boost|p1a: Dragapult|atk|1
|-boost|p1a: Dragapult|spe|1
|move|p2a: Slowking|Scald|p1a: Dragapult
|-resisted|p1a: Dragapult
|-damage|p1a: Dragapult|80/100
|
|-damage|p2a: Slowking|64/100 tox|[from] psn
|upkeep
|turn|34
|
|t:|1619137543
|move|p1a: Dragapult|Phantom Force||[still]
|-prepare|p1a: Dragapult|Phantom Force
|move|p2a: Slowking|Scald|p1a: Dragapult|[miss]|[miss]
|-miss|p2a: Slowking|p1a: Dragapult
|
|-end|p1a: Dragapult|move: Future Sight
|-miss|p2a: Slowking|p1a: Dragapult
|-damage|p2a: Slowking|46/100 tox|[from] psn
|upkeep
|turn|35
|
|t:|1619137551
|switch|p2a: Zapdos|Zapdos|8/100
|move|p1a: Dragapult|Phantom Force|p2a: Zapdos|[from]lockedmove
|-damage|p2a: Zapdos|0 fnt
|faint|p2a: Zapdos
|
|upkeep
|
|t:|1619137557
|switch|p2a: Slowking|Slowking, F|79/100 tox
|-damage|p2a: Slowking|67/100 tox|[from] Stealth Rock
|turn|36
|c|☆RST4|gg
|
|t:|1619137562
|move|p1a: Dragapult|Phantom Force||[still]
|-prepare|p1a: Dragapult|Phantom Force
|move|p2a: Slowking|Scald|p1a: Dragapult|[miss]
|-miss|p2a: Slowking|p1a: Dragapult
|
|-damage|p2a: Slowking|61/100 tox|[from] psn
|upkeep
|turn|37
|
|t:|1619137568
|move|p1a: Dragapult|Phantom Force|p2a: Slowking|[from]lockedmove
|-supereffective|p2a: Slowking
|-damage|p2a: Slowking|0 fnt
|faint|p2a: Slowking
|
|win|RST4
|raw|RST4's rating: 1416 &rarr; <strong>1433</strong><br />(+17 for winning)
|raw|Mutako Z's rating: 1358 &rarr; <strong>1341</strong><br />(-17 for losing)
|l|☆Mutako Z
