|j|☆DonulTrum
|j|☆brettfavreinnocent
|t:|1663726898
|gametype|singles
|player|p1|DonulTrum|101|1616
|player|p2|brettfavreinnocent|harlequin|1639
|teamsize|p1|6
|teamsize|p2|6
|gen|8
|tier|[Gen 8] OU
|rated|
|rule|Sleep Clause Mod: Limit one foe put to sleep
|rule|Species Clause: Limit one of each Pokémon
|rule|OHKO Clause: OHKO moves are banned
|rule|Evasion Items Clause: Evasion items are banned
|rule|Evasion Moves Clause: Evasion moves are banned
|rule|Endless Battle Clause: Forcing endless battles is banned
|rule|HP Percentage Mod: HP is shown in percentages
|rule|Dynamax Clause: You cannot dynamax
|clearpoke
|poke|p1|Claydol|
|poke|p1|Grimmsnarl, M|
|poke|p1|Volcanion|
|poke|p1|Conkeldurr, F|
|poke|p1|Dusclops, M|
|poke|p1|Tapu Bulu|
|poke|p2|Regice|
|poke|p2|Regidrago|
|poke|p2|Regieleki|
|poke|p2|Regigigas|
|poke|p2|Regirock|
|poke|p2|Registeel|
|teampreview
|inactive|Battle timer is ON: inactive players will automatically lose when time's up. (requested by brettfavreinnocent)
|
|t:|1663726906
|start
|switch|p1a: Volcanion|Volcanion|100/100
|switch|p2a: Regigigas|Regigigas|100/100
|-start|p2a: Regigigas|ability: Slow Start
|turn|1
|c|☆DonulTrum|nice
|
|t:|1663726929
|move|p1a: Volcanion|Steam Eruption|p2a: Regigigas
|-damage|p2a: Regigigas|33/100
|move|p2a: Regigigas|Knock Off|p1a: Volcanion
|-damage|p1a: Volcanion|88/100
|-enditem|p1a: Volcanion|Choice Specs|[from] move: Knock Off|[of] p2a: Regigigas
|
|-heal|p2a: Regigigas|39/100|[from] item: Leftovers
|upkeep
|turn|2
|
|t:|1663726938
|-end|p2a: Regigigas|Slow Start|[silent]
|switch|p2a: Regice|Regice|100/100
|move|p1a: Volcanion|Steam Eruption|p2a: Regice
|-damage|p2a: Regice|67/100
|
|upkeep
|turn|3
|
|t:|1663726953
|switch|p2a: Regidrago|Regidrago|100/100
|move|p1a: Volcanion|Fire Blast|p2a: Regidrago
|-resisted|p2a: Regidrago
|-damage|p2a: Regidrago|66/100
|
|upkeep
|turn|4
|
|t:|1663726966
|switch|p1a: Tapu Bulu|Tapu Bulu, shiny|100/100
|-fieldstart|move: Grassy Terrain|[from] ability: Grassy Surge|[of] p1a: Tapu Bulu
|move|p2a: Regidrago|Outrage|p1a: Tapu Bulu
|-immune|p1a: Tapu Bulu
|
|-heal|p2a: Regidrago|72/100|[from] Grassy Terrain
|upkeep
|turn|5
|j| obckiller
|
|t:|1663726988
|switch|p2a: Registeel|Registeel|100/100
|move|p1a: Tapu Bulu|Close Combat|p2a: Registeel
|-supereffective|p2a: Registeel
|-damage|p2a: Registeel|21/100
|-unboost|p1a: Tapu Bulu|def|1
|-unboost|p1a: Tapu Bulu|spd|1
|
|-heal|p2a: Registeel|27/100|[from] Grassy Terrain
|-heal|p2a: Registeel|33/100|[from] item: Leftovers
|upkeep
|turn|6
|
|t:|1663727002
|move|p1a: Tapu Bulu|Close Combat|p2a: Registeel
|-supereffective|p2a: Registeel
|-damage|p2a: Registeel|0 fnt
|-unboost|p1a: Tapu Bulu|def|1
|-unboost|p1a: Tapu Bulu|spd|1
|faint|p2a: Registeel
|
|upkeep
|
|t:|1663727005
|switch|p2a: Regieleki|Regieleki|100/100
|turn|7
|
|t:|1663727010
|switch|p2a: Regice|Regice|67/100
|switch|p1a: Claydol|Claydol|100/100
|
|-heal|p2a: Regice|74/100|[from] Grassy Terrain
|upkeep
|turn|8
|
|t:|1663727022
|move|p1a: Claydol|Stealth Rock|p2a: Regice
|-sidestart|p2: brettfavreinnocent|move: Stealth Rock
|move|p2a: Regice|Block|p1a: Claydol
|-activate|p1a: Claydol|trapped
|
|-heal|p2a: Regice|80/100|[from] Grassy Terrain
|-fieldend|move: Grassy Terrain
|upkeep
|turn|9
|l| obckiller
|
|t:|1663727029
|move|p1a: Claydol|Light Screen|p1a: Claydol
|-sidestart|p1: DonulTrum|move: Light Screen
|move|p2a: Regice|Defense Curl|p2a: Regice
|-boost|p2a: Regice|def|1
|
|upkeep
|turn|10
|
|t:|1663727038
|move|p1a: Claydol|Rapid Spin|p2a: Regice
|-damage|p2a: Regice|75/100
|-boost|p1a: Claydol|spe|1
|move|p2a: Regice|Defense Curl|p2a: Regice
|-boost|p2a: Regice|def|1
|
|upkeep
|turn|11
|
|t:|1663727044
|move|p1a: Claydol|Rapid Spin|p2a: Regice
|-damage|p2a: Regice|72/100
|-boost|p1a: Claydol|spe|1
|move|p2a: Regice|Defense Curl|p2a: Regice
|-boost|p2a: Regice|def|1
|
|upkeep
|turn|12
|
|t:|1663727060
|move|p1a: Claydol|Rapid Spin|p2a: Regice
|-damage|p2a: Regice|69/100
|-boost|p1a: Claydol|spe|1
|move|p2a: Regice|Defense Curl|p2a: Regice
|-boost|p2a: Regice|def|1
|
|upkeep
|turn|13
|
|t:|1663727065
|move|p1a: Claydol|Rapid Spin|p2a: Regice
|-damage|p2a: Regice|67/100
|-boost|p1a: Claydol|spe|1
|move|p2a: Regice|Defense Curl|p2a: Regice
|-boost|p2a: Regice|def|1
|
|-sideend|p1: DonulTrum|move: Light Screen
|upkeep
|turn|14
|
|t:|1663727072
|move|p1a: Claydol|Rapid Spin|p2a: Regice
|-damage|p2a: Regice|65/100
|-boost|p1a: Claydol|spe|1
|move|p2a: Regice|Defense Curl|p2a: Regice
|-boost|p2a: Regice|def|1
|
|upkeep
|turn|15
|
|t:|1663727079
|move|p1a: Claydol|Rapid Spin|p2a: Regice
|-damage|p2a: Regice|63/100
|-boost|p1a: Claydol|spe|1
|move|p2a: Regice|Rest|p2a: Regice
|-status|p2a: Regice|slp|[from] move: Rest
|-heal|p2a: Regice|100/100 slp|[silent]
|
|upkeep
|turn|16
|
|t:|1663727086
|move|p1a: Claydol|Rapid Spin|p2a: Regice
|-damage|p2a: Regice|99/100 slp
|cant|p2a: Regice|slp
|
|upkeep
|turn|17
|
|t:|1663727090
|move|p1a: Claydol|Rapid Spin|p2a: Regice
|-damage|p2a: Regice|97/100 slp
|cant|p2a: Regice|slp
|
|upkeep
|turn|18
|
|t:|1663727095
|move|p1a: Claydol|Rapid Spin|p2a: Regice
|-damage|p2a: Regice|96/100 slp
|-curestatus|p2a: Regice|slp|[msg]
|move|p2a: Regice|Defense Curl|p2a: Regice
|-boost|p2a: Regice|def|0
|
|upkeep
|turn|19
|
|t:|1663727100
|move|p1a: Claydol|Rapid Spin|p2a: Regice
|-damage|p2a: Regice|94/100
|move|p2a: Regice|Rollout|p1a: Claydol
|-resisted|p1a: Claydol
|-damage|p1a: Claydol|96/100
|
|-heal|p1a: Claydol|100/100|[from] item: Leftovers
|upkeep
|turn|20
|
|t:|1663727107
|move|p1a: Claydol|Rapid Spin|p2a: Regice
|-damage|p2a: Regice|92/100
|move|p2a: Regice|Rollout|p1a: Claydol|[from]lockedmove
|-resisted|p1a: Claydol
|-damage|p1a: Claydol|93/100
|
|-heal|p1a: Claydol|99/100|[from] item: Leftovers
|upkeep
|turn|21
|
|t:|1663727115
|move|p1a: Claydol|Rapid Spin|p2a: Regice
|-damage|p2a: Regice|90/100
|move|p2a: Regice|Rollout|p1a: Claydol|[from]lockedmove
|-resisted|p1a: Claydol
|-damage|p1a: Claydol|84/100
|
|-heal|p1a: Claydol|90/100|[from] item: Leftovers
|upkeep
|turn|22
|
|t:|1663727121
|move|p1a: Claydol|Rapid Spin|p2a: Regice
|-crit|p2a: Regice
|-damage|p2a: Regice|82/100
|move|p2a: Regice|Rollout|p1a: Claydol|[from]lockedmove
|-resisted|p1a: Claydol
|-damage|p1a: Claydol|60/100
|
|-heal|p1a: Claydol|66/100|[from] item: Leftovers
|upkeep
|turn|23
|
|t:|1663727128
|move|p1a: Claydol|Rapid Spin|p2a: Regice
|-damage|p2a: Regice|80/100
|move|p2a: Regice|Rollout|p1a: Claydol|[from]lockedmove
|-resisted|p1a: Claydol
|-damage|p1a: Claydol|0 fnt
|faint|p1a: Claydol
|
|upkeep
|
|t:|1663727137
|switch|p1a: Volcanion|Volcanion|88/100
|turn|24
|
|t:|1663727139
|move|p1a: Volcanion|Fire Blast|p2a: Regice|[miss]
|-miss|p1a: Volcanion|p2a: Regice
|move|p2a: Regice|Rollout|p1a: Volcanion
|-supereffective|p1a: Volcanion
|-damage|p1a: Volcanion|74/100
|
|upkeep
|turn|25
|
|t:|1663727147
|move|p1a: Volcanion|Fire Blast|p2a: Regice
|-supereffective|p2a: Regice
|-damage|p2a: Regice|13/100
|move|p2a: Regice|Rollout|p1a: Volcanion|[from]lockedmove
|-supereffective|p1a: Volcanion
|-damage|p1a: Volcanion|50/100
|
|upkeep
|turn|26
|
|t:|1663727155
|move|p1a: Volcanion|Steam Eruption|p2a: Regice
|-damage|p2a: Regice|0 fnt
|faint|p2a: Regice
|
|upkeep
|
|t:|1663727156
|switch|p2a: Regieleki|Regieleki|100/100
|-damage|p2a: Regieleki|88/100|[from] Stealth Rock
|turn|27
|
|t:|1663727167
|switch|p1a: Grimmsnarl|Grimmsnarl, M|100/100
|move|p2a: Regieleki|Volt Switch|p1a: Grimmsnarl
|-damage|p1a: Grimmsnarl|48/100
|
|t:|1663727171
|switch|p2a: Regirock|Regirock|100/100|[from]move: Volt Switch
|-damage|p2a: Regirock|88/100|[from] Stealth Rock
|
|upkeep
|turn|28
|
|t:|1663727177
|move|p1a: Grimmsnarl|Taunt|p2a: Regirock
|-start|p2a: Regirock|move: Taunt
|move|p2a: Regirock|Stone Edge|p1a: Grimmsnarl
|-damage|p1a: Grimmsnarl|0 fnt
|faint|p1a: Grimmsnarl
|
|upkeep
|
|t:|1663727188
|switch|p1a: Conkeldurr|Conkeldurr, F|100/100
|turn|29
|
|t:|1663727193
|move|p2a: Regirock|Stone Edge|p1a: Conkeldurr
|-resisted|p1a: Conkeldurr
|-damage|p1a: Conkeldurr|69/100
|move|p1a: Conkeldurr|Bulk Up|p1a: Conkeldurr
|-boost|p1a: Conkeldurr|atk|1
|-boost|p1a: Conkeldurr|def|1
|
|-status|p1a: Conkeldurr|brn|[from] item: Flame Orb
|upkeep
|turn|30
|
|t:|1663727201
|move|p2a: Regirock|Stone Edge|p1a: Conkeldurr
|-resisted|p1a: Conkeldurr
|-damage|p1a: Conkeldurr|48/100 brn
|move|p1a: Conkeldurr|Drain Punch|p2a: Regirock
|-supereffective|p2a: Regirock
|-damage|p2a: Regirock|0 fnt
|-heal|p1a: Conkeldurr|86/100 brn|[from] drain|[of] p2a: Regirock
|faint|p2a: Regirock
|
|-damage|p1a: Conkeldurr|80/100 brn|[from] brn
|upkeep
|
|t:|1663727203
|switch|p2a: Regieleki|Regieleki|88/100
|-damage|p2a: Regieleki|76/100|[from] Stealth Rock
|turn|31
|
|t:|1663727214
|move|p2a: Regieleki|Volt Switch|p1a: Conkeldurr
|-damage|p1a: Conkeldurr|0 fnt
|faint|p1a: Conkeldurr
|
|t:|1663727218
|switch|p2a: Regidrago|Regidrago|72/100|[from]move: Volt Switch
|-damage|p2a: Regidrago|60/100|[from] Stealth Rock
|
|upkeep
|
|t:|1663727225
|switch|p1a: Tapu Bulu|Tapu Bulu, shiny|100/100
|-fieldstart|move: Grassy Terrain|[from] ability: Grassy Surge|[of] p1a: Tapu Bulu
|turn|32
|
|t:|1663727232
|move|p2a: Regidrago|Explosion|p1a: Tapu Bulu
|-damage|p1a: Tapu Bulu|27/100
|faint|p2a: Regidrago
|move|p1a: Tapu Bulu|Wood Hammer|p2: Regidrago|[notarget]
|-fail|p1a: Tapu Bulu
|
|-heal|p1a: Tapu Bulu|33/100|[from] Grassy Terrain
|upkeep
|
|t:|1663727235
|switch|p2a: Regieleki|Regieleki|76/100
|-damage|p2a: Regieleki|64/100|[from] Stealth Rock
|turn|33
|
|t:|1663727246
|switch|p1a: Volcanion|Volcanion|50/100
|move|p2a: Regieleki|Thunderbolt|p1a: Volcanion
|-supereffective|p1a: Volcanion
|-damage|p1a: Volcanion|0 fnt
|faint|p1a: Volcanion
|
|-heal|p2a: Regieleki|70/100|[from] Grassy Terrain
|upkeep
|
|t:|1663727255
|switch|p1a: Dusclops|Dusclops, M, shiny|100/100
|-ability|p1a: Dusclops|Pressure
|turn|34
|
|t:|1663727260
|move|p2a: Regieleki|Thunderbolt|p1a: Dusclops
|-damage|p1a: Dusclops|42/100
|-status|p1a: Dusclops|par
|cant|p1a: Dusclops|par
|
|-heal|p2a: Regieleki|76/100|[from] Grassy Terrain
|-heal|p1a: Dusclops|48/100 par|[from] Grassy Terrain
|upkeep
|turn|35
|
|t:|1663727267
|move|p2a: Regieleki|Thunderbolt|p1a: Dusclops
|-damage|p1a: Dusclops|0 fnt
|faint|p1a: Dusclops
|
|-heal|p2a: Regieleki|82/100|[from] Grassy Terrain
|upkeep
|-message|DonulTrum forfeited.
|
|win|brettfavreinnocent
|raw|DonulTrum's rating: 1616 &rarr; <strong>1598</strong><br />(-18 for losing)
|raw|brettfavreinnocent's rating: 1654 &rarr; <strong>1672</strong><br />(+18 for winning)
|l|☆DonulTrum
||Ladder isn't responding, score probably updated but might not have (Request timeout).
