|j|☆corumba
|j|☆Diogo69
|t:|1648565737
|gametype|singles
|player|p1|corumba|2|1622
|player|p2|Diogo69|bruno|1543
|teamsize|p1|6
|teamsize|p2|6
|gen|8
|tier|[Gen 8] OU
|rated|
|rule|Sleep Clause Mod: Limit one foe put to sleep
|rule|Species Clause: Limit one of each Pokémon
|rule|OHKO Clause: OHKO moves are banned
|rule|Evasion Moves Clause: Evasion moves are banned
|rule|Endless Battle Clause: Forcing endless battles is banned
|rule|HP Percentage Mod: HP is shown in percentages
|rule|Dynamax Clause: You cannot dynamax
|clearpoke
|poke|p1|Melmetal|
|poke|p1|Mamoswine, M|
|poke|p1|Ferrothorn, F|
|poke|p1|Durant, F|
|poke|p1|Dragapult, M|
|poke|p1|Dragonite, M|
|poke|p2|Landorus-Therian, M|
|poke|p2|Weavile, M|
|poke|p2|Buzzwole|
|poke|p2|Heatran, F|
|poke|p2|Toxapex, F|
|poke|p2|Zapdos|
|teampreview
|
|t:|1648565761
|start
|switch|p1a: Mamoswine|Mamoswine, M|100/100
|switch|p2a: Buzzwole|Buzzwole|100/100
|turn|1
|
|t:|1648565769
|switch|p1a: Dragapult|Dragapult, M|100/100
|move|p2a: Buzzwole|Close Combat|p1a: Dragapult
|-immune|p1a: Dragapult
|
|upkeep
|turn|2
|
|t:|1648565792
|switch|p1a: Ferrothorn|Ferrothorn, F|100/100
|switch|p2a: Toxapex|Toxapex, F|100/100
|
|upkeep
|turn|3
|
|t:|1648565802
|switch|p2a: Heatran|Heatran, F|100/100
|move|p1a: Ferrothorn|Thunder Wave|p2a: Heatran
|-status|p2a: Heatran|par
|
|upkeep
|turn|4
|
|t:|1648565806
|switch|p1a: Dragonite|Dragonite, M|100/100
|move|p2a: Heatran|Magma Storm|p1a: Dragonite|[miss]
|-miss|p2a: Heatran|p1a: Dragonite
|
|upkeep
|turn|5
|
|t:|1648565815
|switch|p2a: Toxapex|Toxapex, F|100/100
|move|p1a: Dragonite|Ice Beam|p2a: Toxapex
|-resisted|p2a: Toxapex
|-damage|p2a: Toxapex|92/100
|
|-heal|p2a: Toxapex|98/100|[from] item: Black Sludge
|upkeep
|turn|6
|inactive|Battle timer is ON: inactive players will automatically lose when time's up. (requested by corumba)
|
|t:|1648565835
|switch|p1a: Ferrothorn|Ferrothorn, F|100/100
|move|p2a: Toxapex|Scald|p1a: Ferrothorn
|-resisted|p1a: Ferrothorn
|-damage|p1a: Ferrothorn|95/100
|
|-heal|p2a: Toxapex|100/100|[from] item: Black Sludge
|-heal|p1a: Ferrothorn|100/100|[from] item: Leftovers
|upkeep
|turn|7
|
|t:|1648565844
|switch|p2a: Zapdos|Zapdos|100/100
|move|p1a: Ferrothorn|Spikes|p2a: Zapdos
|-sidestart|p2: Diogo69|Spikes
|
|upkeep
|turn|8
|
|t:|1648565852
|switch|p1a: Dragonite|Dragonite, M|100/100
|move|p2a: Zapdos|Defog|p1a: Dragonite
|-unboost|p1a: Dragonite|evasion|1
|-sideend|p2: Diogo69|Spikes|[from] move: Defog|[of] p2a: Zapdos
|
|upkeep
|turn|9
|
|t:|1648565870
|switch|p2a: Toxapex|Toxapex, F|100/100
|move|p1a: Dragonite|Ice Beam|p2a: Toxapex
|-resisted|p2a: Toxapex
|-damage|p2a: Toxapex|91/100
|
|-heal|p2a: Toxapex|98/100|[from] item: Black Sludge
|upkeep
|turn|10
|
|t:|1648565889
|switch|p1a: Ferrothorn|Ferrothorn, F|100/100
|switch|p2a: Heatran|Heatran, F|100/100 par
|
|upkeep
|turn|11
|
|t:|1648565894
|switch|p1a: Dragonite|Dragonite, M|100/100
|move|p2a: Heatran|Toxic|p1a: Dragonite
|-status|p1a: Dragonite|tox
|
|-damage|p1a: Dragonite|94/100 tox|[from] psn
|upkeep
|turn|12
|
|t:|1648565912
|switch|p1a: Mamoswine|Mamoswine, M|100/100
|switch|p2a: Toxapex|Toxapex, F|100/100
|
|upkeep
|turn|13
|
|t:|1648565917
|switch|p2a: Buzzwole|Buzzwole|100/100
|move|p1a: Mamoswine|Stealth Rock|p2a: Buzzwole
|-sidestart|p2: Diogo69|move: Stealth Rock
|
|upkeep
|turn|14
|
|t:|1648565926
|switch|p1a: Dragapult|Dragapult, M|100/100
|move|p2a: Buzzwole|Ice Punch|p1a: Dragapult
|-supereffective|p1a: Dragapult
|-damage|p1a: Dragapult|19/100
|
|upkeep
|turn|15
|
|t:|1648565935
|switch|p2a: Toxapex|Toxapex, F|100/100
|-damage|p2a: Toxapex|88/100|[from] Stealth Rock
|move|p1a: Dragapult|Dragon Darts|p2a: Toxapex
|-damage|p2a: Toxapex|71/100
|-anim|p1a: Dragapult|Dragon Darts|p2a: Toxapex
|-damage|p2a: Toxapex|54/100
|
|-heal|p2a: Toxapex|61/100|[from] item: Black Sludge
|upkeep
|turn|16
|
|t:|1648565946
|move|p1a: Dragapult|Dragon Dance|p1a: Dragapult
|-boost|p1a: Dragapult|atk|1
|-boost|p1a: Dragapult|spe|1
|move|p2a: Toxapex|Recover|p2a: Toxapex
|-heal|p2a: Toxapex|100/100
|
|upkeep
|turn|17
|
|t:|1648565950
|switch|p1a: Ferrothorn|Ferrothorn, F|100/100
|move|p2a: Toxapex|Haze|p2a: Toxapex
|-clearallboost
|
|upkeep
|turn|18
|
|t:|1648565955
|switch|p2a: Zapdos|Zapdos|100/100
|move|p1a: Ferrothorn|Leech Seed|p2a: Zapdos
|-start|p2a: Zapdos|move: Leech Seed
|
|-damage|p2a: Zapdos|88/100|[from] Leech Seed|[of] p1a: Ferrothorn
|upkeep
|turn|19
|
|t:|1648565959
|move|p2a: Zapdos|Defog|p1a: Ferrothorn
|-unboost|p1a: Ferrothorn|evasion|1
|-sideend|p2: Diogo69|Stealth Rock|[from] move: Defog|[of] p2a: Zapdos
|move|p1a: Ferrothorn|Spikes|p2a: Zapdos
|-sidestart|p2: Diogo69|Spikes
|
|-damage|p2a: Zapdos|76/100|[from] Leech Seed|[of] p1a: Ferrothorn
|upkeep
|turn|20
|
|t:|1648565963
|switch|p1a: Mamoswine|Mamoswine, M|100/100
|move|p2a: Zapdos|Heat Wave|p1a: Mamoswine
|-supereffective|p1a: Mamoswine
|-damage|p1a: Mamoswine|64/100
|
|-damage|p2a: Zapdos|64/100|[from] Leech Seed|[of] p1a: Mamoswine
|-heal|p1a: Mamoswine|77/100|[silent]
|upkeep
|turn|21
|
|t:|1648565972
|switch|p2a: Buzzwole|Buzzwole|100/100
|-damage|p2a: Buzzwole|88/100|[from] Spikes
|move|p1a: Mamoswine|Stealth Rock|p2a: Buzzwole
|-sidestart|p2: Diogo69|move: Stealth Rock
|
|upkeep
|turn|22
|
|t:|1648565990
|switch|p1a: Dragapult|Dragapult, M|19/100
|move|p2a: Buzzwole|Leech Life|p1a: Dragapult
|-resisted|p1a: Dragapult
|-damage|p1a: Dragapult|0 fnt
|-heal|p2a: Buzzwole|96/100|[from] drain|[of] p1a: Dragapult
|faint|p1a: Dragapult
|-ability|p2a: Buzzwole|Beast Boost|boost
|-boost|p2a: Buzzwole|atk|1
|
|upkeep
|
|t:|1648565998
|switch|p1a: Dragonite|Dragonite, M|94/100 tox
|turn|23
|
|t:|1648566012
|switch|p2a: Toxapex|Toxapex, F|100/100
|-damage|p2a: Toxapex|88/100|[from] Stealth Rock
|-damage|p2a: Toxapex|75/100|[from] Spikes
|move|p1a: Dragonite|Thunder Wave|p2a: Toxapex
|-status|p2a: Toxapex|par
|
|-heal|p2a: Toxapex|82/100 par|[from] item: Black Sludge
|-damage|p1a: Dragonite|88/100 tox|[from] psn
|upkeep
|turn|24
|
|t:|1648566023
|switch|p1a: Mamoswine|Mamoswine, M|77/100
|move|p2a: Toxapex|Recover|p2a: Toxapex
|-heal|p2a: Toxapex|100/100 par
|
|upkeep
|turn|25
|
|t:|1648566028
|switch|p2a: Buzzwole|Buzzwole|96/100
|-damage|p2a: Buzzwole|83/100|[from] Stealth Rock
|-damage|p2a: Buzzwole|71/100|[from] Spikes
|move|p1a: Mamoswine|Icicle Crash|p2a: Buzzwole
|-damage|p2a: Buzzwole|37/100
|
|upkeep
|turn|26
|
|t:|1648566042
|move|p1a: Mamoswine|Icicle Crash|p2a: Buzzwole
|-damage|p2a: Buzzwole|6/100
|move|p2a: Buzzwole|Roost|p2a: Buzzwole
|-heal|p2a: Buzzwole|56/100
|-singleturn|p2a: Buzzwole|move: Roost
|
|upkeep
|turn|27
|
|t:|1648566061
|switch|p1a: Dragonite|Dragonite, M|88/100 tox
|move|p2a: Buzzwole|Roost|p2a: Buzzwole
|-heal|p2a: Buzzwole|100/100
|-singleturn|p2a: Buzzwole|move: Roost
|
|-damage|p1a: Dragonite|82/100 tox|[from] psn
|upkeep
|turn|28
|
|t:|1648566077
|switch|p1a: Melmetal|Melmetal|100/100
|switch|p2a: Landorus|Landorus-Therian, M|100/100
|-damage|p2a: Landorus|88/100|[from] Stealth Rock
|-ability|p2a: Landorus|Intimidate|boost
|-unboost|p1a: Melmetal|atk|1
|
|upkeep
|turn|29
|inactive|Diogo69 has 120 seconds left.
|
|t:|1648566099
|switch|p1a: Ferrothorn|Ferrothorn, F|100/100
|move|p2a: Landorus|U-turn|p1a: Ferrothorn
|-damage|p1a: Ferrothorn|81/100
|-damage|p2a: Landorus|76/100|[from] ability: Iron Barbs|[of] p1a: Ferrothorn
|inactive|Diogo69 has 120 seconds left.
|
|t:|1648566110
|switch|p2a: Heatran|Heatran, F|100/100 par|[from]move: U-turn
|-damage|p2a: Heatran|88/100 par|[from] Spikes
|-damage|p2a: Heatran|76/100 par|[from] Stealth Rock
|
|-heal|p2a: Heatran|82/100 par|[from] item: Leftovers
|-heal|p1a: Ferrothorn|87/100|[from] item: Leftovers
|upkeep
|turn|30
|
|t:|1648566122
|switch|p1a: Dragonite|Dragonite, M|82/100 tox
|cant|p2a: Heatran|par
|
|-heal|p2a: Heatran|88/100 par|[from] item: Leftovers
|-damage|p1a: Dragonite|76/100 tox|[from] psn
|upkeep
|turn|31
|
|t:|1648566132
|move|p1a: Dragonite|Earthquake|p2a: Heatran
|-supereffective|p2a: Heatran
|-damage|p2a: Heatran|0 fnt
|faint|p2a: Heatran
|
|-damage|p1a: Dragonite|63/100 tox|[from] psn
|upkeep
|inactive|Diogo69 has 120 seconds left.
|
|t:|1648566147
|switch|p2a: Weavile|Weavile, M|100/100
|-damage|p2a: Weavile|88/100|[from] Spikes
|-damage|p2a: Weavile|63/100|[from] Stealth Rock
|-ability|p2a: Weavile|Pressure
|turn|32
|inactive|Diogo69 has 120 seconds left.
|
|t:|1648566158
|switch|p2a: Buzzwole|Buzzwole|100/100
|-damage|p2a: Buzzwole|88/100|[from] Stealth Rock
|-damage|p2a: Buzzwole|76/100|[from] Spikes
|switch|p1a: Melmetal|Melmetal|100/100
|
|upkeep
|turn|33
|
|t:|1648566162
|move|p2a: Buzzwole|Ice Punch|p1a: Melmetal
|-resisted|p1a: Melmetal
|-damage|p1a: Melmetal|91/100
|move|p1a: Melmetal|Thunder Wave|p2a: Buzzwole
|-status|p2a: Buzzwole|par
|
|upkeep
|turn|34
|inactive|Diogo69 has 120 seconds left.
|
|t:|1648566199
|move|p1a: Melmetal|Double Iron Bash|p2a: Buzzwole
|-damage|p2a: Buzzwole|46/100 par
|-damage|p2a: Buzzwole|17/100 par
|-hitcount|p2a: Buzzwole|2
|cant|p2a: Buzzwole|flinch
|
|upkeep
|turn|35
|
|t:|1648566205
|switch|p2a: Zapdos|Zapdos|64/100
|move|p1a: Melmetal|Double Iron Bash|p2a: Zapdos
|-resisted|p2a: Zapdos
|-damage|p2a: Zapdos|45/100
|-resisted|p2a: Zapdos
|-damage|p2a: Zapdos|27/100
|-hitcount|p2a: Zapdos|2
|
|upkeep
|turn|36
|
|t:|1648566211
|switch|p1a: Mamoswine|Mamoswine, M|77/100
|move|p2a: Zapdos|Roost|p2a: Zapdos
|-heal|p2a: Zapdos|77/100
|-singleturn|p2a: Zapdos|move: Roost
|
|upkeep
|turn|37
|
|t:|1648566217
|switch|p2a: Toxapex|Toxapex, F|100/100 par
|-damage|p2a: Toxapex|88/100 par|[from] Spikes
|-damage|p2a: Toxapex|75/100 par|[from] Stealth Rock
|move|p1a: Mamoswine|Icicle Crash|p2a: Toxapex
|-resisted|p2a: Toxapex
|-damage|p2a: Toxapex|62/100 par
|
|-heal|p2a: Toxapex|68/100 par|[from] item: Black Sludge
|upkeep
|turn|38
|inactive|Diogo69 has 120 seconds left.
|
|t:|1648566236
|move|p1a: Mamoswine|Earthquake|p2a: Toxapex
|-supereffective|p2a: Toxapex
|-damage|p2a: Toxapex|4/100 par
|move|p2a: Toxapex|Scald|p1a: Mamoswine
|-supereffective|p1a: Mamoswine
|-damage|p1a: Mamoswine|28/100
|
|-heal|p2a: Toxapex|11/100 par|[from] item: Black Sludge
|upkeep
|turn|39
|inactive|Diogo69 has 120 seconds left.
|
|t:|1648566251
|switch|p2a: Zapdos|Zapdos|77/100
|move|p1a: Mamoswine|Earthquake|p2a: Zapdos
|-immune|p2a: Zapdos
|
|upkeep
|turn|40
|
|t:|1648566257
|move|p2a: Zapdos|Heat Wave|p1a: Mamoswine
|-supereffective|p1a: Mamoswine
|-damage|p1a: Mamoswine|0 fnt
|faint|p1a: Mamoswine
|
|upkeep
|
|t:|1648566269
|switch|p1a: Dragonite|Dragonite, M|63/100 tox
|turn|41
|
|t:|1648566273
|move|p1a: Dragonite|Ice Beam|p2a: Zapdos
|-supereffective|p2a: Zapdos
|-damage|p2a: Zapdos|35/100
|move|p2a: Zapdos|Defog|p1a: Dragonite
|-unboost|p1a: Dragonite|evasion|1
|-sideend|p2: Diogo69|Spikes|[from] move: Defog|[of] p2a: Zapdos
|-sideend|p2: Diogo69|Stealth Rock|[from] move: Defog|[of] p2a: Zapdos
|
|-damage|p1a: Dragonite|57/100 tox|[from] psn
|upkeep
|turn|42
|
|t:|1648566289
|switch|p2a: Toxapex|Toxapex, F|44/100 par
|move|p1a: Dragonite|Ice Beam|p2a: Toxapex
|-resisted|p2a: Toxapex
|-damage|p2a: Toxapex|35/100 par
|
|-heal|p2a: Toxapex|41/100 par|[from] item: Black Sludge
|-damage|p1a: Dragonite|44/100 tox|[from] psn
|upkeep
|turn|43
|
|t:|1648566303
|switch|p1a: Ferrothorn|Ferrothorn, F|87/100
|switch|p2a: Zapdos|Zapdos|35/100
|
|-heal|p1a: Ferrothorn|93/100|[from] item: Leftovers
|upkeep
|turn|44
|
|t:|1648566320
|move|p2a: Zapdos|Roost|p2a: Zapdos
|-heal|p2a: Zapdos|86/100
|-singleturn|p2a: Zapdos|move: Roost
|move|p1a: Ferrothorn|Leech Seed|p2a: Zapdos
|-start|p2a: Zapdos|move: Leech Seed
|
|-heal|p1a: Ferrothorn|99/100|[from] item: Leftovers
|-damage|p2a: Zapdos|73/100|[from] Leech Seed|[of] p1a: Ferrothorn
|-heal|p1a: Ferrothorn|100/100|[silent]
|upkeep
|turn|45
|
|t:|1648566337
|move|p2a: Zapdos|Heat Wave|p1a: Ferrothorn
|-supereffective|p1a: Ferrothorn
|-damage|p1a: Ferrothorn|37/100
|move|p1a: Ferrothorn|Spikes|p2a: Zapdos
|-sidestart|p2: Diogo69|Spikes
|
|-heal|p1a: Ferrothorn|43/100|[from] item: Leftovers
|-damage|p2a: Zapdos|61/100|[from] Leech Seed|[of] p1a: Ferrothorn
|-heal|p1a: Ferrothorn|56/100|[silent]
|upkeep
|turn|46
|
|t:|1648566348
|move|p2a: Zapdos|Roost|p2a: Zapdos
|-heal|p2a: Zapdos|100/100
|-singleturn|p2a: Zapdos|move: Roost
|move|p1a: Ferrothorn|Spikes|p2a: Zapdos
|-sidestart|p2: Diogo69|Spikes
|
|-heal|p1a: Ferrothorn|62/100|[from] item: Leftovers
|-damage|p2a: Zapdos|88/100|[from] Leech Seed|[of] p1a: Ferrothorn
|-heal|p1a: Ferrothorn|75/100|[silent]
|upkeep
|turn|47
|
|t:|1648566354
|move|p2a: Zapdos|Heat Wave|p1a: Ferrothorn
|-supereffective|p1a: Ferrothorn
|-damage|p1a: Ferrothorn|5/100
|move|p1a: Ferrothorn|Spikes|p2a: Zapdos
|-sidestart|p2: Diogo69|Spikes
|
|-heal|p1a: Ferrothorn|11/100|[from] item: Leftovers
|-damage|p2a: Zapdos|76/100|[from] Leech Seed|[of] p1a: Ferrothorn
|-heal|p1a: Ferrothorn|24/100|[silent]
|upkeep
|turn|48
|
|t:|1648566359
|move|p2a: Zapdos|Defog|p1a: Ferrothorn
|-unboost|p1a: Ferrothorn|evasion|1
|-sideend|p2: Diogo69|Spikes|[from] move: Defog|[of] p2a: Zapdos
|move|p1a: Ferrothorn|Spikes|p2a: Zapdos
|-sidestart|p2: Diogo69|Spikes
|
|-heal|p1a: Ferrothorn|30/100|[from] item: Leftovers
|-damage|p2a: Zapdos|64/100|[from] Leech Seed|[of] p1a: Ferrothorn
|-heal|p1a: Ferrothorn|44/100|[silent]
|upkeep
|turn|49
|
|t:|1648566364
|switch|p1a: Dragonite|Dragonite, M|44/100 tox
|move|p2a: Zapdos|Heat Wave|p1a: Dragonite
|-resisted|p1a: Dragonite
|-damage|p1a: Dragonite|33/100 tox
|
|-damage|p2a: Zapdos|51/100|[from] Leech Seed|[of] p1a: Dragonite
|-heal|p1a: Dragonite|46/100 tox|[silent]
|-damage|p1a: Dragonite|39/100 tox|[from] psn
|upkeep
|turn|50
|
|t:|1648566372
|switch|p1a: Durant|Durant, F|100/100
|switch|p2a: Weavile|Weavile, M|63/100
|-damage|p2a: Weavile|51/100|[from] Spikes
|-ability|p2a: Weavile|Pressure
|
|upkeep
|turn|51
|
|t:|1648566380
|switch|p2a: Toxapex|Toxapex, F|74/100 par
|-damage|p2a: Toxapex|62/100 par|[from] Spikes
|move|p1a: Durant|Hone Claws|p1a: Durant
|-boost|p1a: Durant|atk|1
|-boost|p1a: Durant|accuracy|1
|
|-heal|p2a: Toxapex|68/100 par|[from] item: Black Sludge
|upkeep
|turn|52
|
|t:|1648566386
|move|p1a: Durant|Rock Slide|p2a: Toxapex
|-damage|p2a: Toxapex|36/100 par
|cant|p2a: Toxapex|flinch
|
|-heal|p2a: Toxapex|42/100 par|[from] item: Black Sludge
|upkeep
|turn|53
|
|t:|1648566408
|move|p1a: Durant|Hone Claws|p1a: Durant
|-boost|p1a: Durant|atk|1
|-boost|p1a: Durant|accuracy|1
|move|p2a: Toxapex|Recover|p2a: Toxapex
|-heal|p2a: Toxapex|92/100 par
|
|-heal|p2a: Toxapex|98/100 par|[from] item: Black Sludge
|upkeep
|turn|54
|
|t:|1648566412
|move|p1a: Durant|Rock Slide|p2a: Toxapex
|-damage|p2a: Toxapex|55/100 par
|cant|p2a: Toxapex|flinch
|
|-heal|p2a: Toxapex|61/100 par|[from] item: Black Sludge
|upkeep
|turn|55
|
|t:|1648566419
|move|p1a: Durant|Rock Slide|p2a: Toxapex
|-damage|p2a: Toxapex|20/100 par
|cant|p2a: Toxapex|flinch
|
|-heal|p2a: Toxapex|26/100 par|[from] item: Black Sludge
|upkeep
|turn|56
|
|t:|1648566432
|switch|p2a: Buzzwole|Buzzwole|17/100 par
|-damage|p2a: Buzzwole|4/100 par|[from] Spikes
|move|p1a: Durant|Rock Slide|p2a: Buzzwole
|-damage|p2a: Buzzwole|0 fnt
|faint|p2a: Buzzwole
|
|upkeep
|
|t:|1648566437
|switch|p2a: Weavile|Weavile, M|51/100
|-damage|p2a: Weavile|38/100|[from] Spikes
|-ability|p2a: Weavile|Pressure
|turn|57
|
|t:|1648566445
|move|p2a: Weavile|Knock Off|p1a: Durant
|-damage|p1a: Durant|41/100
|-enditem|p1a: Durant|Wide Lens|[from] move: Knock Off|[of] p2a: Weavile
|move|p1a: Durant|Rock Slide|p2a: Weavile
|-supereffective|p2a: Weavile
|-damage|p2a: Weavile|0 fnt
|faint|p2a: Weavile
|
|upkeep
|
|t:|1648566454
|switch|p2a: Landorus|Landorus-Therian, M|76/100
|-ability|p2a: Landorus|Intimidate|boost
|-unboost|p1a: Durant|atk|1
|turn|58
|
|t:|1648566465
|move|p2a: Landorus|Earthquake|p1a: Durant
|-damage|p1a: Durant|0 fnt
|faint|p1a: Durant
|
|upkeep
|
|t:|1648566475
|switch|p1a: Dragonite|Dragonite, M|39/100 tox
|turn|59
|
|t:|1648566478
|switch|p2a: Toxapex|Toxapex, F|59/100 par
|-damage|p2a: Toxapex|47/100 par|[from] Spikes
|switch|p1a: Ferrothorn|Ferrothorn, F|44/100
|
|-heal|p1a: Ferrothorn|50/100|[from] item: Leftovers
|-heal|p2a: Toxapex|53/100 par|[from] item: Black Sludge
|upkeep
|turn|60
|
|t:|1648566487
|switch|p2a: Zapdos|Zapdos|51/100
|move|p1a: Ferrothorn|Leech Seed|p2a: Zapdos
|-start|p2a: Zapdos|move: Leech Seed
|
|-heal|p1a: Ferrothorn|55/100|[from] item: Leftovers
|-damage|p2a: Zapdos|39/100|[from] Leech Seed|[of] p1a: Ferrothorn
|-heal|p1a: Ferrothorn|69/100|[silent]
|upkeep
|turn|61
|
|t:|1648566494
|switch|p1a: Dragonite|Dragonite, M|39/100 tox
|move|p2a: Zapdos|Roost|p2a: Zapdos
|-heal|p2a: Zapdos|89/100
|-singleturn|p2a: Zapdos|move: Roost
|
|-damage|p2a: Zapdos|77/100|[from] Leech Seed|[of] p1a: Dragonite
|-heal|p1a: Dragonite|52/100 tox|[silent]
|-damage|p1a: Dragonite|45/100 tox|[from] psn
|upkeep
|turn|62
|
|t:|1648566500
|move|p1a: Dragonite|Roost|p1a: Dragonite
|-heal|p1a: Dragonite|96/100 tox
|-singleturn|p1a: Dragonite|move: Roost
|move|p2a: Zapdos|Roost|p2a: Zapdos
|-heal|p2a: Zapdos|100/100
|-singleturn|p2a: Zapdos|move: Roost
|
|-damage|p2a: Zapdos|88/100|[from] Leech Seed|[of] p1a: Dragonite
|-heal|p1a: Dragonite|100/100 tox|[silent]
|-damage|p1a: Dragonite|88/100 tox|[from] psn
|upkeep
|turn|63
|
|t:|1648566516
|move|p1a: Dragonite|Earthquake|p2a: Zapdos
|-immune|p2a: Zapdos
|move|p2a: Zapdos|Roost|p2a: Zapdos
|-heal|p2a: Zapdos|100/100
|-singleturn|p2a: Zapdos|move: Roost
|
|-damage|p2a: Zapdos|88/100|[from] Leech Seed|[of] p1a: Dragonite
|-heal|p1a: Dragonite|99/100 tox|[silent]
|-damage|p1a: Dragonite|82/100 tox|[from] psn
|upkeep
|turn|64
|inactive|Diogo69 has 120 seconds left.
|
|t:|1648566546
|switch|p2a: Toxapex|Toxapex, F|86/100 par
|-damage|p2a: Toxapex|74/100 par|[from] Spikes
|move|p1a: Dragonite|Ice Beam|p2a: Toxapex
|-resisted|p2a: Toxapex
|-damage|p2a: Toxapex|65/100 par
|
|-heal|p2a: Toxapex|71/100 par|[from] item: Black Sludge
|-damage|p1a: Dragonite|57/100 tox|[from] psn
|upkeep
|turn|65
|
|t:|1648566552
|switch|p1a: Ferrothorn|Ferrothorn, F|69/100
|switch|p2a: Zapdos|Zapdos|88/100
|
|-heal|p1a: Ferrothorn|75/100|[from] item: Leftovers
|upkeep
|turn|66
|
|t:|1648566557
|switch|p1a: Dragonite|Dragonite, M|57/100 tox
|move|p2a: Zapdos|Heat Wave|p1a: Dragonite
|-resisted|p1a: Dragonite
|-damage|p1a: Dragonite|44/100 tox
|
|-damage|p1a: Dragonite|38/100 tox|[from] psn
|upkeep
|turn|67
|
|t:|1648566561
|move|p1a: Dragonite|Roost|p1a: Dragonite
|-heal|p1a: Dragonite|88/100 tox
|-singleturn|p1a: Dragonite|move: Roost
|move|p2a: Zapdos|Discharge|p1a: Dragonite
|-resisted|p1a: Dragonite
|-damage|p1a: Dragonite|74/100 tox
|
|-damage|p1a: Dragonite|62/100 tox|[from] psn
|upkeep
|turn|68
|
|t:|1648566573
|move|p2a: Zapdos|Discharge|p1a: Dragonite
|-damage|p1a: Dragonite|31/100 tox
|move|p1a: Dragonite|Ice Beam|p2a: Zapdos
|-supereffective|p2a: Zapdos
|-damage|p2a: Zapdos|47/100
|-status|p2a: Zapdos|frz
|
|-damage|p1a: Dragonite|12/100 tox|[from] psn
|upkeep
|turn|69
|
|t:|1648566587
|cant|p2a: Zapdos|frz
|move|p1a: Dragonite|Ice Beam|p2a: Zapdos
|-supereffective|p2a: Zapdos
|-damage|p2a: Zapdos|4/100 frz
|
|-damage|p1a: Dragonite|0 fnt|[from] psn
|faint|p1a: Dragonite
|upkeep
|
|t:|1648566591
|switch|p1a: Melmetal|Melmetal|91/100
|turn|70
|
|t:|1648566602
|cant|p2a: Zapdos|frz
|move|p1a: Melmetal|Double Iron Bash|p2a: Zapdos
|-resisted|p2a: Zapdos
|-damage|p2a: Zapdos|0 fnt
|faint|p2a: Zapdos
|-hitcount|p2: Zapdos|1
|
|upkeep
|
|t:|1648566612
|switch|p2a: Landorus|Landorus-Therian, M|76/100
|-ability|p2a: Landorus|Intimidate|boost
|-unboost|p1a: Melmetal|atk|1
|turn|71
|
|t:|1648566616
|move|p2a: Landorus|Earthquake|p1a: Melmetal
|-supereffective|p1a: Melmetal
|-damage|p1a: Melmetal|27/100
|move|p1a: Melmetal|Double Iron Bash|p2a: Landorus
|-damage|p2a: Landorus|41/100
|-damage|p2a: Landorus|6/100
|-hitcount|p2a: Landorus|2
|
|upkeep
|turn|72
|
|t:|1648566621
|move|p2a: Landorus|Earthquake|p1a: Melmetal
|-supereffective|p1a: Melmetal
|-damage|p1a: Melmetal|0 fnt
|faint|p1a: Melmetal
|
|upkeep
|
|t:|1648566622
|switch|p1a: Ferrothorn|Ferrothorn, F|75/100
|turn|73
|
|t:|1648566629
|switch|p2a: Toxapex|Toxapex, F|100/100 par
|-damage|p2a: Toxapex|88/100 par|[from] Spikes
|move|p1a: Ferrothorn|Leech Seed|p2a: Toxapex
|-start|p2a: Toxapex|move: Leech Seed
|
|-heal|p1a: Ferrothorn|81/100|[from] item: Leftovers
|-heal|p2a: Toxapex|94/100 par|[from] item: Black Sludge
|-damage|p2a: Toxapex|82/100 par|[from] Leech Seed|[of] p1a: Ferrothorn
|-heal|p1a: Ferrothorn|92/100|[silent]
|upkeep
|turn|74
|
|t:|1648566634
|move|p1a: Ferrothorn|Power Whip|p2a: Toxapex
|-damage|p2a: Toxapex|60/100 par
|move|p2a: Toxapex|Scald|p1a: Ferrothorn
|-resisted|p1a: Ferrothorn
|-damage|p1a: Ferrothorn|86/100
|
|-heal|p1a: Ferrothorn|92/100|[from] item: Leftovers
|-heal|p2a: Toxapex|66/100 par|[from] item: Black Sludge
|-damage|p2a: Toxapex|54/100 par|[from] Leech Seed|[of] p1a: Ferrothorn
|-heal|p1a: Ferrothorn|100/100|[silent]
|upkeep
|turn|75
|
|t:|1648566638
|move|p1a: Ferrothorn|Power Whip|p2a: Toxapex
|-damage|p2a: Toxapex|30/100 par
|move|p2a: Toxapex|Recover|p2a: Toxapex
|-heal|p2a: Toxapex|80/100 par
|
|-heal|p2a: Toxapex|86/100 par|[from] item: Black Sludge
|-damage|p2a: Toxapex|74/100 par|[from] Leech Seed|[of] p1a: Ferrothorn
|upkeep
|turn|76
|
|t:|1648566645
|move|p1a: Ferrothorn|Spikes|p2a: Toxapex
|-sidestart|p2: Diogo69|Spikes
|move|p2a: Toxapex|Scald|p1a: Ferrothorn
|-resisted|p1a: Ferrothorn
|-damage|p1a: Ferrothorn|95/100
|-status|p1a: Ferrothorn|brn
|
|-heal|p1a: Ferrothorn|100/100 brn|[from] item: Leftovers
|-heal|p2a: Toxapex|80/100 par|[from] item: Black Sludge
|-damage|p2a: Toxapex|67/100 par|[from] Leech Seed|[of] p1a: Ferrothorn
|-damage|p1a: Ferrothorn|95/100 brn|[from] brn
|upkeep
|turn|77
|inactive|Diogo69 has 120 seconds left.
|
|t:|1648566689
|move|p1a: Ferrothorn|Spikes|p2a: Toxapex
|-sidestart|p2: Diogo69|Spikes
|move|p2a: Toxapex|Scald|p1a: Ferrothorn
|-resisted|p1a: Ferrothorn
|-damage|p1a: Ferrothorn|89/100 brn
|
|-heal|p1a: Ferrothorn|95/100 brn|[from] item: Leftovers
|-heal|p2a: Toxapex|74/100 par|[from] item: Black Sludge
|-damage|p2a: Toxapex|61/100 par|[from] Leech Seed|[of] p1a: Ferrothorn
|-heal|p1a: Ferrothorn|100/100 brn|[silent]
|-damage|p1a: Ferrothorn|95/100 brn|[from] brn
|upkeep
|turn|78
|
|t:|1648566696
|move|p1a: Ferrothorn|Spikes||[still]
|-fail|p1a: Ferrothorn
|cant|p2a: Toxapex|par
|
|-heal|p1a: Ferrothorn|100/100 brn|[from] item: Leftovers
|-heal|p2a: Toxapex|67/100 par|[from] item: Black Sludge
|-damage|p2a: Toxapex|55/100 par|[from] Leech Seed|[of] p1a: Ferrothorn
|-damage|p1a: Ferrothorn|95/100 brn|[from] brn
|upkeep
|turn|79
|inactive|Diogo69 has 120 seconds left.
|
|t:|1648566702
|move|p1a: Ferrothorn|Spikes||[still]
|-fail|p1a: Ferrothorn
|cant|p2a: Toxapex|par
|
|-heal|p1a: Ferrothorn|100/100 brn|[from] item: Leftovers
|-heal|p2a: Toxapex|61/100 par|[from] item: Black Sludge
|-damage|p2a: Toxapex|49/100 par|[from] Leech Seed|[of] p1a: Ferrothorn
|-damage|p1a: Ferrothorn|95/100 brn|[from] brn
|upkeep
|turn|80
|
|t:|1648566705
|move|p1a: Ferrothorn|Spikes||[still]
|-fail|p1a: Ferrothorn
|move|p2a: Toxapex|Recover|p2a: Toxapex
|-heal|p2a: Toxapex|99/100 par
|
|-heal|p1a: Ferrothorn|100/100 brn|[from] item: Leftovers
|-heal|p2a: Toxapex|100/100 par|[from] item: Black Sludge
|-damage|p2a: Toxapex|88/100 par|[from] Leech Seed|[of] p1a: Ferrothorn
|-damage|p1a: Ferrothorn|95/100 brn|[from] brn
|upkeep
|turn|81
|
|t:|1648566710
|move|p1a: Ferrothorn|Spikes||[still]
|-fail|p1a: Ferrothorn
|move|p2a: Toxapex|Toxic||[still]
|-fail|p2a: Toxapex
|
|-heal|p1a: Ferrothorn|100/100 brn|[from] item: Leftovers
|-heal|p2a: Toxapex|94/100 par|[from] item: Black Sludge
|-damage|p2a: Toxapex|82/100 par|[from] Leech Seed|[of] p1a: Ferrothorn
|-damage|p1a: Ferrothorn|95/100 brn|[from] brn
|upkeep
|turn|82
|
|t:|1648566713
|move|p1a: Ferrothorn|Thunder Wave|p2a: Toxapex|[miss]
|-miss|p1a: Ferrothorn|p2a: Toxapex
|cant|p2a: Toxapex|par
|
|-heal|p1a: Ferrothorn|100/100 brn|[from] item: Leftovers
|-heal|p2a: Toxapex|88/100 par|[from] item: Black Sludge
|-damage|p2a: Toxapex|75/100 par|[from] Leech Seed|[of] p1a: Ferrothorn
|-damage|p1a: Ferrothorn|95/100 brn|[from] brn
|upkeep
|turn|83
|
|t:|1648566715
|move|p1a: Ferrothorn|Thunder Wave|p2a: Toxapex
|-fail|p2a: Toxapex|par
|move|p2a: Toxapex|Toxic||[still]
|-fail|p2a: Toxapex
|
|-heal|p1a: Ferrothorn|100/100 brn|[from] item: Leftovers
|-heal|p2a: Toxapex|82/100 par|[from] item: Black Sludge
|-damage|p2a: Toxapex|69/100 par|[from] Leech Seed|[of] p1a: Ferrothorn
|-damage|p1a: Ferrothorn|95/100 brn|[from] brn
|upkeep
|turn|84
|
|t:|1648566720
|move|p1a: Ferrothorn|Thunder Wave|p2a: Toxapex
|-fail|p2a: Toxapex|par
|move|p2a: Toxapex|Toxic||[still]
|-fail|p2a: Toxapex
|
|-heal|p1a: Ferrothorn|100/100 brn|[from] item: Leftovers
|-heal|p2a: Toxapex|75/100 par|[from] item: Black Sludge
|-damage|p2a: Toxapex|63/100 par|[from] Leech Seed|[of] p1a: Ferrothorn
|-damage|p1a: Ferrothorn|95/100 brn|[from] brn
|upkeep
|turn|85
|
|t:|1648566723
|move|p1a: Ferrothorn|Thunder Wave|p2a: Toxapex
|-fail|p2a: Toxapex|par
|cant|p2a: Toxapex|par
|
|-heal|p1a: Ferrothorn|100/100 brn|[from] item: Leftovers
|-heal|p2a: Toxapex|69/100 par|[from] item: Black Sludge
|-damage|p2a: Toxapex|57/100 par|[from] Leech Seed|[of] p1a: Ferrothorn
|-damage|p1a: Ferrothorn|95/100 brn|[from] brn
|upkeep
|turn|86
|
|t:|1648566734
|move|p1a: Ferrothorn|Power Whip|p2a: Toxapex
|-damage|p2a: Toxapex|46/100 par
|move|p2a: Toxapex|Toxic||[still]
|-fail|p2a: Toxapex
|
|-heal|p1a: Ferrothorn|100/100 brn|[from] item: Leftovers
|-heal|p2a: Toxapex|52/100 par|[from] item: Black Sludge
|-damage|p2a: Toxapex|39/100 par|[from] Leech Seed|[of] p1a: Ferrothorn
|-damage|p1a: Ferrothorn|95/100 brn|[from] brn
|upkeep
|turn|87
|
|t:|1648566738
|move|p1a: Ferrothorn|Power Whip|p2a: Toxapex
|-damage|p2a: Toxapex|27/100 par
|move|p2a: Toxapex|Recover|p2a: Toxapex
|-heal|p2a: Toxapex|77/100 par
|
|-heal|p1a: Ferrothorn|100/100 brn|[from] item: Leftovers
|-heal|p2a: Toxapex|83/100 par|[from] item: Black Sludge
|-damage|p2a: Toxapex|71/100 par|[from] Leech Seed|[of] p1a: Ferrothorn
|-damage|p1a: Ferrothorn|95/100 brn|[from] brn
|upkeep
|turn|88
|
|t:|1648566750
|move|p1a: Ferrothorn|Thunder Wave|p2a: Toxapex|[miss]
|-miss|p1a: Ferrothorn|p2a: Toxapex
|cant|p2a: Toxapex|par
|
|-heal|p1a: Ferrothorn|100/100 brn|[from] item: Leftovers
|-heal|p2a: Toxapex|77/100 par|[from] item: Black Sludge
|-damage|p2a: Toxapex|64/100 par|[from] Leech Seed|[of] p1a: Ferrothorn
|-damage|p1a: Ferrothorn|95/100 brn|[from] brn
|upkeep
|turn|89
|
|t:|1648566753
|move|p1a: Ferrothorn|Thunder Wave|p2a: Toxapex
|-fail|p2a: Toxapex|par
|move|p2a: Toxapex|Haze|p2a: Toxapex
|-clearallboost
|
|-heal|p1a: Ferrothorn|100/100 brn|[from] item: Leftovers
|-heal|p2a: Toxapex|71/100 par|[from] item: Black Sludge
|-damage|p2a: Toxapex|58/100 par|[from] Leech Seed|[of] p1a: Ferrothorn
|-damage|p1a: Ferrothorn|95/100 brn|[from] brn
|upkeep
|turn|90
|
|t:|1648566755
|move|p1a: Ferrothorn|Power Whip|p2a: Toxapex
|-damage|p2a: Toxapex|47/100 par
|move|p2a: Toxapex|Haze|p2a: Toxapex
|-clearallboost
|
|-heal|p1a: Ferrothorn|100/100 brn|[from] item: Leftovers
|-heal|p2a: Toxapex|53/100 par|[from] item: Black Sludge
|-damage|p2a: Toxapex|40/100 par|[from] Leech Seed|[of] p1a: Ferrothorn
|-damage|p1a: Ferrothorn|95/100 brn|[from] brn
|upkeep
|turn|91
|
|t:|1648566758
|move|p1a: Ferrothorn|Thunder Wave|p2a: Toxapex
|-fail|p2a: Toxapex|par
|cant|p2a: Toxapex|par
|
|-heal|p1a: Ferrothorn|100/100 brn|[from] item: Leftovers
|-heal|p2a: Toxapex|47/100 par|[from] item: Black Sludge
|-damage|p2a: Toxapex|34/100 par|[from] Leech Seed|[of] p1a: Ferrothorn
|-damage|p1a: Ferrothorn|95/100 brn|[from] brn
|upkeep
|turn|92
|
|t:|1648566761
|move|p1a: Ferrothorn|Thunder Wave|p2a: Toxapex
|-fail|p2a: Toxapex|par
|move|p2a: Toxapex|Recover|p2a: Toxapex
|-heal|p2a: Toxapex|84/100 par
|
|-heal|p1a: Ferrothorn|100/100 brn|[from] item: Leftovers
|-heal|p2a: Toxapex|90/100 par|[from] item: Black Sludge
|-damage|p2a: Toxapex|78/100 par|[from] Leech Seed|[of] p1a: Ferrothorn
|-damage|p1a: Ferrothorn|95/100 brn|[from] brn
|upkeep
|turn|93
|
|t:|1648566766
|move|p1a: Ferrothorn|Thunder Wave|p2a: Toxapex
|-fail|p2a: Toxapex|par
|cant|p2a: Toxapex|par
|
|-heal|p1a: Ferrothorn|100/100 brn|[from] item: Leftovers
|-heal|p2a: Toxapex|84/100 par|[from] item: Black Sludge
|-damage|p2a: Toxapex|72/100 par|[from] Leech Seed|[of] p1a: Ferrothorn
|-damage|p1a: Ferrothorn|95/100 brn|[from] brn
|upkeep
|turn|94
|
|t:|1648566768
|move|p1a: Ferrothorn|Thunder Wave|p2a: Toxapex
|-fail|p2a: Toxapex|par
|cant|p2a: Toxapex|par
|
|-heal|p1a: Ferrothorn|100/100 brn|[from] item: Leftovers
|-heal|p2a: Toxapex|78/100 par|[from] item: Black Sludge
|-damage|p2a: Toxapex|65/100 par|[from] Leech Seed|[of] p1a: Ferrothorn
|-damage|p1a: Ferrothorn|95/100 brn|[from] brn
|upkeep
|turn|95
|
|t:|1648566780
|move|p1a: Ferrothorn|Thunder Wave|p2a: Toxapex
|-fail|p2a: Toxapex|par
|move|p2a: Toxapex|Haze|p2a: Toxapex
|-clearallboost
|
|-heal|p1a: Ferrothorn|100/100 brn|[from] item: Leftovers
|-heal|p2a: Toxapex|72/100 par|[from] item: Black Sludge
|-damage|p2a: Toxapex|59/100 par|[from] Leech Seed|[of] p1a: Ferrothorn
|-damage|p1a: Ferrothorn|95/100 brn|[from] brn
|upkeep
|turn|96
|
|t:|1648566785
|move|p1a: Ferrothorn|Power Whip|p2a: Toxapex
|-crit|p2a: Toxapex
|-damage|p2a: Toxapex|43/100 par
|move|p2a: Toxapex|Recover|p2a: Toxapex
|-heal|p2a: Toxapex|93/100 par
|
|-heal|p1a: Ferrothorn|100/100 brn|[from] item: Leftovers
|-heal|p2a: Toxapex|99/100 par|[from] item: Black Sludge
|-damage|p2a: Toxapex|86/100 par|[from] Leech Seed|[of] p1a: Ferrothorn
|-damage|p1a: Ferrothorn|95/100 brn|[from] brn
|upkeep
|turn|97
|
|t:|1648566789
|move|p1a: Ferrothorn|Thunder Wave|p2a: Toxapex
|-fail|p2a: Toxapex|par
|move|p2a: Toxapex|Haze|p2a: Toxapex
|-clearallboost
|
|-heal|p1a: Ferrothorn|100/100 brn|[from] item: Leftovers
|-heal|p2a: Toxapex|93/100 par|[from] item: Black Sludge
|-damage|p2a: Toxapex|80/100 par|[from] Leech Seed|[of] p1a: Ferrothorn
|-damage|p1a: Ferrothorn|95/100 brn|[from] brn
|upkeep
|turn|98
|
|t:|1648566791
|move|p1a: Ferrothorn|Thunder Wave|p2a: Toxapex|[miss]
|-miss|p1a: Ferrothorn|p2a: Toxapex
|move|p2a: Toxapex|Haze|p2a: Toxapex
|-clearallboost
|
|-heal|p1a: Ferrothorn|100/100 brn|[from] item: Leftovers
|-heal|p2a: Toxapex|86/100 par|[from] item: Black Sludge
|-damage|p2a: Toxapex|74/100 par|[from] Leech Seed|[of] p1a: Ferrothorn
|-damage|p1a: Ferrothorn|95/100 brn|[from] brn
|upkeep
|turn|99
|
|t:|1648566794
|move|p1a: Ferrothorn|Thunder Wave|p2a: Toxapex
|-fail|p2a: Toxapex|par
|move|p2a: Toxapex|Haze|p2a: Toxapex
|-clearallboost
|
|-heal|p1a: Ferrothorn|100/100 brn|[from] item: Leftovers
|-heal|p2a: Toxapex|80/100 par|[from] item: Black Sludge
|-damage|p2a: Toxapex|68/100 par|[from] Leech Seed|[of] p1a: Ferrothorn
|-damage|p1a: Ferrothorn|95/100 brn|[from] brn
|upkeep
|turn|100
|
|t:|1648566797
|move|p1a: Ferrothorn|Thunder Wave|p2a: Toxapex
|-fail|p2a: Toxapex|par
|move|p2a: Toxapex|Haze|p2a: Toxapex
|-clearallboost
|
|-heal|p1a: Ferrothorn|100/100 brn|[from] item: Leftovers
|-heal|p2a: Toxapex|74/100 par|[from] item: Black Sludge
|-damage|p2a: Toxapex|61/100 par|[from] Leech Seed|[of] p1a: Ferrothorn
|-damage|p1a: Ferrothorn|95/100 brn|[from] brn
|upkeep
|turn|101
|
|t:|1648566801
|move|p1a: Ferrothorn|Thunder Wave|p2a: Toxapex|[miss]
|-miss|p1a: Ferrothorn|p2a: Toxapex
|move|p2a: Toxapex|Recover|p2a: Toxapex
|-heal|p2a: Toxapex|100/100 par
|
|-heal|p1a: Ferrothorn|100/100 brn|[from] item: Leftovers
|-damage|p2a: Toxapex|88/100 par|[from] Leech Seed|[of] p1a: Ferrothorn
|-damage|p1a: Ferrothorn|95/100 brn|[from] brn
|upkeep
|turn|102
|
|t:|1648566803
|move|p1a: Ferrothorn|Thunder Wave|p2a: Toxapex|[miss]
|-miss|p1a: Ferrothorn|p2a: Toxapex
|move|p2a: Toxapex|Haze|p2a: Toxapex
|-clearallboost
|
|-heal|p1a: Ferrothorn|100/100 brn|[from] item: Leftovers
|-heal|p2a: Toxapex|94/100 par|[from] item: Black Sludge
|-damage|p2a: Toxapex|82/100 par|[from] Leech Seed|[of] p1a: Ferrothorn
|-damage|p1a: Ferrothorn|95/100 brn|[from] brn
|upkeep
|turn|103
|
|t:|1648566806
|move|p1a: Ferrothorn|Thunder Wave|p2a: Toxapex
|-fail|p2a: Toxapex|par
|cant|p2a: Toxapex|par
|
|-heal|p1a: Ferrothorn|100/100 brn|[from] item: Leftovers
|-heal|p2a: Toxapex|88/100 par|[from] item: Black Sludge
|-damage|p2a: Toxapex|75/100 par|[from] Leech Seed|[of] p1a: Ferrothorn
|-damage|p1a: Ferrothorn|95/100 brn|[from] brn
|upkeep
|turn|104
|
|t:|1648566809
|move|p1a: Ferrothorn|Spikes||[still]
|-fail|p1a: Ferrothorn
|cant|p2a: Toxapex|par
|
|-heal|p1a: Ferrothorn|100/100 brn|[from] item: Leftovers
|-heal|p2a: Toxapex|82/100 par|[from] item: Black Sludge
|-damage|p2a: Toxapex|69/100 par|[from] Leech Seed|[of] p1a: Ferrothorn
|-damage|p1a: Ferrothorn|95/100 brn|[from] brn
|upkeep
|turn|105
|
|t:|1648566811
|move|p1a: Ferrothorn|Spikes||[still]
|-fail|p1a: Ferrothorn
|move|p2a: Toxapex|Haze|p2a: Toxapex
|-clearallboost
|
|-heal|p1a: Ferrothorn|100/100 brn|[from] item: Leftovers
|-heal|p2a: Toxapex|75/100 par|[from] item: Black Sludge
|-damage|p2a: Toxapex|63/100 par|[from] Leech Seed|[of] p1a: Ferrothorn
|-damage|p1a: Ferrothorn|95/100 brn|[from] brn
|upkeep
|turn|106
|
|t:|1648566813
|move|p1a: Ferrothorn|Spikes||[still]
|-fail|p1a: Ferrothorn
|move|p2a: Toxapex|Haze|p2a: Toxapex
|-clearallboost
|
|-heal|p1a: Ferrothorn|100/100 brn|[from] item: Leftovers
|-heal|p2a: Toxapex|69/100 par|[from] item: Black Sludge
|-damage|p2a: Toxapex|57/100 par|[from] Leech Seed|[of] p1a: Ferrothorn
|-damage|p1a: Ferrothorn|95/100 brn|[from] brn
|upkeep
|turn|107
|
|t:|1648566815
|move|p1a: Ferrothorn|Thunder Wave|p2a: Toxapex
|-fail|p2a: Toxapex|par
|move|p2a: Toxapex|Haze|p2a: Toxapex
|-clearallboost
|
|-heal|p1a: Ferrothorn|100/100 brn|[from] item: Leftovers
|-heal|p2a: Toxapex|63/100 par|[from] item: Black Sludge
|-damage|p2a: Toxapex|50/100 par|[from] Leech Seed|[of] p1a: Ferrothorn
|-damage|p1a: Ferrothorn|95/100 brn|[from] brn
|upkeep
|turn|108
|
|t:|1648566820
|move|p1a: Ferrothorn|Spikes||[still]
|-fail|p1a: Ferrothorn
|move|p2a: Toxapex|Haze|p2a: Toxapex
|-clearallboost
|
|-heal|p1a: Ferrothorn|100/100 brn|[from] item: Leftovers
|-heal|p2a: Toxapex|57/100 par|[from] item: Black Sludge
|-damage|p2a: Toxapex|44/100 par|[from] Leech Seed|[of] p1a: Ferrothorn
|-damage|p1a: Ferrothorn|95/100 brn|[from] brn
|upkeep
|turn|109
|
|t:|1648566826
|move|p1a: Ferrothorn|Thunder Wave|p2a: Toxapex
|-fail|p2a: Toxapex|par
|move|p2a: Toxapex|Haze|p2a: Toxapex
|-clearallboost
|
|-heal|p1a: Ferrothorn|100/100 brn|[from] item: Leftovers
|-heal|p2a: Toxapex|50/100 par|[from] item: Black Sludge
|-damage|p2a: Toxapex|38/100 par|[from] Leech Seed|[of] p1a: Ferrothorn
|-damage|p1a: Ferrothorn|95/100 brn|[from] brn
|upkeep
|turn|110
|
|t:|1648566831
|move|p1a: Ferrothorn|Thunder Wave|p2a: Toxapex
|-fail|p2a: Toxapex|par
|move|p2a: Toxapex|Recover|p2a: Toxapex
|-heal|p2a: Toxapex|88/100 par
|
|-heal|p1a: Ferrothorn|100/100 brn|[from] item: Leftovers
|-heal|p2a: Toxapex|94/100 par|[from] item: Black Sludge
|-damage|p2a: Toxapex|82/100 par|[from] Leech Seed|[of] p1a: Ferrothorn
|-damage|p1a: Ferrothorn|95/100 brn|[from] brn
|upkeep
|turn|111
|
|t:|1648566838
|move|p1a: Ferrothorn|Spikes||[still]
|-fail|p1a: Ferrothorn
|cant|p2a: Toxapex|par
|
|-heal|p1a: Ferrothorn|100/100 brn|[from] item: Leftovers
|-heal|p2a: Toxapex|88/100 par|[from] item: Black Sludge
|-damage|p2a: Toxapex|75/100 par|[from] Leech Seed|[of] p1a: Ferrothorn
|-damage|p1a: Ferrothorn|95/100 brn|[from] brn
|upkeep
|turn|112
|
|t:|1648566841
|move|p1a: Ferrothorn|Thunder Wave|p2a: Toxapex
|-fail|p2a: Toxapex|par
|move|p2a: Toxapex|Haze|p2a: Toxapex
|-clearallboost
|
|-heal|p1a: Ferrothorn|100/100 brn|[from] item: Leftovers
|-heal|p2a: Toxapex|82/100 par|[from] item: Black Sludge
|-damage|p2a: Toxapex|69/100 par|[from] Leech Seed|[of] p1a: Ferrothorn
|-damage|p1a: Ferrothorn|95/100 brn|[from] brn
|upkeep
|turn|113
|
|t:|1648566843
|move|p1a: Ferrothorn|Spikes||[still]
|-fail|p1a: Ferrothorn
|move|p2a: Toxapex|Haze|p2a: Toxapex
|-clearallboost
|
|-heal|p1a: Ferrothorn|100/100 brn|[from] item: Leftovers
|-heal|p2a: Toxapex|75/100 par|[from] item: Black Sludge
|-damage|p2a: Toxapex|63/100 par|[from] Leech Seed|[of] p1a: Ferrothorn
|-damage|p1a: Ferrothorn|95/100 brn|[from] brn
|upkeep
|turn|114
|
|t:|1648566848
|move|p1a: Ferrothorn|Thunder Wave|p2a: Toxapex
|-fail|p2a: Toxapex|par
|move|p2a: Toxapex|Haze|p2a: Toxapex
|-clearallboost
|
|-heal|p1a: Ferrothorn|100/100 brn|[from] item: Leftovers
|-heal|p2a: Toxapex|69/100 par|[from] item: Black Sludge
|-damage|p2a: Toxapex|57/100 par|[from] Leech Seed|[of] p1a: Ferrothorn
|-damage|p1a: Ferrothorn|95/100 brn|[from] brn
|upkeep
|turn|115
|
|t:|1648566852
|move|p1a: Ferrothorn|Power Whip|p2a: Toxapex
|-damage|p2a: Toxapex|45/100 par
|move|p2a: Toxapex|Haze|p2a: Toxapex
|-clearallboost
|
|-heal|p1a: Ferrothorn|100/100 brn|[from] item: Leftovers
|-heal|p2a: Toxapex|51/100 par|[from] item: Black Sludge
|-damage|p2a: Toxapex|38/100 par|[from] Leech Seed|[of] p1a: Ferrothorn
|-damage|p1a: Ferrothorn|95/100 brn|[from] brn
|upkeep
|turn|116
|
|t:|1648566859
|move|p1a: Ferrothorn|Spikes||[still]
|-fail|p1a: Ferrothorn
|move|p2a: Toxapex|Recover|p2a: Toxapex
|-heal|p2a: Toxapex|88/100 par
|
|-heal|p1a: Ferrothorn|100/100 brn|[from] item: Leftovers
|-heal|p2a: Toxapex|95/100 par|[from] item: Black Sludge
|-damage|p2a: Toxapex|82/100 par|[from] Leech Seed|[of] p1a: Ferrothorn
|-damage|p1a: Ferrothorn|95/100 brn|[from] brn
|upkeep
|turn|117
|
|t:|1648566861
|move|p1a: Ferrothorn|Spikes||[still]
|-fail|p1a: Ferrothorn
|move|p2a: Toxapex|Haze|p2a: Toxapex
|-clearallboost
|
|-heal|p1a: Ferrothorn|100/100 brn|[from] item: Leftovers
|-heal|p2a: Toxapex|88/100 par|[from] item: Black Sludge
|-damage|p2a: Toxapex|76/100 par|[from] Leech Seed|[of] p1a: Ferrothorn
|-damage|p1a: Ferrothorn|95/100 brn|[from] brn
|upkeep
|turn|118
|
|t:|1648566866
|move|p1a: Ferrothorn|Spikes||[still]
|-fail|p1a: Ferrothorn
|move|p2a: Toxapex|Haze|p2a: Toxapex
|-clearallboost
|
|-heal|p1a: Ferrothorn|100/100 brn|[from] item: Leftovers
|-heal|p2a: Toxapex|82/100 par|[from] item: Black Sludge
|-damage|p2a: Toxapex|70/100 par|[from] Leech Seed|[of] p1a: Ferrothorn
|-damage|p1a: Ferrothorn|95/100 brn|[from] brn
|upkeep
|turn|119
|
|t:|1648566868
|move|p1a: Ferrothorn|Spikes||[still]
|-fail|p1a: Ferrothorn
|move|p2a: Toxapex|Haze|p2a: Toxapex
|-clearallboost
|
|-heal|p1a: Ferrothorn|100/100 brn|[from] item: Leftovers
|-heal|p2a: Toxapex|76/100 par|[from] item: Black Sludge
|-damage|p2a: Toxapex|63/100 par|[from] Leech Seed|[of] p1a: Ferrothorn
|-damage|p1a: Ferrothorn|95/100 brn|[from] brn
|upkeep
|turn|120
|
|t:|1648566870
|move|p1a: Ferrothorn|Spikes||[still]
|-fail|p1a: Ferrothorn
|move|p2a: Toxapex|Haze|p2a: Toxapex
|-clearallboost
|
|-heal|p1a: Ferrothorn|100/100 brn|[from] item: Leftovers
|-heal|p2a: Toxapex|70/100 par|[from] item: Black Sludge
|-damage|p2a: Toxapex|57/100 par|[from] Leech Seed|[of] p1a: Ferrothorn
|-damage|p1a: Ferrothorn|95/100 brn|[from] brn
|upkeep
|turn|121
|
|t:|1648566872
|move|p1a: Ferrothorn|Spikes||[still]
|-fail|p1a: Ferrothorn
|cant|p2a: Toxapex|par
|
|-heal|p1a: Ferrothorn|100/100 brn|[from] item: Leftovers
|-heal|p2a: Toxapex|63/100 par|[from] item: Black Sludge
|-damage|p2a: Toxapex|51/100 par|[from] Leech Seed|[of] p1a: Ferrothorn
|-damage|p1a: Ferrothorn|95/100 brn|[from] brn
|upkeep
|turn|122
|
|t:|1648566874
|move|p1a: Ferrothorn|Spikes||[still]
|-fail|p1a: Ferrothorn
|cant|p2a: Toxapex|par
|
|-heal|p1a: Ferrothorn|100/100 brn|[from] item: Leftovers
|-heal|p2a: Toxapex|57/100 par|[from] item: Black Sludge
|-damage|p2a: Toxapex|45/100 par|[from] Leech Seed|[of] p1a: Ferrothorn
|-damage|p1a: Ferrothorn|95/100 brn|[from] brn
|upkeep
|turn|123
|
|t:|1648566878
|move|p1a: Ferrothorn|Spikes||[still]
|-fail|p1a: Ferrothorn
|move|p2a: Toxapex|Haze|p2a: Toxapex
|-clearallboost
|
|-heal|p1a: Ferrothorn|100/100 brn|[from] item: Leftovers
|-heal|p2a: Toxapex|51/100 par|[from] item: Black Sludge
|-damage|p2a: Toxapex|38/100 par|[from] Leech Seed|[of] p1a: Ferrothorn
|-damage|p1a: Ferrothorn|95/100 brn|[from] brn
|upkeep
|turn|124
|
|t:|1648566881
|move|p1a: Ferrothorn|Power Whip|p2a: Toxapex
|-damage|p2a: Toxapex|27/100 par
|move|p2a: Toxapex|Recover|p2a: Toxapex
|-heal|p2a: Toxapex|77/100 par
|
|-heal|p1a: Ferrothorn|100/100 brn|[from] item: Leftovers
|-heal|p2a: Toxapex|84/100 par|[from] item: Black Sludge
|-damage|p2a: Toxapex|71/100 par|[from] Leech Seed|[of] p1a: Ferrothorn
|-damage|p1a: Ferrothorn|95/100 brn|[from] brn
|upkeep
|turn|125
|
|t:|1648566886
|move|p1a: Ferrothorn|Thunder Wave|p2a: Toxapex|[miss]
|-miss|p1a: Ferrothorn|p2a: Toxapex
|move|p2a: Toxapex|Haze|p2a: Toxapex
|-clearallboost
|
|-heal|p1a: Ferrothorn|100/100 brn|[from] item: Leftovers
|-heal|p2a: Toxapex|77/100 par|[from] item: Black Sludge
|-damage|p2a: Toxapex|65/100 par|[from] Leech Seed|[of] p1a: Ferrothorn
|-damage|p1a: Ferrothorn|95/100 brn|[from] brn
|upkeep
|turn|126
|
|t:|1648566888
|move|p1a: Ferrothorn|Thunder Wave|p2a: Toxapex|[miss]
|-miss|p1a: Ferrothorn|p2a: Toxapex
|move|p2a: Toxapex|Haze|p2a: Toxapex
|-clearallboost
|
|-heal|p1a: Ferrothorn|100/100 brn|[from] item: Leftovers
|-heal|p2a: Toxapex|71/100 par|[from] item: Black Sludge
|-damage|p2a: Toxapex|59/100 par|[from] Leech Seed|[of] p1a: Ferrothorn
|-damage|p1a: Ferrothorn|95/100 brn|[from] brn
|upkeep
|turn|127
|
|t:|1648566891
|move|p1a: Ferrothorn|Power Whip|p2a: Toxapex|[miss]
|-miss|p1a: Ferrothorn|p2a: Toxapex
|move|p2a: Toxapex|Haze|p2a: Toxapex
|-clearallboost
|
|-heal|p1a: Ferrothorn|100/100 brn|[from] item: Leftovers
|-heal|p2a: Toxapex|65/100 par|[from] item: Black Sludge
|-damage|p2a: Toxapex|52/100 par|[from] Leech Seed|[of] p1a: Ferrothorn
|-damage|p1a: Ferrothorn|95/100 brn|[from] brn
|upkeep
|turn|128
|
|t:|1648566895
|move|p1a: Ferrothorn|Power Whip|p2a: Toxapex
|-damage|p2a: Toxapex|41/100 par
|move|p2a: Toxapex|Haze|p2a: Toxapex
|-clearallboost
|
|-heal|p1a: Ferrothorn|100/100 brn|[from] item: Leftovers
|-heal|p2a: Toxapex|47/100 par|[from] item: Black Sludge
|-damage|p2a: Toxapex|34/100 par|[from] Leech Seed|[of] p1a: Ferrothorn
|-damage|p1a: Ferrothorn|95/100 brn|[from] brn
|upkeep
|turn|129
|
|t:|1648566901
|move|p1a: Ferrothorn|Spikes||[still]
|-fail|p1a: Ferrothorn
|move|p2a: Toxapex|Recover|p2a: Toxapex
|-heal|p2a: Toxapex|84/100 par
|
|-heal|p1a: Ferrothorn|100/100 brn|[from] item: Leftovers
|-heal|p2a: Toxapex|91/100 par|[from] item: Black Sludge
|-damage|p2a: Toxapex|78/100 par|[from] Leech Seed|[of] p1a: Ferrothorn
|-damage|p1a: Ferrothorn|95/100 brn|[from] brn
|upkeep
|turn|130
|
|t:|1648566913
|move|p1a: Ferrothorn|Thunder Wave|p2a: Toxapex
|-fail|p2a: Toxapex|par
|move|p2a: Toxapex|Haze|p2a: Toxapex
|-clearallboost
|
|-heal|p1a: Ferrothorn|100/100 brn|[from] item: Leftovers
|-heal|p2a: Toxapex|84/100 par|[from] item: Black Sludge
|-damage|p2a: Toxapex|72/100 par|[from] Leech Seed|[of] p1a: Ferrothorn
|-damage|p1a: Ferrothorn|95/100 brn|[from] brn
|upkeep
|turn|131
|
|t:|1648566917
|move|p1a: Ferrothorn|Spikes||[still]
|-fail|p1a: Ferrothorn
|move|p2a: Toxapex|Haze|p2a: Toxapex
|-clearallboost
|
|-heal|p1a: Ferrothorn|100/100 brn|[from] item: Leftovers
|-heal|p2a: Toxapex|78/100 par|[from] item: Black Sludge
|-damage|p2a: Toxapex|66/100 par|[from] Leech Seed|[of] p1a: Ferrothorn
|-damage|p1a: Ferrothorn|95/100 brn|[from] brn
|upkeep
|turn|132
|
|t:|1648566923
|move|p1a: Ferrothorn|Thunder Wave|p2a: Toxapex|[miss]
|-miss|p1a: Ferrothorn|p2a: Toxapex
|move|p2a: Toxapex|Haze|p2a: Toxapex
|-clearallboost
|
|-heal|p1a: Ferrothorn|100/100 brn|[from] item: Leftovers
|-heal|p2a: Toxapex|72/100 par|[from] item: Black Sludge
|-damage|p2a: Toxapex|59/100 par|[from] Leech Seed|[of] p1a: Ferrothorn
|-damage|p1a: Ferrothorn|95/100 brn|[from] brn
|upkeep
|turn|133
|
|t:|1648566927
|move|p1a: Ferrothorn|Spikes||[still]
|-fail|p1a: Ferrothorn
|move|p2a: Toxapex|Haze|p2a: Toxapex
|-clearallboost
|
|-heal|p1a: Ferrothorn|100/100 brn|[from] item: Leftovers
|-heal|p2a: Toxapex|66/100 par|[from] item: Black Sludge
|-damage|p2a: Toxapex|53/100 par|[from] Leech Seed|[of] p1a: Ferrothorn
|-damage|p1a: Ferrothorn|95/100 brn|[from] brn
|upkeep
|turn|134
|
|t:|1648566931
|move|p1a: Ferrothorn|Thunder Wave|p2a: Toxapex
|-fail|p2a: Toxapex|par
|move|p2a: Toxapex|Haze|p2a: Toxapex
|-clearallboost
|
|-heal|p1a: Ferrothorn|100/100 brn|[from] item: Leftovers
|-heal|p2a: Toxapex|59/100 par|[from] item: Black Sludge
|-damage|p2a: Toxapex|47/100 par|[from] Leech Seed|[of] p1a: Ferrothorn
|-damage|p1a: Ferrothorn|95/100 brn|[from] brn
|upkeep
|turn|135
|
|t:|1648566934
|move|p1a: Ferrothorn|Spikes||[still]
|-fail|p1a: Ferrothorn
|move|p2a: Toxapex|Haze|p2a: Toxapex
|-clearallboost
|
|-heal|p1a: Ferrothorn|100/100 brn|[from] item: Leftovers
|-heal|p2a: Toxapex|53/100 par|[from] item: Black Sludge
|-damage|p2a: Toxapex|41/100 par|[from] Leech Seed|[of] p1a: Ferrothorn
|-damage|p1a: Ferrothorn|95/100 brn|[from] brn
|upkeep
|turn|136
|
|t:|1648566938
|move|p1a: Ferrothorn|Thunder Wave|p2a: Toxapex
|-fail|p2a: Toxapex|par
|move|p2a: Toxapex|Recover|p2a: Toxapex
|-heal|p2a: Toxapex|91/100 par
|
|-heal|p1a: Ferrothorn|100/100 brn|[from] item: Leftovers
|-heal|p2a: Toxapex|97/100 par|[from] item: Black Sludge
|-damage|p2a: Toxapex|84/100 par|[from] Leech Seed|[of] p1a: Ferrothorn
|-damage|p1a: Ferrothorn|95/100 brn|[from] brn
|upkeep
|turn|137
|
|t:|1648566942
|move|p1a: Ferrothorn|Spikes||[still]
|-fail|p1a: Ferrothorn
|move|p2a: Toxapex|Haze|p2a: Toxapex
|-clearallboost
|
|-heal|p1a: Ferrothorn|100/100 brn|[from] item: Leftovers
|-heal|p2a: Toxapex|91/100 par|[from] item: Black Sludge
|-damage|p2a: Toxapex|78/100 par|[from] Leech Seed|[of] p1a: Ferrothorn
|-damage|p1a: Ferrothorn|95/100 brn|[from] brn
|upkeep
|turn|138
|
|t:|1648566951
|move|p1a: Ferrothorn|Thunder Wave|p2a: Toxapex
|-fail|p2a: Toxapex|par
|cant|p2a: Toxapex|par
|
|-heal|p1a: Ferrothorn|100/100 brn|[from] item: Leftovers
|-heal|p2a: Toxapex|84/100 par|[from] item: Black Sludge
|-damage|p2a: Toxapex|72/100 par|[from] Leech Seed|[of] p1a: Ferrothorn
|-damage|p1a: Ferrothorn|95/100 brn|[from] brn
|upkeep
|turn|139
|
|t:|1648566969
|move|p1a: Ferrothorn|Spikes||[still]
|-fail|p1a: Ferrothorn
|move|p2a: Toxapex|Haze|p2a: Toxapex
|-clearallboost
|
|-heal|p1a: Ferrothorn|100/100 brn|[from] item: Leftovers
|-heal|p2a: Toxapex|78/100 par|[from] item: Black Sludge
|-damage|p2a: Toxapex|66/100 par|[from] Leech Seed|[of] p1a: Ferrothorn
|-damage|p1a: Ferrothorn|95/100 brn|[from] brn
|upkeep
|turn|140
|
|t:|1648566971
|move|p1a: Ferrothorn|Thunder Wave|p2a: Toxapex
|-fail|p2a: Toxapex|par
|move|p2a: Toxapex|Haze|p2a: Toxapex
|-clearallboost
|
|-heal|p1a: Ferrothorn|100/100 brn|[from] item: Leftovers
|-heal|p2a: Toxapex|72/100 par|[from] item: Black Sludge
|-damage|p2a: Toxapex|59/100 par|[from] Leech Seed|[of] p1a: Ferrothorn
|-damage|p1a: Ferrothorn|95/100 brn|[from] brn
|upkeep
|turn|141
|
|t:|1648566977
|move|p1a: Ferrothorn|Leech Seed||[still]
|-fail|p1a: Ferrothorn
|move|p2a: Toxapex|Haze|p2a: Toxapex
|-clearallboost
|
|-heal|p1a: Ferrothorn|100/100 brn|[from] item: Leftovers
|-heal|p2a: Toxapex|66/100 par|[from] item: Black Sludge
|-damage|p2a: Toxapex|53/100 par|[from] Leech Seed|[of] p1a: Ferrothorn
|-damage|p1a: Ferrothorn|95/100 brn|[from] brn
|upkeep
|turn|142
|
|t:|1648566979
|move|p1a: Ferrothorn|Power Whip|p2a: Toxapex
|-damage|p2a: Toxapex|42/100 par
|move|p2a: Toxapex|Haze|p2a: Toxapex
|-clearallboost
|
|-heal|p1a: Ferrothorn|100/100 brn|[from] item: Leftovers
|-heal|p2a: Toxapex|48/100 par|[from] item: Black Sludge
|-damage|p2a: Toxapex|35/100 par|[from] Leech Seed|[of] p1a: Ferrothorn
|-damage|p1a: Ferrothorn|95/100 brn|[from] brn
|upkeep
|turn|143
|
|t:|1648566984
|move|p1a: Ferrothorn|Power Whip|p2a: Toxapex
|-damage|p2a: Toxapex|24/100 par
|move|p2a: Toxapex|Recover|p2a: Toxapex
|-heal|p2a: Toxapex|74/100 par
|
|-heal|p1a: Ferrothorn|100/100 brn|[from] item: Leftovers
|-heal|p2a: Toxapex|80/100 par|[from] item: Black Sludge
|-damage|p2a: Toxapex|67/100 par|[from] Leech Seed|[of] p1a: Ferrothorn
|-damage|p1a: Ferrothorn|95/100 brn|[from] brn
|upkeep
|turn|144
|
|t:|1648566995
|move|p1a: Ferrothorn|Power Whip|p2a: Toxapex
|-damage|p2a: Toxapex|55/100 par
|move|p2a: Toxapex|Haze|p2a: Toxapex
|-clearallboost
|
|-heal|p1a: Ferrothorn|100/100 brn|[from] item: Leftovers
|-heal|p2a: Toxapex|62/100 par|[from] item: Black Sludge
|-damage|p2a: Toxapex|49/100 par|[from] Leech Seed|[of] p1a: Ferrothorn
|-damage|p1a: Ferrothorn|95/100 brn|[from] brn
|upkeep
|turn|145
|
|t:|1648567001
|move|p1a: Ferrothorn|Power Whip|p2a: Toxapex|[miss]
|-miss|p1a: Ferrothorn|p2a: Toxapex
|move|p2a: Toxapex|Haze|p2a: Toxapex
|-clearallboost
|
|-heal|p1a: Ferrothorn|100/100 brn|[from] item: Leftovers
|-heal|p2a: Toxapex|55/100 par|[from] item: Black Sludge
|-damage|p2a: Toxapex|43/100 par|[from] Leech Seed|[of] p1a: Ferrothorn
|-damage|p1a: Ferrothorn|95/100 brn|[from] brn
|upkeep
|turn|146
|
|t:|1648567005
|move|p1a: Ferrothorn|Leech Seed||[still]
|-fail|p1a: Ferrothorn
|cant|p2a: Toxapex|par
|
|-heal|p1a: Ferrothorn|100/100 brn|[from] item: Leftovers
|-heal|p2a: Toxapex|49/100 par|[from] item: Black Sludge
|-damage|p2a: Toxapex|37/100 par|[from] Leech Seed|[of] p1a: Ferrothorn
|-damage|p1a: Ferrothorn|95/100 brn|[from] brn
|upkeep
|turn|147
|
|t:|1648567014
|move|p1a: Ferrothorn|Leech Seed||[still]
|-fail|p1a: Ferrothorn
|cant|p2a: Toxapex|par
|
|-heal|p1a: Ferrothorn|100/100 brn|[from] item: Leftovers
|-heal|p2a: Toxapex|43/100 par|[from] item: Black Sludge
|-damage|p2a: Toxapex|30/100 par|[from] Leech Seed|[of] p1a: Ferrothorn
|-damage|p1a: Ferrothorn|95/100 brn|[from] brn
|upkeep
|turn|148
|
|t:|1648567017
|move|p1a: Ferrothorn|Power Whip|p2a: Toxapex
|-damage|p2a: Toxapex|18/100 par
|cant|p2a: Toxapex|par
|
|-heal|p1a: Ferrothorn|100/100 brn|[from] item: Leftovers
|-heal|p2a: Toxapex|25/100 par|[from] item: Black Sludge
|-damage|p2a: Toxapex|12/100 par|[from] Leech Seed|[of] p1a: Ferrothorn
|-damage|p1a: Ferrothorn|95/100 brn|[from] brn
|upkeep
|turn|149
|
|t:|1648567024
|move|p1a: Ferrothorn|Power Whip|p2a: Toxapex
|-damage|p2a: Toxapex|0 fnt
|faint|p2a: Toxapex
|
|-heal|p1a: Ferrothorn|100/100 brn|[from] item: Leftovers
|-damage|p1a: Ferrothorn|95/100 brn|[from] brn
|upkeep
|
|t:|1648567030
|switch|p2a: Landorus|Landorus-Therian, M|6/100
|-ability|p2a: Landorus|Intimidate|boost
|-unboost|p1a: Ferrothorn|atk|1
|turn|150
|c|☆Diogo69|Gg
|c|☆corumba|well that was fun
|
|t:|1648567040
|move|p2a: Landorus|Earthquake|p1a: Ferrothorn
|-damage|p1a: Ferrothorn|50/100 brn
|move|p1a: Ferrothorn|Leech Seed|p2a: Landorus
|-start|p2a: Landorus|move: Leech Seed
|
|-heal|p1a: Ferrothorn|56/100 brn|[from] item: Leftovers
|-damage|p2a: Landorus|0 fnt|[from] Leech Seed|[of] p1a: Ferrothorn
|-heal|p1a: Ferrothorn|60/100 brn|[silent]
|faint|p2a: Landorus
|
|win|corumba
|upkeep
|raw|corumba's rating: 1622 &rarr; <strong>1638</strong><br />(+16 for winning)
|raw|Diogo69's rating: 1543 &rarr; <strong>1527</strong><br />(-16 for losing)
|c|☆corumba|gg
|l|☆corumba
