|raw|<div class="broadcast-blue"><strong>This battle is required to be public due to a player having a name starting with 'lt81yl'.</div>
|j|☆LT81YL YOVAN FILMO
|j|‽lonietzzz
|t:|1625763745
|gametype|singles
|player|p1|LT81YL YOVAN FILMO|ghetsis-gen5bw|1819
|player|p2|lonietzzz|pokemonbreederf|1842
|teamsize|p1|6
|teamsize|p2|6
|gen|8
|tier|[Gen 8] OU
|rated|
|rule|Sleep Clause Mod: Limit one foe put to sleep
|rule|Species Clause: Limit one of each Pokémon
|rule|OHKO Clause: OHKO moves are banned
|rule|Evasion Moves Clause: Evasion moves are banned
|rule|Endless Battle Clause: Forcing endless battles is banned
|rule|HP Percentage Mod: HP is shown in percentages
|rule|Dynamax Clause: You cannot dynamax
|clearpoke
|poke|p1|Ditto|
|poke|p1|Blissey, F|
|poke|p1|Skarmory, M|
|poke|p1|Toxapex, F|
|poke|p1|Zeraora|
|poke|p1|Clefable, F|
|poke|p2|Tapu Lele|
|poke|p2|Heatran, M|
|poke|p2|Urshifu-*, F|
|poke|p2|Slowbro, F|
|poke|p2|Landorus-Therian, M|
|poke|p2|Weavile, M|
|teampreview
|
|t:|1625763755
|start
|switch|p1a: Skarmory|Skarmory, M|100/100
|switch|p2a: Heatran|Heatran, M|100/100
|turn|1
|inactive|Battle timer is ON: inactive players will automatically lose when time's up. (requested by lonietzzz)
|
|t:|1625763763
|switch|p1a: Toxapex|Toxapex, F|100/100
|move|p2a: Heatran|Magma Storm|p1a: Toxapex
|-resisted|p1a: Toxapex
|-damage|p1a: Toxapex|83/100
|-activate|p1a: Toxapex|move: Magma Storm|[of] p2a: Heatran
|
|-damage|p1a: Toxapex|71/100|[from] move: Magma Storm|[partiallytrapped]
|upkeep
|turn|2
|
|t:|1625763771
|move|p2a: Heatran|Stealth Rock|p1a: Toxapex
|-sidestart|p1: LT81YL YOVAN FILMO|move: Stealth Rock
|move|p1a: Toxapex|Knock Off|p2a: Heatran
|-damage|p2a: Heatran|88/100
|-enditem|p2a: Heatran|Leftovers|[from] move: Knock Off|[of] p1a: Toxapex
|
|-damage|p1a: Toxapex|58/100|[from] move: Magma Storm|[partiallytrapped]
|upkeep
|turn|3
|
|t:|1625763775
|switch|p2a: Tapu Lele|Tapu Lele|100/100
|-fieldstart|move: Psychic Terrain|[from] ability: Psychic Surge|[of] p2a: Tapu Lele
|move|p1a: Toxapex|Recover|p1a: Toxapex
|-heal|p1a: Toxapex|100/100
|
|-end|p1a: Toxapex|Magma Storm|[partiallytrapped]|[silent]
|upkeep
|turn|4
|
|t:|1625763781
|switch|p1a: Skarmory|Skarmory, M|100/100
|-damage|p1a: Skarmory|88/100|[from] Stealth Rock
|move|p2a: Tapu Lele|Psyshock|p1a: Skarmory
|-resisted|p1a: Skarmory
|-damage|p1a: Skarmory|63/100
|
|upkeep
|turn|5
|
|t:|1625763784
|switch|p2a: Heatran|Heatran, M|88/100
|move|p1a: Skarmory|Spikes|p2a: Heatran
|-sidestart|p2: lonietzzz|Spikes
|
|upkeep
|turn|6
|
|t:|1625763790
|switch|p1a: Toxapex|Toxapex, F|100/100
|-damage|p1a: Toxapex|88/100|[from] Stealth Rock
|switch|p2a: Tapu Lele|Tapu Lele|100/100
|-damage|p2a: Tapu Lele|88/100|[from] Spikes
|
|upkeep
|turn|7
|
|t:|1625763795
|switch|p1a: Skarmory|Skarmory, M|63/100
|-damage|p1a: Skarmory|51/100|[from] Stealth Rock
|move|p2a: Tapu Lele|Psyshock|p1a: Skarmory
|-resisted|p1a: Skarmory
|-damage|p1a: Skarmory|26/100
|
|-fieldend|move: Psychic Terrain
|upkeep
|turn|8
|
|t:|1625763802
|switch|p2a: Heatran|Heatran, M|88/100
|-damage|p2a: Heatran|76/100|[from] Spikes
|move|p1a: Skarmory|Roost|p1a: Skarmory
|-heal|p1a: Skarmory|76/100
|-singleturn|p1a: Skarmory|move: Roost
|
|upkeep
|turn|9
|
|t:|1625763806
|switch|p1a: Blissey|Blissey, F|100/100
|move|p2a: Heatran|Magma Storm|p1a: Blissey
|-damage|p1a: Blissey|85/100
|-activate|p1a: Blissey|move: Magma Storm|[of] p2a: Heatran
|
|-damage|p1a: Blissey|73/100|[from] move: Magma Storm|[partiallytrapped]
|upkeep
|turn|10
|
|t:|1625763810
|move|p2a: Heatran|Heavy Slam|p1a: Blissey
|-damage|p1a: Blissey|41/100
|move|p1a: Blissey|Seismic Toss|p2a: Heatran
|-damage|p2a: Heatran|50/100
|
|-damage|p1a: Blissey|28/100|[from] move: Magma Storm|[partiallytrapped]
|upkeep
|turn|11
|
|t:|1625763814
|move|p2a: Heatran|Heavy Slam|p1a: Blissey
|-damage|p1a: Blissey|0 fnt
|faint|p1a: Blissey
|
|upkeep
|
|t:|1625763818
|switch|p1a: Zeraora|Zeraora|100/100
|turn|12
|
|t:|1625763820
|switch|p1a: Clefable|Clefable, F|100/100
|switch|p2a: Landorus|Landorus-Therian, M|100/100
|-ability|p2a: Landorus|Intimidate|boost
|-unboost|p1a: Clefable|atk|1
|
|upkeep
|turn|13
|
|t:|1625763828
|move|p2a: Landorus|Earthquake|p1a: Clefable
|-damage|p1a: Clefable|64/100
|move|p1a: Clefable|Calm Mind|p1a: Clefable
|-boost|p1a: Clefable|spa|1
|-boost|p1a: Clefable|spd|1
|
|upkeep
|turn|14
|
|t:|1625763836
|move|p2a: Landorus|Knock Off|p1a: Clefable
|-resisted|p1a: Clefable
|-damage|p1a: Clefable|53/100
|-enditem|p1a: Clefable|Life Orb|[from] move: Knock Off|[of] p2a: Landorus
|move|p1a: Clefable|Soft-Boiled|p1a: Clefable
|-heal|p1a: Clefable|100/100
|
|upkeep
|turn|15
|
|t:|1625763841
|move|p2a: Landorus|U-turn|p1a: Clefable
|-resisted|p1a: Clefable
|-damage|p1a: Clefable|92/100
|
|t:|1625763843
|switch|p2a: Slowbro|Slowbro, F|100/100|[from]move: U-turn
|-damage|p2a: Slowbro|88/100|[from] Spikes
|move|p1a: Clefable|Calm Mind|p1a: Clefable
|-boost|p1a: Clefable|spa|1
|-boost|p1a: Clefable|spd|1
|
|upkeep
|turn|16
|
|t:|1625763848
|move|p1a: Clefable|Thunderbolt|p2a: Slowbro
|-supereffective|p2a: Slowbro
|-damage|p2a: Slowbro|1/100
|move|p2a: Slowbro|Teleport|p2a: Slowbro
|
|t:|1625763856
|switch|p2a: Heatran|Heatran, M|50/100|[from]move: Teleport
|-damage|p2a: Heatran|37/100|[from] Spikes
|
|upkeep
|turn|17
|
|t:|1625763862
|move|p2a: Heatran|Heavy Slam|p1a: Clefable
|-supereffective|p1a: Clefable
|-damage|p1a: Clefable|38/100
|move|p1a: Clefable|Thunderbolt|p2a: Heatran
|-damage|p2a: Heatran|14/100
|
|upkeep
|turn|18
|
|t:|1625763870
|switch|p1a: Toxapex|Toxapex, F|100/100
|-damage|p1a: Toxapex|88/100|[from] Stealth Rock
|move|p2a: Heatran|Magma Storm|p1a: Toxapex
|-resisted|p1a: Toxapex
|-damage|p1a: Toxapex|69/100
|-activate|p1a: Toxapex|move: Magma Storm|[of] p2a: Heatran
|
|-damage|p1a: Toxapex|56/100|[from] move: Magma Storm|[partiallytrapped]
|upkeep
|turn|19
|
|t:|1625763877
|switch|p2a: Tapu Lele|Tapu Lele|88/100
|-damage|p2a: Tapu Lele|76/100|[from] Spikes
|-fieldstart|move: Psychic Terrain|[from] ability: Psychic Surge|[of] p2a: Tapu Lele
|move|p1a: Toxapex|Scald|p2a: Tapu Lele
|-crit|p2a: Tapu Lele
|-damage|p2a: Tapu Lele|47/100
|-status|p2a: Tapu Lele|brn
|
|-damage|p2a: Tapu Lele|41/100 brn|[from] brn
|-end|p1a: Toxapex|Magma Storm|[partiallytrapped]|[silent]
|upkeep
|turn|20
|
|t:|1625763884
|switch|p1a: Ditto|Ditto|100/100
|-damage|p1a: Ditto|88/100|[from] Stealth Rock
|-transform|p1a: Ditto|p2a: Tapu Lele|[from] ability: Imposter
|move|p2a: Tapu Lele|Psychic|p1a: Ditto
|-resisted|p1a: Ditto
|-damage|p1a: Ditto|41/100
|
|-damage|p2a: Tapu Lele|35/100 brn|[from] brn
|upkeep
|turn|21
|
|t:|1625763893
|switch|p2a: Heatran|Heatran, M|14/100
|-damage|p2a: Heatran|2/100|[from] Spikes
|move|p1a: Ditto|Moonblast|p2a: Heatran
|-resisted|p2a: Heatran
|-damage|p2a: Heatran|0 fnt
|faint|p2a: Heatran
|
|upkeep
|l|‽lonietzzz
|inactive|lonietzzz disconnected and has a minute to reconnect!
|player|p2|
|j|‽lonietzzz
|inactive|lonietzzz reconnected and has 125 seconds left.
|player|p2|lonietzzz|pokemonbreederf
|n|‽lonietzzz|lonietzzz
|inactive|lonietzzz has 120 seconds left.
|
|t:|1625763936
|switch|p2a: Urshifu|Urshifu-Rapid-Strike, F|100/100
|-damage|p2a: Urshifu|88/100|[from] Spikes
|turn|22
|
|t:|1625763942
|switch|p1a: Toxapex|Toxapex, F|90/100
|-damage|p1a: Toxapex|77/100|[from] Stealth Rock
|move|p2a: Urshifu|U-turn|p1a: Toxapex
|-resisted|p1a: Toxapex
|-damage|p1a: Toxapex|70/100
|
|t:|1625763944
|switch|p2a: Tapu Lele|Tapu Lele|35/100 brn|[from]move: U-turn
|-damage|p2a: Tapu Lele|22/100 brn|[from] Spikes
|
|-damage|p2a: Tapu Lele|16/100 brn|[from] brn
|upkeep
|turn|23
|
|t:|1625763952
|switch|p1a: Clefable|Clefable, F|38/100
|move|p2a: Tapu Lele|Psychic|p1a: Clefable
|-damage|p1a: Clefable|0 fnt
|faint|p1a: Clefable
|
|-damage|p2a: Tapu Lele|10/100 brn|[from] brn
|-fieldend|move: Psychic Terrain
|upkeep
|
|t:|1625763958
|switch|p1a: Ditto|Ditto|41/100
|-damage|p1a: Ditto|28/100|[from] Stealth Rock
|-transform|p1a: Ditto|p2a: Tapu Lele|[from] ability: Imposter
|-fieldstart|move: Psychic Terrain|[from] ability: Psychic Surge|[of] p1a: Ditto
|turn|24
|
|t:|1625763964
|move|p1a: Ditto|Moonblast|p2a: Tapu Lele
|-damage|p2a: Tapu Lele|0 fnt
|faint|p2a: Tapu Lele
|
|upkeep
|
|t:|1625763967
|switch|p2a: Landorus|Landorus-Therian, M|100/100
|-ability|p2a: Landorus|Intimidate|boost
|-unboost|p1a: Ditto|atk|1
|turn|25
|
|t:|1625763975
|switch|p1a: Skarmory|Skarmory, M|76/100
|-damage|p1a: Skarmory|64/100|[from] Stealth Rock
|move|p2a: Landorus|U-turn|p1a: Skarmory
|-resisted|p1a: Skarmory
|-damage|p1a: Skarmory|61/100
|
|t:|1625763978
|switch|p2a: Slowbro|Slowbro, F|34/100|[from]move: U-turn
|-damage|p2a: Slowbro|22/100|[from] Spikes
|
|upkeep
|turn|26
|
|t:|1625763983
|move|p1a: Skarmory|Spikes|p2a: Slowbro
|-sidestart|p2: lonietzzz|Spikes
|move|p2a: Slowbro|Slack Off|p2a: Slowbro
|-heal|p2a: Slowbro|72/100
|
|upkeep
|turn|27
|
|t:|1625763988
|move|p1a: Skarmory|Toxic|p2a: Slowbro|[miss]
|-miss|p1a: Skarmory|p2a: Slowbro
|move|p2a: Slowbro|Future Sight|p1a: Skarmory
|-start|p2a: Slowbro|move: Future Sight
|
|upkeep
|turn|28
|
|t:|1625763994
|move|p1a: Skarmory|Spikes|p2a: Slowbro
|-sidestart|p2: lonietzzz|Spikes
|move|p2a: Slowbro|Scald|p1a: Skarmory
|-crit|p1a: Skarmory
|-damage|p1a: Skarmory|5/100
|
|-fieldend|move: Psychic Terrain
|upkeep
|turn|29
|
|t:|1625764001
|move|p1a: Skarmory|Roost|p1a: Skarmory
|-heal|p1a: Skarmory|55/100
|-singleturn|p1a: Skarmory|move: Roost
|move|p2a: Slowbro|Scald|p1a: Skarmory
|-damage|p1a: Skarmory|16/100
|
|-end|p1a: Skarmory|move: Future Sight
|-resisted|p1a: Skarmory
|-damage|p1a: Skarmory|0 fnt
|faint|p1a: Skarmory
|upkeep
|
|t:|1625764005
|switch|p1a: Ditto|Ditto|28/100
|-damage|p1a: Ditto|16/100|[from] Stealth Rock
|-transform|p1a: Ditto|p2a: Slowbro|[from] ability: Imposter
|turn|30
|
|t:|1625764012
|move|p2a: Slowbro|Future Sight|p1a: Ditto
|-start|p2a: Slowbro|move: Future Sight
|move|p1a: Ditto|Teleport|p1a: Ditto
|
|t:|1625764014
|switch|p1a: Zeraora|Zeraora|100/100|[from]move: Teleport
|
|upkeep
|turn|31
|
|t:|1625764027
|move|p1a: Zeraora|Knock Off|p2a: Slowbro
|-supereffective|p2a: Slowbro
|-damage|p2a: Slowbro|33/100
|-damage|p1a: Zeraora|84/100|[from] item: Rocky Helmet|[of] p2a: Slowbro
|-enditem|p2a: Slowbro|Rocky Helmet|[from] move: Knock Off|[of] p1a: Zeraora
|move|p2a: Slowbro|Teleport|p2a: Slowbro
|
|t:|1625764030
|switch|p2a: Landorus|Landorus-Therian, M|100/100|[from]move: Teleport
|-ability|p2a: Landorus|Intimidate|boost
|-unboost|p1a: Zeraora|atk|1
|
|upkeep
|turn|32
|-message|LT81YL YOVAN FILMO forfeited.
|
|win|lonietzzz
|l|☆LT81YL YOVAN FILMO
|raw|LT81YL YOVAN FILMO's rating: 1819 &rarr; <strong>1800</strong><br />(-19 for losing)
|raw|lonietzzz's rating: 1842 &rarr; <strong>1861</strong><br />(+19 for winning)
||Ladder isn't responding, score probably updated but might not have (Request timeout).
