|j|☆Makuryu
|j|☆Le-Perpetrator
|t:|1643977033
|gametype|singles
|player|p1|Makuryu|koga|1758
|player|p2|Le-Perpetrator|265|1754
|teamsize|p1|6
|teamsize|p2|6
|gen|8
|tier|[Gen 8] OU
|rated|
|rule|Sleep Clause Mod: Limit one foe put to sleep
|rule|Species Clause: Limit one of each Pokémon
|rule|OHKO Clause: OHKO moves are banned
|rule|Evasion Moves Clause: Evasion moves are banned
|rule|Endless Battle Clause: Forcing endless battles is banned
|rule|HP Percentage Mod: HP is shown in percentages
|rule|Dynamax Clause: You cannot dynamax
|clearpoke
|poke|p1|Bisharp, F|
|poke|p1|Zapdos-Galar|
|poke|p1|Mew|
|poke|p1|Rillaboom, F|
|poke|p1|Garchomp, F|
|poke|p1|Dragapult, F|
|poke|p2|Toxapex, F|
|poke|p2|Ferrothorn, M|
|poke|p2|Hatterene, F|
|poke|p2|Landorus-Therian, M|
|poke|p2|Victini|
|poke|p2|Dragapult, F|
|teampreview
|
|t:|1643977044
|start
|switch|p1a: Bisharp|Bisharp, F|100/100
|switch|p2a: NastyInsertion|Toxapex, F|100/100
|turn|1
|inactive|Battle timer is ON: inactive players will automatically lose when time's up. (requested by Makuryu)
|
|t:|1643977049
|switch|p1a: Mew|Mew|100/100
|move|p2a: NastyInsertion|Scald|p1a: Mew
|-damage|p1a: Mew|79/100
|
|upkeep
|turn|2
|
|t:|1643977057
|switch|p1a: Bisharp|Bisharp, F|100/100
|move|p2a: NastyInsertion|Toxic Spikes|p1a: Bisharp
|-sidestart|p1: Makuryu|move: Toxic Spikes
|
|upkeep
|turn|3
|
|t:|1643977062
|move|p1a: Bisharp|Swords Dance|p1a: Bisharp
|-boost|p1a: Bisharp|atk|2
|move|p2a: NastyInsertion|Scald|p1a: Bisharp
|-damage|p1a: Bisharp|67/100
|-status|p1a: Bisharp|brn
|
|-damage|p1a: Bisharp|61/100 brn|[from] brn
|upkeep
|turn|4
|
|t:|1643977070
|move|p1a: Bisharp|Knock Off|p2a: NastyInsertion
|-damage|p2a: NastyInsertion|53/100
|-enditem|p2a: NastyInsertion|Black Sludge|[from] move: Knock Off|[of] p1a: Bisharp
|move|p2a: NastyInsertion|Scald|p1a: Bisharp
|-damage|p1a: Bisharp|28/100 brn
|
|-damage|p1a: Bisharp|22/100 brn|[from] brn
|upkeep
|turn|5
|
|t:|1643977078
|move|p1a: Bisharp|Iron Head|p2a: NastyInsertion
|-resisted|p2a: NastyInsertion
|-damage|p2a: NastyInsertion|37/100
|move|p2a: NastyInsertion|Scald|p1a: Bisharp
|-damage|p1a: Bisharp|0 fnt
|faint|p1a: Bisharp
|
|upkeep
|
|t:|1643977084
|switch|p1a: Zapdos|Zapdos-Galar|100/100
|turn|6
|
|t:|1643977089
|move|p2a: NastyInsertion|Baneful Bunker|p2a: NastyInsertion
|-singleturn|p2a: NastyInsertion|move: Protect
|move|p1a: Zapdos|Brave Bird|p2a: NastyInsertion
|-activate|p2a: NastyInsertion|move: Protect
|-status|p1a: Zapdos|psn
|
|-damage|p1a: Zapdos|88/100 psn|[from] psn
|upkeep
|turn|7
|
|t:|1643977098
|switch|p2a: SoftontheInside|Ferrothorn, M|100/100
|move|p1a: Zapdos|Brave Bird|p2a: SoftontheInside
|-damage|p2a: SoftontheInside|36/100
|-damage|p1a: Zapdos|76/100 psn|[from] ability: Iron Barbs|[of] p2a: SoftontheInside
|-damage|p1a: Zapdos|59/100 psn|[from] item: Rocky Helmet|[of] p2a: SoftontheInside
|-damage|p1a: Zapdos|36/100 psn|[from] Recoil
|
|-damage|p1a: Zapdos|23/100 psn|[from] psn
|upkeep
|turn|8
|j| pollopollopo
|
|t:|1643977111
|switch|p2a: NastyInsertion|Toxapex, F|71/100
|move|p1a: Zapdos|Brave Bird|p2a: NastyInsertion
|-damage|p2a: NastyInsertion|0 fnt
|faint|p2a: NastyInsertion
|-damage|p1a: Zapdos|1/100 psn|[from] Recoil
|
|-damage|p1a: Zapdos|0 fnt|[from] psn
|faint|p1a: Zapdos
|upkeep
|
|t:|1643977123
|switch|p1a: Mew|Mew|79/100
|switch|p2a: BillieEllish|Landorus-Therian, M|100/100
|-ability|p2a: BillieEllish|Intimidate|boost
|-unboost|p1a: Mew|atk|1
|-status|p1a: Mew|psn
|turn|9
|
|t:|1643977130
|move|p2a: BillieEllish|U-turn|p1a: Mew
|-supereffective|p1a: Mew
|-damage|p1a: Mew|18/100 psn
|
|t:|1643977133
|switch|p2a: Condom|Hatterene, F|100/100|[from]move: U-turn
|move|p1a: Mew|Ice Beam|p2a: Condom
|-damage|p2a: Condom|72/100
|
|-damage|p1a: Mew|5/100 psn|[from] psn
|upkeep
|turn|10
|
|t:|1643977140
|move|p1a: Mew|Ice Beam|p2a: Condom
|-damage|p2a: Condom|43/100
|move|p2a: Condom|Draining Kiss|p1a: Mew
|-damage|p1a: Mew|0 fnt
|-heal|p2a: Condom|47/100|[from] drain|[of] p1a: Mew
|faint|p1a: Mew
|
|upkeep
|
|t:|1643977148
|switch|p1a: Dragapult|Dragapult, F|100/100
|-status|p1a: Dragapult|psn
|turn|11
|
|t:|1643977151
|move|p1a: Dragapult|Shadow Ball|p2a: Condom
|-supereffective|p2a: Condom
|-damage|p2a: Condom|0 fnt
|faint|p2a: Condom
|-damage|p1a: Dragapult|91/100 psn|[from] item: Life Orb
|
|-damage|p1a: Dragapult|78/100 psn|[from] psn
|upkeep
|
|t:|1643977158
|switch|p2a: BillieEllish|Landorus-Therian, M|100/100
|-ability|p2a: BillieEllish|Intimidate|boost
|-unboost|p1a: Dragapult|atk|1
|turn|12
|
|t:|1643977162
|move|p2a: BillieEllish|Knock Off|p1a: Dragapult
|-supereffective|p1a: Dragapult
|-damage|p1a: Dragapult|0 fnt
|-enditem|p1a: Dragapult|Life Orb|[from] move: Knock Off|[of] p2a: BillieEllish
|faint|p1a: Dragapult
|
|upkeep
|
|t:|1643977167
|switch|p1a: Rillaboom|Rillaboom, F|100/100
|-status|p1a: Rillaboom|psn
|-fieldstart|move: Grassy Terrain|[from] ability: Grassy Surge|[of] p1a: Rillaboom
|turn|13
|
|t:|1643977178
|switch|p2a: SoftontheInside|Ferrothorn, M|36/100
|move|p1a: Rillaboom|Swords Dance|p1a: Rillaboom
|-boost|p1a: Rillaboom|atk|2
|
|-heal|p2a: SoftontheInside|42/100|[from] Grassy Terrain
|-damage|p1a: Rillaboom|88/100 psn|[from] psn
|upkeep
|turn|14
|
|t:|1643977186
|move|p1a: Rillaboom|Superpower|p2a: SoftontheInside
|-supereffective|p2a: SoftontheInside
|-damage|p2a: SoftontheInside|0 fnt
|-unboost|p1a: Rillaboom|atk|1
|-unboost|p1a: Rillaboom|def|1
|-damage|p1a: Rillaboom|76/100 psn|[from] ability: Iron Barbs|[of] p2a: SoftontheInside
|-damage|p1a: Rillaboom|59/100 psn|[from] item: Rocky Helmet|[of] p2a: SoftontheInside
|faint|p2a: SoftontheInside
|-damage|p1a: Rillaboom|49/100 psn|[from] item: Life Orb
|
|-heal|p1a: Rillaboom|56/100 psn|[from] Grassy Terrain
|-damage|p1a: Rillaboom|43/100 psn|[from] psn
|upkeep
|
|t:|1643977201
|switch|p2a: SpankBang|Victini|100/100
|turn|15
|
|t:|1643977208
|move|p1a: Rillaboom|Grassy Glide|p2a: SpankBang
|-resisted|p2a: SpankBang
|-damage|p2a: SpankBang|54/100
|-damage|p1a: Rillaboom|33/100 psn|[from] item: Life Orb
|move|p2a: SpankBang|Zen Headbutt|p1a: Rillaboom
|-damage|p1a: Rillaboom|0 fnt
|faint|p1a: Rillaboom
|
|-heal|p2a: SpankBang|60/100|[from] Grassy Terrain
|upkeep
|
|t:|1643977217
|switch|p1a: Garchomp|Garchomp, F|100/100
|-status|p1a: Garchomp|psn
|turn|16
|
|t:|1643977220
|switch|p2a: BillieEllish|Landorus-Therian, M|100/100
|-ability|p2a: BillieEllish|Intimidate|boost
|-unboost|p1a: Garchomp|atk|1
|move|p1a: Garchomp|Swords Dance|p1a: Garchomp
|-boost|p1a: Garchomp|atk|2
|
|-damage|p1a: Garchomp|88/100 psn|[from] psn
|upkeep
|turn|17
|
|t:|1643977229
|move|p2a: BillieEllish|Explosion|p1a: Garchomp
|-damage|p1a: Garchomp|0 fnt
|faint|p2a: BillieEllish
|faint|p1a: Garchomp
|
|win|Le-Perpetrator
|raw|Makuryu's rating: 1758 &rarr; <strong>1738</strong><br />(-20 for losing)
|raw|Le-Perpetrator's rating: 1754 &rarr; <strong>1774</strong><br />(+20 for winning)
|l|☆Makuryu
