|j|☆legitteambuilder
|j|☆WeArekanDunia
|t:|1616412398
|player|p1|legitteambuilder|lance|1764
|player|p2|WeArekanDunia|riley|1717
|teamsize|p1|6
|teamsize|p2|6
|gametype|singles
|gen|8
|tier|[Gen 8] OU
|rated|
|clearpoke
|poke|p1|Heatran, M|
|poke|p1|Dragapult, M|
|poke|p1|Corviknight, M|
|poke|p1|Tapu Lele|
|poke|p1|Garchomp, F|
|poke|p1|Ferrothorn, F|
|poke|p2|Ninetales-Alola, F|
|poke|p2|Scolipede, M|
|poke|p2|Polteageist-Antique|
|poke|p2|Azumarill, M|
|poke|p2|Volcarona, F|
|poke|p2|Diggersby, M|
|rule|Sleep Clause Mod: Limit one foe put to sleep
|rule|Species Clause: Limit one of each Pokémon
|rule|OHKO Clause: OHKO moves are banned
|rule|Evasion Moves Clause: Evasion moves are banned
|rule|Endless Battle Clause: Forcing endless battles is banned
|rule|HP Percentage Mod: HP is shown in percentages
|rule|Dynamax Clause: You cannot dynamax
|teampreview
|j| rufy
|l| rufy
|j| el ghato
|j| isa200bela
|
|t:|1616412429
|start
|switch|p1a: phrog|Heatran, M, shiny|100/100
|switch|p2a: UE02-Unfragment|Diggersby, M, shiny|100/100
|turn|1
|j| ArnavutCigeri
|
|t:|1616412436
|switch|p1a: no zone pls :(|Corviknight, M, shiny|100/100
|-ability|p1a: no zone pls :(|Pressure
|move|p2a: UE02-Unfragment|Swords Dance|p2a: UE02-Unfragment
|-boost|p2a: UE02-Unfragment|atk|2
|
|upkeep
|turn|2
|
|t:|1616412442
|switch|p1a: phrog|Heatran, M, shiny|100/100
|move|p2a: UE02-Unfragment|Thunder Punch|p1a: phrog
|-damage|p1a: phrog|14/100
|-damage|p2a: UE02-Unfragment|91/100|[from] item: Life Orb
|
|-heal|p1a: phrog|20/100|[from] item: Leftovers
|upkeep
|turn|3
|
|t:|1616412451
|move|p1a: phrog|Magma Storm|p2a: UE02-Unfragment
|-damage|p2a: UE02-Unfragment|20/100
|-activate|p2a: UE02-Unfragment|move: Magma Storm|[of] p1a: phrog
|move|p2a: UE02-Unfragment|Earthquake|p1a: phrog
|-supereffective|p1a: phrog
|-damage|p1a: phrog|0 fnt
|-damage|p2a: UE02-Unfragment|10/100|[from] item: Life Orb
|faint|p1a: phrog
|
|-end|p2a: UE02-Unfragment|Magma Storm|[partiallytrapped]|[silent]
|upkeep
|
|t:|1616412455
|switch|p1a: Tapu Lele|Tapu Lele|100/100
|-fieldstart|move: Psychic Terrain|[from] ability: Psychic Surge|[of] p1a: Tapu Lele
|turn|4
|
|t:|1616412466
|move|p1a: Tapu Lele|Psyshock|p2a: UE02-Unfragment
|-damage|p2a: UE02-Unfragment|0 fnt
|faint|p2a: UE02-Unfragment
|
|upkeep
|
|t:|1616412469
|switch|p2a: UE01-Clean Tears|Ninetales-Alola, F|100/100
|-weather|Hail|[from] ability: Snow Warning|[of] p2a: UE01-Clean Tears
|turn|5
|
|t:|1616412473
|switch|p1a: no zone pls :(|Corviknight, M, shiny|100/100
|-ability|p1a: no zone pls :(|Pressure
|move|p2a: UE01-Clean Tears|Aurora Veil|p2a: UE01-Clean Tears
|-sidestart|p2: WeArekanDunia|move: Aurora Veil
|
|-weather|Hail|[upkeep]
|-damage|p1a: no zone pls :(|94/100|[from] Hail
|-heal|p1a: no zone pls :(|100/100|[from] item: Leftovers
|upkeep
|turn|6
|
|t:|1616412475
|move|p2a: UE01-Clean Tears|Encore||[still]
|-fail|p2a: UE01-Clean Tears
|move|p1a: no zone pls :(|Defog|p2a: UE01-Clean Tears
|-unboost|p2a: UE01-Clean Tears|evasion|1
|-sideend|p2: WeArekanDunia|move: Aurora Veil
|-fieldend|move: Psychic Terrain
|
|-weather|Hail|[upkeep]
|-damage|p1a: no zone pls :(|94/100|[from] Hail
|-heal|p1a: no zone pls :(|100/100|[from] item: Leftovers
|upkeep
|turn|7
|j| Capitan Amakna
|
|t:|1616412497
|move|p2a: UE01-Clean Tears|Freeze-Dry|p1a: no zone pls :(
|-damage|p1a: no zone pls :(|83/100
|move|p1a: no zone pls :(|U-turn|p2a: UE01-Clean Tears
|-resisted|p2a: UE01-Clean Tears
|-damage|p2a: UE01-Clean Tears|92/100
|j| stanforkyogre
|c| stanforkyogre|yo
|c| stanforkyogre|legit
|c| stanforkyogre|team
|c| stanforkyogre|builder
|c| stanforkyogre|e
|c|☆legitteambuilder|e
|
|t:|1616412541
|switch|p1a: Tapu Lele|Tapu Lele|100/100|[from]move: U-turn
|-fieldstart|move: Psychic Terrain|[from] ability: Psychic Surge|[of] p1a: Tapu Lele
|
|-weather|Hail|[upkeep]
|-damage|p1a: Tapu Lele|94/100|[from] Hail
|upkeep
|turn|8
|j| slxr
|
|t:|1616412545
|move|p2a: UE01-Clean Tears|Aurora Veil|p2a: UE01-Clean Tears
|-sidestart|p2: WeArekanDunia|move: Aurora Veil
|move|p1a: Tapu Lele|Psyshock|p2a: UE01-Clean Tears
|-damage|p2a: UE01-Clean Tears|45/100
|
|-weather|Hail|[upkeep]
|-damage|p1a: Tapu Lele|88/100|[from] Hail
|upkeep
|turn|9
|c| Capitan Amakna|amogus
|c| stanforkyogre|amogus
|c| stanforkyogre|sus
|
|t:|1616412560
|switch|p2a: UE05-MemorySwing|Volcarona, F, shiny|100/100
|move|p1a: Tapu Lele|Psyshock|p2a: UE05-MemorySwing
|-damage|p2a: UE05-MemorySwing|65/100
|
|-weather|none
|upkeep
|turn|10
|c| stanforkyogre|when the imposter uses aurora veil
|
|t:|1616412566
|switch|p1a: Garchomp|Garchomp, F|100/100
|move|p2a: UE05-MemorySwing|U-turn|p1a: Garchomp
|-damage|p1a: Garchomp|84/100
|-damage|p2a: UE05-MemorySwing|53/100|[from] ability: Rough Skin|[of] p1a: Garchomp
|c| stanforkyogre|OH SHIT
|c| stanforkyogre|HYPER OFFENSE
|
|t:|1616412572
|switch|p2a: UE03-HydroJetCycle|Azumarill, M|100/100|[from]move: U-turn
|
|upkeep
|turn|11
|c| stanforkyogre|BAD
|c| stanforkyogre|HYPER OFFENS = BAD
|c| stanforkyogre|ROAR
|c| Capitan Amakna|volcarona kinda sus
|c| stanforkyogre|ROAR HIM AWAY
|c| stanforkyogre|use roar
|c| stanforkyogre|if u have
|c| stanforkyogre|idk
|
|t:|1616412614
|switch|p1a: Ferrothorn|Ferrothorn, F|100/100
|move|p2a: UE03-HydroJetCycle|Belly Drum|p2a: UE03-HydroJetCycle
|-damage|p2a: UE03-HydroJetCycle|50/100
|-setboost|p2a: UE03-HydroJetCycle|atk|6|[from] move: Belly Drum
|
|-fieldend|move: Psychic Terrain
|upkeep
|turn|12
|
|t:|1616412617
|move|p2a: UE03-HydroJetCycle|Play Rough|p1a: Ferrothorn
|-resisted|p1a: Ferrothorn
|-damage|p1a: Ferrothorn|35/100
|-damage|p2a: UE03-HydroJetCycle|38/100|[from] ability: Iron Barbs|[of] p1a: Ferrothorn
|move|p1a: Ferrothorn|Spikes|p2a: UE03-HydroJetCycle
|-sidestart|p2: WeArekanDunia|Spikes
|
|-heal|p1a: Ferrothorn|41/100|[from] item: Leftovers
|upkeep
|turn|13
|c| stanforkyogre|yikes
|c|☆legitteambuilder|mfw z belly drum azu
|c| stanforkyogre|yes
|c| stanforkyogre|shocked face
|
|t:|1616412649
|move|p2a: UE03-HydroJetCycle|Rest|p2a: UE03-HydroJetCycle
|-status|p2a: UE03-HydroJetCycle|slp|[from] move: Rest
|-enditem|p2a: UE03-HydroJetCycle|Lum Berry|[eat]
|-curestatus|p2a: UE03-HydroJetCycle|slp|[msg]
|-heal|p2a: UE03-HydroJetCycle|100/100|[silent]
|move|p1a: Ferrothorn|Leech Seed|p2a: UE03-HydroJetCycle
|-start|p2a: UE03-HydroJetCycle|move: Leech Seed
|
|-heal|p1a: Ferrothorn|47/100|[from] item: Leftovers
|-damage|p2a: UE03-HydroJetCycle|88/100|[from] Leech Seed|[of] p1a: Ferrothorn
|-heal|p1a: Ferrothorn|60/100|[silent]
|upkeep
|turn|14
|c| stanforkyogre|LMAO
|c| stanforkyogre|LMAO
|c| stanforkyogre|INTERESTIN
|c|☆legitteambuilder|HEEEEEAAAAT
|c| ArnavutCigeri|even healing KEKW
|c| stanforkyogre|WOAHHH
|c|☆WeArekanDunia|^_^
|c| stanforkyogre|STORM ZONE WEAKNESS POLICY TRICK ROOM SLOWKING-GALAR
|c| stanforkyogre|HEAT
|c|☆legitteambuilder|i know hes liqudation too
|c| stanforkyogre|how
|c| stanforkyogre|smart
|c| stanforkyogre|oh
|c|☆legitteambuilder|intuition
|c| stanforkyogre|he didnt go for knock off
|
|t:|1616412711
|move|p2a: UE03-HydroJetCycle|Play Rough|p1a: Ferrothorn
|-resisted|p1a: Ferrothorn
|-damage|p1a: Ferrothorn|0 fnt
|-damage|p2a: UE03-HydroJetCycle|76/100|[from] ability: Iron Barbs|[of] p1a: Ferrothorn
|faint|p1a: Ferrothorn
|
|upkeep
|c| stanforkyogre|thats why
|c| stanforkyogre|garchomp?
|c| stanforkyogre|hmm
|
|t:|1616412730
|switch|p1a: no zone pls :(|Corviknight, M, shiny|83/100
|-ability|p1a: no zone pls :(|Pressure
|turn|15
|c|☆legitteambuilder|he doesnt have it
|
|t:|1616412738
|move|p2a: UE03-HydroJetCycle|Aqua Jet|p1a: no zone pls :(
|-damage|p1a: no zone pls :(|14/100
|move|p1a: no zone pls :(|U-turn|p2a: UE03-HydroJetCycle
|-resisted|p2a: UE03-HydroJetCycle
|-damage|p2a: UE03-HydroJetCycle|72/100
|
|t:|1616412743
|switch|p1a: Tapu Lele|Tapu Lele|88/100|[from]move: U-turn
|-fieldstart|move: Psychic Terrain|[from] ability: Psychic Surge|[of] p1a: Tapu Lele
|
|-damage|p2a: UE03-HydroJetCycle|60/100|[from] Leech Seed|[of] p1a: Tapu Lele
|-heal|p1a: Tapu Lele|100/100|[silent]
|-sideend|p2: WeArekanDunia|move: Aurora Veil
|upkeep
|turn|16
|
|t:|1616412746
|switch|p2a: UE05-MemorySwing|Volcarona, F, shiny|53/100
|move|p1a: Tapu Lele|Psyshock|p2a: UE05-MemorySwing
|-damage|p2a: UE05-MemorySwing|0 fnt
|faint|p2a: UE05-MemorySwing
|
|upkeep
|
|t:|1616412748
|switch|p2a: UE01-Clean Tears|Ninetales-Alola, F|45/100
|-damage|p2a: UE01-Clean Tears|33/100|[from] Spikes
|-weather|Hail|[from] ability: Snow Warning|[of] p2a: UE01-Clean Tears
|turn|17
|j| AMC TO THE MOOON
|l| AMC TO THE MOOON
|
|t:|1616412765
|move|p2a: UE01-Clean Tears|Aurora Veil|p2a: UE01-Clean Tears
|-sidestart|p2: WeArekanDunia|move: Aurora Veil
|move|p1a: Tapu Lele|Psyshock|p2a: UE01-Clean Tears
|-crit|p2a: UE01-Clean Tears
|-damage|p2a: UE01-Clean Tears|0 fnt
|faint|p2a: UE01-Clean Tears
|
|-weather|Hail|[upkeep]
|-damage|p1a: Tapu Lele|94/100|[from] Hail
|upkeep
|c| stanforkyogre|oh
|
|t:|1616412769
|switch|p2a: UE06-Tevyat Teacup|Polteageist-Antique|100/100
|-damage|p2a: UE06-Tevyat Teacup|88/100|[from] Spikes
|turn|18
|c| stanforkyogre|forgot
|c| stanforkyogre|psychic terrain
|c| Capitan Amakna|pog
|c| stanforkyogre|respect
|c| stanforkyogre|for usin
|c| stanforkyogre|hyper offense
|c| stanforkyogre|wearekandunia
|c| stanforkyogre|balance
|c| stanforkyogre|superiror
|c| stanforkyogre|i like balance
|
|t:|1616412812
|move|p1a: Tapu Lele|Psyshock|p2a: UE06-Tevyat Teacup
|-damage|p2a: UE06-Tevyat Teacup|16/100
|move|p2a: UE06-Tevyat Teacup|Shell Smash|p2a: UE06-Tevyat Teacup
|-unboost|p2a: UE06-Tevyat Teacup|def|1
|-unboost|p2a: UE06-Tevyat Teacup|spd|1
|-boost|p2a: UE06-Tevyat Teacup|atk|2
|-boost|p2a: UE06-Tevyat Teacup|spa|2
|-boost|p2a: UE06-Tevyat Teacup|spe|2
|-enditem|p2a: UE06-Tevyat Teacup|White Herb
|-clearnegativeboost|p2a: UE06-Tevyat Teacup|[silent]
|
|-weather|Hail|[upkeep]
|-damage|p2a: UE06-Tevyat Teacup|10/100|[from] Hail
|-damage|p1a: Tapu Lele|88/100|[from] Hail
|upkeep
|turn|19
|c| ArnavutCigeri|best offense is more offense tho
|
|t:|1616412822
|switch|p1a: no zone pls :(|Corviknight, M, shiny|14/100
|-ability|p1a: no zone pls :(|Pressure
|move|p2a: UE06-Tevyat Teacup|Shadow Ball|p1a: no zone pls :(
|-damage|p1a: no zone pls :(|0 fnt
|faint|p1a: no zone pls :(
|
|-weather|Hail|[upkeep]
|-damage|p2a: UE06-Tevyat Teacup|4/100|[from] Hail
|-fieldend|move: Psychic Terrain
|upkeep
|c| stanforkyogre|e
|
|t:|1616412825
|switch|p1a: draga deez nuts|Dragapult, M, shiny|100/100
|turn|20
|c| stanforkyogre|sack
|
|t:|1616412833
|move|p1a: draga deez nuts|Shadow Ball|p2a: UE06-Tevyat Teacup
|-supereffective|p2a: UE06-Tevyat Teacup
|-damage|p2a: UE06-Tevyat Teacup|0 fnt
|faint|p2a: UE06-Tevyat Teacup
|
|-weather|Hail|[upkeep]
|-damage|p1a: draga deez nuts|95/100|[from] Hail
|upkeep
|c|☆legitteambuilder|scarf pult pog
|
|t:|1616412840
|switch|p2a: UE03-HydroJetCycle|Azumarill, M|60/100
|-damage|p2a: UE03-HydroJetCycle|48/100|[from] Spikes
|turn|21
|c| stanforkyogre|nice
|c| stanforkyogre|scarf pog
|c| stanforkyogre|lmao
|c|☆legitteambuilder|my mans boutta go to schleep
|c| ArnavutCigeri|scarf dragapult lol
|c| Capitan Amakna|pog pog pog
|c| stanforkyogre|yep
|c| stanforkyogre|pog
|c| stanforkyogre|pogpog
|
|t:|1616412877
|switch|p1a: Tapu Lele|Tapu Lele|88/100
|-fieldstart|move: Psychic Terrain|[from] ability: Psychic Surge|[of] p1a: Tapu Lele
|move|p2a: UE03-HydroJetCycle|Play Rough|p1a: Tapu Lele|[miss]
|-miss|p2a: UE03-HydroJetCycle|p1a: Tapu Lele
|
|-weather|none
|upkeep
|turn|22
|c| stanforkyogre|garchomp crucial
|c|☆legitteambuilder|agency dodge
|j| OU make me yawn
|c| stanforkyogre|ooh
|c|☆legitteambuilder|what can i say
|c|☆WeArekanDunia|heat o.o
|
|t:|1616412890
|move|p1a: Tapu Lele|Psychic|p2a: UE03-HydroJetCycle
|-damage|p2a: UE03-HydroJetCycle|0 fnt
|faint|p2a: UE03-HydroJetCycle
|
|upkeep
|
|t:|1616412894
|switch|p2a: UE04-Mad Atrocity|Scolipede, M, shiny|100/100
|turn|23
|c| stanforkyogre|garchomp for scolipede
|
|t:|1616412898
|move|p1a: Tapu Lele|Psychic|p2a: UE04-Mad Atrocity
|-supereffective|p2a: UE04-Mad Atrocity
|-damage|p2a: UE04-Mad Atrocity|0 fnt
|faint|p2a: UE04-Mad Atrocity
|
|win|legitteambuilder
|raw|legitteambuilder's rating: 1764 &rarr; <strong>1781</strong><br />(+17 for winning)
|raw|WeArekanDunia's rating: 1717 &rarr; <strong>1700</strong><br />(-17 for losing)
|c|☆legitteambuilder|ah gg
|c| stanforkyogre|GG
|c| stanforkyogre|G
|c|☆WeArekanDunia|gg~
|c| stanforkyogre|POG
|l| Capitan Amakna
|c|☆legitteambuilder|e
|c| stanforkyogre|1781
|c| stanforkyogre|POG
|l| OU make me yawn
|c| stanforkyogre|POG
|c|☆legitteambuilder|to the moooon
|c|☆legitteambuilder|less go
|l|☆legitteambuilder
|c| stanforkyogre|244 ladder
|l| stanforkyogre
|l| ArnavutCigeri
|l| isa200bela
