|raw|<div class="broadcast-blue"><strong>This battle is required to be public due to a player having a name starting with 'lt92pf'.</div>
|j|‽LT92PF Bee
|j|☆2222mm
|t:|1659859593
|gametype|singles
|player|p1|LT92PF Bee|cynthia-masters|1723
|player|p2|2222mm|wattson|1769
|teamsize|p1|6
|teamsize|p2|6
|gen|8
|tier|[Gen 8] OU
|rated|
|rule|Sleep Clause Mod: Limit one foe put to sleep
|rule|Species Clause: Limit one of each Pokémon
|rule|OHKO Clause: OHKO moves are banned
|rule|Evasion Items Clause: Evasion items are banned
|rule|Evasion Moves Clause: Evasion moves are banned
|rule|Endless Battle Clause: Forcing endless battles is banned
|rule|HP Percentage Mod: HP is shown in percentages
|rule|Dynamax Clause: You cannot dynamax
|clearpoke
|poke|p1|Urshifu-*, F|
|poke|p1|Slowbro, F|
|poke|p1|Heatran, F|
|poke|p1|Tornadus-Therian, M|
|poke|p1|Landorus-Therian, M|
|poke|p1|Tapu Lele|
|poke|p2|Zeraora|
|poke|p2|Garchomp, F|
|poke|p2|Corviknight, F|
|poke|p2|Kingdra, M|
|poke|p2|Slowking-Galar, F|
|poke|p2|Pelipper, M|
|teampreview
|inactive|Battle timer is ON: inactive players will automatically lose when time's up. (requested by LT92PF Bee)
|j| Yurisuna
|
|t:|1659859613
|start
|switch|p1a: Tapu Lele|Tapu Lele|100/100
|switch|p2a: Zeraora|Zeraora|100/100
|-fieldstart|move: Psychic Terrain|[from] ability: Psychic Surge|[of] p1a: Tapu Lele
|turn|1
|
|t:|1659859624
|move|p2a: Zeraora|Knock Off|p1a: Tapu Lele
|-damage|p1a: Tapu Lele|54/100
|-enditem|p1a: Tapu Lele|Choice Specs|[from] move: Knock Off|[of] p2a: Zeraora
|move|p1a: Tapu Lele|Psychic|p2a: Zeraora
|-damage|p2a: Zeraora|20/100
|
|-heal|p2a: Zeraora|26/100|[from] item: Leftovers
|upkeep
|turn|2
|
|t:|1659859633
|switch|p2a: Slowking|Slowking-Galar, F|100/100
|switch|p1a: Landorus|Landorus-Therian, M|100/100
|-ability|p1a: Landorus|Intimidate|boost
|-unboost|p2a: Slowking|atk|1
|
|upkeep
|turn|3
|
|t:|1659859638
|switch|p1a: Heatran|Heatran, F|100/100
|move|p2a: Slowking|Scald|p1a: Heatran
|-supereffective|p1a: Heatran
|-damage|p1a: Heatran|66/100
|
|-heal|p1a: Heatran|73/100|[from] item: Leftovers
|upkeep
|turn|4
|
|t:|1659859649
|move|p1a: Heatran|Stealth Rock|p2a: Slowking
|-sidestart|p2: 2222mm|move: Stealth Rock
|move|p2a: Slowking|Future Sight|p1a: Heatran
|-start|p2a: Slowking|move: Future Sight
|
|-heal|p1a: Heatran|79/100|[from] item: Leftovers
|upkeep
|turn|5
|
|t:|1659859659
|switch|p1a: Slowbro|Slowbro, F|100/100
|switch|p2a: Pelipper|Pelipper, M|100/100
|-damage|p2a: Pelipper|76/100|[from] Stealth Rock
|-weather|RainDance|[from] ability: Drizzle|[of] p2a: Pelipper
|
|-weather|RainDance|[upkeep]
|-fieldend|move: Psychic Terrain
|upkeep
|turn|6
|
|t:|1659859662
|move|p2a: Pelipper|Hurricane|p1a: Slowbro
|-damage|p1a: Slowbro|24/100
|-start|p1a: Slowbro|confusion
|-activate|p1a: Slowbro|confusion
|move|p1a: Slowbro|Teleport|p1a: Slowbro
|
|t:|1659859668
|switch|p1a: Tornadus|Tornadus-Therian, M|100/100|[from]move: Teleport
|
|-weather|RainDance|[upkeep]
|-end|p1a: Tornadus|move: Future Sight
|-damage|p1a: Tornadus|41/100
|upkeep
|turn|7
|
|t:|1659859674
|move|p1a: Tornadus|Hurricane|p2a: Pelipper
|-damage|p2a: Pelipper|6/100
|move|p2a: Pelipper|Hurricane|p1a: Tornadus
|-damage|p1a: Tornadus|0 fnt
|faint|p1a: Tornadus
|
|-weather|RainDance|[upkeep]
|upkeep
|l| Yurisuna
|
|t:|1659859680
|switch|p1a: Urshifu|Urshifu-Rapid-Strike, F|100/100
|turn|8
|
|t:|1659859689
|move|p1a: Urshifu|Surging Strikes|p2a: Pelipper
|-resisted|p2a: Pelipper
|-crit|p2a: Pelipper
|-damage|p2a: Pelipper|0 fnt
|faint|p2a: Pelipper
|-hitcount|p2: Pelipper|1
|
|-weather|RainDance|[upkeep]
|upkeep
|
|t:|1659859692
|switch|p2a: Kingdra|Kingdra, M|100/100
|-damage|p2a: Kingdra|88/100|[from] Stealth Rock
|turn|9
|
|t:|1659859721
|switch|p1a: Heatran|Heatran, F|79/100
|move|p2a: Kingdra|Focus Energy|p2a: Kingdra
|-start|p2a: Kingdra|move: Focus Energy
|
|-weather|none
|-heal|p1a: Heatran|85/100|[from] item: Leftovers
|upkeep
|turn|10
|
|t:|1659859727
|switch|p1a: Slowbro|Slowbro, F|57/100
|move|p2a: Kingdra|Scale Shot|p1a: Slowbro
|-crit|p1a: Slowbro
|-damage|p1a: Slowbro|47/100
|-crit|p1a: Slowbro
|-damage|p1a: Slowbro|37/100
|-crit|p1a: Slowbro
|-damage|p1a: Slowbro|24/100
|-hitcount|p1a: Slowbro|3
|-unboost|p2a: Kingdra|def|1
|-boost|p2a: Kingdra|spe|1
|
|upkeep
|turn|11
|
|t:|1659859734
|switch|p1a: Tapu Lele|Tapu Lele|54/100
|-fieldstart|move: Psychic Terrain|[from] ability: Psychic Surge|[of] p1a: Tapu Lele
|move|p2a: Kingdra|Scale Shot|p1a: Tapu Lele
|-immune|p1a: Tapu Lele
|
|upkeep
|turn|12
|
|t:|1659859740
|switch|p1a: Slowbro|Slowbro, F|57/100
|move|p2a: Kingdra|Hydro Pump|p1a: Slowbro
|-resisted|p1a: Slowbro
|-crit|p1a: Slowbro
|-damage|p1a: Slowbro|0 fnt
|faint|p1a: Slowbro
|
|upkeep
|
|t:|1659859744
|switch|p1a: Urshifu|Urshifu-Rapid-Strike, F|100/100
|turn|13
|
|t:|1659859749
|switch|p2a: Slowking|Slowking-Galar, F|100/100
|-damage|p2a: Slowking|88/100|[from] Stealth Rock
|move|p1a: Urshifu|Close Combat|p2a: Slowking
|-resisted|p2a: Slowking
|-damage|p2a: Slowking|71/100
|-unboost|p1a: Urshifu|def|1
|-unboost|p1a: Urshifu|spd|1
|
|upkeep
|turn|14
|j| Ebullient Days
|
|t:|1659859758
|switch|p1a: Landorus|Landorus-Therian, M|100/100
|-ability|p1a: Landorus|Intimidate|boost
|-unboost|p2a: Slowking|atk|1
|switch|p2a: Kingdra|Kingdra, M|88/100
|-damage|p2a: Kingdra|76/100|[from] Stealth Rock
|
|upkeep
|turn|15
|
|t:|1659859768
|move|p1a: Landorus|Earthquake|p2a: Kingdra
|-damage|p2a: Kingdra|7/100
|move|p2a: Kingdra|Hydro Pump|p1a: Landorus
|-supereffective|p1a: Landorus
|-damage|p1a: Landorus|0 fnt
|faint|p1a: Landorus
|
|-fieldend|move: Psychic Terrain
|upkeep
|
|t:|1659859773
|switch|p1a: Urshifu|Urshifu-Rapid-Strike, F|100/100
|turn|16
|
|t:|1659859780
|move|p1a: Urshifu|Surging Strikes|p2a: Kingdra
|-resisted|p2a: Kingdra
|-crit|p2a: Kingdra
|-damage|p2a: Kingdra|1/100
|-resisted|p2a: Kingdra
|-crit|p2a: Kingdra
|-damage|p2a: Kingdra|0 fnt
|faint|p2a: Kingdra
|-hitcount|p2: Kingdra|2
|
|upkeep
|
|t:|1659859787
|switch|p2a: Corviknight|Corviknight, F|100/100
|-damage|p2a: Corviknight|88/100|[from] Stealth Rock
|-ability|p2a: Corviknight|Pressure
|turn|17
|l| Ebullient Days
|inactive|LT92PF Bee has 120 seconds left.
|
|t:|1659859836
|switch|p1a: Heatran|Heatran, F|85/100
|move|p2a: Corviknight|Defog|p1a: Heatran
|-unboost|p1a: Heatran|evasion|1
|-sideend|p2: 2222mm|Stealth Rock|[from] move: Defog|[of] p2a: Corviknight
|
|-heal|p1a: Heatran|91/100|[from] item: Leftovers
|upkeep
|turn|18
|
|t:|1659859840
|switch|p2a: Garchomp|Garchomp, F|100/100
|move|p1a: Heatran|Stealth Rock|p2a: Garchomp
|-sidestart|p2: 2222mm|move: Stealth Rock
|
|-heal|p1a: Heatran|97/100|[from] item: Leftovers
|upkeep
|turn|19
|
|t:|1659859845
|switch|p1a: Urshifu|Urshifu-Rapid-Strike, F|100/100
|move|p2a: Garchomp|Earthquake|p1a: Urshifu
|-damage|p1a: Urshifu|56/100
|
|upkeep
|turn|20
|
|t:|1659859854
|switch|p2a: Corviknight|Corviknight, F|88/100
|-damage|p2a: Corviknight|76/100|[from] Stealth Rock
|-ability|p2a: Corviknight|Pressure
|move|p1a: Urshifu|Ice Punch|p2a: Corviknight
|-damage|p2a: Corviknight|59/100
|-damage|p1a: Urshifu|40/100|[from] item: Rocky Helmet|[of] p2a: Corviknight
|
|upkeep
|turn|21
|
|t:|1659859858
|switch|p1a: Heatran|Heatran, F|97/100
|move|p2a: Corviknight|Roost|p2a: Corviknight
|-heal|p2a: Corviknight|100/100
|-singleturn|p2a: Corviknight|move: Roost
|
|-heal|p1a: Heatran|100/100|[from] item: Leftovers
|upkeep
|turn|22
|
|t:|1659859870
|switch|p1a: Tapu Lele|Tapu Lele|54/100
|-fieldstart|move: Psychic Terrain|[from] ability: Psychic Surge|[of] p1a: Tapu Lele
|switch|p2a: Garchomp|Garchomp, F|100/100
|-damage|p2a: Garchomp|94/100|[from] Stealth Rock
|
|-heal|p2a: Garchomp|100/100|[from] item: Leftovers
|upkeep
|turn|23
|
|t:|1659859878
|move|p1a: Tapu Lele|Moonblast|p2a: Garchomp
|-supereffective|p2a: Garchomp
|-damage|p2a: Garchomp|23/100
|-unboost|p2a: Garchomp|spa|1
|move|p2a: Garchomp|Earthquake|p1a: Tapu Lele
|-damage|p1a: Tapu Lele|0 fnt
|faint|p1a: Tapu Lele
|
|-heal|p2a: Garchomp|30/100|[from] item: Leftovers
|upkeep
|
|t:|1659859883
|switch|p1a: Urshifu|Urshifu-Rapid-Strike, F|40/100
|turn|24
|
|t:|1659859891
|switch|p1a: Heatran|Heatran, F|100/100
|switch|p2a: Slowking|Slowking-Galar, F|100/100
|-damage|p2a: Slowking|88/100|[from] Stealth Rock
|
|upkeep
|turn|25
|
|t:|1659859902
|move|p1a: Heatran|Magma Storm|p2a: Slowking
|-damage|p2a: Slowking|66/100
|-activate|p2a: Slowking|move: Magma Storm|[of] p1a: Heatran
|move|p2a: Slowking|Scald|p1a: Heatran
|-supereffective|p1a: Heatran
|-damage|p1a: Heatran|69/100
|
|-heal|p1a: Heatran|76/100|[from] item: Leftovers
|-damage|p2a: Slowking|53/100|[from] move: Magma Storm|[partiallytrapped]
|upkeep
|turn|26
|
|t:|1659859905
|move|p1a: Heatran|Earth Power|p2a: Slowking
|-supereffective|p2a: Slowking
|-damage|p2a: Slowking|25/100
|move|p2a: Slowking|Scald|p1a: Heatran
|-supereffective|p1a: Heatran
|-damage|p1a: Heatran|44/100
|
|-heal|p1a: Heatran|50/100|[from] item: Leftovers
|-damage|p2a: Slowking|13/100|[from] move: Magma Storm|[partiallytrapped]
|-fieldend|move: Psychic Terrain
|upkeep
|turn|27
|
|t:|1659859908
|move|p1a: Heatran|Earth Power|p2a: Slowking
|-supereffective|p2a: Slowking
|-damage|p2a: Slowking|0 fnt
|faint|p2a: Slowking
|
|-heal|p1a: Heatran|56/100|[from] item: Leftovers
|upkeep
|
|t:|1659859917
|switch|p2a: Garchomp|Garchomp, F|30/100
|-damage|p2a: Garchomp|23/100|[from] Stealth Rock
|turn|28
|
|t:|1659859929
|move|p2a: Garchomp|Earthquake|p1a: Heatran
|-supereffective|p1a: Heatran
|-damage|p1a: Heatran|0 fnt
|faint|p1a: Heatran
|
|-heal|p2a: Garchomp|30/100|[from] item: Leftovers
|upkeep
|-message|LT92PF Bee forfeited.
|
|win|2222mm
|raw|LT92PF Bee's rating: 1740 &rarr; <strong>1722</strong><br />(-18 for losing)
|raw|2222mm's rating: 1769 &rarr; <strong>1787</strong><br />(+18 for winning)
|l|‽LT92PF Bee
|l|☆2222mm
|j| pokeda
