|j|☆sword and sht
|j|☆Skipthedripbayless
|t:|1609009699
|player|p1|sword and sht|oak-gen1|1768
|player|p2|Skipthedripbayless|aromalady|1826
|teamsize|p1|6
|teamsize|p2|6
|gametype|singles
|gen|8
|tier|[Gen 8] OU
|rated|
|clearpoke
|poke|p1|Dragonite, F|
|poke|p1|Pelipper, F|
|poke|p1|Seismitoad, M|
|poke|p1|Crawdaunt, M|
|poke|p1|Ferrothorn, F|
|poke|p1|Magnezone|
|poke|p2|Pelipper, M|
|poke|p2|Volcanion|
|poke|p2|Magearna-Original|
|poke|p2|Cresselia, F|
|poke|p2|Crawdaunt, F|
|poke|p2|Thundurus-Therian, M|
|rule|Sleep Clause Mod: Limit one foe put to sleep
|rule|Species Clause: Limit one of each Pokémon
|rule|OHKO Clause: OHKO moves are banned
|rule|Evasion Moves Clause: Evasion moves are banned
|rule|Endless Battle Clause: Forcing endless battles is banned
|rule|HP Percentage Mod: HP is shown in percentages
|rule|Dynamax Clause: You cannot dynamax
|teampreview
|inactive|Battle timer is ON: inactive players will automatically lose when time's up. (requested by Skipthedripbayless)
|j| 0zorcNecropHADES
|
|t:|1609009712
|start
|switch|p1a: Pelipper|Pelipper, F|100/100
|switch|p2a: Volcanion|Volcanion|100/100
|-weather|RainDance|[from] ability: Drizzle|[of] p1a: Pelipper
|turn|1
|
|t:|1609009718
|switch|p1a: Ferrothorn|Ferrothorn, F|100/100
|move|p2a: Volcanion|Steam Eruption|p1a: Ferrothorn
|-resisted|p1a: Ferrothorn
|-damage|p1a: Ferrothorn|55/100
|-status|p1a: Ferrothorn|brn
|
|-weather|RainDance|[upkeep]
|-damage|p1a: Ferrothorn|49/100 brn|[from] brn
|upkeep
|turn|2
|
|t:|1609009722
|move|p2a: Volcanion|Steam Eruption|p1a: Ferrothorn
|-resisted|p1a: Ferrothorn
|-damage|p1a: Ferrothorn|5/100 brn
|move|p1a: Ferrothorn|Stealth Rock|p2a: Volcanion
|-sidestart|p2: Skipthedripbayless|move: Stealth Rock
|
|-weather|RainDance|[upkeep]
|-damage|p1a: Ferrothorn|0 fnt|[from] brn
|faint|p1a: Ferrothorn
|upkeep
|
|t:|1609009726
|switch|p1a: Dragonite|Dragonite, F|100/100
|turn|3
|
|t:|1609009729
|switch|p2a: Thundurus|Thundurus-Therian, M|100/100
|move|p1a: Dragonite|Hurricane|p2a: Thundurus
|-resisted|p2a: Thundurus
|-damage|p2a: Thundurus|66/100
|
|-weather|RainDance|[upkeep]
|upkeep
|turn|4
|
|t:|1609009733
|switch|p1a: Seismitoad|Seismitoad, M|100/100
|move|p2a: Thundurus|Defog|p1a: Seismitoad
|-unboost|p1a: Seismitoad|evasion|1
|-sideend|p2: Skipthedripbayless|Stealth Rock|[from] move: Defog|[of] p2a: Thundurus
|
|-weather|RainDance|[upkeep]
|upkeep
|turn|5
|
|t:|1609009738
|move|p1a: Seismitoad|Earth Power|p2a: Thundurus
|-immune|p2a: Thundurus
|move|p2a: Thundurus|Focus Blast|p1a: Seismitoad
|-damage|p1a: Seismitoad|47/100
|
|-weather|RainDance|[upkeep]
|upkeep
|turn|6
|j| Allgemeine SS
|
|t:|1609009743
|switch|p1a: Magnezone|Magnezone|100/100
|move|p2a: Thundurus|Weather Ball|p1a: Magnezone
|-damage|p1a: Magnezone|48/100
|
|-weather|RainDance|[upkeep]
|upkeep
|turn|7
|j| corona positiv
|
|t:|1609009748
|move|p2a: Thundurus|Weather Ball|p1a: Magnezone
|-damage|p1a: Magnezone|0 fnt
|faint|p1a: Magnezone
|
|-weather|RainDance|[upkeep]
|upkeep
|
|t:|1609009752
|switch|p1a: Seismitoad|Seismitoad, M|47/100
|turn|8
|j| Pipapalalapo
|
|t:|1609009756
|move|p1a: Seismitoad|Weather Ball|p2a: Thundurus
|-damage|p2a: Thundurus|0 fnt
|faint|p2a: Thundurus
|
|-weather|none
|upkeep
|
|t:|1609009765
|switch|p2a: Magearna|Magearna-Original|100/100
|turn|9
|
|t:|1609009768
|switch|p1a: Pelipper|Pelipper, F|100/100
|-weather|RainDance|[from] ability: Drizzle|[of] p1a: Pelipper
|move|p2a: Magearna|Trick Room|p2a: Magearna
|-fieldstart|move: Trick Room|[of] p2a: Magearna
|
|-weather|RainDance|[upkeep]
|upkeep
|turn|10
|
|t:|1609009773
|switch|p1a: Seismitoad|Seismitoad, M|47/100
|move|p2a: Magearna|Volt Switch|p1a: Seismitoad
|-immune|p1a: Seismitoad
|
|-weather|RainDance|[upkeep]
|upkeep
|turn|11
|
|t:|1609009777
|switch|p1a: Pelipper|Pelipper, F|100/100
|move|p2a: Magearna|Fleur Cannon|p1a: Pelipper
|-damage|p1a: Pelipper|18/100
|-unboost|p2a: Magearna|spa|2
|
|-weather|RainDance|[upkeep]
|upkeep
|turn|12
|
|t:|1609009782
|switch|p1a: Seismitoad|Seismitoad, M|47/100
|move|p2a: Magearna|Volt Switch|p1a: Seismitoad
|-immune|p1a: Seismitoad
|
|-weather|RainDance|[upkeep]
|upkeep
|turn|13
|j| taw
|
|t:|1609009787
|switch|p2a: Pelipper|Pelipper, M|100/100
|move|p1a: Seismitoad|Weather Ball|p2a: Pelipper
|-resisted|p2a: Pelipper
|-damage|p2a: Pelipper|33/100
|
|-weather|RainDance|[upkeep]
|-fieldend|move: Trick Room
|upkeep
|turn|14
|
|t:|1609009791
|switch|p1a: Crawdaunt|Crawdaunt, M|100/100
|switch|p2a: Volcanion|Volcanion|100/100
|
|-weather|RainDance|[upkeep]
|upkeep
|turn|15
|j| ppev
|
|t:|1609009796
|move|p1a: Crawdaunt|Knock Off|p2a: Volcanion
|-damage|p2a: Volcanion|20/100
|-enditem|p2a: Volcanion|Choice Specs|[from] move: Knock Off|[of] p1a: Crawdaunt
|move|p2a: Volcanion|Steam Eruption|p1a: Crawdaunt
|-resisted|p1a: Crawdaunt
|-damage|p1a: Crawdaunt|9/100
|
|-weather|RainDance|[upkeep]
|upkeep
|turn|16
|
|t:|1609009799
|move|p1a: Crawdaunt|Knock Off|p2a: Volcanion
|-damage|p2a: Volcanion|0 fnt
|faint|p2a: Volcanion
|
|-weather|none
|upkeep
|
|t:|1609009802
|switch|p2a: Magearna|Magearna-Original|100/100
|turn|17
|
|t:|1609009805
|move|p1a: Crawdaunt|Knock Off|p2a: Magearna
|-resisted|p2a: Magearna
|-damage|p2a: Magearna|66/100
|-enditem|p2a: Magearna|Leftovers|[from] move: Knock Off|[of] p1a: Crawdaunt
|move|p2a: Magearna|Fleur Cannon|p1a: Crawdaunt
|-supereffective|p1a: Crawdaunt
|-damage|p1a: Crawdaunt|0 fnt
|-unboost|p2a: Magearna|spa|2
|faint|p1a: Crawdaunt
|-ability|p2a: Magearna|Soul-Heart|boost
|-boost|p2a: Magearna|spa|1
|
|upkeep
|
|t:|1609009819
|switch|p1a: Seismitoad|Seismitoad, M|47/100
|turn|18
|
|t:|1609009823
|switch|p2a: Cresselia|Cresselia, F|100/100
|move|p1a: Seismitoad|Scald|p2a: Cresselia
|-damage|p2a: Cresselia|71/100
|
|upkeep
|turn|19
|
|t:|1609009829
|move|p1a: Seismitoad|Scald|p2a: Cresselia
|-damage|p2a: Cresselia|37/100
|move|p2a: Cresselia|Moonlight|p2a: Cresselia
|-heal|p2a: Cresselia|87/100
|
|upkeep
|turn|20
|
|t:|1609009834
|move|p1a: Seismitoad|Scald|p2a: Cresselia
|-damage|p2a: Cresselia|58/100
|-status|p2a: Cresselia|brn
|move|p2a: Cresselia|Trick Room|p2a: Cresselia
|-fieldstart|move: Trick Room|[of] p2a: Cresselia
|
|-damage|p2a: Cresselia|52/100 brn|[from] brn
|upkeep
|turn|21
|
|t:|1609009838
|switch|p1a: Pelipper|Pelipper, F|18/100
|-weather|RainDance|[from] ability: Drizzle|[of] p1a: Pelipper
|move|p2a: Cresselia|Lunar Dance|p2a: Cresselia
|faint|p2a: Cresselia
|
|-weather|RainDance|[upkeep]
|upkeep
|
|t:|1609009840
|switch|p2a: Crawdaunt|Crawdaunt, F|100/100
|turn|22
|
|t:|1609009843
|move|p2a: Crawdaunt|Knock Off|p1a: Pelipper
|-damage|p1a: Pelipper|0 fnt
|-enditem|p1a: Pelipper|Damp Rock|[from] move: Knock Off|[of] p2a: Crawdaunt
|-damage|p2a: Crawdaunt|90/100|[from] item: Life Orb
|faint|p1a: Pelipper
|
|-weather|RainDance|[upkeep]
|upkeep
|l| Pipapalalapo
|
|t:|1609009850
|switch|p1a: Dragonite|Dragonite, F|100/100
|turn|23
|
|t:|1609009853
|move|p2a: Crawdaunt|Knock Off|p1a: Dragonite
|-damage|p1a: Dragonite|45/100
|-enditem|p1a: Dragonite|Heavy-Duty Boots|[from] move: Knock Off|[of] p2a: Crawdaunt
|-damage|p2a: Crawdaunt|80/100|[from] item: Life Orb
|move|p1a: Dragonite|Roost|p1a: Dragonite
|-heal|p1a: Dragonite|95/100
|-singleturn|p1a: Dragonite|move: Roost
|
|-weather|RainDance|[upkeep]
|upkeep
|turn|24
|
|t:|1609009869
|move|p2a: Crawdaunt|Crabhammer|p1a: Dragonite
|-resisted|p1a: Dragonite
|-damage|p1a: Dragonite|16/100
|-damage|p2a: Crawdaunt|70/100|[from] item: Life Orb
|move|p1a: Dragonite|Hurricane|p2a: Crawdaunt
|-damage|p2a: Crawdaunt|0 fnt
|faint|p2a: Crawdaunt
|
|-weather|RainDance|[upkeep]
|-fieldend|move: Trick Room
|upkeep
|
|t:|1609009872
|switch|p2a: Magearna|Magearna-Original|66/100
|-heal|p2a: Magearna|100/100|[from] move: Lunar Dance
|turn|25
|
|t:|1609009885
|-singleturn|p1a: Dragonite|move: Focus Punch
|move|p1a: Dragonite|Focus Punch|p2a: Magearna
|-damage|p2a: Magearna|73/100
|move|p2a: Magearna|Trick Room|p2a: Magearna
|-fieldstart|move: Trick Room|[of] p2a: Magearna
|
|-weather|RainDance|[upkeep]
|upkeep
|turn|26
|
|t:|1609009891
|move|p2a: Magearna|Fleur Cannon|p1a: Dragonite|[miss]
|-miss|p2a: Magearna|p1a: Dragonite
|move|p1a: Dragonite|Hurricane|p2a: Magearna
|-resisted|p2a: Magearna
|-damage|p2a: Magearna|51/100
|-start|p2a: Magearna|confusion
|
|-weather|RainDance|[upkeep]
|upkeep
|turn|27
|c| 0zorcNecropHADES|...
|
|t:|1609009895
|-activate|p2a: Magearna|confusion
|move|p2a: Magearna|Fleur Cannon|p1a: Dragonite
|-supereffective|p1a: Dragonite
|-damage|p1a: Dragonite|0 fnt
|-unboost|p2a: Magearna|spa|2
|faint|p1a: Dragonite
|-ability|p2a: Magearna|Soul-Heart|boost
|-boost|p2a: Magearna|spa|1
|
|-weather|RainDance|[upkeep]
|upkeep
|
|t:|1609009899
|switch|p1a: Seismitoad|Seismitoad, M|47/100
|turn|28
|
|t:|1609009902
|-activate|p2a: Magearna|confusion
|-damage|p2a: Magearna|46/100|[from] confusion
|move|p1a: Seismitoad|Scald|p2a: Magearna
|-damage|p2a: Magearna|0 fnt
|faint|p2a: Magearna
|
|-weather|none
|upkeep
|
|t:|1609009904
|switch|p2a: Pelipper|Pelipper, M|33/100
|-weather|RainDance|[from] ability: Drizzle|[of] p2a: Pelipper
|turn|29
|
|t:|1609009906
|move|p2a: Pelipper|Hurricane|p1a: Seismitoad
|-damage|p1a: Seismitoad|0 fnt
|faint|p1a: Seismitoad
|
|win|Skipthedripbayless
|l|☆sword and sht
|l|☆Skipthedripbayless
