|html|<div class="broadcast-blue"><strong>[Gen 8] OU is currently suspecting Kyurem! For information on how to participate check out the <a href="https://www.smogon.com/forums/threads/np-ss-ou-suspect-process-round-11-break-the-ice.3694129/">suspect thread</a>.</strong></div>
|j|☆bingbongbyron
|j|☆Greengamer12
|t:|1638665539
|gametype|singles
|player|p1|bingbongbyron|swimmer|1180
|player|p2|Greengamer12|102|1229
|teamsize|p1|6
|teamsize|p2|6
|gen|8
|tier|[Gen 8] OU
|rated|
|rule|Sleep Clause Mod: Limit one foe put to sleep
|rule|Species Clause: Limit one of each Pokémon
|rule|OHKO Clause: OHKO moves are banned
|rule|Evasion Moves Clause: Evasion moves are banned
|rule|Endless Battle Clause: Forcing endless battles is banned
|rule|HP Percentage Mod: HP is shown in percentages
|rule|Dynamax Clause: You cannot dynamax
|clearpoke
|poke|p1|Venusaur, M|
|poke|p1|Torkoal, M|
|poke|p1|Charizard, F|
|poke|p1|Corviknight, F|
|poke|p1|Leafeon, M|
|poke|p1|Garchomp, M|
|poke|p2|Melmetal|
|poke|p2|Kyurem|
|poke|p2|Landorus-Therian, M|
|poke|p2|Tapu Lele|
|poke|p2|Slowking-Galar, F|
|poke|p2|Urshifu-*, M|
|teampreview
|
|t:|1638665557
|start
|switch|p1a: Torkoal|Torkoal, M|100/100
|switch|p2a: Urshifu|Urshifu-Rapid-Strike, M|100/100
|-weather|SunnyDay|[from] ability: Drought|[of] p1a: Torkoal
|turn|1
|
|t:|1638665570
|switch|p1a: Leafeon|Leafeon, M|100/100
|move|p2a: Urshifu|Surging Strikes|p1a: Leafeon
|-resisted|p1a: Leafeon
|-crit|p1a: Leafeon
|-damage|p1a: Leafeon|96/100
|-resisted|p1a: Leafeon
|-crit|p1a: Leafeon
|-damage|p1a: Leafeon|91/100
|-resisted|p1a: Leafeon
|-crit|p1a: Leafeon
|-damage|p1a: Leafeon|86/100
|-hitcount|p1a: Leafeon|3
|
|-weather|SunnyDay|[upkeep]
|upkeep
|turn|2
|
|t:|1638665595
|switch|p2a: Melmetal|Melmetal|100/100
|move|p1a: Leafeon|Swords Dance|p1a: Leafeon
|-boost|p1a: Leafeon|atk|2
|
|-weather|SunnyDay|[upkeep]
|upkeep
|turn|3
|inactive|Battle timer is ON: inactive players will automatically lose when time's up. (requested by bingbongbyron)
|
|t:|1638665632
|move|p1a: Leafeon|Knock Off|p2a: Melmetal
|-damage|p2a: Melmetal|71/100
|-enditem|p2a: Melmetal|Choice Band|[from] move: Knock Off|[of] p1a: Leafeon
|move|p2a: Melmetal|Ice Punch|p1a: Leafeon
|-supereffective|p1a: Leafeon
|-damage|p1a: Leafeon|12/100
|
|-weather|SunnyDay|[upkeep]
|upkeep
|turn|4
|
|t:|1638665647
|switch|p1a: Torkoal|Torkoal, M|100/100
|move|p2a: Melmetal|Double Iron Bash|p1a: Torkoal
|-resisted|p1a: Torkoal
|-damage|p1a: Torkoal|88/100
|-resisted|p1a: Torkoal
|-damage|p1a: Torkoal|75/100
|-hitcount|p1a: Torkoal|2
|
|-weather|SunnyDay|[upkeep]
|upkeep
|turn|5
|
|t:|1638665656
|move|p2a: Melmetal|Earthquake|p1a: Torkoal
|-supereffective|p1a: Torkoal
|-damage|p1a: Torkoal|25/100
|move|p1a: Torkoal|Stealth Rock|p2a: Melmetal
|-sidestart|p2: Greengamer12|move: Stealth Rock
|
|-weather|SunnyDay|[upkeep]
|upkeep
|turn|6
|
|t:|1638665665
|switch|p1a: Charizard|Charizard, F|100/100
|move|p2a: Melmetal|Double Iron Bash|p1a: Charizard
|-resisted|p1a: Charizard
|-damage|p1a: Charizard|67/100
|-resisted|p1a: Charizard
|-damage|p1a: Charizard|35/100
|-hitcount|p1a: Charizard|2
|
|-weather|SunnyDay|[upkeep]
|-damage|p1a: Charizard|22/100|[from] ability: Solar Power|[of] p1a: Charizard
|upkeep
|turn|7
|
|t:|1638665682
|move|p1a: Charizard|Weather Ball|p2a: Melmetal
|-supereffective|p2a: Melmetal
|-crit|p2a: Melmetal
|-damage|p2a: Melmetal|0 fnt
|faint|p2a: Melmetal
|
|-weather|SunnyDay|[upkeep]
|-damage|p1a: Charizard|10/100|[from] ability: Solar Power|[of] p1a: Charizard
|upkeep
|
|t:|1638665697
|switch|p2a: Urshifu|Urshifu-Rapid-Strike, M|100/100
|-damage|p2a: Urshifu|94/100|[from] Stealth Rock
|turn|8
|
|t:|1638665704
|switch|p1a: Venusaur|Venusaur, M|100/100
|move|p2a: Urshifu|Aqua Jet|p1a: Venusaur
|-resisted|p1a: Venusaur
|-damage|p1a: Venusaur|94/100
|
|-weather|none
|upkeep
|turn|9
|
|t:|1638665718
|switch|p1a: Torkoal|Torkoal, M|25/100
|-weather|SunnyDay|[from] ability: Drought|[of] p1a: Torkoal
|move|p2a: Urshifu|U-turn|p1a: Torkoal
|-resisted|p1a: Torkoal
|-damage|p1a: Torkoal|18/100
|inactive|Greengamer12 has 120 seconds left.
|
|t:|1638665743
|switch|p2a: Slowking|Slowking-Galar, F|100/100|[from]move: U-turn
|-damage|p2a: Slowking|88/100|[from] Stealth Rock
|
|-weather|SunnyDay|[upkeep]
|upkeep
|turn|10
|
|t:|1638665752
|switch|p1a: Venusaur|Venusaur, M|94/100
|move|p2a: Slowking|Scald|p1a: Venusaur
|-resisted|p1a: Venusaur
|-damage|p1a: Venusaur|87/100
|
|-weather|SunnyDay|[upkeep]
|upkeep
|turn|11
|
|t:|1638665763
|move|p1a: Venusaur|Growth|p1a: Venusaur
|-boost|p1a: Venusaur|atk|2
|-boost|p1a: Venusaur|spa|2
|move|p2a: Slowking|Flamethrower|p1a: Venusaur
|-supereffective|p1a: Venusaur
|-damage|p1a: Venusaur|0 fnt
|faint|p1a: Venusaur
|
|-weather|SunnyDay|[upkeep]
|upkeep
|
|t:|1638665778
|switch|p1a: Charizard|Charizard, F|10/100
|turn|12
|
|t:|1638665788
|move|p1a: Charizard|Scorching Sands|p2a: Slowking
|-supereffective|p2a: Slowking
|-damage|p2a: Slowking|42/100
|move|p2a: Slowking|Ice Beam|p1a: Charizard
|-crit|p1a: Charizard
|-damage|p1a: Charizard|0 fnt
|faint|p1a: Charizard
|
|-weather|SunnyDay|[upkeep]
|upkeep
|
|t:|1638665800
|switch|p1a: Leafeon|Leafeon, M|12/100
|turn|13
|
|t:|1638665810
|switch|p2a: Landorus|Landorus-Therian, M|100/100
|-damage|p2a: Landorus|88/100|[from] Stealth Rock
|-ability|p2a: Landorus|Intimidate|boost
|-unboost|p1a: Leafeon|atk|1
|move|p1a: Leafeon|Knock Off|p2a: Landorus
|-damage|p2a: Landorus|67/100
|-enditem|p2a: Landorus|Leftovers|[from] move: Knock Off|[of] p1a: Leafeon
|
|-weather|SunnyDay|[upkeep]
|upkeep
|turn|14
|
|t:|1638665822
|switch|p1a: Garchomp|Garchomp, M|100/100
|move|p2a: Landorus|U-turn|p1a: Garchomp
|-damage|p1a: Garchomp|78/100
|-damage|p2a: Landorus|55/100|[from] ability: Rough Skin|[of] p1a: Garchomp
|
|t:|1638665834
|switch|p2a: Kyurem|Kyurem|100/100|[from]move: U-turn
|-ability|p2a: Kyurem|Pressure
|
|-weather|SunnyDay|[upkeep]
|upkeep
|turn|15
|
|t:|1638665843
|move|p1a: Garchomp|Outrage|p2a: Kyurem
|-supereffective|p2a: Kyurem
|-damage|p2a: Kyurem|0 fnt
|faint|p2a: Kyurem
|
|-weather|SunnyDay|[upkeep]
|upkeep
|
|t:|1638665848
|switch|p2a: Tapu Lele|Tapu Lele|100/100
|-damage|p2a: Tapu Lele|88/100|[from] Stealth Rock
|-fieldstart|move: Psychic Terrain|[from] ability: Psychic Surge|[of] p2a: Tapu Lele
|turn|16
|
|t:|1638665859
|move|p2a: Tapu Lele|Moonblast|p1a: Garchomp
|-supereffective|p1a: Garchomp
|-damage|p1a: Garchomp|0 fnt
|faint|p1a: Garchomp
|
|-weather|none
|upkeep
|
|t:|1638665868
|switch|p1a: Corviknight|Corviknight, F|100/100
|-ability|p1a: Corviknight|Pressure
|turn|17
|
|t:|1638665881
|switch|p2a: Slowking|Slowking-Galar, F|76/100
|-damage|p2a: Slowking|63/100|[from] Stealth Rock
|move|p1a: Corviknight|Iron Head|p2a: Slowking
|-damage|p2a: Slowking|36/100
|
|upkeep
|turn|18
|
|t:|1638665891
|move|p1a: Corviknight|Brave Bird|p2a: Slowking
|-damage|p2a: Slowking|0 fnt
|faint|p2a: Slowking
|-damage|p1a: Corviknight|89/100|[from] Recoil
|
|-heal|p1a: Corviknight|95/100|[from] item: Leftovers
|upkeep
|
|t:|1638665912
|switch|p2a: Tapu Lele|Tapu Lele|88/100
|-damage|p2a: Tapu Lele|76/100|[from] Stealth Rock
|turn|19
|
|t:|1638665917
|move|p2a: Tapu Lele|Thunderbolt|p1a: Corviknight
|-supereffective|p1a: Corviknight
|-damage|p1a: Corviknight|35/100
|move|p1a: Corviknight|Iron Head|p2a: Tapu Lele
|-supereffective|p2a: Tapu Lele
|-damage|p2a: Tapu Lele|5/100
|
|-heal|p1a: Corviknight|41/100|[from] item: Leftovers
|upkeep
|turn|20
|
|t:|1638665932
|move|p2a: Tapu Lele|Thunderbolt|p1a: Corviknight
|-supereffective|p1a: Corviknight
|-damage|p1a: Corviknight|0 fnt
|faint|p1a: Corviknight
|
|-fieldend|move: Psychic Terrain
|upkeep
|
|t:|1638665938
|switch|p1a: Torkoal|Torkoal, M|18/100
|-weather|SunnyDay|[from] ability: Drought|[of] p1a: Torkoal
|turn|21
|
|t:|1638665944
|move|p2a: Tapu Lele|Thunderbolt|p1a: Torkoal
|-damage|p1a: Torkoal|0 fnt
|faint|p1a: Torkoal
|
|-weather|SunnyDay|[upkeep]
|upkeep
|
|t:|1638665950
|switch|p1a: Leafeon|Leafeon, M|12/100
|turn|22
|
|t:|1638665955
|move|p1a: Leafeon|Solar Blade||[still]
|-prepare|p1a: Leafeon|Solar Blade
|-anim|p1a: Leafeon|Solar Blade|p2a: Tapu Lele
|-damage|p2a: Tapu Lele|0 fnt
|faint|p2a: Tapu Lele
|
|-weather|SunnyDay|[upkeep]
|upkeep
|
|t:|1638665961
|switch|p2a: Urshifu|Urshifu-Rapid-Strike, M|94/100
|-damage|p2a: Urshifu|88/100|[from] Stealth Rock
|turn|23
|
|t:|1638665966
|move|p2a: Urshifu|Aqua Jet|p1a: Leafeon
|-resisted|p1a: Leafeon
|-damage|p1a: Leafeon|7/100
|move|p1a: Leafeon|Solar Blade||[still]
|-prepare|p1a: Leafeon|Solar Blade
|-anim|p1a: Leafeon|Solar Blade|p2a: Urshifu
|-supereffective|p2a: Urshifu
|-damage|p2a: Urshifu|0 fnt
|faint|p2a: Urshifu
|
|-weather|SunnyDay|[upkeep]
|upkeep
|
|t:|1638665969
|switch|p2a: Landorus|Landorus-Therian, M|55/100
|-damage|p2a: Landorus|43/100|[from] Stealth Rock
|-ability|p2a: Landorus|Intimidate|boost
|-unboost|p1a: Leafeon|atk|1
|turn|24
|
|t:|1638665981
|move|p1a: Leafeon|Solar Blade||[still]
|-prepare|p1a: Leafeon|Solar Blade
|-anim|p1a: Leafeon|Solar Blade|p2a: Landorus
|-damage|p2a: Landorus|3/100
|move|p2a: Landorus|U-turn|p1a: Leafeon
|-supereffective|p1a: Leafeon
|-damage|p1a: Leafeon|0 fnt
|faint|p1a: Leafeon
|
|win|Greengamer12
|raw|bingbongbyron's rating: 1180 &rarr; <strong>1159</strong><br />(-21 for losing)
|raw|Greengamer12's rating: 1229 &rarr; <strong>1250</strong><br />(+21 for winning)
|c|☆bingbongbyron|gg
