|j|☆Mel2345
|j|☆BOX MUNCHER
|t:|1628350564
|gametype|singles
|player|p1|Mel2345|cheren-gen5bw2|1440
|player|p2|BOX MUNCHER|scientist|1382
|teamsize|p1|6
|teamsize|p2|6
|gen|8
|tier|[Gen 8] OU
|rated|
|rule|Sleep Clause Mod: Limit one foe put to sleep
|rule|Species Clause: Limit one of each Pokémon
|rule|OHKO Clause: OHKO moves are banned
|rule|Evasion Moves Clause: Evasion moves are banned
|rule|Endless Battle Clause: Forcing endless battles is banned
|rule|HP Percentage Mod: HP is shown in percentages
|rule|Dynamax Clause: You cannot dynamax
|clearpoke
|poke|p1|Rillaboom, M|
|poke|p1|Heatran, F|
|poke|p1|Swampert, M|
|poke|p1|Dragapult, M|
|poke|p1|Corviknight, M|
|poke|p1|Magnezone|
|poke|p2|Heatran, M|
|poke|p2|Rillaboom, M|
|poke|p2|Cobalion|
|poke|p2|Weezing-Galar, M|
|poke|p2|Drapion, F|
|poke|p2|Snorlax, F|
|teampreview
|inactive|Battle timer is ON: inactive players will automatically lose when time's up. (requested by Mel2345)
|
|t:|1628350580
|start
|switch|p1a: Grand-Père|Swampert, M|100/100
|switch|p2a: Rillaboom|Rillaboom, M|100/100
|-fieldstart|move: Grassy Terrain|[from] ability: Grassy Surge|[of] p2a: Rillaboom
|turn|1
|
|t:|1628350585
|move|p1a: Grand-Père|Protect|p1a: Grand-Père
|-singleturn|p1a: Grand-Père|Protect
|move|p2a: Rillaboom|Grassy Glide|p1a: Grand-Père
|-activate|p1a: Grand-Père|move: Protect
|
|upkeep
|turn|2
|
|t:|1628350598
|switch|p1a: Eh ! Tran ?|Heatran, F|100/100
|move|p2a: Rillaboom|Knock Off|p1a: Eh ! Tran ?
|-damage|p1a: Eh ! Tran ?|73/100
|-enditem|p1a: Eh ! Tran ?|Leftovers|[from] move: Knock Off|[of] p2a: Rillaboom
|
|-heal|p1a: Eh ! Tran ?|80/100|[from] Grassy Terrain
|upkeep
|turn|3
|
|t:|1628350607
|move|p2a: Rillaboom|U-turn|p1a: Eh ! Tran ?
|-resisted|p1a: Eh ! Tran ?
|-damage|p1a: Eh ! Tran ?|75/100
|
|t:|1628350613
|switch|p2a: Drapion|Drapion, F|100/100|[from]move: U-turn
|move|p1a: Eh ! Tran ?|Magma Storm|p2a: Drapion
|-damage|p2a: Drapion|59/100
|-activate|p2a: Drapion|move: Magma Storm|[of] p1a: Eh ! Tran ?
|
|-heal|p2a: Drapion|65/100|[from] Grassy Terrain
|-heal|p1a: Eh ! Tran ?|81/100|[from] Grassy Terrain
|-damage|p2a: Drapion|52/100|[from] move: Magma Storm|[partiallytrapped]
|upkeep
|turn|4
|
|t:|1628350620
|move|p2a: Drapion|Knock Off|p1a: Eh ! Tran ?
|-damage|p1a: Eh ! Tran ?|57/100
|move|p1a: Eh ! Tran ?|Earth Power|p2a: Drapion
|-supereffective|p2a: Drapion
|-damage|p2a: Drapion|0 fnt
|faint|p2a: Drapion
|
|-heal|p1a: Eh ! Tran ?|63/100|[from] Grassy Terrain
|upkeep
|
|t:|1628350625
|switch|p2a: Cobalion|Cobalion|100/100
|turn|5
|
|t:|1628350632
|switch|p1a: Catapulte|Dragapult, M|100/100
|move|p2a: Cobalion|Stealth Rock|p1a: Catapulte
|-sidestart|p1: Mel2345|move: Stealth Rock
|
|-fieldend|move: Grassy Terrain
|upkeep
|turn|6
|
|t:|1628350637
|switch|p2a: Snorlax|Snorlax, F|100/100
|move|p1a: Catapulte|Flamethrower|p2a: Snorlax
|-damage|p2a: Snorlax|92/100
|-status|p2a: Snorlax|brn
|
|-heal|p2a: Snorlax|98/100 brn|[from] item: Leftovers
|-damage|p2a: Snorlax|92/100 brn|[from] brn
|upkeep
|turn|7
|
|t:|1628350646
|switch|p1a: Le corps vit !|Corviknight, M|100/100
|-damage|p1a: Le corps vit !|88/100|[from] Stealth Rock
|-ability|p1a: Le corps vit !|Pressure
|switch|p2a: Heatran|Heatran, M|100/100
|
|-heal|p1a: Le corps vit !|94/100|[from] item: Leftovers
|upkeep
|turn|8
|
|t:|1628350651
|switch|p1a: Grand-Père|Swampert, M|100/100
|-damage|p1a: Grand-Père|94/100|[from] Stealth Rock
|move|p2a: Heatran|Eruption|p1a: Grand-Père
|-resisted|p1a: Grand-Père
|-damage|p1a: Grand-Père|65/100
|
|-heal|p1a: Grand-Père|72/100|[from] item: Leftovers
|upkeep
|turn|9
|
|t:|1628350660
|switch|p2a: Weezing|Weezing-Galar, M|100/100
|move|p1a: Grand-Père|Stealth Rock|p2a: Weezing
|-sidestart|p2: BOX MUNCHER|move: Stealth Rock
|
|-heal|p1a: Grand-Père|78/100|[from] item: Leftovers
|upkeep
|turn|10
|
|t:|1628350666
|switch|p2a: Rillaboom|Rillaboom, M|100/100
|-damage|p2a: Rillaboom|88/100|[from] Stealth Rock
|-fieldstart|move: Grassy Terrain|[from] ability: Grassy Surge|[of] p2a: Rillaboom
|move|p1a: Grand-Père|Flip Turn|p2a: Rillaboom
|-resisted|p2a: Rillaboom
|-damage|p2a: Rillaboom|77/100
|
|t:|1628350671
|switch|p1a: Le corps vit !|Corviknight, M|94/100|[from]move: Flip Turn
|-damage|p1a: Le corps vit !|82/100|[from] Stealth Rock
|-ability|p1a: Le corps vit !|Pressure
|
|-heal|p2a: Rillaboom|83/100|[from] Grassy Terrain
|-heal|p2a: Rillaboom|89/100|[from] item: Leftovers
|-heal|p1a: Le corps vit !|88/100|[from] item: Leftovers
|upkeep
|turn|11
|
|t:|1628350680
|move|p2a: Rillaboom|Knock Off|p1a: Le corps vit !
|-damage|p1a: Le corps vit !|65/100
|-enditem|p1a: Le corps vit !|Leftovers|[from] move: Knock Off|[of] p2a: Rillaboom
|move|p1a: Le corps vit !|U-turn|p2a: Rillaboom
|-supereffective|p2a: Rillaboom
|-damage|p2a: Rillaboom|57/100
|
|t:|1628350689
|switch|p1a: Eh ! Tran ?|Heatran, F|63/100|[from]move: U-turn
|-damage|p1a: Eh ! Tran ?|50/100|[from] Stealth Rock
|
|-heal|p2a: Rillaboom|64/100|[from] Grassy Terrain
|-heal|p2a: Rillaboom|70/100|[from] item: Leftovers
|-heal|p1a: Eh ! Tran ?|57/100|[from] Grassy Terrain
|upkeep
|turn|12
|
|t:|1628350695
|move|p2a: Rillaboom|U-turn|p1a: Eh ! Tran ?
|-resisted|p1a: Eh ! Tran ?
|-damage|p1a: Eh ! Tran ?|52/100
|
|t:|1628350697
|switch|p2a: Snorlax|Snorlax, F|92/100 brn|[from]move: U-turn
|-damage|p2a: Snorlax|80/100 brn|[from] Stealth Rock
|move|p1a: Eh ! Tran ?|Magma Storm|p2a: Snorlax
|-damage|p2a: Snorlax|70/100 brn
|-activate|p2a: Snorlax|move: Magma Storm|[of] p1a: Eh ! Tran ?
|
|-heal|p1a: Eh ! Tran ?|58/100|[from] Grassy Terrain
|-heal|p2a: Snorlax|76/100 brn|[from] Grassy Terrain
|-heal|p2a: Snorlax|83/100 brn|[from] item: Leftovers
|-damage|p2a: Snorlax|76/100 brn|[from] brn
|-damage|p2a: Snorlax|64/100 brn|[from] move: Magma Storm|[partiallytrapped]
|upkeep
|turn|13
|
|t:|1628350703
|move|p1a: Eh ! Tran ?|Toxic||[still]
|-fail|p1a: Eh ! Tran ?
|move|p2a: Snorlax|Rest|p2a: Snorlax
|-status|p2a: Snorlax|slp|[from] move: Rest
|-heal|p2a: Snorlax|100/100 slp|[silent]
|
|-heal|p1a: Eh ! Tran ?|64/100|[from] Grassy Terrain
|-damage|p2a: Snorlax|88/100 slp|[from] move: Magma Storm|[partiallytrapped]
|upkeep
|turn|14
|
|t:|1628350710
|move|p1a: Eh ! Tran ?|Earth Power|p2a: Snorlax
|-damage|p2a: Snorlax|77/100 slp
|cant|p2a: Snorlax|slp
|move|p2a: Snorlax|Sleep Talk|p2a: Snorlax
|move|p2a: Snorlax|Rest||[from]move: Sleep Talk|[still]
|-fail|p2a: Snorlax
|
|-heal|p1a: Eh ! Tran ?|71/100|[from] Grassy Terrain
|-heal|p2a: Snorlax|83/100 slp|[from] Grassy Terrain
|-heal|p2a: Snorlax|89/100 slp|[from] item: Leftovers
|-damage|p2a: Snorlax|76/100 slp|[from] move: Magma Storm|[partiallytrapped]
|-fieldend|move: Grassy Terrain
|upkeep
|turn|15
|
|t:|1628350720
|move|p1a: Eh ! Tran ?|Taunt|p2a: Snorlax
|-start|p2a: Snorlax|move: Taunt
|cant|p2a: Snorlax|slp
|cant|p2a: Snorlax|move: Taunt|Sleep Talk
|
|-heal|p2a: Snorlax|83/100 slp|[from] item: Leftovers
|-damage|p2a: Snorlax|70/100 slp|[from] move: Magma Storm|[partiallytrapped]
|upkeep
|turn|16
|
|t:|1628350730
|switch|p1a: Le corps vit !|Corviknight, M|65/100
|-damage|p1a: Le corps vit !|53/100|[from] Stealth Rock
|-ability|p1a: Le corps vit !|Pressure
|-curestatus|p2a: Snorlax|slp|[msg]
|move|p2a: Snorlax|Body Slam|p1a: Le corps vit !
|-resisted|p1a: Le corps vit !
|-damage|p1a: Le corps vit !|42/100
|
|-heal|p2a: Snorlax|76/100|[from] item: Leftovers
|-end|p2a: Snorlax|Magma Storm|[partiallytrapped]
|upkeep
|turn|17
|
|t:|1628350736
|move|p1a: Le corps vit !|Roost|p1a: Le corps vit !
|-heal|p1a: Le corps vit !|92/100
|-singleturn|p1a: Le corps vit !|move: Roost
|move|p2a: Snorlax|Body Slam|p1a: Le corps vit !
|-resisted|p1a: Le corps vit !
|-damage|p1a: Le corps vit !|82/100
|-status|p1a: Le corps vit !|par
|
|-heal|p2a: Snorlax|82/100|[from] item: Leftovers
|-end|p2a: Snorlax|move: Taunt
|upkeep
|turn|18
|
|t:|1628350741
|move|p2a: Snorlax|Curse|p2a: Snorlax
|-unboost|p2a: Snorlax|spe|1
|-boost|p2a: Snorlax|atk|1
|-boost|p2a: Snorlax|def|1
|move|p1a: Le corps vit !|Defog|p2a: Snorlax
|-unboost|p2a: Snorlax|evasion|1
|-sideend|p2: BOX MUNCHER|Stealth Rock|[from] move: Defog|[of] p1a: Le corps vit !
|-sideend|p1: Mel2345|Stealth Rock|[from] move: Defog|[of] p1a: Le corps vit !
|
|-heal|p2a: Snorlax|88/100|[from] item: Leftovers
|upkeep
|turn|19
|
|t:|1628350746
|cant|p1a: Le corps vit !|par
|move|p2a: Snorlax|Curse|p2a: Snorlax
|-unboost|p2a: Snorlax|spe|1
|-boost|p2a: Snorlax|atk|1
|-boost|p2a: Snorlax|def|1
|
|-heal|p2a: Snorlax|95/100|[from] item: Leftovers
|upkeep
|turn|20
|
|t:|1628350752
|cant|p1a: Le corps vit !|par
|move|p2a: Snorlax|Curse|p2a: Snorlax
|-unboost|p2a: Snorlax|spe|1
|-boost|p2a: Snorlax|atk|1
|-boost|p2a: Snorlax|def|1
|
|-heal|p2a: Snorlax|100/100|[from] item: Leftovers
|upkeep
|turn|21
|
|t:|1628350761
|cant|p1a: Le corps vit !|par
|move|p2a: Snorlax|Body Slam|p1a: Le corps vit !
|-resisted|p1a: Le corps vit !
|-damage|p1a: Le corps vit !|58/100 par
|
|upkeep
|turn|22
|
|t:|1628350764
|move|p1a: Le corps vit !|U-turn|p2a: Snorlax
|-damage|p2a: Snorlax|95/100
|
|t:|1628350767
|switch|p1a: Magnet de la zone|Magnezone|100/100|[from]move: U-turn
|move|p2a: Snorlax|Body Slam|p1a: Magnet de la zone
|-resisted|p1a: Magnet de la zone
|-damage|p1a: Magnet de la zone|68/100
|
|-heal|p1a: Magnet de la zone|75/100|[from] item: Leftovers
|-heal|p2a: Snorlax|100/100|[from] item: Leftovers
|upkeep
|turn|23
|
|t:|1628350774
|move|p1a: Magnet de la zone|Iron Defense|p1a: Magnet de la zone
|-boost|p1a: Magnet de la zone|def|2
|move|p2a: Snorlax|Body Slam|p1a: Magnet de la zone
|-resisted|p1a: Magnet de la zone
|-damage|p1a: Magnet de la zone|60/100
|
|-heal|p1a: Magnet de la zone|66/100|[from] item: Leftovers
|upkeep
|turn|24
|
|t:|1628350781
|switch|p2a: Weezing|Weezing-Galar, M|100/100
|move|p1a: Magnet de la zone|Substitute|p1a: Magnet de la zone
|-start|p1a: Magnet de la zone|Substitute
|-damage|p1a: Magnet de la zone|41/100
|
|-heal|p1a: Magnet de la zone|47/100|[from] item: Leftovers
|upkeep
|turn|25
|
|t:|1628350789
|move|p1a: Magnet de la zone|Thunderbolt|p2a: Weezing
|-damage|p2a: Weezing|47/100
|move|p2a: Weezing|Flamethrower|p1a: Magnet de la zone
|-supereffective|p1a: Magnet de la zone
|-end|p1a: Magnet de la zone|Substitute
|
|-heal|p1a: Magnet de la zone|53/100|[from] item: Leftovers
|-heal|p2a: Weezing|53/100|[from] item: Black Sludge
|upkeep
|turn|26
|
|t:|1628350814
|switch|p2a: Rillaboom|Rillaboom, M|70/100
|-fieldstart|move: Grassy Terrain|[from] ability: Grassy Surge|[of] p2a: Rillaboom
|move|p1a: Magnet de la zone|Substitute|p1a: Magnet de la zone
|-start|p1a: Magnet de la zone|Substitute
|-damage|p1a: Magnet de la zone|28/100
|
|-heal|p2a: Rillaboom|76/100|[from] Grassy Terrain
|-heal|p2a: Rillaboom|82/100|[from] item: Leftovers
|-heal|p1a: Magnet de la zone|34/100|[from] Grassy Terrain
|-heal|p1a: Magnet de la zone|40/100|[from] item: Leftovers
|upkeep
|turn|27
|
|t:|1628350820
|move|p2a: Rillaboom|Bulk Up|p2a: Rillaboom
|-boost|p2a: Rillaboom|atk|1
|-boost|p2a: Rillaboom|def|1
|move|p1a: Magnet de la zone|Iron Defense|p1a: Magnet de la zone
|-boost|p1a: Magnet de la zone|def|2
|
|-heal|p2a: Rillaboom|88/100|[from] Grassy Terrain
|-heal|p2a: Rillaboom|94/100|[from] item: Leftovers
|-heal|p1a: Magnet de la zone|46/100|[from] Grassy Terrain
|-heal|p1a: Magnet de la zone|52/100|[from] item: Leftovers
|upkeep
|turn|28
|
|t:|1628350825
|move|p2a: Rillaboom|Bulk Up|p2a: Rillaboom
|-boost|p2a: Rillaboom|atk|1
|-boost|p2a: Rillaboom|def|1
|move|p1a: Magnet de la zone|Body Press|p2a: Rillaboom
|-damage|p2a: Rillaboom|46/100
|
|-heal|p2a: Rillaboom|52/100|[from] Grassy Terrain
|-heal|p2a: Rillaboom|58/100|[from] item: Leftovers
|-heal|p1a: Magnet de la zone|58/100|[from] Grassy Terrain
|-heal|p1a: Magnet de la zone|64/100|[from] item: Leftovers
|upkeep
|turn|29
|
|t:|1628350829
|move|p2a: Rillaboom|Bulk Up|p2a: Rillaboom
|-boost|p2a: Rillaboom|atk|1
|-boost|p2a: Rillaboom|def|1
|move|p1a: Magnet de la zone|Iron Defense|p1a: Magnet de la zone
|-boost|p1a: Magnet de la zone|def|2
|
|-heal|p2a: Rillaboom|64/100|[from] Grassy Terrain
|-heal|p2a: Rillaboom|70/100|[from] item: Leftovers
|-heal|p1a: Magnet de la zone|70/100|[from] Grassy Terrain
|-heal|p1a: Magnet de la zone|76/100|[from] item: Leftovers
|upkeep
|turn|30
|
|t:|1628350831
|move|p2a: Rillaboom|Bulk Up|p2a: Rillaboom
|-boost|p2a: Rillaboom|atk|1
|-boost|p2a: Rillaboom|def|1
|move|p1a: Magnet de la zone|Body Press|p2a: Rillaboom
|-damage|p2a: Rillaboom|33/100
|
|-heal|p2a: Rillaboom|39/100|[from] Grassy Terrain
|-heal|p2a: Rillaboom|45/100|[from] item: Leftovers
|-heal|p1a: Magnet de la zone|82/100|[from] Grassy Terrain
|-heal|p1a: Magnet de la zone|88/100|[from] item: Leftovers
|-fieldend|move: Grassy Terrain
|upkeep
|turn|31
|
|t:|1628350836
|move|p2a: Rillaboom|Bulk Up|p2a: Rillaboom
|-boost|p2a: Rillaboom|atk|1
|-boost|p2a: Rillaboom|def|1
|move|p1a: Magnet de la zone|Body Press|p2a: Rillaboom
|-damage|p2a: Rillaboom|13/100
|
|-heal|p2a: Rillaboom|19/100|[from] item: Leftovers
|-heal|p1a: Magnet de la zone|94/100|[from] item: Leftovers
|upkeep
|turn|32
|
|t:|1628350844
|move|p2a: Rillaboom|Knock Off|p1a: Magnet de la zone
|-activate|p1a: Magnet de la zone|move: Substitute|[damage]
|move|p1a: Magnet de la zone|Body Press|p2a: Rillaboom
|-damage|p2a: Rillaboom|0 fnt
|faint|p2a: Rillaboom
|
|-heal|p1a: Magnet de la zone|100/100|[from] item: Leftovers
|upkeep
|
|t:|1628350855
|switch|p2a: Cobalion|Cobalion|100/100
|turn|33
|
|t:|1628350857
|move|p2a: Cobalion|Volt Switch|p1a: Magnet de la zone
|-resisted|p1a: Magnet de la zone
|-end|p1a: Magnet de la zone|Substitute
|
|t:|1628350861
|switch|p2a: Weezing|Weezing-Galar, M|53/100|[from]move: Volt Switch
|move|p1a: Magnet de la zone|Body Press|p2a: Weezing
|-resisted|p2a: Weezing
|-damage|p2a: Weezing|37/100
|
|-heal|p2a: Weezing|43/100|[from] item: Black Sludge
|upkeep
|turn|34
|
|t:|1628350866
|move|p1a: Magnet de la zone|Thunderbolt|p2a: Weezing
|-damage|p2a: Weezing|0 fnt
|faint|p2a: Weezing
|
|upkeep
|
|t:|1628350868
|switch|p2a: Heatran|Heatran, M|100/100
|turn|35
|
|t:|1628350874
|switch|p1a: Grand-Père|Swampert, M|78/100
|move|p2a: Heatran|Earth Power|p1a: Grand-Père
|-damage|p1a: Grand-Père|57/100
|
|-heal|p1a: Grand-Père|63/100|[from] item: Leftovers
|upkeep
|turn|36
|
|t:|1628350882
|switch|p2a: Snorlax|Snorlax, F|100/100
|move|p1a: Grand-Père|Stealth Rock|p2a: Snorlax
|-sidestart|p2: BOX MUNCHER|move: Stealth Rock
|
|-heal|p1a: Grand-Père|69/100|[from] item: Leftovers
|upkeep
|turn|37
|
|t:|1628350885
|move|p1a: Grand-Père|Flip Turn|p2a: Snorlax
|-damage|p2a: Snorlax|80/100
|
|t:|1628350889
|switch|p1a: Magnet de la zone|Magnezone|100/100|[from]move: Flip Turn
|move|p2a: Snorlax|Curse|p2a: Snorlax
|-unboost|p2a: Snorlax|spe|1
|-boost|p2a: Snorlax|atk|1
|-boost|p2a: Snorlax|def|1
|
|-heal|p2a: Snorlax|86/100|[from] item: Leftovers
|upkeep
|turn|38
|
|t:|1628350893
|move|p1a: Magnet de la zone|Iron Defense|p1a: Magnet de la zone
|-boost|p1a: Magnet de la zone|def|2
|move|p2a: Snorlax|Curse|p2a: Snorlax
|-unboost|p2a: Snorlax|spe|1
|-boost|p2a: Snorlax|atk|1
|-boost|p2a: Snorlax|def|1
|
|-heal|p2a: Snorlax|92/100|[from] item: Leftovers
|upkeep
|turn|39
|
|t:|1628350895
|move|p1a: Magnet de la zone|Substitute|p1a: Magnet de la zone
|-start|p1a: Magnet de la zone|Substitute
|-damage|p1a: Magnet de la zone|76/100
|move|p2a: Snorlax|Curse|p2a: Snorlax
|-unboost|p2a: Snorlax|spe|1
|-boost|p2a: Snorlax|atk|1
|-boost|p2a: Snorlax|def|1
|
|-heal|p1a: Magnet de la zone|82/100|[from] item: Leftovers
|-heal|p2a: Snorlax|98/100|[from] item: Leftovers
|upkeep
|turn|40
|
|t:|1628350898
|move|p1a: Magnet de la zone|Iron Defense|p1a: Magnet de la zone
|-boost|p1a: Magnet de la zone|def|2
|move|p2a: Snorlax|Curse|p2a: Snorlax
|-unboost|p2a: Snorlax|spe|1
|-boost|p2a: Snorlax|atk|1
|-boost|p2a: Snorlax|def|1
|
|-heal|p1a: Magnet de la zone|88/100|[from] item: Leftovers
|-heal|p2a: Snorlax|100/100|[from] item: Leftovers
|upkeep
|turn|41
|
|t:|1628350900
|move|p1a: Magnet de la zone|Iron Defense|p1a: Magnet de la zone
|-boost|p1a: Magnet de la zone|def|2
|move|p2a: Snorlax|Curse|p2a: Snorlax
|-unboost|p2a: Snorlax|spe|1
|-boost|p2a: Snorlax|atk|1
|-boost|p2a: Snorlax|def|1
|
|-heal|p1a: Magnet de la zone|94/100|[from] item: Leftovers
|upkeep
|turn|42
|
|t:|1628350903
|move|p1a: Magnet de la zone|Body Press|p2a: Snorlax
|-supereffective|p2a: Snorlax
|-damage|p2a: Snorlax|44/100
|move|p2a: Snorlax|Curse|p2a: Snorlax
|-unboost|p2a: Snorlax|spe|1
|-boost|p2a: Snorlax|atk|1
|-boost|p2a: Snorlax|def|1
|
|-heal|p1a: Magnet de la zone|99/100|[from] item: Leftovers
|-heal|p2a: Snorlax|50/100|[from] item: Leftovers
|upkeep
|turn|43
|
|t:|1628350906
|move|p1a: Magnet de la zone|Body Press|p2a: Snorlax
|-supereffective|p2a: Snorlax
|-damage|p2a: Snorlax|0 fnt
|faint|p2a: Snorlax
|
|-heal|p1a: Magnet de la zone|100/100|[from] item: Leftovers
|upkeep
|
|t:|1628350910
|switch|p2a: Cobalion|Cobalion|100/100
|turn|44
|
|t:|1628350913
|move|p2a: Cobalion|Close Combat|p1a: Magnet de la zone
|-supereffective|p1a: Magnet de la zone
|-activate|p1a: Magnet de la zone|move: Substitute|[damage]
|-unboost|p2a: Cobalion|def|1
|-unboost|p2a: Cobalion|spd|1
|move|p1a: Magnet de la zone|Body Press|p2a: Cobalion
|-supereffective|p2a: Cobalion
|-damage|p2a: Cobalion|0 fnt
|faint|p2a: Cobalion
|
|upkeep
|
|t:|1628350917
|switch|p2a: Heatran|Heatran, M|100/100
|-damage|p2a: Heatran|88/100|[from] Stealth Rock
|turn|45
|
|t:|1628350919
|move|p2a: Heatran|Earth Power|p1a: Magnet de la zone
|-supereffective|p1a: Magnet de la zone
|-end|p1a: Magnet de la zone|Substitute
|move|p1a: Magnet de la zone|Body Press|p2a: Heatran
|-supereffective|p2a: Heatran
|-damage|p2a: Heatran|0 fnt
|faint|p2a: Heatran
|
|win|Mel2345
|raw|Mel2345's rating: 1440 &rarr; <strong>1457</strong><br />(+17 for winning)
|raw|BOX MUNCHER's rating: 1382 &rarr; <strong>1365</strong><br />(-17 for losing)
|l|☆BOX MUNCHER
||Ladder isn't responding, score probably updated but might not have (Request timeout).
