|j|☆lando expando
|j|☆SkilledRoy20
|t:|1610469710
|player|p1|lando expando|lucas|1707
|player|p2|SkilledRoy20|1|1635
|teamsize|p1|6
|teamsize|p2|6
|gametype|singles
|gen|8
|tier|[Gen 8] OU
|rated|
|clearpoke
|poke|p1|Lucario, M|
|poke|p1|Noivern, M|
|poke|p1|Sirfetch’d, F|
|poke|p1|Weezing-Galar, F|
|poke|p1|Mantine, M|
|poke|p1|Darmanitan, M|
|poke|p2|Ferrothorn, F|
|poke|p2|Toxapex, M|
|poke|p2|Swampert, M|
|poke|p2|Corviknight, F|
|poke|p2|Blissey, F|
|poke|p2|Cinderace, F|
|rule|Sleep Clause Mod: Limit one foe put to sleep
|rule|Species Clause: Limit one of each Pokémon
|rule|OHKO Clause: OHKO moves are banned
|rule|Evasion Moves Clause: Evasion moves are banned
|rule|Endless Battle Clause: Forcing endless battles is banned
|rule|HP Percentage Mod: HP is shown in percentages
|rule|Dynamax Clause: You cannot dynamax
|teampreview
|inactive|Battle timer is ON: inactive players will automatically lose when time's up. (requested by SkilledRoy20)
|j| nucle
|
|t:|1610469723
|start
|switch|p1a: Noivern|Noivern, M|100/100
|switch|p2a: Swampert|Swampert, M|100/100
|turn|1
|
|t:|1610469736
|move|p1a: Noivern|Switcheroo|p2a: Swampert
|-activate|p1a: Noivern|move: Trick|[of] p2a: Swampert
|-item|p2a: Swampert|Choice Specs|[from] move: Switcheroo
|-item|p1a: Noivern|Leftovers|[from] move: Switcheroo
|move|p2a: Swampert|Stealth Rock|p1a: Noivern
|-sidestart|p1: lando expando|move: Stealth Rock
|
|upkeep
|turn|2
|
|t:|1610469745
|switch|p1a: Lucario|Lucario, M|100/100
|-damage|p1a: Lucario|98/100|[from] Stealth Rock
|switch|p2a: Toxapex|Toxapex, M|100/100
|
|upkeep
|turn|3
|
|t:|1610469752
|switch|p1a: Weezing|Weezing-Galar, F|100/100
|-ability|p1a: Weezing|Neutralizing Gas
|-damage|p1a: Weezing|88/100|[from] Stealth Rock
|move|p2a: Toxapex|Haze|p2a: Toxapex
|-clearallboost
|
|-heal|p1a: Weezing|94/100|[from] item: Black Sludge
|upkeep
|turn|4
|
|t:|1610469758
|switch|p2a: Swampert|Swampert, M|100/100
|move|p1a: Weezing|Will-O-Wisp|p2a: Swampert
|-status|p2a: Swampert|brn
|
|-heal|p1a: Weezing|99/100|[from] item: Black Sludge
|-damage|p2a: Swampert|94/100 brn|[from] brn
|upkeep
|turn|5
|
|t:|1610469763
|move|p1a: Weezing|Strange Steam|p2a: Swampert|[miss]
|-miss|p1a: Weezing|p2a: Swampert
|move|p2a: Swampert|Flip Turn|p1a: Weezing
|-damage|p1a: Weezing|93/100
|
|t:|1610469766
|switch|p2a: Cinderace|Cinderace, F|100/100|[from]move: Flip Turn
|
|-heal|p1a: Weezing|99/100|[from] item: Black Sludge
|upkeep
|turn|6
|
|t:|1610469770
|move|p2a: Cinderace|Pyro Ball|p1a: Weezing
|-damage|p1a: Weezing|60/100
|move|p1a: Weezing|Sludge Bomb|p2a: Cinderace
|-damage|p2a: Cinderace|61/100
|
|-heal|p1a: Weezing|66/100|[from] item: Black Sludge
|upkeep
|turn|7
|
|t:|1610469775
|move|p2a: Cinderace|Gunk Shot|p1a: Weezing
|-damage|p1a: Weezing|42/100
|move|p1a: Weezing|Sludge Bomb|p2a: Cinderace
|-damage|p2a: Cinderace|21/100
|-status|p2a: Cinderace|psn
|
|-heal|p1a: Weezing|48/100|[from] item: Black Sludge
|-damage|p2a: Cinderace|9/100 psn|[from] psn
|upkeep
|turn|8
|
|t:|1610469784
|-end|p1a: Weezing|ability: Neutralizing Gas
|switch|p1a: Mantine|Mantine, M|100/100
|move|p2a: Cinderace|U-turn|p1a: Mantine
|-start|p2a: Cinderace|typechange|Bug|[from] ability: Libero
|-resisted|p1a: Mantine
|-damage|p1a: Mantine|81/100
|
|t:|1610469787
|switch|p2a: Blissey|Blissey, F|100/100|[from]move: U-turn
|
|upkeep
|turn|9
|
|t:|1610469789
|move|p1a: Mantine|Defog|p2a: Blissey
|-unboost|p2a: Blissey|evasion|1
|-sideend|p1: lando expando|Stealth Rock|[from] move: Defog|[of] p1a: Mantine
|move|p2a: Blissey|Heal Bell|p2a: Blissey
|-activate|p2a: Blissey|move: Heal Bell
|-curestatus|p2: Cinderace|psn|[msg]
|-curestatus|p2: Swampert|brn|[msg]
|
|upkeep
|turn|10
|
|t:|1610469796
|switch|p1a: Darmanitan|Darmanitan, M|100/100
|move|p2a: Blissey|Wish|p2a: Blissey
|
|upkeep
|turn|11
|
|t:|1610469805
|switch|p2a: Swampert|Swampert, M|94/100
|move|p1a: Darmanitan|U-turn|p2a: Swampert
|-damage|p2a: Swampert|61/100
|
|t:|1610469810
|switch|p1a: Weezing|Weezing-Galar, F|48/100|[from]move: U-turn
|-ability|p1a: Weezing|Neutralizing Gas
|
|-heal|p2a: Swampert|100/100|[from] move: Wish|[wisher] Blissey
|-heal|p1a: Weezing|54/100|[from] item: Black Sludge
|upkeep
|turn|12
|
|t:|1610469814
|move|p1a: Weezing|Pain Split|p2a: Swampert
|-sethp|p2a: Swampert|73/100|[from] move: Pain Split|[silent]
|-sethp|p1a: Weezing|88/100|[from] move: Pain Split
|move|p2a: Swampert|Stealth Rock|p1a: Weezing
|-sidestart|p1: lando expando|move: Stealth Rock
|
|-heal|p1a: Weezing|94/100|[from] item: Black Sludge
|upkeep
|turn|13
|
|t:|1610469826
|switch|p2a: Blissey|Blissey, F|100/100
|move|p1a: Weezing|Will-O-Wisp|p2a: Blissey
|-status|p2a: Blissey|brn
|
|-heal|p1a: Weezing|99/100|[from] item: Black Sludge
|-damage|p2a: Blissey|94/100 brn|[from] brn
|upkeep
|turn|14
|
|t:|1610469829
|-end|p1a: Weezing|ability: Neutralizing Gas
|switch|p1a: Sirfetch’d|Sirfetch’d, F|100/100
|-damage|p1a: Sirfetch’d|94/100|[from] Stealth Rock
|move|p2a: Blissey|Wish|p2a: Blissey
|
|-damage|p2a: Blissey|88/100 brn|[from] brn
|upkeep
|turn|15
|
|t:|1610469835
|switch|p2a: Corviknight|Corviknight, F|100/100
|-ability|p2a: Corviknight|Pressure
|move|p1a: Sirfetch’d|Close Combat|p2a: Corviknight
|-damage|p2a: Corviknight|36/100
|-unboost|p1a: Sirfetch’d|def|1
|-unboost|p1a: Sirfetch’d|spd|1
|
|-heal|p2a: Corviknight|100/100|[from] move: Wish|[wisher] Blissey
|upkeep
|turn|16
|
|t:|1610469842
|switch|p1a: Mantine|Mantine, M|81/100
|move|p2a: Corviknight|U-turn|p1a: Mantine
|-resisted|p1a: Mantine
|-damage|p1a: Mantine|72/100
|
|t:|1610469846
|switch|p2a: Ferrothorn|Ferrothorn, F|100/100|[from]move: U-turn
|
|upkeep
|turn|17
|
|t:|1610469850
|move|p1a: Mantine|Scald|p2a: Ferrothorn
|-resisted|p2a: Ferrothorn
|-damage|p2a: Ferrothorn|91/100
|-status|p2a: Ferrothorn|brn
|move|p2a: Ferrothorn|Knock Off|p1a: Mantine
|-damage|p1a: Mantine|58/100
|-enditem|p1a: Mantine|Heavy-Duty Boots|[from] move: Knock Off|[of] p2a: Ferrothorn
|
|-heal|p2a: Ferrothorn|97/100 brn|[from] item: Leftovers
|-damage|p2a: Ferrothorn|91/100 brn|[from] brn
|upkeep
|turn|18
|
|t:|1610469852
|move|p1a: Mantine|Defog|p2a: Ferrothorn
|-unboost|p2a: Ferrothorn|evasion|1
|-sideend|p1: lando expando|Stealth Rock|[from] move: Defog|[of] p1a: Mantine
|move|p2a: Ferrothorn|Leech Seed|p1a: Mantine
|-start|p1a: Mantine|move: Leech Seed
|
|-heal|p2a: Ferrothorn|97/100 brn|[from] item: Leftovers
|-damage|p1a: Mantine|46/100|[from] Leech Seed|[of] p2a: Ferrothorn
|-heal|p2a: Ferrothorn|100/100 brn|[silent]
|-damage|p2a: Ferrothorn|94/100 brn|[from] brn
|upkeep
|turn|19
|
|t:|1610469854
|move|p1a: Mantine|Roost|p1a: Mantine
|-heal|p1a: Mantine|96/100
|-singleturn|p1a: Mantine|move: Roost
|move|p2a: Ferrothorn|Knock Off|p1a: Mantine
|-damage|p1a: Mantine|87/100
|
|-heal|p2a: Ferrothorn|100/100 brn|[from] item: Leftovers
|-damage|p1a: Mantine|75/100|[from] Leech Seed|[of] p2a: Ferrothorn
|-damage|p2a: Ferrothorn|94/100 brn|[from] brn
|upkeep
|turn|20
|
|t:|1610469858
|switch|p1a: Weezing|Weezing-Galar, F|99/100
|-ability|p1a: Weezing|Neutralizing Gas
|move|p2a: Ferrothorn|Leech Seed|p1a: Weezing
|-start|p1a: Weezing|move: Leech Seed
|
|-heal|p1a: Weezing|100/100|[from] item: Black Sludge
|-heal|p2a: Ferrothorn|100/100 brn|[from] item: Leftovers
|-damage|p1a: Weezing|88/100|[from] Leech Seed|[of] p2a: Ferrothorn
|-damage|p2a: Ferrothorn|94/100 brn|[from] brn
|upkeep
|turn|21
|
|t:|1610469864
|-end|p1a: Weezing|ability: Neutralizing Gas
|switch|p1a: Noivern|Noivern, M|100/100
|move|p2a: Ferrothorn|Knock Off|p1a: Noivern
|-damage|p1a: Noivern|85/100
|-enditem|p1a: Noivern|Leftovers|[from] move: Knock Off|[of] p2a: Ferrothorn
|
|-heal|p2a: Ferrothorn|100/100 brn|[from] item: Leftovers
|-damage|p2a: Ferrothorn|94/100 brn|[from] brn
|upkeep
|turn|22
|
|t:|1610469870
|move|p2a: Ferrothorn|Protect|p2a: Ferrothorn
|-singleturn|p2a: Ferrothorn|Protect
|move|p1a: Noivern|Flamethrower|p2a: Ferrothorn
|-activate|p2a: Ferrothorn|move: Protect
|
|-heal|p2a: Ferrothorn|100/100 brn|[from] item: Leftovers
|-damage|p2a: Ferrothorn|94/100 brn|[from] brn
|upkeep
|turn|23
|
|t:|1610469877
|switch|p1a: Lucario|Lucario, M|98/100
|switch|p2a: Swampert|Swampert, M|73/100
|
|upkeep
|turn|24
|
|t:|1610469884
|switch|p1a: Mantine|Mantine, M|75/100
|move|p2a: Swampert|Flip Turn|p1a: Mantine
|-heal|p1a: Mantine|99/100|[from] ability: Water Absorb|[of] p2a: Swampert
|
|upkeep
|turn|25
|
|t:|1610469889
|switch|p1a: Lucario|Lucario, M|98/100
|switch|p2a: Ferrothorn|Ferrothorn, F|94/100 brn
|
|-heal|p2a: Ferrothorn|100/100 brn|[from] item: Leftovers
|-damage|p2a: Ferrothorn|94/100 brn|[from] brn
|upkeep
|turn|26
|
|t:|1610469894
|switch|p2a: Toxapex|Toxapex, M|100/100
|move|p1a: Lucario|Nasty Plot|p1a: Lucario
|-boost|p1a: Lucario|spa|2
|
|upkeep
|turn|27
|
|t:|1610469896
|move|p1a: Lucario|Psychic|p2a: Toxapex
|-supereffective|p2a: Toxapex
|-damage|p2a: Toxapex|0 fnt
|-damage|p1a: Lucario|88/100|[from] item: Life Orb
|faint|p2a: Toxapex
|
|upkeep
|
|t:|1610469900
|switch|p2a: Cinderace|Cinderace, F|9/100
|turn|28
|
|t:|1610469903
|switch|p1a: Mantine|Mantine, M|99/100
|move|p2a: Cinderace|Pyro Ball|p1a: Mantine
|-resisted|p1a: Mantine
|-damage|p1a: Mantine|65/100
|
|upkeep
|turn|29
|
|t:|1610469908
|switch|p1a: Weezing|Weezing-Galar, F|88/100
|-ability|p1a: Weezing|Neutralizing Gas
|move|p2a: Cinderace|U-turn|p1a: Weezing
|-resisted|p1a: Weezing
|-damage|p1a: Weezing|85/100
|
|t:|1610469911
|switch|p2a: Ferrothorn|Ferrothorn, F|94/100 brn|[from]move: U-turn
|
|-heal|p1a: Weezing|91/100|[from] item: Black Sludge
|-heal|p2a: Ferrothorn|100/100 brn|[from] item: Leftovers
|-damage|p2a: Ferrothorn|94/100 brn|[from] brn
|upkeep
|turn|30
|
|t:|1610469919
|-end|p1a: Weezing|ability: Neutralizing Gas
|switch|p1a: Darmanitan|Darmanitan, M|100/100
|move|p2a: Ferrothorn|Leech Seed|p1a: Darmanitan|[miss]
|-miss|p2a: Ferrothorn|p1a: Darmanitan
|
|-heal|p2a: Ferrothorn|100/100 brn|[from] item: Leftovers
|-damage|p2a: Ferrothorn|94/100 brn|[from] brn
|upkeep
|turn|31
|
|t:|1610469922
|move|p2a: Ferrothorn|Protect|p2a: Ferrothorn
|-singleturn|p2a: Ferrothorn|Protect
|move|p1a: Darmanitan|Flare Blitz|p2a: Ferrothorn
|-activate|p2a: Ferrothorn|move: Protect
|
|-heal|p2a: Ferrothorn|100/100 brn|[from] item: Leftovers
|-damage|p2a: Ferrothorn|94/100 brn|[from] brn
|upkeep
|turn|32
|
|t:|1610469927
|switch|p2a: Swampert|Swampert, M|73/100
|move|p1a: Darmanitan|Flare Blitz|p2a: Swampert
|-resisted|p2a: Swampert
|-damage|p2a: Swampert|13/100
|-damage|p1a: Darmanitan|78/100|[from] Recoil
|
|upkeep
|turn|33
|-message|SkilledRoy20 forfeited.
|
|win|lando expando
|l|☆SkilledRoy20
