|j|☆michaelscottmyers
|j|☆LizzyPark
|t:|1665512434
|gametype|singles
|player|p1|michaelscottmyers|169|1604
|player|p2|LizzyPark|doctor|1620
|teamsize|p1|6
|teamsize|p2|6
|gen|8
|tier|[Gen 8] OU
|rated|
|rule|Sleep Clause Mod: Limit one foe put to sleep
|rule|Species Clause: Limit one of each Pokémon
|rule|OHKO Clause: OHKO moves are banned
|rule|Evasion Items Clause: Evasion items are banned
|rule|Evasion Moves Clause: Evasion moves are banned
|rule|Endless Battle Clause: Forcing endless battles is banned
|rule|HP Percentage Mod: HP is shown in percentages
|rule|Dynamax Clause: You cannot dynamax
|clearpoke
|poke|p1|Tornadus-Therian, M|
|poke|p1|Blacephalon|
|poke|p1|Garchomp, M|
|poke|p1|Weavile, M|
|poke|p1|Kartana|
|poke|p1|Toxapex, M|
|poke|p2|Weavile, F|
|poke|p2|Kartana|
|poke|p2|Zeraora|
|poke|p2|Rillaboom, F|
|poke|p2|Landorus-Therian, M|
|poke|p2|Melmetal|
|teampreview
|
|t:|1665512448
|start
|switch|p1a: Toxapex|Toxapex, M, shiny|100/100
|switch|p2a: Weavile|Weavile, F|100/100
|turn|1
|inactive|Battle timer is ON: inactive players will automatically lose when time's up. (requested by LizzyPark)
|
|t:|1665512469
|switch|p1a: Weavile|Weavile, M|100/100
|-ability|p1a: Weavile|Pressure
|move|p2a: Weavile|Swords Dance|p2a: Weavile
|-boost|p2a: Weavile|atk|2
|
|upkeep
|turn|2
|
|t:|1665512477
|move|p1a: Weavile|Knock Off|p2a: Weavile
|-resisted|p2a: Weavile
|-damage|p2a: Weavile|58/100
|-enditem|p2a: Weavile|Focus Sash|[from] move: Knock Off|[of] p1a: Weavile
|-enditem|p1a: Weavile|Heavy-Duty Boots|[silent]|[from] ability: Pickpocket|[of] p1a: Weavile
|-item|p2a: Weavile|Heavy-Duty Boots|[from] ability: Pickpocket|[of] p1a: Weavile
|move|p2a: Weavile|Beat Up|p1a: Weavile
|-resisted|p1a: Weavile
|-damage|p1a: Weavile|86/100
|-resisted|p1a: Weavile
|-damage|p1a: Weavile|64/100
|-resisted|p1a: Weavile
|-damage|p1a: Weavile|49/100
|-resisted|p1a: Weavile
|-damage|p1a: Weavile|32/100
|-resisted|p1a: Weavile
|-damage|p1a: Weavile|16/100
|-resisted|p1a: Weavile
|-damage|p1a: Weavile|0 fnt
|faint|p1a: Weavile
|-hitcount|p1: Weavile|6
|
|upkeep
|
|t:|1665512495
|switch|p1a: Kartana|Kartana|100/100
|turn|3
|
|t:|1665512504
|switch|p2a: Broken|Landorus-Therian, M|100/100
|-ability|p2a: Broken|Intimidate|boost
|-unboost|p1a: Kartana|atk|1
|move|p1a: Kartana|Leaf Blade|p2a: Broken
|-damage|p2a: Broken|57/100
|-enditem|p2a: Broken|Eject Button
|
|t:|1665512511
|switch|p2a: Broken 2|Melmetal|100/100
|
|upkeep
|turn|4
|
|t:|1665512516
|switch|p1a: Tornadus|Tornadus-Therian, M|100/100
|switch|p2a: Weavile|Weavile, F|58/100
|
|upkeep
|turn|5
|
|t:|1665512548
|switch|p2a: Broken 2|Melmetal|100/100
|move|p1a: Tornadus|U-turn|p2a: Broken 2
|-resisted|p2a: Broken 2
|-crit|p2a: Broken 2
|-damage|p2a: Broken 2|93/100
|-enditem|p2a: Broken 2|Eject Button
|
|t:|1665512555
|switch|p2a: Zeraora|Zeraora|100/100
|
|upkeep
|turn|6
|
|t:|1665512564
|move|p2a: Zeraora|Bulk Up|p2a: Zeraora
|-boost|p2a: Zeraora|atk|1
|-boost|p2a: Zeraora|def|1
|move|p1a: Tornadus|U-turn|p2a: Zeraora
|-damage|p2a: Zeraora|88/100
|
|t:|1665512580
|switch|p1a: Garchomp|Garchomp, M|100/100|[from]move: U-turn
|
|upkeep
|turn|7
|
|t:|1665512589
|move|p2a: Zeraora|Knock Off|p1a: Garchomp
|-damage|p1a: Garchomp|61/100
|-damage|p2a: Zeraora|76/100|[from] ability: Rough Skin|[of] p1a: Garchomp
|-enditem|p1a: Garchomp|Leftovers|[from] move: Knock Off|[of] p2a: Zeraora
|move|p1a: Garchomp|Earthquake|p2a: Zeraora
|-supereffective|p2a: Zeraora
|-damage|p2a: Zeraora|0 fnt
|faint|p2a: Zeraora
|
|upkeep
|
|t:|1665512602
|switch|p2a: Weavile|Weavile, F|58/100
|turn|8
|
|t:|1665512627
|switch|p1a: Toxapex|Toxapex, M, shiny|100/100
|move|p2a: Weavile|Beat Up|p1a: Toxapex
|-damage|p1a: Toxapex|93/100
|-damage|p1a: Toxapex|81/100
|-damage|p1a: Toxapex|73/100
|-damage|p1a: Toxapex|65/100
|-damage|p1a: Toxapex|56/100
|-hitcount|p1a: Toxapex|5
|
|upkeep
|turn|9
|
|t:|1665512649
|move|p2a: Weavile|Swords Dance|p2a: Weavile
|-boost|p2a: Weavile|atk|2
|move|p1a: Toxapex|Hydro Pump|p2a: Weavile
|-damage|p2a: Weavile|0 fnt
|faint|p2a: Weavile
|
|upkeep
|c|☆LizzyPark|oop
|inactive|LizzyPark has 120 seconds left.
|
|t:|1665512667
|switch|p2a: Broken|Landorus-Therian, M|57/100
|-ability|p2a: Broken|Intimidate|boost
|-unboost|p1a: Toxapex|atk|1
|turn|10
|
|t:|1665512673
|switch|p1a: Tornadus|Tornadus-Therian, M|100/100
|move|p2a: Broken|Explosion|p1a: Tornadus
|-damage|p1a: Tornadus|26/100
|faint|p2a: Broken
|
|upkeep
|
|t:|1665512675
|switch|p2a: Spice Girl|Kartana|100/100
|turn|11
|
|t:|1665512696
|switch|p1a: Kartana|Kartana|100/100
|move|p2a: Spice Girl|Knock Off|p1a: Kartana
|-damage|p1a: Kartana|57/100
|-enditem|p1a: Kartana|Choice Scarf|[from] move: Knock Off|[of] p2a: Spice Girl
|
|upkeep
|turn|12
|
|t:|1665512712
|switch|p2a: Broken 2|Melmetal|93/100
|move|p1a: Kartana|Sacred Sword|p2a: Broken 2
|-supereffective|p2a: Broken 2
|-damage|p2a: Broken 2|43/100
|
|upkeep
|turn|13
|
|t:|1665512722
|move|p1a: Kartana|Sacred Sword|p2a: Broken 2
|-supereffective|p2a: Broken 2
|-damage|p2a: Broken 2|0 fnt
|faint|p2a: Broken 2
|-ability|p1a: Kartana|Beast Boost|boost
|-boost|p1a: Kartana|atk|1
|
|upkeep
|
|t:|1665512725
|switch|p2a: Spice Girl|Kartana|100/100
|turn|14
|
|t:|1665512734
|switch|p1a: Tornadus|Tornadus-Therian, M|60/100
|move|p2a: Spice Girl|Sacred Sword|p1a: Tornadus
|-resisted|p1a: Tornadus
|-damage|p1a: Tornadus|45/100
|
|upkeep
|turn|15
|
|t:|1665512753
|switch|p2a: Big E-stablished|Rillaboom, F|100/100
|-fieldstart|move: Grassy Terrain|[from] ability: Grassy Surge|[of] p2a: Big E-stablished
|move|p1a: Tornadus|U-turn|p2a: Big E-stablished
|-supereffective|p2a: Big E-stablished
|-damage|p2a: Big E-stablished|68/100
|
|t:|1665512767
|switch|p1a: Blacephalon|Blacephalon, shiny|100/100|[from]move: U-turn
|
|-heal|p2a: Big E-stablished|74/100|[from] Grassy Terrain
|upkeep
|turn|16
|
|t:|1665512778
|move|p2a: Big E-stablished|Grassy Glide|p1a: Blacephalon
|-resisted|p1a: Blacephalon
|-damage|p1a: Blacephalon|18/100
|-damage|p2a: Big E-stablished|64/100|[from] item: Life Orb
|move|p1a: Blacephalon|Flamethrower|p2a: Big E-stablished
|-supereffective|p2a: Big E-stablished
|-damage|p2a: Big E-stablished|0 fnt
|faint|p2a: Big E-stablished
|-ability|p1a: Blacephalon|Beast Boost|boost
|-boost|p1a: Blacephalon|spa|1
|
|-heal|p1a: Blacephalon|24/100|[from] Grassy Terrain
|upkeep
|
|t:|1665512784
|switch|p2a: Spice Girl|Kartana|100/100
|turn|17
|
|t:|1665512801
|move|p2a: Spice Girl|Knock Off|p1a: Blacephalon
|-supereffective|p1a: Blacephalon
|-damage|p1a: Blacephalon|0 fnt
|-enditem|p1a: Blacephalon|Choice Specs|[from] move: Knock Off|[of] p2a: Spice Girl
|faint|p1a: Blacephalon
|-ability|p2a: Spice Girl|Beast Boost|boost
|-boost|p2a: Spice Girl|atk|1
|
|upkeep
|
|t:|1665512810
|switch|p1a: Toxapex|Toxapex, M, shiny|89/100
|turn|18
|
|t:|1665512816
|move|p2a: Spice Girl|Knock Off|p1a: Toxapex
|-crit|p1a: Toxapex
|-damage|p1a: Toxapex|9/100
|-enditem|p1a: Toxapex|Choice Specs|[from] move: Knock Off|[of] p2a: Spice Girl
|move|p1a: Toxapex|Ice Beam|p2a: Spice Girl
|-damage|p2a: Spice Girl|36/100
|
|-heal|p2a: Spice Girl|43/100|[from] Grassy Terrain
|-heal|p1a: Toxapex|16/100|[from] Grassy Terrain
|upkeep
|turn|19
|inactive|michaelscottmyers has 120 seconds left.
|
|t:|1665512841
|switch|p1a: Tornadus|Tornadus-Therian, M|78/100
|move|p2a: Spice Girl|Knock Off|p1a: Tornadus
|-damage|p1a: Tornadus|26/100
|-enditem|p1a: Tornadus|Heavy-Duty Boots|[from] move: Knock Off|[of] p2a: Spice Girl
|
|-heal|p2a: Spice Girl|49/100|[from] Grassy Terrain
|-fieldend|move: Grassy Terrain
|upkeep
|turn|20
|
|t:|1665512851
|switch|p1a: Toxapex|Toxapex, M, shiny|49/100
|move|p2a: Spice Girl|Knock Off|p1a: Toxapex
|-damage|p1a: Toxapex|18/100
|
|upkeep
|turn|21
|
|t:|1665512860
|switch|p1a: Kartana|Kartana|57/100
|move|p2a: Spice Girl|Knock Off|p1a: Kartana
|-damage|p1a: Kartana|14/100
|
|upkeep
|turn|22
|
|t:|1665512877
|switch|p1a: Tornadus|Tornadus-Therian, M|59/100
|move|p2a: Spice Girl|Knock Off|p1a: Tornadus
|-crit|p1a: Tornadus
|-damage|p1a: Tornadus|12/100
|
|upkeep
|turn|23
|
|t:|1665512885
|switch|p1a: Toxapex|Toxapex, M, shiny|51/100
|move|p2a: Spice Girl|Knock Off|p1a: Toxapex
|-damage|p1a: Toxapex|15/100
|
|upkeep
|turn|24
|c|☆LizzyPark|lmao
|c|☆LizzyPark|why did u go blacephalon before pex
|c|☆LizzyPark|that was a throw
|
|t:|1665512897
|switch|p1a: Tornadus|Tornadus-Therian, M|45/100
|move|p2a: Spice Girl|Knock Off|p1a: Tornadus
|-damage|p1a: Tornadus|13/100
|
|upkeep
|turn|25
|
|t:|1665512903
|switch|p1a: Garchomp|Garchomp, M|61/100
|move|p2a: Spice Girl|Knock Off|p1a: Garchomp
|-damage|p1a: Garchomp|19/100
|-damage|p2a: Spice Girl|36/100|[from] ability: Rough Skin|[of] p1a: Garchomp
|
|upkeep
|turn|26
|
|t:|1665512921
|switch|p1a: Toxapex|Toxapex, M, shiny|48/100
|move|p2a: Spice Girl|Knock Off|p1a: Toxapex
|-damage|p1a: Toxapex|13/100
|
|upkeep
|turn|27
|
|t:|1665512926
|switch|p1a: Tornadus|Tornadus-Therian, M|46/100
|move|p2a: Spice Girl|Knock Off|p1a: Tornadus
|-damage|p1a: Tornadus|13/100
|
|upkeep
|turn|28
|
|t:|1665512933
|switch|p1a: Toxapex|Toxapex, M, shiny|46/100
|move|p2a: Spice Girl|Knock Off|p1a: Toxapex
|-damage|p1a: Toxapex|11/100
|
|upkeep
|turn|29
|
|t:|1665512938
|switch|p1a: Tornadus|Tornadus-Therian, M|46/100
|move|p2a: Spice Girl|Knock Off|p1a: Tornadus
|-damage|p1a: Tornadus|13/100
|
|upkeep
|turn|30
|
|t:|1665512943
|switch|p1a: Toxapex|Toxapex, M, shiny|45/100
|move|p2a: Spice Girl|Knock Off|p1a: Toxapex
|-crit|p1a: Toxapex
|-damage|p1a: Toxapex|0 fnt
|faint|p1a: Toxapex
|-ability|p2a: Spice Girl|Beast Boost|boost
|-boost|p2a: Spice Girl|atk|1
|
|upkeep
|
|t:|1665512951
|switch|p1a: Tornadus|Tornadus-Therian, M|46/100
|turn|31
|
|t:|1665512957
|switch|p1a: Garchomp|Garchomp, M|19/100
|move|p2a: Spice Girl|Knock Off|p1a: Garchomp
|-damage|p1a: Garchomp|0 fnt
|-damage|p2a: Spice Girl|24/100|[from] ability: Rough Skin|[of] p1a: Garchomp
|faint|p1a: Garchomp
|-ability|p2a: Spice Girl|Beast Boost|boost
|-boost|p2a: Spice Girl|atk|1
|
|upkeep
|
|t:|1665512966
|switch|p1a: Tornadus|Tornadus-Therian, M|80/100
|turn|32
|
|t:|1665512968
|move|p2a: Spice Girl|Knock Off|p1a: Tornadus
|-damage|p1a: Tornadus|19/100
|move|p1a: Tornadus|Heat Wave|p2a: Spice Girl
|-supereffective|p2a: Spice Girl
|-damage|p2a: Spice Girl|0 fnt
|faint|p2a: Spice Girl
|
|win|michaelscottmyers
|raw|michaelscottmyers's rating: 1604 &rarr; <strong>1625</strong><br />(+21 for winning)
|raw|LizzyPark's rating: 1620 &rarr; <strong>1599</strong><br />(-21 for losing)
|l|☆LizzyPark
|c|☆michaelscottmyers|lol
||Ladder isn't responding, score probably updated but might not have (Request timeout).
