|j|☆d18l
|j|☆Yoyolord
|t:|1660959950
|gametype|singles
|player|p1|d18l|backpacker|1709
|player|p2|Yoyolord|dawn-gen4pt|1681
|teamsize|p1|6
|teamsize|p2|6
|gen|8
|tier|[Gen 8] OU
|rated|
|rule|Sleep Clause Mod: Limit one foe put to sleep
|rule|Species Clause: Limit one of each Pokémon
|rule|OHKO Clause: OHKO moves are banned
|rule|Evasion Items Clause: Evasion items are banned
|rule|Evasion Moves Clause: Evasion moves are banned
|rule|Endless Battle Clause: Forcing endless battles is banned
|rule|HP Percentage Mod: HP is shown in percentages
|rule|Dynamax Clause: You cannot dynamax
|clearpoke
|poke|p1|Tapu Koko|
|poke|p1|Victini|
|poke|p1|Landorus-Therian, M|
|poke|p1|Tornadus-Therian, M|
|poke|p1|Rotom-Wash|
|poke|p1|Ferrothorn, F|
|poke|p2|Weavile, F|
|poke|p2|Kartana|
|poke|p2|Blacephalon|
|poke|p2|Rillaboom, F|
|poke|p2|Landorus-Therian, M|
|poke|p2|Melmetal|
|teampreview
|
|t:|1660959963
|start
|switch|p1a: Ferrothorn|Ferrothorn, F|100/100
|switch|p2a: LandOUrus-T|Landorus-Therian, M|100/100
|-ability|p2a: LandOUrus-T|Intimidate|boost
|-unboost|p1a: Ferrothorn|atk|1
|turn|1
|
|t:|1660959974
|switch|p1a: Landorus|Landorus-Therian, M|100/100
|-ability|p1a: Landorus|Intimidate|boost
|-unboost|p2a: LandOUrus-T|atk|1
|move|p2a: LandOUrus-T|Stealth Rock|p1a: Landorus
|-sidestart|p1: d18l|move: Stealth Rock
|
|upkeep
|turn|2
|
|t:|1660959979
|move|p2a: LandOUrus-T|Swords Dance|p2a: LandOUrus-T
|-boost|p2a: LandOUrus-T|atk|2
|move|p1a: Landorus|Toxic|p2a: LandOUrus-T
|-status|p2a: LandOUrus-T|tox
|
|-damage|p2a: LandOUrus-T|95/100 tox|[from] psn
|upkeep
|turn|3
|
|t:|1660959991
|move|p2a: LandOUrus-T|Earthquake|p1a: Landorus
|-immune|p1a: Landorus
|move|p1a: Landorus|U-turn|p2a: LandOUrus-T
|-resisted|p2a: LandOUrus-T
|-damage|p2a: LandOUrus-T|83/100 tox
|inactive|Battle timer is ON: inactive players will automatically lose when time's up. (requested by Yoyolord)
|inactive|d18l has 120 seconds left.
|
|t:|1660960037
|switch|p1a: Victini|Victini|100/100|[from]move: U-turn
|
|-heal|p2a: LandOUrus-T|89/100 tox|[from] item: Leftovers
|-damage|p2a: LandOUrus-T|77/100 tox|[from] psn
|upkeep
|turn|4
|
|t:|1660960043
|move|p1a: Victini|V-create|p2a: LandOUrus-T
|-damage|p2a: LandOUrus-T|0 fnt
|-unboost|p1a: Victini|spe|1
|-unboost|p1a: Victini|def|1
|-unboost|p1a: Victini|spd|1
|faint|p2a: LandOUrus-T
|
|upkeep
|
|t:|1660960047
|switch|p2a: Axeleration!|Weavile, F|100/100
|turn|5
|
|t:|1660960051
|switch|p1a: Ferrothorn|Ferrothorn, F|100/100
|-damage|p1a: Ferrothorn|95/100|[from] Stealth Rock
|move|p2a: Axeleration!|Swords Dance|p2a: Axeleration!
|-boost|p2a: Axeleration!|atk|2
|
|upkeep
|turn|6
|
|t:|1660960055
|move|p2a: Axeleration!|Beat Up|p1a: Ferrothorn
|-damage|p1a: Ferrothorn|83/100
|-damage|p1a: Ferrothorn|68/100
|-damage|p1a: Ferrothorn|57/100
|-damage|p1a: Ferrothorn|45/100
|-damage|p1a: Ferrothorn|34/100
|-hitcount|p1a: Ferrothorn|5
|move|p1a: Ferrothorn|Body Press|p2a: Axeleration!
|-supereffective|p2a: Axeleration!
|-enditem|p2a: Axeleration!|Focus Sash
|-damage|p2a: Axeleration!|1/100
|-enditem|p1a: Ferrothorn|Rocky Helmet|[silent]|[from] ability: Pickpocket|[of] p1a: Ferrothorn
|-item|p2a: Axeleration!|Rocky Helmet|[from] ability: Pickpocket|[of] p1a: Ferrothorn
|
|upkeep
|turn|7
|
|t:|1660960066
|move|p2a: Axeleration!|Beat Up|p1a: Ferrothorn
|-damage|p1a: Ferrothorn|24/100
|-damage|p1a: Ferrothorn|10/100
|-damage|p1a: Ferrothorn|0 fnt
|faint|p1a: Ferrothorn
|-hitcount|p1: Ferrothorn|3
|
|upkeep
|
|t:|1660960068
|switch|p1a: Tapu Koko|Tapu Koko|100/100
|-damage|p1a: Tapu Koko|88/100|[from] Stealth Rock
|-fieldstart|move: Electric Terrain|[from] ability: Electric Surge|[of] p1a: Tapu Koko
|turn|8
|
|t:|1660960086
|move|p2a: Axeleration!|Ice Shard|p1a: Tapu Koko
|-damage|p1a: Tapu Koko|32/100
|move|p1a: Tapu Koko|Dazzling Gleam|p2a: Axeleration!
|-supereffective|p2a: Axeleration!
|-damage|p2a: Axeleration!|0 fnt
|faint|p2a: Axeleration!
|
|upkeep
|
|t:|1660960093
|switch|p2a: THE WRLD REVOLVING|Blacephalon|100/100
|turn|9
|
|t:|1660960095
|switch|p1a: Tornadus|Tornadus-Therian, M|100/100
|-damage|p1a: Tornadus|76/100|[from] Stealth Rock
|move|p2a: THE WRLD REVOLVING|Shadow Ball|p1a: Tornadus
|-damage|p1a: Tornadus|27/100
|
|upkeep
|turn|10
|
|t:|1660960101
|move|p1a: Tornadus|Knock Off|p2a: THE WRLD REVOLVING
|-supereffective|p2a: THE WRLD REVOLVING
|-damage|p2a: THE WRLD REVOLVING|14/100
|-enditem|p2a: THE WRLD REVOLVING|Choice Specs|[from] move: Knock Off|[of] p1a: Tornadus
|move|p2a: THE WRLD REVOLVING|Shadow Ball|p1a: Tornadus
|-damage|p1a: Tornadus|0 fnt
|faint|p1a: Tornadus
|-ability|p2a: THE WRLD REVOLVING|Beast Boost|boost
|-boost|p2a: THE WRLD REVOLVING|spa|1
|
|upkeep
|
|t:|1660960109
|switch|p1a: Tapu Koko|Tapu Koko|32/100
|-damage|p1a: Tapu Koko|20/100|[from] Stealth Rock
|turn|11
|
|t:|1660960111
|move|p1a: Tapu Koko|Volt Switch|p2a: THE WRLD REVOLVING
|-damage|p2a: THE WRLD REVOLVING|0 fnt
|faint|p2a: THE WRLD REVOLVING
|
|t:|1660960120
|switch|p1a: Victini|Victini|100/100|[from]move: Volt Switch
|
|upkeep
|
|t:|1660960122
|switch|p2a: Papercut|Kartana|100/100
|turn|12
|
|t:|1660960124
|switch|p1a: Landorus|Landorus-Therian, M|100/100
|-damage|p1a: Landorus|88/100|[from] Stealth Rock
|-ability|p1a: Landorus|Intimidate|boost
|-unboost|p2a: Papercut|atk|1
|move|p2a: Papercut|Knock Off|p1a: Landorus
|-damage|p1a: Landorus|63/100
|-enditem|p1a: Landorus|Leftovers|[from] move: Knock Off|[of] p2a: Papercut
|
|-fieldend|move: Electric Terrain
|upkeep
|turn|13
|
|t:|1660960134
|switch|p2a: 🎵Grass Monkey!🎵|Rillaboom, F|100/100
|-fieldstart|move: Grassy Terrain|[from] ability: Grassy Surge|[of] p2a: 🎵Grass Monkey!🎵
|move|p1a: Landorus|U-turn|p2a: 🎵Grass Monkey!🎵
|-supereffective|p2a: 🎵Grass Monkey!🎵
|-damage|p2a: 🎵Grass Monkey!🎵|49/100
|
|t:|1660960137
|switch|p1a: Victini|Victini|100/100|[from]move: U-turn
|
|-heal|p2a: 🎵Grass Monkey!🎵|56/100|[from] Grassy Terrain
|upkeep
|turn|14
|
|t:|1660960140
|move|p2a: 🎵Grass Monkey!🎵|Grassy Glide|p1a: Victini
|-resisted|p1a: Victini
|-damage|p1a: Victini|69/100
|-damage|p2a: 🎵Grass Monkey!🎵|46/100|[from] item: Life Orb
|move|p1a: Victini|V-create|p2a: 🎵Grass Monkey!🎵
|-supereffective|p2a: 🎵Grass Monkey!🎵
|-damage|p2a: 🎵Grass Monkey!🎵|0 fnt
|-unboost|p1a: Victini|spe|1
|-unboost|p1a: Victini|def|1
|-unboost|p1a: Victini|spd|1
|faint|p2a: 🎵Grass Monkey!🎵
|
|-heal|p1a: Victini|75/100|[from] Grassy Terrain
|upkeep
|
|t:|1660960143
|switch|p2a: Papercut|Kartana|100/100
|turn|15
|
|t:|1660960149
|switch|p1a: Landorus|Landorus-Therian, M|63/100
|-damage|p1a: Landorus|51/100|[from] Stealth Rock
|-ability|p1a: Landorus|Intimidate|boost
|-unboost|p2a: Papercut|atk|1
|move|p2a: Papercut|Knock Off|p1a: Landorus
|-damage|p1a: Landorus|34/100
|
|upkeep
|turn|16
|
|t:|1660960159
|switch|p2a: Nuts of Steel|Melmetal|100/100
|switch|p1a: Rotom|Rotom-Wash|100/100
|-damage|p1a: Rotom|88/100|[from] Stealth Rock
|
|upkeep
|turn|17
|
|t:|1660960164
|move|p1a: Rotom|Will-O-Wisp|p2a: Nuts of Steel
|-status|p2a: Nuts of Steel|brn
|move|p2a: Nuts of Steel|Superpower|p1a: Rotom
|-damage|p1a: Rotom|67/100
|-unboost|p2a: Nuts of Steel|atk|1
|-unboost|p2a: Nuts of Steel|def|1
|
|-damage|p2a: Nuts of Steel|94/100 brn|[from] brn
|-fieldend|move: Grassy Terrain
|upkeep
|turn|18
|
|t:|1660960175
|move|p1a: Rotom|Pain Split|p2a: Nuts of Steel
|-sethp|p2a: Nuts of Steel|72/100 brn|[from] move: Pain Split|[silent]
|-sethp|p1a: Rotom|97/100|[from] move: Pain Split
|move|p2a: Nuts of Steel|Double Iron Bash|p1a: Rotom
|-resisted|p1a: Rotom
|-damage|p1a: Rotom|94/100
|-resisted|p1a: Rotom
|-damage|p1a: Rotom|91/100
|-hitcount|p1a: Rotom|2
|
|-damage|p2a: Nuts of Steel|66/100 brn|[from] brn
|upkeep
|turn|19
|
|t:|1660960190
|move|p1a: Rotom|Volt Switch|p2a: Nuts of Steel
|-damage|p2a: Nuts of Steel|42/100 brn
|
|t:|1660960193
|switch|p1a: Tapu Koko|Tapu Koko|20/100|[from]move: Volt Switch
|-damage|p1a: Tapu Koko|7/100|[from] Stealth Rock
|-fieldstart|move: Electric Terrain|[from] ability: Electric Surge|[of] p1a: Tapu Koko
|move|p2a: Nuts of Steel|Double Iron Bash|p1a: Tapu Koko
|-damage|p1a: Tapu Koko|0 fnt
|faint|p1a: Tapu Koko
|-hitcount|p1: Tapu Koko|1
|
|-damage|p2a: Nuts of Steel|36/100 brn|[from] brn
|upkeep
|
|t:|1660960198
|switch|p1a: Victini|Victini|75/100
|turn|20
|
|t:|1660960200
|move|p1a: Victini|V-create|p2a: Nuts of Steel
|-supereffective|p2a: Nuts of Steel
|-damage|p2a: Nuts of Steel|0 fnt
|-unboost|p1a: Victini|spe|1
|-unboost|p1a: Victini|def|1
|-unboost|p1a: Victini|spd|1
|faint|p2a: Nuts of Steel
|
|upkeep
|
|t:|1660960202
|switch|p2a: Papercut|Kartana|100/100
|turn|21
|
|t:|1660960204
|switch|p1a: Landorus|Landorus-Therian, M|34/100
|-damage|p1a: Landorus|22/100|[from] Stealth Rock
|-ability|p1a: Landorus|Intimidate|boost
|-unboost|p2a: Papercut|atk|1
|move|p2a: Papercut|Leaf Blade|p1a: Landorus
|-damage|p1a: Landorus|0 fnt
|faint|p1a: Landorus
|-ability|p2a: Papercut|Beast Boost|boost
|-boost|p2a: Papercut|atk|1
|
|upkeep
|
|t:|1660960207
|switch|p1a: Victini|Victini|75/100
|turn|22
|
|t:|1660960209
|move|p2a: Papercut|Leaf Blade|p1a: Victini
|-resisted|p1a: Victini
|-damage|p1a: Victini|47/100
|move|p1a: Victini|V-create|p2a: Papercut
|-supereffective|p2a: Papercut
|-damage|p2a: Papercut|0 fnt
|-unboost|p1a: Victini|spe|1
|-unboost|p1a: Victini|def|1
|-unboost|p1a: Victini|spd|1
|faint|p2a: Papercut
|
|win|d18l
|raw|d18l's rating: 1709 &rarr; <strong>1727</strong><br />(+18 for winning)
|raw|Yoyolord's rating: 1681 &rarr; <strong>1663</strong><br />(-18 for losing)
|l|☆Yoyolord
||Ladder isn't responding, score probably updated but might not have (Request timeout).
