|raw|<div class="broadcast-blue"><strong>This battle is required to be public due to a player having a name prefixed by 'LT72MS'.</div>
|j|☆LT72MS hjkhj
|j|☆Rorschach I
|t:|1597521763
|player|p1|LT72MS hjkhj|boarder|1928
|player|p2|Rorschach I|cynthia|1949
|teamsize|p1|6
|teamsize|p2|6
|gametype|singles
|gen|8
|tier|[Gen 8] OU
|rated|
|clearpoke
|poke|p1|Urshifu-*, M|
|poke|p1|Corviknight, M|
|poke|p1|Clefable, M|
|poke|p1|Hippowdon, F|
|poke|p1|Toxapex, M|
|poke|p1|Dragapult, M|
|poke|p2|Pelipper, M|
|poke|p2|Tangrowth, F|
|poke|p2|Zeraora|
|poke|p2|Urshifu-*, F|
|poke|p2|Excadrill, M|
|poke|p2|Toxapex, M|
|rule|Sleep Clause Mod: Limit one foe put to sleep
|rule|Species Clause: Limit one of each Pokémon
|rule|OHKO Clause: OHKO moves are banned
|rule|Evasion Moves Clause: Evasion moves are banned
|rule|Endless Battle Clause: Forcing endless battles is banned
|rule|HP Percentage Mod: HP is shown in percentages
|rule|Dynamax Clause: You cannot dynamax
|teampreview
|inactive|Battle timer is ON: inactive players will automatically lose when time's up. (requested by LT72MS hjkhj)
|j| lt72ms egc
|j| cursedstar
|j|+Wiggleetuff
|
|t:|1597521779
|start
|switch|p1a: Dragapult|Dragapult, M|100/100
|switch|p2a: Tangrowth|Tangrowth, F|100/100
|turn|1
|
|t:|1597521786
|switch|p2a: Toxapex|Toxapex, M|100/100
|move|p1a: Dragapult|U-turn|p2a: Toxapex
|-resisted|p2a: Toxapex
|-damage|p2a: Toxapex|94/100
|-damage|p1a: Dragapult|84/100|[from] item: Rocky Helmet|[of] p2a: Toxapex
|
|t:|1597521789
|switch|p1a: Toxapex|Toxapex, M|100/100|[from]move: U-turn
|
|upkeep
|turn|2
|
|t:|1597521797
|move|p2a: Toxapex|Knock Off|p1a: Toxapex
|-damage|p1a: Toxapex|90/100
|-enditem|p1a: Toxapex|Black Sludge|[from] move: Knock Off|[of] p2a: Toxapex
|move|p1a: Toxapex|Knock Off|p2a: Toxapex
|-damage|p2a: Toxapex|82/100
|-damage|p1a: Toxapex|74/100|[from] item: Rocky Helmet|[of] p2a: Toxapex
|-enditem|p2a: Toxapex|Rocky Helmet|[from] move: Knock Off|[of] p1a: Toxapex
|
|upkeep
|turn|3
|j| LT72MS Empo
|
|t:|1597521805
|move|p2a: Toxapex|Scald|p1a: Toxapex
|-resisted|p1a: Toxapex
|-damage|p1a: Toxapex|68/100
|-status|p1a: Toxapex|brn
|move|p1a: Toxapex|Scald|p2a: Toxapex
|-resisted|p2a: Toxapex
|-damage|p2a: Toxapex|77/100
|
|-damage|p1a: Toxapex|62/100 brn|[from] brn
|upkeep
|turn|4
|j| LT72MS Treyvion
|j| LT72MS HAX
|j| LT72MS devin
|l| LT72MS Treyvion
|
|t:|1597521825
|switch|p2a: Excadrill|Excadrill, M|100/100
|-ability|p2a: Excadrill|Mold Breaker
|move|p1a: Toxapex|Knock Off|p2a: Excadrill
|-damage|p2a: Excadrill|91/100
|-enditem|p2a: Excadrill|Leftovers|[from] move: Knock Off|[of] p1a: Toxapex
|
|-damage|p1a: Toxapex|55/100 brn|[from] brn
|upkeep
|turn|5
|
|t:|1597521830
|switch|p1a: Corviknight|Corviknight, M|100/100
|-ability|p1a: Corviknight|Pressure
|move|p2a: Excadrill|Stealth Rock|p1a: Corviknight
|-sidestart|p1: LT72MS hjkhj|move: Stealth Rock
|
|upkeep
|turn|6
|
|t:|1597521833
|switch|p2a: Pelipper|Pelipper, M|100/100
|-weather|RainDance|[from] ability: Drizzle|[of] p2a: Pelipper
|move|p1a: Corviknight|Defog|p2a: Pelipper
|-unboost|p2a: Pelipper|evasion|1
|-sideend|p1: LT72MS hjkhj|Stealth Rock|[from] move: Defog|[of] p1a: Corviknight
|
|-weather|RainDance|[upkeep]
|upkeep
|turn|7
|j| WaleTheTop-Notch
|
|t:|1597521841
|switch|p1a: Toxapex|Toxapex, M|89/100 brn
|move|p2a: Pelipper|Hurricane|p1a: Toxapex
|-damage|p1a: Toxapex|29/100 brn
|
|-weather|RainDance|[upkeep]
|-damage|p1a: Toxapex|23/100 brn|[from] brn
|upkeep
|turn|8
|
|t:|1597521844
|switch|p1a: Corviknight|Corviknight, M|100/100
|-ability|p1a: Corviknight|Pressure
|move|p2a: Pelipper|Hurricane|p1a: Corviknight
|-resisted|p1a: Corviknight
|-damage|p1a: Corviknight|71/100
|
|-weather|RainDance|[upkeep]
|-heal|p1a: Corviknight|77/100|[from] item: Leftovers
|upkeep
|turn|9
|
|t:|1597521851
|move|p2a: Pelipper|Hurricane|p1a: Corviknight
|-resisted|p1a: Corviknight
|-damage|p1a: Corviknight|44/100
|move|p1a: Corviknight|U-turn|p2a: Pelipper
|-resisted|p2a: Pelipper
|-damage|p2a: Pelipper|91/100
|j| Nartey
|
|t:|1597521853
|switch|p1a: Hippowdon|Hippowdon, F|100/100|[from]move: U-turn
|-weather|Sandstorm|[from] ability: Sand Stream|[of] p1a: Hippowdon
|
|-weather|Sandstorm|[upkeep]
|-damage|p2a: Pelipper|85/100|[from] Sandstorm
|upkeep
|turn|10
|j| Zombini62
|
|t:|1597521862
|move|p2a: Pelipper|Hurricane|p1a: Hippowdon|[miss]
|-miss|p2a: Pelipper|p1a: Hippowdon
|move|p1a: Hippowdon|Stealth Rock|p2a: Pelipper
|-sidestart|p2: Rorschach I|move: Stealth Rock
|
|-weather|Sandstorm|[upkeep]
|-damage|p2a: Pelipper|79/100|[from] Sandstorm
|upkeep
|turn|11
|j| YourKidney
|
|t:|1597521865
|move|p2a: Pelipper|Hurricane|p1a: Hippowdon
|-damage|p1a: Hippowdon|47/100
|move|p1a: Hippowdon|Toxic|p2a: Pelipper
|-status|p2a: Pelipper|tox
|
|-weather|Sandstorm|[upkeep]
|-damage|p2a: Pelipper|73/100 tox|[from] Sandstorm
|-heal|p1a: Hippowdon|53/100|[from] item: Leftovers
|-damage|p2a: Pelipper|67/100 tox|[from] psn
|upkeep
|turn|12
|j| X AE A-Xi
|
|t:|1597521876
|switch|p2a: Tangrowth|Tangrowth, F|100/100
|-damage|p2a: Tangrowth|88/100|[from] Stealth Rock
|switch|p1a: Corviknight|Corviknight, M|44/100
|-ability|p1a: Corviknight|Pressure
|
|-weather|Sandstorm|[upkeep]
|-damage|p2a: Tangrowth|82/100|[from] Sandstorm
|-heal|p1a: Corviknight|50/100|[from] item: Leftovers
|upkeep
|turn|13
|l| WaleTheTop-Notch
|
|t:|1597521881
|move|p1a: Corviknight|Roost|p1a: Corviknight
|-heal|p1a: Corviknight|99/100
|-singleturn|p1a: Corviknight|move: Roost
|move|p2a: Tangrowth|Sleep Powder|p1a: Corviknight
|-status|p1a: Corviknight|slp|[from] move: Sleep Powder
|
|-weather|none
|-heal|p1a: Corviknight|100/100 slp|[from] item: Leftovers
|upkeep
|turn|14
|j| VvvV1250
|j| BoomBoomBoo
|
|t:|1597521889
|switch|p1a: Toxapex|Toxapex, M|56/100 brn
|move|p2a: Tangrowth|Knock Off|p1a: Toxapex
|-damage|p1a: Toxapex|46/100 brn
|
|-damage|p1a: Toxapex|39/100 brn|[from] brn
|upkeep
|turn|15
|
|t:|1597521895
|move|p2a: Tangrowth|Leaf Storm|p1a: Toxapex|[miss]
|-miss|p2a: Tangrowth|p1a: Toxapex
|move|p1a: Toxapex|Recover|p1a: Toxapex
|-heal|p1a: Toxapex|89/100 brn
|
|-damage|p1a: Toxapex|83/100 brn|[from] brn
|upkeep
|turn|16
|
|t:|1597521901
|switch|p2a: Excadrill|Excadrill, M|91/100
|-damage|p2a: Excadrill|87/100|[from] Stealth Rock
|-ability|p2a: Excadrill|Mold Breaker
|move|p1a: Toxapex|Knock Off|p2a: Excadrill
|-damage|p2a: Excadrill|80/100
|
|-damage|p1a: Toxapex|77/100 brn|[from] brn
|upkeep
|turn|17
|
|t:|1597521907
|switch|p1a: Corviknight|Corviknight, M|100/100 slp
|-ability|p1a: Corviknight|Pressure
|move|p2a: Excadrill|Rapid Spin|p1a: Corviknight
|-resisted|p1a: Corviknight
|-damage|p1a: Corviknight|95/100 slp
|-boost|p2a: Excadrill|spe|1
|-sideend|p2: Rorschach I|Stealth Rock|[from] move: Rapid Spin|[of] p2a: Excadrill
|
|-heal|p1a: Corviknight|100/100 slp|[from] item: Leftovers
|upkeep
|turn|18
|
|t:|1597521911
|switch|p2a: Pelipper|Pelipper, M|67/100 tox
|-weather|RainDance|[from] ability: Drizzle|[of] p2a: Pelipper
|cant|p1a: Corviknight|slp
|
|-weather|RainDance|[upkeep]
|-damage|p2a: Pelipper|61/100 tox|[from] psn
|upkeep
|turn|19
|
|t:|1597521917
|switch|p1a: Toxapex|Toxapex, M|100/100 brn
|move|p2a: Pelipper|Scald|p1a: Toxapex
|-resisted|p1a: Toxapex
|-damage|p1a: Toxapex|72/100 brn
|
|-weather|RainDance|[upkeep]
|-damage|p2a: Pelipper|48/100 tox|[from] psn
|-damage|p1a: Toxapex|66/100 brn|[from] brn
|upkeep
|turn|20
|
|t:|1597521924
|switch|p2a: Zeraora|Zeraora|100/100
|move|p1a: Toxapex|Scald|p2a: Zeraora
|-crit|p2a: Zeraora
|-damage|p2a: Zeraora|51/100
|-status|p2a: Zeraora|brn
|
|-weather|RainDance|[upkeep]
|-damage|p2a: Zeraora|45/100 brn|[from] brn
|-damage|p1a: Toxapex|59/100 brn|[from] brn
|upkeep
|turn|21
|
|t:|1597521933
|switch|p1a: Hippowdon|Hippowdon, F|53/100
|-weather|Sandstorm|[from] ability: Sand Stream|[of] p1a: Hippowdon
|move|p2a: Zeraora|Grass Knot|p1a: Hippowdon
|-supereffective|p1a: Hippowdon
|-damage|p1a: Hippowdon|0 fnt
|faint|p1a: Hippowdon
|
|-weather|Sandstorm|[upkeep]
|-damage|p2a: Zeraora|39/100 brn|[from] Sandstorm
|-damage|p2a: Zeraora|33/100 brn|[from] brn
|upkeep
|l| X AE A-Xi
|l| Zombini62
|
|t:|1597521953
|switch|p1a: Clefable|Clefable, M|100/100
|turn|22
|
|t:|1597521958
|move|p2a: Zeraora|Volt Switch|p1a: Clefable
|-damage|p1a: Clefable|64/100
|
|t:|1597521962
|switch|p2a: Excadrill|Excadrill, M|80/100|[from]move: Volt Switch
|-ability|p2a: Excadrill|Mold Breaker
|move|p1a: Clefable|Moonblast|p2a: Excadrill
|-resisted|p2a: Excadrill
|-damage|p2a: Excadrill|59/100
|-unboost|p2a: Excadrill|spa|1
|
|-weather|Sandstorm|[upkeep]
|upkeep
|turn|23
|j| Zombini62
|
|t:|1597521967
|switch|p1a: Corviknight|Corviknight, M|100/100 slp
|-ability|p1a: Corviknight|Pressure
|move|p2a: Excadrill|Stealth Rock|p1a: Corviknight
|-sidestart|p1: LT72MS hjkhj|move: Stealth Rock
|
|-weather|Sandstorm|[upkeep]
|upkeep
|turn|24
|
|t:|1597521972
|switch|p2a: Pelipper|Pelipper, M|48/100 tox
|-weather|RainDance|[from] ability: Drizzle|[of] p2a: Pelipper
|cant|p1a: Corviknight|slp
|
|-weather|RainDance|[upkeep]
|-damage|p2a: Pelipper|42/100 tox|[from] psn
|upkeep
|turn|25
|
|t:|1597521979
|move|p2a: Pelipper|U-turn|p1a: Corviknight
|-resisted|p1a: Corviknight
|-damage|p1a: Corviknight|99/100 slp
|
|t:|1597521997
|switch|p2a: Tangrowth|Tangrowth, F|100/100|[from]move: U-turn
|-curestatus|p1a: Corviknight|slp|[msg]
|move|p1a: Corviknight|Defog|p2a: Tangrowth
|-unboost|p2a: Tangrowth|evasion|1
|-sideend|p1: LT72MS hjkhj|Stealth Rock|[from] move: Defog|[of] p1a: Corviknight
|
|-weather|RainDance|[upkeep]
|-heal|p1a: Corviknight|100/100|[from] item: Leftovers
|upkeep
|turn|26
|j| Ganbaatar
|
|t:|1597522011
|move|p1a: Corviknight|U-turn|p2a: Tangrowth
|-supereffective|p2a: Tangrowth
|-damage|p2a: Tangrowth|86/100
|-damage|p1a: Corviknight|84/100|[from] item: Rocky Helmet|[of] p2a: Tangrowth
|
|t:|1597522015
|switch|p1a: Toxapex|Toxapex, M|93/100 brn|[from]move: U-turn
|move|p2a: Tangrowth|Leaf Storm|p1a: Toxapex
|-damage|p1a: Toxapex|58/100 brn
|-unboost|p2a: Tangrowth|spa|2
|
|-weather|RainDance|[upkeep]
|-damage|p1a: Toxapex|52/100 brn|[from] brn
|upkeep
|turn|27
|
|t:|1597522026
|switch|p2a: Excadrill|Excadrill, M|59/100
|-ability|p2a: Excadrill|Mold Breaker
|move|p1a: Toxapex|Scald|p2a: Excadrill
|-supereffective|p2a: Excadrill
|-damage|p2a: Excadrill|7/100
|
|-weather|RainDance|[upkeep]
|-damage|p1a: Toxapex|46/100 brn|[from] brn
|upkeep
|turn|28
|
|t:|1597522033
|switch|p1a: Corviknight|Corviknight, M|84/100
|-ability|p1a: Corviknight|Pressure
|move|p2a: Excadrill|Stealth Rock|p1a: Corviknight
|-sidestart|p1: LT72MS hjkhj|move: Stealth Rock
|
|-weather|none
|-heal|p1a: Corviknight|90/100|[from] item: Leftovers
|upkeep
|turn|29
|
|t:|1597522040
|switch|p2a: Zeraora|Zeraora|33/100 brn
|move|p1a: Corviknight|Body Press|p2a: Zeraora
|-damage|p2a: Zeraora|0 fnt
|faint|p2a: Zeraora
|
|-heal|p1a: Corviknight|96/100|[from] item: Leftovers
|upkeep
|l| Ganbaatar
|j| lt72ms pj
|
|t:|1597522048
|switch|p2a: Pelipper|Pelipper, M|42/100 tox
|-weather|RainDance|[from] ability: Drizzle|[of] p2a: Pelipper
|turn|30
|
|t:|1597522057
|move|p2a: Pelipper|U-turn|p1a: Corviknight
|-resisted|p1a: Corviknight
|-damage|p1a: Corviknight|95/100
|
|t:|1597522060
|switch|p2a: Urshifu|Urshifu-Rapid-Strike, F|100/100|[from]move: U-turn
|move|p1a: Corviknight|Roost|p1a: Corviknight
|-heal|p1a: Corviknight|100/100
|-singleturn|p1a: Corviknight|move: Roost
|
|-weather|RainDance|[upkeep]
|upkeep
|turn|31
|l| LT72MS Empo
|j| Lotus64
|j| Luminescent Water
|
|t:|1597522071
|move|p2a: Urshifu|Surging Strikes|p1a: Corviknight
|-crit|p1a: Corviknight
|-damage|p1a: Corviknight|78/100
|-crit|p1a: Corviknight
|-damage|p1a: Corviknight|56/100
|-crit|p1a: Corviknight
|-damage|p1a: Corviknight|34/100
|-hitcount|p1a: Corviknight|3
|move|p1a: Corviknight|Defog|p2a: Urshifu
|-unboost|p2a: Urshifu|evasion|1
|-sideend|p1: LT72MS hjkhj|Stealth Rock|[from] move: Defog|[of] p1a: Corviknight
|
|-weather|RainDance|[upkeep]
|-heal|p1a: Corviknight|40/100|[from] item: Leftovers
|upkeep
|turn|32
|
|t:|1597522080
|switch|p1a: Toxapex|Toxapex, M|79/100 brn
|move|p2a: Urshifu|Surging Strikes|p1a: Toxapex
|-resisted|p1a: Toxapex
|-crit|p1a: Toxapex
|-damage|p1a: Toxapex|67/100 brn
|-resisted|p1a: Toxapex
|-crit|p1a: Toxapex
|-damage|p1a: Toxapex|56/100 brn
|-resisted|p1a: Toxapex
|-crit|p1a: Toxapex
|-damage|p1a: Toxapex|44/100 brn
|-hitcount|p1a: Toxapex|3
|
|-weather|RainDance|[upkeep]
|-damage|p1a: Toxapex|38/100 brn|[from] brn
|upkeep
|turn|33
|
|t:|1597522096
|switch|p2a: Excadrill|Excadrill, M|7/100
|-ability|p2a: Excadrill|Mold Breaker
|switch|p1a: Urshifu|Urshifu, M|100/100
|
|-weather|RainDance|[upkeep]
|upkeep
|turn|34
|l| Zombini62
|
|t:|1597522105
|switch|p2a: Tangrowth|Tangrowth, F|100/100
|move|p1a: Urshifu|Wicked Blow|p2a: Tangrowth
|-crit|p2a: Tangrowth
|-damage|p2a: Tangrowth|57/100
|-damage|p1a: Urshifu|84/100|[from] item: Rocky Helmet|[of] p2a: Tangrowth
|-damage|p1a: Urshifu|74/100|[from] item: Life Orb
|
|-weather|none
|upkeep
|turn|35
|
|t:|1597522117
|switch|p1a: Toxapex|Toxapex, M|71/100 brn
|switch|p2a: Excadrill|Excadrill, M|7/100
|-ability|p2a: Excadrill|Mold Breaker
|
|-damage|p1a: Toxapex|65/100 brn|[from] brn
|upkeep
|turn|36
|l| Nartey
|
|t:|1597522124
|switch|p1a: Corviknight|Corviknight, M|40/100
|-ability|p1a: Corviknight|Pressure
|move|p2a: Excadrill|Stealth Rock|p1a: Corviknight
|-sidestart|p1: LT72MS hjkhj|move: Stealth Rock
|
|-heal|p1a: Corviknight|47/100|[from] item: Leftovers
|upkeep
|turn|37
|
|t:|1597522130
|switch|p2a: Pelipper|Pelipper, M|42/100 tox
|-weather|RainDance|[from] ability: Drizzle|[of] p2a: Pelipper
|move|p1a: Corviknight|Roost|p1a: Corviknight
|-heal|p1a: Corviknight|97/100
|-singleturn|p1a: Corviknight|move: Roost
|
|-weather|RainDance|[upkeep]
|-heal|p1a: Corviknight|100/100|[from] item: Leftovers
|-damage|p2a: Pelipper|36/100 tox|[from] psn
|upkeep
|turn|38
|
|t:|1597522134
|move|p2a: Pelipper|Weather Ball|p1a: Corviknight
|-damage|p1a: Corviknight|13/100
|move|p1a: Corviknight|Defog|p2a: Pelipper
|-unboost|p2a: Pelipper|evasion|1
|-sideend|p1: LT72MS hjkhj|Stealth Rock|[from] move: Defog|[of] p1a: Corviknight
|
|-weather|RainDance|[upkeep]
|-heal|p1a: Corviknight|19/100|[from] item: Leftovers
|-damage|p2a: Pelipper|24/100 tox|[from] psn
|upkeep
|turn|39
|
|t:|1597522144
|switch|p2a: Excadrill|Excadrill, M|7/100
|-ability|p2a: Excadrill|Mold Breaker
|move|p1a: Corviknight|Roost|p1a: Corviknight
|-heal|p1a: Corviknight|69/100
|-singleturn|p1a: Corviknight|move: Roost
|
|-weather|RainDance|[upkeep]
|-heal|p1a: Corviknight|75/100|[from] item: Leftovers
|upkeep
|turn|40
|
|t:|1597522154
|switch|p2a: Urshifu|Urshifu-Rapid-Strike, F|100/100
|move|p1a: Corviknight|Roost|p1a: Corviknight
|-heal|p1a: Corviknight|100/100
|-singleturn|p1a: Corviknight|move: Roost
|
|-weather|RainDance|[upkeep]
|upkeep
|turn|41
|
|t:|1597522162
|move|p2a: Urshifu|Surging Strikes|p1a: Corviknight
|-crit|p1a: Corviknight
|-damage|p1a: Corviknight|77/100
|-crit|p1a: Corviknight
|-damage|p1a: Corviknight|54/100
|-crit|p1a: Corviknight
|-damage|p1a: Corviknight|30/100
|-hitcount|p1a: Corviknight|3
|move|p1a: Corviknight|Roost|p1a: Corviknight
|-heal|p1a: Corviknight|80/100
|-singleturn|p1a: Corviknight|move: Roost
|
|-weather|none
|-heal|p1a: Corviknight|87/100|[from] item: Leftovers
|upkeep
|turn|42
|
|t:|1597522172
|switch|p2a: Pelipper|Pelipper, M|24/100 tox
|-weather|RainDance|[from] ability: Drizzle|[of] p2a: Pelipper
|move|p1a: Corviknight|Body Press|p2a: Pelipper
|-resisted|p2a: Pelipper
|-damage|p2a: Pelipper|10/100 tox
|
|-weather|RainDance|[upkeep]
|-heal|p1a: Corviknight|93/100|[from] item: Leftovers
|-damage|p2a: Pelipper|4/100 tox|[from] psn
|upkeep
|turn|43
|
|t:|1597522177
|move|p2a: Pelipper|Weather Ball|p1a: Corviknight
|-damage|p1a: Corviknight|9/100
|move|p1a: Corviknight|Roost|p1a: Corviknight
|-heal|p1a: Corviknight|59/100
|-singleturn|p1a: Corviknight|move: Roost
|
|-weather|RainDance|[upkeep]
|-heal|p1a: Corviknight|65/100|[from] item: Leftovers
|-damage|p2a: Pelipper|0 fnt|[from] psn
|faint|p2a: Pelipper
|upkeep
|l| LT72MS devin
|l| cursedstar
|
|t:|1597522189
|switch|p2a: Urshifu|Urshifu-Rapid-Strike, F|100/100
|turn|44
|j| subgenio
|l| BoomBoomBoo
|inactive|LT72MS hjkhj has 120 seconds left.
|
|t:|1597522229
|switch|p1a: Toxapex|Toxapex, M|98/100 brn
|move|p2a: Urshifu|Surging Strikes|p1a: Toxapex
|-resisted|p1a: Toxapex
|-crit|p1a: Toxapex
|-damage|p1a: Toxapex|87/100 brn
|-resisted|p1a: Toxapex
|-crit|p1a: Toxapex
|-damage|p1a: Toxapex|75/100 brn
|-resisted|p1a: Toxapex
|-crit|p1a: Toxapex
|-damage|p1a: Toxapex|64/100 brn
|-hitcount|p1a: Toxapex|3
|
|-weather|RainDance|[upkeep]
|-damage|p1a: Toxapex|57/100 brn|[from] brn
|upkeep
|turn|45
|
|t:|1597522233
|switch|p1a: Corviknight|Corviknight, M|65/100
|-ability|p1a: Corviknight|Pressure
|move|p2a: Urshifu|Surging Strikes|p1a: Corviknight
|-crit|p1a: Corviknight
|-damage|p1a: Corviknight|44/100
|-crit|p1a: Corviknight
|-damage|p1a: Corviknight|22/100
|-crit|p1a: Corviknight
|-damage|p1a: Corviknight|0 fnt
|-hitcount|p1a: Corviknight|3
|faint|p1a: Corviknight
|
|-weather|RainDance|[upkeep]
|upkeep
|
|t:|1597522241
|switch|p1a: Dragapult|Dragapult, M|84/100
|turn|46
|
|t:|1597522245
|switch|p2a: Tangrowth|Tangrowth, F|90/100
|move|p1a: Dragapult|Will-O-Wisp|p2a: Tangrowth
|-status|p2a: Tangrowth|brn
|
|-weather|none
|-heal|p1a: Dragapult|90/100|[from] item: Leftovers
|-damage|p2a: Tangrowth|84/100 brn|[from] brn
|upkeep
|turn|47
|j| Nartey
|
|t:|1597522249
|switch|p1a: Toxapex|Toxapex, M|91/100 brn
|switch|p2a: Excadrill|Excadrill, M|7/100
|-ability|p2a: Excadrill|Mold Breaker
|
|-damage|p1a: Toxapex|84/100 brn|[from] brn
|upkeep
|turn|48
|j| La mere de Xel
|
|t:|1597522255
|move|p2a: Excadrill|Earthquake|p1a: Toxapex
|-supereffective|p1a: Toxapex
|-damage|p1a: Toxapex|19/100 brn
|move|p1a: Toxapex|Scald|p2a: Excadrill
|-supereffective|p2a: Excadrill
|-damage|p2a: Excadrill|0 fnt
|faint|p2a: Excadrill
|
|-damage|p1a: Toxapex|13/100 brn|[from] brn
|upkeep
|
|t:|1597522261
|switch|p2a: Tangrowth|Tangrowth, F|100/100 brn
|turn|49
|
|t:|1597522266
|switch|p1a: Clefable|Clefable, M|64/100
|move|p2a: Tangrowth|Sludge Bomb|p1a: Clefable
|-supereffective|p1a: Clefable
|-damage|p1a: Clefable|19/100
|-status|p1a: Clefable|psn
|
|-damage|p2a: Tangrowth|94/100 brn|[from] brn
|upkeep
|turn|50
|
|t:|1597522270
|move|p1a: Clefable|Soft-Boiled|p1a: Clefable
|-heal|p1a: Clefable|69/100 psn
|move|p2a: Tangrowth|Sludge Bomb|p1a: Clefable
|-supereffective|p1a: Clefable
|-damage|p1a: Clefable|24/100 psn
|
|-damage|p2a: Tangrowth|88/100 brn|[from] brn
|upkeep
|turn|51
|
|t:|1597522276
|move|p1a: Clefable|Soft-Boiled|p1a: Clefable
|-heal|p1a: Clefable|74/100 psn
|move|p2a: Tangrowth|Knock Off|p1a: Clefable
|-resisted|p1a: Clefable
|-damage|p1a: Clefable|70/100 psn
|-enditem|p1a: Clefable|Life Orb|[from] move: Knock Off|[of] p2a: Tangrowth
|
|-damage|p2a: Tangrowth|82/100 brn|[from] brn
|upkeep
|turn|52
|j| jtaquille
|
|t:|1597522280
|switch|p2a: Toxapex|Toxapex, M|100/100
|move|p1a: Clefable|Calm Mind|p1a: Clefable
|-boost|p1a: Clefable|spa|1
|-boost|p1a: Clefable|spd|1
|
|upkeep
|turn|53
|
|t:|1597522284
|move|p1a: Clefable|Thunderbolt|p2a: Toxapex
|-supereffective|p2a: Toxapex
|-damage|p2a: Toxapex|63/100
|move|p2a: Toxapex|Haze|p2a: Toxapex
|-clearallboost
|
|upkeep
|turn|54
|
|t:|1597522288
|move|p1a: Clefable|Soft-Boiled|p1a: Clefable
|-heal|p1a: Clefable|100/100 psn
|move|p2a: Toxapex|Scald|p1a: Clefable
|-damage|p1a: Clefable|84/100 psn
|
|upkeep
|turn|55
|
|t:|1597522293
|switch|p1a: Toxapex|Toxapex, M|46/100 brn
|move|p2a: Toxapex|Haze|p2a: Toxapex
|-clearallboost
|
|-damage|p1a: Toxapex|40/100 brn|[from] brn
|upkeep
|turn|56
|-message|Rorschach I forfeited.
|
|win|LT72MS hjkhj
|l|☆Rorschach I
|raw|LT72MS hjkhj's rating: 1948 &rarr; <strong>1967</strong><br />(+19 for winning)
|raw|Rorschach I's rating: 1934 &rarr; <strong>1915</strong><br />(-19 for losing)
|l|☆LT72MS hjkhj
|l| Lotus64
|l| La mere de Xel
|l| lt72ms egc
|l| VvvV1250
|j| yiyue
|l| Nartey
|l|+Wiggleetuff
