|j|☆HOF69
|j|☆LetsGoBrando
|t:|1658549048
|gametype|singles
|player|p1|HOF69|red|1835
|player|p2|LetsGoBrando|swimmerf-gen4|1763
|teamsize|p1|6
|teamsize|p2|6
|gen|8
|tier|[Gen 8] OU
|rated|
|rule|Sleep Clause Mod: Limit one foe put to sleep
|rule|Species Clause: Limit one of each Pokémon
|rule|OHKO Clause: OHKO moves are banned
|rule|Evasion Moves Clause: Evasion moves are banned
|rule|Endless Battle Clause: Forcing endless battles is banned
|rule|HP Percentage Mod: HP is shown in percentages
|rule|Dynamax Clause: You cannot dynamax
|clearpoke
|poke|p1|Blacephalon|
|poke|p1|Gengar, M|
|poke|p1|Krookodile, M|
|poke|p1|Landorus-Therian, M|
|poke|p1|Kartana|
|poke|p1|Tapu Lele|
|poke|p2|Clefable, M|
|poke|p2|Kartana|
|poke|p2|Hydreigon, M|
|poke|p2|Swampert, F|
|poke|p2|Slowking-Galar, M|
|poke|p2|Buzzwole|
|teampreview
|j| WhenUSmellThatZaza
|j| LT_Alt1
|inactive|Battle timer is ON: inactive players will automatically lose when time's up. (requested by LetsGoBrando)
|
|t:|1658549054
|start
|switch|p1a: Krookodile|Krookodile, M|100/100
|switch|p2a: Swampert|Swampert, F|100/100
|-ability|p1a: Krookodile|Intimidate|boost
|-unboost|p2a: Swampert|atk|1
|turn|1
|j| t-yeu
|
|t:|1658549061
|move|p1a: Krookodile|Stealth Rock|p2a: Swampert
|-sidestart|p2: LetsGoBrando|move: Stealth Rock
|move|p2a: Swampert|Stealth Rock|p1a: Krookodile
|-sidestart|p1: HOF69|move: Stealth Rock
|
|upkeep
|turn|2
|
|t:|1658549066
|move|p1a: Krookodile|Knock Off|p2a: Swampert
|-damage|p2a: Swampert|57/100
|-enditem|p2a: Swampert|Leftovers|[from] move: Knock Off|[of] p1a: Krookodile
|move|p2a: Swampert|Liquidation|p1a: Krookodile
|-supereffective|p1a: Krookodile
|-damage|p1a: Krookodile|35/100
|
|upkeep
|turn|3
|
|t:|1658549074
|move|p1a: Krookodile|Earthquake|p2a: Swampert
|-damage|p2a: Swampert|11/100
|move|p2a: Swampert|Liquidation|p1a: Krookodile
|-supereffective|p1a: Krookodile
|-damage|p1a: Krookodile|0 fnt
|faint|p1a: Krookodile
|
|upkeep
|j| Rexthenoname
|
|t:|1658549086
|switch|p1a: Gengar|Gengar, M, shiny|100/100
|-damage|p1a: Gengar|88/100|[from] Stealth Rock
|turn|4
|
|t:|1658549091
|move|p1a: Gengar|Shadow Ball|p2a: Swampert
|-damage|p2a: Swampert|0 fnt
|faint|p2a: Swampert
|
|upkeep
|
|t:|1658549097
|switch|p2a: Hydreigon|Hydreigon, M|100/100
|-damage|p2a: Hydreigon|88/100|[from] Stealth Rock
|turn|5
|
|t:|1658549101
|move|p1a: Gengar|Focus Blast|p2a: Hydreigon
|-supereffective|p2a: Hydreigon
|-damage|p2a: Hydreigon|15/100
|move|p2a: Hydreigon|Dark Pulse|p1a: Gengar
|-supereffective|p1a: Gengar
|-damage|p1a: Gengar|0 fnt
|faint|p1a: Gengar
|
|-heal|p2a: Hydreigon|21/100|[from] item: Leftovers
|upkeep
|
|t:|1658549115
|switch|p1a: Kartana|Kartana|100/100
|-damage|p1a: Kartana|94/100|[from] Stealth Rock
|turn|6
|
|t:|1658549127
|switch|p2a: Buzzwole|Buzzwole, shiny|100/100
|-damage|p2a: Buzzwole|88/100|[from] Stealth Rock
|move|p1a: Kartana|Knock Off|p2a: Buzzwole
|-resisted|p2a: Buzzwole
|-damage|p2a: Buzzwole|77/100
|-enditem|p2a: Buzzwole|Rocky Helmet|[from] move: Knock Off|[of] p1a: Kartana
|
|upkeep
|turn|7
|
|t:|1658549140
|switch|p1a: Tapu Lele|Tapu Lele|100/100
|-damage|p1a: Tapu Lele|88/100|[from] Stealth Rock
|-fieldstart|move: Psychic Terrain|[from] ability: Psychic Surge|[of] p1a: Tapu Lele
|move|p2a: Buzzwole|Leech Life|p1a: Tapu Lele
|-damage|p1a: Tapu Lele|21/100
|-heal|p2a: Buzzwole|100/100|[from] drain|[of] p1a: Tapu Lele
|
|upkeep
|turn|8
|
|t:|1658549154
|switch|p2a: Hydreigon|Hydreigon, M|21/100
|-damage|p2a: Hydreigon|9/100|[from] Stealth Rock
|move|p1a: Tapu Lele|Psyshock|p2a: Hydreigon
|-immune|p2a: Hydreigon
|
|-heal|p2a: Hydreigon|15/100|[from] item: Leftovers
|upkeep
|turn|9
|
|t:|1658549163
|move|p1a: Tapu Lele|Moonblast|p2a: Hydreigon
|-supereffective|p2a: Hydreigon
|-damage|p2a: Hydreigon|0 fnt
|faint|p2a: Hydreigon
|
|upkeep
|
|t:|1658549169
|switch|p2a: Slowking|Slowking-Galar, M|100/100
|-damage|p2a: Slowking|88/100|[from] Stealth Rock
|turn|10
|
|t:|1658549173
|move|p1a: Tapu Lele|Psyshock|p2a: Slowking
|-damage|p2a: Slowking|22/100
|move|p2a: Slowking|Flamethrower|p1a: Tapu Lele
|-damage|p1a: Tapu Lele|0 fnt
|faint|p1a: Tapu Lele
|
|upkeep
|
|t:|1658549183
|switch|p1a: Blacephalon|Blacephalon|100/100
|-damage|p1a: Blacephalon|76/100|[from] Stealth Rock
|turn|11
|
|t:|1658549189
|move|p1a: Blacephalon|Flamethrower|p2a: Slowking
|-damage|p2a: Slowking|0 fnt
|faint|p2a: Slowking
|-ability|p1a: Blacephalon|Beast Boost|boost
|-boost|p1a: Blacephalon|spa|1
|
|-fieldend|move: Psychic Terrain
|upkeep
|
|t:|1658549196
|switch|p2a: Clefable|Clefable, M|100/100
|-damage|p2a: Clefable|88/100|[from] Stealth Rock
|turn|12
|
|t:|1658549219
|switch|p1a: Landorus|Landorus-Therian, M|100/100
|-damage|p1a: Landorus|88/100|[from] Stealth Rock
|-ability|p1a: Landorus|Intimidate|boost
|-unboost|p2a: Clefable|atk|1
|move|p2a: Clefable|Wish|p2a: Clefable
|
|-heal|p2a: Clefable|94/100|[from] item: Leftovers
|upkeep
|turn|13
|
|t:|1658549231
|switch|p2a: Buzzwole|Buzzwole, shiny|100/100
|-damage|p2a: Buzzwole|88/100|[from] Stealth Rock
|move|p1a: Landorus|Knock Off|p2a: Buzzwole
|-resisted|p2a: Buzzwole
|-damage|p2a: Buzzwole|82/100
|
|-heal|p2a: Buzzwole|100/100|[from] move: Wish|[wisher] Clefable
|upkeep
|turn|14
|j| Zmaslan902100
|l| Zmaslan902100
|
|t:|1658549241
|move|p1a: Landorus|U-turn|p2a: Buzzwole
|-resisted|p2a: Buzzwole
|-damage|p2a: Buzzwole|94/100
|
|t:|1658549248
|switch|p1a: Blacephalon|Blacephalon|76/100|[from]move: U-turn
|-damage|p1a: Blacephalon|51/100|[from] Stealth Rock
|move|p2a: Buzzwole|Ice Punch|p1a: Blacephalon
|-resisted|p1a: Blacephalon
|-damage|p1a: Blacephalon|19/100
|
|upkeep
|turn|15
|
|t:|1658549264
|switch|p2a: Kartana|Kartana, shiny|100/100
|-damage|p2a: Kartana|94/100|[from] Stealth Rock
|move|p1a: Blacephalon|Flamethrower|p2a: Kartana
|-supereffective|p2a: Kartana
|-damage|p2a: Kartana|0 fnt
|faint|p2a: Kartana
|-ability|p1a: Blacephalon|Beast Boost|boost
|-boost|p1a: Blacephalon|spa|1
|
|upkeep
|
|t:|1658549274
|switch|p2a: Clefable|Clefable, M|94/100
|-damage|p2a: Clefable|82/100|[from] Stealth Rock
|turn|16
|
|t:|1658549278
|move|p1a: Blacephalon|Flamethrower|p2a: Clefable
|-crit|p2a: Clefable
|-damage|p2a: Clefable|28/100
|move|p2a: Clefable|Moonblast|p1a: Blacephalon
|-resisted|p1a: Blacephalon
|-damage|p1a: Blacephalon|0 fnt
|faint|p1a: Blacephalon
|
|-heal|p2a: Clefable|34/100|[from] item: Leftovers
|upkeep
|-message|HOF69 forfeited.
|
|win|LetsGoBrando
|raw|HOF69's rating: 1835 &rarr; <strong>1811</strong><br />(-24 for losing)
|raw|LetsGoBrando's rating: 1763 &rarr; <strong>1787</strong><br />(+24 for winning)
|l|☆HOF69
|l|☆LetsGoBrando
