|j|☆Serp IV
|j|☆Batataplays
|t:|1654365231
|gametype|singles
|player|p1|Serp IV|rosa|1777
|player|p2|Batataplays|sonia|1732
|teamsize|p1|6
|teamsize|p2|6
|gen|8
|tier|[Gen 8] OU
|rated|
|rule|Sleep Clause Mod: Limit one foe put to sleep
|rule|Species Clause: Limit one of each Pokémon
|rule|OHKO Clause: OHKO moves are banned
|rule|Evasion Moves Clause: Evasion moves are banned
|rule|Endless Battle Clause: Forcing endless battles is banned
|rule|HP Percentage Mod: HP is shown in percentages
|rule|Dynamax Clause: You cannot dynamax
|clearpoke
|poke|p1|Landorus-Therian, M|
|poke|p1|Weavile, M|
|poke|p1|Heatran, M|
|poke|p1|Zapdos|
|poke|p1|Urshifu-*, M|
|poke|p1|Tapu Bulu|
|poke|p2|Seismitoad, M|
|poke|p2|Volcanion|
|poke|p2|Zapdos|
|poke|p2|Pelipper, M|
|poke|p2|Ferrothorn, M|
|poke|p2|Crawdaunt, M|
|teampreview
|inactive|Battle timer is ON: inactive players will automatically lose when time's up. (requested by Serp IV)
|
|t:|1654365258
|start
|switch|p1a: Byakko|Zapdos, shiny|100/100
|switch|p2a: gastro cringe|Volcanion|100/100
|turn|1
|
|t:|1654365262
|switch|p2a: a|Seismitoad, M|100/100
|move|p1a: Byakko|Hurricane|p2a: a|[miss]
|-miss|p1a: Byakko|p2a: a
|
|upkeep
|turn|2
|
|t:|1654365265
|switch|p2a: slowking g cringe|Zapdos|100/100
|move|p1a: Byakko|Hurricane|p2a: slowking g cringe|[miss]
|-miss|p1a: Byakko|p2a: slowking g cringe
|
|upkeep
|turn|3
|
|t:|1654365271
|switch|p1a: Enten|Landorus-Therian, M, shiny|100/100
|-ability|p1a: Enten|Intimidate|boost
|-unboost|p2a: slowking g cringe|atk|1
|move|p2a: slowking g cringe|U-turn|p1a: Enten
|-resisted|p1a: Enten
|-damage|p1a: Enten|97/100
|
|t:|1654365281
|switch|p2a: o|Pelipper, M|100/100|[from]move: U-turn
|-weather|RainDance|[from] ability: Drizzle|[of] p2a: o
|
|-weather|RainDance|[upkeep]
|-heal|p1a: Enten|100/100|[from] item: Leftovers
|upkeep
|turn|4
|
|t:|1654365288
|move|p1a: Enten|Toxic|p2a: o
|-status|p2a: o|tox
|move|p2a: o|Ice Beam|p1a: Enten
|-supereffective|p1a: Enten
|-damage|p1a: Enten|40/100
|
|-weather|RainDance|[upkeep]
|-heal|p1a: Enten|46/100|[from] item: Leftovers
|-damage|p2a: o|94/100 tox|[from] psn
|upkeep
|turn|5
|
|t:|1654365294
|switch|p1a: Poseidon-Blade|Urshifu-Rapid-Strike, M|100/100
|move|p2a: o|U-turn|p1a: Poseidon-Blade
|-resisted|p1a: Poseidon-Blade
|-damage|p1a: Poseidon-Blade|96/100
|
|t:|1654365303
|switch|p2a: slowking g cringe|Zapdos|100/100|[from]move: U-turn
|
|-weather|RainDance|[upkeep]
|upkeep
|turn|6
|
|t:|1654365306
|move|p1a: Poseidon-Blade|Surging Strikes|p2a: slowking g cringe
|-crit|p2a: slowking g cringe
|-damage|p2a: slowking g cringe|78/100
|-status|p1a: Poseidon-Blade|par|[from] ability: Static|[of] p2a: slowking g cringe
|-crit|p2a: slowking g cringe
|-damage|p2a: slowking g cringe|58/100
|-crit|p2a: slowking g cringe
|-damage|p2a: slowking g cringe|37/100
|-hitcount|p2a: slowking g cringe|3
|move|p2a: slowking g cringe|U-turn|p1a: Poseidon-Blade
|-resisted|p1a: Poseidon-Blade
|-damage|p1a: Poseidon-Blade|89/100 par
|
|t:|1654365312
|switch|p2a: gastro cringe|Volcanion|100/100|[from]move: U-turn
|
|-weather|RainDance|[upkeep]
|upkeep
|turn|7
|
|t:|1654365321
|switch|p1a: Monk|Tapu Bulu, shiny|100/100
|-fieldstart|move: Grassy Terrain|[from] ability: Grassy Surge|[of] p1a: Monk
|move|p2a: gastro cringe|Steam Eruption|p1a: Monk
|-resisted|p1a: Monk
|-damage|p1a: Monk|11/100
|-status|p1a: Monk|brn
|
|-weather|RainDance|[upkeep]
|-heal|p1a: Monk|17/100 brn|[from] Grassy Terrain
|-damage|p1a: Monk|11/100 brn|[from] brn
|upkeep
|turn|8
|
|t:|1654365330
|move|p1a: Monk|Close Combat|p2a: gastro cringe
|-damage|p2a: gastro cringe|70/100
|-unboost|p1a: Monk|def|1
|-unboost|p1a: Monk|spd|1
|move|p2a: gastro cringe|Steam Eruption|p1a: Monk
|-resisted|p1a: Monk
|-damage|p1a: Monk|0 fnt
|faint|p1a: Monk
|
|-weather|RainDance|[upkeep]
|-heal|p2a: gastro cringe|76/100|[from] Grassy Terrain
|upkeep
|
|t:|1654365332
|switch|p1a: Byakko|Zapdos, shiny|100/100
|turn|9
|
|t:|1654365345
|switch|p2a: p|Ferrothorn, M|100/100
|move|p1a: Byakko|Hurricane|p2a: p
|-damage|p2a: p|49/100
|
|-weather|RainDance|[upkeep]
|-heal|p2a: p|55/100|[from] Grassy Terrain
|-heal|p2a: p|62/100|[from] item: Leftovers
|upkeep
|turn|10
|
|t:|1654365352
|move|p1a: Byakko|Hurricane|p2a: p
|-damage|p2a: p|12/100
|move|p2a: p|Stealth Rock|p1a: Byakko
|-sidestart|p1: Serp IV|move: Stealth Rock
|
|-weather|none
|-heal|p2a: p|18/100|[from] Grassy Terrain
|-heal|p2a: p|24/100|[from] item: Leftovers
|upkeep
|turn|11
|
|t:|1654365358
|switch|p2a: slowking g cringe|Zapdos|37/100
|move|p1a: Byakko|Hurricane|p2a: slowking g cringe|[miss]
|-miss|p1a: Byakko|p2a: slowking g cringe
|
|-fieldend|move: Grassy Terrain
|upkeep
|turn|12
|
|t:|1654365362
|move|p1a: Byakko|Hurricane|p2a: slowking g cringe
|-resisted|p2a: slowking g cringe
|-damage|p2a: slowking g cringe|0 fnt
|faint|p2a: slowking g cringe
|
|upkeep
|
|t:|1654365364
|switch|p2a: o|Pelipper, M|94/100 tox
|-weather|RainDance|[from] ability: Drizzle|[of] p2a: o
|turn|13
|
|t:|1654365366
|switch|p2a: p|Ferrothorn, M|24/100
|move|p1a: Byakko|Hurricane|p2a: p
|-damage|p2a: p|0 fnt
|faint|p2a: p
|
|-weather|RainDance|[upkeep]
|upkeep
|
|t:|1654365367
|switch|p2a: a|Seismitoad, M|100/100
|turn|14
|
|t:|1654365371
|switch|p1a: Enten|Landorus-Therian, M, shiny|46/100
|-damage|p1a: Enten|33/100|[from] Stealth Rock
|-ability|p1a: Enten|Intimidate|boost
|-unboost|p2a: a|atk|1
|move|p2a: a|Weather Ball|p1a: Enten
|-supereffective|p1a: Enten
|-crit|p1a: Enten
|-damage|p1a: Enten|0 fnt
|faint|p1a: Enten
|
|-weather|RainDance|[upkeep]
|upkeep
|
|t:|1654365379
|switch|p1a: Poseidon-Blade|Urshifu-Rapid-Strike, M|89/100 par
|-damage|p1a: Poseidon-Blade|83/100 par|[from] Stealth Rock
|turn|15
|
|t:|1654365385
|move|p2a: a|Weather Ball|p1a: Poseidon-Blade
|-resisted|p1a: Poseidon-Blade
|-damage|p1a: Poseidon-Blade|4/100 par
|move|p1a: Poseidon-Blade|Close Combat|p2a: a
|-damage|p2a: a|30/100
|-unboost|p1a: Poseidon-Blade|def|1
|-unboost|p1a: Poseidon-Blade|spd|1
|
|-weather|RainDance|[upkeep]
|upkeep
|turn|16
|
|t:|1654365392
|move|p2a: a|Weather Ball|p1a: Poseidon-Blade
|-resisted|p1a: Poseidon-Blade
|-damage|p1a: Poseidon-Blade|0 fnt
|faint|p1a: Poseidon-Blade
|
|-weather|RainDance|[upkeep]
|upkeep
|
|t:|1654365393
|switch|p1a: Bandit|Weavile, M, shiny|100/100
|-damage|p1a: Bandit|76/100|[from] Stealth Rock
|-ability|p1a: Bandit|Pressure
|turn|17
|
|t:|1654365398
|switch|p2a: gastro cringe|Volcanion|76/100
|move|p1a: Bandit|Ice Shard|p2a: gastro cringe
|-resisted|p2a: gastro cringe
|-damage|p2a: gastro cringe|68/100
|
|-weather|RainDance|[upkeep]
|upkeep
|turn|18
|
|t:|1654365401
|switch|p1a: Chaos|Heatran, M, shiny|100/100
|-damage|p1a: Chaos|88/100|[from] Stealth Rock
|move|p2a: gastro cringe|Steam Eruption|p1a: Chaos
|-supereffective|p1a: Chaos
|-damage|p1a: Chaos|0 fnt
|faint|p1a: Chaos
|
|-weather|RainDance|[upkeep]
|upkeep
|
|t:|1654365403
|switch|p1a: Byakko|Zapdos, shiny|100/100
|-damage|p1a: Byakko|76/100|[from] Stealth Rock
|turn|19
|j| ygg GB byb
|
|t:|1654365413
|move|p1a: Byakko|Hurricane|p2a: gastro cringe
|-damage|p2a: gastro cringe|0 fnt
|faint|p2a: gastro cringe
|
|-weather|RainDance|[upkeep]
|upkeep
|
|t:|1654365415
|switch|p2a: a|Seismitoad, M|30/100
|turn|20
|
|t:|1654365422
|move|p2a: a|Weather Ball|p1a: Byakko
|-damage|p1a: Byakko|0 fnt
|faint|p1a: Byakko
|
|-weather|none
|upkeep
|
|t:|1654365424
|switch|p1a: Bandit|Weavile, M, shiny|76/100
|-damage|p1a: Bandit|51/100|[from] Stealth Rock
|-ability|p1a: Bandit|Pressure
|turn|21
|-message|Serp IV forfeited.
|
|win|Batataplays
|raw|Serp IV's rating: 1777 &rarr; <strong>1753</strong><br />(-24 for losing)
|raw|Batataplays's rating: 1705 &rarr; <strong>1729</strong><br />(+24 for winning)
|l|☆Serp IV
