|j|☆alting by daybreak
|j|☆barracades
|inactive|Battle timer is ON: inactive players will automatically lose when time's up.
|t:|1663793344
|gametype|singles
|player|p1|alting by daybreak|acetrainerf-gen6|
|player|p2|barracades|roark|
|teamsize|p1|6
|teamsize|p2|6
|gen|8
|tier|[Gen 8] OU
|rated|Tournament battle
|rule|Sleep Clause Mod: Limit one foe put to sleep
|rule|Species Clause: Limit one of each Pokémon
|rule|OHKO Clause: OHKO moves are banned
|rule|Evasion Items Clause: Evasion items are banned
|rule|Evasion Moves Clause: Evasion moves are banned
|rule|Endless Battle Clause: Forcing endless battles is banned
|rule|HP Percentage Mod: HP is shown in percentages
|rule|Dynamax Clause: You cannot dynamax
|clearpoke
|poke|p1|Garchomp, F|
|poke|p1|Tapu Koko|
|poke|p1|Moltres-Galar|
|poke|p1|Ferrothorn, F|
|poke|p1|Volcarona, M|
|poke|p1|Dragonite, M|
|poke|p2|Landorus-Therian, M|
|poke|p2|Weavile, M|
|poke|p2|Melmetal|
|poke|p2|Volcanion|
|poke|p2|Crawdaunt, M|
|poke|p2|Dragapult, M|
|teampreview
|j| i drip too hard
|inactive|alting by daybreak also wants the timer to be on.
|j| quixana
|j|%Sww-Suwa
|j| Forwards
|j| shxwk
|j| zReptar
|j| SkipTheDripBayless
|c|☆barracades|hf
|j| knexhawk2
|j| shyiin
|c|☆alting by daybreak|u2
|j| GengarAdept
|j| Pawni
|j| sufys12
|j| notazigzagoon
|j| SatorinKomeiji
|j| stone zorm
|j|%ian_yo
|j| averagealt99
|j|+myjava
|j| Sneads Sead n Dead
|c| shxwk|gl to both
|l| knexhawk2
|j| Phoenix Burnz
|j| Rubiaa
|j| Daellio
|j| Black Sun Tzu
|j| Blaze Blackout
|c| zReptar|bouta be a great match
|inactive|barracades has 120 seconds left.
|
|t:|1663793378
|start
|switch|p1a: Garchomp|Garchomp, F|100/100
|switch|p2a: Enten|Landorus-Therian, M, shiny|100/100
|-ability|p2a: Enten|Intimidate|boost
|-unboost|p1a: Garchomp|atk|1
|turn|1
|c| stone zorm|LETS GO BARRACADES
|j| knexhawk2
|j| Cra3k
|c| knexhawk2|My balls itch
|
|t:|1663793389
|switch|p1a: Ferrothorn|Ferrothorn, F|100/100
|move|p2a: Enten|U-turn|p1a: Ferrothorn
|-damage|p1a: Ferrothorn|87/100
|-damage|p2a: Enten|88/100|[from] ability: Iron Barbs|[of] p1a: Ferrothorn
|-damage|p2a: Enten|72/100|[from] item: Rocky Helmet|[of] p1a: Ferrothorn
|c| knexhawk2|whos tryna scratch em fir me
|j| gotsnsd
|
|t:|1663793399
|switch|p2a: Leviathan|Dragapult, M, shiny|100/100|[from]move: U-turn
|
|upkeep
|turn|2
|c| Rubiaa|LETS GO SZ
|
|t:|1663793407
|switch|p1a: Moltres|Moltres-Galar, shiny|100/100
|move|p2a: Leviathan|Shadow Ball|p1a: Moltres
|-resisted|p1a: Moltres
|-damage|p1a: Moltres|77/100
|
|upkeep
|turn|3
|c| Pawni|Lets go Alting win this so My loss wasnt for nothing lol
|j| Hamzeee
|
|t:|1663793418
|switch|p2a: Fate|Melmetal, shiny|100/100
|move|p1a: Moltres|Fiery Wrath|p2a: Fate
|-damage|p2a: Fate|72/100
|
|-heal|p2a: Fate|78/100|[from] item: Leftovers
|upkeep
|turn|4
|c| zReptar|lol
|c| i drip too hard|turn on modchat
|c| shxwk|^
|c| sufys12|^
|c| Rubiaa|^
|c| knexhawk2|this guy is scared of the truth
|c| zReptar|^
|
|t:|1663793437
|switch|p1a: Volcarona|Volcarona, M|100/100
|move|p2a: Fate|Acid Armor|p2a: Fate
|-boost|p2a: Fate|def|2
|
|-heal|p2a: Fate|84/100|[from] item: Leftovers
|upkeep
|turn|5
|j| iqpweqorhqrowipe1
|c| quixana|the chat is heat
|c| knexhawk2|exactly
|
|t:|1663793449
|switch|p1a: Garchomp|Garchomp, F|100/100
|switch|p2a: Magatama|Volcanion|100/100
|
|upkeep
|turn|6
|j| cHiCo
|c| sufys12|quixana knexhawk2: My balls itch
|j| TheNewBrends11
|l| quixana
|
|t:|1663793462
|move|p1a: Garchomp|Earthquake|p2a: Magatama
|-supereffective|p2a: Magatama
|-damage|p2a: Magatama|18/100
|move|p2a: Magatama|Steam Eruption|p1a: Garchomp
|-damage|p1a: Garchomp|26/100
|
|-heal|p1a: Garchomp|32/100|[from] item: Leftovers
|upkeep
|turn|7
|c| knexhawk2|exactly
|c| sufys12|sure - definitely a heat chat...
|c| sufys12|(sarcastic)
|
|t:|1663793475
|switch|p2a: Enten|Landorus-Therian, M, shiny|72/100
|-ability|p2a: Enten|Intimidate|boost
|-unboost|p1a: Garchomp|atk|1
|move|p1a: Garchomp|Scale Shot|p2a: Enten
|-damage|p2a: Enten|63/100
|-damage|p2a: Enten|56/100
|-crit|p2a: Enten
|-damage|p2a: Enten|39/100
|-hitcount|p2a: Enten|3
|-unboost|p1a: Garchomp|def|1
|-boost|p1a: Garchomp|spe|1
|
|-heal|p1a: Garchomp|39/100|[from] item: Leftovers
|-heal|p2a: Enten|45/100|[from] item: Leftovers
|upkeep
|turn|8
|
|t:|1663793485
|move|p1a: Garchomp|Aqua Tail|p2a: Enten
|-supereffective|p2a: Enten
|-damage|p2a: Enten|9/100
|move|p2a: Enten|Stealth Rock|p1a: Garchomp
|-sidestart|p1: alting by daybreak|move: Stealth Rock
|
|-heal|p1a: Garchomp|45/100|[from] item: Leftovers
|-heal|p2a: Enten|15/100|[from] item: Leftovers
|upkeep
|turn|9
|c|☆alting by daybreak|this mon is ass what
|c| Daellio|fr
|c| zReptar|lol
|j| quixana
|j| apple juize
|
|t:|1663793510
|switch|p2a: Magatama|Volcanion|18/100
|move|p1a: Garchomp|Scale Shot|p2a: Magatama
|-damage|p2a: Magatama|10/100
|-damage|p2a: Magatama|3/100
|-hitcount|p2a: Magatama|2
|-unboost|p1a: Garchomp|def|1
|-boost|p1a: Garchomp|spe|1
|
|-heal|p1a: Garchomp|51/100|[from] item: Leftovers
|upkeep
|turn|10
|c| Daellio|luckily volcarona sweeps
|
|t:|1663793518
|move|p1a: Garchomp|Scale Shot|p2a: Magatama
|-damage|p2a: Magatama|0 fnt
|faint|p2a: Magatama
|-hitcount|p2: Magatama|1
|-unboost|p1a: Garchomp|def|1
|-boost|p1a: Garchomp|spe|1
|
|-heal|p1a: Garchomp|57/100|[from] item: Leftovers
|upkeep
|
|t:|1663793533
|switch|p2a: Predator|Crawdaunt, M, shiny|100/100
|turn|11
|l| Blaze Blackout
|c| knexhawk2|Child?
|c| knexhawk2|or regular
|
|t:|1663793552
|move|p1a: Garchomp|Earthquake|p2a: Predator
|-damage|p2a: Predator|48/100
|move|p2a: Predator|Swords Dance|p2a: Predator
|-boost|p2a: Predator|atk|2
|
|-heal|p1a: Garchomp|63/100|[from] item: Leftovers
|upkeep
|turn|12
|c| Hamzeee|yo jokes not funny
|
|t:|1663793566
|move|p2a: Predator|Aqua Jet|p1a: Garchomp
|-damage|p1a: Garchomp|0 fnt
|-damage|p2a: Predator|36/100|[from] ability: Rough Skin|[of] p1a: Garchomp
|faint|p1a: Garchomp
|-damage|p2a: Predator|26/100|[from] item: Life Orb
|
|upkeep
|c| Hamzeee|sadly
|l| Sneads Sead n Dead
|c| knexhawk2|not a joke
|j| Sneads Sead n Dead
|c| knexhawk2|im curious
|
|t:|1663793576
|switch|p1a: Dragonite|Dragonite, M|100/100
|turn|13
|raw|<div class="broadcast-red"><strong>Moderated chat was set to +!</strong><br />Only users of rank + and higher can talk.</div>
|
|t:|1663793591
|switch|p2a: Enten|Landorus-Therian, M, shiny|15/100
|-ability|p2a: Enten|Intimidate|boost
|-unboost|p1a: Dragonite|atk|1
|move|p1a: Dragonite|Extreme Speed|p2a: Enten
|-damage|p2a: Enten|0 fnt
|faint|p2a: Enten
|
|upkeep
|
|t:|1663793607
|switch|p2a: Bandit|Weavile, M, shiny|100/100
|-ability|p2a: Bandit|Pressure
|turn|14
|
|t:|1663793617
|switch|p1a: Ferrothorn|Ferrothorn, F|87/100
|-damage|p1a: Ferrothorn|81/100|[from] Stealth Rock
|move|p2a: Bandit|Swords Dance|p2a: Bandit
|-boost|p2a: Bandit|atk|2
|
|upkeep
|turn|15
|
|t:|1663793633
|move|p2a: Bandit|Triple Axel|p1a: Ferrothorn
|-damage|p1a: Ferrothorn|65/100
|-damage|p2a: Bandit|88/100|[from] ability: Iron Barbs|[of] p1a: Ferrothorn
|-damage|p2a: Bandit|72/100|[from] item: Rocky Helmet|[of] p1a: Ferrothorn
|-hitcount|p1a: Ferrothorn|1
|-damage|p2a: Bandit|62/100|[from] item: Life Orb
|move|p1a: Ferrothorn|Stealth Rock|p2a: Bandit
|-sidestart|p2: barracades|move: Stealth Rock
|
|upkeep
|turn|16
|
|t:|1663793646
|move|p2a: Bandit|Knock Off|p1a: Ferrothorn
|-damage|p1a: Ferrothorn|0 fnt
|-damage|p2a: Bandit|49/100|[from] ability: Iron Barbs|[of] p1a: Ferrothorn
|-damage|p2a: Bandit|33/100|[from] item: Rocky Helmet|[of] p1a: Ferrothorn
|-enditem|p1a: Ferrothorn|Rocky Helmet|[from] move: Knock Off|[of] p2a: Bandit
|faint|p1a: Ferrothorn
|-damage|p2a: Bandit|23/100|[from] item: Life Orb
|
|upkeep
|
|t:|1663793652
|switch|p1a: Dragonite|Dragonite, M|100/100
|turn|17
|
|t:|1663793667
|switch|p2a: Fate|Melmetal, shiny|84/100
|-damage|p2a: Fate|78/100|[from] Stealth Rock
|move|p1a: Dragonite|Extreme Speed|p2a: Fate
|-resisted|p2a: Fate
|-damage|p2a: Fate|69/100
|
|-heal|p2a: Fate|76/100|[from] item: Leftovers
|upkeep
|turn|18
|l|%ian_yo
|
|t:|1663793682
|switch|p1a: Volcarona|Volcarona, M|100/100
|move|p2a: Fate|Double Iron Bash|p1a: Volcarona
|-resisted|p1a: Volcarona
|-damage|p1a: Volcarona|74/100
|-resisted|p1a: Volcarona
|-damage|p1a: Volcarona|49/100
|-status|p2a: Fate|brn|[from] ability: Flame Body|[of] p1a: Volcarona
|-hitcount|p1a: Volcarona|2
|
|-heal|p2a: Fate|82/100 brn|[from] item: Leftovers
|-damage|p2a: Fate|76/100 brn|[from] brn
|upkeep
|turn|19
|
|t:|1663793695
|switch|p2a: Leviathan|Dragapult, M, shiny|100/100
|-damage|p2a: Leviathan|88/100|[from] Stealth Rock
|move|p1a: Volcarona|Quiver Dance|p1a: Volcarona
|-boost|p1a: Volcarona|spa|1
|-boost|p1a: Volcarona|spd|1
|-boost|p1a: Volcarona|spe|1
|
|upkeep
|turn|20
|
|t:|1663793702
|move|p1a: Volcarona|Psychic|p2a: Leviathan
|-damage|p2a: Leviathan|27/100
|move|p2a: Leviathan|Draco Meteor|p1a: Volcarona
|-damage|p1a: Volcarona|0 fnt
|-unboost|p2a: Leviathan|spa|2
|faint|p1a: Volcarona
|
|upkeep
|
|t:|1663793716
|switch|p1a: Tapu Koko|Tapu Koko|100/100
|-fieldstart|move: Electric Terrain|[from] ability: Electric Surge|[of] p1a: Tapu Koko
|turn|21
|
|t:|1663793721
|switch|p2a: Bandit|Weavile, M, shiny|23/100
|-damage|p2a: Bandit|0 fnt|[from] Stealth Rock
|faint|p2a: Bandit
|move|p1a: Tapu Koko|Calm Mind|p1a: Tapu Koko
|-boost|p1a: Tapu Koko|spa|1
|-boost|p1a: Tapu Koko|spd|1
|
|upkeep
|
|t:|1663793724
|switch|p2a: Fate|Melmetal, shiny|76/100 brn
|-damage|p2a: Fate|69/100 brn|[from] Stealth Rock
|turn|22
|
|t:|1663793728
|move|p1a: Tapu Koko|Thunderbolt|p2a: Fate
|-damage|p2a: Fate|22/100 brn
|move|p2a: Fate|Double Iron Bash|p1a: Tapu Koko
|-damage|p1a: Tapu Koko|78/100
|-damage|p1a: Tapu Koko|55/100
|-hitcount|p1a: Tapu Koko|2
|
|-heal|p2a: Fate|29/100 brn|[from] item: Leftovers
|-damage|p2a: Fate|22/100 brn|[from] brn
|upkeep
|turn|23
|
|t:|1663793731
|move|p1a: Tapu Koko|Thunderbolt|p2a: Fate
|-damage|p2a: Fate|0 fnt
|faint|p2a: Fate
|
|upkeep
|
|t:|1663793734
|switch|p2a: Predator|Crawdaunt, M, shiny|26/100
|-damage|p2a: Predator|14/100|[from] Stealth Rock
|turn|24
|
|t:|1663793743
|move|p2a: Predator|Aqua Jet|p1a: Tapu Koko
|-damage|p1a: Tapu Koko|5/100
|-damage|p2a: Predator|4/100|[from] item: Life Orb
|move|p1a: Tapu Koko|Thunderbolt|p2a: Predator
|-supereffective|p2a: Predator
|-damage|p2a: Predator|0 fnt
|faint|p2a: Predator
|
|upkeep
|
|t:|1663793747
|switch|p2a: Leviathan|Dragapult, M, shiny|27/100
|-damage|p2a: Leviathan|14/100|[from] Stealth Rock
|turn|25
|
|t:|1663793751
|move|p2a: Leviathan|U-turn|p1a: Tapu Koko
|-resisted|p1a: Tapu Koko
|-damage|p1a: Tapu Koko|0 fnt
|faint|p1a: Tapu Koko
|
|-fieldend|move: Electric Terrain
|upkeep
|
|t:|1663793756
|switch|p1a: Dragonite|Dragonite, M|100/100
|turn|26
|
|t:|1663793759
|move|p2a: Leviathan|U-turn|p1a: Dragonite
|-resisted|p1a: Dragonite
|-damage|p1a: Dragonite|96/100
|move|p1a: Dragonite|Ice Punch|p2a: Leviathan
|-supereffective|p2a: Leviathan
|-damage|p2a: Leviathan|0 fnt
|faint|p2a: Leviathan
|
|win|alting by daybreak
|n|☆alting by daybreak|altingbydaybreak
|n|☆barracades|barracades
|l|☆alting by daybreak
