|j|☆Trigazelli
|j|☆stopthreat
|t:|1662573557
|gametype|singles
|player|p1|Trigazelli|scubadiver|1605
|player|p2|stopthreat|skier|1738
|teamsize|p1|6
|teamsize|p2|6
|gen|8
|tier|[Gen 8] OU
|rated|
|rule|Sleep Clause Mod: Limit one foe put to sleep
|rule|Species Clause: Limit one of each Pokémon
|rule|OHKO Clause: OHKO moves are banned
|rule|Evasion Items Clause: Evasion items are banned
|rule|Evasion Moves Clause: Evasion moves are banned
|rule|Endless Battle Clause: Forcing endless battles is banned
|rule|HP Percentage Mod: HP is shown in percentages
|rule|Dynamax Clause: You cannot dynamax
|clearpoke
|poke|p1|Volcanion|
|poke|p1|Rillaboom, M|
|poke|p1|Blissey, F|
|poke|p1|Zeraora|
|poke|p1|Corviknight, M|
|poke|p1|Tapu Fini|
|poke|p2|Dragapult, M|
|poke|p2|Clefable, M|
|poke|p2|Crawdaunt, F|
|poke|p2|Gastrodon, F|
|poke|p2|Tornadus-Therian, M|
|poke|p2|Heatran, F|
|teampreview
|c|☆Trigazelli|gl and hf
|inactive|Battle timer is ON: inactive players will automatically lose when time's up. (requested by stopthreat)
|c|☆stopthreat|u2
|
|t:|1662573586
|start
|switch|p1a: Tapu Fini|Tapu Fini|100/100
|switch|p2a: Clefable|Clefable, M|100/100
|-fieldstart|move: Misty Terrain|[from] ability: Misty Surge|[of] p1a: Tapu Fini
|turn|1
|j| g0ld
|
|t:|1662573590
|move|p1a: Tapu Fini|Trick|p2a: Clefable
|-activate|p1a: Tapu Fini|move: Trick|[of] p2a: Clefable
|-item|p2a: Clefable|Choice Scarf|[from] move: Trick
|-item|p1a: Tapu Fini|Life Orb|[from] move: Trick
|move|p2a: Clefable|Thunder|p1a: Tapu Fini|[miss]
|-miss|p2a: Clefable|p1a: Tapu Fini
|
|upkeep
|turn|2
|
|t:|1662573596
|switch|p2a: Crawdaunt|Crawdaunt, F|100/100
|switch|p1a: Blissey|Blissey, F|100/100
|
|upkeep
|turn|3
|
|t:|1662573602
|move|p2a: Crawdaunt|Knock Off|p1a: Blissey
|-damage|p1a: Blissey|7/100
|-enditem|p1a: Blissey|Heavy-Duty Boots|[from] move: Knock Off|[of] p2a: Crawdaunt
|move|p1a: Blissey|Stealth Rock|p2a: Crawdaunt
|-sidestart|p2: stopthreat|move: Stealth Rock
|
|upkeep
|turn|4
|
|t:|1662573606
|move|p2a: Crawdaunt|Knock Off|p1a: Blissey
|-damage|p1a: Blissey|0 fnt
|faint|p1a: Blissey
|
|upkeep
|
|t:|1662573610
|switch|p1a: Zeraora|Zeraora|100/100
|turn|5
|
|t:|1662573613
|switch|p2a: Gastrodon|Gastrodon, F|100/100
|-damage|p2a: Gastrodon|94/100|[from] Stealth Rock
|move|p1a: Zeraora|Knock Off|p2a: Gastrodon
|-damage|p2a: Gastrodon|74/100
|-enditem|p2a: Gastrodon|Leftovers|[from] move: Knock Off|[of] p1a: Zeraora
|
|-fieldend|Misty Terrain
|upkeep
|turn|6
|
|t:|1662573620
|switch|p1a: Tapu Fini|Tapu Fini|100/100
|-fieldstart|move: Misty Terrain|[from] ability: Misty Surge|[of] p1a: Tapu Fini
|move|p2a: Gastrodon|Toxic|p1a: Tapu Fini
|-activate|p1a: Tapu Fini|move: Misty Terrain
|
|upkeep
|turn|7
|
|t:|1662573631
|move|p1a: Tapu Fini|Taunt|p2a: Gastrodon
|-start|p2a: Gastrodon|move: Taunt
|move|p2a: Gastrodon|Earth Power|p1a: Tapu Fini
|-damage|p1a: Tapu Fini|80/100
|
|upkeep
|turn|8
|
|t:|1662573637
|move|p1a: Tapu Fini|Moonblast|p2a: Gastrodon
|-damage|p2a: Gastrodon|34/100
|-unboost|p2a: Gastrodon|spa|1
|-damage|p1a: Tapu Fini|70/100|[from] item: Life Orb
|move|p2a: Gastrodon|Earth Power|p1a: Tapu Fini
|-damage|p1a: Tapu Fini|55/100
|
|upkeep
|turn|9
|
|t:|1662573645
|switch|p2a: Clefable|Clefable, M|100/100
|move|p1a: Tapu Fini|Moonblast|p2a: Clefable
|-damage|p2a: Clefable|56/100
|-unboost|p2a: Clefable|spa|1
|-damage|p1a: Tapu Fini|45/100|[from] item: Life Orb
|
|upkeep
|turn|10
|
|t:|1662573657
|move|p2a: Clefable|Moonblast|p1a: Tapu Fini
|-damage|p1a: Tapu Fini|22/100
|-unboost|p1a: Tapu Fini|spa|1
|move|p1a: Tapu Fini|Moonblast|p2a: Clefable
|-crit|p2a: Clefable
|-damage|p2a: Clefable|0 fnt
|faint|p2a: Clefable
|-damage|p1a: Tapu Fini|12/100|[from] item: Life Orb
|
|-fieldend|Misty Terrain
|upkeep
|
|t:|1662573672
|switch|p2a: Tornadus|Tornadus-Therian, M|100/100
|turn|11
|
|t:|1662573676
|switch|p1a: Zeraora|Zeraora|100/100
|move|p2a: Tornadus|Defog|p1a: Zeraora
|-unboost|p1a: Zeraora|evasion|1
|-sideend|p2: stopthreat|Stealth Rock|[from] move: Defog|[of] p2a: Tornadus
|
|upkeep
|turn|12
|
|t:|1662573681
|move|p1a: Zeraora|Bulk Up|p1a: Zeraora
|-boost|p1a: Zeraora|atk|1
|-boost|p1a: Zeraora|def|1
|move|p2a: Tornadus|U-turn|p1a: Zeraora
|-damage|p1a: Zeraora|87/100
|
|t:|1662573688
|switch|p2a: Gastrodon|Gastrodon, F|34/100|[from]move: U-turn
|
|upkeep
|turn|13
|
|t:|1662573696
|move|p1a: Zeraora|Close Combat|p2a: Gastrodon
|-damage|p2a: Gastrodon|0 fnt
|-unboost|p1a: Zeraora|def|1
|-unboost|p1a: Zeraora|spd|1
|faint|p2a: Gastrodon
|
|upkeep
|
|t:|1662573704
|switch|p2a: Heatran|Heatran, F|100/100
|turn|14
|
|t:|1662573709
|switch|p1a: Tapu Fini|Tapu Fini|12/100
|-fieldstart|move: Misty Terrain|[from] ability: Misty Surge|[of] p1a: Tapu Fini
|move|p2a: Heatran|Earth Power|p1a: Tapu Fini
|-damage|p1a: Tapu Fini|0 fnt
|faint|p1a: Tapu Fini
|
|upkeep
|
|t:|1662573715
|switch|p1a: Volcanion|Volcanion|100/100
|turn|15
|
|t:|1662573728
|move|p1a: Volcanion|Steam Eruption|p2a: Heatran
|-supereffective|p2a: Heatran
|-damage|p2a: Heatran|31/100
|move|p2a: Heatran|Earth Power|p1a: Volcanion
|-supereffective|p1a: Volcanion
|-damage|p1a: Volcanion|35/100
|
|-heal|p2a: Heatran|37/100|[from] item: Leftovers
|upkeep
|turn|16
|
|t:|1662573740
|move|p1a: Volcanion|Steam Eruption|p2a: Heatran
|-supereffective|p2a: Heatran
|-damage|p2a: Heatran|0 fnt
|faint|p2a: Heatran
|
|upkeep
|
|t:|1662573744
|switch|p2a: Dragapult|Dragapult, M|100/100
|turn|17
|
|t:|1662573747
|move|p2a: Dragapult|Dragon Dance|p2a: Dragapult
|-boost|p2a: Dragapult|atk|1
|-boost|p2a: Dragapult|spe|1
|move|p1a: Volcanion|Steam Eruption|p2a: Dragapult
|-resisted|p2a: Dragapult
|-damage|p2a: Dragapult|63/100
|
|upkeep
|turn|18
|
|t:|1662573753
|move|p2a: Dragapult|Dragon Dance|p2a: Dragapult
|-boost|p2a: Dragapult|atk|1
|-boost|p2a: Dragapult|spe|1
|move|p1a: Volcanion|Steam Eruption|p2a: Dragapult
|-resisted|p2a: Dragapult
|-damage|p2a: Dragapult|26/100
|
|-fieldend|Misty Terrain
|upkeep
|turn|19
|
|t:|1662573757
|move|p2a: Dragapult|Dragon Darts|p1a: Volcanion
|-damage|p1a: Volcanion|0 fnt
|faint|p1a: Volcanion
|-damage|p2a: Dragapult|17/100|[from] item: Life Orb
|
|upkeep
|
|t:|1662573760
|switch|p1a: Rillaboom|Rillaboom, M|100/100
|-fieldstart|move: Grassy Terrain|[from] ability: Grassy Surge|[of] p1a: Rillaboom
|turn|20
|
|t:|1662573765
|move|p1a: Rillaboom|Grassy Glide|p2a: Dragapult
|-resisted|p2a: Dragapult
|-damage|p2a: Dragapult|0 fnt
|faint|p2a: Dragapult
|
|upkeep
|
|t:|1662573773
|switch|p2a: Tornadus|Tornadus-Therian, M|100/100
|turn|21
|
|t:|1662573775
|switch|p1a: Corviknight|Corviknight, M|100/100
|-ability|p1a: Corviknight|Pressure
|move|p2a: Tornadus|Hurricane|p1a: Corviknight|[miss]
|-miss|p2a: Tornadus|p1a: Corviknight
|
|upkeep
|turn|22
|-message|stopthreat forfeited.
|
|win|Trigazelli
|raw|Trigazelli's rating: 1605 &rarr; <strong>1632</strong><br />(+27 for winning)
|raw|stopthreat's rating: 1738 &rarr; <strong>1711</strong><br />(-27 for losing)
|l|☆stopthreat
||Ladder isn't responding, score probably updated but might not have (Request timeout).
