|j|☆GaijinEagle
|j|☆LT74PF KS
|t:|1598893072
|player|p1|GaijinEagle|1|1370
|player|p2|LT74PF KS|101|1340
|teamsize|p1|6
|teamsize|p2|6
|gametype|singles
|gen|8
|tier|[Gen 8] OU
|rated|
|clearpoke
|poke|p1|Dragapult, F|
|poke|p1|Hippowdon, F|
|poke|p1|Clefable, M|
|poke|p1|Ferrothorn, F|
|poke|p1|Excadrill, M|
|poke|p1|Urshifu-*, M|
|poke|p2|Urshifu-*, F|
|poke|p2|Corviknight, M|
|poke|p2|Blissey, F|
|poke|p2|Volcarona, F|
|poke|p2|Zeraora|
|poke|p2|Clefable, F|
|rule|Sleep Clause Mod: Limit one foe put to sleep
|rule|Species Clause: Limit one of each Pokémon
|rule|OHKO Clause: OHKO moves are banned
|rule|Evasion Moves Clause: Evasion moves are banned
|rule|Endless Battle Clause: Forcing endless battles is banned
|rule|HP Percentage Mod: HP is shown in percentages
|rule|Dynamax Clause: You cannot dynamax
|teampreview
|inactive|Battle timer is ON: inactive players will automatically lose when time's up. (requested by GaijinEagle)
|inactive|GaijinEagle has 120 seconds left.
|inactive|LT74PF KS also wants the timer to be on.
|inactive|GaijinEagle has 90 seconds left.
|inactive|GaijinEagle has 60 seconds left.
|inactive|GaijinEagle no longer wants the timer on, but the timer is staying on because lt74pfks still does.
|
|t:|1598893170
|start
|switch|p1a: Urshifu|Urshifu, M|100/100
|switch|p2a: Zeraora|Zeraora|100/100
|turn|1
|inactive|GaijinEagle has 120 seconds left.
|
|t:|1598893185
|move|p2a: Zeraora|Volt Switch|p1a: Urshifu
|-damage|p1a: Urshifu|70/100
|
|t:|1598893188
|switch|p2a: Clefable|Clefable, F|100/100|[from]move: Volt Switch
|move|p1a: Urshifu|Close Combat|p2a: Clefable
|-resisted|p2a: Clefable
|-damage|p2a: Clefable|70/100
|-unboost|p1a: Urshifu|def|1
|-unboost|p1a: Urshifu|spd|1
|-damage|p1a: Urshifu|60/100|[from] item: Life Orb
|
|-heal|p2a: Clefable|76/100|[from] item: Leftovers
|upkeep
|turn|2
|inactive|GaijinEagle has 120 seconds left.
|
|t:|1598893226
|switch|p1a: Ferrothorn|Ferrothorn, F|100/100
|move|p2a: Clefable|Moonblast|p1a: Ferrothorn
|-resisted|p1a: Ferrothorn
|-damage|p1a: Ferrothorn|87/100
|-unboost|p1a: Ferrothorn|spa|1
|
|-heal|p2a: Clefable|82/100|[from] item: Leftovers
|-heal|p1a: Ferrothorn|93/100|[from] item: Leftovers
|upkeep
|turn|3
|inactive|LT74PF KS has 120 seconds left.
|
|t:|1598893267
|move|p1a: Ferrothorn|Knock Off|p2a: Clefable
|-resisted|p2a: Clefable
|-damage|p2a: Clefable|74/100
|-enditem|p2a: Clefable|Leftovers|[from] move: Knock Off|[of] p1a: Ferrothorn
|move|p2a: Clefable|Teleport|p2a: Clefable
|
|t:|1598893269
|switch|p2a: Urshifu|Urshifu, F|100/100|[from]move: Teleport
|
|-heal|p1a: Ferrothorn|99/100|[from] item: Leftovers
|upkeep
|turn|4
|
|t:|1598893284
|switch|p1a: Hippowdon|Hippowdon, F|100/100
|-weather|Sandstorm|[from] ability: Sand Stream|[of] p1a: Hippowdon
|move|p2a: Urshifu|Substitute|p2a: Urshifu
|-start|p2a: Urshifu|Substitute
|-damage|p2a: Urshifu|75/100
|
|-weather|Sandstorm|[upkeep]
|-damage|p2a: Urshifu|69/100|[from] Sandstorm
|-heal|p2a: Urshifu|75/100|[from] item: Leftovers
|upkeep
|turn|5
|
|t:|1598893288
|-singleturn|p2a: Urshifu|move: Focus Punch
|move|p1a: Hippowdon|Earthquake|p2a: Urshifu
|-end|p2a: Urshifu|Substitute
|move|p2a: Urshifu|Focus Punch|p1a: Hippowdon
|-damage|p1a: Hippowdon|58/100
|
|-weather|Sandstorm|[upkeep]
|-damage|p2a: Urshifu|69/100|[from] Sandstorm
|-heal|p2a: Urshifu|75/100|[from] item: Leftovers
|upkeep
|turn|6
|
|t:|1598893293
|move|p2a: Urshifu|Bulk Up|p2a: Urshifu
|-boost|p2a: Urshifu|atk|1
|-boost|p2a: Urshifu|def|1
|move|p1a: Hippowdon|Whirlwind|p2a: Urshifu
|drag|p2a: Blissey|Blissey, F|100/100
|
|-weather|Sandstorm|[upkeep]
|-damage|p2a: Blissey|94/100|[from] Sandstorm
|upkeep
|turn|7
|
|t:|1598893296
|move|p2a: Blissey|Toxic|p1a: Hippowdon
|-status|p1a: Hippowdon|tox
|move|p1a: Hippowdon|Stealth Rock|p2a: Blissey
|-sidestart|p2: LT74PF KS|move: Stealth Rock
|
|-weather|Sandstorm|[upkeep]
|-damage|p2a: Blissey|88/100|[from] Sandstorm
|-damage|p1a: Hippowdon|52/100 tox|[from] psn
|upkeep
|turn|8
|
|t:|1598893321
|switch|p1a: Excadrill|Excadrill, M|100/100
|move|p2a: Blissey|Seismic Toss|p1a: Excadrill
|-damage|p1a: Excadrill|73/100
|
|-weather|Sandstorm|[upkeep]
|-damage|p2a: Blissey|82/100|[from] Sandstorm
|upkeep
|turn|9
|
|t:|1598893340
|switch|p2a: Corviknight|Corviknight, M|100/100
|-damage|p2a: Corviknight|88/100|[from] Stealth Rock
|-ability|p2a: Corviknight|Pressure
|move|p1a: Excadrill|Iron Head|p2a: Corviknight
|-resisted|p2a: Corviknight
|-damage|p2a: Corviknight|68/100
|-damage|p1a: Excadrill|63/100|[from] item: Life Orb
|
|-weather|Sandstorm|[upkeep]
|-heal|p2a: Corviknight|74/100|[from] item: Leftovers
|upkeep
|turn|10
|
|t:|1598893367
|switch|p1a: Ferrothorn|Ferrothorn, F|99/100
|move|p2a: Corviknight|Defog|p1a: Ferrothorn
|-unboost|p1a: Ferrothorn|evasion|1
|-sideend|p2: LT74PF KS|Stealth Rock|[from] move: Defog|[of] p2a: Corviknight
|
|-weather|Sandstorm|[upkeep]
|-heal|p2a: Corviknight|80/100|[from] item: Leftovers
|-heal|p1a: Ferrothorn|100/100|[from] item: Leftovers
|upkeep
|turn|11
|
|t:|1598893385
|move|p2a: Corviknight|U-turn|p1a: Ferrothorn
|-damage|p1a: Ferrothorn|92/100
|-damage|p2a: Corviknight|68/100|[from] ability: Iron Barbs|[of] p1a: Ferrothorn
|
|t:|1598893392
|switch|p2a: Volcarona|Volcarona, F|100/100|[from]move: U-turn
|move|p1a: Ferrothorn|Knock Off|p2a: Volcarona
|-crit|p2a: Volcarona
|-damage|p2a: Volcarona|54/100
|-enditem|p2a: Volcarona|Heavy-Duty Boots|[from] move: Knock Off|[of] p1a: Ferrothorn
|
|-weather|none
|-heal|p1a: Ferrothorn|99/100|[from] item: Leftovers
|upkeep
|turn|12
|
|t:|1598893402
|switch|p1a: Hippowdon|Hippowdon, F|52/100 tox
|-weather|Sandstorm|[from] ability: Sand Stream|[of] p1a: Hippowdon
|move|p2a: Volcarona|Quiver Dance|p2a: Volcarona
|-boost|p2a: Volcarona|spa|1
|-boost|p2a: Volcarona|spd|1
|-boost|p2a: Volcarona|spe|1
|
|-weather|Sandstorm|[upkeep]
|-damage|p2a: Volcarona|48/100|[from] Sandstorm
|-damage|p1a: Hippowdon|46/100 tox|[from] psn
|upkeep
|turn|13
|
|t:|1598893405
|move|p2a: Volcarona|Fiery Dance|p1a: Hippowdon
|-damage|p1a: Hippowdon|0 fnt
|-boost|p2a: Volcarona|spa|1
|faint|p1a: Hippowdon
|
|-weather|Sandstorm|[upkeep]
|-damage|p2a: Volcarona|42/100|[from] Sandstorm
|upkeep
|
|t:|1598893409
|switch|p1a: Excadrill|Excadrill, M|63/100
|turn|14
|
|t:|1598893433
|switch|p2a: Corviknight|Corviknight, M|68/100
|-ability|p2a: Corviknight|Pressure
|move|p1a: Excadrill|Iron Head|p2a: Corviknight
|-resisted|p2a: Corviknight
|-damage|p2a: Corviknight|49/100
|-damage|p1a: Excadrill|53/100|[from] item: Life Orb
|
|-weather|Sandstorm|[upkeep]
|-heal|p2a: Corviknight|55/100|[from] item: Leftovers
|upkeep
|turn|15
|inactive|GaijinEagle has 120 seconds left.
|
|t:|1598893461
|switch|p1a: Dragapult|Dragapult, F|100/100
|move|p2a: Corviknight|Roost|p2a: Corviknight
|-heal|p2a: Corviknight|100/100
|-singleturn|p2a: Corviknight|move: Roost
|
|-weather|Sandstorm|[upkeep]
|-damage|p1a: Dragapult|95/100|[from] Sandstorm
|upkeep
|turn|16
|
|t:|1598893482
|move|p1a: Dragapult|Flamethrower|p2a: Corviknight
|-supereffective|p2a: Corviknight
|-damage|p2a: Corviknight|33/100
|-damage|p1a: Dragapult|85/100|[from] item: Life Orb
|move|p2a: Corviknight|U-turn|p1a: Dragapult
|-resisted|p1a: Dragapult
|-damage|p1a: Dragapult|75/100
|
|t:|1598893487
|switch|p2a: Zeraora|Zeraora|100/100|[from]move: U-turn
|
|-weather|Sandstorm|[upkeep]
|-damage|p2a: Zeraora|95/100|[from] Sandstorm
|-damage|p1a: Dragapult|69/100|[from] Sandstorm
|upkeep
|turn|17
|inactive|GaijinEagle has 120 seconds left.
|
|t:|1598893512
|switch|p1a: Ferrothorn|Ferrothorn, F|99/100
|move|p2a: Zeraora|Knock Off|p1a: Ferrothorn
|-damage|p1a: Ferrothorn|81/100
|-damage|p2a: Zeraora|82/100|[from] ability: Iron Barbs|[of] p1a: Ferrothorn
|-enditem|p1a: Ferrothorn|Leftovers|[from] move: Knock Off|[of] p2a: Zeraora
|
|-weather|Sandstorm|[upkeep]
|-damage|p2a: Zeraora|76/100|[from] Sandstorm
|upkeep
|turn|18
|
|t:|1598893522
|move|p2a: Zeraora|Volt Switch|p1a: Ferrothorn
|-resisted|p1a: Ferrothorn
|-damage|p1a: Ferrothorn|72/100
|
|t:|1598893529
|switch|p2a: Corviknight|Corviknight, M|33/100|[from]move: Volt Switch
|-ability|p2a: Corviknight|Pressure
|move|p1a: Ferrothorn|Knock Off|p2a: Corviknight
|-damage|p2a: Corviknight|21/100
|-enditem|p2a: Corviknight|Leftovers|[from] move: Knock Off|[of] p1a: Ferrothorn
|
|-weather|Sandstorm|[upkeep]
|upkeep
|turn|19
|
|t:|1598893543
|move|p2a: Corviknight|Roost|p2a: Corviknight
|-heal|p2a: Corviknight|71/100
|-singleturn|p2a: Corviknight|move: Roost
|move|p1a: Ferrothorn|Body Press|p2a: Corviknight
|-supereffective|p2a: Corviknight
|-damage|p2a: Corviknight|35/100
|
|-weather|none
|upkeep
|turn|20
|
|t:|1598893550
|switch|p1a: Excadrill|Excadrill, M|53/100
|move|p2a: Corviknight|Roost|p2a: Corviknight
|-heal|p2a: Corviknight|85/100
|-singleturn|p2a: Corviknight|move: Roost
|
|upkeep
|turn|21
|
|t:|1598893552
|move|p1a: Excadrill|Rock Slide|p2a: Corviknight
|-damage|p2a: Corviknight|60/100
|-damage|p1a: Excadrill|43/100|[from] item: Life Orb
|cant|p2a: Corviknight|flinch
|
|upkeep
|turn|22
|
|t:|1598893557
|switch|p1a: Dragapult|Dragapult, F|69/100
|move|p2a: Corviknight|Roost|p2a: Corviknight
|-heal|p2a: Corviknight|100/100
|-singleturn|p2a: Corviknight|move: Roost
|
|upkeep
|turn|23
|
|t:|1598893560
|switch|p2a: Blissey|Blissey, F|82/100
|move|p1a: Dragapult|Flamethrower|p2a: Blissey
|-damage|p2a: Blissey|73/100
|-damage|p1a: Dragapult|59/100|[from] item: Life Orb
|
|upkeep
|turn|24
|
|t:|1598893582
|move|p1a: Dragapult|Dragon Darts|p2a: Blissey
|-damage|p2a: Blissey|45/100
|-anim|p1a: Dragapult|Dragon Darts|p2a: Blissey
|-damage|p2a: Blissey|16/100
|-damage|p1a: Dragapult|49/100|[from] item: Life Orb
|move|p2a: Blissey|Seismic Toss|p1a: Dragapult
|-immune|p1a: Dragapult
|
|upkeep
|turn|25
|inactive|LT74PF KS has 120 seconds left.
|
|t:|1598893620
|move|p1a: Dragapult|Flamethrower|p2a: Blissey
|-damage|p2a: Blissey|7/100
|-damage|p1a: Dragapult|39/100|[from] item: Life Orb
|move|p2a: Blissey|Soft-Boiled|p2a: Blissey
|-heal|p2a: Blissey|57/100
|
|upkeep
|turn|26
|
|t:|1598893623
|move|p1a: Dragapult|Dragon Darts|p2a: Blissey
|-damage|p2a: Blissey|26/100
|-anim|p1a: Dragapult|Dragon Darts|p2a: Blissey
|-damage|p2a: Blissey|0 fnt
|-damage|p1a: Dragapult|30/100|[from] item: Life Orb
|faint|p2a: Blissey
|
|upkeep
|
|t:|1598893631
|switch|p2a: Zeraora|Zeraora|76/100
|turn|27
|
|t:|1598893638
|switch|p1a: Ferrothorn|Ferrothorn, F|72/100
|move|p2a: Zeraora|Knock Off|p1a: Ferrothorn
|-damage|p1a: Ferrothorn|60/100
|-damage|p2a: Zeraora|64/100|[from] ability: Iron Barbs|[of] p1a: Ferrothorn
|
|upkeep
|turn|28
|
|t:|1598893652
|move|p2a: Zeraora|Volt Switch|p1a: Ferrothorn
|-resisted|p1a: Ferrothorn
|-damage|p1a: Ferrothorn|51/100
|
|t:|1598893658
|switch|p2a: Clefable|Clefable, F|74/100|[from]move: Volt Switch
|move|p1a: Ferrothorn|Body Press|p2a: Clefable
|-resisted|p2a: Clefable
|-damage|p2a: Clefable|63/100
|
|upkeep
|turn|29
|
|t:|1598893676
|switch|p1a: Excadrill|Excadrill, M|43/100
|move|p2a: Clefable|Wish|p2a: Clefable
|
|upkeep
|turn|30
|
|t:|1598893683
|switch|p1a: Urshifu|Urshifu, M|60/100
|switch|p2a: Volcarona|Volcarona, F|42/100
|
|-heal|p2a: Volcarona|99/100|[from] move: Wish|[wisher] Clefable
|upkeep
|turn|31
|
|t:|1598893697
|move|p2a: Volcarona|Bug Buzz|p1a: Urshifu
|-damage|p1a: Urshifu|0 fnt
|faint|p1a: Urshifu
|
|upkeep
|
|t:|1598893705
|switch|p1a: Dragapult|Dragapult, F|30/100
|turn|32
|
|t:|1598893719
|switch|p2a: Clefable|Clefable, F|63/100
|move|p1a: Dragapult|Dragon Darts|p2a: Clefable
|-immune|p2a: Clefable
|
|upkeep
|turn|33
|
|t:|1598893725
|switch|p1a: Excadrill|Excadrill, M|43/100
|move|p2a: Clefable|Moonblast|p1a: Excadrill
|-resisted|p1a: Excadrill
|-damage|p1a: Excadrill|23/100
|-unboost|p1a: Excadrill|spa|1
|
|upkeep
|turn|34
|
|t:|1598893729
|switch|p2a: Corviknight|Corviknight, M|100/100
|-ability|p2a: Corviknight|Pressure
|move|p1a: Excadrill|Iron Head|p2a: Corviknight
|-resisted|p2a: Corviknight
|-damage|p2a: Corviknight|81/100
|-damage|p1a: Excadrill|13/100|[from] item: Life Orb
|
|upkeep
|turn|35
|
|t:|1598893738
|switch|p1a: Ferrothorn|Ferrothorn, F|51/100
|move|p2a: Corviknight|U-turn|p1a: Ferrothorn
|-damage|p1a: Ferrothorn|43/100
|-damage|p2a: Corviknight|68/100|[from] ability: Iron Barbs|[of] p1a: Ferrothorn
|
|t:|1598893742
|switch|p2a: Volcarona|Volcarona, F|99/100|[from]move: U-turn
|
|upkeep
|turn|36
|
|t:|1598893745
|move|p2a: Volcarona|Fiery Dance|p1a: Ferrothorn
|-supereffective|p1a: Ferrothorn
|-damage|p1a: Ferrothorn|0 fnt
|-boost|p2a: Volcarona|spa|1
|faint|p1a: Ferrothorn
|
|upkeep
|
|t:|1598893747
|switch|p1a: Dragapult|Dragapult, F|30/100
|turn|37
|
|t:|1598893766
|switch|p2a: Urshifu|Urshifu, F|75/100
|move|p1a: Dragapult|Dragon Darts|p2a: Urshifu
|-damage|p2a: Urshifu|54/100
|-anim|p1a: Dragapult|Dragon Darts|p2a: Urshifu
|-damage|p2a: Urshifu|30/100
|-damage|p1a: Dragapult|20/100|[from] item: Life Orb
|
|-heal|p2a: Urshifu|36/100|[from] item: Leftovers
|upkeep
|turn|38
|
|t:|1598893773
|switch|p1a: Clefable|Clefable, M|100/100
|move|p2a: Urshifu|Wicked Blow|p1a: Clefable
|-resisted|p1a: Clefable
|-crit|p1a: Clefable
|-damage|p1a: Clefable|76/100
|
|-heal|p2a: Urshifu|42/100|[from] item: Leftovers
|upkeep
|turn|39
|
|t:|1598893780
|move|p2a: Urshifu|Bulk Up|p2a: Urshifu
|-boost|p2a: Urshifu|atk|1
|-boost|p2a: Urshifu|def|1
|move|p1a: Clefable|Moonblast|p2a: Urshifu
|-supereffective|p2a: Urshifu
|-damage|p2a: Urshifu|0 fnt
|faint|p2a: Urshifu
|
|upkeep
|
|t:|1598893788
|switch|p2a: Volcarona|Volcarona, F|99/100
|turn|40
|
|t:|1598893808
|switch|p1a: Dragapult|Dragapult, F|20/100
|move|p2a: Volcarona|Quiver Dance|p2a: Volcarona
|-boost|p2a: Volcarona|spa|1
|-boost|p2a: Volcarona|spd|1
|-boost|p2a: Volcarona|spe|1
|
|upkeep
|turn|41
|
|t:|1598893812
|move|p2a: Volcarona|Fiery Dance|p1a: Dragapult
|-resisted|p1a: Dragapult
|-damage|p1a: Dragapult|0 fnt
|-boost|p2a: Volcarona|spa|1
|faint|p1a: Dragapult
|
|upkeep
|
|t:|1598893814
|switch|p1a: Clefable|Clefable, M|76/100
|turn|42
|
|t:|1598893817
|move|p2a: Volcarona|Fiery Dance|p1a: Clefable
|-damage|p1a: Clefable|7/100
|move|p1a: Clefable|Calm Mind|p1a: Clefable
|-boost|p1a: Clefable|spa|1
|-boost|p1a: Clefable|spd|1
|
|upkeep
|turn|43
|
|t:|1598893819
|move|p2a: Volcarona|Fiery Dance|p1a: Clefable
|-damage|p1a: Clefable|0 fnt
|-boost|p2a: Volcarona|spa|1
|faint|p1a: Clefable
|
|upkeep
|
|t:|1598893822
|switch|p1a: Excadrill|Excadrill, M|13/100
|turn|44
|c|☆GaijinEagle|gg
|c|☆LT74PF KS|gg
|
|t:|1598893828
|move|p2a: Volcarona|Fiery Dance|p1a: Excadrill
|-supereffective|p1a: Excadrill
|-damage|p1a: Excadrill|0 fnt
|faint|p1a: Excadrill
|
|win|LT74PF KS
|l|☆LT74PF KS
