|raw|<div class="broadcast-blue"><strong>This battle is required to be public due to a player having a name starting with 'LT73IU'.</div>
|j|☆relic stone
|j|‽LT73IU Pato
|t:|1598630959
|player|p1|relic stone|lusamine-nihilego|1814
|player|p2|LT73IU Pato|dawn|1771
|teamsize|p1|6
|teamsize|p2|6
|gametype|singles
|gen|8
|tier|[Gen 8] OU
|rated|
|clearpoke
|poke|p1|Primarina, M|
|poke|p1|Excadrill, M|
|poke|p1|Tangrowth, M|
|poke|p1|Urshifu-*, M|
|poke|p1|Toxtricity, M|
|poke|p1|Marowak-Alola, M|
|poke|p2|Zeraora|
|poke|p2|Excadrill, M|
|poke|p2|Rillaboom, M|
|poke|p2|Volcarona, M|
|poke|p2|Urshifu-*, M|
|poke|p2|Azumarill, M|
|rule|Sleep Clause Mod: Limit one foe put to sleep
|rule|Species Clause: Limit one of each Pokémon
|rule|OHKO Clause: OHKO moves are banned
|rule|Evasion Moves Clause: Evasion moves are banned
|rule|Endless Battle Clause: Forcing endless battles is banned
|rule|HP Percentage Mod: HP is shown in percentages
|rule|Dynamax Clause: You cannot dynamax
|teampreview
|c|☆relic stone|hf
|
|t:|1598630969
|start
|switch|p1a: Celestine|Primarina, M|100/100
|switch|p2a: Zeraora|Zeraora, shiny|100/100
|turn|1
|
|t:|1598630982
|switch|p1a: Ramen|Tangrowth, M|100/100
|move|p2a: Zeraora|Volt Switch|p1a: Ramen
|-resisted|p1a: Ramen
|-damage|p1a: Ramen|81/100
|
|t:|1598630986
|switch|p2a: Excadrill|Excadrill, M, shiny|100/100|[from]move: Volt Switch
|-ability|p2a: Excadrill|Mold Breaker
|
|upkeep
|turn|2
|
|t:|1598630989
|move|p2a: Excadrill|Toxic|p1a: Ramen
|-status|p1a: Ramen|tox
|move|p1a: Ramen|Sleep Powder|p2a: Excadrill
|-status|p2a: Excadrill|slp|[from] move: Sleep Powder
|
|-damage|p1a: Ramen|75/100 tox|[from] psn
|upkeep
|turn|3
|
|t:|1598630997
|switch|p2a: Azumarill|Azumarill, M|100/100
|switch|p1a: Silhouette|Urshifu, M|100/100
|
|upkeep
|turn|4
|
|t:|1598631017
|switch|p1a: Impaler|Excadrill, M, shiny|100/100
|-ability|p1a: Impaler|Mold Breaker
|move|p2a: Azumarill|Toxic|p1a: Impaler
|-immune|p1a: Impaler
|
|upkeep
|turn|5
|
|t:|1598631022
|move|p1a: Impaler|Stealth Rock|p2a: Azumarill
|-sidestart|p2: LT73IU Pato|move: Stealth Rock
|move|p2a: Azumarill|Whirlpool|p1a: Impaler
|-supereffective|p1a: Impaler
|-damage|p1a: Impaler|89/100
|-activate|p1a: Impaler|move: Whirlpool|[of] p2a: Azumarill
|
|-heal|p1a: Impaler|95/100|[from] item: Leftovers
|-damage|p1a: Impaler|82/100|[from] move: Whirlpool|[partiallytrapped]
|upkeep
|turn|6
|
|t:|1598631026
|move|p1a: Impaler|Earthquake|p2a: Azumarill
|-damage|p2a: Azumarill|69/100
|move|p2a: Azumarill|Whirlpool|p1a: Impaler
|-supereffective|p1a: Impaler
|-damage|p1a: Impaler|71/100
|
|-heal|p1a: Impaler|77/100|[from] item: Leftovers
|-heal|p2a: Azumarill|75/100|[from] item: Leftovers
|-damage|p1a: Impaler|64/100|[from] move: Whirlpool|[partiallytrapped]
|upkeep
|turn|7
|
|t:|1598631031
|move|p2a: Azumarill|Protect|p2a: Azumarill
|-singleturn|p2a: Azumarill|Protect
|move|p1a: Impaler|Earthquake|p2a: Azumarill
|-activate|p2a: Azumarill|move: Protect
|
|-heal|p1a: Impaler|70/100|[from] item: Leftovers
|-heal|p2a: Azumarill|82/100|[from] item: Leftovers
|-damage|p1a: Impaler|58/100|[from] move: Whirlpool|[partiallytrapped]
|upkeep
|turn|8
|
|t:|1598631035
|move|p1a: Impaler|Earthquake|p2a: Azumarill
|-damage|p2a: Azumarill|48/100
|move|p2a: Azumarill|Whirlpool|p1a: Impaler
|-supereffective|p1a: Impaler
|-damage|p1a: Impaler|46/100
|
|-heal|p1a: Impaler|52/100|[from] item: Leftovers
|-heal|p2a: Azumarill|54/100|[from] item: Leftovers
|-damage|p1a: Impaler|40/100|[from] move: Whirlpool|[partiallytrapped]
|upkeep
|turn|9
|
|t:|1598631039
|move|p2a: Azumarill|Protect|p2a: Azumarill
|-singleturn|p2a: Azumarill|Protect
|move|p1a: Impaler|Earthquake|p2a: Azumarill
|-activate|p2a: Azumarill|move: Protect
|
|-heal|p1a: Impaler|46/100|[from] item: Leftovers
|-heal|p2a: Azumarill|60/100|[from] item: Leftovers
|-damage|p1a: Impaler|33/100|[from] move: Whirlpool|[partiallytrapped]
|upkeep
|turn|10
|
|t:|1598631044
|move|p1a: Impaler|Earthquake|p2a: Azumarill
|-damage|p2a: Azumarill|30/100
|move|p2a: Azumarill|Whirlpool|p1a: Impaler
|-supereffective|p1a: Impaler
|-damage|p1a: Impaler|19/100
|
|-heal|p1a: Impaler|25/100|[from] item: Leftovers
|-heal|p2a: Azumarill|36/100|[from] item: Leftovers
|-end|p1a: Impaler|Whirlpool|[partiallytrapped]
|upkeep
|turn|11
|
|t:|1598631051
|move|p1a: Impaler|Earthquake|p2a: Azumarill
|-damage|p2a: Azumarill|6/100
|move|p2a: Azumarill|Whirlpool|p1a: Impaler
|-supereffective|p1a: Impaler
|-damage|p1a: Impaler|13/100
|-activate|p1a: Impaler|move: Whirlpool|[of] p2a: Azumarill
|
|-heal|p1a: Impaler|20/100|[from] item: Leftovers
|-heal|p2a: Azumarill|12/100|[from] item: Leftovers
|-damage|p1a: Impaler|7/100|[from] move: Whirlpool|[partiallytrapped]
|upkeep
|turn|12
|
|t:|1598631055
|move|p2a: Azumarill|Protect|p2a: Azumarill
|-singleturn|p2a: Azumarill|Protect
|move|p1a: Impaler|Earthquake|p2a: Azumarill
|-activate|p2a: Azumarill|move: Protect
|
|-heal|p1a: Impaler|13/100|[from] item: Leftovers
|-heal|p2a: Azumarill|19/100|[from] item: Leftovers
|-damage|p1a: Impaler|1/100|[from] move: Whirlpool|[partiallytrapped]
|upkeep
|turn|13
|
|t:|1598631060
|switch|p2a: Rillaboom|Rillaboom, M|100/100
|-damage|p2a: Rillaboom|88/100|[from] Stealth Rock
|-fieldstart|move: Grassy Terrain|[from] ability: Grassy Surge|[of] p2a: Rillaboom
|move|p1a: Impaler|Earthquake|p2a: Rillaboom
|-resisted|p2a: Rillaboom
|-damage|p2a: Rillaboom|75/100
|
|-heal|p2a: Rillaboom|81/100|[from] Grassy Terrain
|-heal|p1a: Impaler|7/100|[from] item: Leftovers
|-heal|p1a: Impaler|13/100|[from] Grassy Terrain
|-end|p1a: Impaler|Whirlpool|[partiallytrapped]|[silent]
|upkeep
|turn|14
|
|t:|1598631069
|switch|p2a: Azumarill|Azumarill, M|19/100
|-damage|p2a: Azumarill|6/100|[from] Stealth Rock
|move|p1a: Impaler|Toxic|p2a: Azumarill
|-status|p2a: Azumarill|tox
|
|-heal|p1a: Impaler|19/100|[from] item: Leftovers
|-heal|p1a: Impaler|25/100|[from] Grassy Terrain
|-heal|p2a: Azumarill|12/100 tox|[from] item: Leftovers
|-heal|p2a: Azumarill|19/100 tox|[from] Grassy Terrain
|-damage|p2a: Azumarill|12/100 tox|[from] psn
|upkeep
|turn|15
|
|t:|1598631074
|move|p1a: Impaler|Earthquake|p2a: Azumarill
|-damage|p2a: Azumarill|0 fnt
|faint|p2a: Azumarill
|
|-heal|p1a: Impaler|31/100|[from] item: Leftovers
|-heal|p1a: Impaler|38/100|[from] Grassy Terrain
|upkeep
|
|t:|1598631079
|switch|p2a: Urshifu|Urshifu, M|100/100
|-damage|p2a: Urshifu|94/100|[from] Stealth Rock
|turn|16
|
|t:|1598631082
|move|p2a: Urshifu|Wicked Blow|p1a: Impaler
|-crit|p1a: Impaler
|-damage|p1a: Impaler|0 fnt
|-damage|p2a: Urshifu|84/100|[from] item: Life Orb
|faint|p1a: Impaler
|
|-heal|p2a: Urshifu|91/100|[from] Grassy Terrain
|upkeep
|
|t:|1598631087
|switch|p1a: Celestine|Primarina, M|100/100
|turn|17
|
|t:|1598631094
|switch|p2a: Zeraora|Zeraora, shiny|100/100
|-damage|p2a: Zeraora|88/100|[from] Stealth Rock
|move|p1a: Celestine|Draining Kiss|p2a: Zeraora
|-damage|p2a: Zeraora|63/100
|
|-heal|p2a: Zeraora|69/100|[from] Grassy Terrain
|-fieldend|move: Grassy Terrain
|upkeep
|turn|18
|
|t:|1598631099
|switch|p1a: Ramen|Tangrowth, M|100/100 tox
|move|p2a: Zeraora|Volt Switch|p1a: Ramen
|-resisted|p1a: Ramen
|-damage|p1a: Ramen|82/100 tox
|
|t:|1598631102
|switch|p2a: Urshifu|Urshifu, M|91/100|[from]move: Volt Switch
|-damage|p2a: Urshifu|84/100|[from] Stealth Rock
|
|-damage|p1a: Ramen|76/100 tox|[from] psn
|upkeep
|turn|19
|
|t:|1598631106
|move|p2a: Urshifu|Bulk Up|p2a: Urshifu
|-boost|p2a: Urshifu|atk|1
|-boost|p2a: Urshifu|def|1
|move|p1a: Ramen|Sludge Bomb|p2a: Urshifu
|-damage|p2a: Urshifu|51/100
|-status|p2a: Urshifu|psn
|
|-damage|p2a: Urshifu|39/100 psn|[from] psn
|-damage|p1a: Ramen|64/100 tox|[from] psn
|upkeep
|turn|20
|
|t:|1598631111
|move|p2a: Urshifu|Wicked Blow|p1a: Ramen
|-crit|p1a: Ramen
|-damage|p1a: Ramen|0 fnt
|-damage|p2a: Urshifu|22/100 psn|[from] item: Rocky Helmet|[of] p1a: Ramen
|-damage|p2a: Urshifu|12/100 psn|[from] item: Life Orb
|faint|p1a: Ramen
|
|-damage|p2a: Urshifu|0 fnt|[from] psn
|faint|p2a: Urshifu
|upkeep
|
|t:|1598631120
|switch|p2a: Zeraora|Zeraora, shiny|69/100
|switch|p1a: Silhouette|Urshifu, M|100/100
|-damage|p2a: Zeraora|57/100|[from] Stealth Rock
|turn|21
|
|t:|1598631123
|move|p1a: Silhouette|Sucker Punch|p2a: Zeraora
|-damage|p2a: Zeraora|0 fnt
|-damage|p1a: Silhouette|91/100|[from] item: Life Orb
|faint|p2a: Zeraora
|
|upkeep
|
|t:|1598631131
|switch|p2a: Volcarona|Volcarona, M, shiny|100/100
|turn|22
|
|t:|1598631137
|move|p1a: Silhouette|Bulk Up|p1a: Silhouette
|-boost|p1a: Silhouette|atk|1
|-boost|p1a: Silhouette|def|1
|move|p2a: Volcarona|Flamethrower|p1a: Silhouette
|-damage|p1a: Silhouette|31/100
|
|upkeep
|turn|23
|
|t:|1598631140
|move|p1a: Silhouette|Wicked Blow|p2a: Volcarona
|-crit|p2a: Volcarona
|-damage|p2a: Volcarona|0 fnt
|-status|p1a: Silhouette|brn|[from] ability: Flame Body|[of] p2a: Volcarona
|-damage|p1a: Silhouette|22/100 brn|[from] item: Life Orb
|faint|p2a: Volcarona
|
|-damage|p1a: Silhouette|15/100 brn|[from] brn
|upkeep
|
|t:|1598631145
|switch|p2a: Rillaboom|Rillaboom, M|81/100
|-damage|p2a: Rillaboom|69/100|[from] Stealth Rock
|-fieldstart|move: Grassy Terrain|[from] ability: Grassy Surge|[of] p2a: Rillaboom
|turn|24
|
|t:|1598631148
|move|p1a: Silhouette|Wicked Blow|p2a: Rillaboom
|-crit|p2a: Rillaboom
|-damage|p2a: Rillaboom|0 fnt
|-damage|p1a: Silhouette|5/100 brn|[from] item: Life Orb
|faint|p2a: Rillaboom
|
|-heal|p1a: Silhouette|12/100 brn|[from] Grassy Terrain
|-damage|p1a: Silhouette|5/100 brn|[from] brn
|upkeep
|-message|LT73IU Pato forfeited.
|
|win|relic stone
|l|‽LT73IU Pato
