|j|☆Only Blakyz
|j|☆Arnaud senju vgc
|player|p1|Only Blakyz|zinnia|1529
|player|p2|Arnaud senju vgc|102|1541
|teamsize|p1|6
|teamsize|p2|6
|gametype|singles
|gen|8
|tier|[Gen 8] OU
|rated|
|clearpoke
|poke|p1|Rillaboom, F|
|poke|p1|Hawlucha, F|
|poke|p1|Excadrill, F|
|poke|p1|Clefable, F|
|poke|p1|Corviknight, F|
|poke|p1|Kommo-o, F|
|poke|p2|Chandelure, F|
|poke|p2|Hydreigon, M|
|poke|p2|Conkeldurr, M|
|poke|p2|Corviknight, F|
|poke|p2|Clefable, F|
|poke|p2|Mamoswine, F|
|rule|Sleep Clause Mod: Limit one foe put to sleep
|rule|Species Clause: Limit one of each Pokémon
|rule|OHKO Clause: OHKO moves are banned
|rule|Evasion Moves Clause: Evasion moves are banned
|rule|Endless Battle Clause: Forcing endless battles is banned
|rule|HP Percentage Mod: HP is shown in percentages
|rule|Dynamax Clause: You cannot dynamax
|teampreview
|inactive|Battle timer is ON: inactive players will automatically lose when time's up. (requested by Arnaud senju vgc)
|
|start
|switch|p1a: Kommo-o|Kommo-o, F|100/100
|switch|p2a: Corviknight|Corviknight, F|100/100
|-ability|p2a: Corviknight|Pressure
|turn|1
|
|move|p1a: Kommo-o|Iron Defense|p1a: Kommo-o
|-boost|p1a: Kommo-o|def|2
|move|p2a: Corviknight|U-turn|p1a: Kommo-o
|-resisted|p1a: Kommo-o
|-damage|p1a: Kommo-o|98/100
|
|switch|p2a: Chandelure|Chandelure, F|100/100|[from]move: U-turn
|
|-heal|p1a: Kommo-o|100/100|[from] item: Leftovers
|upkeep
|turn|2
|
|move|p2a: Chandelure|Psychic|p1a: Kommo-o
|-supereffective|p1a: Kommo-o
|-damage|p1a: Kommo-o|0 fnt
|faint|p1a: Kommo-o
|
|upkeep
|
|switch|p1a: Clefable|Clefable, F|100/100
|turn|3
|
|move|p2a: Chandelure|Psychic|p1a: Clefable
|-damage|p1a: Clefable|55/100
|move|p1a: Clefable|Calm Mind|p1a: Clefable
|-boost|p1a: Clefable|spa|1
|-boost|p1a: Clefable|spd|1
|
|upkeep
|turn|4
|
|switch|p2a: Corviknight|Corviknight, F|100/100
|-ability|p2a: Corviknight|Pressure
|move|p1a: Clefable|Soft-Boiled|p1a: Clefable
|-heal|p1a: Clefable|100/100
|
|upkeep
|turn|5
|
|move|p2a: Corviknight|U-turn|p1a: Clefable
|-resisted|p1a: Clefable
|-damage|p1a: Clefable|92/100
|
|switch|p2a: Chandelure|Chandelure, F|100/100|[from]move: U-turn
|move|p1a: Clefable|Flamethrower|p2a: Chandelure
|-start|p2a: Chandelure|ability: Flash Fire
|
|upkeep
|turn|6
|
|move|p2a: Chandelure|Flamethrower|p1a: Clefable
|-damage|p1a: Clefable|24/100
|move|p1a: Clefable|Soft-Boiled|p1a: Clefable
|-heal|p1a: Clefable|74/100
|
|upkeep
|turn|7
|
|move|p2a: Chandelure|Flamethrower|p1a: Clefable
|-damage|p1a: Clefable|3/100
|move|p1a: Clefable|Moonblast|p2a: Chandelure
|-resisted|p2a: Chandelure
|-damage|p2a: Chandelure|38/100
|
|upkeep
|turn|8
|
|move|p2a: Chandelure|Flamethrower|p1a: Clefable
|-crit|p1a: Clefable
|-damage|p1a: Clefable|0 fnt
|faint|p1a: Clefable
|
|upkeep
|
|switch|p1a: Excadrill|Excadrill, F|100/100
|-ability|p1a: Excadrill|Mold Breaker
|turn|9
|inactive|Only Blakyz has 120 seconds left.
|
|switch|p1a: Rillaboom|Rillaboom, F|100/100
|-fieldstart|move: Grassy Terrain|[from] ability: Grassy Surge|[of] p1a: Rillaboom
|-end|p2a: Chandelure|ability: Flash Fire|[silent]
|switch|p2a: Corviknight|Corviknight, F|100/100
|-ability|p2a: Corviknight|Pressure
|
|upkeep
|turn|10
|
|move|p1a: Rillaboom|Knock Off|p2a: Corviknight
|-damage|p2a: Corviknight|82/100
|-enditem|p2a: Corviknight|Leftovers|[from] move: Knock Off|[of] p1a: Rillaboom
|move|p2a: Corviknight|U-turn|p1a: Rillaboom
|-supereffective|p1a: Rillaboom
|-crit|p1a: Rillaboom
|-damage|p1a: Rillaboom|55/100
|
|switch|p2a: Clefable|Clefable, F, shiny|100/100|[from]move: U-turn
|
|-heal|p1a: Rillaboom|61/100|[from] Grassy Terrain
|upkeep
|turn|11
|
|switch|p1a: Excadrill|Excadrill, F|100/100
|-ability|p1a: Excadrill|Mold Breaker
|move|p2a: Clefable|Moonblast|p1a: Excadrill
|-resisted|p1a: Excadrill
|-damage|p1a: Excadrill|68/100
|-unboost|p1a: Excadrill|spa|1
|
|-heal|p1a: Excadrill|74/100|[from] Grassy Terrain
|upkeep
|turn|12
|
|switch|p2a: Corviknight|Corviknight, F|82/100
|-ability|p2a: Corviknight|Pressure
|move|p1a: Excadrill|Iron Head|p2a: Corviknight
|-resisted|p2a: Corviknight
|-damage|p2a: Corviknight|70/100
|
|-heal|p1a: Excadrill|80/100|[from] Grassy Terrain
|upkeep
|turn|13
|
|move|p1a: Excadrill|Iron Head|p2a: Corviknight
|-resisted|p2a: Corviknight
|-damage|p2a: Corviknight|56/100
|cant|p2a: Corviknight|flinch
|
|-heal|p1a: Excadrill|86/100|[from] Grassy Terrain
|-fieldend|move: Grassy Terrain
|upkeep
|turn|14
|
|switch|p1a: Rillaboom|Rillaboom, F|61/100
|-fieldstart|move: Grassy Terrain|[from] ability: Grassy Surge|[of] p1a: Rillaboom
|move|p2a: Corviknight|Body Press|p1a: Rillaboom
|-damage|p1a: Rillaboom|30/100
|
|-heal|p1a: Rillaboom|37/100|[from] Grassy Terrain
|upkeep
|turn|15
|
|move|p1a: Rillaboom|Wood Hammer|p2a: Corviknight
|-resisted|p2a: Corviknight
|-damage|p2a: Corviknight|44/100
|-damage|p1a: Rillaboom|32/100|[from] Recoil
|move|p2a: Corviknight|U-turn|p1a: Rillaboom
|-supereffective|p1a: Rillaboom
|-damage|p1a: Rillaboom|0 fnt
|faint|p1a: Rillaboom
|
|switch|p2a: Mamoswine|Mamoswine, F|100/100|[from]move: U-turn
|
|upkeep
|
|switch|p1a: Excadrill|Excadrill, F|86/100
|-ability|p1a: Excadrill|Mold Breaker
|turn|16
|
|switch|p1a: Hawlucha|Hawlucha, F|100/100
|-enditem|p1a: Hawlucha|Grassy Seed
|-boost|p1a: Hawlucha|def|1|[from] item: Grassy Seed
|switch|p2a: Corviknight|Corviknight, F|44/100
|-ability|p2a: Corviknight|Pressure
|
|upkeep
|turn|17
|
|move|p1a: Hawlucha|Swords Dance|p1a: Hawlucha
|-boost|p1a: Hawlucha|atk|2
|move|p2a: Corviknight|Body Press|p1a: Hawlucha
|-resisted|p1a: Hawlucha
|-damage|p1a: Hawlucha|88/100
|
|upkeep
|turn|18
|
|move|p1a: Hawlucha|Close Combat|p2a: Corviknight
|-damage|p2a: Corviknight|0 fnt
|-unboost|p1a: Hawlucha|def|1
|-unboost|p1a: Hawlucha|spd|1
|faint|p2a: Corviknight
|
|-fieldend|move: Grassy Terrain
|upkeep
|
|switch|p2a: Hydreigon|Hydreigon, M|100/100
|turn|19
|
|move|p1a: Hawlucha|Close Combat|p2a: Hydreigon
|-supereffective|p2a: Hydreigon
|-damage|p2a: Hydreigon|0 fnt
|-unboost|p1a: Hawlucha|def|1
|-unboost|p1a: Hawlucha|spd|1
|faint|p2a: Hydreigon
|
|upkeep
|
|switch|p2a: Mamoswine|Mamoswine, F|100/100
|turn|20
|
|switch|p1a: Excadrill|Excadrill, F|86/100
|-ability|p1a: Excadrill|Mold Breaker
|move|p2a: Mamoswine|Ice Shard|p1a: Excadrill
|-damage|p1a: Excadrill|41/100
|-damage|p2a: Mamoswine|91/100|[from] item: Life Orb
|
|upkeep
|turn|21
|
|switch|p1a: Corviknight|Corviknight, F|100/100
|-ability|p1a: Corviknight|Pressure
|move|p2a: Mamoswine|Ice Shard|p1a: Corviknight
|-damage|p1a: Corviknight|78/100
|-damage|p2a: Mamoswine|81/100|[from] item: Life Orb
|
|upkeep
|turn|22
|
|switch|p2a: Chandelure|Chandelure, F|38/100
|switch|p1a: Excadrill|Excadrill, F|41/100
|-ability|p1a: Excadrill|Mold Breaker
|
|upkeep
|turn|23
|
|move|p1a: Excadrill|High Horsepower|p2a: Chandelure
|-supereffective|p2a: Chandelure
|-damage|p2a: Chandelure|0 fnt
|faint|p2a: Chandelure
|
|upkeep
|
|switch|p2a: Conkeldurr|Conkeldurr, M|100/100
|turn|24
|
|switch|p1a: Corviknight|Corviknight, F|78/100
|-ability|p1a: Corviknight|Pressure
|move|p2a: Conkeldurr|Drain Punch|p1a: Corviknight
|-damage|p1a: Corviknight|39/100
|-damage|p2a: Conkeldurr|84/100|[from] item: Rocky Helmet|[of] p1a: Corviknight
|
|-status|p2a: Conkeldurr|brn|[from] item: Flame Orb
|upkeep
|turn|25
|
|move|p1a: Corviknight|Roost|p1a: Corviknight
|-heal|p1a: Corviknight|89/100
|-singleturn|p1a: Corviknight|move: Roost
|move|p2a: Conkeldurr|Drain Punch|p1a: Corviknight
|-supereffective|p1a: Corviknight
|-damage|p1a: Corviknight|0 fnt
|-heal|p2a: Conkeldurr|100/100 brn|[from] drain|[of] p1a: Corviknight
|-damage|p2a: Conkeldurr|84/100 brn|[from] item: Rocky Helmet|[of] p1a: Corviknight
|faint|p1a: Corviknight
|
|-damage|p2a: Conkeldurr|78/100 brn|[from] brn
|upkeep
|
|switch|p1a: Hawlucha|Hawlucha, F|88/100
|turn|26
|
|move|p1a: Hawlucha|Acrobatics|p2a: Conkeldurr
|-supereffective|p2a: Conkeldurr
|-damage|p2a: Conkeldurr|0 fnt
|faint|p2a: Conkeldurr
|
|upkeep
|
|switch|p2a: Mamoswine|Mamoswine, F|81/100
|turn|27
|
|move|p2a: Mamoswine|Ice Shard|p1a: Hawlucha
|-supereffective|p1a: Hawlucha
|-damage|p1a: Hawlucha|8/100
|-damage|p2a: Mamoswine|71/100|[from] item: Life Orb
|move|p1a: Hawlucha|Close Combat|p2a: Mamoswine
|-supereffective|p2a: Mamoswine
|-damage|p2a: Mamoswine|0 fnt
|-unboost|p1a: Hawlucha|def|1
|-unboost|p1a: Hawlucha|spd|1
|faint|p2a: Mamoswine
|
|upkeep
|
|switch|p2a: Clefable|Clefable, F, shiny|100/100
|turn|28
|
|move|p1a: Hawlucha|Acrobatics|p2a: Clefable
|-damage|p2a: Clefable|41/100
|move|p2a: Clefable|Moonblast|p1a: Hawlucha
|-supereffective|p1a: Hawlucha
|-damage|p1a: Hawlucha|0 fnt
|faint|p1a: Hawlucha
|
|upkeep
|-message|Arnaud senju vgc forfeited.
|
|win|Only Blakyz
|l|☆Arnaud senju vgc
|c|☆Only Blakyz|i came back
|raw|Only Blakyz's rating: 1529 &rarr; <strong>1550</strong><br />(+21 for winning)
|raw|Arnaud senju vgc's rating: 1541 &rarr; <strong>1520</strong><br />(-21 for losing)
