|j|☆PANDA EXPRESS HR
|j|☆crescendoww
|t:|1667838896
|gametype|singles
|player|p1|PANDA EXPRESS HR|1|1578
|player|p2|crescendoww|falkner|1697
|teamsize|p1|6
|teamsize|p2|6
|gen|8
|tier|[Gen 8] OU
|rated|
|rule|Sleep Clause Mod: Limit one foe put to sleep
|rule|Species Clause: Limit one of each Pokémon
|rule|OHKO Clause: OHKO moves are banned
|rule|Evasion Items Clause: Evasion items are banned
|rule|Evasion Moves Clause: Evasion moves are banned
|rule|Endless Battle Clause: Forcing endless battles is banned
|rule|HP Percentage Mod: HP is shown in percentages
|rule|Dynamax Clause: You cannot dynamax
|clearpoke
|poke|p1|Suicune|
|poke|p1|Tangrowth, M|
|poke|p1|Moltres|
|poke|p1|Landorus-Therian, M|
|poke|p1|Blissey, F|
|poke|p1|Polteageist|
|poke|p2|Volcarona, M|
|poke|p2|Zygarde-10%|
|poke|p2|Jirachi|
|poke|p2|Rillaboom, F|
|poke|p2|Tornadus-Therian, M|
|poke|p2|Bisharp, F|
|teampreview
|
|t:|1667838930
|start
|switch|p1a: Moltres|Moltres|100/100
|switch|p2a: Rillaboom|Rillaboom, F|100/100
|-fieldstart|move: Grassy Terrain|[from] ability: Grassy Surge|[of] p2a: Rillaboom
|turn|1
|
|t:|1667838939
|switch|p2a: Tornadus|Tornadus-Therian, M|100/100
|move|p1a: Moltres|U-turn|p2a: Tornadus
|-resisted|p2a: Tornadus
|-damage|p2a: Tornadus|92/100
|
|t:|1667838947
|switch|p1a: Landorus|Landorus-Therian, M|100/100|[from]move: U-turn
|-ability|p1a: Landorus|Intimidate|boost
|-unboost|p2a: Tornadus|atk|1
|
|upkeep
|turn|2
|
|t:|1667838952
|switch|p2a: Rillaboom|Rillaboom, F|100/100
|move|p1a: Landorus|Knock Off|p2a: Rillaboom
|-damage|p2a: Rillaboom|66/100
|-enditem|p2a: Rillaboom|Leftovers|[from] move: Knock Off|[of] p1a: Landorus
|
|-heal|p2a: Rillaboom|72/100|[from] Grassy Terrain
|upkeep
|turn|3
|
|t:|1667838956
|switch|p1a: Moltres|Moltres|100/100
|move|p2a: Rillaboom|Knock Off|p1a: Moltres
|-damage|p1a: Moltres|83/100
|-enditem|p1a: Moltres|Heavy-Duty Boots|[from] move: Knock Off|[of] p2a: Rillaboom
|
|-heal|p2a: Rillaboom|79/100|[from] Grassy Terrain
|upkeep
|turn|4
|
|t:|1667838962
|switch|p2a: Tornadus|Tornadus-Therian, M|100/100
|move|p1a: Moltres|Flamethrower|p2a: Tornadus
|-damage|p2a: Tornadus|61/100
|
|upkeep
|turn|5
|
|t:|1667838968
|move|p2a: Tornadus|Hurricane|p1a: Moltres
|-damage|p1a: Moltres|41/100
|move|p1a: Moltres|U-turn|p2a: Tornadus
|-resisted|p2a: Tornadus
|-damage|p2a: Tornadus|53/100
|
|t:|1667838971
|switch|p1a: Blissey|Blissey, F|100/100|[from]move: U-turn
|
|-fieldend|move: Grassy Terrain
|upkeep
|turn|6
|
|t:|1667838975
|move|p2a: Tornadus|U-turn|p1a: Blissey
|-damage|p1a: Blissey|89/100
|
|t:|1667838976
|switch|p2a: Bisharp|Bisharp, F|100/100|[from]move: U-turn
|move|p1a: Blissey|Stealth Rock|p2a: Bisharp
|-sidestart|p2: crescendoww|move: Stealth Rock
|
|upkeep
|turn|7
|
|t:|1667838980
|switch|p1a: Tangrowth|Tangrowth, M|100/100
|move|p2a: Bisharp|Stealth Rock|p1a: Tangrowth
|-sidestart|p1: PANDA EXPRESS HR|move: Stealth Rock
|
|upkeep
|turn|8
|
|t:|1667838984
|switch|p2a: Tornadus|Tornadus-Therian, M|86/100
|move|p1a: Tangrowth|Leech Seed|p2a: Tornadus
|-start|p2a: Tornadus|move: Leech Seed
|
|-damage|p2a: Tornadus|74/100|[from] Leech Seed|[of] p1a: Tangrowth
|upkeep
|turn|9
|
|t:|1667838991
|switch|p1a: Blissey|Blissey, F|89/100
|move|p2a: Tornadus|U-turn|p1a: Blissey
|-crit|p1a: Blissey
|-damage|p1a: Blissey|70/100
|
|t:|1667838994
|switch|p2a: Bisharp|Bisharp, F|100/100|[from]move: U-turn
|-damage|p2a: Bisharp|94/100|[from] Stealth Rock
|
|-heal|p2a: Bisharp|100/100|[from] item: Leftovers
|upkeep
|turn|10
|
|t:|1667838999
|switch|p1a: Moltres|Moltres|41/100
|-damage|p1a: Moltres|0 fnt|[from] Stealth Rock
|faint|p1a: Moltres
|move|p2a: Bisharp|Toxic|p1: Moltres|[notarget]
|-fail|p2a: Bisharp
|
|upkeep
|
|t:|1667839003
|switch|p1a: Tangrowth|Tangrowth, M|100/100
|-damage|p1a: Tangrowth|88/100|[from] Stealth Rock
|turn|11
|
|t:|1667839009
|switch|p2a: Tornadus|Tornadus-Therian, M|100/100
|move|p1a: Tangrowth|Leech Seed|p2a: Tornadus
|-start|p2a: Tornadus|move: Leech Seed
|
|-damage|p2a: Tornadus|88/100|[from] Leech Seed|[of] p1a: Tangrowth
|-heal|p1a: Tangrowth|99/100|[silent]
|upkeep
|turn|12
|inactive|Battle timer is ON: inactive players will automatically lose when time's up. (requested by crescendoww)
|
|t:|1667839048
|move|p2a: Tornadus|Defog|p1a: Tangrowth
|-unboost|p1a: Tangrowth|evasion|1
|-sideend|p1: PANDA EXPRESS HR|Stealth Rock|[from] move: Defog|[of] p2a: Tornadus
|-sideend|p2: crescendoww|Stealth Rock|[from] move: Defog|[of] p2a: Tornadus
|move|p1a: Tangrowth|Toxic|p2a: Tornadus
|-status|p2a: Tornadus|tox
|
|-damage|p2a: Tornadus|76/100 tox|[from] Leech Seed|[of] p1a: Tangrowth
|-heal|p1a: Tangrowth|100/100|[silent]
|-damage|p2a: Tornadus|69/100 tox|[from] psn
|upkeep
|turn|13
|
|t:|1667839054
|switch|p1a: Landorus|Landorus-Therian, M|100/100
|-ability|p1a: Landorus|Intimidate|boost
|-unboost|p2a: Tornadus|atk|1
|move|p2a: Tornadus|U-turn|p1a: Landorus
|-resisted|p1a: Landorus
|-damage|p1a: Landorus|95/100
|
|t:|1667839059
|switch|p2a: Rillaboom|Rillaboom, F|79/100|[from]move: U-turn
|-fieldstart|move: Grassy Terrain|[from] ability: Grassy Surge|[of] p2a: Rillaboom
|
|-heal|p2a: Rillaboom|85/100|[from] Grassy Terrain
|upkeep
|turn|14
|
|t:|1667839062
|move|p2a: Rillaboom|Protect|p2a: Rillaboom
|-singleturn|p2a: Rillaboom|Protect
|move|p1a: Landorus|U-turn|p2a: Rillaboom
|-activate|p2a: Rillaboom|move: Protect
|
|-heal|p2a: Rillaboom|91/100|[from] Grassy Terrain
|upkeep
|turn|15
|
|t:|1667839067
|move|p1a: Landorus|U-turn|p2a: Rillaboom
|-supereffective|p2a: Rillaboom
|-damage|p2a: Rillaboom|41/100
|
|t:|1667839070
|switch|p1a: Tangrowth|Tangrowth, M|100/100|[from]move: U-turn
|move|p2a: Rillaboom|Knock Off|p1a: Tangrowth
|-damage|p1a: Tangrowth|87/100
|-damage|p2a: Rillaboom|25/100|[from] item: Rocky Helmet|[of] p1a: Tangrowth
|-enditem|p1a: Tangrowth|Rocky Helmet|[from] move: Knock Off|[of] p2a: Rillaboom
|
|-heal|p2a: Rillaboom|31/100|[from] Grassy Terrain
|-heal|p1a: Tangrowth|93/100|[from] Grassy Terrain
|upkeep
|turn|16
|
|t:|1667839074
|move|p2a: Rillaboom|Protect|p2a: Rillaboom
|-singleturn|p2a: Rillaboom|Protect
|move|p1a: Tangrowth|Toxic|p2a: Rillaboom
|-activate|p2a: Rillaboom|move: Protect
|
|-heal|p2a: Rillaboom|37/100|[from] Grassy Terrain
|-heal|p1a: Tangrowth|99/100|[from] Grassy Terrain
|upkeep
|turn|17
|
|t:|1667839078
|move|p2a: Rillaboom|U-turn|p1a: Tangrowth
|-supereffective|p1a: Tangrowth
|-damage|p1a: Tangrowth|77/100
|
|t:|1667839080
|switch|p2a: Tornadus|Tornadus-Therian, M|100/100 tox|[from]move: U-turn
|move|p1a: Tangrowth|Leech Seed|p2a: Tornadus
|-start|p2a: Tornadus|move: Leech Seed
|
|-heal|p1a: Tangrowth|83/100|[from] Grassy Terrain
|-damage|p2a: Tornadus|88/100 tox|[from] Leech Seed|[of] p1a: Tangrowth
|-heal|p1a: Tangrowth|94/100|[silent]
|-damage|p2a: Tornadus|82/100 tox|[from] psn
|-fieldend|move: Grassy Terrain
|upkeep
|turn|18
|
|t:|1667839083
|switch|p1a: Blissey|Blissey, F|70/100
|move|p2a: Tornadus|U-turn|p1a: Blissey
|-damage|p1a: Blissey|59/100
|
|t:|1667839089
|switch|p2a: Bisharp|Bisharp, F|100/100|[from]move: U-turn
|
|upkeep
|turn|19
|
|t:|1667839092
|move|p2a: Bisharp|Knock Off|p1a: Blissey
|-damage|p1a: Blissey|21/100
|-enditem|p1a: Blissey|Heavy-Duty Boots|[from] move: Knock Off|[of] p2a: Bisharp
|move|p1a: Blissey|Seismic Toss|p2a: Bisharp
|-damage|p2a: Bisharp|70/100
|
|-heal|p2a: Bisharp|76/100|[from] item: Leftovers
|upkeep
|turn|20
|
|t:|1667839099
|move|p2a: Bisharp|Stealth Rock|p1a: Blissey
|-sidestart|p1: PANDA EXPRESS HR|move: Stealth Rock
|move|p1a: Blissey|Stealth Rock|p2a: Bisharp
|-sidestart|p2: crescendoww|move: Stealth Rock
|
|-heal|p2a: Bisharp|82/100|[from] item: Leftovers
|upkeep
|turn|21
|
|t:|1667839102
|switch|p1a: Tangrowth|Tangrowth, M|100/100
|-damage|p1a: Tangrowth|88/100|[from] Stealth Rock
|move|p2a: Bisharp|Knock Off|p1a: Tangrowth
|-damage|p1a: Tangrowth|74/100
|
|-heal|p2a: Bisharp|88/100|[from] item: Leftovers
|upkeep
|turn|22
|
|t:|1667839108
|move|p2a: Bisharp|Toxic|p1a: Tangrowth
|-status|p1a: Tangrowth|tox
|move|p1a: Tangrowth|Leech Seed|p2a: Bisharp
|-start|p2a: Bisharp|move: Leech Seed
|
|-heal|p2a: Bisharp|94/100|[from] item: Leftovers
|-damage|p2a: Bisharp|82/100|[from] Leech Seed|[of] p1a: Tangrowth
|-heal|p1a: Tangrowth|84/100 tox|[silent]
|-damage|p1a: Tangrowth|78/100 tox|[from] psn
|upkeep
|turn|23
|j| lalelosido
|
|t:|1667839112
|switch|p2a: Tornadus|Tornadus-Therian, M|100/100 tox
|move|p1a: Tangrowth|Knock Off|p2a: Tornadus
|-damage|p2a: Tornadus|74/100 tox
|-enditem|p2a: Tornadus|Heavy-Duty Boots|[from] move: Knock Off|[of] p1a: Tangrowth
|
|-damage|p2a: Tornadus|68/100 tox|[from] psn
|-damage|p1a: Tangrowth|65/100 tox|[from] psn
|upkeep
|turn|24
|
|t:|1667839118
|switch|p1a: Blissey|Blissey, F|21/100
|-damage|p1a: Blissey|8/100|[from] Stealth Rock
|move|p2a: Tornadus|Hurricane|p1a: Blissey
|-damage|p1a: Blissey|0 fnt
|faint|p1a: Blissey
|
|-damage|p2a: Tornadus|56/100 tox|[from] psn
|upkeep
|
|t:|1667839122
|switch|p1a: Suicune|Suicune|100/100
|-damage|p1a: Suicune|88/100|[from] Stealth Rock
|-ability|p1a: Suicune|Pressure
|turn|25
|j| Lammkotlett
|
|t:|1667839129
|move|p2a: Tornadus|U-turn|p1a: Suicune
|-damage|p1a: Suicune|80/100
|
|t:|1667839134
|switch|p2a: Rillaboom|Rillaboom, F|37/100|[from]move: U-turn
|-damage|p2a: Rillaboom|25/100|[from] Stealth Rock
|-fieldstart|move: Grassy Terrain|[from] ability: Grassy Surge|[of] p2a: Rillaboom
|move|p1a: Suicune|Substitute|p1a: Suicune
|-start|p1a: Suicune|Substitute
|-damage|p1a: Suicune|55/100
|
|-heal|p1a: Suicune|61/100|[from] Grassy Terrain
|-heal|p1a: Suicune|67/100|[from] item: Leftovers
|-heal|p2a: Rillaboom|31/100|[from] Grassy Terrain
|upkeep
|turn|26
|
|t:|1667839142
|move|p2a: Rillaboom|Grassy Glide|p1a: Suicune
|-supereffective|p1a: Suicune
|-end|p1a: Suicune|Substitute
|move|p1a: Suicune|Ice Beam|p2a: Rillaboom
|-supereffective|p2a: Rillaboom
|-damage|p2a: Rillaboom|0 fnt
|faint|p2a: Rillaboom
|
|-heal|p1a: Suicune|74/100|[from] Grassy Terrain
|-heal|p1a: Suicune|80/100|[from] item: Leftovers
|upkeep
|
|t:|1667839156
|switch|p2a: Jirachi|Jirachi|100/100
|-damage|p2a: Jirachi|94/100|[from] Stealth Rock
|turn|27
|inactive|PANDA EXPRESS HR has 120 seconds left.
|
|t:|1667839207
|switch|p1a: Landorus|Landorus-Therian, M|95/100
|-damage|p1a: Landorus|83/100|[from] Stealth Rock
|-ability|p1a: Landorus|Intimidate|boost
|-unboost|p2a: Jirachi|atk|1
|move|p2a: Jirachi|Calm Mind|p2a: Jirachi
|-boost|p2a: Jirachi|spa|1
|-boost|p2a: Jirachi|spd|1
|
|-heal|p2a: Jirachi|100/100|[from] Grassy Terrain
|upkeep
|turn|28
|
|t:|1667839213
|switch|p2a: Tornadus|Tornadus-Therian, M|89/100 tox
|-damage|p2a: Tornadus|64/100 tox|[from] Stealth Rock
|move|p1a: Landorus|Knock Off|p2a: Tornadus
|-damage|p2a: Tornadus|20/100 tox
|
|-damage|p2a: Tornadus|14/100 tox|[from] psn
|upkeep
|turn|29
|
|t:|1667839225
|switch|p2a: Bisharp|Bisharp, F|82/100
|-damage|p2a: Bisharp|76/100|[from] Stealth Rock
|move|p1a: Landorus|Knock Off|p2a: Bisharp
|-resisted|p2a: Bisharp
|-damage|p2a: Bisharp|49/100
|-enditem|p2a: Bisharp|Leftovers|[from] move: Knock Off|[of] p1a: Landorus
|
|-heal|p2a: Bisharp|55/100|[from] Grassy Terrain
|-fieldend|move: Grassy Terrain
|upkeep
|turn|30
|
|t:|1667839236
|switch|p1a: Tangrowth|Tangrowth, M|99/100 tox
|-damage|p1a: Tangrowth|86/100 tox|[from] Stealth Rock
|switch|p2a: Tornadus|Tornadus-Therian, M|48/100 tox
|-damage|p2a: Tornadus|23/100 tox|[from] Stealth Rock
|
|-damage|p2a: Tornadus|17/100 tox|[from] psn
|-damage|p1a: Tangrowth|80/100 tox|[from] psn
|upkeep
|turn|31
|inactive|PANDA EXPRESS HR has 120 seconds left.
|inactive|PANDA EXPRESS HR has 90 seconds left.
|
|t:|1667839284
|move|p2a: Tornadus|Defog|p1a: Tangrowth
|-unboost|p1a: Tangrowth|evasion|1
|-sideend|p1: PANDA EXPRESS HR|Stealth Rock|[from] move: Defog|[of] p2a: Tornadus
|-sideend|p2: crescendoww|Stealth Rock|[from] move: Defog|[of] p2a: Tornadus
|move|p1a: Tangrowth|Giga Drain|p2a: Tornadus
|-resisted|p2a: Tornadus
|-damage|p2a: Tornadus|2/100 tox
|-heal|p1a: Tangrowth|87/100 tox|[from] drain|[of] p2a: Tornadus
|
|-damage|p2a: Tornadus|0 fnt|[from] psn
|faint|p2a: Tornadus
|-damage|p1a: Tangrowth|74/100 tox|[from] psn
|upkeep
|
|t:|1667839289
|switch|p2a: Bisharp|Bisharp, F|55/100
|turn|32
|
|t:|1667839292
|move|p2a: Bisharp|Stealth Rock|p1a: Tangrowth
|-sidestart|p1: PANDA EXPRESS HR|move: Stealth Rock
|move|p1a: Tangrowth|Leech Seed|p2a: Bisharp
|-start|p2a: Bisharp|move: Leech Seed
|
|-damage|p2a: Bisharp|43/100|[from] Leech Seed|[of] p1a: Tangrowth
|-heal|p1a: Tangrowth|84/100 tox|[silent]
|-damage|p1a: Tangrowth|66/100 tox|[from] psn
|upkeep
|turn|33
|
|t:|1667839302
|switch|p2a: Volcarona|Volcarona, M|100/100
|switch|p1a: Suicune|Suicune|80/100
|-damage|p1a: Suicune|67/100|[from] Stealth Rock
|-ability|p1a: Suicune|Pressure
|
|-heal|p1a: Suicune|74/100|[from] item: Leftovers
|upkeep
|turn|34
|
|t:|1667839309
|switch|p2a: Jirachi|Jirachi|100/100
|move|p1a: Suicune|Calm Mind|p1a: Suicune
|-boost|p1a: Suicune|spa|1
|-boost|p1a: Suicune|spd|1
|
|-heal|p1a: Suicune|80/100|[from] item: Leftovers
|upkeep
|turn|35
|
|t:|1667839313
|switch|p1a: Landorus|Landorus-Therian, M|83/100
|-damage|p1a: Landorus|71/100|[from] Stealth Rock
|-ability|p1a: Landorus|Intimidate|boost
|-unboost|p2a: Jirachi|atk|1
|move|p2a: Jirachi|Calm Mind|p2a: Jirachi
|-boost|p2a: Jirachi|spa|1
|-boost|p2a: Jirachi|spd|1
|
|upkeep
|turn|36
|
|t:|1667839332
|switch|p2a: Volcarona|Volcarona, M|100/100
|move|p1a: Landorus|Earthquake|p2a: Volcarona
|-damage|p2a: Volcarona|23/100
|
|upkeep
|turn|37
|
|t:|1667839337
|move|p1a: Landorus|Earthquake|p2a: Volcarona
|-damage|p2a: Volcarona|0 fnt
|faint|p2a: Volcarona
|
|upkeep
|
|t:|1667839339
|switch|p2a: 孙笑川|Zygarde-10%|100/100
|-ability|p2a: 孙笑川|Aura Break
|turn|38
|
|t:|1667839341
|switch|p1a: Tangrowth|Tangrowth, M|99/100 tox
|-damage|p1a: Tangrowth|87/100 tox|[from] Stealth Rock
|move|p2a: 孙笑川|Thousand Arrows|p1a: Tangrowth
|-resisted|p1a: Tangrowth
|-damage|p1a: Tangrowth|71/100 tox
|
|-damage|p1a: Tangrowth|64/100 tox|[from] psn
|upkeep
|turn|39
|
|t:|1667839346
|move|p2a: 孙笑川|Thousand Arrows|p1a: Tangrowth
|-resisted|p1a: Tangrowth
|-damage|p1a: Tangrowth|48/100 tox
|move|p1a: Tangrowth|Leech Seed|p2a: 孙笑川
|-start|p2a: 孙笑川|move: Leech Seed
|
|-damage|p2a: 孙笑川|88/100|[from] Leech Seed|[of] p1a: Tangrowth
|-heal|p1a: Tangrowth|55/100 tox|[silent]
|-damage|p1a: Tangrowth|43/100 tox|[from] psn
|upkeep
|turn|40
|
|t:|1667839352
|switch|p1a: Polteageist|Polteageist|100/100
|-damage|p1a: Polteageist|88/100|[from] Stealth Rock
|move|p2a: 孙笑川|Thousand Arrows|p1a: Polteageist
|-damage|p1a: Polteageist|0 fnt
|faint|p1a: Polteageist
|
|upkeep
|
|t:|1667839356
|switch|p1a: Landorus|Landorus-Therian, M|71/100
|-damage|p1a: Landorus|58/100|[from] Stealth Rock
|-ability|p1a: Landorus|Intimidate|boost
|-unboost|p2a: 孙笑川|atk|1
|turn|41
|
|t:|1667839361
|move|p2a: 孙笑川|Thousand Arrows|p1a: Landorus
|-damage|p1a: Landorus|11/100
|-start|p1a: Landorus|Smack Down
|move|p1a: Landorus|Earthquake|p2a: 孙笑川
|-damage|p2a: 孙笑川|0 fnt
|faint|p2a: 孙笑川
|
|upkeep
|
|t:|1667839364
|switch|p2a: Bisharp|Bisharp, F|43/100
|turn|42
|
|t:|1667839366
|switch|p1a: Tangrowth|Tangrowth, M|76/100 tox
|-damage|p1a: Tangrowth|64/100 tox|[from] Stealth Rock
|move|p2a: Bisharp|Sucker Punch||[still]
|-fail|p2a: Bisharp
|
|-damage|p1a: Tangrowth|58/100 tox|[from] psn
|upkeep
|turn|43
|
|t:|1667839373
|move|p2a: Bisharp|Knock Off|p1a: Tangrowth
|-damage|p1a: Tangrowth|43/100 tox
|move|p1a: Tangrowth|Leech Seed|p2a: Bisharp
|-start|p2a: Bisharp|move: Leech Seed
|
|-damage|p2a: Bisharp|31/100|[from] Leech Seed|[of] p1a: Tangrowth
|-heal|p1a: Tangrowth|53/100 tox|[silent]
|-damage|p1a: Tangrowth|41/100 tox|[from] psn
|upkeep
|turn|44
|
|t:|1667839378
|switch|p1a: Suicune|Suicune|80/100
|-damage|p1a: Suicune|67/100|[from] Stealth Rock
|-ability|p1a: Suicune|Pressure
|move|p2a: Bisharp|Knock Off|p1a: Suicune
|-damage|p1a: Suicune|42/100
|-enditem|p1a: Suicune|Leftovers|[from] move: Knock Off|[of] p2a: Bisharp
|
|-damage|p2a: Bisharp|19/100|[from] Leech Seed|[of] p1a: Suicune
|-heal|p1a: Suicune|52/100|[silent]
|upkeep
|turn|45
|
|t:|1667839382
|switch|p2a: Jirachi|Jirachi|100/100
|move|p1a: Suicune|Scald|p2a: Jirachi
|-damage|p2a: Jirachi|85/100
|-status|p2a: Jirachi|brn
|
|-heal|p2a: Jirachi|91/100 brn|[from] item: Leftovers
|-damage|p2a: Jirachi|85/100 brn|[from] brn
|upkeep
|turn|46
|
|t:|1667839387
|move|p2a: Jirachi|Calm Mind|p2a: Jirachi
|-boost|p2a: Jirachi|spa|1
|-boost|p2a: Jirachi|spd|1
|move|p1a: Suicune|Calm Mind|p1a: Suicune
|-boost|p1a: Suicune|spa|1
|-boost|p1a: Suicune|spd|1
|
|-heal|p2a: Jirachi|91/100 brn|[from] item: Leftovers
|-damage|p2a: Jirachi|85/100 brn|[from] brn
|upkeep
|turn|47
|
|t:|1667839390
|move|p2a: Jirachi|Calm Mind|p2a: Jirachi
|-boost|p2a: Jirachi|spa|1
|-boost|p2a: Jirachi|spd|1
|move|p1a: Suicune|Calm Mind|p1a: Suicune
|-boost|p1a: Suicune|spa|1
|-boost|p1a: Suicune|spd|1
|
|-heal|p2a: Jirachi|91/100 brn|[from] item: Leftovers
|-damage|p2a: Jirachi|85/100 brn|[from] brn
|upkeep
|turn|48
|
|t:|1667839392
|move|p2a: Jirachi|Calm Mind|p2a: Jirachi
|-boost|p2a: Jirachi|spa|1
|-boost|p2a: Jirachi|spd|1
|move|p1a: Suicune|Calm Mind|p1a: Suicune
|-boost|p1a: Suicune|spa|1
|-boost|p1a: Suicune|spd|1
|
|-heal|p2a: Jirachi|91/100 brn|[from] item: Leftovers
|-damage|p2a: Jirachi|85/100 brn|[from] brn
|upkeep
|turn|49
|
|t:|1667839396
|move|p2a: Jirachi|Calm Mind|p2a: Jirachi
|-boost|p2a: Jirachi|spa|1
|-boost|p2a: Jirachi|spd|1
|move|p1a: Suicune|Scald|p2a: Jirachi
|-damage|p2a: Jirachi|71/100 brn
|
|-heal|p2a: Jirachi|77/100 brn|[from] item: Leftovers
|-damage|p2a: Jirachi|71/100 brn|[from] brn
|upkeep
|turn|50
|
|t:|1667839400
|move|p2a: Jirachi|Calm Mind|p2a: Jirachi
|-boost|p2a: Jirachi|spa|1
|-boost|p2a: Jirachi|spd|1
|move|p1a: Suicune|Scald|p2a: Jirachi
|-damage|p2a: Jirachi|59/100 brn
|
|-heal|p2a: Jirachi|65/100 brn|[from] item: Leftovers
|-damage|p2a: Jirachi|59/100 brn|[from] brn
|upkeep
|turn|51
|
|t:|1667839406
|move|p2a: Jirachi|Stored Power|p1a: Suicune
|-damage|p1a: Suicune|0 fnt
|faint|p1a: Suicune
|
|-heal|p2a: Jirachi|65/100 brn|[from] item: Leftovers
|-damage|p2a: Jirachi|59/100 brn|[from] brn
|upkeep
|-message|PANDA EXPRESS HR forfeited.
|
|win|crescendoww
|raw|PANDA EXPRESS HR's rating: 1578 &rarr; <strong>1565</strong><br />(-13 for losing)
|raw|crescendoww's rating: 1697 &rarr; <strong>1710</strong><br />(+13 for winning)
|l|☆PANDA EXPRESS HR
|l| lalelosido
||Ladder isn't responding, score probably updated but might not have (Request timeout).
