|raw|<div class="broadcast-blue"><strong>This battle is required to be public due to a player having a name starting with 'lt83aq'.</div>
|j|☆LT83AQ rrm
|j|☆Gurtrant
|t:|1626489648
|gametype|singles
|player|p1|LT83AQ rrm|lady|1663
|player|p2|Gurtrant|238|1629
|teamsize|p1|6
|teamsize|p2|6
|gen|8
|tier|[Gen 8] OU
|rated|
|rule|Sleep Clause Mod: Limit one foe put to sleep
|rule|Species Clause: Limit one of each Pokémon
|rule|OHKO Clause: OHKO moves are banned
|rule|Evasion Moves Clause: Evasion moves are banned
|rule|Endless Battle Clause: Forcing endless battles is banned
|rule|HP Percentage Mod: HP is shown in percentages
|rule|Dynamax Clause: You cannot dynamax
|clearpoke
|poke|p1|Tapu Lele|
|poke|p1|Blissey, F|
|poke|p1|Urshifu-*, M|
|poke|p1|Landorus-Therian, M|
|poke|p1|Heatran, F|
|poke|p1|Slowbro, M|
|poke|p2|Pelipper, F|
|poke|p2|Heliolisk, F|
|poke|p2|Seismitoad, M|
|poke|p2|Barraskewda, M|
|poke|p2|Ferrothorn, F|
|poke|p2|Zapdos|
|teampreview
|inactive|Battle timer is ON: inactive players will automatically lose when time's up. (requested by Gurtrant)
|j| CYCLE HIT
|j| emf kef L
|j| Zenin Maki
|
|t:|1626489675
|start
|switch|p1a: Tapu Lele|Tapu Lele|100/100
|switch|p2a: Pelipper|Pelipper, F|100/100
|-fieldstart|move: Psychic Terrain|[from] ability: Psychic Surge|[of] p1a: Tapu Lele
|-weather|RainDance|[from] ability: Drizzle|[of] p2a: Pelipper
|turn|1
|l| CYCLE HIT
|inactive|Gurtrant has 120 seconds left.
|
|t:|1626489711
|switch|p2a: Ferrothorn|Ferrothorn, F|100/100
|move|p1a: Tapu Lele|Focus Blast|p2a: Ferrothorn
|-supereffective|p2a: Ferrothorn
|-damage|p2a: Ferrothorn|16/100
|
|-weather|RainDance|[upkeep]
|-heal|p2a: Ferrothorn|23/100|[from] item: Leftovers
|upkeep
|turn|2
|inactive|Gurtrant has 120 seconds left.
|
|t:|1626489717
|switch|p2a: Zapdos|Zapdos|100/100
|move|p1a: Tapu Lele|Focus Blast|p2a: Zapdos
|-resisted|p2a: Zapdos
|-damage|p2a: Zapdos|73/100
|
|-weather|RainDance|[upkeep]
|upkeep
|turn|3
|
|t:|1626489719
|switch|p1a: Blissey|Blissey, F|100/100
|move|p2a: Zapdos|U-turn|p1a: Blissey
|-damage|p1a: Blissey|90/100
|j| yop on the flux
|
|t:|1626489724
|switch|p2a: Barraskewda|Barraskewda, M|100/100|[from]move: U-turn
|
|-weather|RainDance|[upkeep]
|upkeep
|turn|4
|
|t:|1626489726
|switch|p1a: Slowbro|Slowbro, M|100/100
|move|p2a: Barraskewda|Liquidation|p1a: Slowbro
|-resisted|p1a: Slowbro
|-damage|p1a: Slowbro|67/100
|-damage|p2a: Barraskewda|84/100|[from] item: Rocky Helmet|[of] p1a: Slowbro
|
|-weather|RainDance|[upkeep]
|upkeep
|turn|5
|l| yop on the flux
|
|t:|1626489735
|move|p2a: Barraskewda|Liquidation|p1a: Slowbro
|-resisted|p1a: Slowbro
|-damage|p1a: Slowbro|38/100
|-damage|p2a: Barraskewda|68/100|[from] item: Rocky Helmet|[of] p1a: Slowbro
|move|p1a: Slowbro|Future Sight|p2a: Barraskewda
|-start|p1a: Slowbro|move: Future Sight
|
|-weather|RainDance|[upkeep]
|-fieldend|move: Psychic Terrain
|upkeep
|turn|6
|
|t:|1626489739
|switch|p2a: Ferrothorn|Ferrothorn, F|23/100
|move|p1a: Slowbro|Slack Off|p1a: Slowbro
|-heal|p1a: Slowbro|88/100
|
|-weather|RainDance|[upkeep]
|-heal|p2a: Ferrothorn|29/100|[from] item: Leftovers
|upkeep
|turn|7
|
|t:|1626489742
|move|p2a: Ferrothorn|Knock Off|p1a: Slowbro
|-supereffective|p1a: Slowbro
|-damage|p1a: Slowbro|64/100
|-damage|p2a: Ferrothorn|12/100|[from] item: Rocky Helmet|[of] p1a: Slowbro
|-enditem|p1a: Slowbro|Rocky Helmet|[from] move: Knock Off|[of] p2a: Ferrothorn
|move|p1a: Slowbro|Teleport|p1a: Slowbro
|
|t:|1626489746
|switch|p1a: Tapu Lele|Tapu Lele|100/100|[from]move: Teleport
|-fieldstart|move: Psychic Terrain|[from] ability: Psychic Surge|[of] p1a: Tapu Lele
|
|-weather|RainDance|[upkeep]
|-end|p2a: Ferrothorn|move: Future Sight
|-resisted|p2a: Ferrothorn
|-damage|p2a: Ferrothorn|0 fnt
|faint|p2a: Ferrothorn
|upkeep
|
|t:|1626489752
|switch|p2a: Barraskewda|Barraskewda, M|68/100
|turn|8
|
|t:|1626489754
|switch|p1a: Slowbro|Slowbro, M|97/100
|move|p2a: Barraskewda|Liquidation|p1a: Slowbro
|-resisted|p1a: Slowbro
|-damage|p1a: Slowbro|64/100
|
|-weather|none
|upkeep
|turn|9
|
|t:|1626489764
|switch|p2a: Pelipper|Pelipper, F|100/100
|-weather|RainDance|[from] ability: Drizzle|[of] p2a: Pelipper
|move|p1a: Slowbro|Future Sight|p2a: Pelipper
|-start|p1a: Slowbro|move: Future Sight
|
|-weather|RainDance|[upkeep]
|upkeep
|turn|10
|
|t:|1626489768
|switch|p1a: Blissey|Blissey, F|90/100
|move|p2a: Pelipper|U-turn|p1a: Blissey
|-damage|p1a: Blissey|83/100
|-message|Gurtrant forfeited.
|
|win|LT83AQ rrm
|raw|LT83AQ rrm's rating: 1663 &rarr; <strong>1681</strong><br />(+18 for winning)
|raw|Gurtrant's rating: 1629 &rarr; <strong>1611</strong><br />(-18 for losing)
|l|☆Gurtrant
|j| LT82ZW UnzipsC
|l| LT82ZW UnzipsC
|l|☆LT83AQ rrm
|j| Mikirae
|j| yop on the flux
