|raw|<div class="broadcast-blue"><strong>This battle is required to be public due to a player having a name starting with 'LT73IU'.</div>
|j|☆isheavydead
|j|☆LT73IU Amir
|t:|1598124448
|player|p1|isheavydead|169|1838
|player|p2|LT73IU Amir|boarder|1829
|teamsize|p1|6
|teamsize|p2|6
|gametype|singles
|gen|8
|tier|[Gen 8] OU
|rated|
|clearpoke
|poke|p1|Haxorus, M|
|poke|p1|Volcarona, F|
|poke|p1|Ninetales-Alola, F|
|poke|p1|Excadrill, F|
|poke|p1|Urshifu-*, M|
|poke|p1|Azumarill, M|
|poke|p2|Kyurem|
|poke|p2|Urshifu-*, M|
|poke|p2|Excadrill, M|
|poke|p2|Corviknight, F|
|poke|p2|Clefable, M|
|poke|p2|Zeraora|
|rule|Sleep Clause Mod: Limit one foe put to sleep
|rule|Species Clause: Limit one of each Pokémon
|rule|OHKO Clause: OHKO moves are banned
|rule|Evasion Moves Clause: Evasion moves are banned
|rule|Endless Battle Clause: Forcing endless battles is banned
|rule|HP Percentage Mod: HP is shown in percentages
|rule|Dynamax Clause: You cannot dynamax
|teampreview
|j| Tace
|inactive|Battle timer is ON: inactive players will automatically lose when time's up. (requested by isheavydead)
|l| Tace
|j| up n coming
|c|☆LT73IU Amir|everyone but heavy is dead.
|j| Padox
|j| roundpenguin
|c|☆isheavydead|yep
|inactive|LT73IU Amir has 120 seconds left.
|j| weirdthings·com
|
|t:|1598124500
|start
|switch|p1a: Excadrill|Excadrill, F, shiny|100/100
|switch|p2a: Excadrill|Excadrill, M|100/100
|-ability|p1a: Excadrill|Mold Breaker
|-ability|p2a: Excadrill|Mold Breaker
|turn|1
|
|t:|1598124514
|move|p2a: Excadrill|Earthquake|p1a: Excadrill
|-supereffective|p1a: Excadrill
|-enditem|p1a: Excadrill|Focus Sash
|-damage|p1a: Excadrill|1/100
|move|p1a: Excadrill|Earthquake|p2a: Excadrill
|-supereffective|p2a: Excadrill
|-damage|p2a: Excadrill|0 fnt
|faint|p2a: Excadrill
|
|upkeep
|j| LT73IU dTM
|
|t:|1598124521
|switch|p2a: Zeraora|Zeraora|100/100
|turn|2
|
|t:|1598124525
|move|p2a: Zeraora|Knock Off|p1a: Excadrill
|-damage|p1a: Excadrill|0 fnt
|faint|p1a: Excadrill
|
|upkeep
|
|t:|1598124532
|switch|p1a: Ninetales|Ninetales-Alola, F, shiny|100/100
|-weather|Hail|[from] ability: Snow Warning|[of] p1a: Ninetales
|turn|3
|j| Elements 101
|
|t:|1598124537
|move|p2a: Zeraora|Knock Off|p1a: Ninetales
|-resisted|p1a: Ninetales
|-damage|p1a: Ninetales|83/100
|-enditem|p1a: Ninetales|Light Clay|[from] move: Knock Off|[of] p2a: Zeraora
|move|p1a: Ninetales|Aurora Veil|p1a: Ninetales
|-sidestart|p1: isheavydead|move: Aurora Veil
|
|-weather|Hail|[upkeep]
|-damage|p2a: Zeraora|95/100|[from] Hail
|upkeep
|turn|4
|j| lartedipissog
|
|t:|1598124546
|move|p2a: Zeraora|Volt Switch|p1a: Ninetales
|-damage|p1a: Ninetales|72/100
|
|t:|1598124551
|switch|p2a: Corviknight|Corviknight, F|100/100|[from]move: Volt Switch
|-ability|p2a: Corviknight|Pressure
|move|p1a: Ninetales|Moonblast|p2a: Corviknight
|-resisted|p2a: Corviknight
|-damage|p2a: Corviknight|90/100
|
|-weather|Hail|[upkeep]
|-damage|p2a: Corviknight|83/100|[from] Hail
|-heal|p2a: Corviknight|90/100|[from] item: Leftovers
|upkeep
|turn|5
|
|t:|1598124559
|switch|p1a: Haxorus|Haxorus, M, shiny|100/100
|-ability|p1a: Haxorus|Mold Breaker
|move|p2a: Corviknight|U-turn|p1a: Haxorus
|-damage|p1a: Haxorus|91/100
|j| Caloominum
|j| thiagola123
|j| tigers jaw
|
|t:|1598124581
|switch|p2a: Clefable|Clefable, M|100/100|[from]move: U-turn
|
|-weather|Hail|[upkeep]
|-damage|p1a: Haxorus|85/100|[from] Hail
|upkeep
|turn|6
|
|t:|1598124585
|move|p1a: Haxorus|Swords Dance|p1a: Haxorus
|-boost|p1a: Haxorus|atk|2
|move|p2a: Clefable|Moonblast|p1a: Haxorus
|-supereffective|p1a: Haxorus
|-damage|p1a: Haxorus|40/100
|-unboost|p1a: Haxorus|spa|1
|
|-weather|Hail|[upkeep]
|-damage|p1a: Haxorus|34/100|[from] Hail
|upkeep
|turn|7
|j| pofidogfiasc
|
|t:|1598124600
|switch|p2a: Corviknight|Corviknight, F|90/100
|-ability|p2a: Corviknight|Pressure
|move|p1a: Haxorus|Poison Jab|p2a: Corviknight
|-immune|p2a: Corviknight
|
|-weather|none
|-heal|p2a: Corviknight|96/100|[from] item: Leftovers
|-sideend|p1: isheavydead|move: Aurora Veil
|upkeep
|turn|8
|
|t:|1598124608
|move|p1a: Haxorus|Close Combat|p2a: Corviknight
|-damage|p2a: Corviknight|27/100
|-unboost|p1a: Haxorus|def|1
|-unboost|p1a: Haxorus|spd|1
|move|p2a: Corviknight|Body Press|p1a: Haxorus
|-damage|p1a: Haxorus|0 fnt
|faint|p1a: Haxorus
|
|-heal|p2a: Corviknight|33/100|[from] item: Leftovers
|upkeep
|
|t:|1598124611
|switch|p1a: Volcarona|Volcarona, F|100/100
|turn|9
|j| Yung Mus
|
|t:|1598124613
|move|p1a: Volcarona|Fiery Dance|p2a: Corviknight
|-supereffective|p2a: Corviknight
|-damage|p2a: Corviknight|0 fnt
|-boost|p1a: Volcarona|spa|1
|faint|p2a: Corviknight
|
|upkeep
|
|t:|1598124619
|switch|p2a: Kyurem|Kyurem|100/100
|-ability|p2a: Kyurem|Pressure
|turn|10
|j| Ultra Dusk Mane31
|j| LT71LX EGC
|
|t:|1598124645
|switch|p1a: Ninetales|Ninetales-Alola, F, shiny|72/100
|-weather|Hail|[from] ability: Snow Warning|[of] p1a: Ninetales
|move|p2a: Kyurem|Draco Meteor|p1a: Ninetales
|-immune|p1a: Ninetales
|
|-weather|Hail|[upkeep]
|upkeep
|turn|11
|
|t:|1598124656
|switch|p2a: Zeraora|Zeraora|95/100
|move|p1a: Ninetales|Aurora Veil|p1a: Ninetales
|-sidestart|p1: isheavydead|move: Aurora Veil
|
|-weather|Hail|[upkeep]
|-damage|p2a: Zeraora|89/100|[from] Hail
|upkeep
|turn|12
|
|t:|1598124661
|move|p2a: Zeraora|Plasma Fists|p1a: Ninetales
|-damage|p1a: Ninetales|42/100
|-fieldactivate|move: Ion Deluge
|move|p1a: Ninetales|Moonblast|p2a: Zeraora
|-crit|p2a: Zeraora
|-damage|p2a: Zeraora|30/100
|-unboost|p2a: Zeraora|spa|1
|
|-weather|Hail|[upkeep]
|-damage|p2a: Zeraora|24/100|[from] Hail
|upkeep
|turn|13
|l| Ultra Dusk Mane31
|
|t:|1598124670
|move|p2a: Zeraora|Volt Switch|p1a: Ninetales
|-damage|p1a: Ninetales|35/100
|
|t:|1598124673
|switch|p2a: Clefable|Clefable, M|100/100|[from]move: Volt Switch
|move|p1a: Ninetales|Moonblast|p2a: Clefable
|-crit|p2a: Clefable
|-damage|p2a: Clefable|68/100
|
|-weather|Hail|[upkeep]
|-heal|p2a: Clefable|74/100|[from] item: Leftovers
|upkeep
|turn|14
|
|t:|1598124676
|switch|p1a: Azumarill|Azumarill, M|100/100
|move|p2a: Clefable|Teleport|p2a: Clefable
|j| bigyayay
|
|t:|1598124682
|switch|p2a: Kyurem|Kyurem|100/100|[from]move: Teleport
|-ability|p2a: Kyurem|Pressure
|
|-weather|none
|upkeep
|turn|15
|
|t:|1598124688
|move|p2a: Kyurem|Freeze-Dry|p1a: Azumarill
|-supereffective|p1a: Azumarill
|-damage|p1a: Azumarill|32/100
|-enditem|p1a: Azumarill|Sitrus Berry|[eat]
|-heal|p1a: Azumarill|57/100|[from] item: Sitrus Berry
|move|p1a: Azumarill|Play Rough|p2a: Kyurem
|-supereffective|p2a: Kyurem
|-damage|p2a: Kyurem|0 fnt
|faint|p2a: Kyurem
|
|-sideend|p1: isheavydead|move: Aurora Veil
|upkeep
|
|t:|1598124697
|switch|p2a: Urshifu|Urshifu, M|100/100
|turn|16
|j| storm zone
|
|t:|1598124704
|move|p2a: Urshifu|Poison Jab|p1a: Azumarill
|-supereffective|p1a: Azumarill
|-damage|p1a: Azumarill|0 fnt
|faint|p1a: Azumarill
|
|upkeep
|
|t:|1598124707
|switch|p1a: Ninetales|Ninetales-Alola, F, shiny|35/100
|-weather|Hail|[from] ability: Snow Warning|[of] p1a: Ninetales
|turn|17
|
|t:|1598124715
|switch|p2a: Clefable|Clefable, M|74/100
|move|p1a: Ninetales|Aurora Veil|p1a: Ninetales
|-sidestart|p1: isheavydead|move: Aurora Veil
|
|-weather|Hail|[upkeep]
|-heal|p2a: Clefable|80/100|[from] item: Leftovers
|upkeep
|turn|18
|
|t:|1598124724
|switch|p1a: Volcarona|Volcarona, F|100/100
|move|p2a: Clefable|Teleport|p2a: Clefable
|
|t:|1598124727
|switch|p2a: Urshifu|Urshifu, M|100/100|[from]move: Teleport
|
|-weather|Hail|[upkeep]
|-damage|p1a: Volcarona|94/100|[from] Hail
|-damage|p2a: Urshifu|94/100|[from] Hail
|upkeep
|turn|19
|l| LT73IU dTM
|
|t:|1598124734
|switch|p1a: Ninetales|Ninetales-Alola, F, shiny|35/100
|move|p2a: Urshifu|Wicked Blow|p1a: Ninetales
|-resisted|p1a: Ninetales
|-crit|p1a: Ninetales
|-damage|p1a: Ninetales|0 fnt
|faint|p1a: Ninetales
|
|-weather|Hail|[upkeep]
|-damage|p2a: Urshifu|88/100|[from] Hail
|upkeep
|
|t:|1598124737
|switch|p1a: Urshifu|Urshifu, M|100/100
|turn|20
|j| vight
|
|t:|1598124758
|switch|p1a: Volcarona|Volcarona, F|94/100
|move|p2a: Urshifu|Bulk Up|p2a: Urshifu
|-boost|p2a: Urshifu|atk|1
|-boost|p2a: Urshifu|def|1
|
|-weather|Hail|[upkeep]
|-damage|p1a: Volcarona|88/100|[from] Hail
|-damage|p2a: Urshifu|82/100|[from] Hail
|upkeep
|turn|21
|c|☆isheavydead|i lost this one
|
|t:|1598124771
|switch|p1a: Urshifu|Urshifu, M|100/100
|move|p2a: Urshifu|Sucker Punch||[still]
|-fail|p2a: Urshifu
|
|-weather|none
|-sideend|p1: isheavydead|move: Aurora Veil
|upkeep
|turn|22
|
|t:|1598124777
|move|p1a: Urshifu|Drain Punch|p2a: Urshifu
|-supereffective|p2a: Urshifu
|-damage|p2a: Urshifu|27/100
|move|p2a: Urshifu|Wicked Blow|p1a: Urshifu
|-resisted|p1a: Urshifu
|-crit|p1a: Urshifu
|-damage|p1a: Urshifu|69/100
|
|upkeep
|turn|23
|c|☆LT73IU Amir|n
|c|☆LT73IU Amir|you got this
|c|☆isheavydead|o
|
|t:|1598124799
|switch|p2a: Clefable|Clefable, M|80/100
|move|p1a: Urshifu|Drain Punch|p2a: Clefable
|-resisted|p2a: Clefable
|-damage|p2a: Clefable|64/100
|-heal|p1a: Urshifu|78/100|[from] drain|[of] p2a: Clefable
|
|-heal|p2a: Clefable|71/100|[from] item: Leftovers
|upkeep
|turn|24
|
|t:|1598124812
|switch|p1a: Volcarona|Volcarona, F|88/100
|move|p2a: Clefable|Moonblast|p1a: Volcarona
|-resisted|p1a: Volcarona
|-damage|p1a: Volcarona|71/100
|
|-heal|p2a: Clefable|77/100|[from] item: Leftovers
|upkeep
|turn|25
|inactive|LT73IU Amir has 120 seconds left.
|j| PandoraHeartsGirl
|
|t:|1598124830
|switch|p2a: Zeraora|Zeraora|24/100
|move|p1a: Volcarona|Quiver Dance|p1a: Volcarona
|-boost|p1a: Volcarona|spa|1
|-boost|p1a: Volcarona|spd|1
|-boost|p1a: Volcarona|spe|1
|
|upkeep
|turn|26
|
|t:|1598124836
|move|p1a: Volcarona|Fiery Dance|p2a: Zeraora
|-damage|p2a: Zeraora|0 fnt
|-boost|p1a: Volcarona|spa|1
|faint|p2a: Zeraora
|
|upkeep
|
|t:|1598124839
|switch|p2a: Urshifu|Urshifu, M|27/100
|turn|27
|
|t:|1598124844
|move|p2a: Urshifu|Sucker Punch|p1a: Volcarona
|-damage|p1a: Volcarona|13/100
|move|p1a: Volcarona|Fiery Dance|p2a: Urshifu
|-damage|p2a: Urshifu|0 fnt
|faint|p2a: Urshifu
|
|upkeep
|
|t:|1598124847
|switch|p2a: Clefable|Clefable, M|77/100
|turn|28
|c|☆LT73IU Amir|gg wp
|
|t:|1598124851
|move|p1a: Volcarona|Fiery Dance|p2a: Clefable
|-damage|p2a: Clefable|13/100
|-boost|p1a: Volcarona|spa|1
|move|p2a: Clefable|Wish|p2a: Clefable
|
|-heal|p2a: Clefable|19/100|[from] item: Leftovers
|upkeep
|turn|29
|c|☆isheavydead|gg
|
|t:|1598124857
|move|p1a: Volcarona|Fiery Dance|p2a: Clefable
|-damage|p2a: Clefable|0 fnt
|faint|p2a: Clefable
|
|win|isheavydead
|l|☆LT73IU Amir
|l|☆isheavydead
|l| Elements 101
|l| Caloominum
|l| bigyayay
|l| vight
|l| thiagola123
|raw|isheavydead's rating: 1856 &rarr; <strong>1875</strong><br />(+19 for winning)
|raw|LT73IU Amir's rating: 1829 &rarr; <strong>1811</strong><br />(-18 for losing)
|l| Yung Mus
