|j|☆0tohero
|j|☆crescendoww
|t:|1667754822
|gametype|singles
|player|p1|0tohero|dragontamer|1644
|player|p2|crescendoww|falkner|1605
|teamsize|p1|6
|teamsize|p2|6
|gen|8
|tier|[Gen 8] OU
|rated|
|rule|Sleep Clause Mod: Limit one foe put to sleep
|rule|Species Clause: Limit one of each Pokémon
|rule|OHKO Clause: OHKO moves are banned
|rule|Evasion Items Clause: Evasion items are banned
|rule|Evasion Moves Clause: Evasion moves are banned
|rule|Endless Battle Clause: Forcing endless battles is banned
|rule|HP Percentage Mod: HP is shown in percentages
|rule|Dynamax Clause: You cannot dynamax
|clearpoke
|poke|p1|Haxorus, F|
|poke|p1|Togekiss, M|
|poke|p1|Amoonguss, F|
|poke|p1|Tyranitar, M|
|poke|p1|Keldeo-Resolute|
|poke|p1|Regieleki|
|poke|p2|Volcarona, F|
|poke|p2|Zygarde-10%|
|poke|p2|Jirachi|
|poke|p2|Rillaboom, M|
|poke|p2|Tornadus-Therian, M|
|poke|p2|Bisharp, M|
|teampreview
|inactive|Battle timer is ON: inactive players will automatically lose when time's up. (requested by 0tohero)
|
|t:|1667754853
|start
|switch|p1a: Tyranitar|Tyranitar, M|100/100
|switch|p2a: Zygarde|Zygarde-10%|100/100
|-ability|p2a: Zygarde|Aura Break
|-weather|Sandstorm|[from] ability: Sand Stream|[of] p1a: Tyranitar
|turn|1
|
|t:|1667754859
|move|p2a: Zygarde|Thousand Arrows|p1a: Tyranitar
|-supereffective|p1a: Tyranitar
|-damage|p1a: Tyranitar|13/100
|move|p1a: Tyranitar|Crunch|p2a: Zygarde
|-damage|p2a: Zygarde|32/100
|
|-weather|Sandstorm|[upkeep]
|upkeep
|turn|2
|
|t:|1667754865
|switch|p1a: Amoonguss|Amoonguss, F|100/100
|move|p2a: Zygarde|Thousand Arrows|p1a: Amoonguss
|-damage|p1a: Amoonguss|58/100
|
|-weather|Sandstorm|[upkeep]
|-damage|p1a: Amoonguss|52/100|[from] Sandstorm
|upkeep
|turn|3
|
|t:|1667754872
|switch|p2a: Rillaboom|Rillaboom, M|100/100
|-fieldstart|move: Grassy Terrain|[from] ability: Grassy Surge|[of] p2a: Rillaboom
|move|p1a: Amoonguss|Spore|p2a: Rillaboom
|-immune|p2a: Rillaboom
|
|-weather|Sandstorm|[upkeep]
|-damage|p2a: Rillaboom|94/100|[from] Sandstorm
|-damage|p1a: Amoonguss|45/100|[from] Sandstorm
|-heal|p2a: Rillaboom|100/100|[from] Grassy Terrain
|-heal|p1a: Amoonguss|52/100|[from] Grassy Terrain
|upkeep
|turn|4
|
|t:|1667754876
|switch|p1a: Tyranitar|Tyranitar, M|13/100
|move|p2a: Rillaboom|U-turn|p1a: Tyranitar
|-supereffective|p1a: Tyranitar
|-damage|p1a: Tyranitar|0 fnt
|-damage|p2a: Rillaboom|84/100|[from] item: Rocky Helmet|[of] p1a: Tyranitar
|faint|p1a: Tyranitar
|j| Uso l arco x
|
|t:|1667754879
|switch|p2a: Zygarde|Zygarde-10%|32/100|[from]move: U-turn
|-ability|p2a: Zygarde|Aura Break
|
|-weather|Sandstorm|[upkeep]
|-heal|p2a: Zygarde|38/100|[from] Grassy Terrain
|upkeep
|
|t:|1667754882
|switch|p1a: Amoonguss|Amoonguss, F|85/100
|turn|5
|l| Uso l arco x
|
|t:|1667754892
|switch|p2a: Tornadus|Tornadus-Therian, M|100/100
|move|p1a: Amoonguss|Spore|p2a: Tornadus
|-status|p2a: Tornadus|slp|[from] move: Spore
|
|-weather|none
|-heal|p1a: Amoonguss|91/100|[from] Grassy Terrain
|upkeep
|turn|6
|
|t:|1667754900
|switch|p2a: Bisharp|Bisharp, M|100/100
|switch|p1a: Regieleki|Regieleki|100/100
|
|upkeep
|turn|7
|
|t:|1667754907
|move|p1a: Regieleki|Volt Switch|p2a: Bisharp
|-damage|p2a: Bisharp|55/100
|
|t:|1667754911
|switch|p1a: Amoonguss|Amoonguss, F|100/100|[from]move: Volt Switch
|move|p2a: Bisharp|Stealth Rock|p1a: Amoonguss
|-sidestart|p1: 0tohero|move: Stealth Rock
|
|-heal|p2a: Bisharp|61/100|[from] Grassy Terrain
|-heal|p2a: Bisharp|67/100|[from] item: Leftovers
|-fieldend|move: Grassy Terrain
|upkeep
|turn|8
|
|t:|1667754915
|move|p2a: Bisharp|Knock Off|p1a: Amoonguss
|-damage|p1a: Amoonguss|70/100
|-damage|p2a: Bisharp|50/100|[from] item: Rocky Helmet|[of] p1a: Amoonguss
|-enditem|p1a: Amoonguss|Rocky Helmet|[from] move: Knock Off|[of] p2a: Bisharp
|move|p1a: Amoonguss|Giga Drain|p2a: Bisharp
|-resisted|p2a: Bisharp
|-damage|p2a: Bisharp|39/100
|-heal|p1a: Amoonguss|74/100|[from] drain|[of] p2a: Bisharp
|
|-heal|p2a: Bisharp|45/100|[from] item: Leftovers
|upkeep
|turn|9
|
|t:|1667754923
|switch|p1a: Keldeo|Keldeo-Resolute|100/100
|-damage|p1a: Keldeo|94/100|[from] Stealth Rock
|move|p2a: Bisharp|Knock Off|p1a: Keldeo
|-resisted|p1a: Keldeo
|-damage|p1a: Keldeo|72/100
|-ability|p1a: Keldeo|Justified|boost
|-boost|p1a: Keldeo|atk|1
|-enditem|p1a: Keldeo|Choice Scarf|[from] move: Knock Off|[of] p2a: Bisharp
|
|-heal|p2a: Bisharp|51/100|[from] item: Leftovers
|upkeep
|turn|10
|
|t:|1667754931
|switch|p2a: Rillaboom|Rillaboom, M|84/100
|-fieldstart|move: Grassy Terrain|[from] ability: Grassy Surge|[of] p2a: Rillaboom
|move|p1a: Keldeo|Surf|p2a: Rillaboom
|-resisted|p2a: Rillaboom
|-damage|p2a: Rillaboom|55/100
|
|-heal|p1a: Keldeo|78/100|[from] Grassy Terrain
|-heal|p2a: Rillaboom|61/100|[from] Grassy Terrain
|-heal|p2a: Rillaboom|67/100|[from] item: Leftovers
|upkeep
|turn|11
|
|t:|1667754937
|move|p1a: Keldeo|Secret Sword|p2a: Rillaboom
|-damage|p2a: Rillaboom|38/100
|move|p2a: Rillaboom|U-turn|p1a: Keldeo
|-resisted|p1a: Keldeo
|-damage|p1a: Keldeo|66/100
|
|t:|1667754949
|switch|p2a: Jirachi|Jirachi|100/100|[from]move: U-turn
|
|-heal|p1a: Keldeo|73/100|[from] Grassy Terrain
|upkeep
|turn|12
|
|t:|1667754958
|move|p1a: Keldeo|Flip Turn|p2a: Jirachi
|-damage|p2a: Jirachi|82/100
|
|t:|1667754960
|switch|p1a: Regieleki|Regieleki|100/100|[from]move: Flip Turn
|move|p2a: Jirachi|Cosmic Power|p2a: Jirachi
|-boost|p2a: Jirachi|def|1
|-boost|p2a: Jirachi|spd|1
|
|-heal|p2a: Jirachi|89/100|[from] Grassy Terrain
|-heal|p2a: Jirachi|95/100|[from] item: Leftovers
|upkeep
|turn|13
|
|t:|1667754967
|switch|p2a: Zygarde|Zygarde-10%|38/100
|-ability|p2a: Zygarde|Aura Break
|move|p1a: Regieleki|Electro Ball|p2a: Zygarde
|-immune|p2a: Zygarde
|
|-heal|p2a: Zygarde|44/100|[from] Grassy Terrain
|upkeep
|turn|14
|
|t:|1667754979
|move|p1a: Regieleki|Extreme Speed|p2a: Zygarde
|-damage|p2a: Zygarde|5/100
|move|p2a: Zygarde|Thousand Arrows|p1a: Regieleki
|-supereffective|p1a: Regieleki
|-damage|p1a: Regieleki|0 fnt
|faint|p1a: Regieleki
|
|-heal|p2a: Zygarde|11/100|[from] Grassy Terrain
|-fieldend|move: Grassy Terrain
|upkeep
|-message|0tohero forfeited.
|
|win|crescendoww
|raw|0tohero's rating: 1644 &rarr; <strong>1622</strong><br />(-22 for losing)
|raw|crescendoww's rating: 1605 &rarr; <strong>1627</strong><br />(+22 for winning)
|l|☆0tohero
||Ladder isn't responding, score probably updated but might not have (Request timeout).
