|j|☆numbernineshirt
|j|☆Stads
|t:|1663161241
|gametype|singles
|player|p1|numbernineshirt|2|1709
|player|p2|Stads|170|1756
|teamsize|p1|6
|teamsize|p2|6
|gen|8
|tier|[Gen 8] OU
|rated|
|rule|Sleep Clause Mod: Limit one foe put to sleep
|rule|Species Clause: Limit one of each Pokémon
|rule|OHKO Clause: OHKO moves are banned
|rule|Evasion Items Clause: Evasion items are banned
|rule|Evasion Moves Clause: Evasion moves are banned
|rule|Endless Battle Clause: Forcing endless battles is banned
|rule|HP Percentage Mod: HP is shown in percentages
|rule|Dynamax Clause: You cannot dynamax
|clearpoke
|poke|p1|Keldeo-Resolute|
|poke|p1|Zapdos|
|poke|p1|Garchomp, M|
|poke|p1|Clefable, M|
|poke|p1|Melmetal|
|poke|p1|Weavile, M|
|poke|p2|Tornadus-Therian, M|
|poke|p2|Corviknight, F|
|poke|p2|Kartana|
|poke|p2|Toxapex, F|
|poke|p2|Hippowdon, F|
|poke|p2|Heatran, F|
|teampreview
|inactive|Battle timer is ON: inactive players will automatically lose when time's up. (requested by numbernineshirt)
|j| dpalacinr01
|
|t:|1663161254
|start
|switch|p1a: Keldeo|Keldeo-Resolute|100/100
|switch|p2a: Hippowdon|Hippowdon, F|100/100
|-weather|Sandstorm|[from] ability: Sand Stream|[of] p2a: Hippowdon
|turn|1
|
|t:|1663161282
|switch|p2a: Toxapex|Toxapex, F|100/100
|move|p1a: Keldeo|Scald|p2a: Toxapex
|-resisted|p2a: Toxapex
|-damage|p2a: Toxapex|75/100
|
|-weather|Sandstorm|[upkeep]
|-damage|p1a: Keldeo|94/100|[from] Sandstorm
|-damage|p2a: Toxapex|68/100|[from] Sandstorm
|upkeep
|turn|2
|
|t:|1663161292
|switch|p1a: Garchomp|Garchomp, M|100/100
|move|p2a: Toxapex|Knock Off|p1a: Garchomp
|-damage|p1a: Garchomp|88/100
|-damage|p2a: Toxapex|56/100|[from] ability: Rough Skin|[of] p1a: Garchomp
|-enditem|p1a: Garchomp|Leftovers|[from] move: Knock Off|[of] p2a: Toxapex
|
|-weather|Sandstorm|[upkeep]
|-damage|p2a: Toxapex|50/100|[from] Sandstorm
|upkeep
|turn|3
|
|t:|1663161296
|switch|p2a: Hippowdon|Hippowdon, F|100/100
|move|p1a: Garchomp|Stealth Rock|p2a: Hippowdon
|-sidestart|p2: Stads|move: Stealth Rock
|
|-weather|Sandstorm|[upkeep]
|upkeep
|turn|4
|
|t:|1663161302
|move|p1a: Garchomp|Toxic|p2a: Hippowdon
|-status|p2a: Hippowdon|tox
|move|p2a: Hippowdon|Toxic|p1a: Garchomp
|-status|p1a: Garchomp|tox
|
|-weather|Sandstorm|[upkeep]
|-damage|p1a: Garchomp|82/100 tox|[from] psn
|-damage|p2a: Hippowdon|94/100 tox|[from] psn
|upkeep
|turn|5
|
|t:|1663161305
|switch|p1a: Keldeo|Keldeo-Resolute|94/100
|switch|p2a: Corviknight|Corviknight, F|100/100
|-damage|p2a: Corviknight|88/100|[from] Stealth Rock
|-ability|p2a: Corviknight|Pressure
|
|-weather|none
|-heal|p2a: Corviknight|94/100|[from] item: Leftovers
|upkeep
|turn|6
|
|t:|1663161309
|move|p1a: Keldeo|Hydro Pump|p2a: Corviknight|[miss]
|-miss|p1a: Keldeo|p2a: Corviknight
|move|p2a: Corviknight|Defog|p1a: Keldeo
|-unboost|p1a: Keldeo|evasion|1
|-sideend|p2: Stads|Stealth Rock|[from] move: Defog|[of] p2a: Corviknight
|
|-heal|p2a: Corviknight|100/100|[from] item: Leftovers
|upkeep
|turn|7
|
|t:|1663161314
|switch|p1a: Zapdos|Zapdos|100/100
|switch|p2a: Toxapex|Toxapex, F|83/100
|
|upkeep
|turn|8
|
|t:|1663161318
|switch|p1a: Keldeo|Keldeo-Resolute|94/100
|move|p2a: Toxapex|Recover|p2a: Toxapex
|-heal|p2a: Toxapex|100/100
|
|upkeep
|turn|9
|
|t:|1663161324
|switch|p1a: Garchomp|Garchomp, M|82/100 tox
|move|p2a: Toxapex|Knock Off|p1a: Garchomp
|-damage|p1a: Garchomp|73/100 tox
|-damage|p2a: Toxapex|88/100|[from] ability: Rough Skin|[of] p1a: Garchomp
|
|-damage|p1a: Garchomp|67/100 tox|[from] psn
|upkeep
|turn|10
|
|t:|1663161326
|switch|p2a: Corviknight|Corviknight, F|100/100
|-ability|p2a: Corviknight|Pressure
|move|p1a: Garchomp|Stealth Rock|p2a: Corviknight
|-sidestart|p2: Stads|move: Stealth Rock
|
|-damage|p1a: Garchomp|55/100 tox|[from] psn
|upkeep
|turn|11
|
|t:|1663161329
|switch|p1a: Clefable|Clefable, M|100/100
|move|p2a: Corviknight|Defog|p1a: Clefable
|-unboost|p1a: Clefable|evasion|1
|-sideend|p2: Stads|Stealth Rock|[from] move: Defog|[of] p2a: Corviknight
|
|upkeep
|turn|12
|
|t:|1663161334
|move|p2a: Corviknight|U-turn|p1a: Clefable
|-resisted|p1a: Clefable
|-damage|p1a: Clefable|94/100
|
|t:|1663161337
|switch|p2a: Toxapex|Toxapex, F|100/100|[from]move: U-turn
|move|p1a: Clefable|Wish|p1a: Clefable
|
|-heal|p1a: Clefable|99/100|[from] item: Leftovers
|upkeep
|turn|13
|
|t:|1663161341
|move|p2a: Toxapex|Scald|p1a: Clefable
|-damage|p1a: Clefable|87/100
|move|p1a: Clefable|Teleport|p1a: Clefable
|
|t:|1663161343
|switch|p1a: Weavile|Weavile, M|100/100|[from]move: Teleport
|-ability|p1a: Weavile|Pressure
|
|upkeep
|turn|14
|
|t:|1663161345
|move|p1a: Weavile|Knock Off|p2a: Toxapex
|-damage|p2a: Toxapex|70/100
|-enditem|p2a: Toxapex|Shed Shell|[from] move: Knock Off|[of] p1a: Weavile
|move|p2a: Toxapex|Scald|p1a: Weavile
|-damage|p1a: Weavile|79/100
|
|upkeep
|turn|15
|
|t:|1663161349
|move|p1a: Weavile|Whirlpool|p2a: Toxapex
|-resisted|p2a: Toxapex
|-crit|p2a: Toxapex
|-damage|p2a: Toxapex|67/100
|-activate|p2a: Toxapex|move: Whirlpool|[of] p1a: Weavile
|move|p2a: Toxapex|Knock Off|p1a: Weavile
|-resisted|p1a: Weavile
|-damage|p1a: Weavile|67/100
|-enditem|p1a: Weavile|Heavy-Duty Boots|[from] move: Knock Off|[of] p2a: Toxapex
|
|-damage|p2a: Toxapex|55/100|[from] move: Whirlpool|[partiallytrapped]
|upkeep
|turn|16
|
|t:|1663161352
|move|p1a: Weavile|Taunt|p2a: Toxapex
|-start|p2a: Toxapex|move: Taunt
|move|p2a: Toxapex|Scald|p1a: Weavile
|-damage|p1a: Weavile|45/100
|
|-damage|p2a: Toxapex|42/100|[from] move: Whirlpool|[partiallytrapped]
|upkeep
|turn|17
|
|t:|1663161354
|move|p1a: Weavile|Knock Off|p2a: Toxapex
|-damage|p2a: Toxapex|22/100
|move|p2a: Toxapex|Scald|p1a: Weavile
|-damage|p1a: Weavile|24/100
|
|-damage|p2a: Toxapex|9/100|[from] move: Whirlpool|[partiallytrapped]
|upkeep
|turn|18
|
|t:|1663161356
|move|p1a: Weavile|Knock Off|p2a: Toxapex
|-damage|p2a: Toxapex|0 fnt
|faint|p2a: Toxapex
|
|upkeep
|
|t:|1663161360
|switch|p2a: Corviknight|Corviknight, F|100/100
|-ability|p2a: Corviknight|Pressure
|turn|19
|
|t:|1663161365
|switch|p1a: Clefable|Clefable, M|87/100
|move|p2a: Corviknight|U-turn|p1a: Clefable
|-resisted|p1a: Clefable
|-damage|p1a: Clefable|80/100
|
|t:|1663161368
|switch|p2a: Heatran|Heatran, F|100/100|[from]move: U-turn
|
|-heal|p1a: Clefable|86/100|[from] item: Leftovers
|upkeep
|turn|20
|
|t:|1663161372
|move|p1a: Clefable|Protect|p1a: Clefable
|-singleturn|p1a: Clefable|Protect
|move|p2a: Heatran|Magma Storm|p1a: Clefable
|-activate|p1a: Clefable|move: Protect
|
|-heal|p1a: Clefable|92/100|[from] item: Leftovers
|upkeep
|turn|21
|
|t:|1663161376
|move|p2a: Heatran|Taunt|p1a: Clefable
|-start|p1a: Clefable|move: Taunt
|cant|p1a: Clefable|move: Taunt|Teleport
|
|-heal|p1a: Clefable|98/100|[from] item: Leftovers
|upkeep
|turn|22
|j| Kiwi_963
|
|t:|1663161382
|switch|p2a: Tornadus|Tornadus-Therian, M|100/100
|switch|p1a: Keldeo|Keldeo-Resolute|94/100
|
|upkeep
|turn|23
|
|t:|1663161389
|switch|p1a: Zapdos|Zapdos|100/100
|move|p2a: Tornadus|Knock Off|p1a: Zapdos
|-damage|p1a: Zapdos|85/100
|-enditem|p1a: Zapdos|Heavy-Duty Boots|[from] move: Knock Off|[of] p2a: Tornadus
|
|upkeep
|turn|24
|
|t:|1663161392
|move|p2a: Tornadus|Heat Wave|p1a: Zapdos
|-damage|p1a: Zapdos|58/100
|move|p1a: Zapdos|Hurricane|p2a: Tornadus
|-damage|p2a: Tornadus|66/100
|
|upkeep
|turn|25
|
|t:|1663161395
|switch|p2a: Hippowdon|Hippowdon, F|94/100 tox
|-weather|Sandstorm|[from] ability: Sand Stream|[of] p2a: Hippowdon
|move|p1a: Zapdos|Roost|p1a: Zapdos
|-heal|p1a: Zapdos|100/100
|-singleturn|p1a: Zapdos|move: Roost
|
|-weather|Sandstorm|[upkeep]
|-damage|p1a: Zapdos|94/100|[from] Sandstorm
|-heal|p2a: Hippowdon|100/100 tox|[from] item: Leftovers
|-damage|p2a: Hippowdon|94/100 tox|[from] psn
|upkeep
|turn|26
|
|t:|1663161398
|switch|p1a: Clefable|Clefable, M|98/100
|move|p2a: Hippowdon|Stealth Rock|p1a: Clefable
|-sidestart|p1: numbernineshirt|move: Stealth Rock
|
|-weather|Sandstorm|[upkeep]
|-heal|p1a: Clefable|100/100|[from] item: Leftovers
|-heal|p2a: Hippowdon|100/100 tox|[from] item: Leftovers
|-damage|p2a: Hippowdon|88/100 tox|[from] psn
|upkeep
|turn|27
|
|t:|1663161401
|switch|p2a: Heatran|Heatran, F|100/100
|move|p1a: Clefable|Wish|p1a: Clefable
|
|-weather|Sandstorm|[upkeep]
|upkeep
|turn|28
|
|t:|1663161406
|switch|p1a: Garchomp|Garchomp, M|55/100 tox
|-damage|p1a: Garchomp|48/100 tox|[from] Stealth Rock
|move|p2a: Heatran|Taunt|p1a: Garchomp
|-start|p1a: Garchomp|move: Taunt
|
|-weather|Sandstorm|[upkeep]
|-heal|p1a: Garchomp|95/100 tox|[from] move: Wish|[wisher] Clefable
|-damage|p1a: Garchomp|89/100 tox|[from] psn
|upkeep
|turn|29
|
|t:|1663161415
|switch|p2a: Tornadus|Tornadus-Therian, M|99/100
|move|p1a: Garchomp|Dragon Tail|p2a: Tornadus
|-damage|p2a: Tornadus|65/100
|drag|p2a: Heatran|Heatran, F|100/100
|
|-weather|none
|-damage|p1a: Garchomp|77/100 tox|[from] psn
|upkeep
|turn|30
|
|t:|1663161418
|switch|p2a: Tornadus|Tornadus-Therian, M|98/100
|move|p1a: Garchomp|Earthquake|p2a: Tornadus
|-immune|p2a: Tornadus
|
|-damage|p1a: Garchomp|58/100 tox|[from] psn
|-end|p1a: Garchomp|move: Taunt
|upkeep
|turn|31
|
|t:|1663161423
|move|p2a: Tornadus|Hurricane|p1a: Garchomp|[miss]
|-miss|p2a: Tornadus|p1a: Garchomp
|move|p1a: Garchomp|Stealth Rock|p2a: Tornadus
|-sidestart|p2: Stads|move: Stealth Rock
|
|-damage|p1a: Garchomp|33/100 tox|[from] psn
|upkeep
|turn|32
|
|t:|1663161427
|switch|p1a: Zapdos|Zapdos|94/100
|-damage|p1a: Zapdos|70/100|[from] Stealth Rock
|move|p2a: Tornadus|Heat Wave|p1a: Zapdos
|-damage|p1a: Zapdos|41/100
|
|upkeep
|turn|33
|
|t:|1663161432
|switch|p2a: Heatran|Heatran, F|100/100
|-damage|p2a: Heatran|88/100|[from] Stealth Rock
|move|p1a: Zapdos|Roost|p1a: Zapdos
|-heal|p1a: Zapdos|91/100
|-singleturn|p1a: Zapdos|move: Roost
|
|-heal|p2a: Heatran|94/100|[from] item: Leftovers
|upkeep
|turn|34
|
|t:|1663161438
|move|p1a: Zapdos|Volt Switch|p2a: Heatran
|-damage|p2a: Heatran|75/100
|
|t:|1663161441
|switch|p1a: Keldeo|Keldeo-Resolute|94/100|[from]move: Volt Switch
|-damage|p1a: Keldeo|88/100|[from] Stealth Rock
|move|p2a: Heatran|Toxic|p1a: Keldeo
|-status|p1a: Keldeo|tox
|
|-heal|p2a: Heatran|82/100|[from] item: Leftovers
|-damage|p1a: Keldeo|82/100 tox|[from] psn
|upkeep
|turn|35
|
|t:|1663161444
|move|p2a: Heatran|Protect|p2a: Heatran
|-singleturn|p2a: Heatran|Protect
|move|p1a: Keldeo|Hydro Pump|p2a: Heatran
|-activate|p2a: Heatran|move: Protect
|
|-heal|p2a: Heatran|88/100|[from] item: Leftovers
|-damage|p1a: Keldeo|70/100 tox|[from] psn
|upkeep
|turn|36
|
|t:|1663161451
|switch|p2a: Corviknight|Corviknight, F|100/100
|-damage|p2a: Corviknight|88/100|[from] Stealth Rock
|-ability|p2a: Corviknight|Pressure
|move|p1a: Keldeo|Hydro Pump|p2a: Corviknight|[miss]
|-miss|p1a: Keldeo|p2a: Corviknight
|
|-heal|p2a: Corviknight|94/100|[from] item: Leftovers
|-damage|p1a: Keldeo|51/100 tox|[from] psn
|upkeep
|turn|37
|
|t:|1663161462
|switch|p1a: Zapdos|Zapdos|91/100
|-damage|p1a: Zapdos|66/100|[from] Stealth Rock
|move|p2a: Corviknight|U-turn|p1a: Zapdos
|-resisted|p1a: Zapdos
|-damage|p1a: Zapdos|61/100
|
|t:|1663161465
|switch|p2a: Hippowdon|Hippowdon, F|88/100 tox|[from]move: U-turn
|-damage|p2a: Hippowdon|82/100 tox|[from] Stealth Rock
|-weather|Sandstorm|[from] ability: Sand Stream|[of] p2a: Hippowdon
|
|-weather|Sandstorm|[upkeep]
|-damage|p1a: Zapdos|55/100|[from] Sandstorm
|-heal|p2a: Hippowdon|88/100 tox|[from] item: Leftovers
|-damage|p2a: Hippowdon|82/100 tox|[from] psn
|upkeep
|turn|38
|
|t:|1663161468
|switch|p1a: Clefable|Clefable, M|100/100
|move|p2a: Hippowdon|Toxic|p1a: Clefable
|-status|p1a: Clefable|tox
|
|-weather|Sandstorm|[upkeep]
|-heal|p2a: Hippowdon|88/100 tox|[from] item: Leftovers
|-damage|p2a: Hippowdon|76/100 tox|[from] psn
|upkeep
|turn|39
|
|t:|1663161473
|switch|p2a: Heatran|Heatran, F|88/100
|-damage|p2a: Heatran|75/100|[from] Stealth Rock
|move|p1a: Clefable|Wish|p1a: Clefable
|
|-weather|Sandstorm|[upkeep]
|-heal|p2a: Heatran|82/100|[from] item: Leftovers
|upkeep
|turn|40
|
|t:|1663161476
|switch|p1a: Keldeo|Keldeo-Resolute|51/100 tox
|-damage|p1a: Keldeo|45/100 tox|[from] Stealth Rock
|move|p2a: Heatran|Taunt|p1a: Keldeo
|-start|p1a: Keldeo|move: Taunt
|
|-weather|Sandstorm|[upkeep]
|-damage|p1a: Keldeo|39/100 tox|[from] Sandstorm
|-heal|p1a: Keldeo|99/100 tox|[from] move: Wish|[wisher] Clefable
|-heal|p2a: Heatran|88/100|[from] item: Leftovers
|-damage|p1a: Keldeo|93/100 tox|[from] psn
|upkeep
|turn|41
|
|t:|1663161481
|move|p2a: Heatran|Protect|p2a: Heatran
|-singleturn|p2a: Heatran|Protect
|move|p1a: Keldeo|Scald|p2a: Heatran
|-activate|p2a: Heatran|move: Protect
|
|-weather|none
|-heal|p2a: Heatran|94/100|[from] item: Leftovers
|-damage|p1a: Keldeo|81/100 tox|[from] psn
|upkeep
|turn|42
|
|t:|1663161484
|switch|p2a: Tornadus|Tornadus-Therian, M|100/100
|-damage|p2a: Tornadus|76/100|[from] Stealth Rock
|move|p1a: Keldeo|Scald|p2a: Tornadus
|-damage|p2a: Tornadus|29/100
|
|-damage|p1a: Keldeo|62/100 tox|[from] psn
|-end|p1a: Keldeo|move: Taunt
|upkeep
|turn|43
|
|t:|1663161488
|switch|p1a: Clefable|Clefable, M|100/100 tox
|move|p2a: Tornadus|Hurricane|p1a: Clefable
|-damage|p1a: Clefable|63/100 tox
|-start|p1a: Clefable|confusion
|
|-heal|p1a: Clefable|69/100 tox|[from] item: Leftovers
|upkeep
|turn|44
|
|t:|1663161491
|move|p2a: Tornadus|Knock Off|p1a: Clefable
|-resisted|p1a: Clefable
|-damage|p1a: Clefable|60/100 tox
|-enditem|p1a: Clefable|Leftovers|[from] move: Knock Off|[of] p2a: Tornadus
|-activate|p1a: Clefable|confusion
|move|p1a: Clefable|Teleport|p1a: Clefable
|
|t:|1663161497
|switch|p1a: Zapdos|Zapdos|55/100|[from]move: Teleport
|-damage|p1a: Zapdos|30/100|[from] Stealth Rock
|
|upkeep
|turn|45
|
|t:|1663161502
|switch|p2a: Hippowdon|Hippowdon, F|76/100 tox
|-damage|p2a: Hippowdon|70/100 tox|[from] Stealth Rock
|-weather|Sandstorm|[from] ability: Sand Stream|[of] p2a: Hippowdon
|move|p1a: Zapdos|Roost|p1a: Zapdos
|-heal|p1a: Zapdos|80/100
|-singleturn|p1a: Zapdos|move: Roost
|
|-weather|Sandstorm|[upkeep]
|-damage|p1a: Zapdos|74/100|[from] Sandstorm
|-heal|p2a: Hippowdon|76/100 tox|[from] item: Leftovers
|-damage|p2a: Hippowdon|70/100 tox|[from] psn
|upkeep
|turn|46
|
|t:|1663161508
|move|p1a: Zapdos|Hurricane|p2a: Hippowdon
|-damage|p2a: Hippowdon|37/100 tox
|-start|p2a: Hippowdon|confusion
|-activate|p2a: Hippowdon|confusion
|move|p2a: Hippowdon|Slack Off|p2a: Hippowdon
|-heal|p2a: Hippowdon|87/100 tox
|
|-weather|Sandstorm|[upkeep]
|-damage|p1a: Zapdos|68/100|[from] Sandstorm
|-heal|p2a: Hippowdon|94/100 tox|[from] item: Leftovers
|-damage|p2a: Hippowdon|81/100 tox|[from] psn
|upkeep
|turn|47
|j| Boynea
|
|t:|1663161513
|switch|p1a: Clefable|Clefable, M|60/100 tox
|switch|p2a: Heatran|Heatran, F|94/100
|-damage|p2a: Heatran|82/100|[from] Stealth Rock
|
|-weather|Sandstorm|[upkeep]
|-heal|p2a: Heatran|88/100|[from] item: Leftovers
|upkeep
|turn|48
|
|t:|1663161521
|move|p1a: Clefable|Protect|p1a: Clefable
|-singleturn|p1a: Clefable|Protect
|move|p2a: Heatran|Taunt|p1a: Clefable
|-activate|p1a: Clefable|move: Protect
|
|-weather|Sandstorm|[upkeep]
|-heal|p2a: Heatran|94/100|[from] item: Leftovers
|upkeep
|turn|49
|j| mlotpolpol
|
|t:|1663161526
|switch|p1a: Melmetal|Melmetal|100/100
|-damage|p1a: Melmetal|94/100|[from] Stealth Rock
|move|p2a: Heatran|Taunt|p1a: Melmetal
|-start|p1a: Melmetal|move: Taunt
|
|-weather|none
|-heal|p2a: Heatran|99/100|[from] item: Leftovers
|upkeep
|turn|50
|
|t:|1663161531
|move|p2a: Heatran|Protect|p2a: Heatran
|-singleturn|p2a: Heatran|Protect
|move|p1a: Melmetal|Earthquake|p2a: Heatran
|-activate|p2a: Heatran|move: Protect
|
|-heal|p2a: Heatran|100/100|[from] item: Leftovers
|upkeep
|turn|51
|
|t:|1663161535
|switch|p2a: Corviknight|Corviknight, F|94/100
|-damage|p2a: Corviknight|82/100|[from] Stealth Rock
|-ability|p2a: Corviknight|Pressure
|move|p1a: Melmetal|Thunder Punch|p2a: Corviknight
|-supereffective|p2a: Corviknight
|-damage|p2a: Corviknight|45/100
|
|-heal|p2a: Corviknight|51/100|[from] item: Leftovers
|-end|p1a: Melmetal|move: Taunt
|upkeep
|turn|52
|
|t:|1663161538
|switch|p1a: Clefable|Clefable, M|60/100 tox
|move|p2a: Corviknight|Roost|p2a: Corviknight
|-heal|p2a: Corviknight|100/100
|-singleturn|p2a: Corviknight|move: Roost
|
|upkeep
|turn|53
|
|t:|1663161542
|move|p2a: Corviknight|Defog|p1a: Clefable
|-unboost|p1a: Clefable|evasion|1
|-sideend|p1: numbernineshirt|Stealth Rock|[from] move: Defog|[of] p2a: Corviknight
|-sideend|p2: Stads|Stealth Rock|[from] move: Defog|[of] p2a: Corviknight
|move|p1a: Clefable|Wish|p1a: Clefable
|
|upkeep
|turn|54
|
|t:|1663161545
|switch|p2a: Tornadus|Tornadus-Therian, M|62/100
|move|p1a: Clefable|Teleport|p1a: Clefable
|
|t:|1663161550
|switch|p1a: Garchomp|Garchomp, M|33/100 tox|[from]move: Teleport
|
|-heal|p1a: Garchomp|80/100 tox|[from] move: Wish|[wisher] Clefable
|-damage|p1a: Garchomp|74/100 tox|[from] psn
|upkeep
|turn|55
|
|t:|1663161555
|switch|p2a: Corviknight|Corviknight, F|100/100
|-ability|p2a: Corviknight|Pressure
|move|p1a: Garchomp|Stealth Rock|p2a: Corviknight
|-sidestart|p2: Stads|move: Stealth Rock
|
|-damage|p1a: Garchomp|62/100 tox|[from] psn
|upkeep
|turn|56
|
|t:|1663161558
|switch|p1a: Clefable|Clefable, M|60/100 tox
|move|p2a: Corviknight|Defog|p1a: Clefable
|-unboost|p1a: Clefable|evasion|1
|-sideend|p2: Stads|Stealth Rock|[from] move: Defog|[of] p2a: Corviknight
|
|upkeep
|turn|57
|
|t:|1663161564
|move|p2a: Corviknight|U-turn|p1a: Clefable
|-resisted|p1a: Clefable
|-damage|p1a: Clefable|54/100 tox
|
|t:|1663161565
|switch|p2a: Heatran|Heatran, F|100/100|[from]move: U-turn
|move|p1a: Clefable|Wish|p1a: Clefable
|
|upkeep
|turn|58
|
|t:|1663161575
|switch|p1a: Keldeo|Keldeo-Resolute|62/100 tox
|move|p2a: Heatran|Magma Storm|p1a: Keldeo
|-resisted|p1a: Keldeo
|-damage|p1a: Keldeo|38/100 tox
|-activate|p1a: Keldeo|move: Magma Storm|[of] p2a: Heatran
|
|-heal|p1a: Keldeo|99/100 tox|[from] move: Wish|[wisher] Clefable
|-damage|p1a: Keldeo|93/100 tox|[from] psn
|-damage|p1a: Keldeo|81/100 tox|[from] move: Magma Storm|[partiallytrapped]
|upkeep
|turn|59
|
|t:|1663161581
|move|p2a: Heatran|Protect|p2a: Heatran
|-singleturn|p2a: Heatran|Protect
|move|p1a: Keldeo|Scald|p2a: Heatran
|-activate|p2a: Heatran|move: Protect
|
|-damage|p1a: Keldeo|68/100 tox|[from] psn
|-damage|p1a: Keldeo|56/100 tox|[from] move: Magma Storm|[partiallytrapped]
|upkeep
|turn|60
|
|t:|1663161588
|switch|p2a: Tornadus|Tornadus-Therian, M|95/100
|move|p1a: Keldeo|Scald|p2a: Tornadus
|-damage|p2a: Tornadus|42/100
|
|-damage|p1a: Keldeo|37/100 tox|[from] psn
|-end|p1a: Keldeo|Magma Storm|[partiallytrapped]|[silent]
|upkeep
|turn|61
|
|t:|1663161591
|move|p2a: Tornadus|U-turn|p1a: Keldeo
|-resisted|p1a: Keldeo
|-damage|p1a: Keldeo|29/100 tox
|
|t:|1663161594
|switch|p2a: Corviknight|Corviknight, F|100/100|[from]move: U-turn
|-ability|p2a: Corviknight|Pressure
|move|p1a: Keldeo|Scald|p2a: Corviknight
|-damage|p2a: Corviknight|50/100
|-status|p2a: Corviknight|brn
|
|-heal|p2a: Corviknight|56/100 brn|[from] item: Leftovers
|-damage|p1a: Keldeo|4/100 tox|[from] psn
|-damage|p2a: Corviknight|50/100 brn|[from] brn
|upkeep
|turn|62
|
|t:|1663161599
|switch|p1a: Clefable|Clefable, M|54/100 tox
|move|p2a: Corviknight|U-turn|p1a: Clefable
|-resisted|p1a: Clefable
|-damage|p1a: Clefable|51/100 tox
|
|t:|1663161603
|switch|p2a: Heatran|Heatran, F|100/100|[from]move: U-turn
|
|upkeep
|turn|63
|
|t:|1663161612
|switch|p1a: Garchomp|Garchomp, M|62/100 tox
|move|p2a: Heatran|Taunt|p1a: Garchomp
|-start|p1a: Garchomp|move: Taunt
|
|-damage|p1a: Garchomp|56/100 tox|[from] psn
|upkeep
|turn|64
|
|t:|1663161621
|switch|p2a: Tornadus|Tornadus-Therian, M|75/100
|move|p1a: Garchomp|Earthquake|p2a: Tornadus
|-immune|p2a: Tornadus
|
|-damage|p1a: Garchomp|43/100 tox|[from] psn
|upkeep
|turn|65
|
|t:|1663161624
|switch|p1a: Clefable|Clefable, M|51/100 tox
|move|p2a: Tornadus|U-turn|p1a: Clefable
|-resisted|p1a: Clefable
|-damage|p1a: Clefable|44/100 tox
|
|t:|1663161625
|switch|p2a: Heatran|Heatran, F|100/100|[from]move: U-turn
|
|upkeep
|turn|66
|
|t:|1663161627
|move|p2a: Heatran|Taunt|p1a: Clefable
|-start|p1a: Clefable|move: Taunt
|cant|p1a: Clefable|move: Taunt|Wish
|
|upkeep
|turn|67
|
|t:|1663161632
|switch|p1a: Garchomp|Garchomp, M|43/100 tox
|move|p2a: Heatran|Magma Storm|p1a: Garchomp
|-resisted|p1a: Garchomp
|-damage|p1a: Garchomp|28/100 tox
|-activate|p1a: Garchomp|move: Magma Storm|[of] p2a: Heatran
|
|-damage|p1a: Garchomp|22/100 tox|[from] psn
|-damage|p1a: Garchomp|10/100 tox|[from] move: Magma Storm|[partiallytrapped]
|upkeep
|turn|68
|
|t:|1663161642
|move|p2a: Heatran|Protect|p2a: Heatran
|-singleturn|p2a: Heatran|Protect
|move|p1a: Garchomp|Stealth Rock|p2a: Heatran
|-sidestart|p2: Stads|move: Stealth Rock
|
|-damage|p1a: Garchomp|0 fnt|[from] psn
|faint|p1a: Garchomp
|upkeep
|
|t:|1663161646
|switch|p1a: Melmetal|Melmetal|94/100
|turn|69
|l| Kiwi_963
|
|t:|1663161655
|switch|p2a: Hippowdon|Hippowdon, F|81/100 tox
|-damage|p2a: Hippowdon|75/100 tox|[from] Stealth Rock
|-weather|Sandstorm|[from] ability: Sand Stream|[of] p2a: Hippowdon
|move|p1a: Melmetal|Earthquake|p2a: Hippowdon
|-damage|p2a: Hippowdon|52/100 tox
|
|-weather|Sandstorm|[upkeep]
|-heal|p2a: Hippowdon|58/100 tox|[from] item: Leftovers
|-damage|p2a: Hippowdon|52/100 tox|[from] psn
|upkeep
|turn|70
|l| mlotpolpol
|
|t:|1663161659
|move|p2a: Hippowdon|Stealth Rock|p1a: Melmetal
|-sidestart|p1: numbernineshirt|move: Stealth Rock
|move|p1a: Melmetal|Ice Punch|p2a: Hippowdon
|-supereffective|p2a: Hippowdon
|-damage|p2a: Hippowdon|7/100 tox
|
|-weather|Sandstorm|[upkeep]
|-heal|p2a: Hippowdon|14/100 tox|[from] item: Leftovers
|-damage|p2a: Hippowdon|1/100 tox|[from] psn
|upkeep
|turn|71
|
|t:|1663161665
|move|p2a: Hippowdon|Earthquake|p1a: Melmetal
|-supereffective|p1a: Melmetal
|-damage|p1a: Melmetal|54/100
|move|p1a: Melmetal|Thunder Punch|p2a: Hippowdon
|-immune|p2a: Hippowdon
|
|-weather|Sandstorm|[upkeep]
|-heal|p2a: Hippowdon|7/100 tox|[from] item: Leftovers
|-damage|p2a: Hippowdon|0 fnt|[from] psn
|faint|p2a: Hippowdon
|upkeep
|
|t:|1663161673
|switch|p2a: Heatran|Heatran, F|100/100
|-damage|p2a: Heatran|88/100|[from] Stealth Rock
|turn|72
|
|t:|1663161679
|move|p2a: Heatran|Magma Storm|p1a: Melmetal
|-supereffective|p1a: Melmetal
|-damage|p1a: Melmetal|10/100
|-activate|p1a: Melmetal|move: Magma Storm|[of] p2a: Heatran
|move|p1a: Melmetal|Earthquake|p2a: Heatran
|-supereffective|p2a: Heatran
|-damage|p2a: Heatran|0 fnt
|faint|p2a: Heatran
|
|-weather|Sandstorm|[upkeep]
|-end|p1a: Melmetal|Magma Storm|[partiallytrapped]|[silent]
|upkeep
|
|t:|1663161683
|switch|p2a: Tornadus|Tornadus-Therian, M|100/100
|-damage|p2a: Tornadus|76/100|[from] Stealth Rock
|turn|73
|
|t:|1663161686
|move|p2a: Tornadus|Knock Off|p1a: Melmetal
|-damage|p1a: Melmetal|0 fnt
|-enditem|p1a: Melmetal|Assault Vest|[from] move: Knock Off|[of] p2a: Tornadus
|faint|p1a: Melmetal
|
|-weather|none
|upkeep
|
|t:|1663161688
|switch|p1a: Zapdos|Zapdos|68/100
|-damage|p1a: Zapdos|43/100|[from] Stealth Rock
|turn|74
|c| Boynea|haha
|
|t:|1663161691
|move|p2a: Tornadus|Heat Wave|p1a: Zapdos|[miss]
|-miss|p2a: Tornadus|p1a: Zapdos
|move|p1a: Zapdos|Roost|p1a: Zapdos
|-heal|p1a: Zapdos|93/100
|-singleturn|p1a: Zapdos|move: Roost
|
|upkeep
|turn|75
|-message|Stads forfeited.
|
|win|numbernineshirt
|raw|numbernineshirt's rating: 1709 &rarr; <strong>1732</strong><br />(+23 for winning)
|raw|Stads's rating: 1756 &rarr; <strong>1733</strong><br />(-23 for losing)
|l|☆Stads
|l| Boynea
