|html|<div class="broadcast-blue"><strong>[Gen 8] OU is currently suspecting Spectrier! For information on how to participate check out the <a href="https://www.smogon.com/forums/threads/np-ss-ou-suspect-process-round-9-old-town-road.3676744/">suspect thread</a>.</strong></div>
|j|☆X-Wing Fighter
|j|☆HannahHeliolisk
|t:|1611339924
|player|p1|X-Wing Fighter|hilbert|
|player|p2|HannahHeliolisk|whitney|
|teamsize|p1|6
|teamsize|p2|6
|gametype|singles
|gen|8
|tier|[Gen 8] OU
|rated|Tournament battle
|clearpoke
|poke|p1|Clefable, F|
|poke|p1|Slowking-Galar, M|
|poke|p1|Blissey, F|
|poke|p1|Toxapex, M|
|poke|p1|Corviknight, F|
|poke|p1|Garchomp, F|
|poke|p2|Hippowdon, F|
|poke|p2|Corviknight, F|
|poke|p2|Excadrill, F|
|poke|p2|Toxapex, F|
|poke|p2|Sylveon, F|
|poke|p2|Ferrothorn, F|
|rule|Sleep Clause Mod: Limit one foe put to sleep
|rule|Species Clause: Limit one of each Pokémon
|rule|OHKO Clause: OHKO moves are banned
|rule|Evasion Moves Clause: Evasion moves are banned
|rule|Endless Battle Clause: Forcing endless battles is banned
|rule|HP Percentage Mod: HP is shown in percentages
|rule|Dynamax Clause: You cannot dynamax
|teampreview
|j|*Lady Monita
|c|☆HannahHeliolisk|glhf
|c|☆X-Wing Fighter|u2
|j| thebossofallbosses
|
|t:|1611339953
|start
|switch|p1a: Corviknight|Corviknight, F|100/100
|switch|p2a: Hippowdon|Hippowdon, F|100/100
|-ability|p1a: Corviknight|Pressure
|-weather|Sandstorm|[from] ability: Sand Stream|[of] p2a: Hippowdon
|turn|1
|
|t:|1611339965
|switch|p1a: Toxapex|Toxapex, M|100/100
|switch|p2a: Peter|Corviknight, F|100/100
|-ability|p2a: Peter|Pressure
|
|-weather|Sandstorm|[upkeep]
|-damage|p1a: Toxapex|94/100|[from] Sandstorm
|upkeep
|turn|2
|
|t:|1611339972
|switch|p2a: Stone Butch|Ferrothorn, F|100/100
|move|p1a: Toxapex|Knock Off|p2a: Stone Butch
|-damage|p2a: Stone Butch|91/100
|-damage|p1a: Toxapex|82/100|[from] ability: Iron Barbs|[of] p2a: Stone Butch
|-enditem|p2a: Stone Butch|Chople Berry|[from] move: Knock Off|[of] p1a: Toxapex
|
|-weather|Sandstorm|[upkeep]
|-damage|p1a: Toxapex|75/100|[from] Sandstorm
|upkeep
|turn|3
|
|t:|1611339981
|move|p1a: Toxapex|Scald|p2a: Stone Butch
|-resisted|p2a: Stone Butch
|-damage|p2a: Stone Butch|83/100
|move|p2a: Stone Butch|Leech Seed|p1a: Toxapex
|-start|p1a: Toxapex|move: Leech Seed
|
|-weather|Sandstorm|[upkeep]
|-damage|p1a: Toxapex|69/100|[from] Sandstorm
|-damage|p1a: Toxapex|57/100|[from] Leech Seed|[of] p2a: Stone Butch
|-heal|p2a: Stone Butch|94/100|[silent]
|upkeep
|turn|4
|
|t:|1611339992
|move|p1a: Toxapex|Recover|p1a: Toxapex
|-heal|p1a: Toxapex|100/100
|move|p2a: Stone Butch|Knock Off|p1a: Toxapex
|-damage|p1a: Toxapex|86/100
|-damage|p2a: Stone Butch|77/100|[from] item: Rocky Helmet|[of] p1a: Toxapex
|-enditem|p1a: Toxapex|Rocky Helmet|[from] move: Knock Off|[of] p2a: Stone Butch
|
|-weather|Sandstorm|[upkeep]
|-damage|p1a: Toxapex|80/100|[from] Sandstorm
|-damage|p1a: Toxapex|68/100|[from] Leech Seed|[of] p2a: Stone Butch
|-heal|p2a: Stone Butch|88/100|[silent]
|upkeep
|turn|5
|
|t:|1611339998
|move|p1a: Toxapex|Scald|p2a: Stone Butch
|-resisted|p2a: Stone Butch
|-damage|p2a: Stone Butch|81/100
|move|p2a: Stone Butch|Spikes|p1a: Toxapex
|-sidestart|p1: X-Wing Fighter|Spikes
|
|-weather|none
|-damage|p1a: Toxapex|55/100|[from] Leech Seed|[of] p2a: Stone Butch
|-heal|p2a: Stone Butch|92/100|[silent]
|upkeep
|turn|6
|
|t:|1611340009
|move|p1a: Toxapex|Recover|p1a: Toxapex
|-heal|p1a: Toxapex|100/100
|move|p2a: Stone Butch|Leech Seed||[still]
|-fail|p2a: Stone Butch
|
|-damage|p1a: Toxapex|88/100|[from] Leech Seed|[of] p2a: Stone Butch
|-heal|p2a: Stone Butch|100/100|[silent]
|upkeep
|turn|7
|
|t:|1611340016
|move|p1a: Toxapex|Scald|p2a: Stone Butch
|-resisted|p2a: Stone Butch
|-damage|p2a: Stone Butch|94/100
|move|p2a: Stone Butch|Spikes|p1a: Toxapex
|-sidestart|p1: X-Wing Fighter|Spikes
|
|-damage|p1a: Toxapex|75/100|[from] Leech Seed|[of] p2a: Stone Butch
|-heal|p2a: Stone Butch|100/100|[silent]
|upkeep
|turn|8
|
|t:|1611340021
|move|p1a: Toxapex|Scald|p2a: Stone Butch
|-resisted|p2a: Stone Butch
|-damage|p2a: Stone Butch|94/100
|move|p2a: Stone Butch|Thunder Wave|p1a: Toxapex
|-status|p1a: Toxapex|par
|
|-damage|p1a: Toxapex|63/100 par|[from] Leech Seed|[of] p2a: Stone Butch
|-heal|p2a: Stone Butch|100/100|[silent]
|upkeep
|turn|9
|j|^Diameter✯Xtreme@!
|
|t:|1611340025
|move|p2a: Stone Butch|Spikes|p1a: Toxapex
|-sidestart|p1: X-Wing Fighter|Spikes
|move|p1a: Toxapex|Recover|p1a: Toxapex
|-heal|p1a: Toxapex|100/100 par
|
|-damage|p1a: Toxapex|88/100 par|[from] Leech Seed|[of] p2a: Stone Butch
|upkeep
|turn|10
|
|t:|1611340028
|move|p2a: Stone Butch|Knock Off|p1a: Toxapex
|-damage|p1a: Toxapex|80/100 par
|move|p1a: Toxapex|Scald|p2a: Stone Butch
|-resisted|p2a: Stone Butch
|-damage|p2a: Stone Butch|93/100
|
|-damage|p1a: Toxapex|68/100 par|[from] Leech Seed|[of] p2a: Stone Butch
|-heal|p2a: Stone Butch|100/100|[silent]
|upkeep
|turn|11
|
|t:|1611340053
|move|p2a: Stone Butch|Knock Off|p1a: Toxapex
|-damage|p1a: Toxapex|58/100 par
|move|p1a: Toxapex|Scald|p2a: Stone Butch
|-resisted|p2a: Stone Butch
|-damage|p2a: Stone Butch|94/100
|
|-damage|p1a: Toxapex|46/100 par|[from] Leech Seed|[of] p2a: Stone Butch
|-heal|p2a: Stone Butch|100/100|[silent]
|upkeep
|turn|12
|
|t:|1611340073
|move|p2a: Stone Butch|Leech Seed|p1a: Toxapex|[miss]
|-miss|p2a: Stone Butch|p1a: Toxapex
|move|p1a: Toxapex|Recover|p1a: Toxapex
|-heal|p1a: Toxapex|96/100 par
|
|-damage|p1a: Toxapex|83/100 par|[from] Leech Seed|[of] p2a: Stone Butch
|upkeep
|turn|13
|
|t:|1611340079
|move|p2a: Stone Butch|Knock Off|p1a: Toxapex
|-damage|p1a: Toxapex|75/100 par
|cant|p1a: Toxapex|par
|
|-damage|p1a: Toxapex|63/100 par|[from] Leech Seed|[of] p2a: Stone Butch
|upkeep
|turn|14
|
|t:|1611340092
|move|p2a: Stone Butch|Knock Off|p1a: Toxapex
|-damage|p1a: Toxapex|54/100 par
|cant|p1a: Toxapex|par
|
|-damage|p1a: Toxapex|42/100 par|[from] Leech Seed|[of] p2a: Stone Butch
|upkeep
|turn|15
|
|t:|1611340097
|move|p2a: Stone Butch|Thunder Wave|p1a: Toxapex
|-fail|p1a: Toxapex|par
|move|p1a: Toxapex|Recover|p1a: Toxapex
|-heal|p1a: Toxapex|92/100 par
|
|-damage|p1a: Toxapex|79/100 par|[from] Leech Seed|[of] p2a: Stone Butch
|upkeep
|turn|16
|
|t:|1611340103
|move|p2a: Stone Butch|Knock Off|p1a: Toxapex
|-damage|p1a: Toxapex|71/100 par
|move|p1a: Toxapex|Scald|p2a: Stone Butch
|-resisted|p2a: Stone Butch
|-damage|p2a: Stone Butch|93/100
|
|-damage|p1a: Toxapex|58/100 par|[from] Leech Seed|[of] p2a: Stone Butch
|-heal|p2a: Stone Butch|100/100|[silent]
|upkeep
|turn|17
|
|t:|1611340108
|move|p2a: Stone Butch|Knock Off|p1a: Toxapex
|-damage|p1a: Toxapex|49/100 par
|move|p1a: Toxapex|Recover|p1a: Toxapex
|-heal|p1a: Toxapex|99/100 par
|
|-damage|p1a: Toxapex|87/100 par|[from] Leech Seed|[of] p2a: Stone Butch
|upkeep
|turn|18
|
|t:|1611340116
|move|p2a: Stone Butch|Thunder Wave|p1a: Toxapex
|-fail|p1a: Toxapex|par
|move|p1a: Toxapex|Scald|p2a: Stone Butch
|-resisted|p2a: Stone Butch
|-damage|p2a: Stone Butch|94/100
|
|-damage|p1a: Toxapex|74/100 par|[from] Leech Seed|[of] p2a: Stone Butch
|-heal|p2a: Stone Butch|100/100|[silent]
|upkeep
|turn|19
|
|t:|1611340123
|move|p2a: Stone Butch|Thunder Wave|p1a: Toxapex
|-fail|p1a: Toxapex|par
|move|p1a: Toxapex|Scald|p2a: Stone Butch
|-resisted|p2a: Stone Butch
|-damage|p2a: Stone Butch|94/100
|
|-damage|p1a: Toxapex|62/100 par|[from] Leech Seed|[of] p2a: Stone Butch
|-heal|p2a: Stone Butch|100/100|[silent]
|upkeep
|turn|20
|
|t:|1611340128
|move|p2a: Stone Butch|Knock Off|p1a: Toxapex
|-damage|p1a: Toxapex|53/100 par
|move|p1a: Toxapex|Scald|p2a: Stone Butch
|-resisted|p2a: Stone Butch
|-damage|p2a: Stone Butch|94/100
|-status|p2a: Stone Butch|brn
|
|-damage|p1a: Toxapex|40/100 par|[from] Leech Seed|[of] p2a: Stone Butch
|-heal|p2a: Stone Butch|100/100 brn|[silent]
|-damage|p2a: Stone Butch|94/100 brn|[from] brn
|upkeep
|turn|21
|c|☆X-Wing Fighter|9 scalds no burn
|c|☆X-Wing Fighter|there u go
|
|t:|1611340139
|switch|p1a: Corviknight|Corviknight, F|100/100
|-ability|p1a: Corviknight|Pressure
|move|p2a: Stone Butch|Knock Off|p1a: Corviknight
|-damage|p1a: Corviknight|93/100
|-enditem|p1a: Corviknight|Leftovers|[from] move: Knock Off|[of] p2a: Stone Butch
|
|-damage|p2a: Stone Butch|88/100 brn|[from] brn
|upkeep
|turn|22
|
|t:|1611340143
|move|p1a: Corviknight|Defog|p2a: Stone Butch
|-unboost|p2a: Stone Butch|evasion|1
|-sideend|p1: X-Wing Fighter|Spikes|[from] move: Defog|[of] p1a: Corviknight
|move|p2a: Stone Butch|Thunder Wave|p1a: Corviknight
|-status|p1a: Corviknight|par
|
|-damage|p2a: Stone Butch|82/100 brn|[from] brn
|upkeep
|turn|23
|
|t:|1611340151
|switch|p1a: Clefable|Clefable, F|100/100
|move|p2a: Stone Butch|Leech Seed|p1a: Clefable
|-start|p1a: Clefable|move: Leech Seed
|
|-damage|p1a: Clefable|88/100|[from] Leech Seed|[of] p2a: Stone Butch
|-heal|p2a: Stone Butch|96/100 brn|[silent]
|-damage|p2a: Stone Butch|89/100 brn|[from] brn
|upkeep
|turn|24
|c| thebossofallbosses|lol
|
|t:|1611340162
|move|p1a: Clefable|Aromatherapy|p1a: Clefable
|-activate|p1a: Clefable|move: Aromatherapy
|-curestatus|p1: Toxapex|par|[msg]
|-curestatus|p1: Corviknight|par|[msg]
|move|p2a: Stone Butch|Knock Off|p1a: Clefable
|-resisted|p1a: Clefable
|-damage|p1a: Clefable|84/100
|-enditem|p1a: Clefable|Heavy-Duty Boots|[from] move: Knock Off|[of] p2a: Stone Butch
|
|-damage|p1a: Clefable|72/100|[from] Leech Seed|[of] p2a: Stone Butch
|-heal|p2a: Stone Butch|100/100 brn|[silent]
|-damage|p2a: Stone Butch|94/100 brn|[from] brn
|upkeep
|turn|25
|
|t:|1611340171
|switch|p1a: Slowking|Slowking-Galar, M|100/100
|move|p2a: Stone Butch|Thunder Wave|p1a: Slowking
|-status|p1a: Slowking|par
|
|-damage|p2a: Stone Butch|88/100 brn|[from] brn
|upkeep
|turn|26
|
|t:|1611340176
|switch|p2a: Hippowdon|Hippowdon, F|100/100
|-weather|Sandstorm|[from] ability: Sand Stream|[of] p2a: Hippowdon
|move|p1a: Slowking|Flamethrower|p2a: Hippowdon
|-damage|p2a: Hippowdon|85/100
|
|-weather|Sandstorm|[upkeep]
|-damage|p1a: Slowking|94/100 par|[from] Sandstorm
|-heal|p2a: Hippowdon|92/100|[from] item: Leftovers
|upkeep
|turn|27
|l| thebossofallbosses
|
|t:|1611340183
|switch|p1a: Corviknight|Corviknight, F|93/100
|-ability|p1a: Corviknight|Pressure
|move|p2a: Hippowdon|Stealth Rock|p1a: Corviknight
|-sidestart|p1: X-Wing Fighter|move: Stealth Rock
|
|-weather|Sandstorm|[upkeep]
|-heal|p2a: Hippowdon|98/100|[from] item: Leftovers
|upkeep
|turn|28
|
|t:|1611340188
|switch|p2a: Peter|Corviknight, F|100/100
|-ability|p2a: Peter|Pressure
|move|p1a: Corviknight|Defog|p2a: Peter
|-unboost|p2a: Peter|evasion|1
|-sideend|p1: X-Wing Fighter|Stealth Rock|[from] move: Defog|[of] p1a: Corviknight
|
|-weather|Sandstorm|[upkeep]
|upkeep
|turn|29
|
|t:|1611340201
|switch|p2a: Hippowdon|Hippowdon, F|98/100
|switch|p1a: Toxapex|Toxapex, M|74/100
|
|-weather|Sandstorm|[upkeep]
|-damage|p1a: Toxapex|67/100|[from] Sandstorm
|-heal|p2a: Hippowdon|100/100|[from] item: Leftovers
|upkeep
|turn|30
|
|t:|1611340205
|switch|p1a: Corviknight|Corviknight, F|93/100
|-ability|p1a: Corviknight|Pressure
|move|p2a: Hippowdon|Earthquake|p1a: Corviknight
|-immune|p1a: Corviknight
|
|-weather|none
|upkeep
|turn|31
|j| TheSilicaWolf
|
|t:|1611340213
|move|p1a: Corviknight|Brave Bird|p2a: Hippowdon
|-damage|p2a: Hippowdon|76/100
|-damage|p1a: Corviknight|85/100|[from] Recoil
|move|p2a: Hippowdon|Stealth Rock|p1a: Corviknight
|-sidestart|p1: X-Wing Fighter|move: Stealth Rock
|
|-heal|p2a: Hippowdon|82/100|[from] item: Leftovers
|upkeep
|turn|32
|l| TheSilicaWolf
|
|t:|1611340227
|switch|p2a: Peter|Corviknight, F|100/100
|-ability|p2a: Peter|Pressure
|move|p1a: Corviknight|Defog|p2a: Peter
|-unboost|p2a: Peter|evasion|1
|-sideend|p1: X-Wing Fighter|Stealth Rock|[from] move: Defog|[of] p1a: Corviknight
|
|upkeep
|turn|33
|
|t:|1611340235
|switch|p2a: Hippowdon|Hippowdon, F|82/100
|-weather|Sandstorm|[from] ability: Sand Stream|[of] p2a: Hippowdon
|move|p1a: Corviknight|Body Press|p2a: Hippowdon
|-damage|p2a: Hippowdon|64/100
|
|-weather|Sandstorm|[upkeep]
|-heal|p2a: Hippowdon|70/100|[from] item: Leftovers
|upkeep
|turn|34
|
|t:|1611340244
|move|p1a: Corviknight|Brave Bird|p2a: Hippowdon
|-damage|p2a: Hippowdon|45/100
|-damage|p1a: Corviknight|76/100|[from] Recoil
|move|p2a: Hippowdon|Slack Off|p2a: Hippowdon
|-heal|p2a: Hippowdon|95/100
|
|-weather|Sandstorm|[upkeep]
|-heal|p2a: Hippowdon|100/100|[from] item: Leftovers
|upkeep
|turn|35
|
|t:|1611340256
|switch|p1a: Toxapex|Toxapex, M|100/100
|move|p2a: Hippowdon|Stealth Rock|p1a: Toxapex
|-sidestart|p1: X-Wing Fighter|move: Stealth Rock
|
|-weather|Sandstorm|[upkeep]
|-damage|p1a: Toxapex|94/100|[from] Sandstorm
|upkeep
|turn|36
|
|t:|1611340264
|switch|p2a: Stone Butch|Ferrothorn, F|88/100 brn
|move|p1a: Toxapex|Knock Off|p2a: Stone Butch
|-damage|p2a: Stone Butch|81/100 brn
|-damage|p1a: Toxapex|82/100|[from] ability: Iron Barbs|[of] p2a: Stone Butch
|
|-weather|Sandstorm|[upkeep]
|-damage|p1a: Toxapex|75/100|[from] Sandstorm
|-damage|p2a: Stone Butch|75/100 brn|[from] brn
|upkeep
|turn|37
|
|t:|1611340268
|move|p1a: Toxapex|Toxic Spikes|p2a: Stone Butch
|-sidestart|p2: HannahHeliolisk|move: Toxic Spikes
|move|p2a: Stone Butch|Leech Seed|p1a: Toxapex
|-start|p1a: Toxapex|move: Leech Seed
|
|-weather|none
|-damage|p1a: Toxapex|63/100|[from] Leech Seed|[of] p2a: Stone Butch
|-heal|p2a: Stone Butch|86/100 brn|[silent]
|-damage|p2a: Stone Butch|79/100 brn|[from] brn
|upkeep
|turn|38
|
|t:|1611340283
|move|p1a: Toxapex|Toxic Spikes|p2a: Stone Butch
|-sidestart|p2: HannahHeliolisk|move: Toxic Spikes
|move|p2a: Stone Butch|Thunder Wave|p1a: Toxapex
|-status|p1a: Toxapex|par
|
|-damage|p1a: Toxapex|50/100 par|[from] Leech Seed|[of] p2a: Stone Butch
|-heal|p2a: Stone Butch|90/100 brn|[silent]
|-damage|p2a: Stone Butch|84/100 brn|[from] brn
|upkeep
|turn|39
|
|t:|1611340290
|switch|p1a: Corviknight|Corviknight, F|76/100
|-damage|p1a: Corviknight|63/100|[from] Stealth Rock
|-ability|p1a: Corviknight|Pressure
|move|p2a: Stone Butch|Knock Off|p1a: Corviknight
|-damage|p1a: Corviknight|59/100
|
|-damage|p2a: Stone Butch|78/100 brn|[from] brn
|upkeep
|turn|40
|
|t:|1611340301
|move|p1a: Corviknight|Roost|p1a: Corviknight
|-heal|p1a: Corviknight|100/100
|-singleturn|p1a: Corviknight|move: Roost
|move|p2a: Stone Butch|Leech Seed|p1a: Corviknight|[miss]
|-miss|p2a: Stone Butch|p1a: Corviknight
|
|-damage|p2a: Stone Butch|72/100 brn|[from] brn
|upkeep
|turn|41
|
|t:|1611340318
|move|p1a: Corviknight|Body Press|p2a: Stone Butch
|-supereffective|p2a: Stone Butch
|-damage|p2a: Stone Butch|43/100 brn
|-damage|p1a: Corviknight|88/100|[from] ability: Iron Barbs|[of] p2a: Stone Butch
|move|p2a: Stone Butch|Leech Seed|p1a: Corviknight
|-start|p1a: Corviknight|move: Leech Seed
|
|-damage|p1a: Corviknight|75/100|[from] Leech Seed|[of] p2a: Stone Butch
|-heal|p2a: Stone Butch|57/100 brn|[silent]
|-damage|p2a: Stone Butch|50/100 brn|[from] brn
|upkeep
|turn|42
|
|t:|1611340328
|move|p1a: Corviknight|Body Press|p2a: Stone Butch
|-supereffective|p2a: Stone Butch
|-damage|p2a: Stone Butch|24/100 brn
|-damage|p1a: Corviknight|63/100|[from] ability: Iron Barbs|[of] p2a: Stone Butch
|move|p2a: Stone Butch|Thunder Wave|p1a: Corviknight
|-status|p1a: Corviknight|par
|
|-damage|p1a: Corviknight|50/100 par|[from] Leech Seed|[of] p2a: Stone Butch
|-heal|p2a: Stone Butch|39/100 brn|[silent]
|-damage|p2a: Stone Butch|32/100 brn|[from] brn
|upkeep
|turn|43
|
|t:|1611340340
|move|p1a: Corviknight|Roost|p1a: Corviknight
|-heal|p1a: Corviknight|100/100 par
|-singleturn|p1a: Corviknight|move: Roost
|move|p2a: Stone Butch|Spikes|p1a: Corviknight
|-sidestart|p1: X-Wing Fighter|Spikes
|
|-damage|p1a: Corviknight|88/100 par|[from] Leech Seed|[of] p2a: Stone Butch
|-heal|p2a: Stone Butch|47/100 brn|[silent]
|-damage|p2a: Stone Butch|40/100 brn|[from] brn
|upkeep
|turn|44
|
|t:|1611340348
|switch|p2a: Toxapex|Toxapex, F|100/100
|-sideend|p2: HannahHeliolisk|move: Toxic Spikes|[of] p2a: Toxapex
|move|p1a: Corviknight|Body Press|p2a: Toxapex
|-resisted|p2a: Toxapex
|-crit|p2a: Toxapex
|-damage|p2a: Toxapex|90/100
|
|-heal|p2a: Toxapex|97/100|[from] item: Black Sludge
|-damage|p1a: Corviknight|75/100 par|[from] Leech Seed|[of] p2a: Toxapex
|-heal|p2a: Toxapex|100/100|[silent]
|upkeep
|turn|45
|
|t:|1611340353
|switch|p2a: transgender|Sylveon, F|100/100
|move|p1a: Corviknight|Defog|p2a: transgender
|-unboost|p2a: transgender|evasion|1
|-sideend|p1: X-Wing Fighter|Spikes|[from] move: Defog|[of] p1a: Corviknight
|-sideend|p1: X-Wing Fighter|Stealth Rock|[from] move: Defog|[of] p1a: Corviknight
|
|-damage|p1a: Corviknight|63/100 par|[from] Leech Seed|[of] p2a: transgender
|upkeep
|turn|46
|
|t:|1611340356
|switch|p1a: Slowking|Slowking-Galar, M|100/100 par
|move|p2a: transgender|Wish|p2a: transgender
|
|upkeep
|turn|47
|l|^Diameter✯Xtreme
|
|t:|1611340365
|switch|p2a: Hippowdon|Hippowdon, F|100/100
|-weather|Sandstorm|[from] ability: Sand Stream|[of] p2a: Hippowdon
|move|p1a: Slowking|Flamethrower|p2a: Hippowdon
|-damage|p2a: Hippowdon|84/100
|
|-weather|Sandstorm|[upkeep]
|-damage|p1a: Slowking|94/100 par|[from] Sandstorm
|-heal|p2a: Hippowdon|100/100|[from] move: Wish|[wisher] transgender
|upkeep
|turn|48
|
|t:|1611340383
|switch|p1a: Clefable|Clefable, F|72/100
|move|p2a: Hippowdon|Earthquake|p1a: Clefable
|-damage|p1a: Clefable|44/100
|
|-weather|Sandstorm|[upkeep]
|-damage|p1a: Clefable|38/100|[from] Sandstorm
|upkeep
|turn|49
|
|t:|1611340392
|move|p1a: Clefable|Soft-Boiled|p1a: Clefable
|-heal|p1a: Clefable|88/100
|move|p2a: Hippowdon|Stealth Rock|p1a: Clefable
|-sidestart|p1: X-Wing Fighter|move: Stealth Rock
|
|-weather|Sandstorm|[upkeep]
|-damage|p1a: Clefable|82/100|[from] Sandstorm
|upkeep
|turn|50
|
|t:|1611340396
|switch|p2a: transgender|Sylveon, F|100/100
|move|p1a: Clefable|Aromatherapy|p1a: Clefable
|-activate|p1a: Clefable|move: Aromatherapy
|-curestatus|p1: Slowking|par|[msg]
|-curestatus|p1: Toxapex|par|[msg]
|-curestatus|p1: Corviknight|par|[msg]
|
|-weather|Sandstorm|[upkeep]
|-damage|p2a: transgender|94/100|[from] Sandstorm
|-damage|p1a: Clefable|76/100|[from] Sandstorm
|-heal|p2a: transgender|100/100|[from] item: Leftovers
|upkeep
|turn|51
|
|t:|1611340399
|switch|p1a: Slowking|Slowking-Galar, M|100/100
|-damage|p1a: Slowking|88/100|[from] Stealth Rock
|move|p2a: transgender|Wish|p2a: transgender
|
|-weather|none
|upkeep
|turn|52
|
|t:|1611340403
|move|p2a: transgender|Mystical Fire|p1a: Slowking
|-damage|p1a: Slowking|80/100
|-unboost|p1a: Slowking|spa|1
|move|p1a: Slowking|Flamethrower|p2a: transgender
|-damage|p2a: transgender|93/100
|
|-heal|p2a: transgender|100/100|[from] move: Wish|[wisher] transgender
|upkeep
|turn|53
|
|t:|1611340411
|move|p2a: transgender|Wish|p2a: transgender
|move|p1a: Slowking|Future Sight|p2a: transgender
|-start|p1a: Slowking|move: Future Sight
|
|upkeep
|turn|54
|
|t:|1611340417
|switch|p2a: Hippowdon|Hippowdon, F|100/100
|-weather|Sandstorm|[from] ability: Sand Stream|[of] p2a: Hippowdon
|move|p1a: Slowking|Flamethrower|p2a: Hippowdon
|-damage|p2a: Hippowdon|89/100
|
|-weather|Sandstorm|[upkeep]
|-damage|p1a: Slowking|74/100|[from] Sandstorm
|-heal|p2a: Hippowdon|100/100|[from] move: Wish|[wisher] transgender
|upkeep
|turn|55
|
|t:|1611340434
|switch|p1a: Corviknight|Corviknight, F|63/100
|-damage|p1a: Corviknight|50/100|[from] Stealth Rock
|-ability|p1a: Corviknight|Pressure
|move|p2a: Hippowdon|Stealth Rock||[still]
|-fail|p2a: Hippowdon
|
|-weather|Sandstorm|[upkeep]
|-end|p2a: Hippowdon|move: Future Sight
|-damage|p2a: Hippowdon|68/100
|-heal|p2a: Hippowdon|75/100|[from] item: Leftovers
|upkeep
|turn|56
|
|t:|1611340447
|switch|p2a: Peter|Corviknight, F|100/100
|-ability|p2a: Peter|Pressure
|move|p1a: Corviknight|Roost|p1a: Corviknight
|-heal|p1a: Corviknight|100/100
|-singleturn|p1a: Corviknight|move: Roost
|
|-weather|Sandstorm|[upkeep]
|upkeep
|turn|57
|c|☆X-Wing Fighter|this is gonna be a helluva long battle
|j| AgentFH2O
|
|t:|1611340469
|switch|p1a: Toxapex|Toxapex, M|84/100
|-damage|p1a: Toxapex|71/100|[from] Stealth Rock
|move|p2a: Peter|Taunt|p1a: Toxapex
|-start|p1a: Toxapex|move: Taunt
|
|-weather|Sandstorm|[upkeep]
|-damage|p1a: Toxapex|65/100|[from] Sandstorm
|upkeep
|turn|58
|
|t:|1611340497
|switch|p2a: transgender|Sylveon, F|100/100
|move|p1a: Toxapex|Knock Off|p2a: transgender
|-resisted|p2a: transgender
|-damage|p2a: transgender|92/100
|-enditem|p2a: transgender|Leftovers|[from] move: Knock Off|[of] p1a: Toxapex
|
|-weather|none
|upkeep
|turn|59
|
|t:|1611340508
|switch|p2a: Stone Femme|Excadrill, F|100/100
|move|p1a: Toxapex|Scald|p2a: Stone Femme
|-supereffective|p2a: Stone Femme
|-damage|p2a: Stone Femme|57/100
|-status|p2a: Stone Femme|brn
|
|-damage|p2a: Stone Femme|51/100 brn|[from] brn
|-end|p1a: Toxapex|move: Taunt
|upkeep
|turn|60
|
|t:|1611340520
|switch|p2a: transgender|Sylveon, F|92/100
|switch|p1a: Corviknight|Corviknight, F|100/100
|-damage|p1a: Corviknight|88/100|[from] Stealth Rock
|-ability|p1a: Corviknight|Pressure
|
|upkeep
|turn|61
|
|t:|1611340524
|switch|p1a: Slowking|Slowking-Galar, M|100/100
|-damage|p1a: Slowking|88/100|[from] Stealth Rock
|move|p2a: transgender|Wish|p2a: transgender
|
|upkeep
|turn|62
|
|t:|1611340535
|switch|p2a: Hippowdon|Hippowdon, F|75/100
|-weather|Sandstorm|[from] ability: Sand Stream|[of] p2a: Hippowdon
|move|p1a: Slowking|Flamethrower|p2a: Hippowdon
|-damage|p2a: Hippowdon|58/100
|
|-weather|Sandstorm|[upkeep]
|-damage|p1a: Slowking|82/100|[from] Sandstorm
|-heal|p2a: Hippowdon|100/100|[from] move: Wish|[wisher] transgender
|upkeep
|turn|63
|
|t:|1611340541
|switch|p1a: Corviknight|Corviknight, F|88/100
|-damage|p1a: Corviknight|75/100|[from] Stealth Rock
|-ability|p1a: Corviknight|Pressure
|move|p2a: Hippowdon|Stealth Rock||[still]
|-fail|p2a: Hippowdon
|
|-weather|Sandstorm|[upkeep]
|upkeep
|turn|64
|
|t:|1611340545
|move|p1a: Corviknight|Defog|p2a: Hippowdon
|-unboost|p2a: Hippowdon|evasion|1
|-sideend|p1: X-Wing Fighter|Stealth Rock|[from] move: Defog|[of] p1a: Corviknight
|move|p2a: Hippowdon|Whirlwind|p1a: Corviknight
|drag|p1a: Clefable|Clefable, F|76/100
|
|-weather|Sandstorm|[upkeep]
|-damage|p1a: Clefable|70/100|[from] Sandstorm
|upkeep
|turn|65
|
|t:|1611340551
|move|p1a: Clefable|Moonblast|p2a: Hippowdon
|-damage|p2a: Hippowdon|77/100
|move|p2a: Hippowdon|Stealth Rock|p1a: Clefable
|-sidestart|p1: X-Wing Fighter|move: Stealth Rock
|
|-weather|Sandstorm|[upkeep]
|-damage|p1a: Clefable|64/100|[from] Sandstorm
|-heal|p2a: Hippowdon|84/100|[from] item: Leftovers
|upkeep
|turn|66
|
|t:|1611340556
|move|p1a: Clefable|Soft-Boiled|p1a: Clefable
|-heal|p1a: Clefable|100/100
|move|p2a: Hippowdon|Earthquake|p1a: Clefable
|-damage|p1a: Clefable|74/100
|
|-weather|none
|-heal|p2a: Hippowdon|90/100|[from] item: Leftovers
|upkeep
|turn|67
|
|t:|1611340564
|switch|p1a: Corviknight|Corviknight, F|75/100
|-damage|p1a: Corviknight|63/100|[from] Stealth Rock
|-ability|p1a: Corviknight|Pressure
|move|p2a: Hippowdon|Whirlwind|p1a: Corviknight
|drag|p1a: Toxapex|Toxapex, M|98/100
|-damage|p1a: Toxapex|86/100|[from] Stealth Rock
|
|-heal|p2a: Hippowdon|96/100|[from] item: Leftovers
|upkeep
|turn|68
|
|t:|1611340570
|move|p2a: Hippowdon|Earthquake|p1a: Toxapex
|-supereffective|p1a: Toxapex
|-damage|p1a: Toxapex|40/100
|move|p1a: Toxapex|Scald|p2a: Hippowdon
|-supereffective|p2a: Hippowdon
|-damage|p2a: Hippowdon|72/100
|
|-heal|p2a: Hippowdon|78/100|[from] item: Leftovers
|upkeep
|turn|69
|
|t:|1611340577
|switch|p1a: Corviknight|Corviknight, F|63/100
|-damage|p1a: Corviknight|50/100|[from] Stealth Rock
|-ability|p1a: Corviknight|Pressure
|move|p2a: Hippowdon|Whirlwind|p1a: Corviknight
|drag|p1a: Toxapex|Toxapex, M|74/100
|-damage|p1a: Toxapex|61/100|[from] Stealth Rock
|
|-heal|p2a: Hippowdon|84/100|[from] item: Leftovers
|upkeep
|turn|70
|
|t:|1611340586
|switch|p2a: Peter|Corviknight, F|100/100
|-ability|p2a: Peter|Pressure
|move|p1a: Toxapex|Scald|p2a: Peter
|-damage|p2a: Peter|82/100
|-status|p2a: Peter|brn
|
|-heal|p2a: Peter|88/100 brn|[from] item: Leftovers
|-damage|p2a: Peter|82/100 brn|[from] brn
|upkeep
|turn|71
|
|t:|1611340595
|switch|p1a: Corviknight|Corviknight, F|50/100
|-damage|p1a: Corviknight|38/100|[from] Stealth Rock
|-ability|p1a: Corviknight|Pressure
|move|p2a: Peter|Taunt|p1a: Corviknight
|-start|p1a: Corviknight|move: Taunt
|
|-heal|p2a: Peter|88/100 brn|[from] item: Leftovers
|-damage|p2a: Peter|82/100 brn|[from] brn
|upkeep
|turn|72
|
|t:|1611340603
|switch|p1a: Slowking|Slowking-Galar, M|100/100
|-damage|p1a: Slowking|88/100|[from] Stealth Rock
|move|p2a: Peter|Body Press|p1a: Slowking
|-resisted|p1a: Slowking
|-damage|p1a: Slowking|85/100
|
|-heal|p2a: Peter|88/100 brn|[from] item: Leftovers
|-damage|p2a: Peter|82/100 brn|[from] brn
|upkeep
|turn|73
|
|t:|1611340609
|switch|p2a: Hippowdon|Hippowdon, F|84/100
|-weather|Sandstorm|[from] ability: Sand Stream|[of] p2a: Hippowdon
|move|p1a: Slowking|Flamethrower|p2a: Hippowdon
|-damage|p2a: Hippowdon|69/100
|
|-weather|Sandstorm|[upkeep]
|-damage|p1a: Slowking|79/100|[from] Sandstorm
|-heal|p2a: Hippowdon|75/100|[from] item: Leftovers
|upkeep
|turn|74
|
|t:|1611340614
|move|p1a: Slowking|Future Sight|p2a: Hippowdon
|-start|p1a: Slowking|move: Future Sight
|move|p2a: Hippowdon|Whirlwind|p1a: Slowking
|drag|p1a: Clefable|Clefable, F|74/100
|-damage|p1a: Clefable|61/100|[from] Stealth Rock
|
|-weather|Sandstorm|[upkeep]
|-damage|p1a: Clefable|55/100|[from] Sandstorm
|-heal|p2a: Hippowdon|81/100|[from] item: Leftovers
|upkeep
|turn|75
|
|t:|1611340619
|move|p1a: Clefable|Soft-Boiled|p1a: Clefable
|-heal|p1a: Clefable|100/100
|move|p2a: Hippowdon|Slack Off|p2a: Hippowdon
|-heal|p2a: Hippowdon|100/100
|
|-weather|Sandstorm|[upkeep]
|-damage|p1a: Clefable|94/100|[from] Sandstorm
|upkeep
|turn|76
|
|t:|1611340623
|move|p1a: Clefable|Calm Mind|p1a: Clefable
|-boost|p1a: Clefable|spa|1
|-boost|p1a: Clefable|spd|1
|move|p2a: Hippowdon|Whirlwind|p1a: Clefable
|drag|p1a: Slowking|Slowking-Galar, M|100/100
|-damage|p1a: Slowking|88/100|[from] Stealth Rock
|
|-weather|Sandstorm|[upkeep]
|-damage|p1a: Slowking|82/100|[from] Sandstorm
|-end|p2a: Hippowdon|move: Future Sight
|-damage|p2a: Hippowdon|69/100
|-heal|p2a: Hippowdon|75/100|[from] item: Leftovers
|upkeep
|turn|77
|
|t:|1611340629
|switch|p1a: Clefable|Clefable, F|94/100
|-damage|p1a: Clefable|82/100|[from] Stealth Rock
|move|p2a: Hippowdon|Earthquake|p1a: Clefable
|-damage|p1a: Clefable|54/100
|
|-weather|none
|-heal|p2a: Hippowdon|81/100|[from] item: Leftovers
|upkeep
|turn|78
|
|t:|1611340640
|move|p1a: Clefable|Soft-Boiled|p1a: Clefable
|-heal|p1a: Clefable|100/100
|move|p2a: Hippowdon|Whirlwind|p1a: Clefable
|drag|p1a: Toxapex|Toxapex, M|94/100
|-damage|p1a: Toxapex|82/100|[from] Stealth Rock
|
|-heal|p2a: Hippowdon|88/100|[from] item: Leftovers
|upkeep
|turn|79
|
|t:|1611340643
|move|p2a: Hippowdon|Earthquake|p1a: Toxapex
|-supereffective|p1a: Toxapex
|-damage|p1a: Toxapex|36/100
|move|p1a: Toxapex|Scald|p2a: Hippowdon
|-supereffective|p2a: Hippowdon
|-damage|p2a: Hippowdon|63/100
|
|-heal|p2a: Hippowdon|70/100|[from] item: Leftovers
|upkeep
|turn|80
|
|t:|1611340652
|switch|p1a: Clefable|Clefable, F|100/100
|-damage|p1a: Clefable|88/100|[from] Stealth Rock
|move|p2a: Hippowdon|Earthquake|p1a: Clefable
|-damage|p1a: Clefable|58/100
|
|-heal|p2a: Hippowdon|76/100|[from] item: Leftovers
|upkeep
|turn|81
|
|t:|1611340659
|move|p1a: Clefable|Soft-Boiled|p1a: Clefable
|-heal|p1a: Clefable|100/100
|move|p2a: Hippowdon|Whirlwind|p1a: Clefable
|drag|p1a: Corviknight|Corviknight, F|38/100
|-damage|p1a: Corviknight|25/100|[from] Stealth Rock
|-ability|p1a: Corviknight|Pressure
|
|-heal|p2a: Hippowdon|82/100|[from] item: Leftovers
|upkeep
|turn|82
|
|t:|1611340676
|switch|p2a: transgender|Sylveon, F|92/100
|move|p1a: Corviknight|Roost|p1a: Corviknight
|-heal|p1a: Corviknight|75/100
|-singleturn|p1a: Corviknight|move: Roost
|
|upkeep
|turn|83
|
|t:|1611340679
|move|p1a: Corviknight|Defog|p2a: transgender
|-unboost|p2a: transgender|evasion|1
|-sideend|p1: X-Wing Fighter|Stealth Rock|[from] move: Defog|[of] p1a: Corviknight
|move|p2a: transgender|Wish|p2a: transgender
|
|upkeep
|turn|84
|
|t:|1611340685
|switch|p1a: Slowking|Slowking-Galar, M|100/100
|switch|p2a: Stone Butch|Ferrothorn, F|40/100 brn
|
|-heal|p2a: Stone Butch|96/100 brn|[from] move: Wish|[wisher] transgender
|-damage|p2a: Stone Butch|90/100 brn|[from] brn
|upkeep
|turn|85
|
|t:|1611340688
|switch|p2a: Hippowdon|Hippowdon, F|82/100
|-weather|Sandstorm|[from] ability: Sand Stream|[of] p2a: Hippowdon
|move|p1a: Slowking|Flamethrower|p2a: Hippowdon
|-damage|p2a: Hippowdon|66/100
|
|-weather|Sandstorm|[upkeep]
|-damage|p1a: Slowking|94/100|[from] Sandstorm
|-heal|p2a: Hippowdon|72/100|[from] item: Leftovers
|upkeep
|turn|86
|
|t:|1611340693
|move|p2a: Hippowdon|Earthquake|p1a: Slowking
|-supereffective|p1a: Slowking
|-damage|p1a: Slowking|11/100
|move|p1a: Slowking|Future Sight|p2a: Hippowdon
|-start|p1a: Slowking|move: Future Sight
|
|-weather|Sandstorm|[upkeep]
|-damage|p1a: Slowking|5/100|[from] Sandstorm
|-heal|p2a: Hippowdon|79/100|[from] item: Leftovers
|upkeep
|turn|87
|
|t:|1611340703
|switch|p1a: Corviknight|Corviknight, F|75/100
|-ability|p1a: Corviknight|Pressure
|move|p2a: Hippowdon|Stealth Rock|p1a: Corviknight
|-sidestart|p1: X-Wing Fighter|move: Stealth Rock
|
|-weather|Sandstorm|[upkeep]
|-heal|p2a: Hippowdon|85/100|[from] item: Leftovers
|upkeep
|turn|88
|
|t:|1611340708
|switch|p2a: Peter|Corviknight, F|82/100 brn
|-ability|p2a: Peter|Pressure
|move|p1a: Corviknight|Defog|p2a: Peter
|-unboost|p2a: Peter|evasion|1
|-sideend|p1: X-Wing Fighter|Stealth Rock|[from] move: Defog|[of] p1a: Corviknight
|
|-weather|Sandstorm|[upkeep]
|-end|p2a: Peter|move: Future Sight
|-resisted|p2a: Peter
|-damage|p2a: Peter|56/100 brn
|-heal|p2a: Peter|62/100 brn|[from] item: Leftovers
|-damage|p2a: Peter|56/100 brn|[from] brn
|upkeep
|turn|89
|
|t:|1611340718
|switch|p1a: Clefable|Clefable, F|100/100
|move|p2a: Peter|Roost|p2a: Peter
|-heal|p2a: Peter|100/100 brn
|-singleturn|p2a: Peter|move: Roost
|
|-weather|none
|-damage|p2a: Peter|94/100 brn|[from] brn
|upkeep
|turn|90
|
|t:|1611340726
|move|p2a: Peter|Taunt|p1a: Clefable
|-start|p1a: Clefable|move: Taunt
|cant|p1a: Clefable|move: Taunt|Calm Mind
|
|-heal|p2a: Peter|100/100 brn|[from] item: Leftovers
|-damage|p2a: Peter|94/100 brn|[from] brn
|upkeep
|turn|91
|
|t:|1611340732
|switch|p2a: Stone Butch|Ferrothorn, F|90/100 brn
|move|p1a: Clefable|Moonblast|p2a: Stone Butch
|-resisted|p2a: Stone Butch
|-damage|p2a: Stone Butch|77/100 brn
|-unboost|p2a: Stone Butch|spa|1
|
|-damage|p2a: Stone Butch|71/100 brn|[from] brn
|upkeep
|turn|92
|
|t:|1611340740
|switch|p1a: Slowking|Slowking-Galar, M|39/100
|move|p2a: Stone Butch|Leech Seed|p1a: Slowking
|-start|p1a: Slowking|move: Leech Seed
|
|-damage|p1a: Slowking|26/100|[from] Leech Seed|[of] p2a: Stone Butch
|-heal|p2a: Stone Butch|85/100 brn|[silent]
|-damage|p2a: Stone Butch|79/100 brn|[from] brn
|upkeep
|turn|93
|
|t:|1611340746
|switch|p1a: Corviknight|Corviknight, F|75/100
|-ability|p1a: Corviknight|Pressure
|switch|p2a: Hippowdon|Hippowdon, F|85/100
|-weather|Sandstorm|[from] ability: Sand Stream|[of] p2a: Hippowdon
|
|-weather|Sandstorm|[upkeep]
|-heal|p2a: Hippowdon|91/100|[from] item: Leftovers
|upkeep
|turn|94
|
|t:|1611340759
|switch|p1a: Clefable|Clefable, F|100/100
|move|p2a: Hippowdon|Stealth Rock|p1a: Clefable
|-sidestart|p1: X-Wing Fighter|move: Stealth Rock
|
|-weather|Sandstorm|[upkeep]
|-damage|p1a: Clefable|94/100|[from] Sandstorm
|-heal|p2a: Hippowdon|97/100|[from] item: Leftovers
|upkeep
|turn|95
|
|t:|1611340762
|move|p1a: Clefable|Calm Mind|p1a: Clefable
|-boost|p1a: Clefable|spa|1
|-boost|p1a: Clefable|spd|1
|move|p2a: Hippowdon|Whirlwind|p1a: Clefable
|drag|p1a: Slowking|Slowking-Galar, M|60/100
|-damage|p1a: Slowking|47/100|[from] Stealth Rock
|
|-weather|Sandstorm|[upkeep]
|-damage|p1a: Slowking|41/100|[from] Sandstorm
|-heal|p2a: Hippowdon|100/100|[from] item: Leftovers
|upkeep
|turn|96
|j| Suzize
|
|t:|1611340770
|switch|p1a: Clefable|Clefable, F|94/100
|-damage|p1a: Clefable|82/100|[from] Stealth Rock
|move|p2a: Hippowdon|Whirlwind|p1a: Clefable
|drag|p1a: Blissey|Blissey, F|100/100
|
|-weather|Sandstorm|[upkeep]
|-damage|p1a: Blissey|94/100|[from] Sandstorm
|upkeep
|turn|97
|
|t:|1611340778
|switch|p2a: Stone Butch|Ferrothorn, F|79/100 brn
|move|p1a: Blissey|Seismic Toss|p2a: Stone Butch
|-damage|p2a: Stone Butch|50/100 brn
|-damage|p1a: Blissey|82/100|[from] ability: Iron Barbs|[of] p2a: Stone Butch
|
|-weather|none
|-damage|p2a: Stone Butch|44/100 brn|[from] brn
|upkeep
|turn|98
|
|t:|1611340786
|move|p1a: Blissey|Seismic Toss|p2a: Stone Butch
|-damage|p2a: Stone Butch|16/100 brn
|-damage|p1a: Blissey|69/100|[from] ability: Iron Barbs|[of] p2a: Stone Butch
|move|p2a: Stone Butch|Leech Seed|p1a: Blissey
|-start|p1a: Blissey|move: Leech Seed
|
|-damage|p1a: Blissey|57/100|[from] Leech Seed|[of] p2a: Stone Butch
|-heal|p2a: Stone Butch|41/100 brn|[silent]
|-damage|p2a: Stone Butch|35/100 brn|[from] brn
|upkeep
|turn|99
|
|t:|1611340800
|move|p1a: Blissey|Soft-Boiled|p1a: Blissey
|-heal|p1a: Blissey|100/100
|move|p2a: Stone Butch|Leech Seed||[still]
|-fail|p2a: Stone Butch
|
|-damage|p1a: Blissey|88/100|[from] Leech Seed|[of] p2a: Stone Butch
|-heal|p2a: Stone Butch|60/100 brn|[silent]
|-damage|p2a: Stone Butch|54/100 brn|[from] brn
|upkeep
|turn|100
|
|t:|1611340808
|move|p1a: Blissey|Seismic Toss|p2a: Stone Butch
|-damage|p2a: Stone Butch|25/100 brn
|-damage|p1a: Blissey|76/100|[from] ability: Iron Barbs|[of] p2a: Stone Butch
|move|p2a: Stone Butch|Knock Off|p1a: Blissey
|-damage|p1a: Blissey|66/100
|-enditem|p1a: Blissey|Heavy-Duty Boots|[from] move: Knock Off|[of] p2a: Stone Butch
|
|-damage|p1a: Blissey|54/100|[from] Leech Seed|[of] p2a: Stone Butch
|-heal|p2a: Stone Butch|51/100 brn|[silent]
|-damage|p2a: Stone Butch|45/100 brn|[from] brn
|upkeep
|turn|101
|
|t:|1611340818
|move|p1a: Blissey|Soft-Boiled|p1a: Blissey
|-heal|p1a: Blissey|100/100
|move|p2a: Stone Butch|Spikes|p1a: Blissey
|-sidestart|p1: X-Wing Fighter|Spikes
|
|-damage|p1a: Blissey|88/100|[from] Leech Seed|[of] p2a: Stone Butch
|-heal|p2a: Stone Butch|70/100 brn|[silent]
|-damage|p2a: Stone Butch|64/100 brn|[from] brn
|upkeep
|turn|102
|
|t:|1611340831
|switch|p1a: Corviknight|Corviknight, F|75/100
|-damage|p1a: Corviknight|63/100|[from] Stealth Rock
|-ability|p1a: Corviknight|Pressure
|move|p2a: Stone Butch|Spikes|p1a: Corviknight
|-sidestart|p1: X-Wing Fighter|Spikes
|
|-damage|p2a: Stone Butch|57/100 brn|[from] brn
|upkeep
|turn|103
|
|t:|1611340838
|switch|p2a: Peter|Corviknight, F|94/100 brn
|-ability|p2a: Peter|Pressure
|move|p1a: Corviknight|Defog|p2a: Peter
|-unboost|p2a: Peter|evasion|1
|-sideend|p1: X-Wing Fighter|Spikes|[from] move: Defog|[of] p1a: Corviknight
|-sideend|p1: X-Wing Fighter|Stealth Rock|[from] move: Defog|[of] p1a: Corviknight
|
|-heal|p2a: Peter|100/100 brn|[from] item: Leftovers
|-damage|p2a: Peter|94/100 brn|[from] brn
|upkeep
|turn|104
|
|t:|1611340846
|switch|p2a: Hippowdon|Hippowdon, F|100/100
|-weather|Sandstorm|[from] ability: Sand Stream|[of] p2a: Hippowdon
|switch|p1a: Clefable|Clefable, F|82/100
|
|-weather|Sandstorm|[upkeep]
|-damage|p1a: Clefable|76/100|[from] Sandstorm
|upkeep
|turn|105
|
|t:|1611340850
|move|p1a: Clefable|Calm Mind|p1a: Clefable
|-boost|p1a: Clefable|spa|1
|-boost|p1a: Clefable|spd|1
|move|p2a: Hippowdon|Stealth Rock|p1a: Clefable
|-sidestart|p1: X-Wing Fighter|move: Stealth Rock
|
|-weather|Sandstorm|[upkeep]
|-damage|p1a: Clefable|70/100|[from] Sandstorm
|upkeep
|turn|106
|
|t:|1611340852
|move|p1a: Clefable|Moonblast|p2a: Hippowdon
|-damage|p2a: Hippowdon|68/100
|move|p2a: Hippowdon|Whirlwind|p1a: Clefable
|drag|p1a: Corviknight|Corviknight, F|63/100
|-damage|p1a: Corviknight|50/100|[from] Stealth Rock
|-ability|p1a: Corviknight|Pressure
|
|-weather|Sandstorm|[upkeep]
|-heal|p2a: Hippowdon|75/100|[from] item: Leftovers
|upkeep
|turn|107
|
|t:|1611340859
|move|p1a: Corviknight|Roost|p1a: Corviknight
|-heal|p1a: Corviknight|100/100
|-singleturn|p1a: Corviknight|move: Roost
|move|p2a: Hippowdon|Whirlwind|p1a: Corviknight
|drag|p1a: Garchomp|Garchomp, F|100/100
|-damage|p1a: Garchomp|94/100|[from] Stealth Rock
|
|-weather|Sandstorm|[upkeep]
|-heal|p1a: Garchomp|100/100|[from] item: Leftovers
|-heal|p2a: Hippowdon|81/100|[from] item: Leftovers
|upkeep
|turn|108
|
|t:|1611340868
|switch|p1a: Corviknight|Corviknight, F|100/100
|-damage|p1a: Corviknight|88/100|[from] Stealth Rock
|-ability|p1a: Corviknight|Pressure
|move|p2a: Hippowdon|Earthquake|p1a: Corviknight
|-immune|p1a: Corviknight
|
|-weather|none
|-heal|p2a: Hippowdon|87/100|[from] item: Leftovers
|upkeep
|turn|109
|
|t:|1611340879
|switch|p1a: Toxapex|Toxapex, M|70/100
|-damage|p1a: Toxapex|57/100|[from] Stealth Rock
|switch|p2a: Peter|Corviknight, F|94/100 brn
|-ability|p2a: Peter|Pressure
|
|-heal|p2a: Peter|100/100 brn|[from] item: Leftovers
|-damage|p2a: Peter|94/100 brn|[from] brn
|upkeep
|turn|110
|
|t:|1611340888
|move|p2a: Peter|Taunt|p1a: Toxapex
|-start|p1a: Toxapex|move: Taunt
|move|p1a: Toxapex|Knock Off|p2a: Peter
|-damage|p2a: Peter|84/100 brn
|-enditem|p2a: Peter|Leftovers|[from] move: Knock Off|[of] p1a: Toxapex
|
|-damage|p2a: Peter|78/100 brn|[from] brn
|upkeep
|turn|111
|
|t:|1611340894
|switch|p2a: Stone Butch|Ferrothorn, F|57/100 brn
|move|p1a: Toxapex|Knock Off|p2a: Stone Butch
|-crit|p2a: Stone Butch
|-damage|p2a: Stone Butch|48/100 brn
|-damage|p1a: Toxapex|45/100|[from] ability: Iron Barbs|[of] p2a: Stone Butch
|
|-damage|p2a: Stone Butch|41/100 brn|[from] brn
|upkeep
|turn|112
|
|t:|1611340904
|switch|p1a: Corviknight|Corviknight, F|88/100
|-damage|p1a: Corviknight|75/100|[from] Stealth Rock
|-ability|p1a: Corviknight|Pressure
|move|p2a: Stone Butch|Leech Seed|p1a: Corviknight
|-start|p1a: Corviknight|move: Leech Seed
|
|-damage|p1a: Corviknight|63/100|[from] Leech Seed|[of] p2a: Stone Butch
|-heal|p2a: Stone Butch|56/100 brn|[silent]
|-damage|p2a: Stone Butch|49/100 brn|[from] brn
|upkeep
|turn|113
|
|t:|1611340912
|move|p1a: Corviknight|Body Press|p2a: Stone Butch
|-supereffective|p2a: Stone Butch
|-damage|p2a: Stone Butch|22/100 brn
|-damage|p1a: Corviknight|50/100|[from] ability: Iron Barbs|[of] p2a: Stone Butch
|move|p2a: Stone Butch|Thunder Wave|p1a: Corviknight
|-status|p1a: Corviknight|par
|
|-damage|p1a: Corviknight|38/100 par|[from] Leech Seed|[of] p2a: Stone Butch
|-heal|p2a: Stone Butch|36/100 brn|[silent]
|-damage|p2a: Stone Butch|29/100 brn|[from] brn
|upkeep
|turn|114
|
|t:|1611340927
|switch|p2a: Peter|Corviknight, F|78/100 brn
|-ability|p2a: Peter|Pressure
|move|p1a: Corviknight|Roost|p1a: Corviknight
|-heal|p1a: Corviknight|88/100 par
|-singleturn|p1a: Corviknight|move: Roost
|
|-damage|p1a: Corviknight|75/100 par|[from] Leech Seed|[of] p2a: Peter
|-heal|p2a: Peter|93/100 brn|[silent]
|-damage|p2a: Peter|87/100 brn|[from] brn
|upkeep
|turn|115
|
|t:|1611340938
|switch|p2a: Hippowdon|Hippowdon, F|87/100
|-weather|Sandstorm|[from] ability: Sand Stream|[of] p2a: Hippowdon
|switch|p1a: Clefable|Clefable, F|70/100
|-damage|p1a: Clefable|57/100|[from] Stealth Rock
|
|-weather|Sandstorm|[upkeep]
|-damage|p1a: Clefable|51/100|[from] Sandstorm
|-heal|p2a: Hippowdon|93/100|[from] item: Leftovers
|upkeep
|turn|116
|
|t:|1611340943
|move|p1a: Clefable|Soft-Boiled|p1a: Clefable
|-heal|p1a: Clefable|100/100
|move|p2a: Hippowdon|Whirlwind|p1a: Clefable
|drag|p1a: Blissey|Blissey, F|88/100
|-damage|p1a: Blissey|76/100|[from] Stealth Rock
|
|-weather|Sandstorm|[upkeep]
|-damage|p1a: Blissey|69/100|[from] Sandstorm
|-heal|p2a: Hippowdon|99/100|[from] item: Leftovers
|upkeep
|turn|117
|
|t:|1611340953
|switch|p2a: transgender|Sylveon, F|92/100
|move|p1a: Blissey|Stealth Rock|p2a: transgender
|-sidestart|p2: HannahHeliolisk|move: Stealth Rock
|
|-weather|Sandstorm|[upkeep]
|-damage|p2a: transgender|86/100|[from] Sandstorm
|-damage|p1a: Blissey|63/100|[from] Sandstorm
|upkeep
|turn|118
|
|t:|1611340956
|move|p2a: transgender|Wish|p2a: transgender
|move|p1a: Blissey|Soft-Boiled|p1a: Blissey
|-heal|p1a: Blissey|100/100
|
|-weather|Sandstorm|[upkeep]
|-damage|p2a: transgender|79/100|[from] Sandstorm
|-damage|p1a: Blissey|94/100|[from] Sandstorm
|upkeep
|turn|119
|
|t:|1611340965
|switch|p2a: Stone Femme|Excadrill, F|51/100 brn
|-damage|p2a: Stone Femme|48/100 brn|[from] Stealth Rock
|move|p1a: Blissey|Thunder Wave|p2a: Stone Femme
|-immune|p2a: Stone Femme
|
|-weather|none
|-heal|p2a: Stone Femme|100/100 brn|[from] move: Wish|[wisher] transgender
|-damage|p2a: Stone Femme|94/100 brn|[from] brn
|upkeep
|turn|120
|
|t:|1611340973
|move|p2a: Stone Femme|Rapid Spin|p1a: Blissey
|-damage|p1a: Blissey|86/100
|-boost|p2a: Stone Femme|spe|1
|-sideend|p2: HannahHeliolisk|Stealth Rock|[from] move: Rapid Spin|[of] p2a: Stone Femme
|move|p1a: Blissey|Seismic Toss|p2a: Stone Femme
|-damage|p2a: Stone Femme|67/100 brn
|
|-damage|p2a: Stone Femme|61/100 brn|[from] brn
|upkeep
|turn|121
|
|t:|1611340992
|move|p2a: Stone Femme|Swords Dance|p2a: Stone Femme
|-boost|p2a: Stone Femme|atk|2
|move|p1a: Blissey|Stealth Rock|p2a: Stone Femme
|-sidestart|p2: HannahHeliolisk|move: Stealth Rock
|
|-damage|p2a: Stone Femme|55/100 brn|[from] brn
|upkeep
|turn|122
|
|t:|1611340996
|switch|p1a: Corviknight|Corviknight, F|75/100 par
|-damage|p1a: Corviknight|63/100 par|[from] Stealth Rock
|-ability|p1a: Corviknight|Pressure
|move|p2a: Stone Femme|Earthquake|p1a: Corviknight
|-immune|p1a: Corviknight
|
|-damage|p2a: Stone Femme|48/100 brn|[from] brn
|upkeep
|turn|123
|
|t:|1611341002
|switch|p2a: Peter|Corviknight, F|87/100 brn
|-damage|p2a: Peter|74/100 brn|[from] Stealth Rock
|-ability|p2a: Peter|Pressure
|move|p1a: Corviknight|Body Press|p2a: Peter
|-damage|p2a: Peter|57/100 brn
|
|-damage|p2a: Peter|50/100 brn|[from] brn
|upkeep
|turn|124
|
|t:|1611341006
|move|p2a: Peter|Roost|p2a: Peter
|-heal|p2a: Peter|100/100 brn
|-singleturn|p2a: Peter|move: Roost
|move|p1a: Corviknight|Roost|p1a: Corviknight
|-heal|p1a: Corviknight|100/100 par
|-singleturn|p1a: Corviknight|move: Roost
|
|-damage|p2a: Peter|94/100 brn|[from] brn
|upkeep
|turn|125
|
|t:|1611341012
|switch|p2a: Hippowdon|Hippowdon, F|99/100
|-damage|p2a: Hippowdon|93/100|[from] Stealth Rock
|-weather|Sandstorm|[from] ability: Sand Stream|[of] p2a: Hippowdon
|switch|p1a: Clefable|Clefable, F|100/100
|-damage|p1a: Clefable|88/100|[from] Stealth Rock
|
|-weather|Sandstorm|[upkeep]
|-damage|p1a: Clefable|82/100|[from] Sandstorm
|-heal|p2a: Hippowdon|99/100|[from] item: Leftovers
|upkeep
|turn|126
|
|t:|1611341015
|move|p1a: Clefable|Calm Mind|p1a: Clefable
|-boost|p1a: Clefable|spa|1
|-boost|p1a: Clefable|spd|1
|move|p2a: Hippowdon|Whirlwind|p1a: Clefable
|drag|p1a: Corviknight|Corviknight, F|100/100 par
|-damage|p1a: Corviknight|88/100 par|[from] Stealth Rock
|-ability|p1a: Corviknight|Pressure
|
|-weather|Sandstorm|[upkeep]
|-heal|p2a: Hippowdon|100/100|[from] item: Leftovers
|upkeep
|turn|127
|
|t:|1611341027
|switch|p2a: Toxapex|Toxapex, F|100/100
|-damage|p2a: Toxapex|88/100|[from] Stealth Rock
|switch|p1a: Clefable|Clefable, F|82/100
|-damage|p1a: Clefable|70/100|[from] Stealth Rock
|
|-weather|Sandstorm|[upkeep]
|-damage|p1a: Clefable|63/100|[from] Sandstorm
|-damage|p2a: Toxapex|82/100|[from] Sandstorm
|-heal|p2a: Toxapex|88/100|[from] item: Black Sludge
|upkeep
|turn|128
|
|t:|1611341038
|move|p1a: Clefable|Calm Mind|p1a: Clefable
|-boost|p1a: Clefable|spa|1
|-boost|p1a: Clefable|spd|1
|move|p2a: Toxapex|Toxic Spikes|p1a: Clefable
|-sidestart|p1: X-Wing Fighter|move: Toxic Spikes
|
|-weather|Sandstorm|[upkeep]
|-damage|p1a: Clefable|57/100|[from] Sandstorm
|-damage|p2a: Toxapex|82/100|[from] Sandstorm
|-heal|p2a: Toxapex|88/100|[from] item: Black Sludge
|upkeep
|turn|129
|
|t:|1611341042
|switch|p2a: Hippowdon|Hippowdon, F|100/100
|-damage|p2a: Hippowdon|94/100|[from] Stealth Rock
|move|p1a: Clefable|Calm Mind|p1a: Clefable
|-boost|p1a: Clefable|spa|1
|-boost|p1a: Clefable|spd|1
|
|-weather|none
|-heal|p2a: Hippowdon|100/100|[from] item: Leftovers
|upkeep
|turn|130
|
|t:|1611341047
|move|p1a: Clefable|Moonblast|p2a: Hippowdon
|-damage|p2a: Hippowdon|57/100
|-unboost|p2a: Hippowdon|spa|1
|move|p2a: Hippowdon|Whirlwind|p1a: Clefable
|drag|p1a: Slowking|Slowking-Galar, M|74/100
|-damage|p1a: Slowking|62/100|[from] Stealth Rock
|-sideend|p1: X-Wing Fighter|move: Toxic Spikes|[of] p1a: Slowking
|
|-heal|p2a: Hippowdon|63/100|[from] item: Leftovers
|upkeep
|turn|131
|
|t:|1611341057
|switch|p1a: Corviknight|Corviknight, F|88/100 par
|-damage|p1a: Corviknight|75/100 par|[from] Stealth Rock
|-ability|p1a: Corviknight|Pressure
|move|p2a: Hippowdon|Slack Off|p2a: Hippowdon
|-heal|p2a: Hippowdon|100/100
|
|upkeep
|turn|132
|
|t:|1611341060
|switch|p2a: Peter|Corviknight, F|94/100 brn
|-damage|p2a: Peter|82/100 brn|[from] Stealth Rock
|-ability|p2a: Peter|Pressure
|move|p1a: Corviknight|Defog|p2a: Peter
|-unboost|p2a: Peter|evasion|1
|-sideend|p2: HannahHeliolisk|Stealth Rock|[from] move: Defog|[of] p1a: Corviknight
|-sideend|p1: X-Wing Fighter|Stealth Rock|[from] move: Defog|[of] p1a: Corviknight
|
|-damage|p2a: Peter|76/100 brn|[from] brn
|upkeep
|turn|133
|
|t:|1611341068
|switch|p2a: Hippowdon|Hippowdon, F|100/100
|-weather|Sandstorm|[from] ability: Sand Stream|[of] p2a: Hippowdon
|switch|p1a: Slowking|Slowking-Galar, M|95/100
|
|-weather|Sandstorm|[upkeep]
|-damage|p1a: Slowking|89/100|[from] Sandstorm
|upkeep
|turn|134
|
|t:|1611341074
|switch|p1a: Corviknight|Corviknight, F|75/100 par
|-ability|p1a: Corviknight|Pressure
|move|p2a: Hippowdon|Earthquake|p1a: Corviknight
|-immune|p1a: Corviknight
|
|-weather|Sandstorm|[upkeep]
|upkeep
|turn|135
|
|t:|1611341080
|switch|p1a: Clefable|Clefable, F|57/100
|move|p2a: Hippowdon|Stealth Rock|p1a: Clefable
|-sidestart|p1: X-Wing Fighter|move: Stealth Rock
|
|-weather|Sandstorm|[upkeep]
|-damage|p1a: Clefable|51/100|[from] Sandstorm
|upkeep
|turn|136
|
|t:|1611341089
|move|p1a: Clefable|Soft-Boiled|p1a: Clefable
|-heal|p1a: Clefable|100/100
|move|p2a: Hippowdon|Earthquake|p1a: Clefable
|-damage|p1a: Clefable|73/100
|
|-weather|Sandstorm|[upkeep]
|-damage|p1a: Clefable|67/100|[from] Sandstorm
|upkeep
|turn|137
|
|t:|1611341099
|switch|p2a: transgender|Sylveon, F|79/100
|move|p1a: Clefable|Calm Mind|p1a: Clefable
|-boost|p1a: Clefable|spa|1
|-boost|p1a: Clefable|spd|1
|
|-weather|none
|upkeep
|turn|138
|
|t:|1611341106
|move|p2a: transgender|Mystical Fire|p1a: Clefable
|-damage|p1a: Clefable|56/100
|-unboost|p1a: Clefable|spa|1
|move|p1a: Clefable|Moonblast|p2a: transgender
|-damage|p2a: transgender|65/100
|
|upkeep
|turn|139
|
|t:|1611341111
|move|p1a: Clefable|Soft-Boiled|p1a: Clefable
|-heal|p1a: Clefable|100/100
|move|p2a: transgender|Wish|p2a: transgender
|
|upkeep
|turn|140
|
|t:|1611341121
|switch|p1a: Garchomp|Garchomp, F|100/100
|-damage|p1a: Garchomp|94/100|[from] Stealth Rock
|move|p2a: transgender|Mystical Fire|p1a: Garchomp
|-resisted|p1a: Garchomp
|-damage|p1a: Garchomp|84/100
|-unboost|p1a: Garchomp|spa|1
|
|-heal|p2a: transgender|100/100|[from] move: Wish|[wisher] transgender
|-heal|p1a: Garchomp|90/100|[from] item: Leftovers
|upkeep
|turn|141
|
|t:|1611341127
|switch|p1a: Clefable|Clefable, F|100/100
|-damage|p1a: Clefable|88/100|[from] Stealth Rock
|move|p2a: transgender|Hyper Voice|p1a: Clefable
|-damage|p1a: Clefable|51/100
|
|upkeep
|turn|142
|
|t:|1611341131
|move|p1a: Clefable|Soft-Boiled|p1a: Clefable
|-heal|p1a: Clefable|100/100
|move|p2a: transgender|Hyper Voice|p1a: Clefable
|-damage|p1a: Clefable|61/100
|
|upkeep
|turn|143
|
|t:|1611341134
|switch|p1a: Slowking|Slowking-Galar, M|100/100
|-damage|p1a: Slowking|88/100|[from] Stealth Rock
|move|p2a: transgender|Hyper Voice|p1a: Slowking
|-resisted|p1a: Slowking
|-damage|p1a: Slowking|79/100
|
|upkeep
|turn|144
|
|t:|1611341139
|switch|p2a: Hippowdon|Hippowdon, F|100/100
|-weather|Sandstorm|[from] ability: Sand Stream|[of] p2a: Hippowdon
|move|p1a: Slowking|Future Sight|p2a: Hippowdon
|-start|p1a: Slowking|move: Future Sight
|
|-weather|Sandstorm|[upkeep]
|-damage|p1a: Slowking|73/100|[from] Sandstorm
|upkeep
|turn|145
|
|t:|1611341146
|switch|p1a: Corviknight|Corviknight, F|75/100 par
|-damage|p1a: Corviknight|63/100 par|[from] Stealth Rock
|-ability|p1a: Corviknight|Pressure
|move|p2a: Hippowdon|Whirlwind|p1a: Corviknight
|drag|p1a: Slowking|Slowking-Galar, M|100/100
|-damage|p1a: Slowking|88/100|[from] Stealth Rock
|
|-weather|Sandstorm|[upkeep]
|-damage|p1a: Slowking|82/100|[from] Sandstorm
|upkeep
|turn|146
|
|t:|1611341149
|switch|p1a: Corviknight|Corviknight, F|63/100 par
|-damage|p1a: Corviknight|50/100 par|[from] Stealth Rock
|-ability|p1a: Corviknight|Pressure
|move|p2a: Hippowdon|Earthquake|p1a: Corviknight
|-immune|p1a: Corviknight
|
|-weather|Sandstorm|[upkeep]
|-end|p2a: Hippowdon|move: Future Sight
|-damage|p2a: Hippowdon|70/100
|-heal|p2a: Hippowdon|76/100|[from] item: Leftovers
|upkeep
|turn|147
|
|t:|1611341159
|switch|p2a: Peter|Corviknight, F|76/100 brn
|-ability|p2a: Peter|Pressure
|move|p1a: Corviknight|Roost|p1a: Corviknight
|-heal|p1a: Corviknight|100/100 par
|-singleturn|p1a: Corviknight|move: Roost
|
|-weather|Sandstorm|[upkeep]
|-damage|p2a: Peter|69/100 brn|[from] brn
|upkeep
|turn|148
|
|t:|1611341167
|switch|p1a: Toxapex|Toxapex, M|78/100
|-damage|p1a: Toxapex|65/100|[from] Stealth Rock
|move|p2a: Peter|Roost|p2a: Peter
|-heal|p2a: Peter|100/100 brn
|-singleturn|p2a: Peter|move: Roost
|
|-weather|none
|-damage|p2a: Peter|94/100 brn|[from] brn
|upkeep
|turn|149
|
|t:|1611341186
|switch|p2a: Hippowdon|Hippowdon, F|76/100
|-weather|Sandstorm|[from] ability: Sand Stream|[of] p2a: Hippowdon
|move|p1a: Toxapex|Knock Off|p2a: Hippowdon
|-damage|p2a: Hippowdon|65/100
|-enditem|p2a: Hippowdon|Leftovers|[from] move: Knock Off|[of] p1a: Toxapex
|
|-weather|Sandstorm|[upkeep]
|-damage|p1a: Toxapex|59/100|[from] Sandstorm
|upkeep
|turn|150
|
|t:|1611341192
|move|p2a: Hippowdon|Slack Off|p2a: Hippowdon
|-heal|p2a: Hippowdon|100/100
|move|p1a: Toxapex|Scald|p2a: Hippowdon
|-supereffective|p2a: Hippowdon
|-damage|p2a: Hippowdon|76/100
|-status|p2a: Hippowdon|brn
|
|-weather|Sandstorm|[upkeep]
|-damage|p1a: Toxapex|53/100|[from] Sandstorm
|-damage|p2a: Hippowdon|70/100 brn|[from] brn
|upkeep
|turn|151
|
|t:|1611341200
|switch|p2a: Peter|Corviknight, F|94/100 brn
|-ability|p2a: Peter|Pressure
|move|p1a: Toxapex|Recover|p1a: Toxapex
|-heal|p1a: Toxapex|100/100
|
|-weather|Sandstorm|[upkeep]
|-damage|p1a: Toxapex|94/100|[from] Sandstorm
|-damage|p2a: Peter|88/100 brn|[from] brn
|upkeep
|turn|152
|
|t:|1611341207
|move|p2a: Peter|Taunt|p1a: Toxapex
|-start|p1a: Toxapex|move: Taunt
|cant|p1a: Toxapex|move: Taunt|Toxic Spikes
|
|-weather|Sandstorm|[upkeep]
|-damage|p1a: Toxapex|88/100|[from] Sandstorm
|-damage|p2a: Peter|82/100 brn|[from] brn
|upkeep
|turn|153
|
|t:|1611341222
|switch|p2a: transgender|Sylveon, F|100/100
|move|p1a: Toxapex|Knock Off|p2a: transgender
|-resisted|p2a: transgender
|-damage|p2a: transgender|94/100
|
|-weather|none
|upkeep
|turn|154
|
|t:|1611341227
|move|p2a: transgender|Mystical Fire|p1a: Toxapex
|-resisted|p1a: Toxapex
|-damage|p1a: Toxapex|80/100
|-unboost|p1a: Toxapex|spa|1
|move|p1a: Toxapex|Scald|p2a: transgender
|-damage|p2a: transgender|88/100
|
|-end|p1a: Toxapex|move: Taunt
|upkeep
|turn|155
|
|t:|1611341232
|move|p2a: transgender|Wish|p2a: transgender
|move|p1a: Toxapex|Toxic Spikes|p2a: transgender
|-sidestart|p2: HannahHeliolisk|move: Toxic Spikes
|
|upkeep
|turn|156
|
|t:|1611341238
|switch|p2a: Stone Butch|Ferrothorn, F|29/100 brn
|switch|p1a: Slowking|Slowking-Galar, M|100/100
|-damage|p1a: Slowking|88/100|[from] Stealth Rock
|
|-heal|p2a: Stone Butch|85/100 brn|[from] move: Wish|[wisher] transgender
|-damage|p2a: Stone Butch|79/100 brn|[from] brn
|upkeep
|turn|157
|
|t:|1611341248
|switch|p2a: Toxapex|Toxapex, F|100/100
|-sideend|p2: HannahHeliolisk|move: Toxic Spikes|[of] p2a: Toxapex
|move|p1a: Slowking|Future Sight|p2a: Toxapex
|-start|p1a: Slowking|move: Future Sight
|
|upkeep
|turn|158
|
|t:|1611341258
|move|p2a: Toxapex|Scald|p1a: Slowking
|-damage|p1a: Slowking|81/100
|move|p1a: Slowking|Earthquake|p2a: Toxapex
|-supereffective|p2a: Toxapex
|-damage|p2a: Toxapex|79/100
|
|-heal|p2a: Toxapex|86/100|[from] item: Black Sludge
|upkeep
|turn|159
|
|t:|1611341268
|switch|p2a: Hippowdon|Hippowdon, F|70/100 brn
|-weather|Sandstorm|[from] ability: Sand Stream|[of] p2a: Hippowdon
|move|p1a: Slowking|Flamethrower|p2a: Hippowdon
|-damage|p2a: Hippowdon|54/100 brn
|
|-weather|Sandstorm|[upkeep]
|-damage|p1a: Slowking|75/100|[from] Sandstorm
|-end|p2a: Hippowdon|move: Future Sight
|-damage|p2a: Hippowdon|23/100 brn
|-damage|p2a: Hippowdon|16/100 brn|[from] brn
|upkeep
|turn|160
|
|t:|1611341274
|move|p2a: Hippowdon|Slack Off|p2a: Hippowdon
|-heal|p2a: Hippowdon|66/100 brn
|move|p1a: Slowking|Sludge Bomb|p2a: Hippowdon
|-resisted|p2a: Hippowdon
|-damage|p2a: Hippowdon|54/100 brn
|
|-weather|Sandstorm|[upkeep]
|-damage|p1a: Slowking|69/100|[from] Sandstorm
|-damage|p2a: Hippowdon|48/100 brn|[from] brn
|upkeep
|turn|161
|
|t:|1611341278
|move|p2a: Hippowdon|Slack Off|p2a: Hippowdon
|-heal|p2a: Hippowdon|98/100 brn
|move|p1a: Slowking|Future Sight|p2a: Hippowdon
|-start|p1a: Slowking|move: Future Sight
|
|-weather|Sandstorm|[upkeep]
|-damage|p1a: Slowking|63/100|[from] Sandstorm
|-damage|p2a: Hippowdon|92/100 brn|[from] brn
|upkeep
|turn|162
|
|t:|1611341296
|switch|p1a: Toxapex|Toxapex, M|100/100
|-damage|p1a: Toxapex|88/100|[from] Stealth Rock
|move|p2a: Hippowdon|Whirlwind|p1a: Toxapex
|drag|p1a: Blissey|Blissey, F|86/100
|-damage|p1a: Blissey|74/100|[from] Stealth Rock
|
|-weather|Sandstorm|[upkeep]
|-damage|p1a: Blissey|68/100|[from] Sandstorm
|-damage|p2a: Hippowdon|86/100 brn|[from] brn
|upkeep
|turn|163
|
|t:|1611341316
|switch|p2a: Toxapex|Toxapex, F|100/100
|move|p1a: Blissey|Seismic Toss|p2a: Toxapex
|-damage|p2a: Toxapex|68/100
|
|-weather|none
|-end|p2a: Toxapex|move: Future Sight
|-supereffective|p2a: Toxapex
|-damage|p2a: Toxapex|0 fnt
|faint|p2a: Toxapex
|upkeep
|c|☆HannahHeliolisk|oopz
|
|t:|1611341333
|switch|p2a: Peter|Corviknight, F|82/100 brn
|-ability|p2a: Peter|Pressure
|turn|164
|c|☆X-Wing Fighter|gg?
|c|☆HannahHeliolisk|i was hardly using tox
|c|☆X-Wing Fighter|4 mons burned and u lost one mon
|c|☆X-Wing Fighter|why do u want to keep playing
|c|☆HannahHeliolisk|its fun
|inactive|Battle timer is ON: inactive players will automatically lose when time's up. (requested by HannahHeliolisk)
|
|t:|1611341401
|switch|p1a: Corviknight|Corviknight, F|100/100 par
|-damage|p1a: Corviknight|88/100 par|[from] Stealth Rock
|-ability|p1a: Corviknight|Pressure
|move|p2a: Peter|Body Press|p1a: Corviknight
|-damage|p1a: Corviknight|79/100 par
|
|-damage|p2a: Peter|76/100 brn|[from] brn
|upkeep
|turn|165
|
|t:|1611341421
|switch|p2a: Hippowdon|Hippowdon, F|86/100 brn
|-weather|Sandstorm|[from] ability: Sand Stream|[of] p2a: Hippowdon
|move|p1a: Corviknight|Brave Bird|p2a: Hippowdon
|-damage|p2a: Hippowdon|61/100 brn
|-damage|p1a: Corviknight|71/100 par|[from] Recoil
|
|-weather|Sandstorm|[upkeep]
|-damage|p2a: Hippowdon|55/100 brn|[from] brn
|upkeep
|turn|166
|
|t:|1611341428
|move|p2a: Hippowdon|Slack Off|p2a: Hippowdon
|-heal|p2a: Hippowdon|100/100 brn
|move|p1a: Corviknight|Defog|p2a: Hippowdon
|-unboost|p2a: Hippowdon|evasion|1
|-sideend|p1: X-Wing Fighter|Stealth Rock|[from] move: Defog|[of] p1a: Corviknight
|
|-weather|Sandstorm|[upkeep]
|-damage|p2a: Hippowdon|94/100 brn|[from] brn
|upkeep
|turn|167
|
|t:|1611341436
|switch|p1a: Garchomp|Garchomp, F|90/100
|move|p2a: Hippowdon|Stealth Rock|p1a: Garchomp
|-sidestart|p1: X-Wing Fighter|move: Stealth Rock
|
|-weather|Sandstorm|[upkeep]
|-heal|p1a: Garchomp|97/100|[from] item: Leftovers
|-damage|p2a: Hippowdon|88/100 brn|[from] brn
|upkeep
|turn|168
|
|t:|1611341444
|switch|p1a: Corviknight|Corviknight, F|71/100 par
|-damage|p1a: Corviknight|58/100 par|[from] Stealth Rock
|-ability|p1a: Corviknight|Pressure
|move|p2a: Hippowdon|Whirlwind|p1a: Corviknight
|drag|p1a: Slowking|Slowking-Galar, M|96/100
|-damage|p1a: Slowking|84/100|[from] Stealth Rock
|
|-weather|Sandstorm|[upkeep]
|-damage|p1a: Slowking|78/100|[from] Sandstorm
|-damage|p2a: Hippowdon|82/100 brn|[from] brn
|upkeep
|turn|169
|
|t:|1611341454
|switch|p2a: transgender|Sylveon, F|88/100
|move|p1a: Slowking|Future Sight|p2a: transgender
|-start|p1a: Slowking|move: Future Sight
|
|-weather|none
|upkeep
|turn|170
|
|t:|1611341459
|move|p2a: transgender|Protect|p2a: transgender
|-singleturn|p2a: transgender|Protect
|move|p1a: Slowking|Sludge Bomb|p2a: transgender
|-activate|p2a: transgender|move: Protect
|
|upkeep
|turn|171
|j| emantkd
|
|t:|1611341468
|switch|p2a: Hippowdon|Hippowdon, F|82/100 brn
|-weather|Sandstorm|[from] ability: Sand Stream|[of] p2a: Hippowdon
|move|p1a: Slowking|Sludge Bomb|p2a: Hippowdon
|-resisted|p2a: Hippowdon
|-damage|p2a: Hippowdon|70/100 brn
|
|-weather|Sandstorm|[upkeep]
|-damage|p1a: Slowking|71/100|[from] Sandstorm
|-end|p2a: Hippowdon|move: Future Sight
|-damage|p2a: Hippowdon|38/100 brn
|-damage|p2a: Hippowdon|32/100 brn|[from] brn
|upkeep
|turn|172
|
|t:|1611341473
|move|p2a: Hippowdon|Slack Off|p2a: Hippowdon
|-heal|p2a: Hippowdon|82/100 brn
|move|p1a: Slowking|Future Sight|p2a: Hippowdon
|-start|p1a: Slowking|move: Future Sight
|
|-weather|Sandstorm|[upkeep]
|-damage|p1a: Slowking|65/100|[from] Sandstorm
|-damage|p2a: Hippowdon|76/100 brn|[from] brn
|upkeep
|turn|173
|l| emantkd
|
|t:|1611341483
|move|p2a: Hippowdon|Stealth Rock||[still]
|-fail|p2a: Hippowdon
|move|p1a: Slowking|Sludge Bomb|p2a: Hippowdon
|-resisted|p2a: Hippowdon
|-damage|p2a: Hippowdon|65/100 brn
|
|-weather|Sandstorm|[upkeep]
|-damage|p1a: Slowking|59/100|[from] Sandstorm
|-damage|p2a: Hippowdon|59/100 brn|[from] brn
|upkeep
|turn|174
|
|t:|1611341488
|move|p2a: Hippowdon|Slack Off|p2a: Hippowdon
|-heal|p2a: Hippowdon|100/100 brn
|move|p1a: Slowking|Flamethrower|p2a: Hippowdon
|-damage|p2a: Hippowdon|83/100 brn
|
|-weather|Sandstorm|[upkeep]
|-damage|p1a: Slowking|53/100|[from] Sandstorm
|-end|p2a: Hippowdon|move: Future Sight
|-damage|p2a: Hippowdon|49/100 brn
|-damage|p2a: Hippowdon|43/100 brn|[from] brn
|upkeep
|turn|175
|
|t:|1611341494
|move|p2a: Hippowdon|Slack Off|p2a: Hippowdon
|-heal|p2a: Hippowdon|93/100 brn
|move|p1a: Slowking|Earthquake|p2a: Hippowdon
|-damage|p2a: Hippowdon|82/100 brn
|
|-weather|none
|-damage|p2a: Hippowdon|76/100 brn|[from] brn
|upkeep
|turn|176
|
|t:|1611341502
|switch|p2a: Peter|Corviknight, F|76/100 brn
|-ability|p2a: Peter|Pressure
|move|p1a: Slowking|Future Sight|p2a: Peter
|-start|p1a: Slowking|move: Future Sight
|
|-damage|p2a: Peter|69/100 brn|[from] brn
|upkeep
|turn|177
|
|t:|1611341509
|move|p2a: Peter|Roost|p2a: Peter
|-heal|p2a: Peter|100/100 brn
|-singleturn|p2a: Peter|move: Roost
|move|p1a: Slowking|Flamethrower|p2a: Peter
|-supereffective|p2a: Peter
|-damage|p2a: Peter|44/100 brn
|
|-damage|p2a: Peter|38/100 brn|[from] brn
|upkeep
|turn|178
|
|t:|1611341513
|switch|p2a: Hippowdon|Hippowdon, F|76/100 brn
|-weather|Sandstorm|[from] ability: Sand Stream|[of] p2a: Hippowdon
|move|p1a: Slowking|Flamethrower|p2a: Hippowdon
|-damage|p2a: Hippowdon|59/100 brn
|
|-weather|Sandstorm|[upkeep]
|-damage|p1a: Slowking|47/100|[from] Sandstorm
|-end|p2a: Hippowdon|move: Future Sight
|-damage|p2a: Hippowdon|24/100 brn
|-damage|p2a: Hippowdon|18/100 brn|[from] brn
|upkeep
|turn|179
|
|t:|1611341518
|move|p2a: Hippowdon|Slack Off|p2a: Hippowdon
|-heal|p2a: Hippowdon|68/100 brn
|move|p1a: Slowking|Future Sight|p2a: Hippowdon
|-start|p1a: Slowking|move: Future Sight
|
|-weather|Sandstorm|[upkeep]
|-damage|p1a: Slowking|41/100|[from] Sandstorm
|-damage|p2a: Hippowdon|62/100 brn|[from] brn
|upkeep
|turn|180
|
|t:|1611341528
|switch|p2a: transgender|Sylveon, F|88/100
|switch|p1a: Garchomp|Garchomp, F|97/100
|-damage|p1a: Garchomp|90/100|[from] Stealth Rock
|
|-weather|Sandstorm|[upkeep]
|-damage|p2a: transgender|82/100|[from] Sandstorm
|-heal|p1a: Garchomp|97/100|[from] item: Leftovers
|upkeep
|turn|181
|
|t:|1611341534
|switch|p1a: Toxapex|Toxapex, M|100/100
|-damage|p1a: Toxapex|88/100|[from] Stealth Rock
|move|p2a: transgender|Hyper Voice|p1a: Toxapex
|-resisted|p1a: Toxapex
|-damage|p1a: Toxapex|71/100
|
|-weather|Sandstorm|[upkeep]
|-damage|p2a: transgender|76/100|[from] Sandstorm
|-damage|p1a: Toxapex|64/100|[from] Sandstorm
|-end|p2a: transgender|move: Future Sight
|-damage|p2a: transgender|54/100
|upkeep
|turn|182
|
|t:|1611341540
|move|p2a: transgender|Wish|p2a: transgender
|move|p1a: Toxapex|Toxic Spikes|p2a: transgender
|-sidestart|p2: HannahHeliolisk|move: Toxic Spikes
|
|-weather|none
|upkeep
|turn|183
|
|t:|1611341552
|switch|p2a: Peter|Corviknight, F|38/100 brn
|-ability|p2a: Peter|Pressure
|move|p1a: Toxapex|Toxic Spikes|p2a: Peter
|-sidestart|p2: HannahHeliolisk|move: Toxic Spikes
|
|-heal|p2a: Peter|96/100 brn|[from] move: Wish|[wisher] transgender
|-damage|p2a: Peter|90/100 brn|[from] brn
|upkeep
|turn|184
|
|t:|1611341564
|switch|p2a: Stone Butch|Ferrothorn, F|79/100 brn
|move|p1a: Toxapex|Knock Off|p2a: Stone Butch
|-damage|p2a: Stone Butch|73/100 brn
|-damage|p1a: Toxapex|52/100|[from] ability: Iron Barbs|[of] p2a: Stone Butch
|
|-damage|p2a: Stone Butch|66/100 brn|[from] brn
|upkeep
|turn|185
|
|t:|1611341569
|move|p1a: Toxapex|Recover|p1a: Toxapex
|-heal|p1a: Toxapex|100/100
|move|p2a: Stone Butch|Thunder Wave|p1a: Toxapex|[miss]
|-miss|p2a: Stone Butch|p1a: Toxapex
|
|-damage|p2a: Stone Butch|60/100 brn|[from] brn
|upkeep
|turn|186
|j| GeoJumper0001
|
|t:|1611341575
|switch|p1a: Clefable|Clefable, F|61/100
|-damage|p1a: Clefable|48/100|[from] Stealth Rock
|move|p2a: Stone Butch|Spikes|p1a: Clefable
|-sidestart|p1: X-Wing Fighter|Spikes
|
|-damage|p2a: Stone Butch|54/100 brn|[from] brn
|upkeep
|turn|187
|c| GeoJumper0001|jesus what the hell
|j| DratiniHadItComing
|
|t:|1611341588
|switch|p2a: Peter|Corviknight, F|90/100 brn
|-ability|p2a: Peter|Pressure
|move|p1a: Clefable|Soft-Boiled|p1a: Clefable
|-heal|p1a: Clefable|98/100
|
|-damage|p2a: Peter|84/100 brn|[from] brn
|upkeep
|turn|188
|
|t:|1611341597
|switch|p2a: Stone Femme|Excadrill, F|48/100 brn
|move|p1a: Clefable|Calm Mind|p1a: Clefable
|-boost|p1a: Clefable|spa|1
|-boost|p1a: Clefable|spd|1
|
|-damage|p2a: Stone Femme|42/100 brn|[from] brn
|upkeep
|turn|189
|c| GeoJumper0001|what the hell is this
|j| Adamant Honch
|c|☆X-Wing Fighter|this is what happens when 2 stall teams go face to face
|
|t:|1611341619
|switch|p1a: Corviknight|Corviknight, F|58/100 par
|-damage|p1a: Corviknight|46/100 par|[from] Stealth Rock
|-ability|p1a: Corviknight|Pressure
|move|p2a: Stone Femme|Rapid Spin|p1a: Corviknight
|-resisted|p1a: Corviknight
|-damage|p1a: Corviknight|43/100 par
|-boost|p2a: Stone Femme|spe|1
|-sideend|p2: HannahHeliolisk|Toxic Spikes|[from] move: Rapid Spin|[of] p2a: Stone Femme
|
|-damage|p2a: Stone Femme|36/100 brn|[from] brn
|upkeep
|turn|190
|l| Adamant Honch
|c| GeoJumper0001|189 turns and only 1 mon has died
|c|☆HannahHeliolisk|i'd say mine is more bulky balance
|
|t:|1611341627
|switch|p2a: Peter|Corviknight, F|84/100 brn
|-ability|p2a: Peter|Pressure
|move|p1a: Corviknight|Body Press|p2a: Peter
|-damage|p2a: Peter|66/100 brn
|
|-damage|p2a: Peter|60/100 brn|[from] brn
|upkeep
|turn|191
|
|t:|1611341632
|switch|p2a: transgender|Sylveon, F|54/100
|move|p1a: Corviknight|Roost|p1a: Corviknight
|-heal|p1a: Corviknight|93/100 par
|-singleturn|p1a: Corviknight|move: Roost
|
|upkeep
|turn|192
|c| GeoJumper0001|this makes me wanna vomit
|
|t:|1611341640
|move|p2a: transgender|Wish|p2a: transgender
|cant|p1a: Corviknight|par
|
|upkeep
|turn|193
|
|t:|1611341644
|move|p2a: transgender|Mystical Fire|p1a: Corviknight
|-supereffective|p1a: Corviknight
|-damage|p1a: Corviknight|61/100 par
|-unboost|p1a: Corviknight|spa|1
|cant|p1a: Corviknight|par
|
|-heal|p2a: transgender|100/100|[from] move: Wish|[wisher] transgender
|upkeep
|turn|194
|
|t:|1611341653
|switch|p1a: Clefable|Clefable, F|98/100
|-damage|p1a: Clefable|86/100|[from] Spikes
|-damage|p1a: Clefable|73/100|[from] Stealth Rock
|move|p2a: transgender|Wish|p2a: transgender
|
|upkeep
|turn|195
|
|t:|1611341656
|switch|p2a: Stone Femme|Excadrill, F|36/100 brn
|move|p1a: Clefable|Aromatherapy|p1a: Clefable
|-activate|p1a: Clefable|move: Aromatherapy
|-curestatus|p1: Corviknight|par|[msg]
|
|-heal|p2a: Stone Femme|91/100 brn|[from] move: Wish|[wisher] transgender
|-damage|p2a: Stone Femme|85/100 brn|[from] brn
|upkeep
|turn|196
|
|t:|1611341666
|switch|p2a: transgender|Sylveon, F|100/100
|switch|p1a: Corviknight|Corviknight, F|61/100
|-damage|p1a: Corviknight|49/100|[from] Stealth Rock
|-ability|p1a: Corviknight|Pressure
|
|upkeep
|turn|197
|
|t:|1611341671
|move|p1a: Corviknight|Defog|p2a: transgender
|-unboost|p2a: transgender|evasion|1
|-sideend|p1: X-Wing Fighter|Spikes|[from] move: Defog|[of] p1a: Corviknight
|-sideend|p1: X-Wing Fighter|Stealth Rock|[from] move: Defog|[of] p1a: Corviknight
|move|p2a: transgender|Mystical Fire|p1a: Corviknight
|-supereffective|p1a: Corviknight
|-damage|p1a: Corviknight|14/100
|-unboost|p1a: Corviknight|spa|1
|
|upkeep
|turn|198
|
|t:|1611341677
|move|p1a: Corviknight|Roost|p1a: Corviknight
|-heal|p1a: Corviknight|64/100
|-singleturn|p1a: Corviknight|move: Roost
|move|p2a: transgender|Mystical Fire|p1a: Corviknight
|-supereffective|p1a: Corviknight
|-damage|p1a: Corviknight|31/100
|-unboost|p1a: Corviknight|spa|1
|
|upkeep
|turn|199
|
|t:|1611341680
|move|p1a: Corviknight|Roost|p1a: Corviknight
|-heal|p1a: Corviknight|81/100
|-singleturn|p1a: Corviknight|move: Roost
|move|p2a: transgender|Mystical Fire|p1a: Corviknight
|-supereffective|p1a: Corviknight
|-damage|p1a: Corviknight|47/100
|-unboost|p1a: Corviknight|spa|1
|
|upkeep
|turn|200
|
|t:|1611341684
|move|p1a: Corviknight|Roost|p1a: Corviknight
|-heal|p1a: Corviknight|97/100
|-singleturn|p1a: Corviknight|move: Roost
|move|p2a: transgender|Hyper Voice|p1a: Corviknight
|-resisted|p1a: Corviknight
|-crit|p1a: Corviknight
|-damage|p1a: Corviknight|71/100
|
|upkeep
|turn|201
|
|t:|1611341701
|move|p1a: Corviknight|Brave Bird|p2a: transgender
|-damage|p2a: transgender|54/100
|-damage|p1a: Corviknight|57/100|[from] Recoil
|move|p2a: transgender|Hyper Voice|p1a: Corviknight
|-resisted|p1a: Corviknight
|-damage|p1a: Corviknight|38/100
|
|upkeep
|turn|202
|
|t:|1611341710
|move|p1a: Corviknight|Roost|p1a: Corviknight
|-heal|p1a: Corviknight|88/100
|-singleturn|p1a: Corviknight|move: Roost
|move|p2a: transgender|Wish|p2a: transgender
|
|upkeep
|turn|203
|c| GeoJumper0001|why is Peter a girl
|c|☆HannahHeliolisk|this would be 6 to 6 but i made a total messup
|inactive|X-Wing Fighter has 120 seconds left.
|c|☆X-Wing Fighter|lmao
|
|t:|1611341742
|switch|p1a: Toxapex|Toxapex, M|100/100
|move|p2a: transgender|Mystical Fire|p1a: Toxapex
|-resisted|p1a: Toxapex
|-damage|p1a: Toxapex|92/100
|-unboost|p1a: Toxapex|spa|1
|
|-heal|p2a: transgender|100/100|[from] move: Wish|[wisher] transgender
|upkeep
|turn|204
|
|t:|1611341753
|move|p2a: transgender|Wish|p2a: transgender
|move|p1a: Toxapex|Toxic Spikes|p2a: transgender
|-sidestart|p2: HannahHeliolisk|move: Toxic Spikes
|
|upkeep
|turn|205
|
|t:|1611341756
|switch|p2a: Stone Butch|Ferrothorn, F|54/100 brn
|move|p1a: Toxapex|Toxic Spikes|p2a: Stone Butch
|-sidestart|p2: HannahHeliolisk|move: Toxic Spikes
|
|-heal|p2a: Stone Butch|100/100 brn|[from] move: Wish|[wisher] transgender
|-damage|p2a: Stone Butch|94/100 brn|[from] brn
|upkeep
|turn|206
|
|t:|1611341770
|switch|p1a: Corviknight|Corviknight, F|88/100
|-ability|p1a: Corviknight|Pressure
|move|p2a: Stone Butch|Spikes|p1a: Corviknight
|-sidestart|p1: X-Wing Fighter|Spikes
|
|-damage|p2a: Stone Butch|88/100 brn|[from] brn
|upkeep
|turn|207
|c| GeoJumper0001|are y'all ever gonna run out of pp
|
|t:|1611341781
|switch|p2a: Peter|Corviknight, F|60/100 brn
|-ability|p2a: Peter|Pressure
|move|p1a: Corviknight|Brave Bird|p2a: Peter
|-resisted|p2a: Peter
|-damage|p2a: Peter|48/100 brn
|-damage|p1a: Corviknight|85/100|[from] Recoil
|
|-damage|p2a: Peter|41/100 brn|[from] brn
|upkeep
|turn|208
|inactive|X-Wing Fighter has 90 seconds left.
|
|t:|1611341792
|switch|p1a: Clefable|Clefable, F|73/100
|-damage|p1a: Clefable|61/100|[from] Spikes
|move|p2a: Peter|Roost|p2a: Peter
|-heal|p2a: Peter|92/100 brn
|-singleturn|p2a: Peter|move: Roost
|
|-damage|p2a: Peter|85/100 brn|[from] brn
|upkeep
|turn|209
|inactive|HannahHeliolisk has 120 seconds left.
|
|t:|1611341802
|move|p2a: Peter|Brave Bird|p1a: Clefable
|-crit|p1a: Clefable
|-damage|p1a: Clefable|38/100
|-damage|p2a: Peter|77/100 brn|[from] Recoil
|move|p1a: Clefable|Soft-Boiled|p1a: Clefable
|-heal|p1a: Clefable|88/100
|
|-damage|p2a: Peter|71/100 brn|[from] brn
|upkeep
|turn|210
|inactive|HannahHeliolisk has 120 seconds left.
|
|t:|1611341810
|switch|p2a: Stone Femme|Excadrill, F|85/100 brn
|switch|p1a: Toxapex|Toxapex, M|100/100
|-damage|p1a: Toxapex|88/100|[from] Spikes
|
|-damage|p2a: Stone Femme|79/100 brn|[from] brn
|upkeep
|turn|211
|j| hunkrulez777❄
|
|t:|1611341817
|move|p2a: Stone Femme|Rapid Spin|p1a: Toxapex
|-damage|p1a: Toxapex|83/100
|-boost|p2a: Stone Femme|spe|1
|-sideend|p2: HannahHeliolisk|Toxic Spikes|[from] move: Rapid Spin|[of] p2a: Stone Femme
|move|p1a: Toxapex|Scald|p2a: Stone Femme
|-supereffective|p2a: Stone Femme
|-damage|p2a: Stone Femme|33/100 brn
|
|-damage|p2a: Stone Femme|27/100 brn|[from] brn
|upkeep
|turn|212
|j| Akoof
|
|t:|1611341828
|switch|p2a: Peter|Corviknight, F|71/100 brn
|-ability|p2a: Peter|Pressure
|switch|p1a: Corviknight|Corviknight, F|85/100
|-ability|p1a: Corviknight|Pressure
|
|-damage|p2a: Peter|64/100 brn|[from] brn
|upkeep
|turn|213
|l| Akoof
|
|t:|1611341837
|switch|p2a: Stone Butch|Ferrothorn, F|88/100 brn
|switch|p1a: Slowking|Slowking-Galar, M|74/100
|-damage|p1a: Slowking|62/100|[from] Spikes
|
|-damage|p2a: Stone Butch|82/100 brn|[from] brn
|upkeep
|turn|214
|
|t:|1611341846
|move|p1a: Slowking|Flamethrower|p2a: Stone Butch
|-supereffective|p2a: Stone Butch
|-damage|p2a: Stone Butch|4/100 brn
|move|p2a: Stone Butch|Knock Off|p1a: Slowking
|-supereffective|p1a: Slowking
|-damage|p1a: Slowking|39/100
|-enditem|p1a: Slowking|Assault Vest|[from] move: Knock Off|[of] p2a: Stone Butch
|
|-damage|p2a: Stone Butch|0 fnt|[from] brn
|faint|p2a: Stone Butch
|upkeep
|c|☆X-Wing Fighter|2 mons down
|c|☆X-Wing Fighter|now gg?
|c| GeoJumper0001|and only 214 turns in
|inactive|HannahHeliolisk has 90 seconds left.
|
|t:|1611341865
|switch|p2a: transgender|Sylveon, F|100/100
|turn|215
|
|t:|1611341869
|switch|p1a: Blissey|Blissey, F|68/100
|-damage|p1a: Blissey|55/100|[from] Spikes
|move|p2a: transgender|Hyper Voice|p1a: Blissey
|-damage|p1a: Blissey|40/100
|
|upkeep
|turn|216
|
|t:|1611341874
|move|p2a: transgender|Wish|p2a: transgender
|move|p1a: Blissey|Soft-Boiled|p1a: Blissey
|-heal|p1a: Blissey|90/100
|
|upkeep
|turn|217
|
|t:|1611341881
|switch|p2a: Hippowdon|Hippowdon, F|62/100 brn
|-weather|Sandstorm|[from] ability: Sand Stream|[of] p2a: Hippowdon
|move|p1a: Blissey|Seismic Toss|p2a: Hippowdon
|-damage|p2a: Hippowdon|38/100 brn
|
|-weather|Sandstorm|[upkeep]
|-damage|p1a: Blissey|84/100|[from] Sandstorm
|-heal|p2a: Hippowdon|85/100 brn|[from] move: Wish|[wisher] transgender
|-damage|p2a: Hippowdon|79/100 brn|[from] brn
|upkeep
|turn|218
|
|t:|1611341886
|move|p1a: Blissey|Stealth Rock|p2a: Hippowdon
|-sidestart|p2: HannahHeliolisk|move: Stealth Rock
|move|p2a: Hippowdon|Stealth Rock|p1a: Blissey
|-sidestart|p1: X-Wing Fighter|move: Stealth Rock
|
|-weather|Sandstorm|[upkeep]
|-damage|p1a: Blissey|78/100|[from] Sandstorm
|-damage|p2a: Hippowdon|72/100 brn|[from] brn
|upkeep
|turn|219
|
|t:|1611341892
|move|p1a: Blissey|Seismic Toss|p2a: Hippowdon
|-damage|p2a: Hippowdon|49/100 brn
|move|p2a: Hippowdon|Whirlwind|p1a: Blissey
|drag|p1a: Slowking|Slowking-Galar, M|72/100
|-damage|p1a: Slowking|60/100|[from] Spikes
|-damage|p1a: Slowking|47/100|[from] Stealth Rock
|
|-weather|Sandstorm|[upkeep]
|-damage|p1a: Slowking|41/100|[from] Sandstorm
|-damage|p2a: Hippowdon|42/100 brn|[from] brn
|upkeep
|turn|220
|
|t:|1611341899
|switch|p1a: Blissey|Blissey, F|78/100
|-damage|p1a: Blissey|65/100|[from] Spikes
|-damage|p1a: Blissey|53/100|[from] Stealth Rock
|move|p2a: Hippowdon|Slack Off|p2a: Hippowdon
|-heal|p2a: Hippowdon|92/100 brn
|
|-weather|Sandstorm|[upkeep]
|-damage|p1a: Blissey|47/100|[from] Sandstorm
|-damage|p2a: Hippowdon|86/100 brn|[from] brn
|upkeep
|turn|221
|
|t:|1611341908
|switch|p2a: Peter|Corviknight, F|64/100 brn
|-damage|p2a: Peter|52/100 brn|[from] Stealth Rock
|-ability|p2a: Peter|Pressure
|move|p1a: Blissey|Soft-Boiled|p1a: Blissey
|-heal|p1a: Blissey|97/100
|
|-weather|none
|-damage|p2a: Peter|46/100 brn|[from] brn
|upkeep
|turn|222
|c| GeoJumper0001|dude if I had to fight either of these teams, I'd have forfeited forever ago
|inactive|X-Wing Fighter has 90 seconds left.
|
|t:|1611341921
|switch|p1a: Clefable|Clefable, F|88/100
|-damage|p1a: Clefable|76/100|[from] Spikes
|-damage|p1a: Clefable|63/100|[from] Stealth Rock
|move|p2a: Peter|Roost|p2a: Peter
|-heal|p2a: Peter|96/100 brn
|-singleturn|p2a: Peter|move: Roost
|
|-damage|p2a: Peter|90/100 brn|[from] brn
|upkeep
|turn|223
|
|t:|1611341931
|switch|p2a: transgender|Sylveon, F|100/100
|-damage|p2a: transgender|88/100|[from] Stealth Rock
|switch|p1a: Toxapex|Toxapex, M|100/100
|-damage|p1a: Toxapex|88/100|[from] Spikes
|-damage|p1a: Toxapex|75/100|[from] Stealth Rock
|
|upkeep
|turn|224
|inactive|X-Wing Fighter has 90 seconds left.
|inactive|HannahHeliolisk has 90 seconds left.
|
|t:|1611341944
|switch|p2a: Hippowdon|Hippowdon, F|86/100 brn
|-damage|p2a: Hippowdon|80/100 brn|[from] Stealth Rock
|-weather|Sandstorm|[from] ability: Sand Stream|[of] p2a: Hippowdon
|move|p1a: Toxapex|Toxic Spikes|p2a: Hippowdon
|-sidestart|p2: HannahHeliolisk|move: Toxic Spikes
|
|-weather|Sandstorm|[upkeep]
|-damage|p1a: Toxapex|69/100|[from] Sandstorm
|-damage|p2a: Hippowdon|74/100 brn|[from] brn
|upkeep
|turn|225
|inactive|X-Wing Fighter has 90 seconds left.
|c|☆X-Wing Fighter|i won long time back
|c|☆X-Wing Fighter|hes just dragging it
|c|☆HannahHeliolisk|she*
|c|☆X-Wing Fighter|or she
|l| DratiniHadItComing
|c|☆HannahHeliolisk|and i think its fun to play it out
|c|☆X-Wing Fighter|my b
|c|☆X-Wing Fighter|ur insane
|inactive|X-Wing Fighter has 60 seconds left.
|
|t:|1611341979
|move|p2a: Hippowdon|Slack Off|p2a: Hippowdon
|-heal|p2a: Hippowdon|100/100 brn
|move|p1a: Toxapex|Toxic Spikes|p2a: Hippowdon
|-sidestart|p2: HannahHeliolisk|move: Toxic Spikes
|
|-weather|Sandstorm|[upkeep]
|-damage|p1a: Toxapex|63/100|[from] Sandstorm
|-damage|p2a: Hippowdon|94/100 brn|[from] brn
|upkeep
|turn|226
|
|t:|1611341993
|move|p2a: Hippowdon|Stealth Rock||[still]
|-fail|p2a: Hippowdon
|move|p1a: Toxapex|Recover|p1a: Toxapex
|-heal|p1a: Toxapex|100/100
|
|-weather|Sandstorm|[upkeep]
|-damage|p1a: Toxapex|94/100|[from] Sandstorm
|-damage|p2a: Hippowdon|88/100 brn|[from] brn
|upkeep
|turn|227
|c|☆HannahHeliolisk|but yeah i rly kneecapped myself getting killed by future sight
|
|t:|1611342006
|move|p2a: Hippowdon|Stealth Rock||[still]
|-fail|p2a: Hippowdon
|move|p1a: Toxapex|Scald|p2a: Hippowdon
|-supereffective|p2a: Hippowdon
|-damage|p2a: Hippowdon|65/100 brn
|
|-weather|Sandstorm|[upkeep]
|-damage|p1a: Toxapex|88/100|[from] Sandstorm
|-damage|p2a: Hippowdon|59/100 brn|[from] brn
|upkeep
|turn|228
|
|t:|1611342012
|switch|p2a: Peter|Corviknight, F|90/100 brn
|-damage|p2a: Peter|77/100 brn|[from] Stealth Rock
|-ability|p2a: Peter|Pressure
|move|p1a: Toxapex|Knock Off|p2a: Peter
|-damage|p2a: Peter|70/100 brn
|
|-weather|none
|-damage|p2a: Peter|63/100 brn|[from] brn
|upkeep
|turn|229
|
|t:|1611342019
|switch|p1a: Corviknight|Corviknight, F|85/100
|-damage|p1a: Corviknight|72/100|[from] Stealth Rock
|-ability|p1a: Corviknight|Pressure
|move|p2a: Peter|Brave Bird|p1a: Corviknight
|-resisted|p1a: Corviknight
|-crit|p1a: Corviknight
|-damage|p1a: Corviknight|63/100
|-damage|p2a: Peter|60/100 brn|[from] Recoil
|
|-damage|p2a: Peter|54/100 brn|[from] brn
|upkeep
|turn|230
|
|t:|1611342039
|move|p2a: Peter|Body Press|p1a: Corviknight
|-damage|p1a: Corviknight|55/100
|move|p1a: Corviknight|Roost|p1a: Corviknight
|-heal|p1a: Corviknight|100/100
|-singleturn|p1a: Corviknight|move: Roost
|
|-damage|p2a: Peter|47/100 brn|[from] brn
|upkeep
|turn|231
|j| emantkd
|
|t:|1611342049
|switch|p1a: Toxapex|Toxapex, M|100/100
|-damage|p1a: Toxapex|88/100|[from] Spikes
|-damage|p1a: Toxapex|75/100|[from] Stealth Rock
|move|p2a: Peter|Roost|p2a: Peter
|-heal|p2a: Peter|98/100 brn
|-singleturn|p2a: Peter|move: Roost
|
|-damage|p2a: Peter|91/100 brn|[from] brn
|upkeep
|turn|232
|
|t:|1611342056
|switch|p2a: Hippowdon|Hippowdon, F|59/100 brn
|-damage|p2a: Hippowdon|52/100 brn|[from] Stealth Rock
|-weather|Sandstorm|[from] ability: Sand Stream|[of] p2a: Hippowdon
|move|p1a: Toxapex|Knock Off|p2a: Hippowdon
|-damage|p2a: Hippowdon|45/100 brn
|
|-weather|Sandstorm|[upkeep]
|-damage|p1a: Toxapex|69/100|[from] Sandstorm
|-damage|p2a: Hippowdon|38/100 brn|[from] brn
|upkeep
|turn|233
|inactive|X-Wing Fighter has 30 seconds left.
|l| emantkd
|inactive|X-Wing Fighter has 20 seconds left.
|inactive|X-Wing Fighter has 15 seconds left.
|inactive|X-Wing Fighter has 10 seconds left.
|
|t:|1611342088
|switch|p1a: Clefable|Clefable, F|63/100
|-damage|p1a: Clefable|51/100|[from] Stealth Rock
|-damage|p1a: Clefable|39/100|[from] Spikes
|move|p2a: Hippowdon|Slack Off|p2a: Hippowdon
|-heal|p2a: Hippowdon|88/100 brn
|
|-weather|Sandstorm|[upkeep]
|-damage|p1a: Clefable|32/100|[from] Sandstorm
|-damage|p2a: Hippowdon|82/100 brn|[from] brn
|upkeep
|turn|234
|inactive|X-Wing Fighter has 10 seconds left this turn.
|inactive|HannahHeliolisk has 60 seconds left.
|
|t:|1611342099
|move|p1a: Clefable|Soft-Boiled|p1a: Clefable
|-heal|p1a: Clefable|82/100
|move|p2a: Hippowdon|Whirlwind|p1a: Clefable
|drag|p1a: Slowking|Slowking-Galar, M|75/100
|-damage|p1a: Slowking|62/100|[from] Stealth Rock
|-damage|p1a: Slowking|50/100|[from] Spikes
|
|-weather|Sandstorm|[upkeep]
|-damage|p1a: Slowking|44/100|[from] Sandstorm
|-damage|p2a: Hippowdon|76/100 brn|[from] brn
|upkeep
|turn|235
|inactive|X-Wing Fighter has 15 seconds left this turn.
|inactive|X-Wing Fighter has 10 seconds left.
|inactive|HannahHeliolisk has 60 seconds left.
|
|t:|1611342107
|switch|p2a: Peter|Corviknight, F|91/100 brn
|-damage|p2a: Peter|79/100 brn|[from] Stealth Rock
|-ability|p2a: Peter|Pressure
|switch|p1a: Corviknight|Corviknight, F|100/100
|-damage|p1a: Corviknight|88/100|[from] Stealth Rock
|-ability|p1a: Corviknight|Pressure
|
|-weather|Sandstorm|[upkeep]
|-damage|p2a: Peter|73/100 brn|[from] brn
|upkeep
|turn|236
|inactive|X-Wing Fighter has 10 seconds left this turn.
|
|t:|1611342113
|switch|p2a: Hippowdon|Hippowdon, F|76/100 brn
|-damage|p2a: Hippowdon|70/100 brn|[from] Stealth Rock
|move|p1a: Corviknight|Defog|p2a: Hippowdon
|-unboost|p2a: Hippowdon|evasion|1
|-sideend|p2: HannahHeliolisk|Toxic Spikes|[from] move: Defog|[of] p1a: Corviknight
|-sideend|p2: HannahHeliolisk|Stealth Rock|[from] move: Defog|[of] p1a: Corviknight
|-sideend|p1: X-Wing Fighter|Spikes|[from] move: Defog|[of] p1a: Corviknight
|-sideend|p1: X-Wing Fighter|Stealth Rock|[from] move: Defog|[of] p1a: Corviknight
|
|-weather|none
|-damage|p2a: Hippowdon|64/100 brn|[from] brn
|upkeep
|turn|237
|inactive|X-Wing Fighter has 15 seconds left this turn.
|
|t:|1611342116
|switch|p1a: Blissey|Blissey, F|97/100
|move|p2a: Hippowdon|Stealth Rock|p1a: Blissey
|-sidestart|p1: X-Wing Fighter|move: Stealth Rock
|
|-damage|p2a: Hippowdon|57/100 brn|[from] brn
|upkeep
|turn|238
|inactive|X-Wing Fighter has 15 seconds left this turn.
|
|t:|1611342121
|move|p1a: Blissey|Stealth Rock|p2a: Hippowdon
|-sidestart|p2: HannahHeliolisk|move: Stealth Rock
|move|p2a: Hippowdon|Whirlwind|p1a: Blissey
|drag|p1a: Garchomp|Garchomp, F|97/100
|-damage|p1a: Garchomp|90/100|[from] Stealth Rock
|
|-heal|p1a: Garchomp|97/100|[from] item: Leftovers
|-damage|p2a: Hippowdon|51/100 brn|[from] brn
|upkeep
|turn|239
|inactive|X-Wing Fighter has 20 seconds left this turn.
|
|t:|1611342125
|move|p1a: Garchomp|Swords Dance|p1a: Garchomp
|-boost|p1a: Garchomp|atk|2
|move|p2a: Hippowdon|Slack Off|p2a: Hippowdon
|-heal|p2a: Hippowdon|100/100 brn
|
|-heal|p1a: Garchomp|100/100|[from] item: Leftovers
|-damage|p2a: Hippowdon|94/100 brn|[from] brn
|upkeep
|turn|240
|inactive|X-Wing Fighter has 20 seconds left this turn.
|
|t:|1611342128
|move|p1a: Garchomp|Earthquake|p2a: Hippowdon
|-damage|p2a: Hippowdon|23/100 brn
|move|p2a: Hippowdon|Whirlwind|p1a: Garchomp
|drag|p1a: Slowking|Slowking-Galar, M|77/100
|-damage|p1a: Slowking|64/100|[from] Stealth Rock
|
|-damage|p2a: Hippowdon|17/100 brn|[from] brn
|upkeep
|turn|241
|inactive|X-Wing Fighter has 25 seconds left this turn.
|l| Suzize
|
|t:|1611342132
|move|p2a: Hippowdon|Slack Off|p2a: Hippowdon
|-heal|p2a: Hippowdon|67/100 brn
|move|p1a: Slowking|Future Sight|p2a: Hippowdon
|-start|p1a: Slowking|move: Future Sight
|
|-damage|p2a: Hippowdon|61/100 brn|[from] brn
|upkeep
|turn|242
|inactive|X-Wing Fighter has 25 seconds left this turn.
|c| GeoJumper0001|y'all this is a tournament battle people are waiting for this to end lmao
|inactive|X-Wing Fighter has 20 seconds left.
|inactive|HannahHeliolisk has 60 seconds left.
|
|t:|1611342142
|switch|p2a: transgender|Sylveon, F|88/100
|-damage|p2a: transgender|76/100|[from] Stealth Rock
|switch|p1a: Garchomp|Garchomp, F|100/100
|-damage|p1a: Garchomp|94/100|[from] Stealth Rock
|
|-heal|p1a: Garchomp|100/100|[from] item: Leftovers
|upkeep
|turn|243
|inactive|X-Wing Fighter has 25 seconds left this turn.
|
|t:|1611342147
|switch|p1a: Toxapex|Toxapex, M|100/100
|-damage|p1a: Toxapex|88/100|[from] Stealth Rock
|move|p2a: transgender|Hyper Voice|p1a: Toxapex
|-resisted|p1a: Toxapex
|-damage|p1a: Toxapex|73/100
|
|-end|p2a: transgender|move: Future Sight
|-damage|p2a: transgender|51/100
|upkeep
|turn|244
|inactive|X-Wing Fighter has 25 seconds left this turn.
|inactive|X-Wing Fighter has 20 seconds left.
|
|t:|1611342152
|move|p2a: transgender|Wish|p2a: transgender
|move|p1a: Toxapex|Toxic Spikes|p2a: transgender
|-sidestart|p2: HannahHeliolisk|move: Toxic Spikes
|
|upkeep
|turn|245
|inactive|X-Wing Fighter has 25 seconds left this turn.
|
|t:|1611342157
|move|p2a: transgender|Mystical Fire|p1a: Toxapex
|-resisted|p1a: Toxapex
|-damage|p1a: Toxapex|65/100
|-unboost|p1a: Toxapex|spa|1
|move|p1a: Toxapex|Scald|p2a: transgender
|-damage|p2a: transgender|45/100
|
|-heal|p2a: transgender|95/100|[from] move: Wish|[wisher] transgender
|upkeep
|turn|246
|inactive|X-Wing Fighter has 25 seconds left this turn.
|inactive|HannahHeliolisk has 60 seconds left.
|
|t:|1611342162
|move|p2a: transgender|Protect|p2a: transgender
|-singleturn|p2a: transgender|Protect
|move|p1a: Toxapex|Knock Off|p2a: transgender
|-activate|p2a: transgender|move: Protect
|
|upkeep
|turn|247
|inactive|X-Wing Fighter has 30 seconds left this turn.
|
|t:|1611342166
|switch|p1a: Slowking|Slowking-Galar, M|98/100
|-damage|p1a: Slowking|85/100|[from] Stealth Rock
|move|p2a: transgender|Protect||[still]
|-fail|p2a: transgender
|
|upkeep
|turn|248
|inactive|X-Wing Fighter has 30 seconds left this turn.
|inactive|HannahHeliolisk has 60 seconds left.
|
|t:|1611342171
|move|p2a: transgender|Mystical Fire|p1a: Slowking
|-crit|p1a: Slowking
|-damage|p1a: Slowking|69/100
|-unboost|p1a: Slowking|spa|1
|move|p1a: Slowking|Flamethrower|p2a: transgender
|-crit|p2a: transgender
|-damage|p2a: transgender|77/100
|
|upkeep
|turn|249
|inactive|HannahHeliolisk has 60 seconds left.
|
|t:|1611342177
|move|p2a: transgender|Hyper Voice|p1a: Slowking
|-resisted|p1a: Slowking
|-damage|p1a: Slowking|56/100
|move|p1a: Slowking|Sludge Bomb|p2a: transgender
|-supereffective|p2a: transgender
|-damage|p2a: transgender|55/100
|-status|p2a: transgender|psn
|
|-damage|p2a: transgender|43/100 psn|[from] psn
|upkeep
|turn|250
|
|t:|1611342181
|move|p2a: transgender|Mystical Fire|p1a: Slowking
|-damage|p1a: Slowking|45/100
|-unboost|p1a: Slowking|spa|1
|move|p1a: Slowking|Future Sight|p2a: transgender
|-start|p1a: Slowking|move: Future Sight
|
|-damage|p2a: transgender|30/100 psn|[from] psn
|upkeep
|turn|251
|
|t:|1611342184
|move|p2a: transgender|Wish|p2a: transgender
|move|p1a: Slowking|Sludge Bomb|p2a: transgender
|-supereffective|p2a: transgender
|-damage|p2a: transgender|10/100 psn
|
|-damage|p2a: transgender|0 fnt|[from] psn
|faint|p2a: transgender
|upkeep
|
|t:|1611342188
|switch|p2a: Stone Femme|Excadrill, F|27/100 brn
|-damage|p2a: Stone Femme|24/100 brn|[from] Stealth Rock
|turn|252
|
|t:|1611342193
|switch|p1a: Corviknight|Corviknight, F|88/100
|-damage|p1a: Corviknight|75/100|[from] Stealth Rock
|-ability|p1a: Corviknight|Pressure
|move|p2a: Stone Femme|Swords Dance|p2a: Stone Femme
|-boost|p2a: Stone Femme|atk|2
|
|-end|p2a: Stone Femme|move: Future Sight
|-resisted|p2a: Stone Femme
|-damage|p2a: Stone Femme|0 fnt
|faint|p2a: Stone Femme
|upkeep
|inactive|HannahHeliolisk has 60 seconds left.
|c|☆HannahHeliolisk|i didnt know future sight hits before wish
|
|t:|1611342207
|switch|p2a: Peter|Corviknight, F|73/100 brn
|-damage|p2a: Peter|60/100 brn|[from] Stealth Rock
|-ability|p2a: Peter|Pressure
|turn|253
|
|t:|1611342213
|switch|p1a: Slowking|Slowking-Galar, M|78/100
|-damage|p1a: Slowking|65/100|[from] Stealth Rock
|move|p2a: Peter|Roost|p2a: Peter
|-heal|p2a: Peter|100/100 brn
|-singleturn|p2a: Peter|move: Roost
|
|-damage|p2a: Peter|94/100 brn|[from] brn
|upkeep
|turn|254
|
|t:|1611342218
|switch|p2a: Hippowdon|Hippowdon, F|61/100 brn
|-damage|p2a: Hippowdon|55/100 brn|[from] Stealth Rock
|-weather|Sandstorm|[from] ability: Sand Stream|[of] p2a: Hippowdon
|move|p1a: Slowking|Flamethrower|p2a: Hippowdon
|-damage|p2a: Hippowdon|37/100 brn
|
|-weather|Sandstorm|[upkeep]
|-damage|p1a: Slowking|59/100|[from] Sandstorm
|-damage|p2a: Hippowdon|31/100 brn|[from] brn
|upkeep
|turn|255
|
|t:|1611342223
|switch|p1a: Garchomp|Garchomp, F|100/100
|-damage|p1a: Garchomp|94/100|[from] Stealth Rock
|move|p2a: Hippowdon|Whirlwind|p1a: Garchomp
|drag|p1a: Corviknight|Corviknight, F|75/100
|-damage|p1a: Corviknight|63/100|[from] Stealth Rock
|-ability|p1a: Corviknight|Pressure
|
|-weather|Sandstorm|[upkeep]
|-damage|p2a: Hippowdon|25/100 brn|[from] brn
|upkeep
|turn|256
|
|t:|1611342227
|move|p1a: Corviknight|Brave Bird|p2a: Hippowdon
|-damage|p2a: Hippowdon|0 fnt
|-damage|p1a: Corviknight|54/100|[from] Recoil
|faint|p2a: Hippowdon
|
|-weather|Sandstorm|[upkeep]
|upkeep
|
|t:|1611342231
|switch|p2a: Peter|Corviknight, F|94/100 brn
|-damage|p2a: Peter|82/100 brn|[from] Stealth Rock
|-ability|p2a: Peter|Pressure
|turn|257
|
|t:|1611342235
|move|p2a: Peter|Body Press|p1a: Corviknight
|-damage|p1a: Corviknight|45/100
|move|p1a: Corviknight|Roost|p1a: Corviknight
|-heal|p1a: Corviknight|95/100
|-singleturn|p1a: Corviknight|move: Roost
|
|-weather|Sandstorm|[upkeep]
|-damage|p2a: Peter|76/100 brn|[from] brn
|upkeep
|turn|258
|
|t:|1611342240
|switch|p1a: Blissey|Blissey, F|97/100
|-damage|p1a: Blissey|84/100|[from] Stealth Rock
|move|p2a: Peter|Body Press|p1a: Blissey
|-supereffective|p1a: Blissey
|-damage|p1a: Blissey|60/100
|
|-weather|none
|-damage|p2a: Peter|69/100 brn|[from] brn
|upkeep
|turn|259
|c|☆HannahHeliolisk|gg
|
|t:|1611342246
|switch|p1a: Toxapex|Toxapex, M|98/100
|-damage|p1a: Toxapex|86/100|[from] Stealth Rock
|move|p2a: Peter|Body Press|p1a: Toxapex
|-resisted|p1a: Toxapex
|-damage|p1a: Toxapex|82/100
|
|-damage|p2a: Peter|63/100 brn|[from] brn
|upkeep
|turn|260
|c|☆X-Wing Fighter|gg
|c|☆HannahHeliolisk|god i wish i didnt choke, even if i still wouldve lost
|inactive|HannahHeliolisk has 60 seconds left.
|-message|HannahHeliolisk forfeited.
|c|☆X-Wing Fighter|almost timed out
|
|win|X-Wing Fighter
|n|☆X-Wing Fighter|xwingfighter
|n|☆HannahHeliolisk|hannahheliolisk
|n|*Lady Monita|ladymonita
|n| AgentFH2O|agentfh2o
|n| GeoJumper0001|geojumper0001
|n| hunkrulez777❄|hunkrulez777
|l|*Lady Monita
|l|☆HannahHeliolisk
|c|☆X-Wing Fighter|holy shit
