|j|☆mister_ttar
|j|☆Chikami
|t:|1650762219
|gametype|singles
|player|p1|mister_ttar|102|1702
|player|p2|Chikami|nate|1732
|teamsize|p1|6
|teamsize|p2|6
|gen|8
|tier|[Gen 8] OU
|rated|
|rule|Sleep Clause Mod: Limit one foe put to sleep
|rule|Species Clause: Limit one of each Pokémon
|rule|OHKO Clause: OHKO moves are banned
|rule|Evasion Moves Clause: Evasion moves are banned
|rule|Endless Battle Clause: Forcing endless battles is banned
|rule|HP Percentage Mod: HP is shown in percentages
|rule|Dynamax Clause: You cannot dynamax
|clearpoke
|poke|p1|Tyrantrum, F|
|poke|p1|Ferrothorn, F|
|poke|p1|Jirachi|
|poke|p1|Regieleki|
|poke|p1|Dragapult, F|
|poke|p1|Landorus-Therian, M|
|poke|p2|Garchomp, F|
|poke|p2|Ferrothorn, F|
|poke|p2|Heatran, M|
|poke|p2|Clefable, M|
|poke|p2|Aegislash, F|
|poke|p2|Tapu Koko|
|teampreview
|
|t:|1650762245
|start
|switch|p1a: Jirachi|Jirachi|100/100
|switch|p2a: Garchomp|Garchomp, F|100/100
|turn|1
|inactive|Battle timer is ON: inactive players will automatically lose when time's up. (requested by Chikami)
|
|t:|1650762253
|move|p1a: Jirachi|Psychic|p2a: Garchomp
|-damage|p2a: Garchomp|43/100
|move|p2a: Garchomp|Stealth Rock|p1a: Jirachi
|-sidestart|p1: mister_ttar|move: Stealth Rock
|
|upkeep
|turn|2
|
|t:|1650762263
|switch|p1a: Landorus|Landorus-Therian, M|100/100
|-damage|p1a: Landorus|88/100|[from] Stealth Rock
|-ability|p1a: Landorus|Intimidate|boost
|-unboost|p2a: Garchomp|atk|1
|switch|p2a: Heatran|Heatran, M|100/100
|
|-heal|p1a: Landorus|94/100|[from] item: Leftovers
|upkeep
|turn|3
|
|t:|1650762272
|switch|p2a: Ferrothorn|Ferrothorn, F|100/100
|move|p1a: Landorus|Stealth Rock|p2a: Ferrothorn
|-sidestart|p2: Chikami|move: Stealth Rock
|
|-heal|p1a: Landorus|99/100|[from] item: Leftovers
|upkeep
|turn|4
|
|t:|1650762283
|switch|p1a: Ferrothorn|Ferrothorn, F|100/100
|-damage|p1a: Ferrothorn|94/100|[from] Stealth Rock
|move|p2a: Ferrothorn|Knock Off|p1a: Ferrothorn
|-damage|p1a: Ferrothorn|81/100
|-damage|p2a: Ferrothorn|88/100|[from] ability: Iron Barbs|[of] p1a: Ferrothorn
|-enditem|p1a: Ferrothorn|Leftovers|[from] move: Knock Off|[of] p2a: Ferrothorn
|
|-heal|p2a: Ferrothorn|94/100|[from] item: Leftovers
|upkeep
|turn|5
|
|t:|1650762291
|move|p1a: Ferrothorn|Spikes|p2a: Ferrothorn
|-sidestart|p2: Chikami|Spikes
|move|p2a: Ferrothorn|Spikes|p1a: Ferrothorn
|-sidestart|p1: mister_ttar|Spikes
|
|-heal|p2a: Ferrothorn|100/100|[from] item: Leftovers
|upkeep
|turn|6
|
|t:|1650762296
|move|p1a: Ferrothorn|Iron Defense|p1a: Ferrothorn
|-boost|p1a: Ferrothorn|def|2
|move|p2a: Ferrothorn|Spikes|p1a: Ferrothorn
|-sidestart|p1: mister_ttar|Spikes
|
|upkeep
|turn|7
|
|t:|1650762300
|move|p1a: Ferrothorn|Spikes|p2a: Ferrothorn
|-sidestart|p2: Chikami|Spikes
|move|p2a: Ferrothorn|Spikes|p1a: Ferrothorn
|-sidestart|p1: mister_ttar|Spikes
|
|upkeep
|turn|8
|
|t:|1650762307
|move|p1a: Ferrothorn|Spikes|p2a: Ferrothorn
|-sidestart|p2: Chikami|Spikes
|move|p2a: Ferrothorn|Body Press|p1a: Ferrothorn
|-supereffective|p1a: Ferrothorn
|-damage|p1a: Ferrothorn|65/100
|-damage|p2a: Ferrothorn|88/100|[from] ability: Iron Barbs|[of] p1a: Ferrothorn
|
|-heal|p2a: Ferrothorn|94/100|[from] item: Leftovers
|upkeep
|turn|9
|
|t:|1650762320
|move|p1a: Ferrothorn|Body Press|p2a: Ferrothorn
|-supereffective|p2a: Ferrothorn
|-damage|p2a: Ferrothorn|17/100
|-damage|p1a: Ferrothorn|52/100|[from] ability: Iron Barbs|[of] p2a: Ferrothorn
|move|p2a: Ferrothorn|Body Press|p1a: Ferrothorn
|-supereffective|p1a: Ferrothorn
|-damage|p1a: Ferrothorn|34/100
|-damage|p2a: Ferrothorn|4/100|[from] ability: Iron Barbs|[of] p1a: Ferrothorn
|
|-heal|p2a: Ferrothorn|11/100|[from] item: Leftovers
|upkeep
|turn|10
|
|t:|1650762329
|move|p1a: Ferrothorn|Body Press|p2a: Ferrothorn
|-supereffective|p2a: Ferrothorn
|-damage|p2a: Ferrothorn|0 fnt
|-damage|p1a: Ferrothorn|21/100|[from] ability: Iron Barbs|[of] p2a: Ferrothorn
|faint|p2a: Ferrothorn
|
|upkeep
|
|t:|1650762353
|switch|p2a: Clefable|Clefable, M|100/100
|turn|11
|j| PorQueJuegoTanMal
|
|t:|1650762364
|move|p2a: Clefable|Flamethrower|p1a: Ferrothorn
|-supereffective|p1a: Ferrothorn
|-crit|p1a: Ferrothorn
|-damage|p1a: Ferrothorn|0 fnt
|faint|p1a: Ferrothorn
|
|upkeep
|
|t:|1650762371
|switch|p1a: Jirachi|Jirachi|100/100
|-damage|p1a: Jirachi|76/100|[from] Spikes
|-damage|p1a: Jirachi|69/100|[from] Stealth Rock
|turn|12
|
|t:|1650762382
|switch|p2a: Heatran|Heatran, M|100/100
|-damage|p2a: Heatran|76/100|[from] Spikes
|-damage|p2a: Heatran|63/100|[from] Stealth Rock
|move|p1a: Jirachi|Doom Desire|p2a: Heatran
|-start|p1a: Jirachi|Doom Desire
|
|-heal|p2a: Heatran|69/100|[from] item: Leftovers
|upkeep
|turn|13
|
|t:|1650762390
|switch|p1a: Landorus|Landorus-Therian, M|99/100
|-damage|p1a: Landorus|88/100|[from] Stealth Rock
|-ability|p1a: Landorus|Intimidate|boost
|-unboost|p2a: Heatran|atk|1
|move|p2a: Heatran|Magma Storm|p1a: Landorus|[miss]
|-miss|p2a: Heatran|p1a: Landorus
|
|-heal|p1a: Landorus|94/100|[from] item: Leftovers
|-heal|p2a: Heatran|76/100|[from] item: Leftovers
|upkeep
|turn|14
|
|t:|1650762401
|switch|p2a: Garchomp|Garchomp, F|43/100
|-damage|p2a: Garchomp|18/100|[from] Spikes
|-damage|p2a: Garchomp|11/100|[from] Stealth Rock
|move|p1a: Landorus|Earthquake|p2a: Garchomp
|-damage|p2a: Garchomp|0 fnt
|faint|p2a: Garchomp
|
|-hint|Doom Desire did not hit because the target is fainted.
|-heal|p1a: Landorus|99/100|[from] item: Leftovers
|upkeep
|j| Jelly cookie
|
|t:|1650762419
|switch|p2a: Clefable|Clefable, M|100/100
|turn|15
|
|t:|1650762423
|move|p1a: Landorus|Earthquake|p2a: Clefable
|-damage|p2a: Clefable|65/100
|move|p2a: Clefable|Calm Mind|p2a: Clefable
|-boost|p2a: Clefable|spa|1
|-boost|p2a: Clefable|spd|1
|
|-heal|p1a: Landorus|100/100|[from] item: Leftovers
|upkeep
|turn|16
|
|t:|1650762432
|move|p1a: Landorus|Earthquake|p2a: Clefable
|-damage|p2a: Clefable|23/100
|move|p2a: Clefable|Soft-Boiled|p2a: Clefable
|-heal|p2a: Clefable|73/100
|
|upkeep
|turn|17
|
|t:|1650762439
|switch|p1a: Regieleki|Regieleki|100/100
|move|p2a: Clefable|Soft-Boiled|p2a: Clefable
|-heal|p2a: Clefable|100/100
|
|upkeep
|turn|18
|j| DcMarvelAnimeFan
|j| ThisIsntHilarious
|inactive|Chikami has 120 seconds left.
|
|t:|1650762470
|switch|p2a: Aegislash|Aegislash, F|100/100
|-damage|p2a: Aegislash|94/100|[from] Stealth Rock
|-damage|p2a: Aegislash|69/100|[from] Spikes
|move|p1a: Regieleki|Rapid Spin|p2a: Aegislash
|-immune|p2a: Aegislash
|
|-heal|p2a: Aegislash|75/100|[from] item: Leftovers
|upkeep
|turn|19
|
|t:|1650762479
|move|p2a: Aegislash|King's Shield|p2a: Aegislash
|-singleturn|p2a: Aegislash|Protect
|move|p1a: Regieleki|Volt Switch|p2a: Aegislash
|-activate|p2a: Aegislash|move: Protect
|
|-heal|p2a: Aegislash|82/100|[from] item: Leftovers
|upkeep
|turn|20
|
|t:|1650762490
|move|p1a: Regieleki|Volt Switch|p2a: Aegislash
|-damage|p2a: Aegislash|49/100
|
|t:|1650762500
|switch|p1a: Landorus|Landorus-Therian, M|100/100|[from]move: Volt Switch
|-damage|p1a: Landorus|88/100|[from] Stealth Rock
|-ability|p1a: Landorus|Intimidate|boost
|-unboost|p2a: Aegislash|atk|1
|move|p2a: Aegislash|Toxic|p1a: Landorus
|-status|p1a: Landorus|tox
|
|-heal|p1a: Landorus|94/100 tox|[from] item: Leftovers
|-heal|p2a: Aegislash|55/100|[from] item: Leftovers
|-damage|p1a: Landorus|88/100 tox|[from] psn
|upkeep
|turn|21
|
|t:|1650762515
|switch|p1a: Regieleki|Regieleki|100/100
|move|p2a: Aegislash|King's Shield||[still]
|-fail|p2a: Aegislash
|
|-heal|p2a: Aegislash|62/100|[from] item: Leftovers
|upkeep
|turn|22
|j| ppev
|
|t:|1650762533
|move|p1a: Regieleki|Electro Ball|p2a: Aegislash
|-damage|p2a: Aegislash|3/100
|-formechange|p2a: Aegislash|Aegislash-Blade||[from] ability: Stance Change
|move|p2a: Aegislash|Shadow Ball|p1a: Regieleki
|-crit|p1a: Regieleki
|-damage|p1a: Regieleki|0 fnt
|faint|p1a: Regieleki
|
|-heal|p2a: Aegislash|9/100|[from] item: Leftovers
|upkeep
|inactive|mister_ttar has 120 seconds left.
|j| GONKMG
|
|t:|1650762592
|switch|p1a: Dragapult|Dragapult, F|100/100
|-damage|p1a: Dragapult|88/100|[from] Stealth Rock
|-damage|p1a: Dragapult|63/100|[from] Spikes
|turn|23
|
|t:|1650762605
|move|p1a: Dragapult|Shadow Ball|p2a: Aegislash
|-supereffective|p2a: Aegislash
|-damage|p2a: Aegislash|0 fnt
|faint|p2a: Aegislash
|
|upkeep
|inactive|Chikami has 120 seconds left.
|
|t:|1650762626
|switch|p2a: Tapu Koko|Tapu Koko|100/100
|-fieldstart|move: Electric Terrain|[from] ability: Electric Surge|[of] p2a: Tapu Koko
|turn|24
|inactive|Chikami has 120 seconds left.
|
|t:|1650762634
|move|p1a: Dragapult|Shadow Ball|p2a: Tapu Koko
|-damage|p2a: Tapu Koko|28/100
|move|p2a: Tapu Koko|Dazzling Gleam|p1a: Dragapult
|-supereffective|p1a: Dragapult
|-damage|p1a: Dragapult|0 fnt
|faint|p1a: Dragapult
|
|upkeep
|
|t:|1650762642
|switch|p1a: Landorus|Landorus-Therian, M|88/100 tox
|-damage|p1a: Landorus|76/100 tox|[from] Stealth Rock
|-ability|p1a: Landorus|Intimidate|boost
|-unboost|p2a: Tapu Koko|atk|1
|turn|25
|inactive|Chikami has 120 seconds left.
|
|t:|1650762660
|switch|p2a: Heatran|Heatran, M|76/100
|-damage|p2a: Heatran|63/100|[from] Stealth Rock
|-damage|p2a: Heatran|38/100|[from] Spikes
|move|p1a: Landorus|Earthquake|p2a: Heatran
|-supereffective|p2a: Heatran
|-damage|p2a: Heatran|0 fnt
|faint|p2a: Heatran
|
|-heal|p1a: Landorus|82/100 tox|[from] item: Leftovers
|-damage|p1a: Landorus|76/100 tox|[from] psn
|upkeep
|inactive|Chikami has 120 seconds left.
|
|t:|1650762668
|switch|p2a: Clefable|Clefable, M|100/100
|turn|26
|
|t:|1650762675
|switch|p1a: Tyrantrum|Tyrantrum, F|100/100
|-damage|p1a: Tyrantrum|88/100|[from] Stealth Rock
|-damage|p1a: Tyrantrum|63/100|[from] Spikes
|move|p2a: Clefable|Calm Mind|p2a: Clefable
|-boost|p2a: Clefable|spa|1
|-boost|p2a: Clefable|spd|1
|
|upkeep
|turn|27
|l| GONKMG
|
|t:|1650762683
|move|p1a: Tyrantrum|Ice Fang|p2a: Clefable
|-damage|p2a: Clefable|72/100
|move|p2a: Clefable|Moonblast|p1a: Tyrantrum
|-supereffective|p1a: Tyrantrum
|-damage|p1a: Tyrantrum|0 fnt
|faint|p1a: Tyrantrum
|
|upkeep
|j| youhuanbingshi
|
|t:|1650762691
|switch|p1a: Jirachi|Jirachi|69/100
|-damage|p1a: Jirachi|44/100|[from] Spikes
|-damage|p1a: Jirachi|38/100|[from] Stealth Rock
|turn|28
|
|t:|1650762709
|move|p1a: Jirachi|Trick|p2a: Clefable
|-activate|p1a: Jirachi|move: Trick|[of] p2a: Clefable
|-item|p2a: Clefable|Choice Specs|[from] move: Trick
|-item|p1a: Jirachi|Life Orb|[from] move: Trick
|move|p2a: Clefable|Flamethrower|p1a: Jirachi
|-supereffective|p1a: Jirachi
|-damage|p1a: Jirachi|0 fnt
|faint|p1a: Jirachi
|
|-fieldend|move: Electric Terrain
|upkeep
|
|t:|1650762714
|switch|p1a: Landorus|Landorus-Therian, M|76/100 tox
|-damage|p1a: Landorus|63/100 tox|[from] Stealth Rock
|-ability|p1a: Landorus|Intimidate|boost
|-unboost|p2a: Clefable|atk|1
|turn|29
|
|t:|1650762717
|move|p1a: Landorus|Earthquake|p2a: Clefable
|-damage|p2a: Clefable|32/100
|move|p2a: Clefable|Flamethrower|p1a: Landorus
|-damage|p1a: Landorus|32/100 tox
|
|-heal|p1a: Landorus|38/100 tox|[from] item: Leftovers
|-damage|p1a: Landorus|32/100 tox|[from] psn
|upkeep
|turn|30
|
|t:|1650762724
|move|p1a: Landorus|Earthquake|p2a: Clefable
|-damage|p2a: Clefable|0 fnt
|faint|p2a: Clefable
|
|-heal|p1a: Landorus|38/100 tox|[from] item: Leftovers
|-damage|p1a: Landorus|26/100 tox|[from] psn
|upkeep
|
|t:|1650762726
|switch|p2a: Tapu Koko|Tapu Koko|28/100
|-fieldstart|move: Electric Terrain|[from] ability: Electric Surge|[of] p2a: Tapu Koko
|turn|31
|
|t:|1650762729
|move|p2a: Tapu Koko|Dazzling Gleam|p1a: Landorus
|-damage|p1a: Landorus|2/100 tox
|move|p1a: Landorus|Earthquake|p2a: Tapu Koko
|-supereffective|p2a: Tapu Koko
|-damage|p2a: Tapu Koko|0 fnt
|faint|p2a: Tapu Koko
|
|win|mister_ttar
|raw|mister_ttar's rating: 1702 &rarr; <strong>1724</strong><br />(+22 for winning)
|raw|Chikami's rating: 1732 &rarr; <strong>1710</strong><br />(-22 for losing)
|l| ppev
|c|☆Chikami|Gg
|l| ThisIsntHilarious
|l|☆Chikami
|l| PorQueJuegoTanMal
|l| Jelly cookie
