|html|<div class="broadcast-blue"><strong>[Gen 8] OU is currently suspecting Melmetal! For information on how to participate check out the <a href="https://www.smogon.com/forums/threads/np-ss-ou-suspect-process-round-12-monster-mash.3709234/">suspect thread</a>.</strong></div>
|j|☆bizarman
|j|☆Iznamakin
|t:|1666805446
|gametype|singles
|player|p1|bizarman|scientist-gen4|1770
|player|p2|Iznamakin|chase|1812
|teamsize|p1|6
|teamsize|p2|6
|gen|8
|tier|[Gen 8] OU
|rated|
|rule|Sleep Clause Mod: Limit one foe put to sleep
|rule|Species Clause: Limit one of each Pokémon
|rule|OHKO Clause: OHKO moves are banned
|rule|Evasion Items Clause: Evasion items are banned
|rule|Evasion Moves Clause: Evasion moves are banned
|rule|Endless Battle Clause: Forcing endless battles is banned
|rule|HP Percentage Mod: HP is shown in percentages
|rule|Dynamax Clause: You cannot dynamax
|clearpoke
|poke|p1|Nidoking, M|
|poke|p1|Slowbro, F|
|poke|p1|Dragapult, M|
|poke|p1|Heatran, M|
|poke|p1|Buzzwole|
|poke|p1|Landorus-Therian, M|
|poke|p2|Weavile, M|
|poke|p2|Garchomp, M|
|poke|p2|Kartana|
|poke|p2|Dragapult, F|
|poke|p2|Landorus-Therian, M|
|poke|p2|Melmetal|
|teampreview
|inactive|Battle timer is ON: inactive players will automatically lose when time's up. (requested by Iznamakin)
|
|t:|1666805464
|start
|switch|p1a: Hiling|Slowbro, F|100/100
|switch|p2a: Shelby|Weavile, M, shiny|100/100
|-ability|p2a: Shelby|Pressure
|turn|1
|
|t:|1666805471
|switch|p1a: Dorshe|Buzzwole|100/100
|move|p2a: Shelby|Knock Off|p1a: Dorshe
|-resisted|p1a: Dorshe
|-crit|p1a: Dorshe
|-damage|p1a: Dorshe|62/100
|-damage|p2a: Shelby|84/100|[from] item: Rocky Helmet|[of] p1a: Dorshe
|-enditem|p1a: Dorshe|Rocky Helmet|[from] move: Knock Off|[of] p2a: Shelby
|
|upkeep
|turn|2
|
|t:|1666805479
|switch|p2a: Reddington|Dragapult, F, shiny|100/100
|move|p1a: Dorshe|Roost|p1a: Dorshe
|-heal|p1a: Dorshe|100/100
|-singleturn|p1a: Dorshe|move: Roost
|
|upkeep
|turn|3
|
|t:|1666805485
|switch|p1a: Apeas|Heatran, M|100/100
|move|p2a: Reddington|Shadow Ball|p1a: Apeas
|-damage|p1a: Apeas|64/100
|
|-heal|p1a: Apeas|70/100|[from] item: Leftovers
|upkeep
|turn|4
|
|t:|1666805493
|switch|p2a: Lucifer|Garchomp, M, shiny|100/100
|move|p1a: Apeas|Stealth Rock|p2a: Lucifer
|-sidestart|p2: Iznamakin|move: Stealth Rock
|
|-heal|p1a: Apeas|76/100|[from] item: Leftovers
|upkeep
|turn|5
|j| Jongruenwald
|
|t:|1666805501
|switch|p2a: Shelby|Weavile, M, shiny|84/100
|-damage|p2a: Shelby|59/100|[from] Stealth Rock
|-ability|p2a: Shelby|Pressure
|switch|p1a: Hiling|Slowbro, F|100/100
|
|upkeep
|turn|6
|j| oophyte
|l| oophyte
|
|t:|1666805513
|switch|p1a: Dorshe|Buzzwole|100/100
|move|p2a: Shelby|Triple Axel|p1a: Dorshe
|-damage|p1a: Dorshe|90/100
|-damage|p1a: Dorshe|67/100
|-damage|p1a: Dorshe|35/100
|-hitcount|p1a: Dorshe|3
|
|upkeep
|turn|7
|
|t:|1666805522
|switch|p2a: El Professor|Landorus-Therian, M, shiny|100/100
|-damage|p2a: El Professor|88/100|[from] Stealth Rock
|-ability|p2a: El Professor|Intimidate|boost
|-unboost|p1a: Dorshe|atk|1
|switch|p1a: Hiling|Slowbro, F|100/100
|
|upkeep
|turn|8
|
|t:|1666805529
|move|p2a: El Professor|Stealth Rock|p1a: Hiling
|-sidestart|p1: bizarman|move: Stealth Rock
|move|p1a: Hiling|Ice Beam|p2a: El Professor
|-supereffective|p2a: El Professor
|-damage|p2a: El Professor|0 fnt
|faint|p2a: El Professor
|
|upkeep
|
|t:|1666805534
|switch|p2a: Reddington|Dragapult, F, shiny|100/100
|-damage|p2a: Reddington|88/100|[from] Stealth Rock
|turn|9
|
|t:|1666805543
|switch|p1a: Apeas|Heatran, M|76/100
|-damage|p1a: Apeas|64/100|[from] Stealth Rock
|move|p2a: Reddington|Shadow Ball|p1a: Apeas
|-damage|p1a: Apeas|30/100
|
|-heal|p1a: Apeas|36/100|[from] item: Leftovers
|upkeep
|turn|10
|
|t:|1666805555
|move|p2a: Reddington|Shadow Ball|p1a: Apeas
|-damage|p1a: Apeas|0 fnt
|faint|p1a: Apeas
|
|upkeep
|
|t:|1666805559
|switch|p1a: Domas|Landorus-Therian, M|100/100
|-damage|p1a: Domas|88/100|[from] Stealth Rock
|-ability|p1a: Domas|Intimidate|boost
|-unboost|p2a: Reddington|atk|1
|turn|11
|
|t:|1666805567
|switch|p2a: Lucifer|Garchomp, M, shiny|100/100
|-damage|p2a: Lucifer|94/100|[from] Stealth Rock
|move|p1a: Domas|Knock Off|p2a: Lucifer
|-damage|p2a: Lucifer|65/100
|-damage|p1a: Domas|76/100|[from] ability: Rough Skin|[of] p2a: Lucifer
|-enditem|p2a: Lucifer|Yache Berry|[from] move: Knock Off|[of] p1a: Domas
|
|-heal|p1a: Domas|82/100|[from] item: Leftovers
|upkeep
|turn|12
|
|t:|1666805578
|switch|p1a: Hiling|Slowbro, F|100/100
|-damage|p1a: Hiling|88/100|[from] Stealth Rock
|move|p2a: Lucifer|Scale Shot|p1a: Hiling
|-damage|p1a: Hiling|80/100
|-damage|p1a: Hiling|71/100
|-hitcount|p1a: Hiling|2
|-unboost|p2a: Lucifer|def|1
|-boost|p2a: Lucifer|spe|1
|
|upkeep
|turn|13
|
|t:|1666805588
|switch|p2a: Shelby|Weavile, M, shiny|59/100
|-damage|p2a: Shelby|34/100|[from] Stealth Rock
|-ability|p2a: Shelby|Pressure
|move|p1a: Hiling|Teleport|p1a: Hiling
|
|t:|1666805594
|switch|p1a: Domas|Landorus-Therian, M|82/100|[from]move: Teleport
|-damage|p1a: Domas|70/100|[from] Stealth Rock
|-ability|p1a: Domas|Intimidate|boost
|-unboost|p2a: Shelby|atk|1
|
|-heal|p1a: Domas|76/100|[from] item: Leftovers
|upkeep
|turn|14
|
|t:|1666805602
|switch|p1a: Dorshe|Buzzwole|35/100
|-damage|p1a: Dorshe|23/100|[from] Stealth Rock
|move|p2a: Shelby|Knock Off|p1a: Dorshe
|-resisted|p1a: Dorshe
|-damage|p1a: Dorshe|11/100
|
|upkeep
|turn|15
|
|t:|1666805612
|switch|p1a: Domas|Landorus-Therian, M|76/100
|-damage|p1a: Domas|63/100|[from] Stealth Rock
|-ability|p1a: Domas|Intimidate|boost
|-unboost|p2a: Shelby|atk|1
|move|p2a: Shelby|Knock Off|p1a: Domas
|-damage|p1a: Domas|27/100
|-enditem|p1a: Domas|Leftovers|[from] move: Knock Off|[of] p2a: Shelby
|
|upkeep
|turn|16
|inactive|bizarman has 120 seconds left.
|c|☆bizarman|-1 my ass
|
|t:|1666805658
|switch|p1a: Dorshe|Buzzwole|11/100
|-damage|p1a: Dorshe|0 fnt|[from] Stealth Rock
|faint|p1a: Dorshe
|move|p2a: Shelby|Knock Off|p1: Dorshe|[notarget]
|-fail|p2a: Shelby
|
|upkeep
|
|t:|1666805665
|switch|p1a: Bebin|Dragapult, M|100/100
|-damage|p1a: Bebin|88/100|[from] Stealth Rock
|turn|17
|
|t:|1666805672
|switch|p2a: Lucifer|Garchomp, M, shiny|65/100
|-damage|p2a: Lucifer|59/100|[from] Stealth Rock
|move|p1a: Bebin|U-turn|p2a: Lucifer
|-damage|p2a: Lucifer|43/100
|-damage|p1a: Bebin|76/100|[from] ability: Rough Skin|[of] p2a: Lucifer
|j| daddy max
|
|t:|1666805681
|switch|p1a: Hiling|Slowbro, F|100/100|[from]move: U-turn
|-damage|p1a: Hiling|88/100|[from] Stealth Rock
|
|upkeep
|turn|18
|
|t:|1666805687
|move|p2a: Lucifer|Earthquake|p1a: Hiling
|-damage|p1a: Hiling|55/100
|move|p1a: Hiling|Ice Beam|p2a: Lucifer
|-supereffective|p2a: Lucifer
|-damage|p2a: Lucifer|0 fnt
|faint|p2a: Lucifer
|
|upkeep
|
|t:|1666805691
|switch|p2a: Shelby|Weavile, M, shiny|34/100
|-damage|p2a: Shelby|9/100|[from] Stealth Rock
|-ability|p2a: Shelby|Pressure
|turn|19
|
|t:|1666805701
|switch|p1a: Domas|Landorus-Therian, M|27/100
|-damage|p1a: Domas|15/100|[from] Stealth Rock
|-ability|p1a: Domas|Intimidate|boost
|-unboost|p2a: Shelby|atk|1
|move|p2a: Shelby|Knock Off|p1a: Domas
|-damage|p1a: Domas|0 fnt
|faint|p1a: Domas
|
|upkeep
|
|t:|1666805709
|switch|p1a: Bebin|Dragapult, M|76/100
|-damage|p1a: Bebin|64/100|[from] Stealth Rock
|turn|20
|
|t:|1666805713
|move|p1a: Bebin|Shadow Ball|p2a: Shelby
|-resisted|p2a: Shelby
|-damage|p2a: Shelby|0 fnt
|faint|p2a: Shelby
|
|upkeep
|
|t:|1666805715
|switch|p2a: Terminator|Melmetal, shiny|100/100
|-damage|p2a: Terminator|94/100|[from] Stealth Rock
|turn|21
|j| sack2005
|
|t:|1666805722
|switch|p1a: Hiling|Slowbro, F|88/100
|-damage|p1a: Hiling|76/100|[from] Stealth Rock
|move|p2a: Terminator|Thunder Punch|p1a: Hiling
|-supereffective|p1a: Hiling
|-damage|p1a: Hiling|30/100
|-damage|p2a: Terminator|78/100|[from] item: Rocky Helmet|[of] p1a: Hiling
|
|upkeep
|turn|22
|
|t:|1666805732
|switch|p1a: Boji|Nidoking, M|100/100
|-damage|p1a: Boji|95/100|[from] Stealth Rock
|move|p2a: Terminator|Double Iron Bash|p1a: Boji
|-damage|p1a: Boji|28/100
|-damage|p1a: Boji|0 fnt
|faint|p1a: Boji
|-hitcount|p1: Boji|2
|
|upkeep
|-message|bizarman forfeited.
|
|win|Iznamakin
|raw|bizarman's rating: 1770 &rarr; <strong>1752</strong><br />(-18 for losing)
|raw|Iznamakin's rating: 1812 &rarr; <strong>1830</strong><br />(+18 for winning)
|l|☆bizarman
|l|☆Iznamakin
||Ladder isn't responding, score probably updated but might not have (Request timeout).
|l| daddy max
