|j|☆ElStefano
|j|☆Chomp11
|t:|1655638884
|gametype|singles
|player|p1|ElStefano|170|1692
|player|p2|Chomp11|steven|1689
|teamsize|p1|6
|teamsize|p2|6
|gen|8
|tier|[Gen 8] OU
|rated|
|rule|Sleep Clause Mod: Limit one foe put to sleep
|rule|Species Clause: Limit one of each Pokémon
|rule|OHKO Clause: OHKO moves are banned
|rule|Evasion Moves Clause: Evasion moves are banned
|rule|Endless Battle Clause: Forcing endless battles is banned
|rule|HP Percentage Mod: HP is shown in percentages
|rule|Dynamax Clause: You cannot dynamax
|clearpoke
|poke|p1|Reuniclus, M|
|poke|p1|Toxapex, F|
|poke|p1|Landorus-Therian, M|
|poke|p1|Hydreigon, M|
|poke|p1|Clefable, M|
|poke|p1|Ferrothorn, F|
|poke|p2|Hippowdon, M|
|poke|p2|Dracozolt|
|poke|p2|Zapdos|
|poke|p2|Latios, M|
|poke|p2|Blissey, F|
|poke|p2|Ferrothorn, M|
|teampreview
|inactive|Battle timer is ON: inactive players will automatically lose when time's up. (requested by Chomp11)
|
|t:|1655638897
|start
|switch|p1a: Toxapex|Toxapex, F|100/100
|switch|p2a: Latios|Latios, M|100/100
|turn|1
|
|t:|1655638905
|switch|p1a: Reuniclus|Reuniclus, M, shiny|100/100
|move|p2a: Latios|Draco Meteor|p1a: Reuniclus
|-damage|p1a: Reuniclus|29/100
|-unboost|p2a: Latios|spa|2
|
|-heal|p1a: Reuniclus|35/100|[from] item: Leftovers
|upkeep
|turn|2
|
|t:|1655638916
|switch|p1a: Clefable|Clefable, M|100/100
|move|p2a: Latios|Draco Meteor|p1a: Clefable
|-immune|p1a: Clefable
|
|upkeep
|turn|3
|
|t:|1655638922
|switch|p2a: Blissey|Blissey, F|100/100
|switch|p1a: Reuniclus|Reuniclus, M, shiny|35/100
|
|-heal|p1a: Reuniclus|41/100|[from] item: Leftovers
|upkeep
|turn|4
|
|t:|1655638926
|move|p2a: Blissey|Thunder Wave|p1a: Reuniclus
|-status|p1a: Reuniclus|par
|move|p1a: Reuniclus|Recover|p1a: Reuniclus
|-heal|p1a: Reuniclus|91/100 par
|
|-heal|p1a: Reuniclus|97/100 par|[from] item: Leftovers
|upkeep
|turn|5
|
|t:|1655638935
|switch|p2a: Ferrothorn|Ferrothorn, M|100/100
|move|p1a: Reuniclus|Iron Defense|p1a: Reuniclus
|-boost|p1a: Reuniclus|def|2
|
|-heal|p1a: Reuniclus|100/100 par|[from] item: Leftovers
|upkeep
|turn|6
|
|t:|1655638940
|move|p2a: Ferrothorn|Knock Off|p1a: Reuniclus
|-supereffective|p1a: Reuniclus
|-damage|p1a: Reuniclus|80/100 par
|-enditem|p1a: Reuniclus|Leftovers|[from] move: Knock Off|[of] p2a: Ferrothorn
|move|p1a: Reuniclus|Calm Mind|p1a: Reuniclus
|-boost|p1a: Reuniclus|spa|1
|-boost|p1a: Reuniclus|spd|1
|
|upkeep
|turn|7
|
|t:|1655638945
|switch|p2a: Latios|Latios, M|100/100
|move|p1a: Reuniclus|Calm Mind|p1a: Reuniclus
|-boost|p1a: Reuniclus|spa|1
|-boost|p1a: Reuniclus|spd|1
|
|upkeep
|turn|8
|
|t:|1655638949
|move|p2a: Latios|Trick|p1a: Reuniclus
|-activate|p2a: Latios|move: Trick|[of] p1a: Reuniclus
|-item|p1a: Reuniclus|Choice Specs|[from] move: Trick
|-enditem|p2a: Latios|Choice Specs|[silent]|[from] move: Trick
|move|p1a: Reuniclus|Recover|p1a: Reuniclus
|-heal|p1a: Reuniclus|100/100 par
|
|upkeep
|turn|9
|
|t:|1655638955
|switch|p2a: Hippowdon|Hippowdon, M|100/100
|-weather|Sandstorm|[from] ability: Sand Stream|[of] p2a: Hippowdon
|cant|p1a: Reuniclus|par
|
|-weather|Sandstorm|[upkeep]
|upkeep
|turn|10
|
|t:|1655638961
|switch|p1a: Ferrothorn|Ferrothorn, F|100/100
|move|p2a: Hippowdon|Stealth Rock|p1a: Ferrothorn
|-sidestart|p1: ElStefano|move: Stealth Rock
|
|-weather|Sandstorm|[upkeep]
|upkeep
|turn|11
|
|t:|1655638965
|switch|p2a: Zapdos|Zapdos|100/100
|move|p1a: Ferrothorn|Spikes|p2a: Zapdos
|-sidestart|p2: Chomp11|Spikes
|
|-weather|Sandstorm|[upkeep]
|-damage|p2a: Zapdos|94/100|[from] Sandstorm
|upkeep
|turn|12
|
|t:|1655638973
|switch|p1a: Reuniclus|Reuniclus, M, shiny|100/100 par
|move|p2a: Zapdos|Heat Wave|p1a: Reuniclus
|-damage|p1a: Reuniclus|82/100 par
|
|-weather|Sandstorm|[upkeep]
|-damage|p2a: Zapdos|88/100|[from] Sandstorm
|upkeep
|turn|13
|
|t:|1655638981
|switch|p2a: Blissey|Blissey, F|100/100
|-damage|p2a: Blissey|88/100|[from] Spikes
|move|p1a: Reuniclus|Recover|p1a: Reuniclus
|-heal|p1a: Reuniclus|100/100 par
|
|-weather|Sandstorm|[upkeep]
|-damage|p2a: Blissey|82/100|[from] Sandstorm
|-heal|p2a: Blissey|88/100|[from] item: Leftovers
|upkeep
|turn|14
|
|t:|1655638989
|switch|p1a: Ferrothorn|Ferrothorn, F|100/100
|-damage|p1a: Ferrothorn|94/100|[from] Stealth Rock
|move|p2a: Blissey|Seismic Toss|p1a: Ferrothorn
|-damage|p1a: Ferrothorn|66/100
|-damage|p2a: Blissey|76/100|[from] ability: Iron Barbs|[of] p1a: Ferrothorn
|
|-weather|Sandstorm|[upkeep]
|-damage|p2a: Blissey|69/100|[from] Sandstorm
|-heal|p2a: Blissey|76/100|[from] item: Leftovers
|-heal|p1a: Ferrothorn|72/100|[from] item: Leftovers
|upkeep
|turn|15
|
|t:|1655638993
|move|p2a: Blissey|Thunder Wave|p1a: Ferrothorn
|-status|p1a: Ferrothorn|par
|move|p1a: Ferrothorn|Leech Seed|p2a: Blissey
|-start|p2a: Blissey|move: Leech Seed
|
|-weather|Sandstorm|[upkeep]
|-damage|p2a: Blissey|69/100|[from] Sandstorm
|-heal|p2a: Blissey|76/100|[from] item: Leftovers
|-heal|p1a: Ferrothorn|78/100 par|[from] item: Leftovers
|-damage|p2a: Blissey|63/100|[from] Leech Seed|[of] p1a: Ferrothorn
|-heal|p1a: Ferrothorn|100/100 par|[silent]
|upkeep
|turn|16
|
|t:|1655638999
|switch|p2a: Ferrothorn|Ferrothorn, M|100/100
|-damage|p2a: Ferrothorn|88/100|[from] Spikes
|move|p1a: Ferrothorn|Spikes|p2a: Ferrothorn
|-sidestart|p2: Chomp11|Spikes
|
|-weather|none
|upkeep
|turn|17
|
|t:|1655639005
|move|p2a: Ferrothorn|Body Press|p1a: Ferrothorn
|-supereffective|p1a: Ferrothorn
|-damage|p1a: Ferrothorn|64/100 par
|-damage|p2a: Ferrothorn|75/100|[from] ability: Iron Barbs|[of] p1a: Ferrothorn
|move|p1a: Ferrothorn|Spikes|p2a: Ferrothorn
|-sidestart|p2: Chomp11|Spikes
|
|-heal|p1a: Ferrothorn|70/100 par|[from] item: Leftovers
|upkeep
|turn|18
|
|t:|1655639011
|switch|p1a: Toxapex|Toxapex, F|100/100
|-damage|p1a: Toxapex|88/100|[from] Stealth Rock
|move|p2a: Ferrothorn|Body Press|p1a: Toxapex
|-resisted|p1a: Toxapex
|-damage|p1a: Toxapex|78/100
|-damage|p2a: Ferrothorn|59/100|[from] item: Rocky Helmet|[of] p1a: Toxapex
|
|upkeep
|turn|19
|
|t:|1655639020
|move|p1a: Toxapex|Knock Off|p2a: Ferrothorn
|-damage|p2a: Ferrothorn|50/100
|-damage|p1a: Toxapex|65/100|[from] ability: Iron Barbs|[of] p2a: Ferrothorn
|-damage|p1a: Toxapex|49/100|[from] item: Rocky Helmet|[of] p2a: Ferrothorn
|-enditem|p2a: Ferrothorn|Rocky Helmet|[from] move: Knock Off|[of] p1a: Toxapex
|move|p2a: Ferrothorn|Knock Off|p1a: Toxapex
|-damage|p1a: Toxapex|36/100
|-damage|p2a: Ferrothorn|34/100|[from] item: Rocky Helmet|[of] p1a: Toxapex
|-enditem|p1a: Toxapex|Rocky Helmet|[from] move: Knock Off|[of] p2a: Ferrothorn
|
|upkeep
|turn|20
|
|t:|1655639031
|move|p1a: Toxapex|Recover|p1a: Toxapex
|-heal|p1a: Toxapex|86/100
|move|p2a: Ferrothorn|Leech Seed|p1a: Toxapex
|-start|p1a: Toxapex|move: Leech Seed
|
|-damage|p1a: Toxapex|74/100|[from] Leech Seed|[of] p2a: Ferrothorn
|-heal|p2a: Ferrothorn|45/100|[silent]
|upkeep
|turn|21
|
|t:|1655639039
|switch|p1a: Reuniclus|Reuniclus, M, shiny|100/100 par
|move|p2a: Ferrothorn|Body Press|p1a: Reuniclus
|-resisted|p1a: Reuniclus
|-damage|p1a: Reuniclus|86/100 par
|
|upkeep
|turn|22
|
|t:|1655639046
|switch|p2a: Zapdos|Zapdos|88/100
|switch|p1a: Toxapex|Toxapex, F|100/100
|-damage|p1a: Toxapex|88/100|[from] Stealth Rock
|
|upkeep
|turn|23
|
|t:|1655639053
|move|p2a: Zapdos|Defog|p1a: Toxapex
|-unboost|p1a: Toxapex|evasion|1
|-sideend|p1: ElStefano|Stealth Rock|[from] move: Defog|[of] p2a: Zapdos
|-sideend|p2: Chomp11|Spikes|[from] move: Defog|[of] p2a: Zapdos
|move|p1a: Toxapex|Knock Off|p2a: Zapdos
|-damage|p2a: Zapdos|77/100
|-status|p1a: Toxapex|par|[from] ability: Static|[of] p2a: Zapdos
|-enditem|p2a: Zapdos|Heavy-Duty Boots|[from] move: Knock Off|[of] p1a: Toxapex
|
|upkeep
|turn|24
|
|t:|1655639058
|switch|p1a: Landorus|Landorus-Therian, M|100/100
|-ability|p1a: Landorus|Intimidate|boost
|-unboost|p2a: Zapdos|atk|1
|move|p2a: Zapdos|Discharge|p1a: Landorus
|-immune|p1a: Landorus
|
|upkeep
|turn|25
|
|t:|1655639069
|switch|p2a: Latios|Latios, M|100/100
|move|p1a: Landorus|Stealth Rock|p2a: Latios
|-sidestart|p2: Chomp11|move: Stealth Rock
|
|upkeep
|turn|26
|
|t:|1655639076
|switch|p1a: Reuniclus|Reuniclus, M, shiny|86/100 par
|move|p2a: Latios|Ice Beam|p1a: Reuniclus
|-damage|p1a: Reuniclus|66/100 par
|
|upkeep
|turn|27
|
|t:|1655639082
|switch|p2a: Zapdos|Zapdos|77/100
|-damage|p2a: Zapdos|52/100|[from] Stealth Rock
|move|p1a: Reuniclus|Recover|p1a: Reuniclus
|-heal|p1a: Reuniclus|100/100 par
|
|upkeep
|turn|28
|
|t:|1655639088
|switch|p1a: Landorus|Landorus-Therian, M|100/100
|-ability|p1a: Landorus|Intimidate|boost
|-unboost|p2a: Zapdos|atk|1
|move|p2a: Zapdos|Roost|p2a: Zapdos
|-heal|p2a: Zapdos|100/100
|-singleturn|p2a: Zapdos|move: Roost
|
|upkeep
|turn|29
|
|t:|1655639092
|move|p2a: Zapdos|Heat Wave|p1a: Landorus
|-damage|p1a: Landorus|80/100
|move|p1a: Landorus|Toxic|p2a: Zapdos
|-status|p2a: Zapdos|tox
|
|-heal|p1a: Landorus|86/100|[from] item: Leftovers
|-damage|p2a: Zapdos|94/100 tox|[from] psn
|upkeep
|turn|30
|
|t:|1655639103
|move|p2a: Zapdos|Heat Wave|p1a: Landorus
|-damage|p1a: Landorus|65/100
|-status|p1a: Landorus|brn
|move|p1a: Landorus|Earthquake|p2a: Zapdos
|-immune|p2a: Zapdos
|
|-heal|p1a: Landorus|71/100 brn|[from] item: Leftovers
|-damage|p2a: Zapdos|82/100 tox|[from] psn
|-damage|p1a: Landorus|65/100 brn|[from] brn
|upkeep
|turn|31
|
|t:|1655639109
|move|p2a: Zapdos|Defog|p1a: Landorus
|-unboost|p1a: Landorus|evasion|1
|-sideend|p2: Chomp11|Stealth Rock|[from] move: Defog|[of] p2a: Zapdos
|move|p1a: Landorus|Stealth Rock|p2a: Zapdos
|-sidestart|p2: Chomp11|move: Stealth Rock
|
|-heal|p1a: Landorus|71/100 brn|[from] item: Leftovers
|-damage|p2a: Zapdos|63/100 tox|[from] psn
|-damage|p1a: Landorus|65/100 brn|[from] brn
|upkeep
|turn|32
|
|t:|1655639114
|switch|p2a: Hippowdon|Hippowdon, M|100/100
|-damage|p2a: Hippowdon|94/100|[from] Stealth Rock
|-weather|Sandstorm|[from] ability: Sand Stream|[of] p2a: Hippowdon
|move|p1a: Landorus|Stealth Rock||[still]
|-fail|p1a: Landorus
|
|-weather|Sandstorm|[upkeep]
|-heal|p1a: Landorus|71/100 brn|[from] item: Leftovers
|-damage|p1a: Landorus|65/100 brn|[from] brn
|upkeep
|turn|33
|
|t:|1655639120
|move|p1a: Landorus|Toxic|p2a: Hippowdon
|-status|p2a: Hippowdon|tox
|move|p2a: Hippowdon|Stealth Rock|p1a: Landorus
|-sidestart|p1: ElStefano|move: Stealth Rock
|
|-weather|Sandstorm|[upkeep]
|-heal|p1a: Landorus|71/100 brn|[from] item: Leftovers
|-damage|p2a: Hippowdon|88/100 tox|[from] psn
|-damage|p1a: Landorus|65/100 brn|[from] brn
|upkeep
|turn|34
|
|t:|1655639130
|switch|p1a: Ferrothorn|Ferrothorn, F|70/100 par
|-damage|p1a: Ferrothorn|64/100 par|[from] Stealth Rock
|move|p2a: Hippowdon|Whirlwind|p1a: Ferrothorn
|drag|p1a: Reuniclus|Reuniclus, M, shiny|100/100 par
|
|-weather|Sandstorm|[upkeep]
|-damage|p2a: Hippowdon|76/100 tox|[from] psn
|upkeep
|turn|35
|
|t:|1655639140
|switch|p2a: Blissey|Blissey, F|63/100
|-damage|p2a: Blissey|51/100|[from] Stealth Rock
|switch|p1a: Toxapex|Toxapex, F|100/100 par
|-damage|p1a: Toxapex|88/100 par|[from] Stealth Rock
|
|-weather|Sandstorm|[upkeep]
|-damage|p2a: Blissey|44/100|[from] Sandstorm
|-damage|p1a: Toxapex|82/100 par|[from] Sandstorm
|-heal|p2a: Blissey|51/100|[from] item: Leftovers
|upkeep
|turn|36
|
|t:|1655639146
|move|p2a: Blissey|Heal Bell|p2a: Blissey
|-activate|p2a: Blissey|move: Heal Bell
|-curestatus|p2: Zapdos|tox|[msg]
|-curestatus|p2: Hippowdon|tox|[msg]
|move|p1a: Toxapex|Knock Off|p2a: Blissey
|-damage|p2a: Blissey|20/100
|-enditem|p2a: Blissey|Leftovers|[from] move: Knock Off|[of] p1a: Toxapex
|
|-weather|Sandstorm|[upkeep]
|-damage|p2a: Blissey|14/100|[from] Sandstorm
|-damage|p1a: Toxapex|75/100 par|[from] Sandstorm
|upkeep
|turn|37
|
|t:|1655639153
|move|p2a: Blissey|Soft-Boiled|p2a: Blissey
|-heal|p2a: Blissey|64/100
|cant|p1a: Toxapex|par
|
|-weather|Sandstorm|[upkeep]
|-damage|p2a: Blissey|58/100|[from] Sandstorm
|-damage|p1a: Toxapex|69/100 par|[from] Sandstorm
|upkeep
|turn|38
|
|t:|1655639158
|switch|p2a: Dracozolt|Dracozolt|100/100
|-damage|p2a: Dracozolt|88/100|[from] Stealth Rock
|cant|p1a: Toxapex|par
|
|-weather|Sandstorm|[upkeep]
|-damage|p1a: Toxapex|63/100 par|[from] Sandstorm
|upkeep
|turn|39
|
|t:|1655639166
|switch|p1a: Landorus|Landorus-Therian, M|65/100 brn
|-damage|p1a: Landorus|53/100 brn|[from] Stealth Rock
|-ability|p1a: Landorus|Intimidate|boost
|-unboost|p2a: Dracozolt|atk|1
|move|p2a: Dracozolt|Dragon Claw|p1a: Landorus
|-damage|p1a: Landorus|21/100 brn
|-damage|p2a: Dracozolt|78/100|[from] item: Life Orb
|
|-weather|none
|-heal|p1a: Landorus|27/100 brn|[from] item: Leftovers
|-damage|p1a: Landorus|21/100 brn|[from] brn
|upkeep
|turn|40
|
|t:|1655639175
|move|p2a: Dracozolt|Dragon Claw|p1a: Landorus
|-damage|p1a: Landorus|0 fnt
|faint|p1a: Landorus
|-damage|p2a: Dracozolt|68/100|[from] item: Life Orb
|
|upkeep
|
|t:|1655639182
|switch|p1a: Clefable|Clefable, M|100/100
|turn|41
|
|t:|1655639187
|switch|p2a: Blissey|Blissey, F|58/100
|-damage|p2a: Blissey|45/100|[from] Stealth Rock
|move|p1a: Clefable|Moonblast|p2a: Blissey
|-damage|p2a: Blissey|36/100
|
|upkeep
|turn|42
|
|t:|1655639196
|switch|p1a: Ferrothorn|Ferrothorn, F|64/100 par
|-damage|p1a: Ferrothorn|57/100 par|[from] Stealth Rock
|move|p2a: Blissey|Soft-Boiled|p2a: Blissey
|-heal|p2a: Blissey|86/100
|
|-heal|p1a: Ferrothorn|64/100 par|[from] item: Leftovers
|upkeep
|turn|43
|
|t:|1655639202
|switch|p2a: Ferrothorn|Ferrothorn, M|45/100
|-damage|p2a: Ferrothorn|39/100|[from] Stealth Rock
|move|p1a: Ferrothorn|Leech Seed|p2a: Ferrothorn
|-immune|p2a: Ferrothorn
|
|-heal|p1a: Ferrothorn|70/100 par|[from] item: Leftovers
|upkeep
|turn|44
|
|t:|1655639208
|move|p2a: Ferrothorn|Body Press|p1a: Ferrothorn
|-supereffective|p1a: Ferrothorn
|-crit|p1a: Ferrothorn
|-damage|p1a: Ferrothorn|12/100 par
|-damage|p2a: Ferrothorn|26/100|[from] ability: Iron Barbs|[of] p1a: Ferrothorn
|move|p1a: Ferrothorn|Spikes|p2a: Ferrothorn
|-sidestart|p2: Chomp11|Spikes
|
|-heal|p1a: Ferrothorn|18/100 par|[from] item: Leftovers
|upkeep
|turn|45
|
|t:|1655639216
|switch|p1a: Toxapex|Toxapex, F|96/100 par
|-damage|p1a: Toxapex|84/100 par|[from] Stealth Rock
|move|p2a: Ferrothorn|Body Press|p1a: Toxapex
|-resisted|p1a: Toxapex
|-damage|p1a: Toxapex|75/100 par
|
|upkeep
|turn|46
|
|t:|1655639222
|switch|p1a: Hydreigon|Hydreigon, M|100/100
|-damage|p1a: Hydreigon|88/100|[from] Stealth Rock
|move|p2a: Ferrothorn|Leech Seed|p1a: Hydreigon
|-start|p1a: Hydreigon|move: Leech Seed
|
|-damage|p1a: Hydreigon|76/100|[from] Leech Seed|[of] p2a: Ferrothorn
|-heal|p2a: Ferrothorn|37/100|[silent]
|upkeep
|turn|47
|
|t:|1655639232
|move|p2a: Ferrothorn|Protect|p2a: Ferrothorn
|-singleturn|p2a: Ferrothorn|Protect
|move|p1a: Hydreigon|Flamethrower|p2a: Ferrothorn
|-activate|p2a: Ferrothorn|move: Protect
|
|-damage|p1a: Hydreigon|64/100|[from] Leech Seed|[of] p2a: Ferrothorn
|-heal|p2a: Ferrothorn|49/100|[silent]
|upkeep
|turn|48
|
|t:|1655639239
|switch|p1a: Clefable|Clefable, M|100/100
|switch|p2a: Latios|Latios, M|100/100
|-damage|p2a: Latios|88/100|[from] Stealth Rock
|
|upkeep
|turn|49
|
|t:|1655639249
|move|p2a: Latios|Psyshock|p1a: Clefable
|-damage|p1a: Clefable|68/100
|move|p1a: Clefable|Calm Mind|p1a: Clefable
|-boost|p1a: Clefable|spa|1
|-boost|p1a: Clefable|spd|1
|
|upkeep
|turn|50
|
|t:|1655639258
|move|p2a: Latios|Trick|p1a: Clefable
|-activate|p2a: Latios|move: Trick|[of] p1a: Clefable
|-enditem|p1a: Clefable|Heavy-Duty Boots|[silent]|[from] move: Trick
|-item|p2a: Latios|Heavy-Duty Boots|[from] move: Trick
|move|p1a: Clefable|Calm Mind|p1a: Clefable
|-boost|p1a: Clefable|spa|1
|-boost|p1a: Clefable|spd|1
|
|upkeep
|turn|51
|
|t:|1655639265
|switch|p2a: Blissey|Blissey, F|86/100
|-damage|p2a: Blissey|74/100|[from] Stealth Rock
|-damage|p2a: Blissey|61/100|[from] Spikes
|move|p1a: Clefable|Calm Mind|p1a: Clefable
|-boost|p1a: Clefable|spa|1
|-boost|p1a: Clefable|spd|1
|
|upkeep
|turn|52
|
|t:|1655639271
|move|p1a: Clefable|Moonblast|p2a: Blissey
|-damage|p2a: Blissey|40/100
|move|p2a: Blissey|Thunder Wave|p1a: Clefable
|-status|p1a: Clefable|par
|
|upkeep
|turn|53
|
|t:|1655639277
|move|p2a: Blissey|Soft-Boiled|p2a: Blissey
|-heal|p2a: Blissey|90/100
|cant|p1a: Clefable|par
|
|upkeep
|turn|54
|
|t:|1655639280
|move|p2a: Blissey|Seismic Toss|p1a: Clefable
|-damage|p1a: Clefable|42/100 par
|move|p1a: Clefable|Calm Mind|p1a: Clefable
|-boost|p1a: Clefable|spa|1
|-boost|p1a: Clefable|spd|1
|
|upkeep
|turn|55
|
|t:|1655639287
|move|p2a: Blissey|Seismic Toss|p1a: Clefable
|-damage|p1a: Clefable|17/100 par
|move|p1a: Clefable|Soft-Boiled|p1a: Clefable
|-heal|p1a: Clefable|67/100 par
|
|upkeep
|turn|56
|
|t:|1655639291
|move|p2a: Blissey|Seismic Toss|p1a: Clefable
|-damage|p1a: Clefable|41/100 par
|cant|p1a: Clefable|par
|
|upkeep
|turn|57
|
|t:|1655639295
|move|p2a: Blissey|Seismic Toss|p1a: Clefable
|-damage|p1a: Clefable|16/100 par
|cant|p1a: Clefable|par
|
|upkeep
|turn|58
|
|t:|1655639299
|move|p2a: Blissey|Seismic Toss|p1a: Clefable
|-damage|p1a: Clefable|0 fnt
|faint|p1a: Clefable
|
|upkeep
|
|t:|1655639305
|switch|p1a: Toxapex|Toxapex, F|100/100 par
|-damage|p1a: Toxapex|88/100 par|[from] Stealth Rock
|turn|59
|c|☆Chomp11|your team is annoying af
|
|t:|1655639311
|move|p2a: Blissey|Seismic Toss|p1a: Toxapex
|-damage|p1a: Toxapex|55/100 par
|move|p1a: Toxapex|Toxic Spikes|p2a: Blissey
|-sidestart|p2: Chomp11|move: Toxic Spikes
|
|upkeep
|turn|60
|
|t:|1655639315
|move|p2a: Blissey|Seismic Toss|p1a: Toxapex
|-damage|p1a: Toxapex|22/100 par
|move|p1a: Toxapex|Recover|p1a: Toxapex
|-heal|p1a: Toxapex|72/100 par
|
|upkeep
|turn|61
|c|☆Chomp11|just a bunch of stall mons
|c|☆Chomp11|jesis
|c|☆Chomp11|learn how to attack
|
|t:|1655639331
|move|p2a: Blissey|Seismic Toss|p1a: Toxapex
|-damage|p1a: Toxapex|39/100 par
|move|p1a: Toxapex|Scald|p2a: Blissey
|-damage|p2a: Blissey|86/100
|-status|p2a: Blissey|brn
|
|-damage|p2a: Blissey|80/100 brn|[from] brn
|upkeep
|turn|62
|
|t:|1655639335
|move|p2a: Blissey|Seismic Toss|p1a: Toxapex
|-damage|p1a: Toxapex|6/100 par
|move|p1a: Toxapex|Recover|p1a: Toxapex
|-heal|p1a: Toxapex|56/100 par
|
|-damage|p2a: Blissey|73/100 brn|[from] brn
|upkeep
|turn|63
|
|t:|1655639341
|move|p2a: Blissey|Seismic Toss|p1a: Toxapex
|-damage|p1a: Toxapex|24/100 par
|cant|p1a: Toxapex|par
|
|-damage|p2a: Blissey|67/100 brn|[from] brn
|upkeep
|turn|64
|
|t:|1655639346
|switch|p1a: Reuniclus|Reuniclus, M, shiny|100/100 par
|move|p2a: Blissey|Seismic Toss|p1a: Reuniclus
|-damage|p1a: Reuniclus|77/100 par
|
|-damage|p2a: Blissey|61/100 brn|[from] brn
|upkeep
|turn|65
|
|t:|1655639353
|-curestatus|p2a: Blissey|brn|[from] ability: Natural Cure
|switch|p2a: Zapdos|Zapdos|63/100
|-damage|p2a: Zapdos|38/100|[from] Stealth Rock
|switch|p1a: Hydreigon|Hydreigon, M|64/100
|-damage|p1a: Hydreigon|51/100|[from] Stealth Rock
|
|upkeep
|turn|66
|
|t:|1655639376
|switch|p2a: Blissey|Blissey, F|61/100
|-damage|p2a: Blissey|49/100|[from] Stealth Rock
|-damage|p2a: Blissey|36/100|[from] Spikes
|-status|p2a: Blissey|psn
|move|p1a: Hydreigon|Dark Pulse|p2a: Blissey
|-damage|p2a: Blissey|24/100 psn
|
|-damage|p2a: Blissey|12/100 psn|[from] psn
|upkeep
|turn|67
|
|t:|1655639385
|move|p1a: Hydreigon|Dark Pulse|p2a: Blissey
|-damage|p2a: Blissey|0 fnt
|faint|p2a: Blissey
|
|upkeep
|
|t:|1655639396
|switch|p2a: Latios|Latios, M|88/100
|turn|68
|
|t:|1655639403
|switch|p2a: Zapdos|Zapdos|38/100
|-damage|p2a: Zapdos|13/100|[from] Stealth Rock
|move|p1a: Hydreigon|Dark Pulse|p2a: Zapdos
|-damage|p2a: Zapdos|0 fnt
|faint|p2a: Zapdos
|
|upkeep
|
|t:|1655639415
|switch|p2a: Hippowdon|Hippowdon, M|76/100
|-damage|p2a: Hippowdon|70/100|[from] Stealth Rock
|-damage|p2a: Hippowdon|57/100|[from] Spikes
|-status|p2a: Hippowdon|psn
|-weather|Sandstorm|[from] ability: Sand Stream|[of] p2a: Hippowdon
|turn|69
|
|t:|1655639427
|move|p1a: Hydreigon|Dark Pulse|p2a: Hippowdon
|-damage|p2a: Hippowdon|10/100 psn
|move|p2a: Hippowdon|Whirlwind|p1a: Hydreigon
|drag|p1a: Reuniclus|Reuniclus, M, shiny|77/100 par
|
|-weather|Sandstorm|[upkeep]
|-damage|p2a: Hippowdon|0 fnt|[from] psn
|faint|p2a: Hippowdon
|upkeep
|
|t:|1655639434
|switch|p2a: Dracozolt|Dracozolt|68/100
|-damage|p2a: Dracozolt|56/100|[from] Stealth Rock
|-damage|p2a: Dracozolt|43/100|[from] Spikes
|-status|p2a: Dracozolt|psn
|turn|70
|
|t:|1655639440
|move|p2a: Dracozolt|Bolt Beak|p1a: Reuniclus
|-damage|p1a: Reuniclus|0 fnt
|faint|p1a: Reuniclus
|-damage|p2a: Dracozolt|33/100 psn|[from] item: Life Orb
|
|-weather|Sandstorm|[upkeep]
|-damage|p2a: Dracozolt|21/100 psn|[from] psn
|upkeep
|
|t:|1655639448
|switch|p1a: Ferrothorn|Ferrothorn, F|18/100 par
|-damage|p1a: Ferrothorn|12/100 par|[from] Stealth Rock
|turn|71
|
|t:|1655639457
|move|p2a: Dracozolt|Earthquake|p1a: Ferrothorn
|-damage|p1a: Ferrothorn|0 fnt
|faint|p1a: Ferrothorn
|-damage|p2a: Dracozolt|11/100 psn|[from] item: Life Orb
|
|-weather|Sandstorm|[upkeep]
|-damage|p2a: Dracozolt|0 fnt|[from] psn
|faint|p2a: Dracozolt
|upkeep
|
|t:|1655639462
|switch|p2a: Latios|Latios, M|88/100
|switch|p1a: Hydreigon|Hydreigon, M|51/100
|-damage|p1a: Hydreigon|39/100|[from] Stealth Rock
|turn|72
|
|t:|1655639473
|switch|p1a: Toxapex|Toxapex, F|57/100 par
|-damage|p1a: Toxapex|44/100 par|[from] Stealth Rock
|move|p2a: Latios|Ice Beam|p1a: Toxapex
|-resisted|p1a: Toxapex
|-damage|p1a: Toxapex|32/100 par
|
|-weather|Sandstorm|[upkeep]
|-damage|p2a: Latios|82/100|[from] Sandstorm
|-damage|p1a: Toxapex|26/100 par|[from] Sandstorm
|upkeep
|turn|73
|
|t:|1655639484
|move|p2a: Latios|Psyshock|p1a: Toxapex
|-supereffective|p1a: Toxapex
|-damage|p1a: Toxapex|0 fnt
|faint|p1a: Toxapex
|
|-weather|Sandstorm|[upkeep]
|-damage|p2a: Latios|76/100|[from] Sandstorm
|upkeep
|
|t:|1655639487
|switch|p1a: Hydreigon|Hydreigon, M|39/100
|-damage|p1a: Hydreigon|27/100|[from] Stealth Rock
|turn|74
|
|t:|1655639492
|switch|p2a: Ferrothorn|Ferrothorn, M|49/100
|-damage|p2a: Ferrothorn|43/100|[from] Stealth Rock
|-damage|p2a: Ferrothorn|30/100|[from] Spikes
|move|p1a: Hydreigon|Dark Pulse|p2a: Ferrothorn
|-damage|p2a: Ferrothorn|0 fnt
|faint|p2a: Ferrothorn
|
|-weather|Sandstorm|[upkeep]
|-damage|p1a: Hydreigon|20/100|[from] Sandstorm
|upkeep
|
|t:|1655639503
|switch|p2a: Latios|Latios, M|76/100
|turn|75
|
|t:|1655639506
|move|p1a: Hydreigon|Dark Pulse|p2a: Latios
|-supereffective|p2a: Latios
|-damage|p2a: Latios|0 fnt
|faint|p2a: Latios
|
|win|ElStefano
|raw|ElStefano's rating: 1692 &rarr; <strong>1712</strong><br />(+20 for winning)
|raw|Chomp11's rating: 1689 &rarr; <strong>1669</strong><br />(-20 for losing)
|l|☆Chomp11
|c|☆ElStefano|You were right, attacking was good =)
