|j|☆cump3
|j|☆Contango
|t:|1663176705
|gametype|singles
|player|p1|cump3|schoolkid-gen4|1675
|player|p2|Contango|artist|1630
|teamsize|p1|6
|teamsize|p2|6
|gen|8
|tier|[Gen 8] OU
|rated|
|rule|Sleep Clause Mod: Limit one foe put to sleep
|rule|Species Clause: Limit one of each Pokémon
|rule|OHKO Clause: OHKO moves are banned
|rule|Evasion Items Clause: Evasion items are banned
|rule|Evasion Moves Clause: Evasion moves are banned
|rule|Endless Battle Clause: Forcing endless battles is banned
|rule|HP Percentage Mod: HP is shown in percentages
|rule|Dynamax Clause: You cannot dynamax
|clearpoke
|poke|p1|Swampert, M|
|poke|p1|Mandibuzz, F|
|poke|p1|Rillaboom, M|
|poke|p1|Magnezone|
|poke|p1|Tapu Lele|
|poke|p1|Dragapult, F|
|poke|p2|Tapu Koko|
|poke|p2|Urshifu-*, M|
|poke|p2|Blacephalon|
|poke|p2|Ferrothorn, M|
|poke|p2|Landorus-Therian, M|
|poke|p2|Rotom-Wash|
|teampreview
|
|t:|1663176720
|start
|switch|p1a: Dragapult|Dragapult, F, shiny|100/100
|switch|p2a: Landorus|Landorus-Therian, M|100/100
|-ability|p2a: Landorus|Intimidate|boost
|-fail|p1a: Dragapult|unboost|[from] ability: Clear Body|[of] p1a: Dragapult
|turn|1
|
|t:|1663176722
|move|p1a: Dragapult|U-turn|p2a: Landorus
|-resisted|p2a: Landorus
|-damage|p2a: Landorus|82/100
|
|t:|1663176724
|switch|p1a: Mandibuzz|Mandibuzz, F|100/100|[from]move: U-turn
|move|p2a: Landorus|Knock Off|p1a: Mandibuzz
|-resisted|p1a: Mandibuzz
|-damage|p1a: Mandibuzz|92/100
|-enditem|p1a: Mandibuzz|Heavy-Duty Boots|[from] move: Knock Off|[of] p2a: Landorus
|
|-heal|p2a: Landorus|88/100|[from] item: Leftovers
|upkeep
|turn|2
|
|t:|1663176728
|move|p2a: Landorus|U-turn|p1a: Mandibuzz
|-damage|p1a: Mandibuzz|80/100
|
|t:|1663176729
|switch|p2a: Rotom|Rotom-Wash|100/100|[from]move: U-turn
|move|p1a: Mandibuzz|U-turn|p2a: Rotom
|-damage|p2a: Rotom|89/100
|
|t:|1663176732
|switch|p1a: Rillaboom|Rillaboom, M|100/100|[from]move: U-turn
|-fieldstart|move: Grassy Terrain|[from] ability: Grassy Surge|[of] p1a: Rillaboom
|
|-heal|p2a: Rotom|95/100|[from] item: Leftovers
|upkeep
|turn|3
|
|t:|1663176740
|switch|p2a: Ferrothorn|Ferrothorn, M|100/100
|move|p1a: Rillaboom|U-turn|p2a: Ferrothorn
|-damage|p2a: Ferrothorn|79/100
|-damage|p1a: Rillaboom|88/100|[from] ability: Iron Barbs|[of] p2a: Ferrothorn
|
|t:|1663176743
|switch|p1a: Magnezone|Magnezone, shiny|100/100|[from]move: U-turn
|
|-heal|p2a: Ferrothorn|85/100|[from] Grassy Terrain
|-heal|p2a: Ferrothorn|92/100|[from] item: Leftovers
|upkeep
|turn|4
|
|t:|1663176747
|move|p1a: Magnezone|Iron Defense|p1a: Magnezone
|-boost|p1a: Magnezone|def|2
|move|p2a: Ferrothorn|Stealth Rock|p1a: Magnezone
|-sidestart|p1: cump3|move: Stealth Rock
|
|-heal|p2a: Ferrothorn|98/100|[from] Grassy Terrain
|-heal|p2a: Ferrothorn|100/100|[from] item: Leftovers
|upkeep
|turn|5
|
|t:|1663176753
|move|p1a: Magnezone|Iron Defense|p1a: Magnezone
|-boost|p1a: Magnezone|def|2
|move|p2a: Ferrothorn|Iron Defense|p2a: Ferrothorn
|-boost|p2a: Ferrothorn|def|2
|
|upkeep
|turn|6
|
|t:|1663176757
|move|p1a: Magnezone|Body Press|p2a: Ferrothorn
|-supereffective|p2a: Ferrothorn
|-damage|p2a: Ferrothorn|50/100
|-damage|p1a: Magnezone|88/100|[from] ability: Iron Barbs|[of] p2a: Ferrothorn
|move|p2a: Ferrothorn|Iron Defense|p2a: Ferrothorn
|-boost|p2a: Ferrothorn|def|2
|
|-heal|p1a: Magnezone|94/100|[from] Grassy Terrain
|-heal|p1a: Magnezone|100/100|[from] item: Leftovers
|-heal|p2a: Ferrothorn|56/100|[from] Grassy Terrain
|-heal|p2a: Ferrothorn|62/100|[from] item: Leftovers
|-fieldend|move: Grassy Terrain
|upkeep
|turn|7
|
|t:|1663176761
|move|p1a: Magnezone|Body Press|p2a: Ferrothorn
|-supereffective|p2a: Ferrothorn
|-damage|p2a: Ferrothorn|30/100
|-damage|p1a: Magnezone|88/100|[from] ability: Iron Barbs|[of] p2a: Ferrothorn
|move|p2a: Ferrothorn|Iron Defense|p2a: Ferrothorn
|-boost|p2a: Ferrothorn|def|2
|
|-heal|p1a: Magnezone|94/100|[from] item: Leftovers
|-heal|p2a: Ferrothorn|36/100|[from] item: Leftovers
|upkeep
|turn|8
|
|t:|1663176767
|move|p1a: Magnezone|Body Press|p2a: Ferrothorn
|-supereffective|p2a: Ferrothorn
|-damage|p2a: Ferrothorn|11/100
|-damage|p1a: Magnezone|82/100|[from] ability: Iron Barbs|[of] p2a: Ferrothorn
|move|p2a: Ferrothorn|Body Press|p1a: Magnezone
|-supereffective|p1a: Magnezone
|-damage|p1a: Magnezone|21/100
|
|-heal|p1a: Magnezone|27/100|[from] item: Leftovers
|-heal|p2a: Ferrothorn|18/100|[from] item: Leftovers
|upkeep
|turn|9
|
|t:|1663176770
|move|p1a: Magnezone|Body Press|p2a: Ferrothorn
|-supereffective|p2a: Ferrothorn
|-damage|p2a: Ferrothorn|0 fnt
|-damage|p1a: Magnezone|15/100|[from] ability: Iron Barbs|[of] p2a: Ferrothorn
|faint|p2a: Ferrothorn
|
|-heal|p1a: Magnezone|21/100|[from] item: Leftovers
|upkeep
|
|t:|1663176773
|switch|p2a: Blacephalon|Blacephalon|100/100
|turn|10
|
|t:|1663176776
|switch|p1a: Swampert|Swampert, M|100/100
|-damage|p1a: Swampert|94/100|[from] Stealth Rock
|move|p2a: Blacephalon|Flamethrower|p1a: Swampert
|-resisted|p1a: Swampert
|-damage|p1a: Swampert|76/100
|
|-heal|p1a: Swampert|82/100|[from] item: Leftovers
|upkeep
|turn|11
|
|t:|1663176780
|switch|p2a: Rotom|Rotom-Wash|95/100
|move|p1a: Swampert|Flip Turn|p2a: Rotom
|-resisted|p2a: Rotom
|-damage|p2a: Rotom|84/100
|
|t:|1663176783
|switch|p1a: Rillaboom|Rillaboom, M|88/100|[from]move: Flip Turn
|-damage|p1a: Rillaboom|76/100|[from] Stealth Rock
|-fieldstart|move: Grassy Terrain|[from] ability: Grassy Surge|[of] p1a: Rillaboom
|
|-heal|p1a: Rillaboom|82/100|[from] Grassy Terrain
|-heal|p2a: Rotom|90/100|[from] item: Leftovers
|upkeep
|turn|12
|
|t:|1663176788
|switch|p2a: Landorus|Landorus-Therian, M|88/100
|-ability|p2a: Landorus|Intimidate|boost
|-unboost|p1a: Rillaboom|atk|1
|move|p1a: Rillaboom|Grassy Glide|p2a: Landorus
|-damage|p2a: Landorus|43/100
|
|-heal|p1a: Rillaboom|88/100|[from] Grassy Terrain
|-heal|p2a: Landorus|49/100|[from] item: Leftovers
|upkeep
|turn|13
|
|t:|1663176801
|switch|p1a: Magnezone|Magnezone, shiny|21/100
|-damage|p1a: Magnezone|15/100|[from] Stealth Rock
|move|p2a: Landorus|U-turn|p1a: Magnezone
|-resisted|p1a: Magnezone
|-damage|p1a: Magnezone|7/100
|
|t:|1663176812
|switch|p2a: Blacephalon|Blacephalon|100/100|[from]move: U-turn
|
|-heal|p1a: Magnezone|13/100|[from] Grassy Terrain
|-heal|p1a: Magnezone|19/100|[from] item: Leftovers
|upkeep
|turn|14
|
|t:|1663176819
|switch|p1a: Swampert|Swampert, M|82/100
|-damage|p1a: Swampert|76/100|[from] Stealth Rock
|move|p2a: Blacephalon|Flamethrower|p1a: Swampert
|-resisted|p1a: Swampert
|-damage|p1a: Swampert|59/100
|
|-heal|p1a: Swampert|65/100|[from] Grassy Terrain
|-heal|p1a: Swampert|71/100|[from] item: Leftovers
|upkeep
|turn|15
|
|t:|1663176825
|switch|p2a: Rotom|Rotom-Wash|90/100
|move|p1a: Swampert|Flip Turn|p2a: Rotom
|-resisted|p2a: Rotom
|-damage|p2a: Rotom|78/100
|
|t:|1663176829
|switch|p1a: Tapu Lele|Tapu Lele, shiny|100/100|[from]move: Flip Turn
|-damage|p1a: Tapu Lele|88/100|[from] Stealth Rock
|-fieldstart|move: Psychic Terrain|[from] ability: Psychic Surge|[of] p1a: Tapu Lele
|
|-heal|p2a: Rotom|84/100|[from] item: Leftovers
|upkeep
|turn|16
|
|t:|1663176832
|move|p1a: Tapu Lele|Psyshock|p2a: Rotom
|-damage|p2a: Rotom|0 fnt
|faint|p2a: Rotom
|
|upkeep
|
|t:|1663176835
|switch|p2a: Urshifu|Urshifu-Rapid-Strike, M|100/100
|turn|17
|
|t:|1663176838
|switch|p1a: Magnezone|Magnezone, shiny|19/100
|-damage|p1a: Magnezone|13/100|[from] Stealth Rock
|move|p2a: Urshifu|Surging Strikes|p1a: Magnezone
|-crit|p1a: Magnezone
|-damage|p1a: Magnezone|0 fnt
|faint|p1a: Magnezone
|-hitcount|p1: Magnezone|1
|
|upkeep
|
|t:|1663176839
|switch|p1a: Rillaboom|Rillaboom, M|88/100
|-damage|p1a: Rillaboom|76/100|[from] Stealth Rock
|-fieldstart|move: Grassy Terrain|[from] ability: Grassy Surge|[of] p1a: Rillaboom
|turn|18
|
|t:|1663176841
|switch|p2a: Landorus|Landorus-Therian, M|49/100
|-ability|p2a: Landorus|Intimidate|boost
|-unboost|p1a: Rillaboom|atk|1
|move|p1a: Rillaboom|Grassy Glide|p2a: Landorus
|-damage|p2a: Landorus|2/100
|
|-heal|p1a: Rillaboom|82/100|[from] Grassy Terrain
|-heal|p2a: Landorus|8/100|[from] item: Leftovers
|upkeep
|turn|19
|
|t:|1663176851
|move|p1a: Rillaboom|Grassy Glide|p2a: Landorus
|-damage|p2a: Landorus|0 fnt
|faint|p2a: Landorus
|
|-heal|p1a: Rillaboom|88/100|[from] Grassy Terrain
|upkeep
|
|t:|1663176854
|switch|p2a: Tapu Koko|Tapu Koko|100/100
|-fieldstart|move: Electric Terrain|[from] ability: Electric Surge|[of] p2a: Tapu Koko
|turn|20
|
|t:|1663176859
|switch|p1a: Mandibuzz|Mandibuzz, F|80/100
|-damage|p1a: Mandibuzz|55/100|[from] Stealth Rock
|move|p2a: Tapu Koko|U-turn|p1a: Mandibuzz
|-damage|p1a: Mandibuzz|45/100
|
|t:|1663176862
|switch|p2a: Urshifu|Urshifu-Rapid-Strike, M|100/100|[from]move: U-turn
|
|upkeep
|turn|21
|
|t:|1663176866
|move|p2a: Urshifu|Surging Strikes|p1a: Mandibuzz
|-crit|p1a: Mandibuzz
|-damage|p1a: Mandibuzz|30/100
|-crit|p1a: Mandibuzz
|-damage|p1a: Mandibuzz|13/100
|-crit|p1a: Mandibuzz
|-damage|p1a: Mandibuzz|0 fnt
|faint|p1a: Mandibuzz
|-hitcount|p1: Mandibuzz|3
|
|upkeep
|
|t:|1663176868
|switch|p1a: Rillaboom|Rillaboom, M|88/100
|-damage|p1a: Rillaboom|76/100|[from] Stealth Rock
|-fieldstart|move: Grassy Terrain|[from] ability: Grassy Surge|[of] p1a: Rillaboom
|turn|22
|
|t:|1663176881
|switch|p2a: Tapu Koko|Tapu Koko|100/100
|-fieldstart|move: Electric Terrain|[from] ability: Electric Surge|[of] p2a: Tapu Koko
|move|p1a: Rillaboom|Grassy Glide|p2a: Tapu Koko
|-damage|p2a: Tapu Koko|18/100
|
|upkeep
|turn|23
|inactive|Battle timer is ON: inactive players will automatically lose when time's up. (requested by Contango)
|
|t:|1663176897
|switch|p1a: Tapu Lele|Tapu Lele, shiny|88/100
|-damage|p1a: Tapu Lele|76/100|[from] Stealth Rock
|-fieldstart|move: Psychic Terrain|[from] ability: Psychic Surge|[of] p1a: Tapu Lele
|move|p2a: Tapu Koko|U-turn|p1a: Tapu Lele
|-damage|p1a: Tapu Lele|51/100
|
|t:|1663176899
|switch|p2a: Urshifu|Urshifu-Rapid-Strike, M|100/100|[from]move: U-turn
|
|upkeep
|turn|24
|
|t:|1663176903
|move|p2a: Urshifu|Surging Strikes|p1a: Tapu Lele
|-crit|p1a: Tapu Lele
|-damage|p1a: Tapu Lele|7/100
|-crit|p1a: Tapu Lele
|-damage|p1a: Tapu Lele|0 fnt
|faint|p1a: Tapu Lele
|-hitcount|p1: Tapu Lele|2
|
|upkeep
|
|t:|1663176904
|switch|p1a: Rillaboom|Rillaboom, M|76/100
|-damage|p1a: Rillaboom|64/100|[from] Stealth Rock
|-fieldstart|move: Grassy Terrain|[from] ability: Grassy Surge|[of] p1a: Rillaboom
|turn|25
|
|t:|1663176910
|switch|p2a: Tapu Koko|Tapu Koko|18/100
|-fieldstart|move: Electric Terrain|[from] ability: Electric Surge|[of] p2a: Tapu Koko
|move|p1a: Rillaboom|Grassy Glide|p2a: Tapu Koko
|-damage|p2a: Tapu Koko|0 fnt
|faint|p2a: Tapu Koko
|
|upkeep
|
|t:|1663176915
|switch|p2a: Blacephalon|Blacephalon|100/100
|turn|26
|
|t:|1663176919
|switch|p2a: Urshifu|Urshifu-Rapid-Strike, M|100/100
|switch|p1a: Swampert|Swampert, M|71/100
|-damage|p1a: Swampert|65/100|[from] Stealth Rock
|
|-heal|p1a: Swampert|71/100|[from] item: Leftovers
|upkeep
|turn|27
|
|t:|1663176923
|switch|p1a: Dragapult|Dragapult, F, shiny|100/100
|-damage|p1a: Dragapult|88/100|[from] Stealth Rock
|move|p2a: Urshifu|Surging Strikes|p1a: Dragapult
|-resisted|p1a: Dragapult
|-crit|p1a: Dragapult
|-damage|p1a: Dragapult|66/100
|-resisted|p1a: Dragapult
|-crit|p1a: Dragapult
|-damage|p1a: Dragapult|45/100
|-resisted|p1a: Dragapult
|-crit|p1a: Dragapult
|-damage|p1a: Dragapult|24/100
|-hitcount|p1a: Dragapult|3
|
|upkeep
|turn|28
|
|t:|1663176927
|move|p1a: Dragapult|Dragon Darts|p2a: Urshifu
|-damage|p2a: Urshifu|57/100
|-anim|p1a: Dragapult|Dragon Darts|p2a: Urshifu
|-damage|p2a: Urshifu|17/100
|move|p2a: Urshifu|Surging Strikes|p1a: Dragapult
|-resisted|p1a: Dragapult
|-crit|p1a: Dragapult
|-damage|p1a: Dragapult|6/100
|-resisted|p1a: Dragapult
|-crit|p1a: Dragapult
|-damage|p1a: Dragapult|0 fnt
|faint|p1a: Dragapult
|-hitcount|p1: Dragapult|2
|
|upkeep
|
|t:|1663176931
|switch|p1a: Rillaboom|Rillaboom, M|64/100
|-damage|p1a: Rillaboom|51/100|[from] Stealth Rock
|-fieldstart|move: Grassy Terrain|[from] ability: Grassy Surge|[of] p1a: Rillaboom
|turn|29
|
|t:|1663176935
|move|p1a: Rillaboom|Grassy Glide|p2a: Urshifu
|-supereffective|p2a: Urshifu
|-crit|p2a: Urshifu
|-damage|p2a: Urshifu|0 fnt
|faint|p2a: Urshifu
|
|-heal|p1a: Rillaboom|57/100|[from] Grassy Terrain
|upkeep
|
|t:|1663176938
|switch|p2a: Blacephalon|Blacephalon|100/100
|turn|30
|
|t:|1663176939
|move|p1a: Rillaboom|Grassy Glide|p2a: Blacephalon
|-resisted|p2a: Blacephalon
|-damage|p2a: Blacephalon|20/100
|move|p2a: Blacephalon|Shadow Ball|p1a: Rillaboom
|-damage|p1a: Rillaboom|0 fnt
|faint|p1a: Rillaboom
|-ability|p2a: Blacephalon|Beast Boost|boost
|-boost|p2a: Blacephalon|spa|1
|
|-heal|p2a: Blacephalon|26/100|[from] Grassy Terrain
|upkeep
|
|t:|1663176941
|switch|p1a: Swampert|Swampert, M|71/100
|-damage|p1a: Swampert|65/100|[from] Stealth Rock
|turn|31
|
|t:|1663176943
|move|p2a: Blacephalon|Shadow Ball|p1a: Swampert
|-damage|p1a: Swampert|18/100
|move|p1a: Swampert|Flip Turn|p2a: Blacephalon
|-supereffective|p2a: Blacephalon
|-damage|p2a: Blacephalon|0 fnt
|faint|p2a: Blacephalon
|
|win|cump3
|raw|cump3's rating: 1675 &rarr; <strong>1692</strong><br />(+17 for winning)
|raw|Contango's rating: 1630 &rarr; <strong>1613</strong><br />(-17 for losing)
