|j|☆Kaleor
|j|☆awa03
|t:|1660208797
|gametype|singles
|player|p1|Kaleor|swimmer-gen4dp|1536
|player|p2|awa03|skierf|1548
|teamsize|p1|6
|teamsize|p2|6
|gen|8
|tier|[Gen 8] OU
|rated|
|rule|Sleep Clause Mod: Limit one foe put to sleep
|rule|Species Clause: Limit one of each Pokémon
|rule|OHKO Clause: OHKO moves are banned
|rule|Evasion Items Clause: Evasion items are banned
|rule|Evasion Moves Clause: Evasion moves are banned
|rule|Endless Battle Clause: Forcing endless battles is banned
|rule|HP Percentage Mod: HP is shown in percentages
|rule|Dynamax Clause: You cannot dynamax
|clearpoke
|poke|p1|Nihilego|
|poke|p1|Blaziken, F|
|poke|p1|Aegislash, M|
|poke|p1|Zapdos|
|poke|p1|Ninetales-Alola, M|
|poke|p1|Garchomp, M|
|poke|p2|Dragapult, M|
|poke|p2|Blissey, F|
|poke|p2|Kartana|
|poke|p2|Slowbro, F|
|poke|p2|Heatran, F|
|poke|p2|Landorus-Therian, M|
|teampreview
|inactive|Battle timer is ON: inactive players will automatically lose when time's up. (requested by Kaleor)
|
|t:|1660208814
|start
|switch|p1a: Ninetales|Ninetales-Alola, M|100/100
|switch|p2a: Heatran|Heatran, F|100/100
|-weather|Hail|[from] ability: Snow Warning|[of] p1a: Ninetales
|turn|1
|
|t:|1660208821
|move|p1a: Ninetales|Aurora Veil|p1a: Ninetales
|-sidestart|p1: Kaleor|move: Aurora Veil
|move|p2a: Heatran|Magma Storm|p1a: Ninetales|[miss]
|-miss|p2a: Heatran|p1a: Ninetales
|
|-weather|Hail|[upkeep]
|-damage|p2a: Heatran|94/100|[from] Hail
|-heal|p2a: Heatran|100/100|[from] item: Leftovers
|upkeep
|turn|2
|
|t:|1660208824
|switch|p1a: Garchomp|Garchomp, M|100/100
|move|p2a: Heatran|Stealth Rock|p1a: Garchomp
|-sidestart|p1: Kaleor|move: Stealth Rock
|
|-weather|Hail|[upkeep]
|-damage|p1a: Garchomp|94/100|[from] Hail
|-damage|p2a: Heatran|94/100|[from] Hail
|-heal|p1a: Garchomp|100/100|[from] item: Leftovers
|-heal|p2a: Heatran|100/100|[from] item: Leftovers
|upkeep
|turn|3
|
|t:|1660208833
|move|p1a: Garchomp|Swords Dance|p1a: Garchomp
|-boost|p1a: Garchomp|atk|2
|move|p2a: Heatran|Toxic|p1a: Garchomp
|-status|p1a: Garchomp|tox
|
|-weather|Hail|[upkeep]
|-damage|p1a: Garchomp|94/100 tox|[from] Hail
|-damage|p2a: Heatran|94/100|[from] Hail
|-heal|p1a: Garchomp|100/100 tox|[from] item: Leftovers
|-heal|p2a: Heatran|100/100|[from] item: Leftovers
|-damage|p1a: Garchomp|94/100 tox|[from] psn
|upkeep
|turn|4
|
|t:|1660208844
|move|p1a: Garchomp|Scale Shot|p2a: Heatran
|-resisted|p2a: Heatran
|-damage|p2a: Heatran|90/100
|-resisted|p2a: Heatran
|-damage|p2a: Heatran|79/100
|-resisted|p2a: Heatran
|-damage|p2a: Heatran|67/100
|-resisted|p2a: Heatran
|-damage|p2a: Heatran|55/100
|-hitcount|p2a: Heatran|4
|-unboost|p1a: Garchomp|def|1
|-boost|p1a: Garchomp|spe|1
|move|p2a: Heatran|Magma Storm|p1a: Garchomp
|-resisted|p1a: Garchomp
|-crit|p1a: Garchomp
|-damage|p1a: Garchomp|56/100 tox
|-activate|p1a: Garchomp|move: Magma Storm|[of] p2a: Heatran
|
|-weather|Hail|[upkeep]
|-damage|p1a: Garchomp|50/100 tox|[from] Hail
|-damage|p2a: Heatran|49/100|[from] Hail
|-heal|p1a: Garchomp|56/100 tox|[from] item: Leftovers
|-heal|p2a: Heatran|55/100|[from] item: Leftovers
|-damage|p1a: Garchomp|44/100 tox|[from] psn
|-damage|p1a: Garchomp|31/100 tox|[from] move: Magma Storm|[partiallytrapped]
|upkeep
|turn|5
|
|t:|1660208864
|switch|p2a: Landorus|Landorus-Therian, M|100/100
|-ability|p2a: Landorus|Intimidate|boost
|-unboost|p1a: Garchomp|atk|1
|move|p1a: Garchomp|Scale Shot|p2a: Landorus|[miss]
|-miss|p1a: Garchomp|p2a: Landorus
|
|-weather|none
|-heal|p1a: Garchomp|37/100 tox|[from] item: Leftovers
|-damage|p1a: Garchomp|19/100 tox|[from] psn
|-end|p1a: Garchomp|Magma Storm|[partiallytrapped]|[silent]
|upkeep
|turn|6
|
|t:|1660208882
|move|p1a: Garchomp|Scale Shot|p2a: Landorus|[miss]
|-miss|p1a: Garchomp|p2a: Landorus
|move|p2a: Landorus|Substitute|p2a: Landorus
|-start|p2a: Landorus|Substitute
|-damage|p2a: Landorus|76/100
|
|-heal|p1a: Garchomp|25/100 tox|[from] item: Leftovers
|-heal|p2a: Landorus|82/100|[from] item: Leftovers
|-damage|p1a: Garchomp|0 fnt|[from] psn
|faint|p1a: Garchomp
|upkeep
|
|t:|1660208887
|switch|p1a: Ninetales|Ninetales-Alola, M|100/100
|-damage|p1a: Ninetales|76/100|[from] Stealth Rock
|-weather|Hail|[from] ability: Snow Warning|[of] p1a: Ninetales
|turn|7
|
|t:|1660208894
|move|p1a: Ninetales|Blizzard|p2a: Landorus
|-supereffective|p2a: Landorus
|-end|p2a: Landorus|Substitute
|move|p2a: Landorus|Stone Edge|p1a: Ninetales
|-supereffective|p1a: Ninetales
|-crit|p1a: Ninetales
|-damage|p1a: Ninetales|0 fnt
|faint|p1a: Ninetales
|
|-weather|Hail|[upkeep]
|-damage|p2a: Landorus|76/100|[from] Hail
|-heal|p2a: Landorus|82/100|[from] item: Leftovers
|upkeep
|
|t:|1660208914
|switch|p1a: Zapdos|Zapdos|100/100
|turn|8
|
|t:|1660208919
|move|p2a: Landorus|Substitute|p2a: Landorus
|-start|p2a: Landorus|Substitute
|-damage|p2a: Landorus|57/100
|move|p1a: Zapdos|Defog|p2a: Landorus
|-sideend|p1: Kaleor|Stealth Rock|[from] move: Defog|[of] p1a: Zapdos
|
|-weather|Hail|[upkeep]
|-damage|p2a: Landorus|51/100|[from] Hail
|-damage|p1a: Zapdos|94/100|[from] Hail
|-heal|p2a: Landorus|57/100|[from] item: Leftovers
|-sideend|p1: Kaleor|move: Aurora Veil
|upkeep
|turn|9
|
|t:|1660208928
|move|p2a: Landorus|Swords Dance|p2a: Landorus
|-boost|p2a: Landorus|atk|2
|move|p1a: Zapdos|Hurricane|p2a: Landorus|[miss]
|-miss|p1a: Zapdos|p2a: Landorus
|
|-weather|Hail|[upkeep]
|-damage|p2a: Landorus|51/100|[from] Hail
|-damage|p1a: Zapdos|88/100|[from] Hail
|-heal|p2a: Landorus|57/100|[from] item: Leftovers
|upkeep
|turn|10
|
|t:|1660208933
|move|p2a: Landorus|Stone Edge|p1a: Zapdos
|-supereffective|p1a: Zapdos
|-damage|p1a: Zapdos|0 fnt
|faint|p1a: Zapdos
|
|-weather|Hail|[upkeep]
|-damage|p2a: Landorus|51/100|[from] Hail
|-heal|p2a: Landorus|57/100|[from] item: Leftovers
|upkeep
|
|t:|1660208940
|switch|p1a: Nihilego|Nihilego|100/100
|turn|11
|
|t:|1660208943
|move|p1a: Nihilego|Meteor Beam||[still]
|-prepare|p1a: Nihilego|Meteor Beam
|-boost|p1a: Nihilego|spa|1
|-enditem|p1a: Nihilego|Power Herb
|-anim|p1a: Nihilego|Meteor Beam|p2a: Landorus|[miss]
|-miss|p1a: Nihilego|p2a: Landorus
|move|p2a: Landorus|Earthquake|p1a: Nihilego
|-supereffective|p1a: Nihilego
|-damage|p1a: Nihilego|0 fnt
|faint|p1a: Nihilego
|
|-weather|none
|-heal|p2a: Landorus|63/100|[from] item: Leftovers
|upkeep
|-message|Kaleor forfeited.
|
|win|awa03
|raw|Kaleor's rating: 1536 &rarr; <strong>1517</strong><br />(-19 for losing)
|raw|awa03's rating: 1548 &rarr; <strong>1567</strong><br />(+19 for winning)
|l|☆Kaleor
