|j|☆Mutako Z
|j|☆Undercoverdiglet
|t:|1655078291
|gametype|singles
|player|p1|Mutako Z|cynthia-gen4|1503
|player|p2|Undercoverdiglet|266|1599
|teamsize|p1|6
|teamsize|p2|6
|gen|8
|tier|[Gen 8] OU
|rated|
|rule|Sleep Clause Mod: Limit one foe put to sleep
|rule|Species Clause: Limit one of each Pokémon
|rule|OHKO Clause: OHKO moves are banned
|rule|Evasion Moves Clause: Evasion moves are banned
|rule|Endless Battle Clause: Forcing endless battles is banned
|rule|HP Percentage Mod: HP is shown in percentages
|rule|Dynamax Clause: You cannot dynamax
|clearpoke
|poke|p1|Hippowdon, F|
|poke|p1|Tyranitar, F|
|poke|p1|Excadrill, M|
|poke|p1|Dracozolt|
|poke|p1|Zapdos|
|poke|p1|Corviknight, F|
|poke|p2|Zoroark, F|
|poke|p2|Slowbro, M|
|poke|p2|Tornadus-Therian, M|
|poke|p2|Mamoswine, F|
|poke|p2|Heatran, F|
|poke|p2|Regieleki|
|teampreview
|inactive|Battle timer is ON: inactive players will automatically lose when time's up. (requested by Mutako Z)
|inactive|Undercoverdiglet has 120 seconds left.
|inactive|Undercoverdiglet has 90 seconds left.
|
|t:|1655078384
|start
|switch|p1a: Corviknight|Corviknight, F|100/100
|switch|p2a: Mamoswine|Mamoswine, F|100/100
|-ability|p1a: Corviknight|Pressure
|turn|1
|
|t:|1655078391
|move|p2a: Mamoswine|Flamethrower|p1a: Corviknight
|-supereffective|p1a: Corviknight
|-damage|p1a: Corviknight|8/100
|move|p1a: Corviknight|Body Press|p2a: Mamoswine
|-supereffective|p2a: Mamoswine
|-damage|p2a: Mamoswine|0 fnt
|replace|p2a: Zoroark|Zoroark, F, shiny
|-end|p2a: Zoroark|Illusion
|faint|p2a: Zoroark
|
|upkeep
|
|t:|1655078400
|switch|p2a: Mamoswine|Mamoswine, F|100/100
|turn|2
|
|t:|1655078407
|switch|p1a: Tyranitar|Tyranitar, F|100/100
|-weather|Sandstorm|[from] ability: Sand Stream|[of] p1a: Tyranitar
|move|p2a: Mamoswine|Ice Shard|p1a: Tyranitar
|-damage|p1a: Tyranitar|73/100
|-damage|p2a: Mamoswine|91/100|[from] item: Life Orb
|
|-weather|Sandstorm|[upkeep]
|upkeep
|turn|3
|
|t:|1655078417
|move|p2a: Mamoswine|Earthquake|p1a: Tyranitar
|-supereffective|p1a: Tyranitar
|-enditem|p1a: Tyranitar|Shuca Berry|[eat]
|-enditem|p1a: Tyranitar|Shuca Berry|[weaken]
|-damage|p1a: Tyranitar|5/100
|-damage|p2a: Mamoswine|81/100|[from] item: Life Orb
|move|p1a: Tyranitar|Stone Edge|p2a: Mamoswine
|-damage|p2a: Mamoswine|25/100
|
|-weather|Sandstorm|[upkeep]
|upkeep
|turn|4
|
|t:|1655078429
|move|p2a: Mamoswine|Ice Shard|p1a: Tyranitar
|-damage|p1a: Tyranitar|0 fnt
|faint|p1a: Tyranitar
|-damage|p2a: Mamoswine|15/100|[from] item: Life Orb
|
|-weather|Sandstorm|[upkeep]
|upkeep
|
|t:|1655078441
|switch|p1a: Excadrill|Excadrill, M|100/100
|turn|5
|
|t:|1655078445
|switch|p2a: Slowbro|Slowbro, M|100/100
|move|p1a: Excadrill|Iron Head|p2a: Slowbro
|-resisted|p2a: Slowbro
|-damage|p2a: Slowbro|83/100
|-damage|p1a: Excadrill|84/100|[from] item: Rocky Helmet|[of] p2a: Slowbro
|-damage|p1a: Excadrill|74/100|[from] item: Life Orb
|
|-weather|Sandstorm|[upkeep]
|-damage|p2a: Slowbro|77/100|[from] Sandstorm
|upkeep
|turn|6
|
|t:|1655078463
|switch|p1a: Zapdos|Zapdos|100/100
|move|p2a: Slowbro|Teleport|p2a: Slowbro
|
|t:|1655078466
|switch|p2a: Heatran|Heatran, F|100/100|[from]move: Teleport
|
|-weather|none
|upkeep
|turn|7
|
|t:|1655078471
|move|p1a: Zapdos|Volt Switch|p2a: Heatran
|-damage|p2a: Heatran|83/100
|
|t:|1655078475
|switch|p1a: Hippowdon|Hippowdon, F|100/100|[from]move: Volt Switch
|-weather|Sandstorm|[from] ability: Sand Stream|[of] p1a: Hippowdon
|move|p2a: Heatran|Stealth Rock|p1a: Hippowdon
|-sidestart|p1: Mutako Z|move: Stealth Rock
|
|-weather|Sandstorm|[upkeep]
|-heal|p2a: Heatran|89/100|[from] item: Leftovers
|upkeep
|turn|8
|
|t:|1655078502
|switch|p2a: Slowbro|Slowbro, M|100/100
|move|p1a: Hippowdon|Stealth Rock|p2a: Slowbro
|-sidestart|p2: Undercoverdiglet|move: Stealth Rock
|
|-weather|Sandstorm|[upkeep]
|-damage|p2a: Slowbro|94/100|[from] Sandstorm
|upkeep
|turn|9
|
|t:|1655078509
|switch|p1a: Zapdos|Zapdos|100/100
|move|p2a: Slowbro|Scald|p1a: Zapdos
|-damage|p1a: Zapdos|78/100
|-status|p1a: Zapdos|brn
|
|-weather|Sandstorm|[upkeep]
|-damage|p1a: Zapdos|72/100 brn|[from] Sandstorm
|-damage|p2a: Slowbro|88/100|[from] Sandstorm
|-damage|p1a: Zapdos|66/100 brn|[from] brn
|upkeep
|turn|10
|
|t:|1655078524
|move|p1a: Zapdos|Toxic|p2a: Slowbro|[miss]
|-miss|p1a: Zapdos|p2a: Slowbro
|move|p2a: Slowbro|Teleport|p2a: Slowbro
|
|t:|1655078531
|switch|p2a: Heatran|Heatran, F|89/100|[from]move: Teleport
|-damage|p2a: Heatran|76/100|[from] Stealth Rock
|
|-weather|Sandstorm|[upkeep]
|-damage|p1a: Zapdos|60/100 brn|[from] Sandstorm
|-heal|p2a: Heatran|83/100|[from] item: Leftovers
|-damage|p1a: Zapdos|54/100 brn|[from] brn
|upkeep
|turn|11
|
|t:|1655078539
|move|p1a: Zapdos|Volt Switch|p2a: Heatran
|-damage|p2a: Heatran|65/100
|
|t:|1655078542
|switch|p1a: Dracozolt|Dracozolt|100/100|[from]move: Volt Switch
|-damage|p1a: Dracozolt|88/100|[from] Stealth Rock
|move|p2a: Heatran|Toxic|p1a: Dracozolt
|-status|p1a: Dracozolt|tox
|
|-weather|Sandstorm|[upkeep]
|-heal|p2a: Heatran|71/100|[from] item: Leftovers
|-damage|p1a: Dracozolt|82/100 tox|[from] psn
|upkeep
|turn|12
|
|t:|1655078557
|switch|p2a: Mamoswine|Mamoswine, F|15/100
|-damage|p2a: Mamoswine|2/100|[from] Stealth Rock
|move|p1a: Dracozolt|Earthquake|p2a: Mamoswine
|-damage|p2a: Mamoswine|0 fnt
|faint|p2a: Mamoswine
|-damage|p1a: Dracozolt|72/100 tox|[from] item: Life Orb
|
|-weather|Sandstorm|[upkeep]
|-damage|p1a: Dracozolt|59/100 tox|[from] psn
|upkeep
|
|t:|1655078572
|switch|p2a: Regieleki|Regieleki, shiny|100/100
|turn|13
|
|t:|1655078579
|move|p2a: Regieleki|Swift|p1a: Dracozolt
|-damage|p1a: Dracozolt|33/100 tox
|move|p1a: Dracozolt|Earthquake|p2a: Regieleki
|-supereffective|p2a: Regieleki
|-damage|p2a: Regieleki|0 fnt
|faint|p2a: Regieleki
|-damage|p1a: Dracozolt|23/100 tox|[from] item: Life Orb
|
|-weather|Sandstorm|[upkeep]
|-damage|p1a: Dracozolt|4/100 tox|[from] psn
|upkeep
|
|t:|1655078590
|switch|p2a: Tornadus|Tornadus-Therian, M|100/100
|turn|14
|
|t:|1655078597
|move|p1a: Dracozolt|Bolt Beak|p2a: Tornadus
|-supereffective|p2a: Tornadus
|-damage|p2a: Tornadus|0 fnt
|faint|p2a: Tornadus
|-damage|p1a: Dracozolt|0 fnt|[from] item: Life Orb
|faint|p1a: Dracozolt
|
|-weather|none
|upkeep
|
|t:|1655078607
|switch|p2a: Slowbro|Slowbro, M|100/100
|switch|p1a: Hippowdon|Hippowdon, F|100/100
|-damage|p1a: Hippowdon|94/100|[from] Stealth Rock
|-weather|Sandstorm|[from] ability: Sand Stream|[of] p1a: Hippowdon
|-damage|p2a: Slowbro|88/100|[from] Stealth Rock
|turn|15
|
|t:|1655078614
|move|p1a: Hippowdon|Yawn|p2a: Slowbro
|-start|p2a: Slowbro|move: Yawn|[of] p1a: Hippowdon
|move|p2a: Slowbro|Scald|p1a: Hippowdon
|-supereffective|p1a: Hippowdon
|-damage|p1a: Hippowdon|31/100
|-status|p1a: Hippowdon|brn
|
|-weather|Sandstorm|[upkeep]
|-damage|p2a: Slowbro|82/100|[from] Sandstorm
|-damage|p1a: Hippowdon|25/100 brn|[from] brn
|upkeep
|turn|16
|
|t:|1655078628
|switch|p1a: Corviknight|Corviknight, F|8/100
|-damage|p1a: Corviknight|0 fnt|[from] Stealth Rock
|faint|p1a: Corviknight
|move|p2a: Slowbro|Teleport|p2a: Slowbro
|
|t:|1655078631
|switch|p2a: Heatran|Heatran, F|71/100|[from]move: Teleport
|-damage|p2a: Heatran|59/100|[from] Stealth Rock
|
|-weather|Sandstorm|[upkeep]
|-heal|p2a: Heatran|65/100|[from] item: Leftovers
|upkeep
|
|t:|1655078638
|switch|p1a: Excadrill|Excadrill, M|74/100
|-damage|p1a: Excadrill|71/100|[from] Stealth Rock
|turn|17
|
|t:|1655078645
|switch|p2a: Slowbro|Slowbro, M|100/100
|-damage|p2a: Slowbro|88/100|[from] Stealth Rock
|move|p1a: Excadrill|Earthquake|p2a: Slowbro
|-damage|p2a: Slowbro|39/100
|-damage|p1a: Excadrill|61/100|[from] item: Life Orb
|
|-weather|Sandstorm|[upkeep]
|-damage|p2a: Slowbro|33/100|[from] Sandstorm
|upkeep
|turn|18
|-message|Undercoverdiglet forfeited.
|
|win|Mutako Z
|raw|Mutako Z's rating: 1503 &rarr; <strong>1528</strong><br />(+25 for winning)
|raw|Undercoverdiglet's rating: 1599 &rarr; <strong>1574</strong><br />(-25 for losing)
||Ladder isn't responding, score probably updated but might not have (Request timeout).
