|html|<div class="broadcast-blue"><strong>[Gen 8] OU is currently suspecting Melmetal! For information on how to participate check out the <a href="https://www.smogon.com/forums/threads/np-ss-ou-suspect-process-round-12-monster-mash.3709234/">suspect thread</a>.</strong></div>
|j|☆Kamikaz 100
|j|☆Aim on mai wei
|t:|1666196142
|gametype|singles
|player|p1|Kamikaz 100|richboy-gen4|1803
|player|p2|Aim on mai wei|102|1882
|teamsize|p1|6
|teamsize|p2|6
|gen|8
|tier|[Gen 8] OU
|rated|
|rule|Sleep Clause Mod: Limit one foe put to sleep
|rule|Species Clause: Limit one of each Pokémon
|rule|OHKO Clause: OHKO moves are banned
|rule|Evasion Items Clause: Evasion items are banned
|rule|Evasion Moves Clause: Evasion moves are banned
|rule|Endless Battle Clause: Forcing endless battles is banned
|rule|HP Percentage Mod: HP is shown in percentages
|rule|Dynamax Clause: You cannot dynamax
|clearpoke
|poke|p1|Volcanion|
|poke|p1|Landorus-Therian, M|
|poke|p1|Zapdos|
|poke|p1|Melmetal|
|poke|p1|Tapu Lele|
|poke|p1|Dragapult, F|
|poke|p2|Gastrodon, F|
|poke|p2|Blissey, F|
|poke|p2|Slowking-Galar, F|
|poke|p2|Toxapex, M|
|poke|p2|Clefable, M|
|poke|p2|Corviknight, F|
|teampreview
|inactive|Battle timer is ON: inactive players will automatically lose when time's up. (requested by Kamikaz 100)
|
|t:|1666196165
|start
|switch|p1a: Landorus|Landorus-Therian, M|100/100
|switch|p2a: Toxapex|Toxapex, M|100/100
|-ability|p1a: Landorus|Intimidate|boost
|-unboost|p2a: Toxapex|atk|1
|turn|1
|
|t:|1666196172
|move|p1a: Landorus|Earthquake|p2a: Toxapex
|-supereffective|p2a: Toxapex
|-damage|p2a: Toxapex|44/100
|move|p2a: Toxapex|Toxic|p1a: Landorus
|-status|p1a: Landorus|tox
|
|-damage|p1a: Landorus|94/100 tox|[from] psn
|upkeep
|turn|2
|
|t:|1666196178
|switch|p2a: Corviknight|Corviknight, F|100/100
|-ability|p2a: Corviknight|Pressure
|move|p1a: Landorus|Stealth Rock|p2a: Corviknight
|-sidestart|p2: Aim on mai wei|move: Stealth Rock
|
|-heal|p1a: Landorus|100/100 tox|[from] item: Leftovers
|-damage|p1a: Landorus|88/100 tox|[from] psn
|upkeep
|turn|3
|
|t:|1666196189
|switch|p1a: Volcanion|Volcanion|100/100
|move|p2a: Corviknight|Defog|p1a: Volcanion
|-unboost|p1a: Volcanion|evasion|1
|-sideend|p2: Aim on mai wei|Stealth Rock|[from] move: Defog|[of] p2a: Corviknight
|
|upkeep
|turn|4
|
|t:|1666196194
|switch|p2a: Blissey|Blissey, F|100/100
|move|p1a: Volcanion|Steam Eruption|p2a: Blissey
|-damage|p2a: Blissey|79/100
|
|upkeep
|turn|5
|
|t:|1666196202
|switch|p1a: Dragapult|Dragapult, F|100/100
|move|p2a: Blissey|Stealth Rock|p1a: Dragapult
|-sidestart|p1: Kamikaz 100|move: Stealth Rock
|
|upkeep
|turn|6
|
|t:|1666196210
|switch|p2a: Toxapex|Toxapex, M|78/100
|move|p1a: Dragapult|Dragon Darts|p2a: Toxapex
|-damage|p2a: Toxapex|56/100
|-anim|p1a: Dragapult|Dragon Darts|p2a: Toxapex
|-crit|p2a: Toxapex
|-damage|p2a: Toxapex|23/100
|
|upkeep
|turn|7
|
|t:|1666196221
|switch|p1a: Melmetal|Melmetal|100/100
|-damage|p1a: Melmetal|94/100|[from] Stealth Rock
|switch|p2a: Clefable|Clefable, M|100/100
|
|upkeep
|turn|8
|
|t:|1666196225
|switch|p2a: Gastrodon|Gastrodon, F|100/100
|move|p1a: Melmetal|Thunder Punch|p2a: Gastrodon
|-immune|p2a: Gastrodon
|
|upkeep
|turn|9
|j| Knabben
|
|t:|1666196241
|move|p2a: Gastrodon|Scald|p1a: Melmetal
|-damage|p1a: Melmetal|81/100
|move|p1a: Melmetal|Double Iron Bash|p2a: Gastrodon
|-resisted|p2a: Gastrodon
|-damage|p2a: Gastrodon|79/100
|-resisted|p2a: Gastrodon
|-damage|p2a: Gastrodon|58/100
|-hitcount|p2a: Gastrodon|2
|
|-heal|p2a: Gastrodon|64/100|[from] item: Leftovers
|upkeep
|turn|10
|
|t:|1666196250
|move|p2a: Gastrodon|Recover|p2a: Gastrodon
|-heal|p2a: Gastrodon|100/100
|move|p1a: Melmetal|Superpower|p2a: Gastrodon
|-damage|p2a: Gastrodon|53/100
|-unboost|p1a: Melmetal|atk|1
|-unboost|p1a: Melmetal|def|1
|
|-heal|p2a: Gastrodon|59/100|[from] item: Leftovers
|upkeep
|turn|11
|
|t:|1666196257
|switch|p1a: Volcanion|Volcanion|100/100
|move|p2a: Gastrodon|Recover|p2a: Gastrodon
|-heal|p2a: Gastrodon|100/100
|
|upkeep
|turn|12
|
|t:|1666196260
|switch|p2a: Blissey|Blissey, F|79/100
|move|p1a: Volcanion|Sludge Bomb|p2a: Blissey
|-damage|p2a: Blissey|67/100
|
|upkeep
|turn|13
|
|t:|1666196265
|move|p1a: Volcanion|Steam Eruption|p2a: Blissey
|-damage|p2a: Blissey|43/100
|-status|p2a: Blissey|brn
|move|p2a: Blissey|Soft-Boiled|p2a: Blissey
|-heal|p2a: Blissey|93/100 brn
|
|-damage|p2a: Blissey|87/100 brn|[from] brn
|upkeep
|turn|14
|
|t:|1666196272
|move|p1a: Volcanion|Flamethrower|p2a: Blissey
|-damage|p2a: Blissey|70/100 brn
|move|p2a: Blissey|Thunder Wave|p1a: Volcanion|[miss]
|-miss|p2a: Blissey|p1a: Volcanion
|
|-damage|p2a: Blissey|64/100 brn|[from] brn
|upkeep
|turn|15
|
|t:|1666196279
|switch|p1a: Landorus|Landorus-Therian, M|88/100 tox
|-damage|p1a: Landorus|76/100 tox|[from] Stealth Rock
|-ability|p1a: Landorus|Intimidate|boost
|-unboost|p2a: Blissey|atk|1
|move|p2a: Blissey|Soft-Boiled|p2a: Blissey
|-heal|p2a: Blissey|100/100 brn
|
|-heal|p1a: Landorus|82/100 tox|[from] item: Leftovers
|-damage|p1a: Landorus|76/100 tox|[from] psn
|-damage|p2a: Blissey|94/100 brn|[from] brn
|upkeep
|turn|16
|
|t:|1666196286
|-curestatus|p2a: Blissey|brn|[from] ability: Natural Cure
|switch|p2a: Corviknight|Corviknight, F|100/100
|-ability|p2a: Corviknight|Pressure
|move|p1a: Landorus|Stealth Rock|p2a: Corviknight
|-sidestart|p2: Aim on mai wei|move: Stealth Rock
|
|-heal|p1a: Landorus|82/100 tox|[from] item: Leftovers
|-damage|p1a: Landorus|70/100 tox|[from] psn
|upkeep
|turn|17
|
|t:|1666196294
|move|p1a: Landorus|U-turn|p2a: Corviknight
|-resisted|p2a: Corviknight
|-damage|p2a: Corviknight|97/100
|
|t:|1666196296
|switch|p1a: Zapdos|Zapdos|100/100|[from]move: U-turn
|move|p2a: Corviknight|Defog|p1a: Zapdos
|-unboost|p1a: Zapdos|evasion|1
|-sideend|p1: Kamikaz 100|Stealth Rock|[from] move: Defog|[of] p2a: Corviknight
|-sideend|p2: Aim on mai wei|Stealth Rock|[from] move: Defog|[of] p2a: Corviknight
|
|upkeep
|turn|18
|
|t:|1666196302
|switch|p2a: Blissey|Blissey, F|94/100
|move|p1a: Zapdos|Hurricane|p2a: Blissey|[miss]
|-miss|p1a: Zapdos|p2a: Blissey
|
|upkeep
|turn|19
|
|t:|1666196308
|move|p1a: Zapdos|Discharge|p2a: Blissey
|-crit|p2a: Blissey
|-damage|p2a: Blissey|77/100
|-status|p2a: Blissey|par
|move|p2a: Blissey|Stealth Rock|p1a: Zapdos
|-sidestart|p1: Kamikaz 100|move: Stealth Rock
|
|upkeep
|turn|20
|
|t:|1666196316
|move|p1a: Zapdos|Defog|p2a: Blissey
|-unboost|p2a: Blissey|evasion|1
|-sideend|p1: Kamikaz 100|Stealth Rock|[from] move: Defog|[of] p1a: Zapdos
|move|p2a: Blissey|Soft-Boiled|p2a: Blissey
|-heal|p2a: Blissey|100/100 par
|
|upkeep
|turn|21
|
|t:|1666196321
|switch|p1a: Dragapult|Dragapult, F|100/100
|move|p2a: Blissey|Stealth Rock|p1a: Dragapult
|-sidestart|p1: Kamikaz 100|move: Stealth Rock
|
|upkeep
|turn|22
|
|t:|1666196329
|-curestatus|p2a: Blissey|par|[from] ability: Natural Cure
|switch|p2a: Toxapex|Toxapex, M|56/100
|move|p1a: Dragapult|U-turn|p2a: Toxapex
|-resisted|p2a: Toxapex
|-damage|p2a: Toxapex|45/100
|
|t:|1666196334
|switch|p1a: Tapu Lele|Tapu Lele|100/100|[from]move: U-turn
|-damage|p1a: Tapu Lele|88/100|[from] Stealth Rock
|-fieldstart|move: Psychic Terrain|[from] ability: Psychic Surge|[of] p1a: Tapu Lele
|
|upkeep
|turn|23
|
|t:|1666196341
|switch|p2a: Slowking|Slowking-Galar, F|100/100
|move|p1a: Tapu Lele|Psyshock|p2a: Slowking
|-damage|p2a: Slowking|45/100
|
|upkeep
|turn|24
|
|t:|1666196349
|switch|p2a: Corviknight|Corviknight, F|97/100
|-ability|p2a: Corviknight|Pressure
|move|p1a: Tapu Lele|Psyshock|p2a: Corviknight
|-resisted|p2a: Corviknight
|-damage|p2a: Corviknight|78/100
|
|upkeep
|turn|25
|
|t:|1666196359
|switch|p1a: Zapdos|Zapdos|100/100
|move|p2a: Corviknight|Roost|p2a: Corviknight
|-heal|p2a: Corviknight|100/100
|-singleturn|p2a: Corviknight|move: Roost
|
|upkeep
|turn|26
|j| Jongruenwald
|
|t:|1666196370
|switch|p2a: Slowking|Slowking-Galar, F|78/100
|move|p1a: Zapdos|Defog|p2a: Slowking
|-unboost|p2a: Slowking|evasion|1
|-sideend|p1: Kamikaz 100|Stealth Rock|[from] move: Defog|[of] p1a: Zapdos
|-fieldend|move: Psychic Terrain
|
|upkeep
|turn|27
|
|t:|1666196374
|switch|p2a: Blissey|Blissey, F|100/100
|move|p1a: Zapdos|Discharge|p2a: Blissey
|-damage|p2a: Blissey|88/100
|-status|p2a: Blissey|par
|
|upkeep
|turn|28
|
|t:|1666196379
|switch|p1a: Dragapult|Dragapult, F|100/100
|move|p2a: Blissey|Stealth Rock|p1a: Dragapult
|-sidestart|p1: Kamikaz 100|move: Stealth Rock
|
|upkeep
|turn|29
|
|t:|1666196390
|-curestatus|p2a: Blissey|par|[from] ability: Natural Cure
|switch|p2a: Toxapex|Toxapex, M|78/100
|move|p1a: Dragapult|Dragon Darts|p2a: Toxapex
|-damage|p2a: Toxapex|57/100
|-anim|p1a: Dragapult|Dragon Darts|p2a: Toxapex
|-damage|p2a: Toxapex|34/100
|
|upkeep
|turn|30
|
|t:|1666196399
|switch|p1a: Melmetal|Melmetal|81/100
|-damage|p1a: Melmetal|75/100|[from] Stealth Rock
|switch|p2a: Clefable|Clefable, M|100/100
|
|upkeep
|turn|31
|
|t:|1666196406
|switch|p2a: Gastrodon|Gastrodon, F|100/100
|move|p1a: Melmetal|Earthquake|p2a: Gastrodon
|-damage|p2a: Gastrodon|62/100
|
|-heal|p2a: Gastrodon|68/100|[from] item: Leftovers
|upkeep
|turn|32
|
|t:|1666196415
|switch|p1a: Tapu Lele|Tapu Lele|88/100
|-damage|p1a: Tapu Lele|76/100|[from] Stealth Rock
|-fieldstart|move: Psychic Terrain|[from] ability: Psychic Surge|[of] p1a: Tapu Lele
|move|p2a: Gastrodon|Recover|p2a: Gastrodon
|-heal|p2a: Gastrodon|100/100
|
|upkeep
|turn|33
|
|t:|1666196419
|move|p2a: Gastrodon|Protect|p2a: Gastrodon
|-singleturn|p2a: Gastrodon|Protect
|move|p1a: Tapu Lele|Focus Blast|p2a: Gastrodon
|-activate|p2a: Gastrodon|move: Protect
|
|upkeep
|turn|34
|-message|Kamikaz 100 forfeited.
|
|win|Aim on mai wei
|raw|Kamikaz 100's rating: 1803 &rarr; <strong>1787</strong><br />(-16 for losing)
|raw|Aim on mai wei's rating: 1882 &rarr; <strong>1898</strong><br />(+16 for winning)
|l|☆Kamikaz 100
|l|☆Aim on mai wei
|l| Jongruenwald
