|j|☆Bunch24
|j|☆aauha
|t:|1663030311
|gametype|singles
|player|p1|Bunch24|169|1554
|player|p2|aauha|bruno-gen3|1547
|teamsize|p1|6
|teamsize|p2|6
|gen|8
|tier|[Gen 8] OU
|rated|
|rule|Sleep Clause Mod: Limit one foe put to sleep
|rule|Species Clause: Limit one of each Pokémon
|rule|OHKO Clause: OHKO moves are banned
|rule|Evasion Items Clause: Evasion items are banned
|rule|Evasion Moves Clause: Evasion moves are banned
|rule|Endless Battle Clause: Forcing endless battles is banned
|rule|HP Percentage Mod: HP is shown in percentages
|rule|Dynamax Clause: You cannot dynamax
|clearpoke
|poke|p1|Nihilego|
|poke|p1|Buzzwole|
|poke|p1|Seismitoad, M|
|poke|p1|Weavile, F|
|poke|p1|Zapdos|
|poke|p1|Heatran, F|
|poke|p2|Corviknight, F|
|poke|p2|Landorus-Therian, M|
|poke|p2|Magnezone|
|poke|p2|Tapu Lele|
|poke|p2|Kartana|
|poke|p2|Blissey, F|
|teampreview
|j| Poke Referee
|c| Poke Referee|Alright Gentelmen, let's have a nice, clean match.  Touch balls, let's make it official!
|c|☆Bunch24|Why u everywhere
|c|☆aauha|Yessir 🥊
|
|t:|1663030360
|start
|switch|p1a: Weavile|Weavile, F|100/100
|switch|p2a: Landorus|Landorus-Therian, M|100/100
|-ability|p1a: Weavile|Pressure
|-ability|p2a: Landorus|Intimidate|boost
|-unboost|p1a: Weavile|atk|1
|turn|1
|c| Poke Referee|Gotta keep it clean
|
|t:|1663030368
|switch|p1a: Seismitoad|Seismitoad, M|100/100
|switch|p2a: Corviknight|Corviknight, F|100/100
|-ability|p2a: Corviknight|Pressure
|
|upkeep
|turn|2
|
|t:|1663030371
|move|p2a: Corviknight|U-turn|p1a: Seismitoad
|-damage|p1a: Seismitoad|89/100
|
|t:|1663030373
|switch|p2a: Blissey|Blissey, F|100/100|[from]move: U-turn
|move|p1a: Seismitoad|Stealth Rock|p2a: Blissey
|-sidestart|p2: aauha|move: Stealth Rock
|
|-heal|p1a: Seismitoad|95/100|[from] item: Leftovers
|upkeep
|turn|3
|
|t:|1663030377
|move|p1a: Seismitoad|Knock Off|p2a: Blissey
|-damage|p2a: Blissey|82/100
|-enditem|p2a: Blissey|Heavy-Duty Boots|[from] move: Knock Off|[of] p1a: Seismitoad
|move|p2a: Blissey|Toxic|p1a: Seismitoad
|-status|p1a: Seismitoad|tox
|
|-heal|p1a: Seismitoad|100/100 tox|[from] item: Leftovers
|-damage|p1a: Seismitoad|94/100 tox|[from] psn
|upkeep
|turn|4
|
|t:|1663030382
|switch|p1a: Buzzwole|Buzzwole|100/100
|move|p2a: Blissey|Seismic Toss|p1a: Buzzwole
|-damage|p1a: Buzzwole|76/100
|
|-heal|p1a: Buzzwole|82/100|[from] item: Leftovers
|upkeep
|turn|5
|
|t:|1663030387
|switch|p2a: Corviknight|Corviknight, F|100/100
|-damage|p2a: Corviknight|88/100|[from] Stealth Rock
|-ability|p2a: Corviknight|Pressure
|move|p1a: Buzzwole|Close Combat|p2a: Corviknight
|-damage|p2a: Corviknight|56/100
|-unboost|p1a: Buzzwole|def|1
|-unboost|p1a: Buzzwole|spd|1
|-damage|p1a: Buzzwole|65/100|[from] item: Rocky Helmet|[of] p2a: Corviknight
|
|-heal|p1a: Buzzwole|72/100|[from] item: Leftovers
|upkeep
|turn|6
|
|t:|1663030393
|switch|p1a: Heatran|Heatran, F|100/100
|move|p2a: Corviknight|Defog|p1a: Heatran
|-unboost|p1a: Heatran|evasion|1
|-sideend|p2: aauha|Stealth Rock|[from] move: Defog|[of] p2a: Corviknight
|
|upkeep
|turn|7
|
|t:|1663030400
|switch|p1a: Buzzwole|Buzzwole|72/100
|switch|p2a: Landorus|Landorus-Therian, M|100/100
|-ability|p2a: Landorus|Intimidate|boost
|-unboost|p1a: Buzzwole|atk|1
|
|-heal|p1a: Buzzwole|78/100|[from] item: Leftovers
|upkeep
|turn|8
|
|t:|1663030402
|switch|p2a: Corviknight|Corviknight, F|56/100
|-ability|p2a: Corviknight|Pressure
|move|p1a: Buzzwole|Ice Punch|p2a: Corviknight
|-crit|p2a: Corviknight
|-damage|p2a: Corviknight|34/100
|-damage|p1a: Buzzwole|61/100|[from] item: Rocky Helmet|[of] p2a: Corviknight
|
|-heal|p1a: Buzzwole|67/100|[from] item: Leftovers
|upkeep
|turn|9
|
|t:|1663030405
|move|p1a: Buzzwole|Close Combat|p2a: Corviknight
|-damage|p2a: Corviknight|11/100
|-unboost|p1a: Buzzwole|def|1
|-unboost|p1a: Buzzwole|spd|1
|-damage|p1a: Buzzwole|51/100|[from] item: Rocky Helmet|[of] p2a: Corviknight
|move|p2a: Corviknight|Roost|p2a: Corviknight
|-heal|p2a: Corviknight|61/100
|-singleturn|p2a: Corviknight|move: Roost
|
|-heal|p1a: Buzzwole|57/100|[from] item: Leftovers
|upkeep
|turn|10
|
|t:|1663030409
|switch|p1a: Seismitoad|Seismitoad, M|94/100 tox
|move|p2a: Corviknight|Roost|p2a: Corviknight
|-heal|p2a: Corviknight|100/100
|-singleturn|p2a: Corviknight|move: Roost
|
|-heal|p1a: Seismitoad|100/100 tox|[from] item: Leftovers
|-damage|p1a: Seismitoad|94/100 tox|[from] psn
|upkeep
|turn|11
|
|t:|1663030412
|move|p2a: Corviknight|U-turn|p1a: Seismitoad
|-damage|p1a: Seismitoad|85/100 tox
|
|t:|1663030414
|switch|p2a: Kartana|Kartana|100/100|[from]move: U-turn
|move|p1a: Seismitoad|Knock Off|p2a: Kartana
|-damage|p2a: Kartana|78/100
|-enditem|p2a: Kartana|Choice Scarf|[from] move: Knock Off|[of] p1a: Seismitoad
|
|-heal|p1a: Seismitoad|91/100 tox|[from] item: Leftovers
|-damage|p1a: Seismitoad|79/100 tox|[from] psn
|upkeep
|turn|12
|
|t:|1663030418
|switch|p1a: Zapdos|Zapdos|100/100
|move|p2a: Kartana|Knock Off|p1a: Zapdos
|-damage|p1a: Zapdos|48/100
|-status|p2a: Kartana|par|[from] ability: Static|[of] p1a: Zapdos
|-enditem|p1a: Zapdos|Heavy-Duty Boots|[from] move: Knock Off|[of] p2a: Kartana
|
|upkeep
|turn|13
|
|t:|1663030423
|switch|p2a: Landorus|Landorus-Therian, M|100/100
|-ability|p2a: Landorus|Intimidate|boost
|-unboost|p1a: Zapdos|atk|1
|move|p1a: Zapdos|Roost|p1a: Zapdos
|-heal|p1a: Zapdos|98/100
|-singleturn|p1a: Zapdos|move: Roost
|
|upkeep
|turn|14
|
|t:|1663030427
|switch|p1a: Seismitoad|Seismitoad, M|79/100 tox
|move|p2a: Landorus|Stealth Rock|p1a: Seismitoad
|-sidestart|p1: Bunch24|move: Stealth Rock
|
|-heal|p1a: Seismitoad|85/100 tox|[from] item: Leftovers
|-damage|p1a: Seismitoad|79/100 tox|[from] psn
|upkeep
|turn|15
|c| Poke Referee|KEEP IT CLEAN!
|
|t:|1663030431
|switch|p2a: Kartana|Kartana|78/100 par
|move|p1a: Seismitoad|Stealth Rock|p2a: Kartana
|-sidestart|p2: aauha|move: Stealth Rock
|
|-heal|p1a: Seismitoad|85/100 tox|[from] item: Leftovers
|-damage|p1a: Seismitoad|72/100 tox|[from] psn
|upkeep
|turn|16
|
|t:|1663030434
|switch|p1a: Buzzwole|Buzzwole|57/100
|-damage|p1a: Buzzwole|45/100|[from] Stealth Rock
|move|p2a: Kartana|Leaf Blade|p1a: Buzzwole
|-resisted|p1a: Buzzwole
|-damage|p1a: Buzzwole|29/100
|
|-heal|p1a: Buzzwole|35/100|[from] item: Leftovers
|upkeep
|turn|17
|
|t:|1663030440
|switch|p2a: Corviknight|Corviknight, F|100/100
|-damage|p2a: Corviknight|88/100|[from] Stealth Rock
|-ability|p2a: Corviknight|Pressure
|move|p1a: Buzzwole|Roost|p1a: Buzzwole
|-heal|p1a: Buzzwole|85/100
|-singleturn|p1a: Buzzwole|move: Roost
|
|-heal|p1a: Buzzwole|91/100|[from] item: Leftovers
|upkeep
|turn|18
|
|t:|1663030448
|move|p1a: Buzzwole|Close Combat|p2a: Corviknight
|-damage|p2a: Corviknight|56/100
|-unboost|p1a: Buzzwole|def|1
|-unboost|p1a: Buzzwole|spd|1
|-damage|p1a: Buzzwole|75/100|[from] item: Rocky Helmet|[of] p2a: Corviknight
|move|p2a: Corviknight|U-turn|p1a: Buzzwole
|-resisted|p1a: Buzzwole
|-damage|p1a: Buzzwole|69/100
|
|t:|1663030453
|switch|p2a: Tapu Lele|Tapu Lele|100/100|[from]move: U-turn
|-damage|p2a: Tapu Lele|88/100|[from] Stealth Rock
|-fieldstart|move: Psychic Terrain|[from] ability: Psychic Surge|[of] p2a: Tapu Lele
|
|-heal|p1a: Buzzwole|75/100|[from] item: Leftovers
|upkeep
|turn|19
|c| Poke Referee|That's a personal foul
|
|t:|1663030477
|switch|p1a: Nihilego|Nihilego|100/100
|-damage|p1a: Nihilego|88/100|[from] Stealth Rock
|move|p2a: Tapu Lele|Psyshock|p1a: Nihilego
|-supereffective|p1a: Nihilego
|-damage|p1a: Nihilego|0 fnt
|faint|p1a: Nihilego
|
|upkeep
|
|t:|1663030479
|switch|p1a: Weavile|Weavile, F|100/100
|-ability|p1a: Weavile|Pressure
|turn|20
|c|☆aauha|we inbounding ref
|c|☆aauha|We not in the bonus ref
|
|t:|1663030489
|switch|p2a: Corviknight|Corviknight, F|56/100
|-damage|p2a: Corviknight|43/100|[from] Stealth Rock
|-ability|p2a: Corviknight|Pressure
|move|p1a: Weavile|Knock Off|p2a: Corviknight
|-damage|p2a: Corviknight|16/100
|-damage|p1a: Weavile|84/100|[from] item: Rocky Helmet|[of] p2a: Corviknight
|-enditem|p2a: Corviknight|Rocky Helmet|[from] move: Knock Off|[of] p1a: Weavile
|
|upkeep
|turn|21
|j| I'll forfite
|
|t:|1663030492
|move|p1a: Weavile|Knock Off|p2a: Corviknight
|-damage|p2a: Corviknight|0 fnt
|faint|p2a: Corviknight
|
|upkeep
|
|t:|1663030495
|switch|p2a: Kartana|Kartana|78/100 par
|-damage|p2a: Kartana|72/100 par|[from] Stealth Rock
|turn|22
|
|t:|1663030502
|switch|p1a: Buzzwole|Buzzwole|75/100
|-damage|p1a: Buzzwole|63/100|[from] Stealth Rock
|switch|p2a: Tapu Lele|Tapu Lele|88/100
|-damage|p2a: Tapu Lele|76/100|[from] Stealth Rock
|
|-heal|p1a: Buzzwole|69/100|[from] item: Leftovers
|-fieldend|move: Psychic Terrain
|upkeep
|turn|23
|c| Poke Referee|Sorry, the ref was behind in turns
|
|t:|1663030506
|switch|p1a: Heatran|Heatran, F|100/100
|-damage|p1a: Heatran|88/100|[from] Stealth Rock
|move|p2a: Tapu Lele|Psychic|p1a: Heatran
|-resisted|p1a: Heatran
|-damage|p1a: Heatran|62/100
|-unboost|p1a: Heatran|spd|1
|
|-heal|p1a: Heatran|69/100|[from] item: Leftovers
|upkeep
|turn|24
|
|t:|1663030512
|switch|p2a: Blissey|Blissey, F|82/100
|-damage|p2a: Blissey|70/100|[from] Stealth Rock
|switch|p1a: Buzzwole|Buzzwole|69/100
|-damage|p1a: Buzzwole|57/100|[from] Stealth Rock
|
|-heal|p1a: Buzzwole|63/100|[from] item: Leftovers
|upkeep
|turn|25
|
|t:|1663030518
|move|p1a: Buzzwole|Ice Punch|p2a: Blissey
|-damage|p2a: Blissey|50/100
|move|p2a: Blissey|Teleport|p2a: Blissey
|
|t:|1663030521
|switch|p2a: Tapu Lele|Tapu Lele|76/100|[from]move: Teleport
|-damage|p2a: Tapu Lele|63/100|[from] Stealth Rock
|-fieldstart|move: Psychic Terrain|[from] ability: Psychic Surge|[of] p2a: Tapu Lele
|
|-heal|p1a: Buzzwole|69/100|[from] item: Leftovers
|upkeep
|turn|26
|
|t:|1663030532
|switch|p1a: Seismitoad|Seismitoad, M|72/100 tox
|-damage|p1a: Seismitoad|66/100 tox|[from] Stealth Rock
|move|p2a: Tapu Lele|Psychic|p1a: Seismitoad
|-damage|p1a: Seismitoad|0 fnt
|faint|p1a: Seismitoad
|
|upkeep
|
|t:|1663030535
|switch|p1a: Weavile|Weavile, F|84/100
|-ability|p1a: Weavile|Pressure
|turn|27
|
|t:|1663030539
|switch|p2a: Kartana|Kartana|72/100 par
|-damage|p2a: Kartana|65/100 par|[from] Stealth Rock
|move|p1a: Weavile|Swords Dance|p1a: Weavile
|-boost|p1a: Weavile|atk|2
|
|upkeep
|turn|28
|
|t:|1663030544
|move|p1a: Weavile|Triple Axel|p2a: Kartana
|-damage|p2a: Kartana|43/100 par
|-damage|p2a: Kartana|0 fnt
|faint|p2a: Kartana
|-hitcount|p2: Kartana|2
|
|upkeep
|
|t:|1663030547
|switch|p2a: Magnezone|Magnezone|100/100
|-damage|p2a: Magnezone|94/100|[from] Stealth Rock
|turn|29
|
|t:|1663030552
|switch|p1a: Buzzwole|Buzzwole|69/100
|-damage|p1a: Buzzwole|57/100|[from] Stealth Rock
|move|p2a: Magnezone|Body Press|p1a: Buzzwole
|-resisted|p1a: Buzzwole
|-damage|p1a: Buzzwole|50/100
|
|-heal|p2a: Magnezone|100/100|[from] item: Leftovers
|-heal|p1a: Buzzwole|57/100|[from] item: Leftovers
|-fieldend|move: Psychic Terrain
|upkeep
|turn|30
|
|t:|1663030566
|switch|p2a: Blissey|Blissey, F|50/100
|-damage|p2a: Blissey|37/100|[from] Stealth Rock
|move|p1a: Buzzwole|Ice Punch|p2a: Blissey
|-damage|p2a: Blissey|17/100
|
|-heal|p1a: Buzzwole|63/100|[from] item: Leftovers
|upkeep
|turn|31
|
|t:|1663030571
|move|p1a: Buzzwole|Ice Punch|p2a: Blissey
|-damage|p2a: Blissey|0 fnt
|faint|p2a: Blissey
|-ability|p1a: Buzzwole|Beast Boost|boost
|-boost|p1a: Buzzwole|def|1
|
|-heal|p1a: Buzzwole|69/100|[from] item: Leftovers
|upkeep
|
|t:|1663030574
|switch|p2a: Tapu Lele|Tapu Lele|63/100
|-damage|p2a: Tapu Lele|51/100|[from] Stealth Rock
|-fieldstart|move: Psychic Terrain|[from] ability: Psychic Surge|[of] p2a: Tapu Lele
|turn|32
|
|t:|1663030582
|switch|p1a: Zapdos|Zapdos|98/100
|-damage|p1a: Zapdos|73/100|[from] Stealth Rock
|move|p2a: Tapu Lele|Moonblast|p1a: Zapdos
|-crit|p1a: Zapdos
|-damage|p1a: Zapdos|0 fnt
|faint|p1a: Zapdos
|
|upkeep
|
|t:|1663030585
|switch|p1a: Heatran|Heatran, F|69/100
|-damage|p1a: Heatran|56/100|[from] Stealth Rock
|turn|33
|
|t:|1663030592
|switch|p2a: Landorus|Landorus-Therian, M|100/100
|-damage|p2a: Landorus|88/100|[from] Stealth Rock
|-ability|p2a: Landorus|Intimidate|boost
|-unboost|p1a: Heatran|atk|1
|move|p1a: Heatran|Magma Storm|p2a: Landorus
|-damage|p2a: Landorus|49/100
|-activate|p2a: Landorus|move: Magma Storm|[of] p1a: Heatran
|
|-heal|p2a: Landorus|55/100|[from] item: Leftovers
|-heal|p1a: Heatran|62/100|[from] item: Leftovers
|-damage|p2a: Landorus|43/100|[from] move: Magma Storm|[partiallytrapped]
|upkeep
|turn|34
|
|t:|1663030598
|switch|p1a: Buzzwole|Buzzwole|69/100
|-damage|p1a: Buzzwole|57/100|[from] Stealth Rock
|move|p2a: Landorus|Earthquake|p1a: Buzzwole
|-resisted|p1a: Buzzwole
|-damage|p1a: Buzzwole|43/100
|
|-heal|p2a: Landorus|49/100|[from] item: Leftovers
|-heal|p1a: Buzzwole|50/100|[from] item: Leftovers
|-end|p2a: Landorus|Magma Storm|[partiallytrapped]|[silent]
|upkeep
|turn|35
|
|t:|1663030606
|move|p2a: Landorus|Earthquake|p1a: Buzzwole
|-resisted|p1a: Buzzwole
|-crit|p1a: Buzzwole
|-damage|p1a: Buzzwole|30/100
|move|p1a: Buzzwole|Ice Punch|p2a: Landorus
|-supereffective|p2a: Landorus
|-damage|p2a: Landorus|0 fnt
|faint|p2a: Landorus
|-ability|p1a: Buzzwole|Beast Boost|boost
|-boost|p1a: Buzzwole|def|1
|
|-heal|p1a: Buzzwole|36/100|[from] item: Leftovers
|upkeep
|
|t:|1663030609
|switch|p2a: Tapu Lele|Tapu Lele|51/100
|-damage|p2a: Tapu Lele|38/100|[from] Stealth Rock
|turn|36
|
|t:|1663030622
|move|p2a: Tapu Lele|Focus Blast|p1a: Buzzwole
|-resisted|p1a: Buzzwole
|-damage|p1a: Buzzwole|0 fnt
|faint|p1a: Buzzwole
|
|-fieldend|move: Psychic Terrain
|upkeep
|
|t:|1663030625
|switch|p1a: Weavile|Weavile, F|84/100
|-ability|p1a: Weavile|Pressure
|turn|37
|
|t:|1663030628
|switch|p2a: Magnezone|Magnezone|100/100
|-damage|p2a: Magnezone|94/100|[from] Stealth Rock
|move|p1a: Weavile|Knock Off|p2a: Magnezone
|-damage|p2a: Magnezone|55/100
|-enditem|p2a: Magnezone|Leftovers|[from] move: Knock Off|[of] p1a: Weavile
|
|upkeep
|turn|38
|
|t:|1663030632
|switch|p1a: Heatran|Heatran, F|62/100
|-damage|p1a: Heatran|50/100|[from] Stealth Rock
|move|p2a: Magnezone|Body Press|p1a: Heatran
|-supereffective|p1a: Heatran
|-damage|p1a: Heatran|6/100
|
|-heal|p1a: Heatran|13/100|[from] item: Leftovers
|upkeep
|turn|39
|
|t:|1663030635
|move|p2a: Magnezone|Body Press|p1a: Heatran
|-supereffective|p1a: Heatran
|-damage|p1a: Heatran|0 fnt
|faint|p1a: Heatran
|
|upkeep
|
|t:|1663030637
|switch|p1a: Weavile|Weavile, F|84/100
|-ability|p1a: Weavile|Pressure
|turn|40
|
|t:|1663030638
|move|p1a: Weavile|Knock Off|p2a: Magnezone
|-damage|p2a: Magnezone|27/100
|move|p2a: Magnezone|Body Press|p1a: Weavile
|-supereffective|p1a: Weavile
|-damage|p1a: Weavile|0 fnt
|faint|p1a: Weavile
|
|win|aauha
|raw|Bunch24's rating: 1554 &rarr; <strong>1534</strong><br />(-20 for losing)
|raw|aauha's rating: 1547 &rarr; <strong>1567</strong><br />(+20 for winning)
|c|☆Bunch24|Gg
|c| Poke Referee|Stop the fight!
|c|☆aauha|g
|c|☆aauha|g
|c|☆aauha|great job per usual ref
||Ladder isn't responding, score probably updated but might not have (Request timeout).
