|raw|<div class="broadcast-blue"><strong>This battle is required to be public due to a player having a name starting with 'LT73IU'.</div>
|j|☆lt73iu quartos
|j|☆relic stone
|t:|1598633621
|player|p1|lt73iu quartos|drayden|1811
|player|p2|relic stone|lusamine-nihilego|1910
|teamsize|p1|6
|teamsize|p2|6
|gametype|singles
|gen|8
|tier|[Gen 8] OU
|rated|
|clearpoke
|poke|p1|Rillaboom, F|
|poke|p1|Magnezone|
|poke|p1|Corviknight, F|
|poke|p1|Hippowdon, F|
|poke|p1|Toxapex, F|
|poke|p1|Clefable, M|
|poke|p2|Slowbro-Galar, M|
|poke|p2|Urshifu-*, M|
|poke|p2|Mantine, M|
|poke|p2|Ferrothorn, M|
|poke|p2|Zeraora|
|poke|p2|Volcarona, M|
|rule|Sleep Clause Mod: Limit one foe put to sleep
|rule|Species Clause: Limit one of each Pokémon
|rule|OHKO Clause: OHKO moves are banned
|rule|Evasion Moves Clause: Evasion moves are banned
|rule|Endless Battle Clause: Forcing endless battles is banned
|rule|HP Percentage Mod: HP is shown in percentages
|rule|Dynamax Clause: You cannot dynamax
|teampreview
|c|☆relic stone|hf
|j| Windows 98 SE
|j| ezwz
|c|☆lt73iu quartos|hf
|
|t:|1598633666
|start
|switch|p1a: Hippowdon|Hippowdon, F|100/100
|switch|p2a: Zephyr|Zeraora, shiny|100/100
|-weather|Sandstorm|[from] ability: Sand Stream|[of] p1a: Hippowdon
|turn|1
|
|t:|1598633670
|move|p2a: Zephyr|Grass Knot|p1a: Hippowdon
|-supereffective|p1a: Hippowdon
|-damage|p1a: Hippowdon|56/100
|move|p1a: Hippowdon|Stealth Rock|p2a: Zephyr
|-sidestart|p2: relic stone|move: Stealth Rock
|
|-weather|Sandstorm|[upkeep]
|-damage|p2a: Zephyr|95/100|[from] Sandstorm
|-heal|p1a: Hippowdon|62/100|[from] item: Leftovers
|upkeep
|turn|2
|
|t:|1598633673
|move|p2a: Zephyr|Knock Off|p1a: Hippowdon
|-damage|p1a: Hippowdon|40/100
|-enditem|p1a: Hippowdon|Leftovers|[from] move: Knock Off|[of] p2a: Zephyr
|move|p1a: Hippowdon|Slack Off|p1a: Hippowdon
|-heal|p1a: Hippowdon|90/100
|
|-weather|Sandstorm|[upkeep]
|-damage|p2a: Zephyr|89/100|[from] Sandstorm
|upkeep
|turn|3
|
|t:|1598633678
|switch|p2a: Avalon|Mantine, M|100/100
|move|p1a: Hippowdon|Slack Off|p1a: Hippowdon
|-heal|p1a: Hippowdon|100/100
|
|-weather|Sandstorm|[upkeep]
|-damage|p2a: Avalon|94/100|[from] Sandstorm
|upkeep
|turn|4
|
|t:|1598633682
|switch|p2a: Temple|Ferrothorn, M|100/100
|-damage|p2a: Temple|94/100|[from] Stealth Rock
|switch|p1a: Magnezone|Magnezone|100/100
|
|-weather|Sandstorm|[upkeep]
|-heal|p2a: Temple|100/100|[from] item: Leftovers
|upkeep
|turn|5
|
|t:|1598633688
|move|p1a: Magnezone|Thunderbolt|p2a: Temple
|-resisted|p2a: Temple
|-damage|p2a: Temple|75/100
|move|p2a: Temple|Knock Off|p1a: Magnezone
|-crit|p1a: Magnezone
|-damage|p1a: Magnezone|65/100
|-enditem|p1a: Magnezone|Choice Specs|[from] move: Knock Off|[of] p2a: Temple
|
|-weather|none
|-heal|p2a: Temple|81/100|[from] item: Leftovers
|upkeep
|turn|6
|
|t:|1598633695
|move|p1a: Magnezone|Volt Switch|p2a: Temple
|-resisted|p2a: Temple
|-damage|p2a: Temple|66/100
|
|t:|1598633698
|switch|p1a: Clefable|Clefable, M|100/100|[from]move: Volt Switch
|move|p2a: Temple|Knock Off|p1a: Clefable
|-resisted|p1a: Clefable
|-damage|p1a: Clefable|93/100
|-enditem|p1a: Clefable|Leftovers|[from] move: Knock Off|[of] p2a: Temple
|
|-heal|p2a: Temple|73/100|[from] item: Leftovers
|upkeep
|turn|7
|
|t:|1598633700
|move|p1a: Clefable|Moonblast|p2a: Temple
|-resisted|p2a: Temple
|-damage|p2a: Temple|62/100
|move|p2a: Temple|Gyro Ball|p1a: Clefable
|-supereffective|p1a: Clefable
|-damage|p1a: Clefable|42/100
|
|-heal|p2a: Temple|69/100|[from] item: Leftovers
|upkeep
|turn|8
|
|t:|1598633709
|switch|p1a: Toxapex|Toxapex, F|100/100
|switch|p2a: Avalon|Mantine, M|94/100
|
|upkeep
|turn|9
|
|t:|1598633733
|move|p2a: Avalon|Defog|p1a: Toxapex
|-unboost|p1a: Toxapex|evasion|1
|-sideend|p2: relic stone|Stealth Rock|[from] move: Defog|[of] p2a: Avalon
|move|p1a: Toxapex|Knock Off|p2a: Avalon
|-damage|p2a: Avalon|83/100
|-enditem|p2a: Avalon|Heavy-Duty Boots|[from] move: Knock Off|[of] p1a: Toxapex
|
|upkeep
|turn|10
|
|t:|1598633740
|move|p2a: Avalon|Scald|p1a: Toxapex
|-resisted|p1a: Toxapex
|-damage|p1a: Toxapex|91/100
|move|p1a: Toxapex|Scald|p2a: Avalon
|-heal|p2a: Avalon|100/100|[from] ability: Water Absorb|[of] p1a: Toxapex
|
|upkeep
|turn|11
|
|t:|1598633745
|switch|p1a: Clefable|Clefable, M|42/100
|move|p2a: Avalon|Scald|p1a: Clefable
|-damage|p1a: Clefable|20/100
|
|upkeep
|turn|12
|
|t:|1598633755
|switch|p1a: Magnezone|Magnezone|65/100
|move|p2a: Avalon|Scald|p1a: Magnezone
|-damage|p1a: Magnezone|33/100
|
|upkeep
|turn|13
|
|t:|1598633761
|move|p1a: Magnezone|Flash Cannon|p2a: Avalon
|-resisted|p2a: Avalon
|-damage|p2a: Avalon|84/100
|move|p2a: Avalon|Scald|p1a: Magnezone
|-damage|p1a: Magnezone|4/100
|-status|p1a: Magnezone|brn
|
|-damage|p1a: Magnezone|0 fnt|[from] brn
|faint|p1a: Magnezone
|upkeep
|
|t:|1598633765
|switch|p1a: Rillaboom|Rillaboom, F|100/100
|-fieldstart|move: Grassy Terrain|[from] ability: Grassy Surge|[of] p1a: Rillaboom
|turn|14
|
|t:|1598633770
|move|p1a: Rillaboom|Knock Off|p2a: Avalon
|-crit|p2a: Avalon
|-damage|p2a: Avalon|55/100
|move|p2a: Avalon|Defog|p1a: Rillaboom
|-unboost|p1a: Rillaboom|evasion|1
|-fieldend|move: Grassy Terrain
|
|upkeep
|turn|15
|
|t:|1598633775
|move|p1a: Rillaboom|Swords Dance|p1a: Rillaboom
|-boost|p1a: Rillaboom|atk|2
|move|p2a: Avalon|Roost|p2a: Avalon
|-heal|p2a: Avalon|100/100
|-singleturn|p2a: Avalon|move: Roost
|
|upkeep
|turn|16
|
|t:|1598633779
|switch|p2a: Temple|Ferrothorn, M|69/100
|move|p1a: Rillaboom|Grassy Glide|p2a: Temple
|-resisted|p2a: Temple
|-damage|p2a: Temple|53/100
|-damage|p1a: Rillaboom|88/100|[from] ability: Iron Barbs|[of] p2a: Temple
|
|-heal|p2a: Temple|59/100|[from] item: Leftovers
|upkeep
|turn|17
|
|t:|1598633787
|move|p1a: Rillaboom|U-turn|p2a: Temple
|-damage|p2a: Temple|25/100
|-damage|p1a: Rillaboom|76/100|[from] ability: Iron Barbs|[of] p2a: Temple
|
|t:|1598633791
|switch|p1a: Clefable|Clefable, M|20/100|[from]move: U-turn
|move|p2a: Temple|Stealth Rock|p1a: Clefable
|-sidestart|p1: lt73iu quartos|move: Stealth Rock
|
|-heal|p2a: Temple|32/100|[from] item: Leftovers
|upkeep
|turn|18
|
|t:|1598633794
|switch|p2a: Amaterasu|Volcarona, M|100/100
|move|p1a: Clefable|Wish|p1a: Clefable
|
|upkeep
|turn|19
|
|t:|1598633799
|switch|p1a: Hippowdon|Hippowdon, F|100/100
|-damage|p1a: Hippowdon|94/100|[from] Stealth Rock
|-weather|Sandstorm|[from] ability: Sand Stream|[of] p1a: Hippowdon
|move|p2a: Amaterasu|Quiver Dance|p2a: Amaterasu
|-boost|p2a: Amaterasu|spa|1
|-boost|p2a: Amaterasu|spd|1
|-boost|p2a: Amaterasu|spe|1
|
|-weather|Sandstorm|[upkeep]
|-damage|p2a: Amaterasu|94/100|[from] Sandstorm
|-heal|p1a: Hippowdon|100/100|[from] move: Wish|[wisher] Clefable
|upkeep
|turn|20
|
|t:|1598633803
|move|p2a: Amaterasu|Giga Drain|p1a: Hippowdon
|-supereffective|p1a: Hippowdon
|-damage|p1a: Hippowdon|16/100
|-heal|p2a: Amaterasu|100/100|[from] drain|[of] p1a: Hippowdon
|-damage|p2a: Amaterasu|91/100|[from] item: Life Orb
|move|p1a: Hippowdon|Rock Slide|p2a: Amaterasu
|-supereffective|p2a: Amaterasu
|-damage|p2a: Amaterasu|0 fnt
|faint|p2a: Amaterasu
|
|-weather|Sandstorm|[upkeep]
|upkeep
|
|t:|1598633810
|switch|p2a: Zephyr|Zeraora, shiny|89/100
|turn|21
|
|t:|1598633817
|switch|p1a: Toxapex|Toxapex, F|100/100
|-damage|p1a: Toxapex|88/100|[from] Stealth Rock
|move|p2a: Zephyr|Grass Knot|p1a: Toxapex
|-damage|p1a: Toxapex|80/100
|-damage|p2a: Zephyr|72/100|[from] item: Rocky Helmet|[of] p1a: Toxapex
|
|-weather|Sandstorm|[upkeep]
|-damage|p2a: Zephyr|66/100|[from] Sandstorm
|-damage|p1a: Toxapex|74/100|[from] Sandstorm
|upkeep
|turn|22
|
|t:|1598633821
|move|p2a: Zephyr|Plasma Fists|p1a: Toxapex
|-supereffective|p1a: Toxapex
|-damage|p1a: Toxapex|5/100
|-fieldactivate|move: Ion Deluge
|-damage|p2a: Zephyr|49/100|[from] item: Rocky Helmet|[of] p1a: Toxapex
|move|p1a: Toxapex|Scald|p2a: Zephyr
|-damage|p2a: Zephyr|29/100
|
|-weather|Sandstorm|[upkeep]
|-damage|p2a: Zephyr|23/100|[from] Sandstorm
|-damage|p1a: Toxapex|0 fnt|[from] Sandstorm
|faint|p1a: Toxapex
|upkeep
|
|t:|1598633833
|switch|p1a: Rillaboom|Rillaboom, F|76/100
|-damage|p1a: Rillaboom|64/100|[from] Stealth Rock
|-fieldstart|move: Grassy Terrain|[from] ability: Grassy Surge|[of] p1a: Rillaboom
|turn|23
|
|t:|1598633837
|move|p1a: Rillaboom|Grassy Glide|p2a: Zephyr
|-damage|p2a: Zephyr|0 fnt
|faint|p2a: Zephyr
|
|-weather|none
|-heal|p1a: Rillaboom|70/100|[from] Grassy Terrain
|upkeep
|
|t:|1598633840
|switch|p2a: Silhouette|Urshifu, M|100/100
|turn|24
|
|t:|1598633843
|switch|p1a: Clefable|Clefable, M|20/100
|move|p2a: Silhouette|Wicked Blow|p1a: Clefable
|-resisted|p1a: Clefable
|-crit|p1a: Clefable
|-damage|p1a: Clefable|0 fnt
|-damage|p2a: Silhouette|91/100|[from] item: Life Orb
|faint|p1a: Clefable
|
|-heal|p2a: Silhouette|97/100|[from] Grassy Terrain
|upkeep
|
|t:|1598633846
|switch|p1a: Corviknight|Corviknight, F|100/100
|-damage|p1a: Corviknight|88/100|[from] Stealth Rock
|-ability|p1a: Corviknight|Pressure
|turn|25
|
|t:|1598633850
|move|p2a: Silhouette|Bulk Up|p2a: Silhouette
|-boost|p2a: Silhouette|atk|1
|-boost|p2a: Silhouette|def|1
|move|p1a: Corviknight|Body Press|p2a: Silhouette
|-supereffective|p2a: Silhouette
|-crit|p2a: Silhouette
|-damage|p2a: Silhouette|28/100
|
|-heal|p2a: Silhouette|34/100|[from] Grassy Terrain
|upkeep
|turn|26
|
|t:|1598633856
|move|p2a: Silhouette|Wicked Blow|p1a: Corviknight
|-crit|p1a: Corviknight
|-damage|p1a: Corviknight|2/100
|-damage|p2a: Silhouette|24/100|[from] item: Life Orb
|move|p1a: Corviknight|Brave Bird|p2a: Silhouette
|-supereffective|p2a: Silhouette
|-damage|p2a: Silhouette|0 fnt
|-damage|p1a: Corviknight|0 fnt|[from] Recoil
|faint|p2a: Silhouette
|faint|p1a: Corviknight
|
|upkeep
|
|t:|1598633867
|switch|p2a: Avalon|Mantine, M|100/100
|switch|p1a: Hippowdon|Hippowdon, F|16/100
|-damage|p1a: Hippowdon|10/100|[from] Stealth Rock
|-weather|Sandstorm|[from] ability: Sand Stream|[of] p1a: Hippowdon
|turn|27
|
|t:|1598633871
|move|p2a: Avalon|Scald|p1a: Hippowdon
|-supereffective|p1a: Hippowdon
|-damage|p1a: Hippowdon|0 fnt
|faint|p1a: Hippowdon
|
|-weather|Sandstorm|[upkeep]
|-damage|p2a: Avalon|94/100|[from] Sandstorm
|-fieldend|move: Grassy Terrain
|upkeep
|
|t:|1598633872
|switch|p1a: Rillaboom|Rillaboom, F|70/100
|-damage|p1a: Rillaboom|57/100|[from] Stealth Rock
|-fieldstart|move: Grassy Terrain|[from] ability: Grassy Surge|[of] p1a: Rillaboom
|turn|28
|
|t:|1598633876
|move|p1a: Rillaboom|Swords Dance|p1a: Rillaboom
|-boost|p1a: Rillaboom|atk|2
|move|p2a: Avalon|Haze|p2a: Avalon
|-clearallboost
|
|-weather|Sandstorm|[upkeep]
|-damage|p1a: Rillaboom|51/100|[from] Sandstorm
|-damage|p2a: Avalon|88/100|[from] Sandstorm
|-heal|p1a: Rillaboom|57/100|[from] Grassy Terrain
|upkeep
|turn|29
|
|t:|1598633879
|move|p1a: Rillaboom|Grassy Glide|p2a: Avalon
|-damage|p2a: Avalon|41/100
|move|p2a: Avalon|Haze|p2a: Avalon
|-clearallboost
|
|-weather|Sandstorm|[upkeep]
|-damage|p1a: Rillaboom|51/100|[from] Sandstorm
|-damage|p2a: Avalon|35/100|[from] Sandstorm
|-heal|p1a: Rillaboom|57/100|[from] Grassy Terrain
|upkeep
|turn|30
|
|t:|1598633882
|move|p1a: Rillaboom|Grassy Glide|p2a: Avalon
|-damage|p2a: Avalon|0 fnt
|faint|p2a: Avalon
|
|-weather|Sandstorm|[upkeep]
|-damage|p1a: Rillaboom|51/100|[from] Sandstorm
|-heal|p1a: Rillaboom|57/100|[from] Grassy Terrain
|upkeep
|
|t:|1598633884
|switch|p2a: Wakanda Panda|Slowbro-Galar, M|100/100
|turn|31
|
|t:|1598633886
|move|p1a: Rillaboom|Knock Off|p2a: Wakanda Panda
|-supereffective|p2a: Wakanda Panda
|-damage|p2a: Wakanda Panda|54/100
|-enditem|p2a: Wakanda Panda|Black Sludge|[from] move: Knock Off|[of] p1a: Rillaboom
|move|p2a: Wakanda Panda|Sludge Bomb|p1a: Rillaboom
|-supereffective|p1a: Rillaboom
|-damage|p1a: Rillaboom|0 fnt
|faint|p1a: Rillaboom
|
|win|relic stone
|c|☆relic stone|gg
|c|☆lt73iu quartos|gg
