|j|‽Greengamer12
|j|☆Falamir
|t:|1645627059
|gametype|singles
|player|p1|Greengamer12|266|1389
|player|p2|Falamir|acetrainer-gen4dp|1370
|teamsize|p1|6
|teamsize|p2|6
|gen|8
|tier|[Gen 8] OU
|rated|
|rule|Sleep Clause Mod: Limit one foe put to sleep
|rule|Species Clause: Limit one of each Pokémon
|rule|OHKO Clause: OHKO moves are banned
|rule|Evasion Moves Clause: Evasion moves are banned
|rule|Endless Battle Clause: Forcing endless battles is banned
|rule|HP Percentage Mod: HP is shown in percentages
|rule|Dynamax Clause: You cannot dynamax
|clearpoke
|poke|p1|Tapu Koko|
|poke|p1|Regieleki|
|poke|p1|Jirachi|
|poke|p1|Landorus-Therian, M|
|poke|p1|Slowbro, M|
|poke|p1|Ferrothorn, M|
|poke|p2|Scizor, M|
|poke|p2|Regieleki|
|poke|p2|Landorus-Therian, M|
|poke|p2|Ferrothorn, M|
|poke|p2|Pelipper, M|
|poke|p2|Dragonite, M|
|teampreview
|inactive|Battle timer is ON: inactive players will automatically lose when time's up. (requested by Greengamer12)
|
|t:|1645627077
|start
|switch|p1a: Landorus|Landorus-Therian, M|100/100
|switch|p2a: Dragonite|Dragonite, M|100/100
|-ability|p1a: Landorus|Intimidate|boost
|-unboost|p2a: Dragonite|atk|1
|turn|1
|
|t:|1645627083
|switch|p2a: Landorus|Landorus-Therian, M|100/100
|-ability|p2a: Landorus|Intimidate|boost
|-unboost|p1a: Landorus|atk|1
|move|p1a: Landorus|Toxic|p2a: Landorus
|-status|p2a: Landorus|tox
|
|-damage|p2a: Landorus|95/100 tox|[from] psn
|upkeep
|turn|2
|
|t:|1645627094
|switch|p1a: Ferrothorn|Ferrothorn, M|100/100
|move|p2a: Landorus|Knock Off|p1a: Ferrothorn
|-damage|p1a: Ferrothorn|73/100
|-damage|p2a: Landorus|82/100 tox|[from] ability: Iron Barbs|[of] p1a: Ferrothorn
|-enditem|p1a: Ferrothorn|Leftovers|[from] move: Knock Off|[of] p2a: Landorus
|
|-damage|p2a: Landorus|70/100 tox|[from] psn
|upkeep
|turn|3
|
|t:|1645627113
|switch|p2a: Pelipper|Pelipper, M|100/100
|-weather|RainDance|[from] ability: Drizzle|[of] p2a: Pelipper
|move|p1a: Ferrothorn|Stealth Rock|p2a: Pelipper
|-sidestart|p2: Falamir|move: Stealth Rock
|
|-weather|RainDance|[upkeep]
|upkeep
|turn|4
|
|t:|1645627130
|move|p2a: Pelipper|Hurricane|p1a: Ferrothorn
|-damage|p1a: Ferrothorn|49/100
|move|p1a: Ferrothorn|Leech Seed|p2a: Pelipper|[miss]
|-miss|p1a: Ferrothorn|p2a: Pelipper
|
|-weather|RainDance|[upkeep]
|upkeep
|turn|5
|
|t:|1645627142
|switch|p2a: Scizor|Scizor, M|100/100
|-damage|p2a: Scizor|88/100|[from] Stealth Rock
|move|p1a: Ferrothorn|Leech Seed|p2a: Scizor
|-start|p2a: Scizor|move: Leech Seed
|
|-weather|RainDance|[upkeep]
|-damage|p2a: Scizor|76/100|[from] Leech Seed|[of] p1a: Ferrothorn
|-heal|p1a: Ferrothorn|59/100|[silent]
|upkeep
|turn|6
|
|t:|1645627164
|switch|p1a: Landorus|Landorus-Therian, M|100/100
|-ability|p1a: Landorus|Intimidate|boost
|-unboost|p2a: Scizor|atk|1
|move|p2a: Scizor|Dual Wingbeat|p1a: Landorus
|-damage|p1a: Landorus|78/100
|-damage|p1a: Landorus|56/100
|-hitcount|p1a: Landorus|2
|
|-weather|RainDance|[upkeep]
|-heal|p1a: Landorus|62/100|[from] item: Leftovers
|-damage|p2a: Scizor|63/100|[from] Leech Seed|[of] p1a: Landorus
|-heal|p1a: Landorus|71/100|[silent]
|upkeep
|turn|7
|
|t:|1645627175
|switch|p2a: Pelipper|Pelipper, M|100/100
|-damage|p2a: Pelipper|75/100|[from] Stealth Rock
|move|p1a: Landorus|U-turn|p2a: Pelipper
|-resisted|p2a: Pelipper
|-damage|p2a: Pelipper|67/100
|
|t:|1645627182
|switch|p1a: Tapu Koko|Tapu Koko|100/100|[from]move: U-turn
|-fieldstart|move: Electric Terrain|[from] ability: Electric Surge|[of] p1a: Tapu Koko
|
|-weather|none
|-heal|p2a: Pelipper|73/100|[from] item: Leftovers
|upkeep
|turn|8
|
|t:|1645627188
|switch|p2a: Ferrothorn|Ferrothorn, M|100/100
|-damage|p2a: Ferrothorn|94/100|[from] Stealth Rock
|move|p1a: Tapu Koko|U-turn|p2a: Ferrothorn
|-damage|p2a: Ferrothorn|85/100
|-damage|p1a: Tapu Koko|88/100|[from] ability: Iron Barbs|[of] p2a: Ferrothorn
|
|t:|1645627199
|switch|p1a: Ferrothorn|Ferrothorn, M|59/100|[from]move: U-turn
|
|-heal|p2a: Ferrothorn|92/100|[from] item: Leftovers
|upkeep
|turn|9
|
|t:|1645627206
|move|p1a: Ferrothorn|Knock Off|p2a: Ferrothorn
|-damage|p2a: Ferrothorn|78/100
|-damage|p1a: Ferrothorn|47/100|[from] ability: Iron Barbs|[of] p2a: Ferrothorn
|-enditem|p2a: Ferrothorn|Leftovers|[from] move: Knock Off|[of] p1a: Ferrothorn
|move|p2a: Ferrothorn|Stealth Rock|p1a: Ferrothorn
|-sidestart|p1: Greengamer12|move: Stealth Rock
|
|upkeep
|turn|10
|inactive|Greengamer12 has 120 seconds left.
|
|t:|1645627241
|move|p1a: Ferrothorn|Knock Off|p2a: Ferrothorn
|-damage|p2a: Ferrothorn|71/100
|-damage|p1a: Ferrothorn|34/100|[from] ability: Iron Barbs|[of] p2a: Ferrothorn
|move|p2a: Ferrothorn|Leech Seed|p1a: Ferrothorn
|-immune|p1a: Ferrothorn
|
|upkeep
|turn|11
|
|t:|1645627248
|move|p1a: Ferrothorn|Body Press|p2a: Ferrothorn
|-supereffective|p2a: Ferrothorn
|-damage|p2a: Ferrothorn|41/100
|-damage|p1a: Ferrothorn|22/100|[from] ability: Iron Barbs|[of] p2a: Ferrothorn
|move|p2a: Ferrothorn|Leech Seed|p1a: Ferrothorn
|-immune|p1a: Ferrothorn
|
|-fieldend|move: Electric Terrain
|upkeep
|turn|12
|
|t:|1645627262
|move|p1a: Ferrothorn|Body Press|p2a: Ferrothorn
|-supereffective|p2a: Ferrothorn
|-damage|p2a: Ferrothorn|13/100
|-damage|p1a: Ferrothorn|9/100|[from] ability: Iron Barbs|[of] p2a: Ferrothorn
|move|p2a: Ferrothorn|Power Whip|p1a: Ferrothorn
|-resisted|p1a: Ferrothorn
|-damage|p1a: Ferrothorn|2/100
|-damage|p2a: Ferrothorn|0 fnt|[from] ability: Iron Barbs|[of] p1a: Ferrothorn
|faint|p2a: Ferrothorn
|
|upkeep
|
|t:|1645627273
|switch|p2a: Regieleki|Regieleki|100/100
|-damage|p2a: Regieleki|88/100|[from] Stealth Rock
|turn|13
|
|t:|1645627279
|move|p2a: Regieleki|Rapid Spin|p1a: Ferrothorn
|-resisted|p1a: Ferrothorn
|-damage|p1a: Ferrothorn|0 fnt
|-boost|p2a: Regieleki|spe|1
|-damage|p2a: Regieleki|76/100|[from] ability: Iron Barbs|[of] p1a: Ferrothorn
|-sideend|p2: Falamir|Stealth Rock|[from] move: Rapid Spin|[of] p2a: Regieleki
|faint|p1a: Ferrothorn
|-damage|p2a: Regieleki|66/100|[from] item: Life Orb
|
|upkeep
|
|t:|1645627285
|switch|p1a: Landorus|Landorus-Therian, M|71/100
|-damage|p1a: Landorus|59/100|[from] Stealth Rock
|-ability|p1a: Landorus|Intimidate|boost
|-unboost|p2a: Regieleki|atk|1
|turn|14
|
|t:|1645627301
|switch|p2a: Pelipper|Pelipper, M|73/100
|-weather|RainDance|[from] ability: Drizzle|[of] p2a: Pelipper
|move|p1a: Landorus|Defog|p2a: Pelipper
|-unboost|p2a: Pelipper|evasion|1
|-sideend|p1: Greengamer12|Stealth Rock|[from] move: Defog|[of] p1a: Landorus
|
|-weather|RainDance|[upkeep]
|-heal|p1a: Landorus|65/100|[from] item: Leftovers
|-heal|p2a: Pelipper|80/100|[from] item: Leftovers
|upkeep
|turn|15
|
|t:|1645627313
|switch|p1a: Slowbro|Slowbro, M|100/100
|move|p2a: Pelipper|Tailwind|p2a: Pelipper
|-sidestart|p2: Falamir|move: Tailwind
|
|-weather|RainDance|[upkeep]
|-heal|p2a: Pelipper|86/100|[from] item: Leftovers
|upkeep
|turn|16
|
|t:|1645627322
|move|p2a: Pelipper|Hurricane|p1a: Slowbro
|-damage|p1a: Slowbro|64/100
|move|p1a: Slowbro|Teleport|p1a: Slowbro
|
|t:|1645627330
|switch|p1a: Regieleki|Regieleki|100/100|[from]move: Teleport
|
|-weather|RainDance|[upkeep]
|-heal|p2a: Pelipper|92/100|[from] item: Leftovers
|upkeep
|turn|17
|
|t:|1645627336
|switch|p1a: Jirachi|Jirachi|100/100
|switch|p2a: Landorus|Landorus-Therian, M|70/100 tox
|-ability|p2a: Landorus|Intimidate|boost
|-unboost|p1a: Jirachi|atk|1
|
|-weather|RainDance|[upkeep]
|-damage|p2a: Landorus|64/100 tox|[from] psn
|upkeep
|turn|18
|
|t:|1645627345
|move|p2a: Landorus|Knock Off|p1a: Jirachi
|-supereffective|p1a: Jirachi
|-damage|p1a: Jirachi|43/100
|-enditem|p1a: Jirachi|Ring Target|[from] move: Knock Off|[of] p2a: Landorus
|move|p1a: Jirachi|Ice Punch|p2a: Landorus
|-supereffective|p2a: Landorus
|-damage|p2a: Landorus|6/100 tox
|
|-weather|none
|-damage|p2a: Landorus|0 fnt|[from] psn
|faint|p2a: Landorus
|-sideend|p2: Falamir|move: Tailwind
|upkeep
|
|t:|1645627356
|switch|p2a: Regieleki|Regieleki|66/100
|turn|19
|
|t:|1645627368
|move|p2a: Regieleki|Ancient Power|p1a: Jirachi
|-resisted|p1a: Jirachi
|-damage|p1a: Jirachi|31/100
|-damage|p2a: Regieleki|56/100|[from] item: Life Orb
|move|p1a: Jirachi|U-turn|p2a: Regieleki
|-damage|p2a: Regieleki|32/100
|
|t:|1645627384
|switch|p1a: Regieleki|Regieleki|100/100|[from]move: U-turn
|
|upkeep
|turn|20
|
|t:|1645627389
|move|p1a: Regieleki|Volt Switch|p2a: Regieleki
|-resisted|p2a: Regieleki
|-damage|p2a: Regieleki|0 fnt
|faint|p2a: Regieleki
|
|t:|1645627393
|switch|p1a: Tapu Koko|Tapu Koko|88/100|[from]move: Volt Switch
|-fieldstart|move: Electric Terrain|[from] ability: Electric Surge|[of] p1a: Tapu Koko
|
|upkeep
|
|t:|1645627400
|switch|p2a: Dragonite|Dragonite, M|100/100
|turn|21
|
|t:|1645627404
|move|p1a: Tapu Koko|U-turn|p2a: Dragonite
|-resisted|p2a: Dragonite
|-damage|p2a: Dragonite|96/100
|
|t:|1645627407
|switch|p1a: Jirachi|Jirachi|31/100|[from]move: U-turn
|move|p2a: Dragonite|Dragon Dance|p2a: Dragonite
|-boost|p2a: Dragonite|atk|1
|-boost|p2a: Dragonite|spe|1
|
|upkeep
|turn|22
|
|t:|1645627414
|move|p2a: Dragonite|Dragon Claw|p1a: Jirachi
|-resisted|p1a: Jirachi
|-damage|p1a: Jirachi|3/100
|move|p1a: Jirachi|Ice Punch|p2a: Dragonite
|-supereffective|p2a: Dragonite
|-crit|p2a: Dragonite
|-damage|p2a: Dragonite|0 fnt
|faint|p2a: Dragonite
|
|upkeep
|
|t:|1645627422
|switch|p2a: Scizor|Scizor, M|63/100
|turn|23
|
|t:|1645627428
|move|p1a: Jirachi|Iron Head|p2a: Scizor
|-resisted|p2a: Scizor
|-damage|p2a: Scizor|46/100
|move|p2a: Scizor|U-turn|p1a: Jirachi
|-damage|p1a: Jirachi|0 fnt
|faint|p1a: Jirachi
|
|t:|1645627434
|switch|p2a: Pelipper|Pelipper, M|92/100|[from]move: U-turn
|-weather|RainDance|[from] ability: Drizzle|[of] p2a: Pelipper
|
|-weather|RainDance|[upkeep]
|-heal|p2a: Pelipper|98/100|[from] item: Leftovers
|upkeep
|
|t:|1645627437
|switch|p1a: Regieleki|Regieleki|100/100
|turn|24
|
|t:|1645627444
|move|p1a: Regieleki|Rising Voltage|p2a: Pelipper
|-supereffective|p2a: Pelipper
|-damage|p2a: Pelipper|0 fnt
|faint|p2a: Pelipper
|
|-weather|RainDance|[upkeep]
|-fieldend|move: Electric Terrain
|upkeep
|
|t:|1645627449
|switch|p2a: Scizor|Scizor, M|46/100
|turn|25
|
|t:|1645627453
|move|p2a: Scizor|Bullet Punch|p1a: Regieleki
|-resisted|p1a: Regieleki
|-damage|p1a: Regieleki|51/100
|move|p1a: Regieleki|Rising Voltage|p2a: Scizor
|-damage|p2a: Scizor|0 fnt
|faint|p2a: Scizor
|
|win|Greengamer12
|raw|Greengamer12's rating: 1389 &rarr; <strong>1408</strong><br />(+19 for winning)
|raw|Falamir's rating: 1370 &rarr; <strong>1351</strong><br />(-19 for losing)
|l|☆Falamir
||Ladder isn't responding, score probably updated but might not have (Request timeout).
