|j|☆piaoz2002
|j|☆corumba
|t:|1667406467
|gametype|singles
|player|p1|piaoz2002|steven|1735
|player|p2|corumba|schoolkid-gen4|1835
|teamsize|p1|6
|teamsize|p2|6
|gen|8
|tier|[Gen 8] OU
|rated|
|rule|Sleep Clause Mod: Limit one foe put to sleep
|rule|Species Clause: Limit one of each Pokémon
|rule|OHKO Clause: OHKO moves are banned
|rule|Evasion Items Clause: Evasion items are banned
|rule|Evasion Moves Clause: Evasion moves are banned
|rule|Endless Battle Clause: Forcing endless battles is banned
|rule|HP Percentage Mod: HP is shown in percentages
|rule|Dynamax Clause: You cannot dynamax
|clearpoke
|poke|p1|Garchomp, F|
|poke|p1|Buzzwole|
|poke|p1|Slowking-Galar, M|
|poke|p1|Urshifu-*, F|
|poke|p1|Weavile, F|
|poke|p1|Corviknight, F|
|poke|p2|Landorus-Therian, M|
|poke|p2|Rotom-Wash|
|poke|p2|Gengar, M|
|poke|p2|Melmetal|
|poke|p2|Heatran, M|
|poke|p2|Dragapult, F|
|teampreview
|
|t:|1667406489
|start
|switch|p1a: Garchomp|Garchomp, F, shiny|100/100
|switch|p2a: Dragapult|Dragapult, F|100/100
|turn|1
|inactive|Battle timer is ON: inactive players will automatically lose when time's up. (requested by corumba)
|j| Brim.AI
|l|☆piaoz2002
|inactive|piaoz2002 disconnected and has a minute to reconnect!
|player|p1|
|j|☆piaoz2002
|inactive|piaoz2002 reconnected and has 110 seconds left.
|player|p1|piaoz2002|steven
|
|t:|1667406535
|move|p1a: Garchomp|Protect|p1a: Garchomp
|-singleturn|p1a: Garchomp|Protect
|move|p2a: Dragapult|Dragon Darts|p1a: Garchomp
|-activate|p1a: Garchomp|move: Protect
|
|upkeep
|turn|2
|
|t:|1667406541
|switch|p2a: Heatran|Heatran, M|100/100
|switch|p1a: Corviknight|Corviknight, F, shiny|100/100
|-ability|p1a: Corviknight|Pressure
|
|upkeep
|turn|3
|
|t:|1667406547
|switch|p1a: Garchomp|Garchomp, F, shiny|100/100
|move|p2a: Heatran|Stealth Rock|p1a: Garchomp
|-sidestart|p1: piaoz2002|move: Stealth Rock
|
|upkeep
|turn|4
|j| cypherstest
|
|t:|1667406558
|switch|p2a: Landorus|Landorus-Therian, M|100/100
|-ability|p2a: Landorus|Intimidate|boost
|-unboost|p1a: Garchomp|atk|1
|move|p1a: Garchomp|Stealth Rock|p2a: Landorus
|-sidestart|p2: corumba|move: Stealth Rock
|
|upkeep
|turn|5
|
|t:|1667406564
|move|p2a: Landorus|Earthquake|p1a: Garchomp
|-damage|p1a: Garchomp|53/100
|move|p1a: Garchomp|Toxic|p2a: Landorus
|-status|p2a: Landorus|tox
|
|-heal|p1a: Garchomp|60/100|[from] item: Leftovers
|-damage|p2a: Landorus|94/100 tox|[from] psn
|upkeep
|turn|6
|
|t:|1667406572
|switch|p2a: Dragapult|Dragapult, F|100/100
|-damage|p2a: Dragapult|88/100|[from] Stealth Rock
|move|p1a: Garchomp|Protect||[still]
|-fail|p1a: Garchomp
|
|-heal|p1a: Garchomp|66/100|[from] item: Leftovers
|upkeep
|turn|7
|
|t:|1667406575
|switch|p1a: Corviknight|Corviknight, F, shiny|100/100
|-damage|p1a: Corviknight|88/100|[from] Stealth Rock
|-ability|p1a: Corviknight|Pressure
|move|p2a: Dragapult|Dragon Darts|p1a: Corviknight
|-resisted|p1a: Corviknight
|-crit|p1a: Corviknight
|-damage|p1a: Corviknight|68/100
|-anim|p2a: Dragapult|Dragon Darts|p1a: Corviknight
|-resisted|p1a: Corviknight
|-damage|p1a: Corviknight|55/100
|
|upkeep
|turn|8
|j| tyrantkingdad
|
|t:|1667406581
|switch|p2a: Heatran|Heatran, M|100/100
|-damage|p2a: Heatran|88/100|[from] Stealth Rock
|move|p1a: Corviknight|Roost|p1a: Corviknight
|-heal|p1a: Corviknight|100/100
|-singleturn|p1a: Corviknight|move: Roost
|
|-heal|p2a: Heatran|94/100|[from] item: Leftovers
|upkeep
|turn|9
|
|t:|1667406584
|switch|p1a: Slowking|Slowking-Galar, M, shiny|100/100
|-damage|p1a: Slowking|88/100|[from] Stealth Rock
|move|p2a: Heatran|Lava Plume|p1a: Slowking
|-damage|p1a: Slowking|74/100
|
|-heal|p2a: Heatran|100/100|[from] item: Leftovers
|upkeep
|turn|10
|
|t:|1667406603
|move|p2a: Heatran|Heavy Slam|p1a: Slowking
|-damage|p1a: Slowking|39/100
|move|p1a: Slowking|Scald|p2a: Heatran
|-supereffective|p2a: Heatran
|-damage|p2a: Heatran|61/100
|
|-heal|p2a: Heatran|67/100|[from] item: Leftovers
|upkeep
|turn|11
|
|t:|1667406611
|switch|p1a: Garchomp|Garchomp, F, shiny|66/100
|-damage|p1a: Garchomp|60/100|[from] Stealth Rock
|move|p2a: Heatran|Earth Power|p1a: Garchomp
|-damage|p1a: Garchomp|34/100
|
|-heal|p1a: Garchomp|40/100|[from] item: Leftovers
|-heal|p2a: Heatran|73/100|[from] item: Leftovers
|upkeep
|turn|12
|
|t:|1667406622
|switch|p1a: Urshifu|Urshifu-Rapid-Strike, F|100/100
|-damage|p1a: Urshifu|94/100|[from] Stealth Rock
|switch|p2a: Landorus|Landorus-Therian, M|94/100 tox
|-damage|p2a: Landorus|82/100 tox|[from] Stealth Rock
|-ability|p2a: Landorus|Intimidate|boost
|-unboost|p1a: Urshifu|atk|1
|
|-damage|p2a: Landorus|76/100 tox|[from] psn
|upkeep
|turn|13
|
|t:|1667406629
|switch|p2a: Rotom|Rotom-Wash|100/100
|-damage|p2a: Rotom|88/100|[from] Stealth Rock
|move|p1a: Urshifu|Surging Strikes|p2a: Rotom
|-resisted|p2a: Rotom
|-crit|p2a: Rotom
|-damage|p2a: Rotom|76/100
|-resisted|p2a: Rotom
|-crit|p2a: Rotom
|-damage|p2a: Rotom|64/100
|-resisted|p2a: Rotom
|-crit|p2a: Rotom
|-damage|p2a: Rotom|51/100
|-hitcount|p2a: Rotom|3
|
|-heal|p2a: Rotom|57/100|[from] item: Leftovers
|upkeep
|turn|14
|
|t:|1667406637
|switch|p1a: Garchomp|Garchomp, F, shiny|40/100
|-damage|p1a: Garchomp|34/100|[from] Stealth Rock
|move|p2a: Rotom|Hydro Pump|p1a: Garchomp|[miss]
|-miss|p2a: Rotom|p1a: Garchomp
|
|-heal|p2a: Rotom|63/100|[from] item: Leftovers
|-heal|p1a: Garchomp|40/100|[from] item: Leftovers
|upkeep
|turn|15
|
|t:|1667406642
|move|p1a: Garchomp|Protect|p1a: Garchomp
|-singleturn|p1a: Garchomp|Protect
|move|p2a: Rotom|Hydro Pump|p1a: Garchomp
|-activate|p1a: Garchomp|move: Protect
|
|-heal|p2a: Rotom|68/100|[from] item: Leftovers
|-heal|p1a: Garchomp|47/100|[from] item: Leftovers
|upkeep
|turn|16
|
|t:|1667406645
|move|p1a: Garchomp|Toxic|p2a: Rotom
|-status|p2a: Rotom|tox
|move|p2a: Rotom|Hydro Pump|p1a: Garchomp
|-crit|p1a: Garchomp
|-damage|p1a: Garchomp|0 fnt
|faint|p1a: Garchomp
|
|-heal|p2a: Rotom|74/100 tox|[from] item: Leftovers
|-damage|p2a: Rotom|68/100 tox|[from] psn
|upkeep
|
|t:|1667406648
|switch|p1a: Urshifu|Urshifu-Rapid-Strike, F|94/100
|-damage|p1a: Urshifu|88/100|[from] Stealth Rock
|turn|17
|
|t:|1667406664
|switch|p2a: Landorus|Landorus-Therian, M|76/100 tox
|-damage|p2a: Landorus|63/100 tox|[from] Stealth Rock
|-ability|p2a: Landorus|Intimidate|boost
|-unboost|p1a: Urshifu|atk|1
|move|p1a: Urshifu|U-turn|p2a: Landorus
|-resisted|p2a: Landorus
|-damage|p2a: Landorus|49/100 tox
|
|t:|1667406666
|switch|p1a: Buzzwole|Buzzwole|100/100|[from]move: U-turn
|-damage|p1a: Buzzwole|88/100|[from] Stealth Rock
|
|-damage|p2a: Landorus|43/100 tox|[from] psn
|upkeep
|turn|18
|c|☆piaoz2002|。
|
|t:|1667406678
|move|p2a: Landorus|U-turn|p1a: Buzzwole
|-resisted|p1a: Buzzwole
|-crit|p1a: Buzzwole
|-damage|p1a: Buzzwole|76/100
|-damage|p2a: Landorus|26/100 tox|[from] item: Rocky Helmet|[of] p1a: Buzzwole
|
|t:|1667406694
|switch|p2a: Heatran|Heatran, M|73/100|[from]move: U-turn
|-damage|p2a: Heatran|61/100|[from] Stealth Rock
|move|p1a: Buzzwole|Ice Punch|p2a: Heatran
|-resisted|p2a: Heatran
|-damage|p2a: Heatran|57/100
|-status|p1a: Buzzwole|brn|[from] ability: Flame Body|[of] p2a: Heatran
|
|-heal|p2a: Heatran|63/100|[from] item: Leftovers
|-damage|p1a: Buzzwole|70/100 brn|[from] brn
|upkeep
|turn|19
|
|t:|1667406704
|switch|p2a: Rotom|Rotom-Wash|68/100 tox
|-damage|p2a: Rotom|56/100 tox|[from] Stealth Rock
|move|p1a: Buzzwole|Earthquake|p2a: Rotom
|-immune|p2a: Rotom|[from] ability: Levitate
|
|-heal|p2a: Rotom|62/100 tox|[from] item: Leftovers
|-damage|p2a: Rotom|56/100 tox|[from] psn
|-damage|p1a: Buzzwole|64/100 brn|[from] brn
|upkeep
|turn|20
|
|t:|1667406708
|switch|p1a: Slowking|Slowking-Galar, M, shiny|72/100
|-damage|p1a: Slowking|60/100|[from] Stealth Rock
|move|p2a: Rotom|Volt Switch|p1a: Slowking
|-damage|p1a: Slowking|49/100
|
|t:|1667406723
|switch|p2a: Gengar|Gengar, M|100/100|[from]move: Volt Switch
|-damage|p2a: Gengar|88/100|[from] Stealth Rock
|
|upkeep
|turn|21
|
|t:|1667406728
|move|p2a: Gengar|Shadow Ball|p1a: Slowking
|-supereffective|p1a: Slowking
|-damage|p1a: Slowking|12/100
|move|p1a: Slowking|Future Sight|p2a: Gengar
|-start|p1a: Slowking|move: Future Sight
|
|upkeep
|turn|22
|
|t:|1667406734
|switch|p1a: Weavile|Weavile, F, shiny|100/100
|-ability|p1a: Weavile|Pressure
|move|p2a: Gengar|Shadow Ball|p1a: Weavile
|-resisted|p1a: Weavile
|-damage|p1a: Weavile|71/100
|
|upkeep
|turn|23
|
|t:|1667406744
|switch|p2a: Landorus|Landorus-Therian, M|26/100 tox
|-damage|p2a: Landorus|14/100 tox|[from] Stealth Rock
|-ability|p2a: Landorus|Intimidate|boost
|-unboost|p1a: Weavile|atk|1
|move|p1a: Weavile|Knock Off|p2a: Landorus
|-damage|p2a: Landorus|0 fnt
|-enditem|p2a: Landorus|Soft Sand|[from] move: Knock Off|[of] p1a: Weavile
|faint|p2a: Landorus
|
|-hint|Future Sight did not hit because the target is fainted.
|upkeep
|
|t:|1667406756
|switch|p2a: Dragapult|Dragapult, F|88/100
|-damage|p2a: Dragapult|76/100|[from] Stealth Rock
|turn|24
|
|t:|1667406760
|switch|p1a: Corviknight|Corviknight, F, shiny|100/100
|-damage|p1a: Corviknight|88/100|[from] Stealth Rock
|-ability|p1a: Corviknight|Pressure
|move|p2a: Dragapult|U-turn|p1a: Corviknight
|-resisted|p1a: Corviknight
|-damage|p1a: Corviknight|82/100
|-damage|p2a: Dragapult|59/100|[from] item: Rocky Helmet|[of] p1a: Corviknight
|
|t:|1667406775
|switch|p2a: Heatran|Heatran, M|63/100|[from]move: U-turn
|-damage|p2a: Heatran|51/100|[from] Stealth Rock
|
|-heal|p2a: Heatran|57/100|[from] item: Leftovers
|upkeep
|turn|25
|
|t:|1667406792
|switch|p1a: Urshifu|Urshifu-Rapid-Strike, F|88/100
|-damage|p1a: Urshifu|82/100|[from] Stealth Rock
|move|p2a: Heatran|Lava Plume|p1a: Urshifu
|-resisted|p1a: Urshifu
|-damage|p1a: Urshifu|58/100
|-status|p1a: Urshifu|brn
|
|-heal|p2a: Heatran|63/100|[from] item: Leftovers
|-damage|p1a: Urshifu|52/100 brn|[from] brn
|upkeep
|turn|26
|
|t:|1667406805
|switch|p2a: Rotom|Rotom-Wash|56/100 tox
|-damage|p2a: Rotom|44/100 tox|[from] Stealth Rock
|move|p1a: Urshifu|U-turn|p2a: Rotom
|-damage|p2a: Rotom|27/100 tox
|
|t:|1667406809
|switch|p1a: Weavile|Weavile, F, shiny|71/100|[from]move: U-turn
|-ability|p1a: Weavile|Pressure
|
|-heal|p2a: Rotom|33/100 tox|[from] item: Leftovers
|-damage|p2a: Rotom|27/100 tox|[from] psn
|upkeep
|turn|27
|
|t:|1667406817
|switch|p2a: Heatran|Heatran, M|63/100
|-damage|p2a: Heatran|51/100|[from] Stealth Rock
|move|p1a: Weavile|Knock Off|p2a: Heatran
|-damage|p2a: Heatran|23/100
|-enditem|p2a: Heatran|Leftovers|[from] move: Knock Off|[of] p1a: Weavile
|
|upkeep
|turn|28
|
|t:|1667406825
|switch|p1a: Urshifu|Urshifu-Rapid-Strike, F|52/100 brn
|-damage|p1a: Urshifu|46/100 brn|[from] Stealth Rock
|move|p2a: Heatran|Lava Plume|p1a: Urshifu
|-resisted|p1a: Urshifu
|-damage|p1a: Urshifu|21/100 brn
|
|-damage|p1a: Urshifu|15/100 brn|[from] brn
|upkeep
|turn|29
|l| tyrantkingdad
|
|t:|1667406834
|switch|p2a: Rotom|Rotom-Wash|27/100 tox
|-damage|p2a: Rotom|15/100 tox|[from] Stealth Rock
|move|p1a: Urshifu|Surging Strikes|p2a: Rotom
|-resisted|p2a: Rotom
|-crit|p2a: Rotom
|-damage|p2a: Rotom|9/100 tox
|-resisted|p2a: Rotom
|-crit|p2a: Rotom
|-damage|p2a: Rotom|3/100 tox
|-resisted|p2a: Rotom
|-crit|p2a: Rotom
|-damage|p2a: Rotom|0 fnt
|faint|p2a: Rotom
|-hitcount|p2: Rotom|3
|
|-damage|p1a: Urshifu|8/100 brn|[from] brn
|upkeep
|
|t:|1667406850
|switch|p2a: Gengar|Gengar, M|88/100
|-damage|p2a: Gengar|76/100|[from] Stealth Rock
|turn|30
|
|t:|1667406854
|move|p2a: Gengar|Shadow Ball|p1a: Urshifu
|-damage|p1a: Urshifu|0 fnt
|faint|p1a: Urshifu
|
|upkeep
|
|t:|1667406856
|switch|p1a: Weavile|Weavile, F, shiny|71/100
|-ability|p1a: Weavile|Pressure
|turn|31
|
|t:|1667406870
|switch|p2a: Heatran|Heatran, M|23/100
|-damage|p2a: Heatran|10/100|[from] Stealth Rock
|switch|p1a: Corviknight|Corviknight, F, shiny|82/100
|-damage|p1a: Corviknight|70/100|[from] Stealth Rock
|-ability|p1a: Corviknight|Pressure
|
|upkeep
|turn|32
|
|t:|1667406880
|switch|p1a: Slowking|Slowking-Galar, M, shiny|46/100
|-damage|p1a: Slowking|33/100|[from] Stealth Rock
|move|p2a: Heatran|Lava Plume|p1a: Slowking
|-damage|p1a: Slowking|19/100
|-status|p1a: Slowking|brn
|
|-damage|p1a: Slowking|13/100 brn|[from] brn
|upkeep
|turn|33
|
|t:|1667406890
|switch|p1a: Buzzwole|Buzzwole|64/100 brn
|-damage|p1a: Buzzwole|51/100 brn|[from] Stealth Rock
|move|p2a: Heatran|Lava Plume|p1a: Buzzwole
|-supereffective|p1a: Buzzwole
|-damage|p1a: Buzzwole|0 fnt
|faint|p1a: Buzzwole
|
|upkeep
|
|t:|1667406896
|switch|p1a: Weavile|Weavile, F, shiny|71/100
|-ability|p1a: Weavile|Pressure
|turn|34
|
|t:|1667406900
|move|p1a: Weavile|Knock Off|p2a: Heatran
|-damage|p2a: Heatran|0 fnt
|-status|p1a: Weavile|brn|[from] ability: Flame Body|[of] p2a: Heatran
|faint|p2a: Heatran
|
|-damage|p1a: Weavile|65/100 brn|[from] brn
|upkeep
|c|☆piaoz2002|。
|c|☆corumba|everything's on fire
|
|t:|1667406921
|switch|p2a: Melmetal|Melmetal|100/100
|-damage|p2a: Melmetal|94/100|[from] Stealth Rock
|turn|35
|
|t:|1667406927
|move|p1a: Weavile|Knock Off|p2a: Melmetal
|-damage|p2a: Melmetal|81/100
|-enditem|p2a: Melmetal|Leftovers|[from] move: Knock Off|[of] p1a: Weavile
|move|p2a: Melmetal|Ice Punch|p1a: Weavile
|-resisted|p1a: Weavile
|-damage|p1a: Weavile|38/100 brn
|
|-damage|p1a: Weavile|32/100 brn|[from] brn
|upkeep
|turn|36
|
|t:|1667406934
|move|p1a: Weavile|Knock Off|p2a: Melmetal
|-damage|p2a: Melmetal|73/100
|move|p2a: Melmetal|Ice Punch|p1a: Weavile
|-resisted|p1a: Weavile
|-damage|p1a: Weavile|7/100 brn
|
|-damage|p1a: Weavile|1/100 brn|[from] brn
|upkeep
|turn|37
|
|t:|1667406938
|move|p1a: Weavile|Knock Off|p2a: Melmetal
|-damage|p2a: Melmetal|64/100
|move|p2a: Melmetal|Ice Punch|p1a: Weavile
|-resisted|p1a: Weavile
|-damage|p1a: Weavile|0 fnt
|faint|p1a: Weavile
|
|upkeep
|
|t:|1667406941
|switch|p1a: Corviknight|Corviknight, F, shiny|70/100
|-damage|p1a: Corviknight|57/100|[from] Stealth Rock
|-ability|p1a: Corviknight|Pressure
|turn|38
|
|t:|1667406949
|switch|p2a: Gengar|Gengar, M|76/100
|-damage|p2a: Gengar|64/100|[from] Stealth Rock
|move|p1a: Corviknight|Roost|p1a: Corviknight
|-heal|p1a: Corviknight|100/100
|-singleturn|p1a: Corviknight|move: Roost
|
|upkeep
|turn|39
|
|t:|1667406953
|move|p2a: Gengar|Trick|p1a: Corviknight
|-activate|p2a: Gengar|move: Trick|[of] p1a: Corviknight
|-item|p1a: Corviknight|Choice Scarf|[from] move: Trick
|-item|p2a: Gengar|Rocky Helmet|[from] move: Trick
|move|p1a: Corviknight|Bulk Up|p1a: Corviknight
|-boost|p1a: Corviknight|atk|1
|-boost|p1a: Corviknight|def|1
|
|upkeep
|turn|40
|
|t:|1667406961
|switch|p1a: Slowking|Slowking-Galar, M, shiny|46/100 brn
|-damage|p1a: Slowking|34/100 brn|[from] Stealth Rock
|move|p2a: Gengar|Shadow Ball|p1a: Slowking
|-supereffective|p1a: Slowking
|-damage|p1a: Slowking|0 fnt
|faint|p1a: Slowking
|
|upkeep
|
|t:|1667406963
|switch|p1a: Corviknight|Corviknight, F, shiny|100/100
|-damage|p1a: Corviknight|88/100|[from] Stealth Rock
|-ability|p1a: Corviknight|Pressure
|turn|41
|
|t:|1667406969
|switch|p2a: Melmetal|Melmetal|64/100
|-damage|p2a: Melmetal|58/100|[from] Stealth Rock
|move|p1a: Corviknight|Brave Bird|p2a: Melmetal
|-resisted|p2a: Melmetal
|-crit|p2a: Melmetal
|-damage|p2a: Melmetal|44/100
|-damage|p1a: Corviknight|83/100|[from] Recoil
|
|upkeep
|turn|42
|
|t:|1667406975
|move|p1a: Corviknight|Brave Bird|p2a: Melmetal
|-resisted|p2a: Melmetal
|-damage|p2a: Melmetal|35/100
|-damage|p1a: Corviknight|79/100|[from] Recoil
|move|p2a: Melmetal|Ice Punch|p1a: Corviknight
|-damage|p1a: Corviknight|58/100
|
|upkeep
|turn|43
|
|t:|1667406978
|move|p1a: Corviknight|Brave Bird|p2a: Melmetal
|-resisted|p2a: Melmetal
|-damage|p2a: Melmetal|25/100
|-damage|p1a: Corviknight|54/100|[from] Recoil
|move|p2a: Melmetal|Ice Punch|p1a: Corviknight
|-damage|p1a: Corviknight|35/100
|
|upkeep
|turn|44
|-message|piaoz2002 forfeited.
|
|win|corumba
|raw|piaoz2002's rating: 1735 &rarr; <strong>1721</strong><br />(-14 for losing)
|raw|corumba's rating: 1835 &rarr; <strong>1849</strong><br />(+14 for winning)
|l|☆piaoz2002
||Ladder isn't responding, score probably updated but might not have (Request timeout).
