|j|☆Eclipse77
|j|‽Guest 5890168
|t:|1664651546
|gametype|singles
|player|p1|Eclipse77|kahili|1418
|player|p2|Guest 5890168|170|1437
|teamsize|p1|6
|teamsize|p2|6
|gen|8
|tier|[Gen 8] OU
|rated|
|rule|Sleep Clause Mod: Limit one foe put to sleep
|rule|Species Clause: Limit one of each Pokémon
|rule|OHKO Clause: OHKO moves are banned
|rule|Evasion Items Clause: Evasion items are banned
|rule|Evasion Moves Clause: Evasion moves are banned
|rule|Endless Battle Clause: Forcing endless battles is banned
|rule|HP Percentage Mod: HP is shown in percentages
|rule|Dynamax Clause: You cannot dynamax
|clearpoke
|poke|p1|Urshifu-*, M|
|poke|p1|Tyranitar, M|
|poke|p1|Excadrill, M|
|poke|p1|Zapdos|
|poke|p1|Ferrothorn, M|
|poke|p1|Tapu Lele|
|poke|p2|Rotom-Wash|
|poke|p2|Weavile, F|
|poke|p2|Landorus-Therian, M|
|poke|p2|Heatran, M|
|poke|p2|Tangrowth, M|
|poke|p2|Melmetal|
|teampreview
|inactive|Battle timer is ON: inactive players will automatically lose when time's up. (requested by Guest 5890168)
|
|t:|1664651558
|start
|switch|p1a: Urshifu|Urshifu-Rapid-Strike, M|100/100
|switch|p2a: Landorus|Landorus-Therian, M|100/100
|-ability|p2a: Landorus|Intimidate|boost
|-unboost|p1a: Urshifu|atk|1
|turn|1
|
|t:|1664651560
|switch|p2a: Tangrowth|Tangrowth, M|100/100
|move|p1a: Urshifu|Surging Strikes|p2a: Tangrowth
|-resisted|p2a: Tangrowth
|-crit|p2a: Tangrowth
|-damage|p2a: Tangrowth|96/100
|-resisted|p2a: Tangrowth
|-crit|p2a: Tangrowth
|-damage|p2a: Tangrowth|90/100
|-resisted|p2a: Tangrowth
|-crit|p2a: Tangrowth
|-damage|p2a: Tangrowth|85/100
|-hitcount|p2a: Tangrowth|3
|
|upkeep
|turn|2
|
|t:|1664651562
|move|p1a: Urshifu|U-turn|p2a: Tangrowth
|-supereffective|p2a: Tangrowth
|-damage|p2a: Tangrowth|69/100
|
|t:|1664651565
|switch|p1a: Ferrothorn|Ferrothorn, M|100/100|[from]move: U-turn
|move|p2a: Tangrowth|Giga Drain|p1a: Ferrothorn
|-resisted|p1a: Ferrothorn
|-damage|p1a: Ferrothorn|96/100
|-heal|p2a: Tangrowth|71/100|[from] drain|[of] p1a: Ferrothorn
|
|-heal|p1a: Ferrothorn|100/100|[from] item: Leftovers
|upkeep
|turn|3
|
|t:|1664651569
|switch|p2a: Heatran|Heatran, M|100/100
|-item|p2a: Heatran|Air Balloon
|move|p1a: Ferrothorn|Stealth Rock|p2a: Heatran
|-sidestart|p2: Guest 5890168|move: Stealth Rock
|
|upkeep
|turn|4
|
|t:|1664651574
|switch|p1a: Urshifu|Urshifu-Rapid-Strike, M|100/100
|move|p2a: Heatran|Stealth Rock|p1a: Urshifu
|-sidestart|p1: Eclipse77|move: Stealth Rock
|
|upkeep
|turn|5
|
|t:|1664651583
|switch|p2a: Tangrowth|Tangrowth, M|100/100
|-damage|p2a: Tangrowth|88/100|[from] Stealth Rock
|move|p1a: Urshifu|U-turn|p2a: Tangrowth
|-supereffective|p2a: Tangrowth
|-damage|p2a: Tangrowth|61/100
|
|t:|1664651588
|switch|p1a: Zapdos|Zapdos|100/100|[from]move: U-turn
|
|upkeep
|turn|6
|
|t:|1664651602
|switch|p2a: Landorus|Landorus-Therian, M|100/100
|-damage|p2a: Landorus|88/100|[from] Stealth Rock
|-ability|p2a: Landorus|Intimidate|boost
|-unboost|p1a: Zapdos|atk|1
|move|p1a: Zapdos|Volt Switch|p2a: Landorus
|-immune|p2a: Landorus
|
|-heal|p2a: Landorus|94/100|[from] item: Leftovers
|upkeep
|turn|7
|
|t:|1664651605
|move|p1a: Zapdos|Hurricane|p2a: Landorus
|-damage|p2a: Landorus|61/100
|-start|p2a: Landorus|confusion
|-activate|p2a: Landorus|confusion
|-damage|p2a: Landorus|47/100|[from] confusion
|
|-heal|p2a: Landorus|53/100|[from] item: Leftovers
|upkeep
|turn|8
|
|t:|1664651611
|switch|p1a: Ferrothorn|Ferrothorn, M|100/100
|-damage|p1a: Ferrothorn|95/100|[from] Stealth Rock
|-activate|p2a: Landorus|confusion
|-damage|p2a: Landorus|40/100|[from] confusion
|
|-heal|p2a: Landorus|46/100|[from] item: Leftovers
|-heal|p1a: Ferrothorn|100/100|[from] item: Leftovers
|upkeep
|turn|9
|
|t:|1664651617
|-end|p2a: Landorus|confusion
|move|p2a: Landorus|Earthquake|p1a: Ferrothorn
|-damage|p1a: Ferrothorn|66/100
|move|p1a: Ferrothorn|Knock Off|p2a: Landorus
|-damage|p2a: Landorus|24/100
|-enditem|p2a: Landorus|Leftovers|[from] move: Knock Off|[of] p1a: Ferrothorn
|
|-heal|p1a: Ferrothorn|72/100|[from] item: Leftovers
|upkeep
|turn|10
|
|t:|1664651626
|switch|p2a: Tangrowth|Tangrowth, M|94/100
|-damage|p2a: Tangrowth|82/100|[from] Stealth Rock
|move|p1a: Ferrothorn|Knock Off|p2a: Tangrowth
|-damage|p2a: Tangrowth|70/100
|-damage|p1a: Ferrothorn|55/100|[from] item: Rocky Helmet|[of] p2a: Tangrowth
|-enditem|p2a: Tangrowth|Rocky Helmet|[from] move: Knock Off|[of] p1a: Ferrothorn
|
|-heal|p1a: Ferrothorn|61/100|[from] item: Leftovers
|upkeep
|turn|11
|
|t:|1664651634
|move|p2a: Tangrowth|Focus Blast|p1a: Ferrothorn
|-supereffective|p1a: Ferrothorn
|-damage|p1a: Ferrothorn|18/100
|move|p1a: Ferrothorn|Knock Off|p2a: Tangrowth
|-damage|p2a: Tangrowth|62/100
|
|-heal|p1a: Ferrothorn|24/100|[from] item: Leftovers
|upkeep
|turn|12
|
|t:|1664651637
|switch|p1a: Zapdos|Zapdos|100/100
|move|p2a: Tangrowth|Focus Blast|p1a: Zapdos
|-resisted|p1a: Zapdos
|-damage|p1a: Zapdos|86/100
|
|upkeep
|turn|13
|
|t:|1664651645
|switch|p2a: Melmetal|Melmetal|100/100
|-damage|p2a: Melmetal|94/100|[from] Stealth Rock
|move|p1a: Zapdos|Volt Switch|p2a: Melmetal
|-damage|p2a: Melmetal|79/100
|
|t:|1664651651
|switch|p1a: Excadrill|Excadrill, M|100/100|[from]move: Volt Switch
|-damage|p1a: Excadrill|97/100|[from] Stealth Rock
|
|upkeep
|turn|14
|
|t:|1664651658
|switch|p1a: Urshifu|Urshifu-Rapid-Strike, M|100/100
|-damage|p1a: Urshifu|94/100|[from] Stealth Rock
|switch|p2a: Heatran|Heatran, M|100/100
|-damage|p2a: Heatran|88/100|[from] Stealth Rock
|-item|p2a: Heatran|Air Balloon
|
|upkeep
|turn|15
|
|t:|1664651664
|switch|p2a: Tangrowth|Tangrowth, M|95/100
|-damage|p2a: Tangrowth|83/100|[from] Stealth Rock
|move|p1a: Urshifu|Surging Strikes|p2a: Tangrowth
|-resisted|p2a: Tangrowth
|-crit|p2a: Tangrowth
|-damage|p2a: Tangrowth|78/100
|-resisted|p2a: Tangrowth
|-crit|p2a: Tangrowth
|-damage|p2a: Tangrowth|74/100
|-resisted|p2a: Tangrowth
|-crit|p2a: Tangrowth
|-damage|p2a: Tangrowth|68/100
|-hitcount|p2a: Tangrowth|3
|
|upkeep
|turn|16
|
|t:|1664651667
|move|p1a: Urshifu|U-turn|p2a: Tangrowth
|-supereffective|p2a: Tangrowth
|-damage|p2a: Tangrowth|42/100
|
|t:|1664651669
|switch|p1a: Zapdos|Zapdos|86/100|[from]move: U-turn
|move|p2a: Tangrowth|Giga Drain|p1a: Zapdos
|-resisted|p1a: Zapdos
|-damage|p1a: Zapdos|74/100
|-heal|p2a: Tangrowth|48/100|[from] drain|[of] p1a: Zapdos
|
|upkeep
|turn|17
|
|t:|1664651676
|switch|p2a: Rotom|Rotom-Wash|100/100
|-damage|p2a: Rotom|88/100|[from] Stealth Rock
|move|p1a: Zapdos|Hurricane|p2a: Rotom
|-resisted|p2a: Rotom
|-damage|p2a: Rotom|64/100
|
|-heal|p2a: Rotom|71/100|[from] item: Leftovers
|upkeep
|turn|18
|
|t:|1664651682
|move|p2a: Rotom|Nasty Plot|p2a: Rotom
|-boost|p2a: Rotom|spa|2
|move|p1a: Zapdos|Volt Switch|p2a: Rotom
|-damage|p2a: Rotom|41/100
|
|t:|1664651685
|switch|p1a: Urshifu|Urshifu-Rapid-Strike, M|94/100|[from]move: Volt Switch
|-damage|p1a: Urshifu|88/100|[from] Stealth Rock
|
|-heal|p2a: Rotom|47/100|[from] item: Leftovers
|upkeep
|turn|19
|
|t:|1664651690
|switch|p2a: Tangrowth|Tangrowth, M|81/100
|-damage|p2a: Tangrowth|68/100|[from] Stealth Rock
|move|p1a: Urshifu|Close Combat|p2a: Tangrowth
|-damage|p2a: Tangrowth|35/100
|-unboost|p1a: Urshifu|def|1
|-unboost|p1a: Urshifu|spd|1
|
|upkeep
|turn|20
|
|t:|1664651693
|move|p1a: Urshifu|U-turn|p2a: Tangrowth
|-supereffective|p2a: Tangrowth
|-damage|p2a: Tangrowth|7/100
|
|t:|1664651697
|switch|p1a: Zapdos|Zapdos|74/100|[from]move: U-turn
|move|p2a: Tangrowth|Giga Drain|p1a: Zapdos
|-resisted|p1a: Zapdos
|-damage|p1a: Zapdos|61/100
|-heal|p2a: Tangrowth|13/100|[from] drain|[of] p1a: Zapdos
|
|upkeep
|turn|21
|
|t:|1664651700
|switch|p2a: Rotom|Rotom-Wash|47/100
|-damage|p2a: Rotom|35/100|[from] Stealth Rock
|move|p1a: Zapdos|Volt Switch|p2a: Rotom
|-damage|p2a: Rotom|6/100
|
|t:|1664651702
|switch|p1a: Urshifu|Urshifu-Rapid-Strike, M|88/100|[from]move: Volt Switch
|-damage|p1a: Urshifu|82/100|[from] Stealth Rock
|
|-heal|p2a: Rotom|12/100|[from] item: Leftovers
|upkeep
|turn|22
|
|t:|1664651704
|switch|p2a: Landorus|Landorus-Therian, M|24/100
|-damage|p2a: Landorus|12/100|[from] Stealth Rock
|-ability|p2a: Landorus|Intimidate|boost
|-unboost|p1a: Urshifu|atk|1
|move|p1a: Urshifu|U-turn|p2a: Landorus
|-resisted|p2a: Landorus
|-damage|p2a: Landorus|4/100
|
|t:|1664651717
|switch|p1a: Tapu Lele|Tapu Lele, shiny|100/100|[from]move: U-turn
|-damage|p1a: Tapu Lele|88/100|[from] Stealth Rock
|-fieldstart|move: Psychic Terrain|[from] ability: Psychic Surge|[of] p1a: Tapu Lele
|
|upkeep
|turn|23
|
|t:|1664651722
|move|p1a: Tapu Lele|Moonblast|p2a: Landorus
|-damage|p2a: Landorus|0 fnt
|faint|p2a: Landorus
|
|upkeep
|
|t:|1664651722
|switch|p2a: Melmetal|Melmetal|79/100
|-damage|p2a: Melmetal|73/100|[from] Stealth Rock
|turn|24
|
|t:|1664651726
|switch|p1a: Ferrothorn|Ferrothorn, M|24/100
|-damage|p1a: Ferrothorn|18/100|[from] Stealth Rock
|move|p2a: Melmetal|Earthquake|p1a: Ferrothorn
|-damage|p1a: Ferrothorn|0 fnt
|faint|p1a: Ferrothorn
|
|upkeep
|
|t:|1664651732
|switch|p1a: Urshifu|Urshifu-Rapid-Strike, M|82/100
|-damage|p1a: Urshifu|76/100|[from] Stealth Rock
|turn|25
|
|t:|1664651737
|move|p1a: Urshifu|Close Combat|p2a: Melmetal
|-supereffective|p2a: Melmetal
|-damage|p2a: Melmetal|0 fnt
|-unboost|p1a: Urshifu|def|1
|-unboost|p1a: Urshifu|spd|1
|faint|p2a: Melmetal
|
|upkeep
|
|t:|1664651737
|switch|p2a: Rotom|Rotom-Wash|12/100
|-damage|p2a: Rotom|0 fnt|[from] Stealth Rock
|faint|p2a: Rotom
|
|t:|1664651737
|switch|p2a: Tangrowth|Tangrowth, M|46/100
|-damage|p2a: Tangrowth|33/100|[from] Stealth Rock
|turn|26
|
|t:|1664651744
|move|p1a: Urshifu|Close Combat|p2a: Tangrowth
|-damage|p2a: Tangrowth|3/100
|-unboost|p1a: Urshifu|def|1
|-unboost|p1a: Urshifu|spd|1
|move|p2a: Tangrowth|Sleep Powder|p1a: Urshifu
|-status|p1a: Urshifu|slp|[from] move: Sleep Powder
|
|-fieldend|move: Psychic Terrain
|upkeep
|turn|27
|
|t:|1664651755
|switch|p1a: Tapu Lele|Tapu Lele, shiny|88/100
|-damage|p1a: Tapu Lele|76/100|[from] Stealth Rock
|-fieldstart|move: Psychic Terrain|[from] ability: Psychic Surge|[of] p1a: Tapu Lele
|switch|p2a: Weavile|Weavile, F|100/100
|-damage|p2a: Weavile|76/100|[from] Stealth Rock
|-ability|p2a: Weavile|Pressure
|
|upkeep
|turn|28
|
|t:|1664651762
|move|p1a: Tapu Lele|Moonblast|p2a: Weavile
|-supereffective|p2a: Weavile
|-damage|p2a: Weavile|0 fnt
|faint|p2a: Weavile
|
|upkeep
|
|t:|1664651762
|switch|p2a: Heatran|Heatran, M|88/100
|-damage|p2a: Heatran|76/100|[from] Stealth Rock
|-item|p2a: Heatran|Air Balloon
|turn|29
|
|t:|1664651766
|move|p1a: Tapu Lele|Moonblast|p2a: Heatran
|-resisted|p2a: Heatran
|-damage|p2a: Heatran|62/100
|-enditem|p2a: Heatran|Air Balloon
|move|p2a: Heatran|Earth Power|p1a: Tapu Lele
|-damage|p1a: Tapu Lele|41/100
|
|upkeep
|turn|30
|
|t:|1664651771
|switch|p1a: Tyranitar|Tyranitar, M|100/100
|-damage|p1a: Tyranitar|88/100|[from] Stealth Rock
|-weather|Sandstorm|[from] ability: Sand Stream|[of] p1a: Tyranitar
|move|p2a: Heatran|Earth Power|p1a: Tyranitar
|-supereffective|p1a: Tyranitar
|-damage|p1a: Tyranitar|48/100
|
|-weather|Sandstorm|[upkeep]
|upkeep
|turn|31
|
|t:|1664651773
|move|p2a: Heatran|Earth Power|p1a: Tyranitar
|-supereffective|p1a: Tyranitar
|-damage|p1a: Tyranitar|7/100
|move|p1a: Tyranitar|Stone Edge|p2a: Heatran
|-damage|p2a: Heatran|0 fnt
|faint|p2a: Heatran
|
|-weather|Sandstorm|[upkeep]
|-fieldend|move: Psychic Terrain
|upkeep
|
|t:|1664651773
|switch|p2a: Tangrowth|Tangrowth, M|36/100
|-damage|p2a: Tangrowth|24/100|[from] Stealth Rock
|turn|32
|
|t:|1664651778
|move|p1a: Tyranitar|Stone Edge|p2a: Tangrowth
|-damage|p2a: Tangrowth|0 fnt
|faint|p2a: Tangrowth
|
|win|Eclipse77
|raw|Eclipse77's rating: 1418 &rarr; <strong>1439</strong><br />(+21 for winning)
|raw|Guest 5890168's rating: 1437 &rarr; <strong>1416</strong><br />(-21 for losing)
