|j|☆Blue chen
|j|☆blimlimlimlim
|player|p1|Blue chen|karen|1797
|player|p2|blimlimlimlim|chuck|1760
|teamsize|p1|6
|teamsize|p2|6
|gametype|singles
|gen|8
|tier|[Gen 8] OU
|rated|
|clearpoke
|poke|p1|Accelgor, M|
|poke|p1|Volcarona, M|
|poke|p1|Urshifu-*, M|
|poke|p1|Azumarill, M|
|poke|p1|Dracozolt|
|poke|p1|Magearna|
|poke|p2|Volcarona, F|
|poke|p2|Alakazam, M|
|poke|p2|Marowak-Alola, F|
|poke|p2|Tangrowth, M|
|poke|p2|Keldeo-Resolute|
|poke|p2|Mandibuzz, F|
|rule|Sleep Clause Mod: Limit one foe put to sleep
|rule|Species Clause: Limit one of each Pokémon
|rule|OHKO Clause: OHKO moves are banned
|rule|Evasion Moves Clause: Evasion moves are banned
|rule|Endless Battle Clause: Forcing endless battles is banned
|rule|HP Percentage Mod: HP is shown in percentages
|rule|Dynamax Clause: You cannot dynamax
|teampreview
|
|start
|switch|p1a: Accelgor|Accelgor, M|100/100
|switch|p2a: Keldeo|Keldeo-Resolute|100/100
|turn|1
|j| Rick Heinegeber
|j| gtxy
|
|move|p2a: Keldeo|Scald|p1a: Accelgor
|-damage|p1a: Accelgor|44/100
|move|p1a: Accelgor|Spikes|p2a: Keldeo
|-sidestart|p2: blimlimlimlim|Spikes
|
|upkeep
|turn|2
|
|move|p2a: Keldeo|Scald|p1a: Accelgor
|-damage|p1a: Accelgor|0 fnt
|faint|p1a: Accelgor
|
|upkeep
|
|switch|p1a: Dracozolt|Dracozolt|100/100
|turn|3
|
|switch|p2a: Tangrowth|Tangrowth, M|100/100
|-damage|p2a: Tangrowth|88/100|[from] Spikes
|move|p1a: Dracozolt|Bolt Beak|p2a: Tangrowth
|-resisted|p2a: Tangrowth
|-damage|p2a: Tangrowth|69/100
|-damage|p1a: Dracozolt|84/100|[from] item: Rocky Helmet|[of] p2a: Tangrowth
|
|-heal|p1a: Dracozolt|90/100|[from] item: Leftovers
|upkeep
|turn|4
|
|move|p1a: Dracozolt|Substitute|p1a: Dracozolt
|-start|p1a: Dracozolt|Substitute
|-damage|p1a: Dracozolt|65/100
|move|p2a: Tangrowth|Knock Off|p1a: Dracozolt
|-end|p1a: Dracozolt|Substitute
|
|-heal|p1a: Dracozolt|72/100|[from] item: Leftovers
|upkeep
|turn|5
|
|move|p1a: Dracozolt|Fire Fang|p2a: Tangrowth
|-supereffective|p2a: Tangrowth
|-damage|p2a: Tangrowth|45/100
|-damage|p1a: Dracozolt|55/100|[from] item: Rocky Helmet|[of] p2a: Tangrowth
|move|p2a: Tangrowth|Earthquake|p1a: Dracozolt
|-supereffective|p1a: Dracozolt
|-damage|p1a: Dracozolt|1/100
|
|-heal|p1a: Dracozolt|7/100|[from] item: Leftovers
|upkeep
|turn|6
|
|move|p1a: Dracozolt|Outrage|p2a: Tangrowth
|-damage|p2a: Tangrowth|16/100
|-damage|p1a: Dracozolt|0 fnt|[from] item: Rocky Helmet|[of] p2a: Tangrowth
|faint|p1a: Dracozolt
|move|p2a: Tangrowth|Giga Drain|p1: Dracozolt|[notarget]
|-fail|p2a: Tangrowth
|
|upkeep
|
|switch|p1a: Urshifu|Urshifu, M|100/100
|turn|7
|j| zombie5
|
|move|p1a: Urshifu|Substitute|p1a: Urshifu
|-start|p1a: Urshifu|Substitute
|-damage|p1a: Urshifu|76/100
|move|p2a: Tangrowth|Giga Drain|p1a: Urshifu
|-end|p1a: Urshifu|Substitute
|-heal|p2a: Tangrowth|27/100|[from] drain|[of] p1a: Urshifu
|
|-heal|p1a: Urshifu|82/100|[from] item: Leftovers
|upkeep
|turn|8
|
|move|p1a: Urshifu|Wicked Blow|p2a: Tangrowth
|-crit|p2a: Tangrowth
|-damage|p2a: Tangrowth|0 fnt
|-damage|p1a: Urshifu|65/100|[from] item: Rocky Helmet|[of] p2a: Tangrowth
|faint|p2a: Tangrowth
|
|-heal|p1a: Urshifu|71/100|[from] item: Leftovers
|upkeep
|
|switch|p2a: Keldeo|Keldeo-Resolute|100/100
|-damage|p2a: Keldeo|88/100|[from] Spikes
|turn|9
|j| Hedon
|j| growing pain
|
|switch|p1a: Azumarill|Azumarill, M|100/100
|move|p2a: Keldeo|Scald|p1a: Azumarill
|-resisted|p1a: Azumarill
|-damage|p1a: Azumarill|75/100
|
|upkeep
|turn|10
|j| cypherstest
|
|switch|p2a: Volcarona|Volcarona, F|100/100
|move|p1a: Azumarill|Belly Drum|p1a: Azumarill
|-damage|p1a: Azumarill|25/100
|-setboost|p1a: Azumarill|atk|6|[from] move: Belly Drum
|-enditem|p1a: Azumarill|Sitrus Berry|[eat]
|-heal|p1a: Azumarill|50/100|[from] item: Sitrus Berry
|
|upkeep
|turn|11
|j| NigaJuice
|
|switch|p2a: Mandibuzz|Mandibuzz, F|100/100
|move|p1a: Azumarill|Aqua Jet|p2a: Mandibuzz
|-damage|p2a: Mandibuzz|30/100
|
|upkeep
|turn|12
|j| Constantinusrex
|l| NigaJuice
|
|move|p1a: Azumarill|Aqua Jet|p2a: Mandibuzz
|-damage|p2a: Mandibuzz|0 fnt
|faint|p2a: Mandibuzz
|
|upkeep
|
|switch|p2a: Alakazam|Alakazam, M|100/100
|turn|13
|
|move|p1a: Azumarill|Aqua Jet|p2a: Alakazam
|-enditem|p2a: Alakazam|Focus Sash
|-damage|p2a: Alakazam|1/100
|move|p2a: Alakazam|Counter|p1a: Azumarill
|-damage|p1a: Azumarill|0 fnt
|faint|p1a: Azumarill
|
|upkeep
|j| Mengy 乁㋛ㄏ
|
|switch|p1a: Volcarona|Volcarona, M|100/100
|turn|14
|
|switch|p2a: Keldeo|Keldeo-Resolute|88/100
|-damage|p2a: Keldeo|76/100|[from] Spikes
|move|p1a: Volcarona|Quiver Dance|p1a: Volcarona
|-boost|p1a: Volcarona|spa|1
|-boost|p1a: Volcarona|spd|1
|-boost|p1a: Volcarona|spe|1
|
|upkeep
|turn|15
|
|switch|p1a: Urshifu|Urshifu, M|71/100
|move|p2a: Keldeo|Stone Edge|p1a: Urshifu
|-resisted|p1a: Urshifu
|-damage|p1a: Urshifu|63/100
|
|-heal|p1a: Urshifu|69/100|[from] item: Leftovers
|upkeep
|turn|16
|
|switch|p2a: Volcarona|Volcarona, F|100/100
|move|p1a: Urshifu|Wicked Blow|p2a: Volcarona
|-crit|p2a: Volcarona
|-damage|p2a: Volcarona|10/100
|
|-heal|p1a: Urshifu|75/100|[from] item: Leftovers
|upkeep
|turn|17
|j| OhShitaShit
|
|move|p2a: Volcarona|Fire Blast|p1a: Urshifu
|-damage|p1a: Urshifu|0 fnt
|faint|p1a: Urshifu
|
|upkeep
|
|switch|p1a: Volcarona|Volcarona, M|100/100
|turn|18
|
|switch|p2a: Keldeo|Keldeo-Resolute|76/100
|-damage|p2a: Keldeo|63/100|[from] Spikes
|move|p1a: Volcarona|Flamethrower|p2a: Keldeo
|-resisted|p2a: Keldeo
|-damage|p2a: Keldeo|34/100
|
|upkeep
|turn|19
|
|switch|p1a: Magearna|Magearna|100/100
|move|p2a: Keldeo|Scald|p1a: Magearna
|-damage|p1a: Magearna|70/100
|
|-heal|p1a: Magearna|76/100|[from] item: Leftovers
|upkeep
|turn|20
|
|switch|p2a: Marowak|Marowak-Alola, F|100/100
|-damage|p2a: Marowak|88/100|[from] Spikes
|move|p1a: Magearna|Draining Kiss|p2a: Marowak
|-resisted|p2a: Marowak
|-damage|p2a: Marowak|69/100
|-heal|p1a: Magearna|86/100|[from] drain|[of] p2a: Marowak
|
|-heal|p1a: Magearna|92/100|[from] item: Leftovers
|upkeep
|turn|21
|
|move|p2a: Marowak|Fire Punch|p1a: Magearna
|-supereffective|p1a: Magearna
|-damage|p1a: Magearna|0 fnt
|faint|p1a: Magearna
|
|upkeep
|
|switch|p1a: Volcarona|Volcarona, M|100/100
|turn|22
|j| look!rocket!
|
|move|p1a: Volcarona|Quiver Dance|p1a: Volcarona
|-boost|p1a: Volcarona|spa|1
|-boost|p1a: Volcarona|spd|1
|-boost|p1a: Volcarona|spe|1
|move|p2a: Marowak|Fire Punch|p1a: Volcarona
|-damage|p1a: Volcarona|9/100
|
|upkeep
|turn|23
|
|move|p1a: Volcarona|Psychic|p2a: Marowak
|-damage|p2a: Marowak|0 fnt
|faint|p2a: Marowak
|
|upkeep
|l| look!rocket!
|
|switch|p2a: Keldeo|Keldeo-Resolute|34/100
|-damage|p2a: Keldeo|22/100|[from] Spikes
|turn|24
|
|move|p2a: Keldeo|Scald|p1a: Volcarona
|-supereffective|p1a: Volcarona
|-damage|p1a: Volcarona|0 fnt
|faint|p1a: Volcarona
|
|win|blimlimlimlim
|l|☆Blue chen
|l| Rick Heinegeber
||Ladder (probably) updated, but score could not be retrieved (Request timeout).
|l| cypherstest
|l|☆blimlimlimlim
