|j|☆3d
|j|☆Chikami
|t:|1647391936
|gametype|singles
|player|p1|3d|elaine|1770
|player|p2|Chikami|ethan|1818
|teamsize|p1|6
|teamsize|p2|6
|gen|8
|tier|[Gen 8] OU
|rated|
|rule|Sleep Clause Mod: Limit one foe put to sleep
|rule|Species Clause: Limit one of each Pokémon
|rule|OHKO Clause: OHKO moves are banned
|rule|Evasion Moves Clause: Evasion moves are banned
|rule|Endless Battle Clause: Forcing endless battles is banned
|rule|HP Percentage Mod: HP is shown in percentages
|rule|Dynamax Clause: You cannot dynamax
|clearpoke
|poke|p1|Zapdos-Galar|
|poke|p1|Tapu Koko|
|poke|p1|Landorus-Therian, M|
|poke|p1|Ferrothorn, F|
|poke|p1|Dragapult, M|
|poke|p1|Heatran, F|
|poke|p2|Garchomp, F|
|poke|p2|Dragapult, M|
|poke|p2|Rillaboom, F|
|poke|p2|Regieleki|
|poke|p2|Zapdos-Galar|
|poke|p2|Mew|
|teampreview
|inactive|Battle timer is ON: inactive players will automatically lose when time's up. (requested by Chikami)
|
|t:|1647391950
|start
|switch|p1a: Dragapult|Dragapult, M|100/100
|switch|p2a: Mew|Mew|100/100
|turn|1
|
|t:|1647391966
|move|p1a: Dragapult|Shadow Ball|p2a: Mew
|-supereffective|p2a: Mew
|-damage|p2a: Mew|7/100
|-unboost|p2a: Mew|spd|1
|move|p2a: Mew|Thunder Wave|p1a: Dragapult
|-status|p1a: Dragapult|par
|
|upkeep
|turn|2
|
|t:|1647391972
|move|p2a: Mew|Stealth Rock|p1a: Dragapult
|-sidestart|p1: 3d|move: Stealth Rock
|move|p1a: Dragapult|Shadow Ball|p2a: Mew
|-supereffective|p2a: Mew
|-damage|p2a: Mew|0 fnt
|faint|p2a: Mew
|
|upkeep
|
|t:|1647391989
|switch|p2a: Zapdos|Zapdos-Galar|100/100
|turn|3
|j| DA COME UP ♛
|
|t:|1647391997
|switch|p1a: Tapu Koko|Tapu Koko|100/100
|-fieldstart|move: Electric Terrain|[from] ability: Electric Surge|[of] p1a: Tapu Koko
|move|p2a: Zapdos|Brave Bird|p1a: Tapu Koko
|-resisted|p1a: Tapu Koko
|-damage|p1a: Tapu Koko|37/100
|-damage|p2a: Zapdos|82/100|[from] Recoil
|
|upkeep
|turn|4
|
|t:|1647392005
|switch|p2a: Regieleki|Regieleki|100/100
|move|p1a: Tapu Koko|Roost|p1a: Tapu Koko
|-heal|p1a: Tapu Koko|87/100
|-singleturn|p1a: Tapu Koko|move: Roost
|
|upkeep
|turn|5
|j| mncmt
|
|t:|1647392015
|switch|p1a: Landorus|Landorus-Therian, M|100/100
|-damage|p1a: Landorus|88/100|[from] Stealth Rock
|-ability|p1a: Landorus|Intimidate|boost
|-unboost|p2a: Regieleki|atk|1
|move|p2a: Regieleki|Light Screen|p2a: Regieleki
|-sidestart|p2: Chikami|move: Light Screen
|
|-heal|p1a: Landorus|94/100|[from] item: Leftovers
|upkeep
|turn|6
|
|t:|1647392021
|switch|p2a: Zapdos|Zapdos-Galar|82/100
|move|p1a: Landorus|Defog|p2a: Zapdos
|-unboost|p2a: Zapdos|evasion|1
|-ability|p2a: Zapdos|Defiant
|-boost|p2a: Zapdos|atk|2
|-sideend|p2: Chikami|move: Light Screen
|-sideend|p1: 3d|Stealth Rock|[from] move: Defog|[of] p1a: Landorus
|-fieldend|move: Electric Terrain
|
|-heal|p1a: Landorus|99/100|[from] item: Leftovers
|upkeep
|turn|7
|
|t:|1647392027
|switch|p1a: Ferrothorn|Ferrothorn, F|100/100
|move|p2a: Zapdos|Brave Bird|p1a: Ferrothorn
|-damage|p1a: Ferrothorn|0 fnt
|-damage|p2a: Zapdos|70/100|[from] ability: Iron Barbs|[of] p1a: Ferrothorn
|faint|p1a: Ferrothorn
|-damage|p2a: Zapdos|34/100|[from] Recoil
|
|upkeep
|
|t:|1647392034
|switch|p1a: Tapu Koko|Tapu Koko|87/100
|-fieldstart|move: Electric Terrain|[from] ability: Electric Surge|[of] p1a: Tapu Koko
|turn|8
|
|t:|1647392040
|switch|p2a: Regieleki|Regieleki|100/100
|move|p1a: Tapu Koko|Dazzling Gleam|p2a: Regieleki
|-damage|p2a: Regieleki|36/100
|
|upkeep
|turn|9
|
|t:|1647392045
|switch|p1a: Landorus|Landorus-Therian, M|99/100
|-ability|p1a: Landorus|Intimidate|boost
|-unboost|p2a: Regieleki|atk|1
|move|p2a: Regieleki|Light Screen|p2a: Regieleki
|-sidestart|p2: Chikami|move: Light Screen
|
|-heal|p1a: Landorus|100/100|[from] item: Leftovers
|upkeep
|turn|10
|
|t:|1647392065
|move|p2a: Regieleki|Reflect|p2a: Regieleki
|-sidestart|p2: Chikami|Reflect
|move|p1a: Landorus|U-turn|p2a: Regieleki
|-damage|p2a: Regieleki|19/100
|
|t:|1647392069
|switch|p1a: Heatran|Heatran, F|100/100|[from]move: U-turn
|
|upkeep
|turn|11
|
|t:|1647392087
|switch|p2a: Garchomp|Garchomp, F|100/100
|switch|p1a: Landorus|Landorus-Therian, M|100/100
|-ability|p1a: Landorus|Intimidate|boost
|-unboost|p2a: Garchomp|atk|1
|
|upkeep
|turn|12
|
|t:|1647392096
|switch|p2a: Zapdos|Zapdos-Galar|34/100
|move|p1a: Landorus|Toxic|p2a: Zapdos
|-status|p2a: Zapdos|tox
|
|-damage|p2a: Zapdos|27/100 tox|[from] psn
|-fieldend|move: Electric Terrain
|upkeep
|turn|13
|
|t:|1647392101
|switch|p1a: Heatran|Heatran, F|100/100
|move|p2a: Zapdos|Brave Bird|p1a: Heatran
|-resisted|p1a: Heatran
|-damage|p1a: Heatran|59/100
|-damage|p2a: Zapdos|11/100 tox|[from] Recoil
|
|-heal|p1a: Heatran|65/100|[from] item: Leftovers
|-damage|p2a: Zapdos|0 fnt|[from] psn
|faint|p2a: Zapdos
|upkeep
|
|t:|1647392109
|switch|p2a: Dragapult|Dragapult, M|100/100
|turn|14
|
|t:|1647392116
|move|p2a: Dragapult|Substitute|p2a: Dragapult
|-start|p2a: Dragapult|Substitute
|-damage|p2a: Dragapult|76/100
|move|p1a: Heatran|Stealth Rock|p2a: Dragapult
|-sidestart|p2: Chikami|move: Stealth Rock
|
|-heal|p2a: Dragapult|82/100|[from] item: Leftovers
|-heal|p1a: Heatran|71/100|[from] item: Leftovers
|upkeep
|turn|15
|
|t:|1647392121
|switch|p1a: Landorus|Landorus-Therian, M|100/100
|-ability|p1a: Landorus|Intimidate|boost
|-immune|p2a: Dragapult
|move|p2a: Dragapult|Dragon Dance|p2a: Dragapult
|-boost|p2a: Dragapult|atk|1
|-boost|p2a: Dragapult|spe|1
|
|-heal|p2a: Dragapult|88/100|[from] item: Leftovers
|upkeep
|turn|16
|
|t:|1647392126
|move|p2a: Dragapult|Dragon Dance|p2a: Dragapult
|-boost|p2a: Dragapult|atk|1
|-boost|p2a: Dragapult|spe|1
|move|p1a: Landorus|Earthquake|p2a: Dragapult
|-end|p2a: Dragapult|Substitute
|
|-heal|p2a: Dragapult|94/100|[from] item: Leftovers
|-sideend|p2: Chikami|move: Light Screen
|upkeep
|turn|17
|
|t:|1647392147
|move|p2a: Dragapult|Substitute|p2a: Dragapult
|-start|p2a: Dragapult|Substitute
|-damage|p2a: Dragapult|69/100
|move|p1a: Landorus|Earthquake|p2a: Dragapult
|-end|p2a: Dragapult|Substitute
|
|-heal|p2a: Dragapult|75/100|[from] item: Leftovers
|-sideend|p2: Chikami|Reflect
|upkeep
|turn|18
|
|t:|1647392158
|move|p2a: Dragapult|Dragon Dance|p2a: Dragapult
|-boost|p2a: Dragapult|atk|1
|-boost|p2a: Dragapult|spe|1
|move|p1a: Landorus|Toxic|p2a: Dragapult
|-status|p2a: Dragapult|tox
|
|-heal|p2a: Dragapult|81/100 tox|[from] item: Leftovers
|-damage|p2a: Dragapult|75/100 tox|[from] psn
|upkeep
|turn|19
|inactive|Chikami has 120 seconds left.
|
|t:|1647392179
|switch|p1a: Tapu Koko|Tapu Koko|87/100
|-fieldstart|move: Electric Terrain|[from] ability: Electric Surge|[of] p1a: Tapu Koko
|move|p2a: Dragapult|Phantom Force||[still]
|-prepare|p2a: Dragapult|Phantom Force
|
|-heal|p2a: Dragapult|81/100 tox|[from] item: Leftovers
|-damage|p2a: Dragapult|69/100 tox|[from] psn
|upkeep
|turn|20
|
|t:|1647392198
|switch|p1a: Dragapult|Dragapult, M|100/100 par
|move|p2a: Dragapult|Phantom Force|p1a: Dragapult|[from]lockedmove
|-supereffective|p1a: Dragapult
|-damage|p1a: Dragapult|0 fnt
|faint|p1a: Dragapult
|
|-heal|p2a: Dragapult|75/100 tox|[from] item: Leftovers
|-damage|p2a: Dragapult|57/100 tox|[from] psn
|upkeep
|inactive|3d has 120 seconds left.
|
|t:|1647392223
|switch|p1a: Landorus|Landorus-Therian, M|100/100
|-ability|p1a: Landorus|Intimidate|boost
|-fail|p2a: Dragapult|unboost|[from] ability: Clear Body|[of] p2a: Dragapult
|turn|21
|
|t:|1647392232
|switch|p1a: Tapu Koko|Tapu Koko|87/100
|move|p2a: Dragapult|Phantom Force||[still]
|-prepare|p2a: Dragapult|Phantom Force
|
|-heal|p2a: Dragapult|63/100 tox|[from] item: Leftovers
|-damage|p2a: Dragapult|39/100 tox|[from] psn
|upkeep
|turn|22
|
|t:|1647392239
|switch|p1a: Heatran|Heatran, F|71/100
|move|p2a: Dragapult|Phantom Force|p1a: Heatran|[from]lockedmove
|-damage|p1a: Heatran|0 fnt
|faint|p1a: Heatran
|
|-heal|p2a: Dragapult|45/100 tox|[from] item: Leftovers
|-damage|p2a: Dragapult|15/100 tox|[from] psn
|upkeep
|j| Shea6045
|l| Shea6045
|
|t:|1647392252
|switch|p1a: Tapu Koko|Tapu Koko|87/100
|turn|23
|j| Shea6045
|l| Shea6045
|
|t:|1647392265
|move|p2a: Dragapult|Dragon Darts|p1a: Tapu Koko
|-immune|p1a: Tapu Koko
|move|p1a: Tapu Koko|Calm Mind|p1a: Tapu Koko
|-boost|p1a: Tapu Koko|spa|1
|-boost|p1a: Tapu Koko|spd|1
|
|-heal|p2a: Dragapult|21/100 tox|[from] item: Leftovers
|-damage|p2a: Dragapult|0 fnt|[from] psn
|faint|p2a: Dragapult
|-fieldend|move: Electric Terrain
|upkeep
|
|t:|1647392272
|switch|p2a: Rillaboom|Rillaboom, F|100/100
|-damage|p2a: Rillaboom|88/100|[from] Stealth Rock
|-fieldstart|move: Grassy Terrain|[from] ability: Grassy Surge|[of] p2a: Rillaboom
|turn|24
|
|t:|1647392275
|switch|p1a: Zapdos|Zapdos-Galar|100/100
|move|p2a: Rillaboom|Grassy Glide|p1a: Zapdos
|-resisted|p1a: Zapdos
|-damage|p1a: Zapdos|65/100
|-damage|p2a: Rillaboom|78/100|[from] item: Life Orb
|
|-heal|p2a: Rillaboom|84/100|[from] Grassy Terrain
|upkeep
|turn|25
|inactive|Chikami has 120 seconds left.
|
|t:|1647392307
|switch|p2a: Garchomp|Garchomp, F|100/100
|-damage|p2a: Garchomp|94/100|[from] Stealth Rock
|move|p1a: Zapdos|Drill Peck|p2a: Garchomp
|-damage|p2a: Garchomp|31/100
|-damage|p1a: Zapdos|53/100|[from] ability: Rough Skin|[of] p2a: Garchomp
|
|-heal|p2a: Garchomp|37/100|[from] Grassy Terrain
|-heal|p2a: Garchomp|43/100|[from] item: Leftovers
|upkeep
|turn|26
|inactive|Chikami has 120 seconds left.
|inactive|Chikami has 90 seconds left.
|
|t:|1647392348
|switch|p2a: Regieleki|Regieleki|19/100
|-damage|p2a: Regieleki|7/100|[from] Stealth Rock
|switch|p1a: Tapu Koko|Tapu Koko|87/100
|-fieldstart|move: Electric Terrain|[from] ability: Electric Surge|[of] p1a: Tapu Koko
|
|upkeep
|turn|27
|inactive|Chikami has 90 seconds left.
|
|t:|1647392378
|move|p2a: Regieleki|Reflect|p2a: Regieleki
|-sidestart|p2: Chikami|Reflect
|move|p1a: Tapu Koko|Dazzling Gleam|p2a: Regieleki
|-damage|p2a: Regieleki|0 fnt
|faint|p2a: Regieleki
|
|upkeep
|
|t:|1647392384
|switch|p2a: Rillaboom|Rillaboom, F|84/100
|-damage|p2a: Rillaboom|72/100|[from] Stealth Rock
|-fieldstart|move: Grassy Terrain|[from] ability: Grassy Surge|[of] p2a: Rillaboom
|turn|28
|inactive|Chikami has 90 seconds left.
|
|t:|1647392392
|switch|p1a: Landorus|Landorus-Therian, M|100/100
|-ability|p1a: Landorus|Intimidate|boost
|-unboost|p2a: Rillaboom|atk|1
|move|p2a: Rillaboom|Swords Dance|p2a: Rillaboom
|-boost|p2a: Rillaboom|atk|2
|
|-heal|p2a: Rillaboom|78/100|[from] Grassy Terrain
|upkeep
|turn|29
|inactive|Chikami has 90 seconds left.
|
|t:|1647392405
|move|p2a: Rillaboom|Grassy Glide|p1a: Landorus
|-damage|p1a: Landorus|16/100
|-damage|p2a: Rillaboom|68/100|[from] item: Life Orb
|move|p1a: Landorus|Toxic|p2a: Rillaboom
|-status|p2a: Rillaboom|tox
|
|-heal|p2a: Rillaboom|74/100 tox|[from] Grassy Terrain
|-heal|p1a: Landorus|22/100|[from] item: Leftovers
|-damage|p2a: Rillaboom|68/100 tox|[from] psn
|upkeep
|turn|30
|j| Shea6045
|inactive|Chikami has 90 seconds left.
|l| DA COME UP ♛
|inactive|Chikami has 60 seconds left.
|inactive|Chikami has 30 seconds left.
|
|t:|1647392475
|move|p2a: Rillaboom|Grassy Glide|p1a: Landorus
|-damage|p1a: Landorus|0 fnt
|faint|p1a: Landorus
|-damage|p2a: Rillaboom|58/100 tox|[from] item: Life Orb
|
|-heal|p2a: Rillaboom|64/100 tox|[from] Grassy Terrain
|-damage|p2a: Rillaboom|52/100 tox|[from] psn
|upkeep
|j| Yocycirvvu
|l| mncmt
|inactive|3d has 120 seconds left.
|
|t:|1647392504
|switch|p1a: Zapdos|Zapdos-Galar|53/100
|turn|31
|j| YamiMajic
|inactive|Chikami has 30 seconds left.
|inactive|Chikami has 20 seconds left.
|inactive|3d has 120 seconds left.
|inactive|Chikami has 15 seconds left.
|inactive|Chikami has 10 seconds left.
|inactive|Chikami has 5 seconds left.
|inactive|3d has 90 seconds left.
|j| bayesian_monk
|inactive|3d has 60 seconds left.
|
|t:|1647392603
|switch|p2a: Garchomp|Garchomp, F|43/100
|-damage|p2a: Garchomp|37/100|[from] Stealth Rock
|move|p1a: Zapdos|U-turn|p2a: Garchomp
|-damage|p2a: Garchomp|20/100
|-damage|p1a: Zapdos|40/100|[from] ability: Rough Skin|[of] p2a: Garchomp
|inactive|Chikami has 10 seconds left this turn.
|
|t:|1647392606
|switch|p1a: Tapu Koko|Tapu Koko|87/100|[from]move: U-turn
|-fieldstart|move: Electric Terrain|[from] ability: Electric Surge|[of] p1a: Tapu Koko
|
|-heal|p2a: Garchomp|26/100|[from] item: Leftovers
|upkeep
|turn|32
|inactive|Chikami has 20 seconds left this turn.
|inactive|Chikami has 15 seconds left.
|inactive|Chikami has 10 seconds left.
|
|t:|1647392620
|move|p1a: Tapu Koko|Dazzling Gleam|p2a: Garchomp
|-supereffective|p2a: Garchomp
|-damage|p2a: Garchomp|0 fnt
|faint|p2a: Garchomp
|
|upkeep
|inactive|Chikami has 15 seconds left this turn.
|
|t:|1647392621
|switch|p2a: Rillaboom|Rillaboom, F|52/100 tox
|-damage|p2a: Rillaboom|40/100 tox|[from] Stealth Rock
|-fieldstart|move: Grassy Terrain|[from] ability: Grassy Surge|[of] p2a: Rillaboom
|turn|33
|inactive|Chikami has 25 seconds left this turn.
|inactive|Chikami has 20 seconds left.
|
|t:|1647392629
|switch|p1a: Zapdos|Zapdos-Galar|40/100
|move|p2a: Rillaboom|Grassy Glide|p1a: Zapdos
|-resisted|p1a: Zapdos
|-damage|p1a: Zapdos|8/100
|-damage|p2a: Rillaboom|30/100 tox|[from] item: Life Orb
|
|-heal|p2a: Rillaboom|36/100 tox|[from] Grassy Terrain
|-damage|p2a: Rillaboom|30/100 tox|[from] psn
|upkeep
|turn|34
|inactive|Chikami has 30 seconds left this turn.
|
|t:|1647392634
|move|p2a: Rillaboom|Grassy Glide|p1a: Zapdos
|-resisted|p1a: Zapdos
|-damage|p1a: Zapdos|0 fnt
|faint|p1a: Zapdos
|-damage|p2a: Rillaboom|20/100 tox|[from] item: Life Orb
|
|-heal|p2a: Rillaboom|26/100 tox|[from] Grassy Terrain
|-damage|p2a: Rillaboom|14/100 tox|[from] psn
|-sideend|p2: Chikami|Reflect
|upkeep
|inactive|Chikami has 30 seconds left this turn.
|
|t:|1647392636
|switch|p1a: Tapu Koko|Tapu Koko|87/100
|-fieldstart|move: Electric Terrain|[from] ability: Electric Surge|[of] p1a: Tapu Koko
|turn|35
|
|t:|1647392638
|move|p1a: Tapu Koko|Dazzling Gleam|p2a: Rillaboom
|-damage|p2a: Rillaboom|0 fnt
|faint|p2a: Rillaboom
|
|win|3d
|raw|3d's rating: 1770 &rarr; <strong>1793</strong><br />(+23 for winning)
|raw|Chikami's rating: 1818 &rarr; <strong>1795</strong><br />(-23 for losing)
|c|☆3d|gg
|c|☆3d|close
|c|☆Chikami|Gg
|l|☆Chikami
|l|☆3d
||Ladder isn't responding, score probably updated but might not have (Request timeout).
|j|☆3d
|player|p1|3d|elaine
