|raw|<div class="broadcast-blue"><strong>This battle is required to be public due to a player having a name starting with 'lt81yl'.</div>
|j|☆The Last Hero
|j|☆LT81YL Delibird
|t:|1625305659
|gametype|singles
|player|p1|The Last Hero|acetrainersnow|1618
|player|p2|LT81YL Delibird|bruno|1697
|teamsize|p1|6
|teamsize|p2|6
|gen|8
|tier|[Gen 8] OU
|rated|
|rule|Sleep Clause Mod: Limit one foe put to sleep
|rule|Species Clause: Limit one of each Pokémon
|rule|OHKO Clause: OHKO moves are banned
|rule|Evasion Moves Clause: Evasion moves are banned
|rule|Endless Battle Clause: Forcing endless battles is banned
|rule|HP Percentage Mod: HP is shown in percentages
|rule|Dynamax Clause: You cannot dynamax
|clearpoke
|poke|p1|Torkoal, M|
|poke|p1|Shiftry, M|
|poke|p1|Venusaur, M|
|poke|p1|Victini|
|poke|p1|Garchomp, M|
|poke|p1|Rotom-Wash|
|poke|p2|Ninetales-Alola, F|
|poke|p2|Arctozolt|
|poke|p2|Blissey, F|
|poke|p2|Zapdos|
|poke|p2|Garchomp, F|
|poke|p2|Ferrothorn, F|
|teampreview
|inactive|Battle timer is ON: inactive players will automatically lose when time's up. (requested by The Last Hero)
|
|t:|1625305699
|start
|switch|p1a: TT7|Torkoal, M|100/100
|switch|p2a: Garchomp|Garchomp, F|100/100
|-weather|SunnyDay|[from] ability: Drought|[of] p1a: TT7
|turn|1
|
|t:|1625305709
|move|p2a: Garchomp|Stealth Rock|p1a: TT7
|-sidestart|p1: The Last Hero|move: Stealth Rock
|move|p1a: TT7|Toxic|p2a: Garchomp
|-status|p2a: Garchomp|tox
|
|-weather|SunnyDay|[upkeep]
|-damage|p2a: Garchomp|94/100 tox|[from] psn
|upkeep
|turn|2
|
|t:|1625305716
|switch|p1a: Inundación|Rotom-Wash|100/100
|-damage|p1a: Inundación|88/100|[from] Stealth Rock
|move|p2a: Garchomp|Earthquake|p1a: Inundación
|-immune|p1a: Inundación|[from] ability: Levitate
|
|-weather|SunnyDay|[upkeep]
|-heal|p1a: Inundación|94/100|[from] item: Leftovers
|-damage|p2a: Garchomp|82/100 tox|[from] psn
|upkeep
|turn|3
|
|t:|1625305719
|switch|p2a: Ninetales|Ninetales-Alola, F|100/100
|-weather|Hail|[from] ability: Snow Warning|[of] p2a: Ninetales
|move|p1a: Inundación|Defog|p2a: Ninetales
|-unboost|p2a: Ninetales|evasion|1
|-sideend|p1: The Last Hero|Stealth Rock|[from] move: Defog|[of] p1a: Inundación
|
|-weather|Hail|[upkeep]
|-damage|p1a: Inundación|88/100|[from] Hail
|-heal|p1a: Inundación|94/100|[from] item: Leftovers
|upkeep
|turn|4
|
|t:|1625305725
|switch|p2a: Garchomp|Garchomp, F|82/100 tox
|move|p1a: Inundación|Volt Switch|p2a: Garchomp
|-immune|p2a: Garchomp
|
|-weather|Hail|[upkeep]
|-damage|p2a: Garchomp|76/100 tox|[from] Hail
|-damage|p1a: Inundación|88/100|[from] Hail
|-heal|p1a: Inundación|94/100|[from] item: Leftovers
|-damage|p2a: Garchomp|70/100 tox|[from] psn
|upkeep
|turn|5
|
|t:|1625305734
|move|p2a: Garchomp|Toxic|p1a: Inundación
|-status|p1a: Inundación|tox
|move|p1a: Inundación|Hydro Pump|p2a: Garchomp
|-crit|p2a: Garchomp
|-damage|p2a: Garchomp|14/100 tox
|
|-weather|Hail|[upkeep]
|-damage|p2a: Garchomp|8/100 tox|[from] Hail
|-damage|p1a: Inundación|88/100 tox|[from] Hail
|-heal|p1a: Inundación|94/100 tox|[from] item: Leftovers
|-damage|p2a: Garchomp|0 fnt|[from] psn
|faint|p2a: Garchomp
|-damage|p1a: Inundación|88/100 tox|[from] psn
|upkeep
|
|t:|1625305738
|switch|p2a: Arctozolt|Arctozolt|100/100
|turn|6
|
|t:|1625305748
|move|p2a: Arctozolt|Freeze-Dry|p1a: Inundación
|-supereffective|p1a: Inundación
|-damage|p1a: Inundación|44/100 tox
|-damage|p2a: Arctozolt|91/100|[from] item: Life Orb
|move|p1a: Inundación|Volt Switch|p2a: Arctozolt
|-resisted|p2a: Arctozolt
|-damage|p2a: Arctozolt|71/100
|
|t:|1625305751
|switch|p1a: TT7|Torkoal, M|100/100|[from]move: Volt Switch
|-weather|SunnyDay|[from] ability: Drought|[of] p1a: TT7
|
|-weather|SunnyDay|[upkeep]
|upkeep
|turn|7
|
|t:|1625305757
|switch|p2a: Blissey|Blissey, F|100/100
|switch|p1a: Vintini|Victini|100/100
|
|-weather|SunnyDay|[upkeep]
|upkeep
|turn|8
|
|t:|1625305766
|move|p1a: Vintini|V-create|p2a: Blissey
|-damage|p2a: Blissey|4/100
|-unboost|p1a: Vintini|spe|1
|-unboost|p1a: Vintini|def|1
|-unboost|p1a: Vintini|spd|1
|move|p2a: Blissey|Toxic|p1a: Vintini
|-status|p1a: Vintini|tox
|
|-weather|SunnyDay|[upkeep]
|-damage|p1a: Vintini|94/100 tox|[from] psn
|upkeep
|turn|9
|
|t:|1625305769
|move|p1a: Vintini|V-create|p2a: Blissey
|-damage|p2a: Blissey|0 fnt
|-unboost|p1a: Vintini|spe|1
|-unboost|p1a: Vintini|def|1
|-unboost|p1a: Vintini|spd|1
|faint|p2a: Blissey
|
|-weather|SunnyDay|[upkeep]
|-damage|p1a: Vintini|82/100 tox|[from] psn
|upkeep
|
|t:|1625305780
|switch|p2a: Arctozolt|Arctozolt|71/100
|turn|10
|
|t:|1625305783
|switch|p1a: Inundación|Rotom-Wash|44/100 tox
|move|p2a: Arctozolt|Bolt Beak|p1a: Inundación
|-damage|p1a: Inundación|0 fnt
|faint|p1a: Inundación
|-damage|p2a: Arctozolt|61/100|[from] item: Life Orb
|
|-weather|SunnyDay|[upkeep]
|upkeep
|
|t:|1625305787
|switch|p1a: Vintini|Victini|82/100 tox
|turn|11
|
|t:|1625305790
|switch|p2a: Zapdos|Zapdos|100/100
|move|p1a: Vintini|V-create|p2a: Zapdos
|-damage|p2a: Zapdos|23/100
|-unboost|p1a: Vintini|spe|1
|-unboost|p1a: Vintini|def|1
|-unboost|p1a: Vintini|spd|1
|
|-weather|SunnyDay|[upkeep]
|-damage|p1a: Vintini|76/100 tox|[from] psn
|upkeep
|turn|12
|
|t:|1625305798
|move|p1a: Vintini|V-create|p2a: Zapdos
|-damage|p2a: Zapdos|0 fnt
|-unboost|p1a: Vintini|spe|1
|-unboost|p1a: Vintini|def|1
|-unboost|p1a: Vintini|spd|1
|faint|p2a: Zapdos
|
|-weather|SunnyDay|[upkeep]
|-damage|p1a: Vintini|63/100 tox|[from] psn
|upkeep
|
|t:|1625305812
|switch|p2a: Arctozolt|Arctozolt|61/100
|turn|13
|
|t:|1625305815
|switch|p1a: Bulby|Venusaur, M|100/100
|move|p2a: Arctozolt|Icicle Crash|p1a: Bulby
|-supereffective|p1a: Bulby
|-damage|p1a: Bulby|0 fnt
|faint|p1a: Bulby
|-damage|p2a: Arctozolt|51/100|[from] item: Life Orb
|
|-weather|none
|upkeep
|
|t:|1625305821
|switch|p1a: Vintini|Victini|63/100 tox
|turn|14
|
|t:|1625305825
|switch|p2a: Ferrothorn|Ferrothorn, F|100/100
|move|p1a: Vintini|V-create|p2a: Ferrothorn
|-supereffective|p2a: Ferrothorn
|-damage|p2a: Ferrothorn|0 fnt
|-unboost|p1a: Vintini|spe|1
|-unboost|p1a: Vintini|def|1
|-unboost|p1a: Vintini|spd|1
|-damage|p1a: Vintini|51/100 tox|[from] ability: Iron Barbs|[of] p2a: Ferrothorn
|faint|p2a: Ferrothorn
|
|-damage|p1a: Vintini|45/100 tox|[from] psn
|upkeep
|
|t:|1625305835
|switch|p2a: Arctozolt|Arctozolt|51/100
|turn|15
|
|t:|1625305840
|move|p1a: Vintini|V-create|p2a: Arctozolt
|-supereffective|p2a: Arctozolt
|-damage|p2a: Arctozolt|0 fnt
|-unboost|p1a: Vintini|spe|1
|-unboost|p1a: Vintini|def|1
|-unboost|p1a: Vintini|spd|1
|faint|p2a: Arctozolt
|
|-damage|p1a: Vintini|32/100 tox|[from] psn
|upkeep
|-message|LT81YL Delibird forfeited.
|
|win|The Last Hero
|raw|The Last Hero's rating: 1618 &rarr; <strong>1642</strong><br />(+24 for winning)
|raw|LT81YL Delibird's rating: 1697 &rarr; <strong>1673</strong><br />(-24 for losing)
|l|☆LT81YL Delibird
