|j|☆Whitedevil12345678
|j|☆Makuryu
|t:|1643293983
|gametype|singles
|player|p1|Whitedevil12345678|blue|1740
|player|p2|Makuryu|koga|1746
|teamsize|p1|6
|teamsize|p2|6
|gen|8
|tier|[Gen 8] OU
|rated|
|rule|Sleep Clause Mod: Limit one foe put to sleep
|rule|Species Clause: Limit one of each Pokémon
|rule|OHKO Clause: OHKO moves are banned
|rule|Evasion Moves Clause: Evasion moves are banned
|rule|Endless Battle Clause: Forcing endless battles is banned
|rule|HP Percentage Mod: HP is shown in percentages
|rule|Dynamax Clause: You cannot dynamax
|clearpoke
|poke|p1|Stakataka|
|poke|p1|Mew|
|poke|p1|Garchomp, F|
|poke|p1|Blacephalon|
|poke|p1|Tapu Fini|
|poke|p1|Melmetal|
|poke|p2|Bisharp, F|
|poke|p2|Zapdos-Galar|
|poke|p2|Mew|
|poke|p2|Rillaboom, F|
|poke|p2|Garchomp, M|
|poke|p2|Dragapult, M|
|teampreview
|inactive|Battle timer is ON: inactive players will automatically lose when time's up. (requested by Whitedevil12345678)
|
|t:|1643294000
|start
|switch|p1a: Tapu Fini|Tapu Fini, shiny|100/100
|switch|p2a: Mew|Mew|100/100
|-fieldstart|move: Misty Terrain|[from] ability: Misty Surge|[of] p1a: Tapu Fini
|turn|1
|
|t:|1643294012
|switch|p1a: Blacephalon|Blacephalon, shiny|100/100
|move|p2a: Mew|Stealth Rock|p1a: Blacephalon
|-sidestart|p1: Whitedevil12345678|move: Stealth Rock
|
|upkeep
|turn|2
|
|t:|1643294020
|move|p1a: Blacephalon|Substitute|p1a: Blacephalon
|-start|p1a: Blacephalon|Substitute
|-damage|p1a: Blacephalon|76/100
|move|p2a: Mew|Spikes|p1a: Blacephalon
|-sidestart|p1: Whitedevil12345678|Spikes
|
|upkeep
|turn|3
|
|t:|1643294026
|move|p1a: Blacephalon|Calm Mind|p1a: Blacephalon
|-boost|p1a: Blacephalon|spa|1
|-boost|p1a: Blacephalon|spd|1
|move|p2a: Mew|Spikes|p1a: Blacephalon
|-sidestart|p1: Whitedevil12345678|Spikes
|
|upkeep
|turn|4
|
|t:|1643294032
|move|p1a: Blacephalon|Shadow Ball|p2a: Mew
|-supereffective|p2a: Mew
|-enditem|p2a: Mew|Focus Sash
|-damage|p2a: Mew|1/100
|move|p2a: Mew|Spikes|p1a: Blacephalon
|-sidestart|p1: Whitedevil12345678|Spikes
|
|upkeep
|turn|5
|
|t:|1643294042
|move|p1a: Blacephalon|Calm Mind|p1a: Blacephalon
|-boost|p1a: Blacephalon|spa|1
|-boost|p1a: Blacephalon|spd|1
|move|p2a: Mew|Taunt|p1a: Blacephalon
|-start|p1a: Blacephalon|move: Taunt
|
|-fieldend|Misty Terrain
|upkeep
|turn|6
|
|t:|1643294049
|move|p1a: Blacephalon|Shadow Ball|p2a: Mew
|-supereffective|p2a: Mew
|-damage|p2a: Mew|0 fnt
|faint|p2a: Mew
|-ability|p1a: Blacephalon|Beast Boost|boost
|-boost|p1a: Blacephalon|spe|1
|
|upkeep
|j| Marquesa-10%
|
|t:|1643294075
|switch|p2a: Rillaboom|Rillaboom, F|100/100
|-fieldstart|move: Grassy Terrain|[from] ability: Grassy Surge|[of] p2a: Rillaboom
|turn|7
|
|t:|1643294079
|move|p2a: Rillaboom|Grassy Glide|p1a: Blacephalon
|-resisted|p1a: Blacephalon
|-end|p1a: Blacephalon|Substitute
|-damage|p2a: Rillaboom|91/100|[from] item: Life Orb
|move|p1a: Blacephalon|Flamethrower|p2a: Rillaboom
|-supereffective|p2a: Rillaboom
|-damage|p2a: Rillaboom|0 fnt
|faint|p2a: Rillaboom
|-ability|p1a: Blacephalon|Beast Boost|boost
|-boost|p1a: Blacephalon|spe|1
|
|-heal|p1a: Blacephalon|82/100|[from] Grassy Terrain
|upkeep
|
|t:|1643294098
|switch|p2a: Bisharp|Bisharp, F|100/100
|turn|8
|
|t:|1643294105
|switch|p1a: Tapu Fini|Tapu Fini, shiny|100/100
|-damage|p1a: Tapu Fini|76/100|[from] Spikes
|-damage|p1a: Tapu Fini|63/100|[from] Stealth Rock
|-fieldstart|move: Misty Terrain|[from] ability: Misty Surge|[of] p1a: Tapu Fini
|move|p2a: Bisharp|Knock Off|p1a: Tapu Fini
|-resisted|p1a: Tapu Fini
|-damage|p1a: Tapu Fini|30/100
|-enditem|p1a: Tapu Fini|Choice Scarf|[from] move: Knock Off|[of] p2a: Bisharp
|
|upkeep
|turn|9
|
|t:|1643294123
|move|p1a: Tapu Fini|Defog|p2a: Bisharp
|-unboost|p2a: Bisharp|evasion|1
|-ability|p2a: Bisharp|Defiant
|-boost|p2a: Bisharp|atk|2
|-sideend|p1: Whitedevil12345678|Spikes|[from] move: Defog|[of] p1a: Tapu Fini
|-sideend|p1: Whitedevil12345678|Stealth Rock|[from] move: Defog|[of] p1a: Tapu Fini
|-fieldend|Misty Terrain
|move|p2a: Bisharp|Swords Dance|p2a: Bisharp
|-boost|p2a: Bisharp|atk|2
|
|upkeep
|turn|10
|
|t:|1643294132
|move|p2a: Bisharp|Sucker Punch||[still]
|-fail|p2a: Bisharp
|move|p1a: Tapu Fini|Trick|p2a: Bisharp
|-activate|p1a: Tapu Fini|move: Trick|[of] p2a: Bisharp
|-enditem|p2a: Bisharp|Black Glasses|[silent]|[from] move: Trick
|-item|p1a: Tapu Fini|Black Glasses|[from] move: Trick
|
|upkeep
|turn|11
|j| 654654m
|
|t:|1643294152
|move|p2a: Bisharp|Sucker Punch|p1a: Tapu Fini
|-resisted|p1a: Tapu Fini
|-damage|p1a: Tapu Fini|0 fnt
|faint|p1a: Tapu Fini
|
|upkeep
|
|t:|1643294158
|switch|p1a: Blacephalon|Blacephalon, shiny|82/100
|turn|12
|j| Babyshark974
|
|t:|1643294169
|switch|p2a: Dragapult|Dragapult, M|100/100
|move|p1a: Blacephalon|Substitute|p1a: Blacephalon
|-start|p1a: Blacephalon|Substitute
|-damage|p1a: Blacephalon|57/100
|
|upkeep
|turn|13
|
|t:|1643294176
|switch|p1a: Garchomp|Garchomp, F, shiny|100/100
|move|p2a: Dragapult|Shadow Ball|p1a: Garchomp
|-damage|p1a: Garchomp|66/100
|-damage|p2a: Dragapult|91/100|[from] item: Life Orb
|
|-heal|p1a: Garchomp|72/100|[from] item: Leftovers
|upkeep
|turn|14
|
|t:|1643294184
|switch|p1a: Melmetal|Melmetal|100/100
|move|p2a: Dragapult|Dragon Darts|p1a: Melmetal
|-resisted|p1a: Melmetal
|-damage|p1a: Melmetal|93/100
|-anim|p2a: Dragapult|Dragon Darts|p1a: Melmetal
|-resisted|p1a: Melmetal
|-damage|p1a: Melmetal|87/100
|-damage|p2a: Dragapult|81/100|[from] item: Life Orb
|
|upkeep
|turn|15
|
|t:|1643294200
|move|p2a: Dragapult|Flamethrower|p1a: Melmetal
|-supereffective|p1a: Melmetal
|-damage|p1a: Melmetal|43/100
|-damage|p2a: Dragapult|71/100|[from] item: Life Orb
|move|p1a: Melmetal|Double Iron Bash|p2a: Dragapult
|-damage|p2a: Dragapult|3/100
|-damage|p2a: Dragapult|0 fnt
|faint|p2a: Dragapult
|-hitcount|p2: Dragapult|2
|
|upkeep
|
|t:|1643294212
|switch|p2a: Garchomp|Garchomp, M|100/100
|turn|16
|
|t:|1643294223
|move|p2a: Garchomp|Earthquake|p1a: Melmetal
|-supereffective|p1a: Melmetal
|-damage|p1a: Melmetal|0 fnt
|faint|p1a: Melmetal
|
|upkeep
|
|t:|1643294239
|switch|p1a: Stakataka|Stakataka|100/100
|-item|p1a: Stakataka|Air Balloon
|turn|17
|
|t:|1643294247
|move|p2a: Garchomp|Fire Fang|p1a: Stakataka
|-damage|p1a: Stakataka|85/100
|-enditem|p1a: Stakataka|Air Balloon
|move|p1a: Stakataka|Trick Room|p1a: Stakataka
|-fieldstart|move: Trick Room|[of] p1a: Stakataka
|
|upkeep
|turn|18
|
|t:|1643294256
|move|p1a: Stakataka|Gyro Ball|p2a: Garchomp
|-damage|p2a: Garchomp|9/100
|-damage|p1a: Stakataka|73/100|[from] ability: Rough Skin|[of] p2a: Garchomp
|move|p2a: Garchomp|Earthquake|p1a: Stakataka
|-supereffective|p1a: Stakataka
|-damage|p1a: Stakataka|0 fnt
|faint|p1a: Stakataka
|
|-heal|p2a: Garchomp|15/100|[from] item: Leftovers
|upkeep
|
|t:|1643294264
|switch|p1a: Garchomp|Garchomp, F, shiny|72/100
|turn|19
|
|t:|1643294268
|move|p1a: Garchomp|Earthquake|p2a: Garchomp
|-damage|p2a: Garchomp|0 fnt
|faint|p2a: Garchomp
|
|-heal|p1a: Garchomp|79/100|[from] item: Leftovers
|upkeep
|
|t:|1643294283
|switch|p2a: Zapdos|Zapdos-Galar|100/100
|turn|20
|
|t:|1643294286
|move|p1a: Garchomp|Toxic|p2a: Zapdos
|-status|p2a: Zapdos|tox
|move|p2a: Zapdos|Brave Bird|p1a: Garchomp
|-damage|p1a: Garchomp|12/100
|-damage|p2a: Zapdos|88/100 tox|[from] ability: Rough Skin|[of] p1a: Garchomp
|-damage|p2a: Zapdos|59/100 tox|[from] Recoil
|
|-heal|p1a: Garchomp|18/100|[from] item: Leftovers
|-damage|p2a: Zapdos|53/100 tox|[from] psn
|upkeep
|turn|21
|j| Ninscare
|
|t:|1643294296
|move|p1a: Garchomp|Protect|p1a: Garchomp
|-singleturn|p1a: Garchomp|Protect
|move|p2a: Zapdos|Brave Bird|p1a: Garchomp
|-activate|p1a: Garchomp|move: Protect
|
|-heal|p1a: Garchomp|24/100|[from] item: Leftovers
|-damage|p2a: Zapdos|41/100 tox|[from] psn
|-fieldend|move: Trick Room
|upkeep
|turn|22
|l| Babyshark974
|
|t:|1643294308
|move|p1a: Garchomp|Protect||[still]
|-fail|p1a: Garchomp
|move|p2a: Zapdos|Brave Bird|p1a: Garchomp
|-damage|p1a: Garchomp|0 fnt
|-damage|p2a: Zapdos|28/100 tox|[from] ability: Rough Skin|[of] p1a: Garchomp
|faint|p1a: Garchomp
|-damage|p2a: Zapdos|18/100 tox|[from] Recoil
|
|-damage|p2a: Zapdos|0 fnt|[from] psn
|faint|p2a: Zapdos
|upkeep
|
|t:|1643294318
|switch|p2a: Bisharp|Bisharp, F|100/100
|switch|p1a: Blacephalon|Blacephalon, shiny|57/100
|turn|23
|
|t:|1643294329
|move|p1a: Blacephalon|Substitute|p1a: Blacephalon
|-start|p1a: Blacephalon|Substitute
|-damage|p1a: Blacephalon|32/100
|move|p2a: Bisharp|Knock Off|p1a: Blacephalon
|-supereffective|p1a: Blacephalon
|-end|p1a: Blacephalon|Substitute
|
|upkeep
|turn|24
|c|☆Makuryu|50/50
|inactive|Makuryu has 120 seconds left.
|
|t:|1643294366
|move|p2a: Bisharp|Sucker Punch||[still]
|-fail|p2a: Bisharp
|move|p1a: Blacephalon|Substitute|p1a: Blacephalon
|-start|p1a: Blacephalon|Substitute
|-damage|p1a: Blacephalon|8/100
|
|upkeep
|turn|25
|inactive|Makuryu has 120 seconds left.
|j| Arnaud senju vgc
|
|t:|1643294373
|move|p2a: Bisharp|Sucker Punch|p1a: Blacephalon
|-supereffective|p1a: Blacephalon
|-end|p1a: Blacephalon|Substitute
|move|p1a: Blacephalon|Flamethrower|p2a: Bisharp
|-supereffective|p2a: Bisharp
|-crit|p2a: Bisharp
|-damage|p2a: Bisharp|0 fnt
|faint|p2a: Bisharp
|
|win|Whitedevil12345678
|raw|Whitedevil12345678's rating: 1740 &rarr; <strong>1760</strong><br />(+20 for winning)
|raw|Makuryu's rating: 1746 &rarr; <strong>1726</strong><br />(-20 for losing)
|l|☆Makuryu
|l| 654654m
|l| Marquesa-10%
