|j|☆D yubin
|j|☆ultimategoogolplex
|t:|1667631787
|gametype|singles
|player|p1|D yubin|gentleman|1631
|player|p2|ultimategoogolplex|2|1607
|teamsize|p1|6
|teamsize|p2|6
|gen|8
|tier|[Gen 8] OU
|rated|
|rule|Sleep Clause Mod: Limit one foe put to sleep
|rule|Species Clause: Limit one of each Pokémon
|rule|OHKO Clause: OHKO moves are banned
|rule|Evasion Items Clause: Evasion items are banned
|rule|Evasion Moves Clause: Evasion moves are banned
|rule|Endless Battle Clause: Forcing endless battles is banned
|rule|HP Percentage Mod: HP is shown in percentages
|rule|Dynamax Clause: You cannot dynamax
|clearpoke
|poke|p1|Weavile, F|
|poke|p1|Kartana|
|poke|p1|Blacephalon|
|poke|p1|Rillaboom, F|
|poke|p1|Landorus-Therian, M|
|poke|p1|Melmetal|
|poke|p2|Weavile, F|
|poke|p2|Volcanion|
|poke|p2|Zapdos|
|poke|p2|Landorus-Therian, M|
|poke|p2|Kartana|
|poke|p2|Melmetal|
|teampreview
|inactive|Battle timer is ON: inactive players will automatically lose when time's up. (requested by ultimategoogolplex)
|inactive|D yubin also wants the timer to be on.
|
|t:|1667631802
|start
|switch|p1a: Melmetal|Melmetal|100/100
|switch|p2a: Weavile|Weavile, F|100/100
|-ability|p2a: Weavile|Pressure
|turn|1
|c|☆D yubin|So we meet again
|
|t:|1667631816
|switch|p2a: Melmetal|Melmetal|100/100
|move|p1a: Melmetal|Rock Slide|p2a: Melmetal
|-resisted|p2a: Melmetal
|-crit|p2a: Melmetal
|-damage|p2a: Melmetal|87/100
|
|upkeep
|turn|2
|
|t:|1667631824
|switch|p2a: Landorus|Landorus-Therian, M|100/100
|-ability|p2a: Landorus|Intimidate|boost
|-unboost|p1a: Melmetal|atk|1
|move|p1a: Melmetal|Earthquake|p2a: Landorus
|-immune|p2a: Landorus
|
|upkeep
|turn|3
|
|t:|1667631833
|switch|p1a: LandOUrus-T|Landorus-Therian, M|100/100
|-ability|p1a: LandOUrus-T|Intimidate|boost
|-unboost|p2a: Landorus|atk|1
|move|p2a: Landorus|U-turn|p1a: LandOUrus-T
|-resisted|p1a: LandOUrus-T
|-damage|p1a: LandOUrus-T|92/100
|-enditem|p1a: LandOUrus-T|Eject Button
|
|t:|1667631837
|switch|p1a: Axeleration!|Weavile, F|100/100
|
|upkeep
|turn|4
|
|t:|1667631844
|switch|p2a: Melmetal|Melmetal|87/100
|move|p1a: Axeleration!|Triple Axel|p2a: Melmetal
|-resisted|p2a: Melmetal
|-damage|p2a: Melmetal|84/100
|-resisted|p2a: Melmetal
|-damage|p2a: Melmetal|78/100
|-resisted|p2a: Melmetal
|-damage|p2a: Melmetal|69/100
|-hitcount|p2a: Melmetal|3
|
|upkeep
|turn|5
|
|t:|1667631853
|switch|p1a: LandOUrus-T|Landorus-Therian, M|92/100
|-ability|p1a: LandOUrus-T|Intimidate|boost
|-unboost|p2a: Melmetal|atk|1
|switch|p2a: Landorus|Landorus-Therian, M|100/100
|-ability|p2a: Landorus|Intimidate|boost
|-unboost|p1a: LandOUrus-T|atk|1
|
|upkeep
|turn|6
|
|t:|1667631858
|move|p1a: LandOUrus-T|Stealth Rock|p2a: Landorus
|-sidestart|p2: ultimategoogolplex|move: Stealth Rock
|move|p2a: Landorus|Toxic|p1a: LandOUrus-T
|-status|p1a: LandOUrus-T|tox
|
|-damage|p1a: LandOUrus-T|86/100 tox|[from] psn
|upkeep
|turn|7
|
|t:|1667631864
|move|p1a: LandOUrus-T|Swords Dance|p1a: LandOUrus-T
|-boost|p1a: LandOUrus-T|atk|2
|move|p2a: Landorus|U-turn|p1a: LandOUrus-T
|-resisted|p1a: LandOUrus-T
|-damage|p1a: LandOUrus-T|73/100 tox
|
|t:|1667631873
|switch|p2a: Weavile|Weavile, F|100/100|[from]move: U-turn
|-damage|p2a: Weavile|76/100|[from] Stealth Rock
|-ability|p2a: Weavile|Pressure
|
|-damage|p1a: LandOUrus-T|61/100 tox|[from] psn
|upkeep
|turn|8
|
|t:|1667631883
|switch|p1a: Melmetal|Melmetal|100/100
|move|p2a: Weavile|Beat Up|p1a: Melmetal
|-damage|p1a: Melmetal|91/100
|-damage|p1a: Melmetal|83/100
|-damage|p1a: Melmetal|77/100
|-damage|p1a: Melmetal|68/100
|-damage|p1a: Melmetal|56/100
|-damage|p1a: Melmetal|46/100
|-hitcount|p1a: Melmetal|6
|
|upkeep
|turn|9
|
|t:|1667631893
|move|p2a: Weavile|Beat Up|p1a: Melmetal
|-damage|p1a: Melmetal|37/100
|-damage|p1a: Melmetal|29/100
|-damage|p1a: Melmetal|22/100
|-damage|p1a: Melmetal|12/100
|-damage|p1a: Melmetal|0 fnt
|faint|p1a: Melmetal
|-hitcount|p1: Melmetal|5
|
|upkeep
|
|t:|1667631908
|switch|p1a: 🎵Grass Monkey!🎵|Rillaboom, F, shiny|100/100
|-fieldstart|move: Grassy Terrain|[from] ability: Grassy Surge|[of] p1a: 🎵Grass Monkey!🎵
|turn|10
|
|t:|1667631912
|switch|p2a: Zapdos|Zapdos|100/100
|move|p1a: 🎵Grass Monkey!🎵|Swords Dance|p1a: 🎵Grass Monkey!🎵
|-boost|p1a: 🎵Grass Monkey!🎵|atk|2
|
|upkeep
|turn|11
|
|t:|1667631915
|move|p1a: 🎵Grass Monkey!🎵|Grassy Glide|p2a: Zapdos
|-resisted|p2a: Zapdos
|-damage|p2a: Zapdos|50/100
|-damage|p1a: 🎵Grass Monkey!🎵|91/100|[from] item: Life Orb
|move|p2a: Zapdos|Heat Wave|p1a: 🎵Grass Monkey!🎵
|-supereffective|p1a: 🎵Grass Monkey!🎵
|-damage|p1a: 🎵Grass Monkey!🎵|21/100
|
|-heal|p1a: 🎵Grass Monkey!🎵|27/100|[from] Grassy Terrain
|upkeep
|turn|12
|
|t:|1667631924
|move|p1a: 🎵Grass Monkey!🎵|Grassy Glide|p2a: Zapdos
|-resisted|p2a: Zapdos
|-damage|p2a: Zapdos|1/100
|-damage|p1a: 🎵Grass Monkey!🎵|18/100|[from] item: Life Orb
|move|p2a: Zapdos|Heat Wave|p1a: 🎵Grass Monkey!🎵
|-supereffective|p1a: 🎵Grass Monkey!🎵
|-damage|p1a: 🎵Grass Monkey!🎵|0 fnt
|faint|p1a: 🎵Grass Monkey!🎵
|
|upkeep
|
|t:|1667631930
|switch|p1a: Axeleration!|Weavile, F|100/100
|turn|13
|
|t:|1667631934
|move|p1a: Axeleration!|Ice Shard|p2a: Zapdos
|-supereffective|p2a: Zapdos
|-damage|p2a: Zapdos|0 fnt
|faint|p2a: Zapdos
|
|upkeep
|
|t:|1667631942
|switch|p2a: Kartana|Kartana|100/100
|-damage|p2a: Kartana|94/100|[from] Stealth Rock
|turn|14
|
|t:|1667631954
|move|p2a: Kartana|Leaf Blade|p1a: Axeleration!
|-enditem|p1a: Axeleration!|Focus Sash
|-damage|p1a: Axeleration!|1/100
|-enditem|p2a: Kartana|Choice Scarf|[silent]|[from] ability: Pickpocket|[of] p2a: Kartana
|-item|p1a: Axeleration!|Choice Scarf|[from] ability: Pickpocket|[of] p2a: Kartana
|move|p1a: Axeleration!|Triple Axel|p2a: Kartana
|-damage|p2a: Kartana|83/100
|-hitcount|p2a: Kartana|1
|
|-heal|p1a: Axeleration!|7/100|[from] Grassy Terrain
|-heal|p2a: Kartana|89/100|[from] Grassy Terrain
|-fieldend|move: Grassy Terrain
|upkeep
|turn|15
|
|t:|1667631967
|move|p1a: Axeleration!|Triple Axel|p2a: Kartana
|-damage|p2a: Kartana|77/100
|-damage|p2a: Kartana|53/100
|-damage|p2a: Kartana|19/100
|-hitcount|p2a: Kartana|3
|move|p2a: Kartana|Knock Off|p1a: Axeleration!
|-resisted|p1a: Axeleration!
|-damage|p1a: Axeleration!|0 fnt
|-enditem|p1a: Axeleration!|Choice Scarf|[from] move: Knock Off|[of] p2a: Kartana
|faint|p1a: Axeleration!
|-ability|p2a: Kartana|Beast Boost|boost
|-boost|p2a: Kartana|atk|1
|
|upkeep
|
|t:|1667631980
|switch|p1a: Papercut|Kartana|100/100
|turn|16
|
|t:|1667631992
|move|p1a: Papercut|Knock Off|p2a: Kartana
|-damage|p2a: Kartana|0 fnt
|faint|p2a: Kartana
|-ability|p1a: Papercut|Beast Boost|boost
|-boost|p1a: Papercut|atk|1
|
|upkeep
|
|t:|1667632006
|switch|p2a: Melmetal|Melmetal|69/100
|-damage|p2a: Melmetal|62/100|[from] Stealth Rock
|turn|17
|
|t:|1667632014
|switch|p1a: LandOUrus-T|Landorus-Therian, M|61/100 tox
|-ability|p1a: LandOUrus-T|Intimidate|boost
|-unboost|p2a: Melmetal|atk|1
|move|p2a: Melmetal|Double Iron Bash|p1a: LandOUrus-T
|-damage|p1a: LandOUrus-T|29/100 tox
|-damage|p1a: LandOUrus-T|0 fnt
|faint|p1a: LandOUrus-T
|-hitcount|p1: LandOUrus-T|2
|
|upkeep
|
|t:|1667632024
|switch|p1a: THE WRLD REVOLVING|Blacephalon, shiny|100/100
|turn|18
|
|t:|1667632028
|move|p1a: THE WRLD REVOLVING|Shadow Ball|p2a: Melmetal
|-damage|p2a: Melmetal|25/100
|move|p2a: Melmetal|Earthquake|p1a: THE WRLD REVOLVING
|-supereffective|p1a: THE WRLD REVOLVING
|-damage|p1a: THE WRLD REVOLVING|0 fnt
|faint|p1a: THE WRLD REVOLVING
|
|upkeep
|
|t:|1667632032
|switch|p1a: Papercut|Kartana|100/100
|turn|19
|
|t:|1667632039
|switch|p2a: Landorus|Landorus-Therian, M|100/100
|-damage|p2a: Landorus|88/100|[from] Stealth Rock
|-ability|p2a: Landorus|Intimidate|boost
|-unboost|p1a: Papercut|atk|1
|move|p1a: Papercut|Knock Off|p2a: Landorus
|-damage|p2a: Landorus|65/100
|-enditem|p2a: Landorus|Leftovers|[from] move: Knock Off|[of] p1a: Papercut
|
|upkeep
|turn|20
|
|t:|1667632042
|move|p1a: Papercut|Knock Off|p2a: Landorus
|-damage|p2a: Landorus|51/100
|move|p2a: Landorus|Earthquake|p1a: Papercut
|-damage|p1a: Papercut|55/100
|
|upkeep
|turn|21
|-message|D yubin forfeited.
|
|win|ultimategoogolplex
|raw|D yubin's rating: 1631 &rarr; <strong>1610</strong><br />(-21 for losing)
|raw|ultimategoogolplex's rating: 1607 &rarr; <strong>1628</strong><br />(+21 for winning)
|l|☆D yubin
