|j|‽deeznuts sama1
|j|☆Bloody Busybody
|t:|1657182909
|gametype|singles
|player|p1|deeznuts sama1|bruno|1620
|player|p2|Bloody Busybody|bugcatcher|1535
|teamsize|p1|6
|teamsize|p2|6
|gen|8
|tier|[Gen 8] OU
|rated|
|rule|Sleep Clause Mod: Limit one foe put to sleep
|rule|Species Clause: Limit one of each Pokémon
|rule|OHKO Clause: OHKO moves are banned
|rule|Evasion Moves Clause: Evasion moves are banned
|rule|Endless Battle Clause: Forcing endless battles is banned
|rule|HP Percentage Mod: HP is shown in percentages
|rule|Dynamax Clause: You cannot dynamax
|clearpoke
|poke|p1|Zapdos|
|poke|p1|Weavile, F|
|poke|p1|Landorus-Therian, M|
|poke|p1|Melmetal|
|poke|p1|Tapu Fini|
|poke|p1|Victini|
|poke|p2|Volcanion|
|poke|p2|Corviknight, F|
|poke|p2|Mamoswine, M|
|poke|p2|Blissey, F|
|poke|p2|Rillaboom, F|
|poke|p2|Hydreigon, F|
|teampreview
|inactive|Battle timer is ON: inactive players will automatically lose when time's up. (requested by deeznuts sama1)
|
|t:|1657182929
|start
|switch|p1a: Weavile|Weavile, F|100/100
|switch|p2a: Volcanion|Volcanion|100/100
|-ability|p1a: Weavile|Pressure
|turn|1
|inactive|deeznuts sama1 has 120 seconds left.
|inactive|Bloody Busybody has 120 seconds left.
|inactive|Bloody Busybody has 90 seconds left.
|inactive|deeznuts sama1 has 90 seconds left.
|inactive|deeznuts sama1 has 60 seconds left.
|inactive|deeznuts sama1 has 30 seconds left.
|
|t:|1657183060
|switch|p1a: Melmetal|Melmetal|100/100
|move|p2a: Volcanion|Fire Blast|p1a: Melmetal
|-supereffective|p1a: Melmetal
|-damage|p1a: Melmetal|0 fnt
|faint|p1a: Melmetal
|
|upkeep
|inactive|deeznuts sama1 has 30 seconds left this turn.
|
|t:|1657183070
|switch|p1a: Zapdos|Zapdos|100/100
|turn|2
|
|t:|1657183092
|move|p1a: Zapdos|Volt Switch|p2a: Volcanion
|-supereffective|p2a: Volcanion
|-damage|p2a: Volcanion|26/100
|inactive|deeznuts sama1 has 30 seconds left.
|
|t:|1657183104
|switch|p1a: Tapu Fini|Tapu Fini, shiny|100/100|[from]move: Volt Switch
|-fieldstart|move: Misty Terrain|[from] ability: Misty Surge|[of] p1a: Tapu Fini
|move|p2a: Volcanion|Fire Blast|p1a: Tapu Fini
|-resisted|p1a: Tapu Fini
|-damage|p1a: Tapu Fini|57/100
|
|upkeep
|turn|3
|
|t:|1657183112
|move|p1a: Tapu Fini|Moonblast|p2a: Volcanion
|-resisted|p2a: Volcanion
|-damage|p2a: Volcanion|4/100
|-unboost|p2a: Volcanion|spa|1
|move|p2a: Volcanion|Fire Blast|p1a: Tapu Fini
|-resisted|p1a: Tapu Fini
|-damage|p1a: Tapu Fini|25/100
|
|upkeep
|turn|4
|
|t:|1657183117
|switch|p2a: Blissey|Blissey, F|100/100
|move|p1a: Tapu Fini|Moonblast|p2a: Blissey
|-damage|p2a: Blissey|87/100
|
|upkeep
|turn|5
|
|t:|1657183120
|switch|p1a: Landorus|Landorus-Therian, M|100/100
|-ability|p1a: Landorus|Intimidate|boost
|-unboost|p2a: Blissey|atk|1
|move|p2a: Blissey|Seismic Toss|p1a: Landorus
|-damage|p1a: Landorus|74/100
|
|-heal|p1a: Landorus|80/100|[from] item: Leftovers
|upkeep
|turn|6
|
|t:|1657183123
|move|p1a: Landorus|U-turn|p2a: Blissey
|-damage|p2a: Blissey|67/100
|
|t:|1657183126
|switch|p1a: Weavile|Weavile, F|100/100|[from]move: U-turn
|-ability|p1a: Weavile|Pressure
|move|p2a: Blissey|Toxic|p1a: Weavile
|-activate|p1a: Weavile|move: Misty Terrain
|
|-fieldend|Misty Terrain
|upkeep
|turn|7
|
|t:|1657183132
|switch|p2a: Corviknight|Corviknight, F|100/100
|-ability|p2a: Corviknight|Pressure
|move|p1a: Weavile|Knock Off|p2a: Corviknight
|-damage|p2a: Corviknight|60/100
|-damage|p1a: Weavile|84/100|[from] item: Rocky Helmet|[of] p2a: Corviknight
|-enditem|p2a: Corviknight|Rocky Helmet|[from] move: Knock Off|[of] p1a: Weavile
|
|upkeep
|turn|8
|
|t:|1657183135
|switch|p1a: Zapdos|Zapdos|100/100
|move|p2a: Corviknight|Roost|p2a: Corviknight
|-heal|p2a: Corviknight|100/100
|-singleturn|p2a: Corviknight|move: Roost
|
|upkeep
|turn|9
|
|t:|1657183139
|switch|p2a: Blissey|Blissey, F|67/100
|move|p1a: Zapdos|Volt Switch|p2a: Blissey
|-damage|p2a: Blissey|54/100
|
|t:|1657183141
|switch|p1a: Weavile|Weavile, F|84/100|[from]move: Volt Switch
|-ability|p1a: Weavile|Pressure
|
|upkeep
|turn|10
|
|t:|1657183146
|switch|p2a: Volcanion|Volcanion|4/100
|move|p1a: Weavile|Triple Axel|p2a: Volcanion
|-resisted|p2a: Volcanion
|-damage|p2a: Volcanion|1/100
|-resisted|p2a: Volcanion
|-damage|p2a: Volcanion|0 fnt
|faint|p2a: Volcanion
|-hitcount|p2: Volcanion|2
|
|upkeep
|
|t:|1657183150
|switch|p2a: Rillaboom|Rillaboom, F|100/100
|-fieldstart|move: Grassy Terrain|[from] ability: Grassy Surge|[of] p2a: Rillaboom
|turn|11
|
|t:|1657183153
|switch|p1a: Landorus|Landorus-Therian, M|80/100
|-ability|p1a: Landorus|Intimidate|boost
|-unboost|p2a: Rillaboom|atk|1
|move|p2a: Rillaboom|Grassy Glide|p1a: Landorus
|-damage|p1a: Landorus|28/100
|
|-heal|p1a: Landorus|34/100|[from] item: Leftovers
|upkeep
|turn|12
|
|t:|1657183156
|move|p2a: Rillaboom|Grassy Glide|p1a: Landorus
|-damage|p1a: Landorus|0 fnt
|faint|p1a: Landorus
|
|upkeep
|
|t:|1657183158
|switch|p1a: Zapdos|Zapdos|100/100
|turn|13
|
|t:|1657183160
|switch|p2a: Mamoswine|Mamoswine, M|100/100
|move|p1a: Zapdos|Hurricane|p2a: Mamoswine|[miss]
|-miss|p1a: Zapdos|p2a: Mamoswine
|
|upkeep
|turn|14
|
|t:|1657183170
|switch|p1a: Victini|Victini|100/100
|move|p2a: Mamoswine|Icicle Crash|p1a: Victini
|-resisted|p1a: Victini
|-damage|p1a: Victini|78/100
|
|-heal|p1a: Victini|84/100|[from] Grassy Terrain
|upkeep
|turn|15
|
|t:|1657183174
|move|p1a: Victini|V-create|p2a: Mamoswine
|-supereffective|p2a: Mamoswine
|-damage|p2a: Mamoswine|9/100
|-unboost|p1a: Victini|spe|1
|-unboost|p1a: Victini|def|1
|-unboost|p1a: Victini|spd|1
|move|p2a: Mamoswine|High Horsepower|p1a: Victini
|-supereffective|p1a: Victini
|-damage|p1a: Victini|0 fnt
|faint|p1a: Victini
|
|-heal|p2a: Mamoswine|15/100|[from] Grassy Terrain
|-fieldend|move: Grassy Terrain
|upkeep
|
|t:|1657183181
|switch|p1a: Weavile|Weavile, F|84/100
|-ability|p1a: Weavile|Pressure
|turn|16
|
|t:|1657183208
|move|p2a: Mamoswine|Ice Shard|p1a: Weavile
|-resisted|p1a: Weavile
|-crit|p1a: Weavile
|-damage|p1a: Weavile|59/100
|move|p1a: Weavile|Triple Axel|p2a: Mamoswine
|-damage|p2a: Mamoswine|6/100
|-damage|p2a: Mamoswine|0 fnt
|faint|p2a: Mamoswine
|-hitcount|p2: Mamoswine|2
|
|upkeep
|
|t:|1657183212
|switch|p2a: Corviknight|Corviknight, F|100/100
|-ability|p2a: Corviknight|Pressure
|turn|17
|
|t:|1657183213
|move|p1a: Weavile|Triple Axel|p2a: Corviknight
|-damage|p2a: Corviknight|91/100
|-damage|p2a: Corviknight|74/100
|-damage|p2a: Corviknight|48/100
|-hitcount|p2a: Corviknight|3
|move|p2a: Corviknight|U-turn|p1a: Weavile
|-supereffective|p1a: Weavile
|-damage|p1a: Weavile|13/100
|
|t:|1657183220
|switch|p2a: Rillaboom|Rillaboom, F|100/100|[from]move: U-turn
|-fieldstart|move: Grassy Terrain|[from] ability: Grassy Surge|[of] p2a: Rillaboom
|
|-heal|p1a: Weavile|19/100|[from] Grassy Terrain
|upkeep
|turn|18
|
|t:|1657183223
|switch|p1a: Tapu Fini|Tapu Fini, shiny|25/100
|-fieldstart|move: Misty Terrain|[from] ability: Misty Surge|[of] p1a: Tapu Fini
|move|p2a: Rillaboom|Grassy Glide|p1a: Tapu Fini
|-supereffective|p1a: Tapu Fini
|-damage|p1a: Tapu Fini|0 fnt
|faint|p1a: Tapu Fini
|
|upkeep
|
|t:|1657183224
|switch|p1a: Zapdos|Zapdos|100/100
|turn|19
|
|t:|1657183230
|switch|p2a: Blissey|Blissey, F|54/100
|move|p1a: Zapdos|Hurricane|p2a: Blissey
|-damage|p2a: Blissey|33/100
|
|upkeep
|turn|20
|
|t:|1657183234
|move|p1a: Zapdos|Volt Switch|p2a: Blissey
|-damage|p2a: Blissey|21/100
|
|t:|1657183235
|switch|p1a: Weavile|Weavile, F|19/100|[from]move: Volt Switch
|-ability|p1a: Weavile|Pressure
|move|p2a: Blissey|Toxic|p1a: Weavile
|-activate|p1a: Weavile|move: Misty Terrain
|
|upkeep
|turn|21
|
|t:|1657183245
|move|p1a: Weavile|Triple Axel|p2a: Blissey
|-damage|p2a: Blissey|8/100
|-damage|p2a: Blissey|0 fnt
|faint|p2a: Blissey
|-hitcount|p2: Blissey|2
|
|upkeep
|
|t:|1657183247
|switch|p2a: Rillaboom|Rillaboom, F|100/100
|-fieldstart|move: Grassy Terrain|[from] ability: Grassy Surge|[of] p2a: Rillaboom
|turn|22
|
|t:|1657183250
|switch|p2a: Hydreigon|Hydreigon, F|100/100
|move|p1a: Weavile|Triple Axel|p2a: Hydreigon
|-supereffective|p2a: Hydreigon
|-damage|p2a: Hydreigon|67/100
|-supereffective|p2a: Hydreigon
|-crit|p2a: Hydreigon
|-damage|p2a: Hydreigon|0 fnt
|faint|p2a: Hydreigon
|-hitcount|p2: Hydreigon|2
|
|-heal|p1a: Weavile|25/100|[from] Grassy Terrain
|upkeep
|
|t:|1657183255
|switch|p2a: Corviknight|Corviknight, F|48/100
|-ability|p2a: Corviknight|Pressure
|turn|23
|
|t:|1657183257
|move|p1a: Weavile|Triple Axel|p2a: Corviknight
|-damage|p2a: Corviknight|39/100
|-damage|p2a: Corviknight|20/100
|-damage|p2a: Corviknight|0 fnt
|faint|p2a: Corviknight
|-hitcount|p2: Corviknight|3
|
|-heal|p1a: Weavile|31/100|[from] Grassy Terrain
|upkeep
|
|t:|1657183259
|switch|p2a: Rillaboom|Rillaboom, F|100/100
|turn|24
|
|t:|1657183260
|move|p2a: Rillaboom|Grassy Glide|p1a: Weavile
|-damage|p1a: Weavile|0 fnt
|faint|p1a: Weavile
|
|upkeep
|
|t:|1657183262
|switch|p1a: Zapdos|Zapdos|100/100
|turn|25
|
|t:|1657183283
|move|p2a: Rillaboom|Grassy Glide|p1a: Zapdos
|-resisted|p1a: Zapdos
|-damage|p1a: Zapdos|69/100
|move|p1a: Zapdos|Hurricane|p2a: Rillaboom|[miss]
|-miss|p1a: Zapdos|p2a: Rillaboom
|
|upkeep
|turn|26
|
|t:|1657183286
|move|p2a: Rillaboom|Grassy Glide|p1a: Zapdos
|-resisted|p1a: Zapdos
|-damage|p1a: Zapdos|32/100
|move|p1a: Zapdos|Hurricane|p2a: Rillaboom|[miss]
|-miss|p1a: Zapdos|p2a: Rillaboom
|
|-fieldend|move: Grassy Terrain
|upkeep
|turn|27
|
|t:|1657183291
|move|p2a: Rillaboom|Grassy Glide|p1a: Zapdos
|-resisted|p1a: Zapdos
|-damage|p1a: Zapdos|8/100
|move|p1a: Zapdos|Hurricane|p2a: Rillaboom|[miss]
|-miss|p1a: Zapdos|p2a: Rillaboom
|
|upkeep
|turn|28
|c|☆Bloody Busybody|gg
|c|☆Bloody Busybody|I really tried to lose this one
|inactive|deeznuts sama1 has 120 seconds left.
|c|☆Bloody Busybody|so dont' be mad at me
|
|t:|1657183324
|move|p2a: Rillaboom|Grassy Glide|p1a: Zapdos
|-resisted|p1a: Zapdos
|-damage|p1a: Zapdos|0 fnt
|faint|p1a: Zapdos
|
|win|Bloody Busybody
|raw|deeznuts sama1's rating: 1620 &rarr; <strong>1595</strong><br />(-25 for losing)
|raw|Bloody Busybody's rating: 1535 &rarr; <strong>1560</strong><br />(+25 for winning)
