|j|☆Goinflex
|j|☆abbehzt
|t:|1667600521
|gametype|singles
|player|p1|Goinflex|sycamore|
|player|p2|abbehzt|ethan|
|teamsize|p1|6
|teamsize|p2|6
|gen|8
|tier|[Gen 8] OU
|rule|Sleep Clause Mod: Limit one foe put to sleep
|rule|Species Clause: Limit one of each Pokémon
|rule|OHKO Clause: OHKO moves are banned
|rule|Evasion Items Clause: Evasion items are banned
|rule|Evasion Moves Clause: Evasion moves are banned
|rule|Endless Battle Clause: Forcing endless battles is banned
|rule|HP Percentage Mod: HP is shown in percentages
|rule|Dynamax Clause: You cannot dynamax
|clearpoke
|poke|p1|Mew|
|poke|p1|Weavile, M|
|poke|p1|Celesteela|
|poke|p1|Garchomp, M|
|poke|p1|Blacephalon|
|poke|p1|Crawdaunt, M|
|poke|p2|Tapu Lele|
|poke|p2|Tyranitar, F|
|poke|p2|Excadrill, F|
|poke|p2|Ferrothorn, F|
|poke|p2|Zapdos|
|poke|p2|Urshifu-*, F|
|teampreview
|inactive|Battle timer is ON: inactive players will automatically lose when time's up. (requested by Goinflex)
|inactive|abbehzt also wants the timer to be on.
|c|☆Goinflex|hf
|inactive|Goinflex has 270 seconds left.
|inactive|abbehzt has 270 seconds left.
|j| Stillau
|c|☆abbehzt|Hf
|j| Be Like Bisharp
|j| Ryuji-Sensei
|j| arretezparpitie
|
|t:|1667600567
|start
|switch|p1a: Mew|Mew|100/100
|switch|p2a: Tyranitar|Tyranitar, F|100/100
|-weather|Sandstorm|[from] ability: Sand Stream|[of] p2a: Tyranitar
|turn|1
|j| Insector84
|
|t:|1667600594
|move|p1a: Mew|Stealth Rock|p2a: Tyranitar
|-sidestart|p2: abbehzt|move: Stealth Rock
|move|p2a: Tyranitar|Crunch|p1a: Mew
|-supereffective|p1a: Mew
|-enditem|p1a: Mew|Colbur Berry|[eat]
|-enditem|p1a: Mew|Colbur Berry|[weaken]
|-damage|p1a: Mew|37/100
|
|-weather|Sandstorm|[upkeep]
|-damage|p1a: Mew|31/100|[from] Sandstorm
|upkeep
|turn|2
|j| Scoptile
|
|t:|1667600599
|move|p1a: Mew|Spikes|p2a: Tyranitar
|-sidestart|p2: abbehzt|Spikes
|move|p2a: Tyranitar|Crunch|p1a: Mew
|-supereffective|p1a: Mew
|-damage|p1a: Mew|0 fnt
|faint|p1a: Mew
|
|-weather|Sandstorm|[upkeep]
|upkeep
|
|t:|1667600604
|switch|p1a: Crawdaunt|Crawdaunt, M|100/100
|turn|3
|
|t:|1667600615
|switch|p2a: Ferrothorn|Ferrothorn, F|100/100
|-damage|p2a: Ferrothorn|94/100|[from] Stealth Rock
|-damage|p2a: Ferrothorn|82/100|[from] Spikes
|switch|p1a: Celesteela|Celesteela|100/100
|
|-weather|Sandstorm|[upkeep]
|-heal|p2a: Ferrothorn|88/100|[from] item: Leftovers
|upkeep
|turn|4
|
|t:|1667600624
|move|p1a: Celesteela|Flamethrower|p2a: Ferrothorn
|-supereffective|p2a: Ferrothorn
|-damage|p2a: Ferrothorn|0 fnt
|faint|p2a: Ferrothorn
|-ability|p1a: Celesteela|Beast Boost|boost
|-boost|p1a: Celesteela|spa|1
|
|-weather|Sandstorm|[upkeep]
|upkeep
|l| arretezparpitie
|inactive|abbehzt has 270 seconds left.
|j| arretezparpitie
|j| PokemonCestDur
|inactive|abbehzt has 240 seconds left.
|l| arretezparpitie
|j| arretezparpitie
|inactive|abbehzt has 210 seconds left.
|
|t:|1667600714
|switch|p2a: Zapdos|Zapdos|100/100
|turn|5
|l| arretezparpitie
|inactive|abbehzt has 210 seconds left.
|
|t:|1667600730
|move|p2a: Zapdos|Heat Wave|p1a: Celesteela
|-supereffective|p1a: Celesteela
|-damage|p1a: Celesteela|50/100
|move|p1a: Celesteela|Autotomize|p1a: Celesteela
|-boost|p1a: Celesteela|spe|2
|-start|p1a: Celesteela|Autotomize
|
|-weather|none
|upkeep
|turn|6
|inactive|abbehzt has 210 seconds left.
|
|t:|1667600739
|move|p1a: Celesteela|Meteor Beam||[still]
|-prepare|p1a: Celesteela|Meteor Beam
|-boost|p1a: Celesteela|spa|1
|-enditem|p1a: Celesteela|Power Herb
|-anim|p1a: Celesteela|Meteor Beam|p2a: Zapdos
|-supereffective|p2a: Zapdos
|-damage|p2a: Zapdos|0 fnt
|faint|p2a: Zapdos
|-ability|p1a: Celesteela|Beast Boost|boost
|-boost|p1a: Celesteela|spa|1
|
|upkeep
|inactive|abbehzt has 210 seconds left.
|j| arretezparpitie
|l| arretezparpitie
|
|t:|1667600773
|switch|p2a: Tyranitar|Tyranitar, F|100/100
|-damage|p2a: Tyranitar|88/100|[from] Stealth Rock
|-damage|p2a: Tyranitar|76/100|[from] Spikes
|-weather|Sandstorm|[from] ability: Sand Stream|[of] p2a: Tyranitar
|turn|7
|
|t:|1667600776
|move|p1a: Celesteela|Air Slash|p2a: Tyranitar
|-resisted|p2a: Tyranitar
|-damage|p2a: Tyranitar|44/100
|move|p2a: Tyranitar|Fire Punch|p1a: Celesteela
|-supereffective|p1a: Celesteela
|-damage|p1a: Celesteela|0 fnt
|faint|p1a: Celesteela
|
|-weather|Sandstorm|[upkeep]
|upkeep
|
|t:|1667600780
|switch|p1a: Garchomp|Garchomp, M|100/100
|turn|8
|inactive|abbehzt has 180 seconds left.
|inactive|abbehzt has 150 seconds left.
|j| arretezparpitie
|inactive|abbehzt has 120 seconds left.
|
|t:|1667600881
|switch|p2a: Urshifu|Urshifu-Rapid-Strike, F|100/100
|-damage|p2a: Urshifu|94/100|[from] Stealth Rock
|-damage|p2a: Urshifu|82/100|[from] Spikes
|move|p1a: Garchomp|Earthquake|p2a: Urshifu
|-damage|p2a: Urshifu|31/100
|
|-weather|Sandstorm|[upkeep]
|-damage|p2a: Urshifu|25/100|[from] Sandstorm
|upkeep
|turn|9
|
|t:|1667600885
|move|p1a: Garchomp|Earthquake|p2a: Urshifu
|-damage|p2a: Urshifu|0 fnt
|faint|p2a: Urshifu
|
|-weather|Sandstorm|[upkeep]
|upkeep
|inactive|abbehzt has 120 seconds left.
|
|t:|1667600892
|switch|p2a: Tapu Lele|Tapu Lele|100/100
|-damage|p2a: Tapu Lele|88/100|[from] Stealth Rock
|-damage|p2a: Tapu Lele|76/100|[from] Spikes
|-fieldstart|move: Psychic Terrain|[from] ability: Psychic Surge|[of] p2a: Tapu Lele
|turn|10
|
|t:|1667600898
|switch|p1a: Weavile|Weavile, M|100/100
|-ability|p1a: Weavile|Pressure
|move|p2a: Tapu Lele|Moonblast|p1a: Weavile
|-supereffective|p1a: Weavile
|-damage|p1a: Weavile|0 fnt
|faint|p1a: Weavile
|
|-weather|Sandstorm|[upkeep]
|-damage|p2a: Tapu Lele|70/100|[from] Sandstorm
|upkeep
|
|t:|1667600900
|switch|p1a: Blacephalon|Blacephalon|100/100
|turn|11
|inactive|abbehzt has 120 seconds left.
|inactive|abbehzt has 90 seconds left.
|
|t:|1667600960
|move|p1a: Blacephalon|Shadow Ball|p2a: Tapu Lele
|-supereffective|p2a: Tapu Lele
|-damage|p2a: Tapu Lele|0 fnt
|faint|p2a: Tapu Lele
|-ability|p1a: Blacephalon|Beast Boost|boost
|-boost|p1a: Blacephalon|spa|1
|
|-weather|none
|upkeep
|
|t:|1667600963
|switch|p2a: Tyranitar|Tyranitar, F|44/100
|-damage|p2a: Tyranitar|32/100|[from] Stealth Rock
|-damage|p2a: Tyranitar|20/100|[from] Spikes
|-weather|Sandstorm|[from] ability: Sand Stream|[of] p2a: Tyranitar
|turn|12
|
|t:|1667600970
|move|p1a: Blacephalon|Shadow Ball|p2a: Tyranitar
|-resisted|p2a: Tyranitar
|-damage|p2a: Tyranitar|0 fnt
|faint|p2a: Tyranitar
|-ability|p1a: Blacephalon|Beast Boost|boost
|-boost|p1a: Blacephalon|spa|1
|
|-weather|Sandstorm|[upkeep]
|-damage|p1a: Blacephalon|94/100|[from] Sandstorm
|upkeep
|
|t:|1667600975
|switch|p2a: Excadrill|Excadrill, F|100/100
|-damage|p2a: Excadrill|97/100|[from] Stealth Rock
|-damage|p2a: Excadrill|85/100|[from] Spikes
|turn|13
|
|t:|1667600979
|move|p2a: Excadrill|Earthquake|p1a: Blacephalon
|-supereffective|p1a: Blacephalon
|-damage|p1a: Blacephalon|0 fnt
|faint|p1a: Blacephalon
|
|-weather|Sandstorm|[upkeep]
|upkeep
|
|t:|1667600981
|switch|p1a: Garchomp|Garchomp, M|100/100
|turn|14
|c|☆Goinflex|gg
|
|t:|1667600984
|move|p2a: Excadrill|Earthquake|p1a: Garchomp
|-damage|p1a: Garchomp|15/100
|move|p1a: Garchomp|Earthquake|p2a: Excadrill
|-supereffective|p2a: Excadrill
|-damage|p2a: Excadrill|0 fnt
|faint|p2a: Excadrill
|
|win|Goinflex
|c|☆Goinflex|à l'avenir arrêtez de dire de la merde à propos de mes teammates
|c|☆Goinflex|surtout quand vous donnez des games de cette qualité
|l| Ryuji-Sensei
|c|☆Goinflex|rien contre toi abbehat, merci pour le schedule
|l|☆Goinflex
|c| Be Like Bisharp|mdrrr ntm
|l| Be Like Bisharp
|c| arretezparpitie|Frerot
|c| arretezparpitie|Calme toi mdrr
|c| Stillau|oui calme toi
|c| arretezparpitie|T'a taclé le joueur qui a rien dit
|c| arretezparpitie|Il s'agirait de se faire pousser des neuronnes
|c| arretezparpitie|Donc range gentiment ton alt
|l| arretezparpitie
|l| Insector84
|j|☆Goinflex
|player|p1|Goinflex|sycamore
