|j|☆Steelix Fusion
|j|☆Starfire Scarlet
|t:|1657852753
|gametype|singles
|player|p1|Steelix Fusion|marshal|1670
|player|p2|Starfire Scarlet|winona-gen6|1782
|teamsize|p1|6
|teamsize|p2|6
|gen|8
|tier|[Gen 8] OU
|rated|
|rule|Sleep Clause Mod: Limit one foe put to sleep
|rule|Species Clause: Limit one of each Pokémon
|rule|OHKO Clause: OHKO moves are banned
|rule|Evasion Moves Clause: Evasion moves are banned
|rule|Endless Battle Clause: Forcing endless battles is banned
|rule|HP Percentage Mod: HP is shown in percentages
|rule|Dynamax Clause: You cannot dynamax
|clearpoke
|poke|p1|Ninetales-Alola, F|
|poke|p1|Klefki, M|
|poke|p1|Scolipede, M|
|poke|p1|Gyarados, M|
|poke|p1|Garchomp, F|
|poke|p1|Melmetal|
|poke|p2|Heatran, M|
|poke|p2|Rillaboom, M|
|poke|p2|Hippowdon, M|
|poke|p2|Toxapex, M|
|poke|p2|Corviknight, M|
|poke|p2|Dragapult, M|
|teampreview
|inactive|Battle timer is ON: inactive players will automatically lose when time's up. (requested by Steelix Fusion)
|
|t:|1657852776
|start
|switch|p1a: Klefki|Klefki, M, shiny|100/100
|switch|p2a: Dragapult|Dragapult, M|100/100
|turn|1
|
|t:|1657852783
|switch|p2a: Hippowdon|Hippowdon, M|100/100
|-weather|Sandstorm|[from] ability: Sand Stream|[of] p2a: Hippowdon
|move|p1a: Klefki|Reflect|p1a: Klefki
|-sidestart|p1: Steelix Fusion|Reflect
|
|-weather|Sandstorm|[upkeep]
|upkeep
|turn|2
|
|t:|1657852789
|switch|p1a: Ninetales|Ninetales-Alola, F|100/100
|-weather|Hail|[from] ability: Snow Warning|[of] p1a: Ninetales
|move|p2a: Hippowdon|Earthquake|p1a: Ninetales
|-damage|p1a: Ninetales|80/100
|
|-weather|Hail|[upkeep]
|-damage|p2a: Hippowdon|94/100|[from] Hail
|-heal|p2a: Hippowdon|100/100|[from] item: Leftovers
|upkeep
|turn|3
|
|t:|1657852798
|move|p1a: Ninetales|Encore|p2a: Hippowdon
|-start|p2a: Hippowdon|Encore
|move|p2a: Hippowdon|Earthquake|p1a: Ninetales
|-damage|p1a: Ninetales|59/100
|
|-weather|Hail|[upkeep]
|-damage|p2a: Hippowdon|94/100|[from] Hail
|-heal|p2a: Hippowdon|100/100|[from] item: Leftovers
|upkeep
|turn|4
|
|t:|1657852806
|switch|p2a: Heatran|Heatran, M|100/100
|move|p1a: Ninetales|Aurora Veil|p1a: Ninetales
|-sidestart|p1: Steelix Fusion|move: Aurora Veil
|
|-weather|Hail|[upkeep]
|-damage|p2a: Heatran|94/100|[from] Hail
|-heal|p2a: Heatran|100/100|[from] item: Leftovers
|upkeep
|turn|5
|
|t:|1657852814
|move|p1a: Ninetales|Safeguard|p1a: Ninetales
|-sidestart|p1: Steelix Fusion|Safeguard
|move|p2a: Heatran|Taunt|p1a: Ninetales
|-start|p1a: Ninetales|move: Taunt
|
|-weather|Hail|[upkeep]
|-damage|p2a: Heatran|94/100|[from] Hail
|-heal|p2a: Heatran|100/100|[from] item: Leftovers
|upkeep
|turn|6
|
|t:|1657852822
|switch|p1a: Garchomp|Garchomp, F|100/100
|move|p2a: Heatran|Magma Storm|p1a: Garchomp
|-resisted|p1a: Garchomp
|-damage|p1a: Garchomp|87/100
|-activate|p1a: Garchomp|move: Magma Storm|[of] p2a: Heatran
|
|-weather|none
|-damage|p1a: Garchomp|74/100|[from] move: Magma Storm|[partiallytrapped]
|upkeep
|turn|7
|
|t:|1657852831
|switch|p2a: Dragapult|Dragapult, M|100/100
|move|p1a: Garchomp|Swords Dance|p1a: Garchomp
|-boost|p1a: Garchomp|atk|2
|
|-end|p1a: Garchomp|Magma Storm|[partiallytrapped]|[silent]
|upkeep
|turn|8
|j| AlIout dragadarts
|
|t:|1657852839
|switch|p1a: Klefki|Klefki, M, shiny|100/100
|move|p2a: Dragapult|Draco Meteor|p1a: Klefki
|-immune|p1a: Klefki
|
|-sideend|p1: Steelix Fusion|Reflect
|upkeep
|turn|9
|l| AlIout dragadarts
|
|t:|1657852846
|switch|p2a: Heatran|Heatran, M|100/100
|switch|p1a: Garchomp|Garchomp, F|74/100
|
|-sideend|p1: Steelix Fusion|Safeguard
|upkeep
|turn|10
|
|t:|1657852853
|switch|p2a: Rillaboom|Rillaboom, M|100/100
|-fieldstart|move: Grassy Terrain|[from] ability: Grassy Surge|[of] p2a: Rillaboom
|move|p1a: Garchomp|Swords Dance|p1a: Garchomp
|-boost|p1a: Garchomp|atk|2
|
|-heal|p1a: Garchomp|81/100|[from] Grassy Terrain
|upkeep
|turn|11
|
|t:|1657852861
|move|p1a: Garchomp|Fire Fang|p2a: Rillaboom
|-supereffective|p2a: Rillaboom
|-damage|p2a: Rillaboom|0 fnt
|faint|p2a: Rillaboom
|-damage|p1a: Garchomp|71/100|[from] item: Life Orb
|
|-heal|p1a: Garchomp|77/100|[from] Grassy Terrain
|-sideend|p1: Steelix Fusion|move: Aurora Veil
|upkeep
|
|t:|1657852865
|switch|p2a: Dragapult|Dragapult, M|100/100
|turn|12
|
|t:|1657852870
|move|p2a: Dragapult|Shadow Ball|p1a: Garchomp
|-damage|p1a: Garchomp|25/100
|move|p1a: Garchomp|Scale Shot|p2a: Dragapult
|-supereffective|p2a: Dragapult
|-crit|p2a: Dragapult
|-damage|p2a: Dragapult|0 fnt
|faint|p2a: Dragapult
|-hitcount|p2: Dragapult|1
|-unboost|p1a: Garchomp|def|1
|-boost|p1a: Garchomp|spe|1
|-damage|p1a: Garchomp|15/100|[from] item: Life Orb
|
|-heal|p1a: Garchomp|21/100|[from] Grassy Terrain
|upkeep
|
|t:|1657852880
|switch|p2a: Corviknight|Corviknight, M|100/100
|-ability|p2a: Corviknight|Pressure
|turn|13
|
|t:|1657852885
|move|p1a: Garchomp|Fire Fang|p2a: Corviknight
|-supereffective|p2a: Corviknight
|-damage|p2a: Corviknight|23/100
|-damage|p1a: Garchomp|4/100|[from] item: Rocky Helmet|[of] p2a: Corviknight
|-damage|p1a: Garchomp|0 fnt|[from] item: Life Orb
|faint|p1a: Garchomp
|move|p2a: Corviknight|Roost|p2a: Corviknight
|-heal|p2a: Corviknight|73/100
|-singleturn|p2a: Corviknight|move: Roost
|
|-heal|p2a: Corviknight|79/100|[from] Grassy Terrain
|upkeep
|
|t:|1657852901
|switch|p1a: Gyarados|Gyarados, M, shiny|100/100
|turn|14
|
|t:|1657852905
|move|p1a: Gyarados|Dragon Dance|p1a: Gyarados
|-boost|p1a: Gyarados|atk|1
|-boost|p1a: Gyarados|spe|1
|move|p2a: Corviknight|U-turn|p1a: Gyarados
|-resisted|p1a: Gyarados
|-damage|p1a: Gyarados|91/100
|
|t:|1657852906
|switch|p2a: Toxapex|Toxapex, M|100/100|[from]move: U-turn
|
|-heal|p1a: Gyarados|97/100|[from] item: Leftovers
|-fieldend|move: Grassy Terrain
|upkeep
|turn|15
|
|t:|1657852914
|move|p1a: Gyarados|Bounce||[still]
|-prepare|p1a: Gyarados|Bounce
|move|p2a: Toxapex|Haze|p2a: Toxapex
|-clearallboost
|
|-heal|p1a: Gyarados|100/100|[from] item: Leftovers
|upkeep
|turn|16
|
|t:|1657852919
|move|p1a: Gyarados|Bounce|p2a: Toxapex|[from]lockedmove
|-damage|p2a: Toxapex|72/100
|move|p2a: Toxapex|Scald|p1a: Gyarados
|-resisted|p1a: Gyarados
|-crit|p1a: Gyarados
|-damage|p1a: Gyarados|89/100
|
|-heal|p1a: Gyarados|95/100|[from] item: Leftovers
|upkeep
|turn|17
|
|t:|1657852927
|move|p1a: Gyarados|Bounce||[still]
|-prepare|p1a: Gyarados|Bounce
|move|p2a: Toxapex|Scald|p1a: Gyarados|[miss]
|-miss|p2a: Toxapex|p1a: Gyarados
|
|-heal|p1a: Gyarados|100/100|[from] item: Leftovers
|upkeep
|turn|18
|
|t:|1657852933
|move|p1a: Gyarados|Bounce|p2a: Toxapex|[from]lockedmove
|-damage|p2a: Toxapex|45/100
|move|p2a: Toxapex|Recover|p2a: Toxapex
|-heal|p2a: Toxapex|96/100
|
|upkeep
|turn|19
|
|t:|1657852938
|move|p1a: Gyarados|Bounce||[still]
|-prepare|p1a: Gyarados|Bounce
|move|p2a: Toxapex|Scald|p1a: Gyarados|[miss]
|-miss|p2a: Toxapex|p1a: Gyarados
|
|upkeep
|turn|20
|
|t:|1657852942
|move|p1a: Gyarados|Bounce|p2a: Toxapex|[from]lockedmove|[miss]
|-miss|p1a: Gyarados|p2a: Toxapex
|move|p2a: Toxapex|Scald|p1a: Gyarados
|-resisted|p1a: Gyarados
|-damage|p1a: Gyarados|93/100
|-status|p1a: Gyarados|brn
|
|-heal|p1a: Gyarados|99/100 brn|[from] item: Leftovers
|-damage|p1a: Gyarados|93/100 brn|[from] brn
|upkeep
|turn|21
|c|☆Steelix Fusion|lmao
|c|☆Steelix Fusion|2 hits
|c|☆Steelix Fusion|burn
|c|☆Steelix Fusion|2 hits
|c|☆Steelix Fusion|bounce
|c|☆Steelix Fusion|no para
|
|t:|1657852956
|move|p1a: Gyarados|Bounce||[still]
|-prepare|p1a: Gyarados|Bounce
|move|p2a: Toxapex|Toxic Spikes|p1a: Gyarados
|-sidestart|p1: Steelix Fusion|move: Toxic Spikes
|
|-heal|p1a: Gyarados|99/100 brn|[from] item: Leftovers
|-damage|p1a: Gyarados|93/100 brn|[from] brn
|upkeep
|turn|22
|c|☆Starfire Scarlet|dude
|c|☆Starfire Scarlet|listing it out to make it sound like hax
|c|☆Starfire Scarlet|like
|c|☆Steelix Fusion|lkmao
|c|☆Starfire Scarlet|ur not getting lucked
|c|☆Starfire Scarlet|relax
|c|☆Steelix Fusion|sad
|
|t:|1657852977
|move|p1a: Gyarados|Bounce|p2a: Toxapex|[from]lockedmove
|-damage|p2a: Toxapex|82/100
|-status|p2a: Toxapex|par
|move|p2a: Toxapex|Scald|p1a: Gyarados
|-resisted|p1a: Gyarados
|-damage|p1a: Gyarados|85/100 brn
|
|-heal|p1a: Gyarados|91/100 brn|[from] item: Leftovers
|-damage|p1a: Gyarados|85/100 brn|[from] brn
|upkeep
|turn|23
|c|☆Steelix Fusion|what luck
|c|☆Steelix Fusion|have i had
|
|t:|1657852986
|switch|p2a: Corviknight|Corviknight, M|79/100
|-ability|p2a: Corviknight|Pressure
|move|p1a: Gyarados|Dragon Dance|p1a: Gyarados
|-boost|p1a: Gyarados|atk|1
|-boost|p1a: Gyarados|spe|1
|
|-heal|p1a: Gyarados|91/100 brn|[from] item: Leftovers
|-damage|p1a: Gyarados|85/100 brn|[from] brn
|upkeep
|turn|24
|
|t:|1657852995
|move|p1a: Gyarados|Dragon Dance|p1a: Gyarados
|-boost|p1a: Gyarados|atk|1
|-boost|p1a: Gyarados|spe|1
|move|p2a: Corviknight|Roost|p2a: Corviknight
|-heal|p2a: Corviknight|100/100
|-singleturn|p2a: Corviknight|move: Roost
|
|-heal|p1a: Gyarados|91/100 brn|[from] item: Leftovers
|-damage|p1a: Gyarados|85/100 brn|[from] brn
|upkeep
|turn|25
|
|t:|1657853004
|move|p1a: Gyarados|Dragon Dance|p1a: Gyarados
|-boost|p1a: Gyarados|atk|1
|-boost|p1a: Gyarados|spe|1
|move|p2a: Corviknight|U-turn|p1a: Gyarados
|-resisted|p1a: Gyarados
|-damage|p1a: Gyarados|77/100 brn
|
|t:|1657853005
|switch|p2a: Toxapex|Toxapex, M|100/100 par|[from]move: U-turn
|
|-heal|p1a: Gyarados|83/100 brn|[from] item: Leftovers
|-damage|p1a: Gyarados|77/100 brn|[from] brn
|upkeep
|turn|26
|
|t:|1657853013
|move|p1a: Gyarados|Waterfall|p2a: Toxapex
|-resisted|p2a: Toxapex
|-damage|p2a: Toxapex|83/100 par
|move|p2a: Toxapex|Haze|p2a: Toxapex
|-clearallboost
|
|-heal|p1a: Gyarados|83/100 brn|[from] item: Leftovers
|-damage|p1a: Gyarados|77/100 brn|[from] brn
|upkeep
|turn|27
|c|☆Steelix Fusion|LMAO
|
|t:|1657853021
|move|p1a: Gyarados|Dragon Dance|p1a: Gyarados
|-boost|p1a: Gyarados|atk|1
|-boost|p1a: Gyarados|spe|1
|move|p2a: Toxapex|Scald|p1a: Gyarados
|-resisted|p1a: Gyarados
|-damage|p1a: Gyarados|69/100 brn
|
|-heal|p1a: Gyarados|75/100 brn|[from] item: Leftovers
|-damage|p1a: Gyarados|69/100 brn|[from] brn
|upkeep
|turn|28
|
|t:|1657853030
|move|p1a: Gyarados|Waterfall|p2a: Toxapex
|-resisted|p2a: Toxapex
|-damage|p2a: Toxapex|74/100 par
|move|p2a: Toxapex|Haze|p2a: Toxapex
|-clearallboost
|
|-heal|p1a: Gyarados|75/100 brn|[from] item: Leftovers
|-damage|p1a: Gyarados|69/100 brn|[from] brn
|upkeep
|turn|29
|c|☆Steelix Fusion|LKMFAO
|
|t:|1657853038
|move|p1a: Gyarados|Dragon Dance|p1a: Gyarados
|-boost|p1a: Gyarados|atk|1
|-boost|p1a: Gyarados|spe|1
|move|p2a: Toxapex|Scald|p1a: Gyarados
|-resisted|p1a: Gyarados
|-damage|p1a: Gyarados|61/100 brn
|
|-heal|p1a: Gyarados|67/100 brn|[from] item: Leftovers
|-damage|p1a: Gyarados|61/100 brn|[from] brn
|upkeep
|turn|30
|
|t:|1657853046
|move|p1a: Gyarados|Waterfall|p2a: Toxapex
|-resisted|p2a: Toxapex
|-damage|p2a: Toxapex|64/100 par
|move|p2a: Toxapex|Haze|p2a: Toxapex
|-clearallboost
|
|-heal|p1a: Gyarados|67/100 brn|[from] item: Leftovers
|-damage|p1a: Gyarados|61/100 brn|[from] brn
|upkeep
|turn|31
|c|☆Steelix Fusion|wow
|
|t:|1657853055
|move|p1a: Gyarados|Dragon Dance|p1a: Gyarados
|-boost|p1a: Gyarados|atk|1
|-boost|p1a: Gyarados|spe|1
|move|p2a: Toxapex|Recover|p2a: Toxapex
|-heal|p2a: Toxapex|100/100 par
|
|-heal|p1a: Gyarados|67/100 brn|[from] item: Leftovers
|-damage|p1a: Gyarados|61/100 brn|[from] brn
|upkeep
|turn|32
|c|☆Starfire Scarlet|yeah man if u flinched those u won
|c|☆Starfire Scarlet|my bad
|
|t:|1657853064
|move|p1a: Gyarados|Waterfall|p2a: Toxapex
|-resisted|p2a: Toxapex
|-damage|p2a: Toxapex|91/100 par
|move|p2a: Toxapex|Scald|p1a: Gyarados
|-resisted|p1a: Gyarados
|-damage|p1a: Gyarados|52/100 brn
|
|-heal|p1a: Gyarados|59/100 brn|[from] item: Leftovers
|-damage|p1a: Gyarados|52/100 brn|[from] brn
|upkeep
|turn|33
|c|☆Steelix Fusion|insane
|c|☆Steelix Fusion|no para
|c|☆Steelix Fusion|no flinch
|
|t:|1657853073
|move|p1a: Gyarados|Dragon Dance|p1a: Gyarados
|-boost|p1a: Gyarados|atk|1
|-boost|p1a: Gyarados|spe|1
|move|p2a: Toxapex|Haze|p2a: Toxapex
|-clearallboost
|
|-heal|p1a: Gyarados|59/100 brn|[from] item: Leftovers
|-damage|p1a: Gyarados|52/100 brn|[from] brn
|upkeep
|turn|34
|c|☆Starfire Scarlet|game changing
|c|☆Steelix Fusion|incredible shit luck
|
|t:|1657853081
|move|p1a: Gyarados|Dragon Dance|p1a: Gyarados
|-boost|p1a: Gyarados|atk|1
|-boost|p1a: Gyarados|spe|1
|cant|p2a: Toxapex|par
|
|-heal|p1a: Gyarados|59/100 brn|[from] item: Leftovers
|-damage|p1a: Gyarados|52/100 brn|[from] brn
|upkeep
|turn|35
|
|t:|1657853088
|move|p1a: Gyarados|Waterfall|p2a: Toxapex
|-resisted|p2a: Toxapex
|-damage|p2a: Toxapex|82/100 par
|cant|p2a: Toxapex|par
|
|-heal|p1a: Gyarados|59/100 brn|[from] item: Leftovers
|-damage|p1a: Gyarados|52/100 brn|[from] brn
|upkeep
|turn|36
|
|t:|1657853096
|move|p1a: Gyarados|Waterfall|p2a: Toxapex
|-resisted|p2a: Toxapex
|-damage|p2a: Toxapex|72/100 par
|cant|p2a: Toxapex|par
|
|-heal|p1a: Gyarados|59/100 brn|[from] item: Leftovers
|-damage|p1a: Gyarados|52/100 brn|[from] brn
|upkeep
|turn|37
|c|☆Steelix Fusion|yeah
|
|t:|1657853103
|move|p1a: Gyarados|Waterfall|p2a: Toxapex
|-resisted|p2a: Toxapex
|-damage|p2a: Toxapex|63/100 par
|move|p2a: Toxapex|Haze|p2a: Toxapex
|-clearallboost
|
|-heal|p1a: Gyarados|59/100 brn|[from] item: Leftovers
|-damage|p1a: Gyarados|52/100 brn|[from] brn
|upkeep
|turn|38
|c|☆Steelix Fusion|haha
|c|☆Starfire Scarlet|crazy
|
|t:|1657853112
|move|p1a: Gyarados|Dragon Dance|p1a: Gyarados
|-boost|p1a: Gyarados|atk|1
|-boost|p1a: Gyarados|spe|1
|move|p2a: Toxapex|Recover|p2a: Toxapex
|-heal|p2a: Toxapex|100/100 par
|
|-heal|p1a: Gyarados|59/100 brn|[from] item: Leftovers
|-damage|p1a: Gyarados|52/100 brn|[from] brn
|upkeep
|turn|39
|
|t:|1657853120
|move|p1a: Gyarados|Waterfall|p2a: Toxapex
|-resisted|p2a: Toxapex
|-damage|p2a: Toxapex|91/100 par
|move|p2a: Toxapex|Scald|p1a: Gyarados
|-resisted|p1a: Gyarados
|-damage|p1a: Gyarados|45/100 brn
|
|-heal|p1a: Gyarados|51/100 brn|[from] item: Leftovers
|-damage|p1a: Gyarados|45/100 brn|[from] brn
|upkeep
|turn|40
|
|t:|1657853131
|move|p1a: Gyarados|Dragon Dance|p1a: Gyarados
|-boost|p1a: Gyarados|atk|1
|-boost|p1a: Gyarados|spe|1
|move|p2a: Toxapex|Scald|p1a: Gyarados
|-resisted|p1a: Gyarados
|-damage|p1a: Gyarados|37/100 brn
|
|-heal|p1a: Gyarados|43/100 brn|[from] item: Leftovers
|-damage|p1a: Gyarados|37/100 brn|[from] brn
|upkeep
|turn|41
|
|t:|1657853139
|move|p1a: Gyarados|Waterfall|p2a: Toxapex
|-resisted|p2a: Toxapex
|-damage|p2a: Toxapex|78/100 par
|move|p2a: Toxapex|Haze|p2a: Toxapex
|-clearallboost
|
|-heal|p1a: Gyarados|43/100 brn|[from] item: Leftovers
|-damage|p1a: Gyarados|37/100 brn|[from] brn
|upkeep
|turn|42
|c|☆Steelix Fusion|;ma
|
|t:|1657853147
|move|p1a: Gyarados|Dragon Dance|p1a: Gyarados
|-boost|p1a: Gyarados|atk|1
|-boost|p1a: Gyarados|spe|1
|cant|p2a: Toxapex|par
|
|-heal|p1a: Gyarados|43/100 brn|[from] item: Leftovers
|-damage|p1a: Gyarados|37/100 brn|[from] brn
|upkeep
|turn|43
|c|☆Steelix Fusion|funny af
|
|t:|1657853158
|move|p1a: Gyarados|Dragon Dance|p1a: Gyarados
|-boost|p1a: Gyarados|atk|1
|-boost|p1a: Gyarados|spe|1
|move|p2a: Toxapex|Haze|p2a: Toxapex
|-clearallboost
|
|-heal|p1a: Gyarados|43/100 brn|[from] item: Leftovers
|-damage|p1a: Gyarados|37/100 brn|[from] brn
|upkeep
|turn|44
|
|t:|1657853166
|move|p1a: Gyarados|Dragon Dance|p1a: Gyarados
|-boost|p1a: Gyarados|atk|1
|-boost|p1a: Gyarados|spe|1
|move|p2a: Toxapex|Scald|p1a: Gyarados
|-resisted|p1a: Gyarados
|-damage|p1a: Gyarados|30/100 brn
|
|-heal|p1a: Gyarados|36/100 brn|[from] item: Leftovers
|-damage|p1a: Gyarados|30/100 brn|[from] brn
|upkeep
|turn|45
|j| CB Bhris Breezy
|
|t:|1657853174
|move|p1a: Gyarados|Waterfall|p2a: Toxapex
|-resisted|p2a: Toxapex
|-damage|p2a: Toxapex|68/100 par
|move|p2a: Toxapex|Haze|p2a: Toxapex
|-clearallboost
|
|-heal|p1a: Gyarados|36/100 brn|[from] item: Leftovers
|-damage|p1a: Gyarados|30/100 brn|[from] brn
|upkeep
|turn|46
|
|t:|1657853182
|move|p1a: Gyarados|Dragon Dance|p1a: Gyarados
|-boost|p1a: Gyarados|atk|1
|-boost|p1a: Gyarados|spe|1
|move|p2a: Toxapex|Recover|p2a: Toxapex
|-heal|p2a: Toxapex|100/100 par
|
|-heal|p1a: Gyarados|36/100 brn|[from] item: Leftovers
|-damage|p1a: Gyarados|30/100 brn|[from] brn
|upkeep
|turn|47
|
|t:|1657853191
|move|p1a: Gyarados|Dragon Dance|p1a: Gyarados
|-boost|p1a: Gyarados|atk|1
|-boost|p1a: Gyarados|spe|1
|move|p2a: Toxapex|Scald|p1a: Gyarados
|-resisted|p1a: Gyarados
|-damage|p1a: Gyarados|22/100 brn
|
|-heal|p1a: Gyarados|28/100 brn|[from] item: Leftovers
|-damage|p1a: Gyarados|22/100 brn|[from] brn
|upkeep
|turn|48
|
|t:|1657853200
|move|p1a: Gyarados|Waterfall|p2a: Toxapex
|-resisted|p2a: Toxapex
|-damage|p2a: Toxapex|87/100 par
|cant|p2a: Toxapex|par
|
|-heal|p1a: Gyarados|28/100 brn|[from] item: Leftovers
|-damage|p1a: Gyarados|22/100 brn|[from] brn
|upkeep
|turn|49
|
|t:|1657853207
|move|p1a: Gyarados|Waterfall|p2a: Toxapex
|-resisted|p2a: Toxapex
|-damage|p2a: Toxapex|74/100 par
|move|p2a: Toxapex|Haze|p2a: Toxapex
|-clearallboost
|
|-heal|p1a: Gyarados|28/100 brn|[from] item: Leftovers
|-damage|p1a: Gyarados|22/100 brn|[from] brn
|upkeep
|turn|50
|
|t:|1657853215
|switch|p2a: Corviknight|Corviknight, M|100/100
|-ability|p2a: Corviknight|Pressure
|move|p1a: Gyarados|Dragon Dance|p1a: Gyarados
|-boost|p1a: Gyarados|atk|1
|-boost|p1a: Gyarados|spe|1
|
|-heal|p1a: Gyarados|28/100 brn|[from] item: Leftovers
|-damage|p1a: Gyarados|22/100 brn|[from] brn
|upkeep
|turn|51
|
|t:|1657853224
|move|p1a: Gyarados|Dragon Dance|p1a: Gyarados
|-boost|p1a: Gyarados|atk|1
|-boost|p1a: Gyarados|spe|1
|move|p2a: Corviknight|Body Press|p1a: Gyarados
|-resisted|p1a: Gyarados
|-damage|p1a: Gyarados|6/100 brn
|
|-heal|p1a: Gyarados|12/100 brn|[from] item: Leftovers
|-damage|p1a: Gyarados|6/100 brn|[from] brn
|upkeep
|turn|52
|
|t:|1657853232
|move|p1a: Gyarados|Bounce||[still]
|-prepare|p1a: Gyarados|Bounce
|move|p2a: Corviknight|Roost||[still]
|-fail|p2a: Corviknight|heal
|
|-heal|p1a: Gyarados|12/100 brn|[from] item: Leftovers
|-damage|p1a: Gyarados|6/100 brn|[from] brn
|upkeep
|turn|53
|c|☆Steelix Fusion|lets para
|j| yyds1111
|j| LT_Alt1
|c|☆Steelix Fusion|this cuck too
|
|t:|1657853242
|move|p1a: Gyarados|Bounce|p2a: Corviknight|[from]lockedmove
|-resisted|p2a: Corviknight
|-damage|p2a: Corviknight|87/100
|-status|p2a: Corviknight|par
|-damage|p1a: Gyarados|0 fnt|[from] item: Rocky Helmet|[of] p2a: Corviknight
|faint|p1a: Gyarados
|move|p2a: Corviknight|Roost|p2a: Corviknight
|-heal|p2a: Corviknight|100/100 par
|-singleturn|p2a: Corviknight|move: Roost
|
|upkeep
|c|☆Steelix Fusion|YEAH
|c|☆Steelix Fusion|lmfao
|c|☆Starfire Scarlet|gj lil bro
|
|t:|1657853264
|switch|p1a: Scolipede|Scolipede, M|100/100
|-sideend|p1: Steelix Fusion|move: Toxic Spikes|[of] p1a: Scolipede
|turn|54
|
|t:|1657853267
|switch|p2a: Hippowdon|Hippowdon, M|100/100
|-weather|Sandstorm|[from] ability: Sand Stream|[of] p2a: Hippowdon
|move|p1a: Scolipede|Swords Dance|p1a: Scolipede
|-boost|p1a: Scolipede|atk|2
|
|-weather|Sandstorm|[upkeep]
|-damage|p1a: Scolipede|94/100|[from] Sandstorm
|-ability|p1a: Scolipede|Speed Boost|boost
|-boost|p1a: Scolipede|spe|1
|upkeep
|turn|55
|
|t:|1657853276
|move|p1a: Scolipede|Swords Dance|p1a: Scolipede
|-boost|p1a: Scolipede|atk|2
|move|p2a: Hippowdon|Earthquake|p1a: Scolipede
|-damage|p1a: Scolipede|48/100
|
|-weather|Sandstorm|[upkeep]
|-damage|p1a: Scolipede|42/100|[from] Sandstorm
|-ability|p1a: Scolipede|Speed Boost|boost
|-boost|p1a: Scolipede|spe|1
|upkeep
|turn|56
|
|t:|1657853284
|switch|p2a: Corviknight|Corviknight, M|100/100 par
|-ability|p2a: Corviknight|Pressure
|move|p1a: Scolipede|Aqua Tail|p2a: Corviknight
|-damage|p2a: Corviknight|37/100 par
|-damage|p1a: Scolipede|26/100|[from] item: Rocky Helmet|[of] p2a: Corviknight
|-damage|p1a: Scolipede|16/100|[from] item: Life Orb
|
|-weather|Sandstorm|[upkeep]
|-damage|p1a: Scolipede|10/100|[from] Sandstorm
|-ability|p1a: Scolipede|Speed Boost|boost
|-boost|p1a: Scolipede|spe|1
|upkeep
|turn|57
|
|t:|1657853296
|move|p1a: Scolipede|Aqua Tail|p2a: Corviknight
|-damage|p2a: Corviknight|0 fnt
|-damage|p1a: Scolipede|0 fnt|[from] item: Rocky Helmet|[of] p2a: Corviknight
|faint|p2a: Corviknight
|faint|p1a: Scolipede
|
|-weather|Sandstorm|[upkeep]
|upkeep
|
|t:|1657853303
|switch|p1a: Klefki|Klefki, M, shiny|100/100
|switch|p2a: Heatran|Heatran, M|100/100
|turn|58
|
|t:|1657853306
|move|p1a: Klefki|Thunder Wave|p2a: Heatran
|-status|p2a: Heatran|par
|cant|p2a: Heatran|par
|
|-weather|none
|upkeep
|turn|59
|
|t:|1657853311
|move|p1a: Klefki|Light Screen|p1a: Klefki
|-sidestart|p1: Steelix Fusion|move: Light Screen
|cant|p2a: Heatran|par
|
|upkeep
|turn|60
|
|t:|1657853315
|move|p1a: Klefki|Reflect|p1a: Klefki
|-sidestart|p1: Steelix Fusion|Reflect
|move|p2a: Heatran|Magma Storm|p1a: Klefki
|-supereffective|p1a: Klefki
|-damage|p1a: Klefki|43/100
|-activate|p1a: Klefki|move: Magma Storm|[of] p2a: Heatran
|
|-damage|p1a: Klefki|30/100|[from] move: Magma Storm|[partiallytrapped]
|upkeep
|turn|61
|
|t:|1657853321
|move|p1a: Klefki|Defog|p2a: Heatran
|-unboost|p2a: Heatran|evasion|1
|move|p2a: Heatran|Earth Power|p1a: Klefki
|-supereffective|p1a: Klefki
|-damage|p1a: Klefki|0 fnt
|faint|p1a: Klefki
|
|upkeep
|
|t:|1657853327
|switch|p1a: Melmetal|Melmetal|100/100
|turn|62
|l| yyds1111
|
|t:|1657853330
|move|p2a: Heatran|Magma Storm|p1a: Melmetal
|-supereffective|p1a: Melmetal
|-damage|p1a: Melmetal|57/100
|-activate|p1a: Melmetal|move: Magma Storm|[of] p2a: Heatran
|move|p1a: Melmetal|Substitute|p1a: Melmetal
|-start|p1a: Melmetal|Substitute
|-end|p1a: Melmetal|Magma Storm|[partiallytrapped]|[silent]
|-damage|p1a: Melmetal|32/100
|
|-heal|p1a: Melmetal|38/100|[from] item: Leftovers
|upkeep
|turn|63
|j| yyds1111
|
|t:|1657853338
|cant|p2a: Heatran|par
|move|p1a: Melmetal|Acid Armor|p1a: Melmetal
|-boost|p1a: Melmetal|def|2
|
|-heal|p1a: Melmetal|45/100|[from] item: Leftovers
|upkeep
|turn|64
|
|t:|1657853344
|move|p2a: Heatran|Earth Power|p1a: Melmetal
|-supereffective|p1a: Melmetal
|-end|p1a: Melmetal|Substitute
|move|p1a: Melmetal|Body Press|p2a: Heatran
|-supereffective|p2a: Heatran
|-damage|p2a: Heatran|0 fnt
|faint|p2a: Heatran
|
|-heal|p1a: Melmetal|51/100|[from] item: Leftovers
|upkeep
|
|t:|1657853346
|switch|p2a: Toxapex|Toxapex, M|100/100 par
|turn|65
|j| BabyPigsAreLaughin
|
|t:|1657853353
|move|p1a: Melmetal|Substitute|p1a: Melmetal
|-start|p1a: Melmetal|Substitute
|-damage|p1a: Melmetal|26/100
|move|p2a: Toxapex|Scald|p1a: Melmetal
|-activate|p1a: Melmetal|move: Substitute|[damage]
|
|-heal|p1a: Melmetal|32/100|[from] item: Leftovers
|upkeep
|turn|66
|c| BabyPigsAreLaughin|Brother!
|
|t:|1657853361
|move|p1a: Melmetal|Double Iron Bash|p2a: Toxapex
|-resisted|p2a: Toxapex
|-damage|p2a: Toxapex|89/100 par
|-resisted|p2a: Toxapex
|-damage|p2a: Toxapex|78/100 par
|-hitcount|p2a: Toxapex|2
|cant|p2a: Toxapex|flinch
|
|-heal|p1a: Melmetal|38/100|[from] item: Leftovers
|-sideend|p1: Steelix Fusion|move: Light Screen
|upkeep
|turn|67
|
|t:|1657853369
|move|p1a: Melmetal|Double Iron Bash|p2a: Toxapex
|-resisted|p2a: Toxapex
|-damage|p2a: Toxapex|66/100 par
|-resisted|p2a: Toxapex
|-damage|p2a: Toxapex|54/100 par
|-hitcount|p2a: Toxapex|2
|cant|p2a: Toxapex|flinch
|
|-heal|p1a: Melmetal|44/100|[from] item: Leftovers
|-sideend|p1: Steelix Fusion|Reflect
|upkeep
|turn|68
|
|t:|1657853378
|move|p1a: Melmetal|Double Iron Bash|p2a: Toxapex
|-resisted|p2a: Toxapex
|-damage|p2a: Toxapex|41/100 par
|-resisted|p2a: Toxapex
|-damage|p2a: Toxapex|29/100 par
|-hitcount|p2a: Toxapex|2
|move|p2a: Toxapex|Recover|p2a: Toxapex
|-heal|p2a: Toxapex|79/100 par
|
|-heal|p1a: Melmetal|50/100|[from] item: Leftovers
|upkeep
|turn|69
|
|t:|1657853389
|move|p1a: Melmetal|Acid Armor|p1a: Melmetal
|-boost|p1a: Melmetal|def|2
|move|p2a: Toxapex|Toxic Spikes|p1a: Melmetal
|-sidestart|p1: Steelix Fusion|move: Toxic Spikes
|
|-heal|p1a: Melmetal|56/100|[from] item: Leftovers
|upkeep
|turn|70
|
|t:|1657853395
|move|p1a: Melmetal|Double Iron Bash|p2a: Toxapex
|-resisted|p2a: Toxapex
|-damage|p2a: Toxapex|68/100 par
|-resisted|p2a: Toxapex
|-damage|p2a: Toxapex|56/100 par
|-hitcount|p2a: Toxapex|2
|move|p2a: Toxapex|Haze|p2a: Toxapex
|-clearallboost
|
|-heal|p1a: Melmetal|62/100|[from] item: Leftovers
|upkeep
|turn|71
|
|t:|1657853404
|move|p1a: Melmetal|Double Iron Bash|p2a: Toxapex
|-resisted|p2a: Toxapex
|-damage|p2a: Toxapex|44/100 par
|-resisted|p2a: Toxapex
|-crit|p2a: Toxapex
|-damage|p2a: Toxapex|24/100 par
|-hitcount|p2a: Toxapex|2
|move|p2a: Toxapex|Recover|p2a: Toxapex
|-heal|p2a: Toxapex|74/100 par
|
|-heal|p1a: Melmetal|68/100|[from] item: Leftovers
|upkeep
|turn|72
|c|☆Steelix Fusion|WTF
|c|☆Steelix Fusion|ODDS IS THIS?
|
|t:|1657853418
|move|p1a: Melmetal|Acid Armor|p1a: Melmetal
|-boost|p1a: Melmetal|def|2
|move|p2a: Toxapex|Scald|p1a: Melmetal
|-activate|p1a: Melmetal|move: Substitute|[damage]
|
|-heal|p1a: Melmetal|74/100|[from] item: Leftovers
|upkeep
|turn|73
|l| yyds1111
|c|☆Starfire Scarlet|very normal
|
|t:|1657853425
|move|p1a: Melmetal|Acid Armor|p1a: Melmetal
|-boost|p1a: Melmetal|def|2
|move|p2a: Toxapex|Haze|p2a: Toxapex
|-clearallboost
|
|-heal|p1a: Melmetal|81/100|[from] item: Leftovers
|upkeep
|turn|74
|c| BabyPigsAreLaughin|Yeah, I know, bro.
|c| CB Bhris Breezy|steelix you gotta send this boi mel into the weight room mans doing no damage
|
|t:|1657853432
|move|p1a: Melmetal|Double Iron Bash|p2a: Toxapex
|-resisted|p2a: Toxapex
|-damage|p2a: Toxapex|61/100 par
|-resisted|p2a: Toxapex
|-damage|p2a: Toxapex|49/100 par
|-hitcount|p2a: Toxapex|2
|cant|p2a: Toxapex|flinch
|
|-heal|p1a: Melmetal|87/100|[from] item: Leftovers
|upkeep
|turn|75
|
|t:|1657853441
|move|p1a: Melmetal|Double Iron Bash|p2a: Toxapex
|-resisted|p2a: Toxapex
|-damage|p2a: Toxapex|37/100 par
|-resisted|p2a: Toxapex
|-damage|p2a: Toxapex|25/100 par
|-hitcount|p2a: Toxapex|2
|move|p2a: Toxapex|Recover|p2a: Toxapex
|-heal|p2a: Toxapex|75/100 par
|
|-heal|p1a: Melmetal|93/100|[from] item: Leftovers
|upkeep
|turn|76
|c|☆Steelix Fusion|LMAO
|
|t:|1657853450
|move|p1a: Melmetal|Acid Armor|p1a: Melmetal
|-boost|p1a: Melmetal|def|2
|cant|p2a: Toxapex|par
|
|-heal|p1a: Melmetal|99/100|[from] item: Leftovers
|upkeep
|turn|77
|c|☆Steelix Fusion|lets milk those scalds
|
|t:|1657853457
|move|p1a: Melmetal|Acid Armor|p1a: Melmetal
|-boost|p1a: Melmetal|def|2
|move|p2a: Toxapex|Scald|p1a: Melmetal
|-end|p1a: Melmetal|Substitute
|
|-heal|p1a: Melmetal|100/100|[from] item: Leftovers
|upkeep
|turn|78
|
|t:|1657853467
|move|p1a: Melmetal|Substitute|p1a: Melmetal
|-start|p1a: Melmetal|Substitute
|-damage|p1a: Melmetal|76/100
|move|p2a: Toxapex|Haze|p2a: Toxapex
|-clearallboost
|
|-heal|p1a: Melmetal|82/100|[from] item: Leftovers
|upkeep
|turn|79
|
|t:|1657853474
|move|p1a: Melmetal|Acid Armor|p1a: Melmetal
|-boost|p1a: Melmetal|def|2
|move|p2a: Toxapex|Haze|p2a: Toxapex
|-clearallboost
|
|-heal|p1a: Melmetal|88/100|[from] item: Leftovers
|upkeep
|turn|80
|
|t:|1657853483
|move|p1a: Melmetal|Substitute|p1a: Melmetal
|-fail|p1a: Melmetal|move: Substitute
|move|p2a: Toxapex|Haze|p2a: Toxapex
|-clearallboost
|
|-heal|p1a: Melmetal|94/100|[from] item: Leftovers
|upkeep
|turn|81
|
|t:|1657853490
|move|p1a: Melmetal|Double Iron Bash|p2a: Toxapex
|-resisted|p2a: Toxapex
|-damage|p2a: Toxapex|62/100 par
|-resisted|p2a: Toxapex
|-damage|p2a: Toxapex|49/100 par
|-hitcount|p2a: Toxapex|2
|move|p2a: Toxapex|Toxic Spikes|p1a: Melmetal
|-sidestart|p1: Steelix Fusion|move: Toxic Spikes
|
|-heal|p1a: Melmetal|99/100|[from] item: Leftovers
|upkeep
|turn|82
|
|t:|1657853499
|move|p1a: Melmetal|Acid Armor|p1a: Melmetal
|-boost|p1a: Melmetal|def|2
|move|p2a: Toxapex|Recover|p2a: Toxapex
|-heal|p2a: Toxapex|99/100 par
|
|-heal|p1a: Melmetal|100/100|[from] item: Leftovers
|upkeep
|turn|83
|
|t:|1657853507
|move|p1a: Melmetal|Acid Armor|p1a: Melmetal
|-boost|p1a: Melmetal|def|2
|cant|p2a: Toxapex|par
|
|upkeep
|turn|84
|
|t:|1657853511
|move|p1a: Melmetal|Body Press|p2a: Toxapex
|-resisted|p2a: Toxapex
|-damage|p2a: Toxapex|77/100 par
|move|p2a: Toxapex|Haze|p2a: Toxapex
|-clearallboost
|
|upkeep
|turn|85
|
|t:|1657853518
|switch|p2a: Hippowdon|Hippowdon, M|100/100
|-weather|Sandstorm|[from] ability: Sand Stream|[of] p2a: Hippowdon
|move|p1a: Melmetal|Acid Armor|p1a: Melmetal
|-boost|p1a: Melmetal|def|2
|
|-weather|Sandstorm|[upkeep]
|upkeep
|turn|86
|
|t:|1657853525
|switch|p2a: Toxapex|Toxapex, M|100/100 par
|move|p1a: Melmetal|Acid Armor|p1a: Melmetal
|-boost|p1a: Melmetal|def|2
|
|-weather|Sandstorm|[upkeep]
|-damage|p2a: Toxapex|95/100 par|[from] Sandstorm
|upkeep
|turn|87
|
|t:|1657853532
|move|p1a: Melmetal|Body Press|p2a: Toxapex
|-resisted|p2a: Toxapex
|-damage|p2a: Toxapex|73/100 par
|move|p2a: Toxapex|Haze|p2a: Toxapex
|-clearallboost
|
|-weather|Sandstorm|[upkeep]
|-damage|p2a: Toxapex|67/100 par|[from] Sandstorm
|upkeep
|turn|88
|
|t:|1657853540
|switch|p2a: Hippowdon|Hippowdon, M|100/100
|move|p1a: Melmetal|Acid Armor|p1a: Melmetal
|-boost|p1a: Melmetal|def|2
|
|-weather|Sandstorm|[upkeep]
|upkeep
|turn|89
|
|t:|1657853545
|switch|p2a: Toxapex|Toxapex, M|100/100 par
|move|p1a: Melmetal|Acid Armor|p1a: Melmetal
|-boost|p1a: Melmetal|def|2
|
|-weather|none
|upkeep
|turn|90
|
|t:|1657853551
|move|p1a: Melmetal|Body Press|p2a: Toxapex
|-resisted|p2a: Toxapex
|-damage|p2a: Toxapex|79/100 par
|move|p2a: Toxapex|Haze|p2a: Toxapex
|-clearallboost
|
|upkeep
|turn|91
|c|☆Steelix Fusion|para
|c|☆Steelix Fusion|only works
|c|☆Steelix Fusion|when im para
|
|t:|1657853561
|switch|p2a: Hippowdon|Hippowdon, M|100/100
|-weather|Sandstorm|[from] ability: Sand Stream|[of] p2a: Hippowdon
|move|p1a: Melmetal|Acid Armor|p1a: Melmetal
|-boost|p1a: Melmetal|def|2
|
|-weather|Sandstorm|[upkeep]
|upkeep
|turn|92
|c|☆Starfire Scarlet|i mean
|c| CB Bhris Breezy|steelix i think you get outstalled bro, pex is thic as shit
|c|☆Starfire Scarlet|because of the para i pp stall
|c|☆Starfire Scarlet|u
|c|☆Starfire Scarlet|easier
|
|t:|1657853574
|switch|p2a: Toxapex|Toxapex, M|100/100 par
|move|p1a: Melmetal|Acid Armor|p1a: Melmetal
|-boost|p1a: Melmetal|def|2
|
|-weather|Sandstorm|[upkeep]
|-damage|p2a: Toxapex|95/100 par|[from] Sandstorm
|upkeep
|turn|93
|c|☆Steelix Fusion|CB
|c|☆Steelix Fusion|i didnt
|c|☆Steelix Fusion|u seen how this loser
|c|☆Steelix Fusion|didnt get flinched
|c|☆Steelix Fusion|or para'd
|c|☆Steelix Fusion|wqith doublr bash
|inactive|Steelix Fusion has 120 seconds left.
|c|☆Steelix Fusion|shit was over
|c|☆Starfire Scarlet|i mean i did
|c|☆Starfire Scarlet|lol
|
|t:|1657853603
|move|p1a: Melmetal|Body Press|p2a: Toxapex
|-resisted|p2a: Toxapex
|-damage|p2a: Toxapex|70/100 par
|move|p2a: Toxapex|Haze|p2a: Toxapex
|-clearallboost
|
|-weather|Sandstorm|[upkeep]
|-damage|p2a: Toxapex|65/100 par|[from] Sandstorm
|upkeep
|turn|94
|c| BabyPigsAreLaughin|Yeah, he got lucky.
|inactive|Steelix Fusion has 120 seconds left.
|c|☆Steelix Fusion|look at this
|c|☆Steelix Fusion|hes free tagging
|
|t:|1657853615
|switch|p2a: Hippowdon|Hippowdon, M|100/100
|move|p1a: Melmetal|Body Press|p2a: Hippowdon
|-damage|p2a: Hippowdon|83/100
|
|-weather|Sandstorm|[upkeep]
|-heal|p2a: Hippowdon|90/100|[from] item: Leftovers
|upkeep
|turn|95
|c| BabyPigsAreLaughin|Hang in there, brother!
|inactive|Steelix Fusion has 90 seconds left.
|
|t:|1657853645
|move|p2a: Hippowdon|Earthquake|p1a: Melmetal
|-supereffective|p1a: Melmetal
|-end|p1a: Melmetal|Substitute
|move|p1a: Melmetal|Acid Armor|p1a: Melmetal
|-boost|p1a: Melmetal|def|2
|
|-weather|none
|-heal|p2a: Hippowdon|96/100|[from] item: Leftovers
|upkeep
|turn|96
|inactive|Steelix Fusion has 90 seconds left.
|
|t:|1657853669
|switch|p2a: Toxapex|Toxapex, M|98/100 par
|move|p1a: Melmetal|Acid Armor|p1a: Melmetal
|-boost|p1a: Melmetal|def|2
|
|upkeep
|turn|97
|inactive|Steelix Fusion has 90 seconds left.
|
|t:|1657853674
|move|p1a: Melmetal|Body Press|p2a: Toxapex
|-resisted|p2a: Toxapex
|-damage|p2a: Toxapex|77/100 par
|move|p2a: Toxapex|Haze|p2a: Toxapex
|-clearallboost
|
|upkeep
|turn|98
|c|☆Steelix Fusion|k
|inactive|Steelix Fusion has 90 seconds left.
|c|☆Steelix Fusion|brb
|c| CB Bhris Breezy|mel with no tpunch has a hard time breaking pex
|c|☆Steelix Fusion|making another game
|inactive|Starfire Scarlet has 120 seconds left.
|c|☆Steelix Fusion|played this faget
|c|☆Steelix Fusion|for an hour
|c|☆Steelix Fusion|just for this
|inactive|Steelix Fusion has 60 seconds left.
|c|☆Starfire Scarlet|whats wrong with u lol
|c|☆Steelix Fusion|what a piece of shit
|c|☆Starfire Scarlet|youve somehow convinced urself u deserved to win this game
|
|t:|1657853730
|switch|p2a: Hippowdon|Hippowdon, M|96/100
|-weather|Sandstorm|[from] ability: Sand Stream|[of] p2a: Hippowdon
|move|p1a: Melmetal|Substitute|p1a: Melmetal
|-start|p1a: Melmetal|Substitute
|-damage|p1a: Melmetal|76/100
|
|-weather|Sandstorm|[upkeep]
|-heal|p2a: Hippowdon|100/100|[from] item: Leftovers
|-heal|p1a: Melmetal|82/100|[from] item: Leftovers
|upkeep
|turn|99
|c|☆Starfire Scarlet|ad are calling me a slur now
|c|☆Starfire Scarlet|ridic
|inactive|Starfire Scarlet has 120 seconds left.
|c|☆Steelix Fusion|its funny
|c|☆Steelix Fusion|how thezse losers talk
|c|☆Steelix Fusion|like they won
|inactive|Steelix Fusion has 30 seconds left.
|c|☆Steelix Fusion|with skill or something
|c|☆Steelix Fusion|u didnt get flinched
|c|☆Starfire Scarlet|ur a 1600s player relax
|inactive|Steelix Fusion has 20 seconds left.
|c|☆Steelix Fusion|simple as that
|inactive|Steelix Fusion has 15 seconds left.
|c|☆Steelix Fusion|i use noob teams
|c|☆Steelix Fusion|all the time
|inactive|Steelix Fusion has 10 seconds left.
|c|☆Starfire Scarlet|u play like one too
|c|☆Steelix Fusion|im 18 player
|c| CB Bhris Breezy|he saw his win con with stall it is what it is
|inactive|Steelix Fusion has 5 seconds left.
|-message|Steelix Fusion lost due to inactivity.
|
|win|Starfire Scarlet
|raw|Steelix Fusion's rating: 1670 &rarr; <strong>1656</strong><br />(-14 for losing)
|raw|Starfire Scarlet's rating: 1782 &rarr; <strong>1796</strong><br />(+14 for winning)
|c|☆Steelix Fusion|virgins use stall
|c|☆Starfire Scarlet|its not stall
|c|☆Starfire Scarlet|ur so dumb lmao
|c|☆Starfire Scarlet|its crazy
|c|☆Steelix Fusion|faget ass dude
||Ladder isn't responding, score probably updated but might not have (Request timeout).
