|j|☆I'm back from Mars
|j|☆Ctannn
|t:|1634377322
|gametype|singles
|player|p1|I'm back from Mars|dawn|1892
|player|p2|Ctannn|266|1935
|teamsize|p1|6
|teamsize|p2|6
|gen|8
|tier|[Gen 8] OU
|rated|
|rule|Sleep Clause Mod: Limit one foe put to sleep
|rule|Species Clause: Limit one of each Pokémon
|rule|OHKO Clause: OHKO moves are banned
|rule|Evasion Moves Clause: Evasion moves are banned
|rule|Endless Battle Clause: Forcing endless battles is banned
|rule|HP Percentage Mod: HP is shown in percentages
|rule|Dynamax Clause: You cannot dynamax
|clearpoke
|poke|p1|Shedinja|
|poke|p1|Skarmory, M|
|poke|p1|Gastrodon, M|
|poke|p1|Toxapex, M|
|poke|p1|Clefable, F|
|poke|p1|Hydreigon, F|
|poke|p2|Tapu Fini|
|poke|p2|Rillaboom, F|
|poke|p2|Tyranitar, F|
|poke|p2|Garchomp, F|
|poke|p2|Volcarona, M|
|poke|p2|Slowking-Galar, M|
|teampreview
|inactive|Battle timer is ON: inactive players will automatically lose when time's up. (requested by Ctannn)
|j| hfeath
|
|t:|1634377334
|start
|switch|p1a: Skarmory|Skarmory, M|100/100
|switch|p2a: Tapu Fini|Tapu Fini|100/100
|-fieldstart|move: Misty Terrain|[from] ability: Misty Surge|[of] p2a: Tapu Fini
|turn|1
|
|t:|1634377338
|switch|p1a: Gastrodon|Gastrodon, M|100/100
|move|p2a: Tapu Fini|Taunt|p1a: Gastrodon
|-start|p1a: Gastrodon|move: Taunt
|
|upkeep
|turn|2
|
|t:|1634377343
|move|p2a: Tapu Fini|Nature's Madness|p1a: Gastrodon
|-damage|p1a: Gastrodon|50/100
|move|p1a: Gastrodon|Earthquake|p2a: Tapu Fini
|-damage|p2a: Tapu Fini|80/100
|
|-heal|p2a: Tapu Fini|86/100|[from] item: Leftovers
|-heal|p1a: Gastrodon|57/100|[from] item: Leftovers
|upkeep
|turn|3
|j| Limited_Toolkit
|
|t:|1634377355
|switch|p2a: Tyranitar|Tyranitar, F|100/100
|-weather|Sandstorm|[from] ability: Sand Stream|[of] p2a: Tyranitar
|switch|p1a: Shedinja|Shedinja|100/100
|
|-weather|Sandstorm|[upkeep]
|-damage|p1a: Shedinja|0 fnt|[from] Sandstorm
|faint|p1a: Shedinja
|upkeep
|
|t:|1634377369
|switch|p1a: Clefable|Clefable, F|100/100
|turn|4
|j| Madao7
|
|t:|1634377375
|switch|p2a: Slowking|Slowking-Galar, M|100/100
|move|p1a: Clefable|Calm Mind|p1a: Clefable
|-boost|p1a: Clefable|spa|1
|-boost|p1a: Clefable|spd|1
|
|-weather|Sandstorm|[upkeep]
|-damage|p1a: Clefable|94/100|[from] Sandstorm
|-damage|p2a: Slowking|94/100|[from] Sandstorm
|-heal|p1a: Clefable|100/100|[from] item: Leftovers
|-heal|p2a: Slowking|100/100|[from] item: Black Sludge
|upkeep
|turn|5
|
|t:|1634377381
|move|p1a: Clefable|Calm Mind|p1a: Clefable
|-boost|p1a: Clefable|spa|1
|-boost|p1a: Clefable|spd|1
|move|p2a: Slowking|Psychic|p1a: Clefable
|-damage|p1a: Clefable|86/100
|
|-weather|Sandstorm|[upkeep]
|-damage|p1a: Clefable|80/100|[from] Sandstorm
|-damage|p2a: Slowking|94/100|[from] Sandstorm
|-heal|p1a: Clefable|86/100|[from] item: Leftovers
|-heal|p2a: Slowking|100/100|[from] item: Black Sludge
|-fieldend|Misty Terrain
|upkeep
|turn|6
|j| Anshuman007
|
|t:|1634377386
|move|p1a: Clefable|Calm Mind|p1a: Clefable
|-boost|p1a: Clefable|spa|1
|-boost|p1a: Clefable|spd|1
|move|p2a: Slowking|Trick|p1a: Clefable
|-activate|p2a: Slowking|move: Trick|[of] p1a: Clefable
|-item|p1a: Clefable|Black Sludge|[from] move: Trick
|-item|p2a: Slowking|Leftovers|[from] move: Trick
|
|-weather|Sandstorm|[upkeep]
|-damage|p1a: Clefable|80/100|[from] Sandstorm
|-damage|p2a: Slowking|94/100|[from] Sandstorm
|-damage|p1a: Clefable|67/100|[from] item: Black Sludge
|-heal|p2a: Slowking|100/100|[from] item: Leftovers
|upkeep
|turn|7
|
|t:|1634377398
|move|p1a: Clefable|Moonblast|p2a: Slowking
|-resisted|p2a: Slowking
|-damage|p2a: Slowking|71/100
|move|p2a: Slowking|Thunder Wave|p1a: Clefable
|-status|p1a: Clefable|par
|
|-weather|none
|-heal|p2a: Slowking|77/100|[from] item: Leftovers
|-damage|p1a: Clefable|55/100 par|[from] item: Black Sludge
|upkeep
|turn|8
|
|t:|1634377405
|switch|p2a: Tyranitar|Tyranitar, F|100/100
|-weather|Sandstorm|[from] ability: Sand Stream|[of] p2a: Tyranitar
|move|p1a: Clefable|Soft-Boiled|p1a: Clefable
|-heal|p1a: Clefable|100/100 par
|
|-weather|Sandstorm|[upkeep]
|-damage|p1a: Clefable|94/100 par|[from] Sandstorm
|-damage|p1a: Clefable|82/100 par|[from] item: Black Sludge
|upkeep
|turn|9
|
|t:|1634377409
|move|p2a: Tyranitar|Rock Blast|p1a: Clefable
|-damage|p1a: Clefable|74/100 par
|-damage|p1a: Clefable|65/100 par
|-hitcount|p1a: Clefable|2
|move|p1a: Clefable|Moonblast|p2a: Tyranitar
|-supereffective|p2a: Tyranitar
|-damage|p2a: Tyranitar|28/100
|
|-weather|Sandstorm|[upkeep]
|-damage|p1a: Clefable|59/100 par|[from] Sandstorm
|-heal|p2a: Tyranitar|34/100|[from] item: Leftovers
|-damage|p1a: Clefable|47/100 par|[from] item: Black Sludge
|upkeep
|turn|10
|j| K302
|
|t:|1634377419
|move|p2a: Tyranitar|Stealth Rock|p1a: Clefable
|-sidestart|p1: I'm back from Mars|move: Stealth Rock
|move|p1a: Clefable|Soft-Boiled|p1a: Clefable
|-heal|p1a: Clefable|97/100 par
|
|-weather|Sandstorm|[upkeep]
|-damage|p1a: Clefable|91/100 par|[from] Sandstorm
|-heal|p2a: Tyranitar|40/100|[from] item: Leftovers
|-damage|p1a: Clefable|78/100 par|[from] item: Black Sludge
|upkeep
|turn|11
|
|t:|1634377422
|move|p2a: Tyranitar|Rock Blast|p1a: Clefable
|-damage|p1a: Clefable|70/100 par
|-damage|p1a: Clefable|61/100 par
|-hitcount|p1a: Clefable|2
|move|p1a: Clefable|Aromatherapy|p1a: Clefable
|-activate|p1a: Clefable|move: Aromatherapy
|-curestatus|p1a: Clefable|par|[msg]
|
|-weather|Sandstorm|[upkeep]
|-damage|p1a: Clefable|55/100|[from] Sandstorm
|-heal|p2a: Tyranitar|47/100|[from] item: Leftovers
|-damage|p1a: Clefable|43/100|[from] item: Black Sludge
|upkeep
|turn|12
|
|t:|1634377429
|switch|p2a: Slowking|Slowking-Galar, M|100/100
|move|p1a: Clefable|Soft-Boiled|p1a: Clefable
|-heal|p1a: Clefable|93/100
|
|-weather|none
|-damage|p1a: Clefable|80/100|[from] item: Black Sludge
|upkeep
|turn|13
|
|t:|1634377432
|move|p1a: Clefable|Calm Mind|p1a: Clefable
|-boost|p1a: Clefable|spa|1
|-boost|p1a: Clefable|spd|1
|move|p2a: Slowking|Thunder Wave|p1a: Clefable
|-status|p1a: Clefable|par
|
|-damage|p1a: Clefable|68/100 par|[from] item: Black Sludge
|upkeep
|turn|14
|
|t:|1634377437
|move|p2a: Slowking|Psychic|p1a: Clefable
|-damage|p1a: Clefable|56/100 par
|-unboost|p1a: Clefable|spd|1
|move|p1a: Clefable|Soft-Boiled|p1a: Clefable
|-heal|p1a: Clefable|100/100 par
|
|-damage|p1a: Clefable|88/100 par|[from] item: Black Sludge
|upkeep
|turn|15
|
|t:|1634377442
|move|p2a: Slowking|Psychic|p1a: Clefable
|-damage|p1a: Clefable|76/100 par
|move|p1a: Clefable|Calm Mind|p1a: Clefable
|-boost|p1a: Clefable|spa|1
|-boost|p1a: Clefable|spd|1
|
|-damage|p1a: Clefable|63/100 par|[from] item: Black Sludge
|upkeep
|turn|16
|
|t:|1634377450
|switch|p2a: Tyranitar|Tyranitar, F|47/100
|-weather|Sandstorm|[from] ability: Sand Stream|[of] p2a: Tyranitar
|cant|p1a: Clefable|par
|
|-weather|Sandstorm|[upkeep]
|-damage|p1a: Clefable|57/100 par|[from] Sandstorm
|-heal|p2a: Tyranitar|53/100|[from] item: Leftovers
|-damage|p1a: Clefable|45/100 par|[from] item: Black Sludge
|upkeep
|turn|17
|
|t:|1634377455
|move|p2a: Tyranitar|Rock Blast|p1a: Clefable
|-damage|p1a: Clefable|36/100 par
|-damage|p1a: Clefable|27/100 par
|-crit|p1a: Clefable
|-damage|p1a: Clefable|15/100 par
|-damage|p1a: Clefable|7/100 par
|-hitcount|p1a: Clefable|4
|cant|p1a: Clefable|par
|
|-weather|Sandstorm|[upkeep]
|-damage|p1a: Clefable|1/100 par|[from] Sandstorm
|-heal|p2a: Tyranitar|59/100|[from] item: Leftovers
|-damage|p1a: Clefable|0 fnt|[from] item: Black Sludge
|faint|p1a: Clefable
|upkeep
|l| K302
|j| dw its easy alija
|c|☆I'm back from Mars|nothing i can do vs fini + tar
|-message|I'm back from Mars forfeited.
|
|win|Ctannn
|raw|I&apos;m back from Mars's rating: 1892 &rarr; <strong>1874</strong><br />(-18 for losing)
|raw|Ctannn's rating: 1935 &rarr; <strong>1953</strong><br />(+18 for winning)
|l|☆I'm back from Mars
