|j|☆golden grafter
|j|☆Spectre Ace
|t:|1664124011
|gametype|singles
|player|p1|golden grafter|1|1594
|player|p2|Spectre Ace|juggler|1649
|teamsize|p1|6
|teamsize|p2|6
|gen|8
|tier|[Gen 8] OU
|rated|
|rule|Sleep Clause Mod: Limit one foe put to sleep
|rule|Species Clause: Limit one of each Pokémon
|rule|OHKO Clause: OHKO moves are banned
|rule|Evasion Items Clause: Evasion items are banned
|rule|Evasion Moves Clause: Evasion moves are banned
|rule|Endless Battle Clause: Forcing endless battles is banned
|rule|HP Percentage Mod: HP is shown in percentages
|rule|Dynamax Clause: You cannot dynamax
|clearpoke
|poke|p1|Ferrothorn, F|
|poke|p1|Rotom-Wash|
|poke|p1|Tyranitar, M|
|poke|p1|Excadrill, M|
|poke|p1|Clefable, M|
|poke|p1|Dragapult, M|
|poke|p2|Garchomp, M|
|poke|p2|Mandibuzz, F|
|poke|p2|Ferrothorn, M|
|poke|p2|Slowking-Galar, F|
|poke|p2|Raichu-Alola, F|
|poke|p2|Tapu Koko|
|teampreview
|inactive|Battle timer is ON: inactive players will automatically lose when time's up. (requested by golden grafter)
|j| Pikablu007
|
|t:|1664124019
|start
|switch|p1a: Clefable|Clefable, M|100/100
|switch|p2a: Samus|Slowking-Galar, F|100/100
|turn|1
|l| Pikablu007
|
|t:|1664124025
|move|p1a: Clefable|Knock Off|p2a: Samus
|-supereffective|p2a: Samus
|-damage|p2a: Samus|69/100
|-enditem|p2a: Samus|Assault Vest|[from] move: Knock Off|[of] p1a: Clefable
|move|p2a: Samus|Sludge Bomb|p1a: Clefable
|-supereffective|p1a: Clefable
|-damage|p1a: Clefable|30/100
|
|upkeep
|turn|2
|
|t:|1664124028
|switch|p1a: Tyranitar|Tyranitar, M|100/100
|-weather|Sandstorm|[from] ability: Sand Stream|[of] p1a: Tyranitar
|move|p2a: Samus|Future Sight|p1a: Tyranitar
|-start|p2a: Samus|move: Future Sight
|
|-weather|Sandstorm|[upkeep]
|-damage|p2a: Samus|63/100|[from] Sandstorm
|upkeep
|turn|3
|
|t:|1664124036
|switch|p2a: Crane|Garchomp, M|100/100
|move|p1a: Tyranitar|Superpower|p2a: Crane
|-damage|p2a: Crane|35/100
|-unboost|p1a: Tyranitar|atk|1
|-unboost|p1a: Tyranitar|def|1
|-damage|p1a: Tyranitar|88/100|[from] ability: Rough Skin|[of] p2a: Crane
|
|-weather|Sandstorm|[upkeep]
|upkeep
|turn|4
|
|t:|1664124041
|switch|p1a: Ferrothorn|Ferrothorn, F|100/100
|move|p2a: Crane|Stealth Rock|p1a: Ferrothorn
|-sidestart|p1: golden grafter|move: Stealth Rock
|
|-weather|Sandstorm|[upkeep]
|-end|p1a: Ferrothorn|move: Future Sight
|-resisted|p1a: Ferrothorn
|-damage|p1a: Ferrothorn|78/100
|-heal|p1a: Ferrothorn|84/100|[from] item: Leftovers
|upkeep
|turn|5
|
|t:|1664124045
|move|p2a: Crane|Swords Dance|p2a: Crane
|-boost|p2a: Crane|atk|2
|move|p1a: Ferrothorn|Spikes|p2a: Crane
|-sidestart|p2: Spectre Ace|Spikes
|
|-weather|Sandstorm|[upkeep]
|-heal|p1a: Ferrothorn|90/100|[from] item: Leftovers
|upkeep
|turn|6
|j| sack2005
|
|t:|1664124050
|move|p2a: Crane|Earthquake|p1a: Ferrothorn
|-damage|p1a: Ferrothorn|32/100
|move|p1a: Ferrothorn|Body Press|p2a: Crane
|-damage|p2a: Crane|3/100
|-damage|p1a: Ferrothorn|20/100|[from] ability: Rough Skin|[of] p2a: Crane
|
|-weather|none
|-heal|p1a: Ferrothorn|26/100|[from] item: Leftovers
|upkeep
|turn|7
|
|t:|1664124056
|move|p2a: Crane|Earthquake|p1a: Ferrothorn
|-damage|p1a: Ferrothorn|0 fnt
|faint|p1a: Ferrothorn
|
|upkeep
|
|t:|1664124058
|switch|p1a: Dragapult|Dragapult, M|100/100
|-damage|p1a: Dragapult|88/100|[from] Stealth Rock
|turn|8
|
|t:|1664124067
|switch|p2a: Croft|Mandibuzz, F|100/100
|move|p1a: Dragapult|U-turn|p2a: Croft
|-damage|p2a: Croft|90/100
|j| Scram94
|j| Jongruenwald
|
|t:|1664124078
|switch|p1a: Clefable|Clefable, M|30/100|[from]move: U-turn
|
|upkeep
|turn|9
|
|t:|1664124080
|move|p2a: Croft|U-turn|p1a: Clefable
|-resisted|p1a: Clefable
|-damage|p1a: Clefable|26/100
|-damage|p2a: Croft|73/100|[from] item: Rocky Helmet|[of] p1a: Clefable
|
|t:|1664124081
|switch|p2a: Samus|Slowking-Galar, F|96/100|[from]move: U-turn
|-damage|p2a: Samus|84/100|[from] Spikes
|move|p1a: Clefable|Soft-Boiled|p1a: Clefable
|-heal|p1a: Clefable|76/100
|
|upkeep
|turn|10
|
|t:|1664124091
|switch|p1a: Tyranitar|Tyranitar, M|88/100
|-damage|p1a: Tyranitar|76/100|[from] Stealth Rock
|-weather|Sandstorm|[from] ability: Sand Stream|[of] p1a: Tyranitar
|switch|p2a: Sundowner|Ferrothorn, M, shiny|100/100
|-damage|p2a: Sundowner|88/100|[from] Spikes
|
|-weather|Sandstorm|[upkeep]
|-heal|p2a: Sundowner|94/100|[from] item: Leftovers
|upkeep
|turn|11
|
|t:|1664124098
|switch|p2a: Samus|Slowking-Galar, F|100/100
|-damage|p2a: Samus|88/100|[from] Spikes
|move|p1a: Tyranitar|Superpower|p2a: Samus
|-resisted|p2a: Samus
|-damage|p2a: Samus|71/100
|-unboost|p1a: Tyranitar|atk|1
|-unboost|p1a: Tyranitar|def|1
|
|-weather|Sandstorm|[upkeep]
|-damage|p2a: Samus|65/100|[from] Sandstorm
|upkeep
|turn|12
|
|t:|1664124103
|switch|p1a: Dragapult|Dragapult, M|88/100
|-damage|p1a: Dragapult|76/100|[from] Stealth Rock
|move|p2a: Samus|Flamethrower|p1a: Dragapult
|-resisted|p1a: Dragapult
|-damage|p1a: Dragapult|57/100
|
|-weather|Sandstorm|[upkeep]
|-damage|p1a: Dragapult|51/100|[from] Sandstorm
|-damage|p2a: Samus|59/100|[from] Sandstorm
|upkeep
|turn|13
|
|t:|1664124107
|move|p1a: Dragapult|Draco Meteor|p2a: Samus
|-damage|p2a: Samus|0 fnt
|-unboost|p1a: Dragapult|spa|2
|faint|p2a: Samus
|
|-weather|Sandstorm|[upkeep]
|-damage|p1a: Dragapult|45/100|[from] Sandstorm
|upkeep
|
|t:|1664124112
|switch|p2a: Croft|Mandibuzz, F|73/100
|turn|14
|
|t:|1664124129
|switch|p1a: Rotom|Rotom-Wash|100/100
|-damage|p1a: Rotom|88/100|[from] Stealth Rock
|move|p2a: Croft|Defog|p1a: Rotom
|-unboost|p1a: Rotom|evasion|1
|-sideend|p1: golden grafter|Stealth Rock|[from] move: Defog|[of] p2a: Croft
|-sideend|p2: Spectre Ace|Spikes|[from] move: Defog|[of] p2a: Croft
|
|-weather|none
|-heal|p1a: Rotom|94/100|[from] item: Leftovers
|upkeep
|turn|15
|
|t:|1664124136
|move|p1a: Rotom|Volt Switch|p2a: Croft
|-supereffective|p2a: Croft
|-damage|p2a: Croft|36/100
|
|t:|1664124140
|switch|p1a: Clefable|Clefable, M|76/100|[from]move: Volt Switch
|move|p2a: Croft|U-turn|p1a: Clefable
|-resisted|p1a: Clefable
|-damage|p1a: Clefable|72/100
|-damage|p2a: Croft|19/100|[from] item: Rocky Helmet|[of] p1a: Clefable
|
|t:|1664124143
|switch|p2a: Booker|Tapu Koko|100/100|[from]move: U-turn
|-fieldstart|move: Electric Terrain|[from] ability: Electric Surge|[of] p2a: Booker
|
|upkeep
|turn|16
|inactive|golden grafter has 120 seconds left.
|
|t:|1664124182
|move|p2a: Booker|U-turn|p1a: Clefable
|-resisted|p1a: Clefable
|-damage|p1a: Clefable|66/100
|-damage|p2a: Booker|84/100|[from] item: Rocky Helmet|[of] p1a: Clefable
|
|t:|1664124190
|switch|p2a: Valentine|Raichu-Alola, F, shiny|100/100|[from]move: U-turn
|move|p1a: Clefable|Soft-Boiled|p1a: Clefable
|-heal|p1a: Clefable|100/100
|
|upkeep
|turn|17
|
|t:|1664124194
|switch|p1a: Excadrill|Excadrill, M|100/100
|move|p2a: Valentine|Nasty Plot|p2a: Valentine
|-boost|p2a: Valentine|spa|2
|
|upkeep
|turn|18
|
|t:|1664124197
|switch|p1a: Dragapult|Dragapult, M|45/100
|move|p2a: Valentine|Surf|p1a: Dragapult
|-resisted|p1a: Dragapult
|-damage|p1a: Dragapult|0 fnt
|faint|p1a: Dragapult
|-damage|p2a: Valentine|91/100|[from] item: Life Orb
|
|upkeep
|
|t:|1664124204
|switch|p1a: Tyranitar|Tyranitar, M|76/100
|-weather|Sandstorm|[from] ability: Sand Stream|[of] p1a: Tyranitar
|turn|19
|
|t:|1664124211
|move|p2a: Valentine|Rising Voltage|p1a: Tyranitar
|-hint|Rising Voltage's BP doubled on grounded target.
|-damage|p1a: Tyranitar|0 fnt
|faint|p1a: Tyranitar
|-damage|p2a: Valentine|81/100|[from] item: Life Orb
|
|-weather|Sandstorm|[upkeep]
|-damage|p2a: Valentine|74/100|[from] Sandstorm
|upkeep
|
|t:|1664124219
|switch|p1a: Excadrill|Excadrill, M|100/100
|turn|20
|
|t:|1664124221
|switch|p1a: Rotom|Rotom-Wash|94/100
|move|p2a: Valentine|Surf|p1a: Rotom
|-resisted|p1a: Rotom
|-damage|p1a: Rotom|54/100
|-damage|p2a: Valentine|64/100|[from] item: Life Orb
|
|-weather|Sandstorm|[upkeep]
|-damage|p2a: Valentine|58/100|[from] Sandstorm
|-damage|p1a: Rotom|48/100|[from] Sandstorm
|-heal|p1a: Rotom|54/100|[from] item: Leftovers
|upkeep
|turn|21
|
|t:|1664124228
|move|p2a: Valentine|Psyshock|p1a: Rotom
|-damage|p1a: Rotom|0 fnt
|faint|p1a: Rotom
|-damage|p2a: Valentine|48/100|[from] item: Life Orb
|
|-weather|Sandstorm|[upkeep]
|-damage|p2a: Valentine|42/100|[from] Sandstorm
|upkeep
|
|t:|1664124232
|switch|p1a: Clefable|Clefable, M|100/100
|turn|22
|
|t:|1664124239
|move|p2a: Valentine|Rising Voltage|p1a: Clefable
|-hint|Rising Voltage's BP doubled on grounded target.
|-damage|p1a: Clefable|0 fnt
|faint|p1a: Clefable
|-damage|p2a: Valentine|32/100|[from] item: Life Orb
|
|-weather|Sandstorm|[upkeep]
|-damage|p2a: Valentine|26/100|[from] Sandstorm
|-fieldend|move: Electric Terrain
|upkeep
|
|t:|1664124241
|switch|p1a: Excadrill|Excadrill, M|100/100
|turn|23
|
|t:|1664124243
|switch|p2a: Booker|Tapu Koko|84/100
|-fieldstart|move: Electric Terrain|[from] ability: Electric Surge|[of] p2a: Booker
|move|p1a: Excadrill|Swords Dance|p1a: Excadrill
|-boost|p1a: Excadrill|atk|2
|
|-weather|none
|upkeep
|turn|24
|
|t:|1664124250
|move|p2a: Booker|Dazzling Gleam|p1a: Excadrill
|-resisted|p1a: Excadrill
|-damage|p1a: Excadrill|79/100
|move|p1a: Excadrill|Rapid Spin|p2a: Booker
|-damage|p2a: Booker|25/100
|-boost|p1a: Excadrill|spe|1
|
|-heal|p1a: Excadrill|85/100|[from] item: Leftovers
|upkeep
|turn|25
|
|t:|1664124259
|move|p1a: Excadrill|Rapid Spin|p2a: Booker
|-damage|p2a: Booker|0 fnt
|-boost|p1a: Excadrill|spe|1
|faint|p2a: Booker
|
|-heal|p1a: Excadrill|91/100|[from] item: Leftovers
|upkeep
|
|t:|1664124261
|switch|p2a: Valentine|Raichu-Alola, F, shiny|26/100
|turn|26
|
|t:|1664124264
|move|p2a: Valentine|Surf|p1a: Excadrill
|-supereffective|p1a: Excadrill
|-damage|p1a: Excadrill|0 fnt
|faint|p1a: Excadrill
|-damage|p2a: Valentine|16/100|[from] item: Life Orb
|
|win|Spectre Ace
|raw|golden grafter's rating: 1594 &rarr; <strong>1577</strong><br />(-17 for losing)
|raw|Spectre Ace's rating: 1649 &rarr; <strong>1666</strong><br />(+17 for winning)
|l|☆golden grafter
|l| sack2005
