|j|☆Djpablix
|j|☆Elite4Donovan
|t:|1664672435
|gametype|singles
|player|p1|Djpablix|hilbert|1774
|player|p2|Elite4Donovan|lucas|1762
|teamsize|p1|6
|teamsize|p2|6
|gen|8
|tier|[Gen 8] OU
|rated|
|rule|Sleep Clause Mod: Limit one foe put to sleep
|rule|Species Clause: Limit one of each Pokémon
|rule|OHKO Clause: OHKO moves are banned
|rule|Evasion Items Clause: Evasion items are banned
|rule|Evasion Moves Clause: Evasion moves are banned
|rule|Endless Battle Clause: Forcing endless battles is banned
|rule|HP Percentage Mod: HP is shown in percentages
|rule|Dynamax Clause: You cannot dynamax
|clearpoke
|poke|p1|Gengar, M|
|poke|p1|Dragapult, M|
|poke|p1|Blaziken, M|
|poke|p1|Landorus-Therian, M|
|poke|p1|Kartana|
|poke|p1|Latias, F|
|poke|p2|Electivire, F|
|poke|p2|Mew|
|poke|p2|Rillaboom, F|
|poke|p2|Dragapult, F|
|poke|p2|Urshifu-*, M|
|poke|p2|Heatran, M|
|teampreview
|inactive|Battle timer is ON: inactive players will automatically lose when time's up. (requested by Djpablix)
|
|t:|1664672444
|start
|switch|p1a: Gengar|Gengar, M|100/100
|switch|p2a: Mew|Mew|100/100
|turn|1
|
|t:|1664672449
|move|p1a: Gengar|Trick|p2a: Mew
|-activate|p1a: Gengar|move: Trick|[of] p2a: Mew
|-item|p2a: Mew|Choice Scarf|[from] move: Trick
|-item|p1a: Gengar|Focus Sash|[from] move: Trick
|move|p2a: Mew|Thunder Wave|p1a: Gengar
|-status|p1a: Gengar|par
|
|upkeep
|turn|2
|
|t:|1664672454
|switch|p2a: Urshifu|Urshifu-Rapid-Strike, M|100/100
|move|p1a: Gengar|Icy Wind|p2a: Urshifu
|-resisted|p2a: Urshifu
|-damage|p2a: Urshifu|86/100
|-unboost|p2a: Urshifu|spe|1
|
|upkeep
|turn|3
|j| vybyibyuhbuyibgu
|
|t:|1664672459
|move|p2a: Urshifu|Surging Strikes|p1a: Gengar
|-crit|p1a: Gengar
|-damage|p1a: Gengar|59/100 par
|-crit|p1a: Gengar
|-damage|p1a: Gengar|22/100 par
|-crit|p1a: Gengar
|-damage|p1a: Gengar|0 fnt
|faint|p1a: Gengar
|-hitcount|p1: Gengar|3
|
|upkeep
|j| Mr. Bag Getter
|
|t:|1664672466
|switch|p1a: Dragapult|Dragapult, M|100/100
|turn|4
|l| Mr. Bag Getter
|
|t:|1664672472
|move|p1a: Dragapult|Dragon Dance|p1a: Dragapult
|-boost|p1a: Dragapult|atk|1
|-boost|p1a: Dragapult|spe|1
|move|p2a: Urshifu|U-turn|p1a: Dragapult
|-resisted|p1a: Dragapult
|-damage|p1a: Dragapult|81/100
|
|t:|1664672476
|switch|p2a: Rillaboom|Rillaboom, F|100/100|[from]move: U-turn
|-fieldstart|move: Grassy Terrain|[from] ability: Grassy Surge|[of] p2a: Rillaboom
|
|-heal|p1a: Dragapult|87/100|[from] Grassy Terrain
|upkeep
|turn|5
|
|t:|1664672479
|move|p1a: Dragapult|Dragon Darts|p2a: Rillaboom
|-damage|p2a: Rillaboom|50/100
|-anim|p1a: Dragapult|Dragon Darts|p2a: Rillaboom
|-damage|p2a: Rillaboom|3/100
|-damage|p1a: Dragapult|77/100|[from] item: Life Orb
|move|p2a: Rillaboom|Knock Off|p1a: Dragapult
|-supereffective|p1a: Dragapult
|-damage|p1a: Dragapult|0 fnt
|-enditem|p1a: Dragapult|Life Orb|[from] move: Knock Off|[of] p2a: Rillaboom
|faint|p1a: Dragapult
|
|-heal|p2a: Rillaboom|9/100|[from] Grassy Terrain
|-heal|p2a: Rillaboom|15/100|[from] item: Leftovers
|upkeep
|
|t:|1664672489
|switch|p1a: Kartana|Kartana|100/100
|turn|6
|
|t:|1664672492
|switch|p2a: Mew|Mew|100/100
|move|p1a: Kartana|Swords Dance|p1a: Kartana
|-boost|p1a: Kartana|atk|2
|
|upkeep
|turn|7
|j| Yashondowski
|
|t:|1664672496
|move|p2a: Mew|Thunder Wave|p1a: Kartana
|-status|p1a: Kartana|par
|move|p1a: Kartana|Leaf Blade|p2a: Mew
|-damage|p2a: Mew|7/100
|
|-heal|p2a: Mew|13/100|[from] Grassy Terrain
|upkeep
|turn|8
|
|t:|1664672503
|move|p2a: Mew|Thunder Wave|p1a: Kartana|[miss]
|-miss|p2a: Mew|p1a: Kartana
|move|p1a: Kartana|Knock Off|p2a: Mew
|-supereffective|p2a: Mew
|-damage|p2a: Mew|0 fnt
|-enditem|p2a: Mew|Choice Scarf|[from] move: Knock Off|[of] p1a: Kartana
|faint|p2a: Mew
|-ability|p1a: Kartana|Beast Boost|boost
|-boost|p1a: Kartana|spe|1
|
|-fieldend|move: Grassy Terrain
|upkeep
|
|t:|1664672512
|switch|p2a: Electivire|Electivire, F|100/100
|turn|9
|
|t:|1664672515
|move|p2a: Electivire|Flamethrower|p1a: Kartana
|-supereffective|p1a: Kartana
|-damage|p1a: Kartana|0 fnt
|faint|p1a: Kartana
|-damage|p2a: Electivire|91/100|[from] item: Life Orb
|
|upkeep
|
|t:|1664672521
|switch|p1a: Landorus|Landorus-Therian, M|100/100
|-ability|p1a: Landorus|Intimidate|boost
|-unboost|p2a: Electivire|atk|1
|turn|10
|
|t:|1664672524
|move|p2a: Electivire|Ice Punch|p1a: Landorus
|-supereffective|p1a: Landorus
|-enditem|p1a: Landorus|Yache Berry|[eat]
|-enditem|p1a: Landorus|Yache Berry|[weaken]
|-damage|p1a: Landorus|44/100
|-damage|p2a: Electivire|81/100|[from] item: Life Orb
|move|p1a: Landorus|Rock Polish|p1a: Landorus
|-boost|p1a: Landorus|spe|2
|
|upkeep
|turn|11
|
|t:|1664672530
|move|p1a: Landorus|Earthquake|p2a: Electivire
|-supereffective|p2a: Electivire
|-damage|p2a: Electivire|0 fnt
|faint|p2a: Electivire
|
|upkeep
|
|t:|1664672544
|switch|p2a: Rillaboom|Rillaboom, F|15/100
|-fieldstart|move: Grassy Terrain|[from] ability: Grassy Surge|[of] p2a: Rillaboom
|turn|12
|
|t:|1664672550
|move|p2a: Rillaboom|Grassy Glide|p1a: Landorus
|-damage|p1a: Landorus|0 fnt
|faint|p1a: Landorus
|
|-heal|p2a: Rillaboom|22/100|[from] Grassy Terrain
|-heal|p2a: Rillaboom|28/100|[from] item: Leftovers
|upkeep
|
|t:|1664672556
|switch|p1a: Blaziken|Blaziken, M|100/100
|turn|13
|
|t:|1664672560
|move|p1a: Blaziken|Swords Dance|p1a: Blaziken
|-boost|p1a: Blaziken|atk|2
|move|p2a: Rillaboom|Swords Dance|p2a: Rillaboom
|-boost|p2a: Rillaboom|atk|2
|
|-heal|p2a: Rillaboom|34/100|[from] Grassy Terrain
|-heal|p2a: Rillaboom|40/100|[from] item: Leftovers
|-ability|p1a: Blaziken|Speed Boost|boost
|-boost|p1a: Blaziken|spe|1
|upkeep
|turn|14
|
|t:|1664672565
|move|p1a: Blaziken|Protect|p1a: Blaziken
|-singleturn|p1a: Blaziken|Protect
|move|p2a: Rillaboom|Grassy Glide|p1a: Blaziken
|-activate|p1a: Blaziken|move: Protect
|
|-heal|p2a: Rillaboom|47/100|[from] Grassy Terrain
|-heal|p2a: Rillaboom|53/100|[from] item: Leftovers
|-ability|p1a: Blaziken|Speed Boost|boost
|-boost|p1a: Blaziken|spe|1
|upkeep
|turn|15
|
|t:|1664672570
|move|p2a: Rillaboom|Grassy Glide|p1a: Blaziken
|-resisted|p1a: Blaziken
|-damage|p1a: Blaziken|28/100
|move|p1a: Blaziken|Knock Off|p2a: Rillaboom
|-damage|p2a: Rillaboom|0 fnt
|-enditem|p2a: Rillaboom|Leftovers|[from] move: Knock Off|[of] p1a: Blaziken
|faint|p2a: Rillaboom
|
|-heal|p1a: Blaziken|34/100|[from] Grassy Terrain
|-heal|p1a: Blaziken|40/100|[from] item: Leftovers
|-ability|p1a: Blaziken|Speed Boost|boost
|-boost|p1a: Blaziken|spe|1
|upkeep
|
|t:|1664672577
|switch|p2a: Urshifu|Urshifu-Rapid-Strike, M|86/100
|turn|16
|
|t:|1664672580
|move|p2a: Urshifu|Aqua Jet|p1a: Blaziken
|-supereffective|p1a: Blaziken
|-damage|p1a: Blaziken|0 fnt
|faint|p1a: Blaziken
|
|-heal|p2a: Urshifu|93/100|[from] Grassy Terrain
|-fieldend|move: Grassy Terrain
|upkeep
|
|t:|1664672582
|switch|p1a: Latias|Latias, F|100/100
|turn|17
|
|t:|1664672585
|switch|p2a: Dragapult|Dragapult, F|100/100
|move|p1a: Latias|Agility|p1a: Latias
|-boost|p1a: Latias|spe|2
|
|upkeep
|turn|18
|
|t:|1664672588
|move|p1a: Latias|Calm Mind|p1a: Latias
|-boost|p1a: Latias|spa|1
|-boost|p1a: Latias|spd|1
|move|p2a: Dragapult|Draco Meteor|p1a: Latias
|-supereffective|p1a: Latias
|-damage|p1a: Latias|2/100
|-unboost|p2a: Dragapult|spa|2
|-enditem|p1a: Latias|Weakness Policy
|-boost|p1a: Latias|atk|2|[from] item: Weakness Policy
|-boost|p1a: Latias|spa|2|[from] item: Weakness Policy
|
|upkeep
|turn|19
|
|t:|1664672590
|move|p1a: Latias|Stored Power|p2a: Dragapult
|-crit|p2a: Dragapult
|-damage|p2a: Dragapult|0 fnt
|faint|p2a: Dragapult
|
|upkeep
|
|t:|1664672592
|switch|p2a: Urshifu|Urshifu-Rapid-Strike, M|93/100
|turn|20
|j| AuronVenezuela
|
|t:|1664672594
|move|p2a: Urshifu|Aqua Jet|p1a: Latias
|-resisted|p1a: Latias
|-damage|p1a: Latias|0 fnt
|faint|p1a: Latias
|
|win|Elite4Donovan
|raw|Djpablix's rating: 1774 &rarr; <strong>1753</strong><br />(-21 for losing)
|raw|Elite4Donovan's rating: 1762 &rarr; <strong>1783</strong><br />(+21 for winning)
|l|☆Djpablix
|c|☆Elite4Donovan|gg
|l| AuronVenezuela
||Ladder isn't responding, score probably updated but might not have (Request timeout).
|l| vybyibyuhbuyibgu
