|j|☆zKally
|j|☆minimax_ai
|t:|1667766429
|gametype|singles
|player|p1|zKally|steven|1511
|player|p2|minimax_ai|169|1521
|teamsize|p1|6
|teamsize|p2|6
|gen|8
|tier|[Gen 8] OU
|rated|
|rule|Sleep Clause Mod: Limit one foe put to sleep
|rule|Species Clause: Limit one of each Pokémon
|rule|OHKO Clause: OHKO moves are banned
|rule|Evasion Items Clause: Evasion items are banned
|rule|Evasion Moves Clause: Evasion moves are banned
|rule|Endless Battle Clause: Forcing endless battles is banned
|rule|HP Percentage Mod: HP is shown in percentages
|rule|Dynamax Clause: You cannot dynamax
|clearpoke
|poke|p1|Dragapult, F|
|poke|p1|Ferrothorn, F|
|poke|p1|Clefable, M|
|poke|p1|Tornadus-Therian, M|
|poke|p1|Magnezone|
|poke|p1|Garchomp, F|
|poke|p2|Rotom-Wash|
|poke|p2|Weavile, F|
|poke|p2|Landorus-Therian, M|
|poke|p2|Heatran, M|
|poke|p2|Tangrowth, M|
|poke|p2|Melmetal|
|teampreview
|c|☆minimax_ai|hf
|inactive|Battle timer is ON: inactive players will automatically lose when time's up. (requested by minimax_ai)
|c|☆zKally|hf
|
|t:|1667766445
|start
|switch|p1a: Ferrothorn|Ferrothorn, F|100/100
|switch|p2a: landorustherian|Landorus-Therian, M|100/100
|-ability|p2a: landorustherian|Intimidate|boost
|-unboost|p1a: Ferrothorn|atk|1
|turn|1
|
|t:|1667766450
|move|p2a: landorustherian|Earthquake|p1a: Ferrothorn
|-damage|p1a: Ferrothorn|75/100
|move|p1a: Ferrothorn|Body Press|p2a: landorustherian
|-resisted|p2a: landorustherian
|-damage|p2a: landorustherian|87/100
|
|-heal|p2a: landorustherian|93/100|[from] item: Leftovers
|-heal|p1a: Ferrothorn|82/100|[from] item: Leftovers
|upkeep
|turn|2
|
|t:|1667766452
|move|p2a: landorustherian|U-turn|p1a: Ferrothorn
|-damage|p1a: Ferrothorn|69/100
|-damage|p2a: landorustherian|80/100|[from] ability: Iron Barbs|[of] p1a: Ferrothorn
|
|t:|1667766453
|switch|p2a: Tangrowth|Tangrowth, M|100/100|[from]move: U-turn
|move|p1a: Ferrothorn|Leech Seed|p2a: Tangrowth
|-immune|p2a: Tangrowth
|
|-heal|p1a: Ferrothorn|75/100|[from] item: Leftovers
|upkeep
|turn|3
|
|t:|1667766459
|switch|p1a: Dragapult|Dragapult, F|100/100
|move|p2a: Tangrowth|Focus Blast|p1a: Dragapult
|-immune|p1a: Dragapult
|
|upkeep
|turn|4
|
|t:|1667766466
|switch|p2a: Melmetal|Melmetal|100/100
|move|p1a: Dragapult|U-turn|p2a: Melmetal
|-resisted|p2a: Melmetal
|-damage|p2a: Melmetal|90/100
|
|t:|1667766469
|switch|p1a: Garchomp|Garchomp, F|100/100|[from]move: U-turn
|
|upkeep
|turn|5
|
|t:|1667766473
|move|p1a: Garchomp|Toxic|p2a: Melmetal
|-immune|p2a: Melmetal
|move|p2a: Melmetal|Ice Punch|p1a: Garchomp
|-supereffective|p1a: Garchomp
|-damage|p1a: Garchomp|0 fnt
|-damage|p2a: Melmetal|77/100|[from] ability: Rough Skin|[of] p1a: Garchomp
|faint|p1a: Garchomp
|
|upkeep
|
|t:|1667766485
|switch|p1a: Magnezone|Magnezone|100/100
|turn|6
|
|t:|1667766486
|move|p1a: Magnezone|Thunderbolt|p2a: Melmetal
|-damage|p2a: Melmetal|37/100
|move|p2a: Melmetal|Earthquake|p1a: Magnezone
|-supereffective|p1a: Magnezone
|-damage|p1a: Magnezone|0 fnt
|faint|p1a: Magnezone
|
|upkeep
|-message|zKally forfeited.
|
|win|minimax_ai
|raw|zKally's rating: 1511 &rarr; <strong>1492</strong><br />(-19 for losing)
|raw|minimax_ai's rating: 1521 &rarr; <strong>1540</strong><br />(+19 for winning)
|c|☆minimax_ai|gg
|l|☆zKally
