|j|☆friedfreak
|j|☆hitmanthe
|player|p1|friedfreak|2|1829
|player|p2|hitmanthe|76|1837
|teamsize|p1|6
|teamsize|p2|6
|gametype|singles
|gen|8
|tier|[Gen 8] OU
|rated|
|html|<div class="broadcast-red"><strong>OU is currently suspecting Melmetal! For information on how to participate check out the <a href="https://www.smogon.com/forums/threads/3662190/">suspect thread</a>.</strong></div>
|clearpoke
|poke|p1|Conkeldurr, M|
|poke|p1|Toxtricity, M|
|poke|p1|Melmetal|
|poke|p1|Clefable, F|
|poke|p1|Dragapult, M|
|poke|p1|Seismitoad, M|
|poke|p2|Hippowdon, M|
|poke|p2|Excadrill, M|
|poke|p2|Clefable, F|
|poke|p2|Dragapult, F|
|poke|p2|Kyurem|
|poke|p2|Conkeldurr, M|
|rule|Sleep Clause Mod: Limit one foe put to sleep
|rule|Species Clause: Limit one of each Pokémon
|rule|OHKO Clause: OHKO moves are banned
|rule|Evasion Moves Clause: Evasion moves are banned
|rule|Endless Battle Clause: Forcing endless battles is banned
|rule|HP Percentage Mod: HP is shown in percentages
|rule|Dynamax Clause: You cannot dynamax
|teampreview
|j| DrexNau21
|j| Spicy mann
|
|start
|switch|p1a: Dragapult|Dragapult, M|100/100
|switch|p2a: Clefable|Clefable, F|100/100
|turn|1
|c| DrexNau21|hi
|inactive|Battle timer is ON: inactive players will automatically lose when time's up. (requested by friedfreak)
|
|move|p1a: Dragapult|U-turn|p2a: Clefable
|-resisted|p2a: Clefable
|-damage|p2a: Clefable|90/100
|
|switch|p1a: Toxtricity|Toxtricity, M|100/100|[from]move: U-turn
|move|p2a: Clefable|Flamethrower|p1a: Toxtricity
|-damage|p1a: Toxtricity|42/100
|
|-heal|p1a: Toxtricity|49/100|[from] item: Black Sludge
|upkeep
|turn|2
|
|switch|p2a: Dragapult|Dragapult, F|100/100
|move|p1a: Toxtricity|Boomburst|p2a: Dragapult
|-immune|p2a: Dragapult
|
|-heal|p1a: Toxtricity|55/100|[from] item: Black Sludge
|upkeep
|turn|3
|
|move|p2a: Dragapult|Steel Wing|p1a: Toxtricity|[miss]
|-miss|p2a: Dragapult|p1a: Toxtricity
|move|p1a: Toxtricity|Boomburst|p2a: Dragapult
|-immune|p2a: Dragapult
|
|-heal|p1a: Toxtricity|61/100|[from] item: Black Sludge
|upkeep
|turn|4
|c| DrexNau21|what are you doing bro?
|
|switch|p1a: Seismitoad|Seismitoad, M|100/100
|move|p2a: Dragapult|Fire Blast|p1a: Seismitoad
|-resisted|p1a: Seismitoad
|-damage|p1a: Seismitoad|83/100
|-damage|p2a: Dragapult|91/100|[from] item: Life Orb
|
|-heal|p1a: Seismitoad|89/100|[from] item: Leftovers
|upkeep
|turn|5
|j| Mistyu
|
|move|p2a: Dragapult|Dragon Darts|p1a: Seismitoad
|-damage|p1a: Seismitoad|65/100
|-anim|p2a: Dragapult|Dragon Darts|p1a: Seismitoad
|-damage|p1a: Seismitoad|39/100
|-damage|p2a: Dragapult|81/100|[from] item: Life Orb
|move|p1a: Seismitoad|Knock Off|p2a: Dragapult
|-supereffective|p2a: Dragapult
|-damage|p2a: Dragapult|25/100
|-enditem|p2a: Dragapult|Life Orb|[from] move: Knock Off|[of] p1a: Seismitoad
|
|-heal|p1a: Seismitoad|45/100|[from] item: Leftovers
|upkeep
|turn|6
|
|switch|p1a: Clefable|Clefable, F|100/100
|move|p2a: Dragapult|Dragon Dance|p2a: Dragapult
|-boost|p2a: Dragapult|atk|1
|-boost|p2a: Dragapult|spe|1
|
|upkeep
|turn|7
|
|move|p2a: Dragapult|Steel Wing|p1a: Clefable
|-supereffective|p1a: Clefable
|-damage|p1a: Clefable|42/100
|move|p1a: Clefable|Moonblast|p2a: Dragapult
|-supereffective|p2a: Dragapult
|-damage|p2a: Dragapult|0 fnt
|faint|p2a: Dragapult
|
|-heal|p1a: Clefable|48/100|[from] item: Leftovers
|upkeep
|j| Davidoar15
|j| city shining
|j| PlsNoSalamance
|
|switch|p2a: Kyurem|Kyurem|100/100
|-ability|p2a: Kyurem|Pressure
|turn|8
|
|switch|p1a: Melmetal|Melmetal|100/100
|move|p2a: Kyurem|Ice Beam|p1a: Melmetal
|-resisted|p1a: Melmetal
|-damage|p1a: Melmetal|83/100
|
|upkeep
|turn|9
|c| DrexNau21|Hii!! :D
|
|switch|p2a: Hippowdon|Hippowdon, M|100/100
|-weather|Sandstorm|[from] ability: Sand Stream|[of] p2a: Hippowdon
|move|p1a: Melmetal|Double Iron Bash|p2a: Hippowdon
|-damage|p2a: Hippowdon|83/100
|-damage|p2a: Hippowdon|66/100
|-hitcount|p2a: Hippowdon|2
|
|-weather|Sandstorm|[upkeep]
|upkeep
|turn|10
|
|move|p2a: Hippowdon|Stealth Rock|p1a: Melmetal
|-sidestart|p1: friedfreak|move: Stealth Rock
|move|p1a: Melmetal|Double Iron Bash|p2a: Hippowdon
|-damage|p2a: Hippowdon|45/100
|-damage|p2a: Hippowdon|24/100
|-hitcount|p2a: Hippowdon|2
|
|-weather|Sandstorm|[upkeep]
|upkeep
|turn|11
|
|switch|p2a: Conkeldurr|Conkeldurr, M|100/100
|switch|p1a: Seismitoad|Seismitoad, M|45/100
|-damage|p1a: Seismitoad|39/100|[from] Stealth Rock
|
|-weather|Sandstorm|[upkeep]
|-damage|p2a: Conkeldurr|94/100|[from] Sandstorm
|-heal|p1a: Seismitoad|45/100|[from] item: Leftovers
|-status|p2a: Conkeldurr|brn|[from] item: Flame Orb
|upkeep
|turn|12
|
|switch|p1a: Clefable|Clefable, F|48/100
|move|p2a: Conkeldurr|Facade|p1a: Clefable
|-damage|p1a: Clefable|0 fnt
|faint|p1a: Clefable
|
|-weather|Sandstorm|[upkeep]
|-damage|p2a: Conkeldurr|88/100 brn|[from] Sandstorm
|-damage|p2a: Conkeldurr|82/100 brn|[from] brn
|upkeep
|
|switch|p1a: Toxtricity|Toxtricity, M|61/100
|-damage|p1a: Toxtricity|49/100|[from] Stealth Rock
|turn|13
|
|move|p1a: Toxtricity|Boomburst|p2a: Conkeldurr
|-damage|p2a: Conkeldurr|2/100 brn
|move|p2a: Conkeldurr|Facade|p1a: Toxtricity
|-damage|p1a: Toxtricity|0 fnt
|faint|p1a: Toxtricity
|
|-weather|Sandstorm|[upkeep]
|-damage|p2a: Conkeldurr|0 fnt|[from] Sandstorm
|faint|p2a: Conkeldurr
|upkeep
|
|switch|p1a: Conkeldurr|Conkeldurr, M|100/100
|switch|p2a: Excadrill|Excadrill, M|100/100
|-damage|p1a: Conkeldurr|95/100|[from] Stealth Rock
|turn|14
|
|switch|p2a: Clefable|Clefable, F|90/100
|move|p1a: Conkeldurr|Close Combat|p2a: Clefable
|-resisted|p2a: Clefable
|-damage|p2a: Clefable|38/100
|-unboost|p1a: Conkeldurr|def|1
|-unboost|p1a: Conkeldurr|spd|1
|
|-weather|Sandstorm|[upkeep]
|-damage|p1a: Conkeldurr|89/100|[from] Sandstorm
|-status|p1a: Conkeldurr|brn|[from] item: Flame Orb
|upkeep
|turn|15
|
|switch|p1a: Melmetal|Melmetal|83/100
|-damage|p1a: Melmetal|77/100|[from] Stealth Rock
|move|p2a: Clefable|Flamethrower|p1a: Melmetal
|-supereffective|p1a: Melmetal
|-damage|p1a: Melmetal|41/100
|
|-weather|Sandstorm|[upkeep]
|upkeep
|turn|16
|inactive|hitmanthe has 120 seconds left.
|
|switch|p2a: Kyurem|Kyurem|100/100
|-ability|p2a: Kyurem|Pressure
|move|p1a: Melmetal|Double Iron Bash|p2a: Kyurem
|-supereffective|p2a: Kyurem
|-damage|p2a: Kyurem|34/100
|-supereffective|p2a: Kyurem
|-damage|p2a: Kyurem|0 fnt
|-hitcount|p2a: Kyurem|2
|faint|p2a: Kyurem
|
|-weather|none
|upkeep
|
|switch|p2a: Hippowdon|Hippowdon, M|24/100
|-weather|Sandstorm|[from] ability: Sand Stream|[of] p2a: Hippowdon
|turn|17
|
|switch|p1a: Seismitoad|Seismitoad, M|45/100
|-damage|p1a: Seismitoad|39/100|[from] Stealth Rock
|move|p2a: Hippowdon|Earthquake|p1a: Seismitoad
|-damage|p1a: Seismitoad|14/100
|
|-weather|Sandstorm|[upkeep]
|-heal|p1a: Seismitoad|20/100|[from] item: Leftovers
|upkeep
|turn|18
|l| PlsNoSalamance
|
|move|p1a: Seismitoad|Scald|p2a: Hippowdon
|-supereffective|p2a: Hippowdon
|-damage|p2a: Hippowdon|0 fnt
|faint|p2a: Hippowdon
|
|-weather|Sandstorm|[upkeep]
|-heal|p1a: Seismitoad|26/100|[from] item: Leftovers
|upkeep
|j| Fuegoss
|
|switch|p2a: Clefable|Clefable, F|38/100
|turn|19
|
|move|p2a: Clefable|Moonblast|p1a: Seismitoad
|-damage|p1a: Seismitoad|0 fnt
|faint|p1a: Seismitoad
|
|-weather|Sandstorm|[upkeep]
|upkeep
|
|switch|p1a: Dragapult|Dragapult, M|100/100
|-damage|p1a: Dragapult|88/100|[from] Stealth Rock
|turn|20
|
|switch|p2a: Excadrill|Excadrill, M|100/100
|move|p1a: Dragapult|Shadow Ball|p2a: Excadrill
|-damage|p2a: Excadrill|55/100
|
|-weather|Sandstorm|[upkeep]
|-damage|p1a: Dragapult|82/100|[from] Sandstorm
|upkeep
|turn|21
|
|switch|p1a: Melmetal|Melmetal|41/100
|-damage|p1a: Melmetal|35/100|[from] Stealth Rock
|move|p2a: Excadrill|Earthquake|p1a: Melmetal
|-supereffective|p1a: Melmetal
|-damage|p1a: Melmetal|0 fnt
|-damage|p2a: Excadrill|45/100|[from] item: Life Orb
|faint|p1a: Melmetal
|
|-weather|Sandstorm|[upkeep]
|upkeep
|j| AyariFuentes
|
|switch|p1a: Conkeldurr|Conkeldurr, M|89/100 brn
|-damage|p1a: Conkeldurr|83/100 brn|[from] Stealth Rock
|turn|22
|
|move|p1a: Conkeldurr|Mach Punch|p2a: Excadrill
|-supereffective|p2a: Excadrill
|-damage|p2a: Excadrill|0 fnt
|faint|p2a: Excadrill
|
|-weather|Sandstorm|[upkeep]
|-damage|p1a: Conkeldurr|77/100 brn|[from] Sandstorm
|-damage|p1a: Conkeldurr|71/100 brn|[from] brn
|upkeep
|
|switch|p2a: Clefable|Clefable, F|38/100
|turn|23
|
|move|p1a: Conkeldurr|Mach Punch|p2a: Clefable
|-resisted|p2a: Clefable
|-damage|p2a: Clefable|13/100
|move|p2a: Clefable|Moonblast|p1a: Conkeldurr
|-supereffective|p1a: Conkeldurr
|-damage|p1a: Conkeldurr|0 fnt
|faint|p1a: Conkeldurr
|
|-weather|Sandstorm|[upkeep]
|upkeep
|c| DrexNau21|GG
|
|switch|p1a: Dragapult|Dragapult, M|82/100
|-damage|p1a: Dragapult|70/100|[from] Stealth Rock
|turn|24
|
|move|p1a: Dragapult|Shadow Ball|p2a: Clefable
|-damage|p2a: Clefable|0 fnt
|faint|p2a: Clefable
|
|win|friedfreak
|l|☆hitmanthe
|l|☆friedfreak
|c| Fuegoss|why
|c| Fuegoss|softboiled
|c| Fuegoss|and then
|c| Fuegoss|moonblast
|l| Davidoar15
|c| Fuegoss|l
|c| AyariFuentes|you dumb
|l| AyariFuentes
|l| Fuegoss
|raw|friedfreak's rating: 1848 &rarr; <strong>1867</strong><br />(+19 for winning)
|raw|hitmanthe's rating: 1838 &rarr; <strong>1818</strong><br />(-20 for losing)
|c| DrexNau21|dragapult is fastet
|l| DrexNau21
|l| Spicy mann
|l| Mistyu
