|raw|<div class="broadcast-blue"><strong>This battle is required to be public due to a player having a name starting with 'lt93oq'.</div>
|j|☆LT93OQ croo
|j|☆tolstoy
|t:|1660763509
|gametype|singles
|player|p1|LT93OQ croo|lucas|1919
|player|p2|tolstoy|170|1880
|teamsize|p1|6
|teamsize|p2|6
|gen|8
|tier|[Gen 8] OU
|rated|
|rule|Sleep Clause Mod: Limit one foe put to sleep
|rule|Species Clause: Limit one of each Pokémon
|rule|OHKO Clause: OHKO moves are banned
|rule|Evasion Items Clause: Evasion items are banned
|rule|Evasion Moves Clause: Evasion moves are banned
|rule|Endless Battle Clause: Forcing endless battles is banned
|rule|HP Percentage Mod: HP is shown in percentages
|rule|Dynamax Clause: You cannot dynamax
|clearpoke
|poke|p1|Excadrill, M|
|poke|p1|Polteageist|
|poke|p1|Kartana|
|poke|p1|Tapu Fini|
|poke|p1|Volcarona, M|
|poke|p1|Moltres-Galar|
|poke|p2|Diggersby, F|
|poke|p2|Magnezone|
|poke|p2|Slowbro, F|
|poke|p2|Tornadus-Therian, M|
|poke|p2|Heatran, F|
|poke|p2|Tapu Fini|
|teampreview
|inactive|Battle timer is ON: inactive players will automatically lose when time's up. (requested by LT93OQ croo)
|
|t:|1660763540
|start
|switch|p1a: Excadrill|Excadrill, M|100/100
|switch|p2a: Tapu Fini|Tapu Fini|100/100
|-ability|p1a: Excadrill|Mold Breaker
|-fieldstart|move: Misty Terrain|[from] ability: Misty Surge|[of] p2a: Tapu Fini
|turn|1
|j| Disrespectn
|
|t:|1660763552
|move|p1a: Excadrill|Earthquake|p2a: Tapu Fini
|-damage|p2a: Tapu Fini|61/100
|move|p2a: Tapu Fini|Calm Mind|p2a: Tapu Fini
|-boost|p2a: Tapu Fini|spa|1
|-boost|p2a: Tapu Fini|spd|1
|
|-heal|p2a: Tapu Fini|67/100|[from] item: Leftovers
|upkeep
|turn|2
|
|t:|1660763556
|move|p1a: Excadrill|Earthquake|p2a: Tapu Fini
|-damage|p2a: Tapu Fini|28/100
|move|p2a: Tapu Fini|Scald|p1a: Excadrill
|-supereffective|p1a: Excadrill
|-enditem|p1a: Excadrill|Focus Sash
|-damage|p1a: Excadrill|1/100
|
|-heal|p2a: Tapu Fini|34/100|[from] item: Leftovers
|upkeep
|turn|3
|
|t:|1660763562
|move|p1a: Excadrill|Earthquake|p2a: Tapu Fini
|-damage|p2a: Tapu Fini|0 fnt
|faint|p2a: Tapu Fini
|
|upkeep
|j| Stall Sucks Bro✞
|
|t:|1660763564
|switch|p2a: Tornadus|Tornadus-Therian, M|100/100
|turn|4
|j| Tace
|
|t:|1660763569
|move|p2a: Tornadus|Knock Off|p1a: Excadrill
|-damage|p1a: Excadrill|0 fnt
|faint|p1a: Excadrill
|
|upkeep
|l| Stall Sucks Bro✞
|j| lt93oq aa
|j| jbafajbgf
|j| omg no way man!
|
|t:|1660763598
|switch|p1a: Moltres|Moltres-Galar|100/100
|turn|5
|
|t:|1660763602
|move|p2a: Tornadus|U-turn|p1a: Moltres
|-damage|p1a: Moltres|84/100
|j| iitzhatz
|
|t:|1660763604
|switch|p2a: Diggersby|Diggersby, F|100/100|[from]move: U-turn
|move|p1a: Moltres|Nasty Plot|p1a: Moltres
|-boost|p1a: Moltres|spa|2
|
|-fieldend|Misty Terrain
|upkeep
|turn|6
|j| SunPayus
|l| SunPayus
|
|t:|1660763622
|switch|p1a: Polteageist|Polteageist|100/100
|move|p2a: Diggersby|Mega Kick|p1a: Polteageist
|-immune|p1a: Polteageist
|
|upkeep
|turn|7
|j| jefo
|
|t:|1660763628
|switch|p2a: Heatran|Heatran, F|100/100
|move|p1a: Polteageist|Shell Smash|p1a: Polteageist
|-unboost|p1a: Polteageist|def|1
|-unboost|p1a: Polteageist|spd|1
|-boost|p1a: Polteageist|atk|2
|-boost|p1a: Polteageist|spa|2
|-boost|p1a: Polteageist|spe|2
|
|upkeep
|turn|8
|
|t:|1660763631
|move|p1a: Polteageist|Shadow Ball|p2a: Heatran
|-damage|p2a: Heatran|45/100
|move|p2a: Heatran|Magma Storm|p1a: Polteageist
|-damage|p1a: Polteageist|29/100
|-activate|p1a: Polteageist|move: Magma Storm|[of] p2a: Heatran
|
|-heal|p2a: Heatran|51/100|[from] item: Leftovers
|-damage|p1a: Polteageist|17/100|[from] move: Magma Storm|[partiallytrapped]
|upkeep
|turn|9
|
|t:|1660763637
|move|p2a: Heatran|Protect|p2a: Heatran
|-singleturn|p2a: Heatran|Protect
|move|p1a: Polteageist|Shadow Ball|p2a: Heatran
|-activate|p2a: Heatran|move: Protect
|
|-heal|p2a: Heatran|57/100|[from] item: Leftovers
|-damage|p1a: Polteageist|5/100|[from] move: Magma Storm|[partiallytrapped]
|upkeep
|turn|10
|
|t:|1660763643
|move|p1a: Polteageist|Shadow Ball|p2a: Heatran
|-damage|p2a: Heatran|3/100
|move|p2a: Heatran|Stealth Rock|p1a: Polteageist
|-sidestart|p1: LT93OQ croo|move: Stealth Rock
|
|-heal|p2a: Heatran|9/100|[from] item: Leftovers
|-damage|p1a: Polteageist|0 fnt|[from] move: Magma Storm|[partiallytrapped]
|faint|p1a: Polteageist
|upkeep
|
|t:|1660763663
|switch|p1a: Tapu Fini|Tapu Fini|100/100
|-damage|p1a: Tapu Fini|88/100|[from] Stealth Rock
|-fieldstart|move: Misty Terrain|[from] ability: Misty Surge|[of] p1a: Tapu Fini
|turn|11
|j| LT93OQ im garbage
|
|t:|1660763668
|move|p2a: Heatran|Protect|p2a: Heatran
|-singleturn|p2a: Heatran|Protect
|move|p1a: Tapu Fini|Calm Mind|p1a: Tapu Fini
|-boost|p1a: Tapu Fini|spa|1
|-boost|p1a: Tapu Fini|spd|1
|
|-heal|p1a: Tapu Fini|94/100|[from] item: Leftovers
|-heal|p2a: Heatran|15/100|[from] item: Leftovers
|upkeep
|turn|12
|l| LT93OQ im garbage
|
|t:|1660763674
|move|p1a: Tapu Fini|Substitute|p1a: Tapu Fini
|-start|p1a: Tapu Fini|Substitute
|-damage|p1a: Tapu Fini|70/100
|move|p2a: Heatran|Earth Power|p1a: Tapu Fini
|-activate|p1a: Tapu Fini|move: Substitute|[damage]
|
|-heal|p1a: Tapu Fini|76/100|[from] item: Leftovers
|-heal|p2a: Heatran|21/100|[from] item: Leftovers
|upkeep
|turn|13
|
|t:|1660763678
|switch|p2a: Magnezone|Magnezone|100/100
|move|p1a: Tapu Fini|Calm Mind|p1a: Tapu Fini
|-boost|p1a: Tapu Fini|spa|1
|-boost|p1a: Tapu Fini|spd|1
|
|-heal|p1a: Tapu Fini|82/100|[from] item: Leftovers
|upkeep
|turn|14
|
|t:|1660763690
|move|p1a: Tapu Fini|Scald|p2a: Magnezone
|-damage|p2a: Magnezone|33/100
|move|p2a: Magnezone|Thunderbolt|p1a: Tapu Fini
|-supereffective|p1a: Tapu Fini
|-end|p1a: Tapu Fini|Substitute
|
|-heal|p1a: Tapu Fini|88/100|[from] item: Leftovers
|-heal|p2a: Magnezone|39/100|[from] item: Leftovers
|upkeep
|turn|15
|
|t:|1660763696
|move|p1a: Tapu Fini|Scald|p2a: Magnezone
|-damage|p2a: Magnezone|0 fnt
|faint|p2a: Magnezone
|
|-heal|p1a: Tapu Fini|94/100|[from] item: Leftovers
|-fieldend|Misty Terrain
|upkeep
|
|t:|1660763698
|switch|p2a: Diggersby|Diggersby, F|100/100
|turn|16
|
|t:|1660763702
|move|p2a: Diggersby|Mega Kick|p1a: Tapu Fini
|-damage|p1a: Tapu Fini|10/100
|move|p1a: Tapu Fini|Scald|p2a: Diggersby
|-supereffective|p2a: Diggersby
|-damage|p2a: Diggersby|0 fnt
|faint|p2a: Diggersby
|
|-heal|p1a: Tapu Fini|16/100|[from] item: Leftovers
|upkeep
|c|☆tolstoy|wtf
|
|t:|1660763711
|switch|p2a: Tornadus|Tornadus-Therian, M|100/100
|turn|17
|
|t:|1660763714
|move|p2a: Tornadus|Hurricane|p1a: Tapu Fini
|-damage|p1a: Tapu Fini|0 fnt
|faint|p1a: Tapu Fini
|
|upkeep
|
|t:|1660763724
|switch|p1a: Moltres|Moltres-Galar|84/100
|-damage|p1a: Moltres|60/100|[from] Stealth Rock
|turn|18
|
|t:|1660763729
|move|p2a: Tornadus|Knock Off|p1a: Moltres
|-resisted|p1a: Moltres
|-damage|p1a: Moltres|49/100
|-enditem|p1a: Moltres|Chesto Berry|[from] move: Knock Off|[of] p2a: Tornadus
|-ability|p1a: Moltres|Berserk|boost
|-boost|p1a: Moltres|spa|1
|move|p1a: Moltres|Agility|p1a: Moltres
|-boost|p1a: Moltres|spe|2
|
|upkeep
|turn|19
|
|t:|1660763732
|move|p1a: Moltres|Fiery Wrath|p2a: Tornadus
|-damage|p2a: Tornadus|37/100
|move|p2a: Tornadus|Hurricane|p1a: Moltres
|-damage|p1a: Moltres|14/100
|-start|p1a: Moltres|confusion
|
|upkeep
|turn|20
|
|t:|1660763740
|-activate|p1a: Moltres|confusion
|move|p1a: Moltres|Nasty Plot|p1a: Moltres
|-boost|p1a: Moltres|spa|2
|move|p2a: Tornadus|U-turn|p1a: Moltres
|-damage|p1a: Moltres|0 fnt
|faint|p1a: Moltres
|
|t:|1660763745
|switch|p2a: Heatran|Heatran, F|21/100|[from]move: U-turn
|
|-heal|p2a: Heatran|27/100|[from] item: Leftovers
|upkeep
|
|t:|1660763752
|switch|p1a: Kartana|Kartana|100/100
|-damage|p1a: Kartana|94/100|[from] Stealth Rock
|turn|21
|
|t:|1660763757
|move|p2a: Heatran|Protect|p2a: Heatran
|-singleturn|p2a: Heatran|Protect
|move|p1a: Kartana|Sacred Sword|p2a: Heatran
|-activate|p2a: Heatran|move: Protect
|
|-heal|p2a: Heatran|34/100|[from] item: Leftovers
|upkeep
|turn|22
|
|t:|1660763765
|switch|p2a: Slowbro|Slowbro, F|100/100
|move|p1a: Kartana|Sacred Sword|p2a: Slowbro
|-resisted|p2a: Slowbro
|-damage|p2a: Slowbro|88/100
|
|upkeep
|turn|23
|
|t:|1660763770
|move|p1a: Kartana|Leaf Blade|p2a: Slowbro
|-supereffective|p2a: Slowbro
|-damage|p2a: Slowbro|20/100
|move|p2a: Slowbro|Future Sight|p1a: Kartana
|-start|p2a: Slowbro|move: Future Sight
|
|upkeep
|turn|24
|
|t:|1660763774
|move|p1a: Kartana|Leaf Blade|p2a: Slowbro
|-supereffective|p2a: Slowbro
|-damage|p2a: Slowbro|0 fnt
|faint|p2a: Slowbro
|-ability|p1a: Kartana|Beast Boost|boost
|-boost|p1a: Kartana|atk|1
|
|upkeep
|
|t:|1660763775
|switch|p2a: Tornadus|Tornadus-Therian, M|70/100
|turn|25
|
|t:|1660763778
|move|p2a: Tornadus|Hurricane|p1a: Kartana
|-damage|p1a: Kartana|0 fnt
|faint|p1a: Kartana
|
|-hint|Future Sight did not hit because the target is fainted.
|upkeep
|
|t:|1660763781
|switch|p1a: Volcarona|Volcarona, M|100/100
|turn|26
|
|t:|1660763783
|move|p2a: Tornadus|Hurricane|p1a: Volcarona
|-supereffective|p1a: Volcarona
|-damage|p1a: Volcarona|16/100
|move|p1a: Volcarona|Quiver Dance|p1a: Volcarona
|-boost|p1a: Volcarona|spa|1
|-boost|p1a: Volcarona|spd|1
|-boost|p1a: Volcarona|spe|1
|
|upkeep
|turn|27
|
|t:|1660763789
|move|p1a: Volcarona|Flamethrower|p2a: Tornadus
|-damage|p2a: Tornadus|0 fnt
|faint|p2a: Tornadus
|
|upkeep
|
|t:|1660763792
|switch|p2a: Heatran|Heatran, F|34/100
|turn|28
|
|t:|1660763800
|move|p1a: Volcarona|Flamethrower|p2a: Heatran
|-start|p2a: Heatran|ability: Flash Fire
|move|p2a: Heatran|Magma Storm|p1a: Volcarona
|-damage|p1a: Volcarona|0 fnt
|faint|p1a: Volcarona
|
|win|tolstoy
|raw|LT93OQ croo's rating: 1919 &rarr; <strong>1897</strong><br />(-22 for losing)
|raw|tolstoy's rating: 1880 &rarr; <strong>1902</strong><br />(+22 for winning)
|l|☆LT93OQ croo
|l| Tace
|l| Disrespectn
|l|☆tolstoy
||Ladder isn't responding, score probably updated but might not have (Request timeout).
