|j|☆minimax_ai
|j|☆samohi0
|t:|1661322798
|gametype|singles
|player|p1|minimax_ai|lusamine-nihilego|1543
|player|p2|samohi0|266|1612
|teamsize|p1|6
|teamsize|p2|6
|gen|8
|tier|[Gen 8] OU
|rated|
|rule|Sleep Clause Mod: Limit one foe put to sleep
|rule|Species Clause: Limit one of each Pokémon
|rule|OHKO Clause: OHKO moves are banned
|rule|Evasion Items Clause: Evasion items are banned
|rule|Evasion Moves Clause: Evasion moves are banned
|rule|Endless Battle Clause: Forcing endless battles is banned
|rule|HP Percentage Mod: HP is shown in percentages
|rule|Dynamax Clause: You cannot dynamax
|clearpoke
|poke|p1|Rotom-Wash|
|poke|p1|Weavile, F|
|poke|p1|Landorus-Therian, M|
|poke|p1|Heatran, M|
|poke|p1|Tangrowth, F|
|poke|p1|Melmetal|
|poke|p2|Landorus-Therian, M|
|poke|p2|Weavile, F|
|poke|p2|Dragonite, F|
|poke|p2|Heatran, M|
|poke|p2|Tapu Fini|
|poke|p2|Kartana|
|teampreview
|c|☆minimax_ai|hf
|inactive|Battle timer is ON: inactive players will automatically lose when time's up. (requested by minimax_ai)
|
|t:|1661322807
|start
|switch|p1a: Melmetal|Melmetal|100/100
|switch|p2a: Weavile|Weavile, F|100/100
|-ability|p2a: Weavile|Pressure
|turn|1
|
|t:|1661322815
|switch|p2a: Landorus|Landorus-Therian, M|100/100
|-ability|p2a: Landorus|Intimidate|boost
|-unboost|p1a: Melmetal|atk|1
|move|p1a: Melmetal|Double Iron Bash|p2a: Landorus
|-damage|p2a: Landorus|75/100
|-damage|p1a: Melmetal|84/100|[from] item: Rocky Helmet|[of] p2a: Landorus
|-damage|p2a: Landorus|51/100
|-damage|p1a: Melmetal|67/100|[from] item: Rocky Helmet|[of] p2a: Landorus
|-hitcount|p2a: Landorus|2
|
|upkeep
|turn|2
|
|t:|1661322817
|move|p2a: Landorus|Stealth Rock|p1a: Melmetal
|-sidestart|p1: minimax_ai|move: Stealth Rock
|move|p1a: Melmetal|Ice Punch|p2a: Landorus
|-supereffective|p2a: Landorus
|-damage|p2a: Landorus|0 fnt
|-damage|p1a: Melmetal|51/100|[from] item: Rocky Helmet|[of] p2a: Landorus
|faint|p2a: Landorus
|
|upkeep
|
|t:|1661322830
|switch|p2a: Tapu Fini|Tapu Fini|100/100
|-fieldstart|move: Misty Terrain|[from] ability: Misty Surge|[of] p2a: Tapu Fini
|turn|3
|
|t:|1661322832
|move|p2a: Tapu Fini|Calm Mind|p2a: Tapu Fini
|-boost|p2a: Tapu Fini|spa|1
|-boost|p2a: Tapu Fini|spd|1
|move|p1a: Melmetal|Double Iron Bash|p2a: Tapu Fini
|-damage|p2a: Tapu Fini|81/100
|-damage|p2a: Tapu Fini|60/100
|-hitcount|p2a: Tapu Fini|2
|
|-heal|p2a: Tapu Fini|66/100|[from] item: Leftovers
|upkeep
|turn|4
|j| Pisslax
|
|t:|1661322838
|move|p2a: Tapu Fini|Surf|p1a: Melmetal
|-damage|p1a: Melmetal|29/100
|move|p1a: Melmetal|Double Iron Bash|p2a: Tapu Fini
|-damage|p2a: Tapu Fini|46/100
|-crit|p2a: Tapu Fini
|-damage|p2a: Tapu Fini|2/100
|-hitcount|p2a: Tapu Fini|2
|
|-heal|p2a: Tapu Fini|8/100|[from] item: Leftovers
|upkeep
|turn|5
|
|t:|1661322841
|move|p2a: Tapu Fini|Surf|p1a: Melmetal
|-damage|p1a: Melmetal|7/100
|move|p1a: Melmetal|Double Iron Bash|p2a: Tapu Fini
|-damage|p2a: Tapu Fini|0 fnt
|faint|p2a: Tapu Fini
|-hitcount|p2: Tapu Fini|1
|
|upkeep
|
|t:|1661322844
|switch|p2a: Kartana|Kartana|100/100
|turn|6
|l| Pisslax
|
|t:|1661322846
|switch|p1a: Tangrowth|Tangrowth, F|100/100
|-damage|p1a: Tangrowth|88/100|[from] Stealth Rock
|move|p2a: Kartana|Knock Off|p1a: Tangrowth
|-damage|p1a: Tangrowth|65/100
|-damage|p2a: Kartana|84/100|[from] item: Rocky Helmet|[of] p1a: Tangrowth
|-enditem|p1a: Tangrowth|Rocky Helmet|[from] move: Knock Off|[of] p2a: Kartana
|
|upkeep
|turn|7
|
|t:|1661322849
|switch|p2a: Heatran|Heatran, M|100/100
|-item|p2a: Heatran|Air Balloon
|switch|p1a: rotomwash|Rotom-Wash|100/100
|-damage|p1a: rotomwash|88/100|[from] Stealth Rock
|
|-heal|p1a: rotomwash|94/100|[from] item: Leftovers
|-fieldend|Misty Terrain
|upkeep
|turn|8
|
|t:|1661322856
|move|p2a: Heatran|Eruption|p1a: rotomwash
|-resisted|p1a: rotomwash
|-damage|p1a: rotomwash|56/100
|move|p1a: rotomwash|Hydro Pump|p2a: Heatran|[miss]
|-miss|p1a: rotomwash|p2a: Heatran
|
|-heal|p1a: rotomwash|62/100|[from] item: Leftovers
|upkeep
|turn|9
|
|t:|1661322861
|move|p2a: Heatran|Eruption|p1a: rotomwash
|-resisted|p1a: rotomwash
|-damage|p1a: rotomwash|23/100
|move|p1a: rotomwash|Thunderbolt|p2a: Heatran
|-damage|p2a: Heatran|67/100
|-status|p2a: Heatran|par
|-enditem|p2a: Heatran|Air Balloon
|
|-heal|p1a: rotomwash|29/100|[from] item: Leftovers
|upkeep
|turn|10
|
|t:|1661322866
|move|p1a: rotomwash|Pain Split|p2a: Heatran
|-sethp|p2a: Heatran|47/100 par|[from] move: Pain Split|[silent]
|-sethp|p1a: rotomwash|50/100|[from] move: Pain Split
|move|p2a: Heatran|Magma Storm|p1a: rotomwash
|-resisted|p1a: rotomwash
|-damage|p1a: rotomwash|23/100
|-activate|p1a: rotomwash|move: Magma Storm|[of] p2a: Heatran
|
|-heal|p1a: rotomwash|29/100|[from] item: Leftovers
|-damage|p1a: rotomwash|17/100|[from] move: Magma Storm|[partiallytrapped]
|upkeep
|turn|11
|
|t:|1661322871
|move|p1a: rotomwash|Pain Split|p2a: Heatran
|-sethp|p2a: Heatran|31/100 par|[from] move: Pain Split|[silent]
|-sethp|p1a: rotomwash|33/100|[from] move: Pain Split
|cant|p2a: Heatran|par
|
|-heal|p1a: rotomwash|40/100|[from] item: Leftovers
|-damage|p1a: rotomwash|27/100|[from] move: Magma Storm|[partiallytrapped]
|upkeep
|turn|12
|
|t:|1661322873
|move|p1a: rotomwash|Pain Split|p2a: Heatran
|-sethp|p2a: Heatran|28/100 par|[from] move: Pain Split|[silent]
|-sethp|p1a: rotomwash|30/100|[from] move: Pain Split
|move|p2a: Heatran|Taunt|p1a: rotomwash
|-start|p1a: rotomwash|move: Taunt
|
|-heal|p1a: rotomwash|36/100|[from] item: Leftovers
|-damage|p1a: rotomwash|24/100|[from] move: Magma Storm|[partiallytrapped]
|upkeep
|turn|13
|
|t:|1661322875
|move|p1a: rotomwash|Thunderbolt|p2a: Heatran
|-damage|p2a: Heatran|0 fnt
|faint|p2a: Heatran
|
|-heal|p1a: rotomwash|30/100|[from] item: Leftovers
|-end|p1a: rotomwash|Magma Storm|[partiallytrapped]|[silent]
|upkeep
|
|t:|1661322889
|switch|p2a: Weavile|Weavile, F|100/100
|-ability|p2a: Weavile|Pressure
|turn|14
|
|t:|1661322890
|move|p2a: Weavile|Knock Off|p1a: rotomwash
|-damage|p1a: rotomwash|0 fnt
|-enditem|p1a: rotomwash|Leftovers|[from] move: Knock Off|[of] p2a: Weavile
|faint|p1a: rotomwash
|
|upkeep
|
|t:|1661322891
|switch|p1a: Heatran|Heatran, M|100/100
|-damage|p1a: Heatran|88/100|[from] Stealth Rock
|-item|p1a: Heatran|Air Balloon
|turn|15
|
|t:|1661322893
|move|p2a: Weavile|Knock Off|p1a: Heatran
|-damage|p1a: Heatran|20/100
|-enditem|p1a: Heatran|Air Balloon
|move|p1a: Heatran|Magma Storm|p2a: Weavile|[miss]
|-miss|p1a: Heatran|p2a: Weavile
|
|upkeep
|turn|16
|
|t:|1661322896
|move|p2a: Weavile|Knock Off|p1a: Heatran
|-damage|p1a: Heatran|0 fnt
|faint|p1a: Heatran
|
|upkeep
|
|t:|1661322896
|switch|p1a: Weavile|Weavile, F|100/100
|-damage|p1a: Weavile|76/100|[from] Stealth Rock
|-ability|p1a: Weavile|Pressure
|turn|17
|
|t:|1661322898
|move|p1a: Weavile|Low Kick|p2a: Weavile
|-supereffective|p2a: Weavile
|-damage|p2a: Weavile|0 fnt
|faint|p2a: Weavile
|
|upkeep
|
|t:|1661322900
|switch|p2a: Kartana|Kartana|84/100
|turn|18
|
|t:|1661322904
|switch|p1a: landorustherian|Landorus-Therian, M|100/100
|-damage|p1a: landorustherian|88/100|[from] Stealth Rock
|-ability|p1a: landorustherian|Intimidate|boost
|-unboost|p2a: Kartana|atk|1
|move|p2a: Kartana|Smart Strike|p1a: landorustherian
|-damage|p1a: landorustherian|60/100
|
|-heal|p1a: landorustherian|66/100|[from] item: Leftovers
|upkeep
|turn|19
|
|t:|1661322906
|move|p2a: Kartana|Smart Strike|p1a: landorustherian
|-damage|p1a: landorustherian|36/100
|move|p1a: landorustherian|Defog|p2a: Kartana
|-unboost|p2a: Kartana|evasion|1
|-sideend|p1: minimax_ai|Stealth Rock|[from] move: Defog|[of] p1a: landorustherian
|
|-heal|p1a: landorustherian|42/100|[from] item: Leftovers
|upkeep
|turn|20
|
|t:|1661322909
|move|p2a: Kartana|Smart Strike|p1a: landorustherian
|-damage|p1a: landorustherian|10/100
|move|p1a: landorustherian|U-turn|p2a: Kartana
|-damage|p2a: Kartana|59/100
|
|t:|1661322909
|switch|p1a: Tangrowth|Tangrowth, F|98/100|[from]move: U-turn
|
|upkeep
|turn|21
|
|t:|1661322910
|move|p2a: Kartana|Smart Strike|p1a: Tangrowth
|-damage|p1a: Tangrowth|80/100
|move|p1a: Tangrowth|Sleep Powder|p2a: Kartana
|-immune|p2a: Kartana
|
|upkeep
|turn|22
|
|t:|1661322913
|move|p2a: Kartana|Smart Strike|p1a: Tangrowth
|-crit|p1a: Tangrowth
|-damage|p1a: Tangrowth|46/100
|move|p1a: Tangrowth|Sleep Powder|p2a: Kartana
|-immune|p2a: Kartana
|
|upkeep
|turn|23
|
|t:|1661322915
|move|p2a: Kartana|Smart Strike|p1a: Tangrowth
|-damage|p1a: Tangrowth|30/100
|move|p1a: Tangrowth|Knock Off|p2a: Kartana
|-damage|p2a: Kartana|35/100
|-enditem|p2a: Kartana|Choice Scarf|[from] move: Knock Off|[of] p1a: Tangrowth
|
|upkeep
|turn|24
|
|t:|1661322922
|move|p2a: Kartana|Smart Strike|p1a: Tangrowth
|-damage|p1a: Tangrowth|14/100
|move|p1a: Tangrowth|Focus Blast|p2a: Kartana
|-supereffective|p2a: Kartana
|-damage|p2a: Kartana|0 fnt
|faint|p2a: Kartana
|
|upkeep
|
|t:|1661322927
|switch|p2a: Dragonite|Dragonite, F|100/100
|turn|25
|
|t:|1661322929
|switch|p1a: landorustherian|Landorus-Therian, M|10/100
|-ability|p1a: landorustherian|Intimidate|boost
|-unboost|p2a: Dragonite|atk|1
|move|p2a: Dragonite|Dragon Dance|p2a: Dragonite
|-boost|p2a: Dragonite|atk|1
|-boost|p2a: Dragonite|spe|1
|
|-heal|p1a: landorustherian|16/100|[from] item: Leftovers
|upkeep
|turn|26
|
|t:|1661322932
|move|p2a: Dragonite|Dragon Dance|p2a: Dragonite
|-boost|p2a: Dragonite|atk|1
|-boost|p2a: Dragonite|spe|1
|move|p1a: landorustherian|U-turn|p2a: Dragonite
|-resisted|p2a: Dragonite
|-damage|p2a: Dragonite|95/100
|
|t:|1661322932
|switch|p1a: Weavile|Weavile, F|76/100|[from]move: U-turn
|-ability|p1a: Weavile|Pressure
|
|upkeep
|turn|27
|
|t:|1661322939
|move|p2a: Dragonite|Extreme Speed|p1a: Weavile
|-damage|p1a: Weavile|0 fnt
|faint|p1a: Weavile
|-damage|p2a: Dragonite|85/100|[from] item: Life Orb
|
|upkeep
|
|t:|1661322939
|switch|p1a: landorustherian|Landorus-Therian, M|16/100
|-ability|p1a: landorustherian|Intimidate|boost
|-unboost|p2a: Dragonite|atk|1
|turn|28
|
|t:|1661322945
|switch|p1a: Tangrowth|Tangrowth, F|47/100
|move|p2a: Dragonite|Dragon Dance|p2a: Dragonite
|-boost|p2a: Dragonite|atk|1
|-boost|p2a: Dragonite|spe|1
|
|upkeep
|turn|29
|
|t:|1661322947
|switch|p1a: landorustherian|Landorus-Therian, M|16/100
|-ability|p1a: landorustherian|Intimidate|boost
|-unboost|p2a: Dragonite|atk|1
|move|p2a: Dragonite|Ice Punch|p1a: landorustherian
|-supereffective|p1a: landorustherian
|-damage|p1a: landorustherian|0 fnt
|faint|p1a: landorustherian
|-damage|p2a: Dragonite|75/100|[from] item: Life Orb
|
|upkeep
|
|t:|1661322947
|switch|p1a: Tangrowth|Tangrowth, F|80/100
|turn|30
|
|t:|1661322950
|move|p2a: Dragonite|Ice Punch|p1a: Tangrowth
|-supereffective|p1a: Tangrowth
|-crit|p1a: Tangrowth
|-damage|p1a: Tangrowth|19/100
|-damage|p2a: Dragonite|65/100|[from] item: Life Orb
|move|p1a: Tangrowth|Sleep Powder|p2a: Dragonite
|-status|p2a: Dragonite|slp|[from] move: Sleep Powder
|
|upkeep
|turn|31
|
|t:|1661322954
|switch|p1a: Melmetal|Melmetal|7/100
|cant|p2a: Dragonite|slp
|
|upkeep
|turn|32
|
|t:|1661322955
|cant|p2a: Dragonite|slp
|move|p1a: Melmetal|Double Iron Bash|p2a: Dragonite
|-damage|p2a: Dragonite|24/100 slp
|-damage|p2a: Dragonite|0 fnt
|faint|p2a: Dragonite
|-hitcount|p2: Dragonite|2
|
|win|minimax_ai
|raw|minimax_ai's rating: 1543 &rarr; <strong>1567</strong><br />(+24 for winning)
|raw|samohi0's rating: 1612 &rarr; <strong>1588</strong><br />(-24 for losing)
|c|☆minimax_ai|gg
