|j|☆knexhawk2
|j|☆BAN MELMETL
|inactive|Battle timer is ON: inactive players will automatically lose when time's up.
|t:|1667951246
|gametype|singles
|player|p1|knexhawk2|benga|
|player|p2|BAN MELMETL|preschooler|
|teamsize|p1|6
|teamsize|p2|6
|gen|8
|tier|[Gen 8] OU
|rated|Tournament battle
|rule|Sleep Clause Mod: Limit one foe put to sleep
|rule|Species Clause: Limit one of each Pokémon
|rule|OHKO Clause: OHKO moves are banned
|rule|Evasion Items Clause: Evasion items are banned
|rule|Evasion Moves Clause: Evasion moves are banned
|rule|Endless Battle Clause: Forcing endless battles is banned
|rule|HP Percentage Mod: HP is shown in percentages
|rule|Dynamax Clause: You cannot dynamax
|clearpoke
|poke|p1|Zamazenta-*|
|poke|p1|Toxapex, M|
|poke|p1|Skarmory, F|
|poke|p1|Quagsire, M|
|poke|p1|Dragonite, F|
|poke|p1|Blissey, F|
|poke|p2|Slowbro, F|
|poke|p2|Mamoswine, F|
|poke|p2|Blissey, F|
|poke|p2|Salamence, F|
|poke|p2|Blacephalon|
|poke|p2|Buzzwole|
|teampreview
|inactive|BAN MELMETL also wants the timer to be on.
|j|%htcl
|j| Billaboom
|j| Rosaism
|j|+sufys12
|j| natdexfunnn
|j| SatelliteFifteen
|c|☆knexhawk2|gl
|j| GomerTristan
|
|t:|1667951271
|start
|switch|p1a: green bird|Skarmory, F, shiny|100/100
|switch|p2a: Slowbro|Slowbro, F|100/100
|turn|1
|
|t:|1667951282
|switch|p1a: pink ass|Toxapex, M, shiny|100/100
|move|p2a: Slowbro|Trick|p1a: pink ass
|-activate|p2a: Slowbro|move: Trick|[of] p1a: pink ass
|-item|p1a: pink ass|Choice Scarf|[from] move: Trick
|-item|p2a: Slowbro|Rocky Helmet|[from] move: Trick
|
|upkeep
|turn|2
|c|☆knexhawk2|ok
|
|t:|1667951296
|move|p1a: pink ass|Light Screen|p1a: pink ass
|-sidestart|p1: knexhawk2|move: Light Screen
|move|p2a: Slowbro|Future Sight|p1a: pink ass
|-start|p2a: Slowbro|move: Future Sight
|
|upkeep
|turn|3
|
|t:|1667951303
|switch|p1a: green bird|Skarmory, F, shiny|100/100
|switch|p2a: Mamoswine|Mamoswine, F, shiny|100/100
|
|upkeep
|turn|4
|
|t:|1667951314
|switch|p2a: Slowbro|Slowbro, F|100/100
|move|p1a: green bird|Body Press|p2a: Slowbro
|-resisted|p2a: Slowbro
|-damage|p2a: Slowbro|89/100
|-damage|p1a: green bird|84/100|[from] item: Rocky Helmet|[of] p2a: Slowbro
|
|-end|p1a: green bird|move: Future Sight
|-resisted|p1a: green bird
|-damage|p1a: green bird|69/100
|upkeep
|turn|5
|
|t:|1667951319
|move|p1a: green bird|Spikes|p2a: Slowbro
|-sidestart|p2: BAN MELMETL|Spikes
|move|p2a: Slowbro|Scald|p1a: green bird
|-damage|p1a: green bird|50/100
|
|upkeep
|turn|6
|
|t:|1667951323
|move|p1a: green bird|Roost|p1a: green bird
|-heal|p1a: green bird|100/100
|-singleturn|p1a: green bird|move: Roost
|move|p2a: Slowbro|Scald|p1a: green bird
|-damage|p1a: green bird|80/100
|-status|p1a: green bird|brn
|
|-damage|p1a: green bird|74/100 brn|[from] brn
|-sideend|p1: knexhawk2|move: Light Screen
|upkeep
|turn|7
|
|t:|1667951342
|switch|p1a: pink ass|Toxapex, M, shiny|100/100
|switch|p2a: Blissey|Blissey, F, shiny|100/100
|-damage|p2a: Blissey|88/100|[from] Spikes
|
|-heal|p2a: Blissey|94/100|[from] item: Leftovers
|upkeep
|turn|8
|j| jasch95
|inactive|BAN MELMETL has 120 seconds left.
|
|t:|1667951375
|move|p2a: Blissey|Seismic Toss|p1a: pink ass
|-damage|p1a: pink ass|68/100
|move|p1a: pink ass|Knock Off|p2a: Blissey
|-damage|p2a: Blissey|79/100
|-enditem|p2a: Blissey|Leftovers|[from] move: Knock Off|[of] p1a: pink ass
|
|upkeep
|turn|9
|
|t:|1667951382
|switch|p1a: green bird|Skarmory, F, shiny|74/100 brn
|move|p2a: Blissey|Seismic Toss|p1a: green bird
|-damage|p1a: green bird|44/100 brn
|
|-damage|p1a: green bird|38/100 brn|[from] brn
|upkeep
|turn|10
|
|t:|1667951387
|move|p1a: green bird|Roost|p1a: green bird
|-heal|p1a: green bird|88/100 brn
|-singleturn|p1a: green bird|move: Roost
|move|p2a: Blissey|Seismic Toss|p1a: green bird
|-damage|p1a: green bird|58/100 brn
|
|-damage|p1a: green bird|52/100 brn|[from] brn
|upkeep
|turn|11
|
|t:|1667951396
|move|p1a: green bird|Roost|p1a: green bird
|-heal|p1a: green bird|100/100 brn
|-singleturn|p1a: green bird|move: Roost
|move|p2a: Blissey|Seismic Toss|p1a: green bird
|-damage|p1a: green bird|71/100 brn
|
|-damage|p1a: green bird|65/100 brn|[from] brn
|upkeep
|turn|12
|
|t:|1667951404
|switch|p1a: pink shit|Blissey, F|100/100
|move|p2a: Blissey|Stealth Rock|p1a: pink shit
|-sidestart|p1: knexhawk2|move: Stealth Rock
|
|upkeep
|turn|13
|
|t:|1667951409
|move|p2a: Blissey|Toxic|p1a: pink shit
|-status|p1a: pink shit|tox
|move|p1a: pink shit|Stealth Rock|p2a: Blissey
|-sidestart|p2: BAN MELMETL|move: Stealth Rock
|
|-damage|p1a: pink shit|94/100 tox|[from] psn
|upkeep
|turn|14
|j| spacemeatsheep
|
|t:|1667951417
|-curestatus|p1a: pink shit|tox|[from] ability: Natural Cure
|switch|p1a: knock off|Zamazenta-Crowned|100/100
|-damage|p1a: knock off|97/100|[from] Stealth Rock
|-ability|p1a: knock off|Dauntless Shield|boost
|-boost|p1a: knock off|def|1
|move|p2a: Blissey|Seismic Toss|p1a: knock off
|-damage|p1a: knock off|72/100
|
|upkeep
|turn|15
|j| ISimpForKlara
|l| spacemeatsheep
|inactive|BAN MELMETL has 120 seconds left.
|l| GomerTristan
|inactive|BAN MELMETL has 90 seconds left.
|
|t:|1667951483
|switch|p1a: pink ass|Toxapex, M, shiny|100/100
|-damage|p1a: pink ass|88/100|[from] Stealth Rock
|switch|p2a: Salamence|Salamence, F, shiny|100/100
|-ability|p2a: Salamence|Intimidate|boost
|-unboost|p1a: pink ass|atk|1
|
|upkeep
|turn|16
|inactive|BAN MELMETL has 90 seconds left.
|
|t:|1667951493
|switch|p2a: Blissey|Blissey, F, shiny|79/100
|-damage|p2a: Blissey|67/100|[from] Spikes
|-damage|p2a: Blissey|55/100|[from] Stealth Rock
|move|p1a: pink ass|Knock Off|p2a: Blissey
|-damage|p2a: Blissey|49/100
|
|upkeep
|turn|17
|
|t:|1667951497
|switch|p1a: knock off|Zamazenta-Crowned|72/100
|-damage|p1a: knock off|69/100|[from] Stealth Rock
|-ability|p1a: knock off|Dauntless Shield|boost
|-boost|p1a: knock off|def|1
|move|p2a: Blissey|Soft-Boiled|p2a: Blissey
|-heal|p2a: Blissey|99/100
|
|upkeep
|turn|18
|
|t:|1667951507
|switch|p1a: pink ass|Toxapex, M, shiny|100/100
|-damage|p1a: pink ass|88/100|[from] Stealth Rock
|switch|p2a: Slowbro|Slowbro, F|100/100
|-damage|p2a: Slowbro|88/100|[from] Spikes
|-damage|p2a: Slowbro|76/100|[from] Stealth Rock
|
|upkeep
|turn|19
|
|t:|1667951524
|move|p1a: pink ass|Knock Off|p2a: Slowbro
|-supereffective|p2a: Slowbro
|-damage|p2a: Slowbro|53/100
|-damage|p1a: pink ass|72/100|[from] item: Rocky Helmet|[of] p2a: Slowbro
|-enditem|p2a: Slowbro|Rocky Helmet|[from] move: Knock Off|[of] p1a: pink ass
|move|p2a: Slowbro|Future Sight|p1a: pink ass
|-start|p2a: Slowbro|move: Future Sight
|
|upkeep
|turn|20
|
|t:|1667951538
|switch|p1a: knock off|Zamazenta-Crowned|69/100
|-damage|p1a: knock off|65/100|[from] Stealth Rock
|-ability|p1a: knock off|Dauntless Shield|boost
|-boost|p1a: knock off|def|1
|move|p2a: Slowbro|Slack Off|p2a: Slowbro
|-heal|p2a: Slowbro|100/100
|
|upkeep
|turn|21
|
|t:|1667951547
|move|p1a: knock off|Rest|p1a: knock off
|-status|p1a: knock off|slp|[from] move: Rest
|-heal|p1a: knock off|100/100 slp|[silent]
|move|p2a: Slowbro|Scald|p1a: knock off
|-damage|p1a: knock off|87/100 slp
|
|-end|p1a: knock off|move: Future Sight
|-damage|p1a: knock off|65/100 slp
|upkeep
|turn|22
|
|t:|1667951563
|switch|p1a: pink ass|Toxapex, M, shiny|100/100
|-damage|p1a: pink ass|88/100|[from] Stealth Rock
|move|p2a: Slowbro|Scald|p1a: pink ass
|-resisted|p1a: pink ass
|-damage|p1a: pink ass|77/100
|
|upkeep
|turn|23
|
|t:|1667951567
|move|p1a: pink ass|Light Screen|p1a: pink ass
|-sidestart|p1: knexhawk2|move: Light Screen
|move|p2a: Slowbro|Scald|p1a: pink ass
|-resisted|p1a: pink ass
|-damage|p1a: pink ass|72/100
|-status|p1a: pink ass|brn
|
|-damage|p1a: pink ass|66/100 brn|[from] brn
|upkeep
|turn|24
|l| jasch95
|
|t:|1667951578
|switch|p1a: green shit|Dragonite, F, shiny|100/100
|move|p2a: Slowbro|Trick|p1a: green shit
|-activate|p2a: Slowbro|move: Trick|[of] p1a: green shit
|-enditem|p1a: green shit|Heavy-Duty Boots|[silent]|[from] move: Trick
|-item|p2a: Slowbro|Heavy-Duty Boots|[from] move: Trick
|
|upkeep
|turn|25
|
|t:|1667951604
|switch|p2a: Blissey|Blissey, F, shiny|99/100
|-damage|p2a: Blissey|86/100|[from] Spikes
|-damage|p2a: Blissey|74/100|[from] Stealth Rock
|move|p1a: green shit|Heal Bell|p1a: green shit
|-activate|p1a: green shit|move: Heal Bell
|-curestatus|p1: knock off|slp|[msg]
|-curestatus|p1: pink ass|brn|[msg]
|-curestatus|p1: green bird|brn|[msg]
|
|upkeep
|turn|26
|
|t:|1667951617
|switch|p1a: green bird|Skarmory, F, shiny|65/100
|-damage|p1a: green bird|52/100|[from] Stealth Rock
|move|p2a: Blissey|Soft-Boiled|p2a: Blissey
|-heal|p2a: Blissey|100/100
|
|upkeep
|turn|27
|
|t:|1667951621
|switch|p2a: Salamence|Salamence, F, shiny|100/100
|-ability|p2a: Salamence|Intimidate|boost
|-unboost|p1a: green bird|atk|1
|move|p1a: green bird|Roost|p1a: green bird
|-heal|p1a: green bird|100/100
|-singleturn|p1a: green bird|move: Roost
|
|-sideend|p1: knexhawk2|move: Light Screen
|upkeep
|turn|28
|
|t:|1667951626
|move|p2a: Salamence|Defog|p1a: green bird
|-unboost|p1a: green bird|evasion|1
|-sideend|p1: knexhawk2|Stealth Rock|[from] move: Defog|[of] p2a: Salamence
|-sideend|p2: BAN MELMETL|Spikes|[from] move: Defog|[of] p2a: Salamence
|-sideend|p2: BAN MELMETL|Stealth Rock|[from] move: Defog|[of] p2a: Salamence
|move|p1a: green bird|Whirlwind|p2a: Salamence
|drag|p2a: Mamoswine|Mamoswine, F, shiny|100/100
|
|upkeep
|turn|29
|inactive|BAN MELMETL has 120 seconds left.
|
|t:|1667951638
|switch|p2a: Blacephalon|Blacephalon, shiny|100/100
|move|p1a: green bird|Spikes|p2a: Blacephalon
|-sidestart|p2: BAN MELMETL|Spikes
|
|upkeep
|turn|30
|inactive|BAN MELMETL has 120 seconds left.
|
|t:|1667951650
|switch|p1a: pink ass|Toxapex, M, shiny|99/100
|move|p2a: Blacephalon|Shadow Ball|p1a: pink ass
|-damage|p1a: pink ass|45/100
|
|upkeep
|turn|31
|inactive|BAN MELMETL has 120 seconds left.
|
|t:|1667951662
|switch|p2a: Blissey|Blissey, F, shiny|100/100
|-damage|p2a: Blissey|88/100|[from] Spikes
|switch|p1a: pink shit|Blissey, F|94/100
|
|upkeep
|turn|32
|
|t:|1667951670
|move|p1a: pink shit|Stealth Rock|p2a: Blissey
|-sidestart|p2: BAN MELMETL|move: Stealth Rock
|move|p2a: Blissey|Stealth Rock|p1a: pink shit
|-sidestart|p1: knexhawk2|move: Stealth Rock
|
|upkeep
|turn|33
|
|t:|1667951674
|move|p2a: Blissey|Toxic|p1a: pink shit|[miss]
|-miss|p2a: Blissey|p1a: pink shit
|move|p1a: pink shit|Toxic|p2a: Blissey
|-status|p2a: Blissey|tox
|
|-damage|p2a: Blissey|82/100 tox|[from] psn
|upkeep
|turn|34
|
|t:|1667951676
|move|p1a: pink shit|Toxic|p2a: Blissey
|-fail|p2a: Blissey|tox
|move|p2a: Blissey|Toxic|p1a: pink shit
|-status|p1a: pink shit|tox
|
|-damage|p2a: Blissey|70/100 tox|[from] psn
|-damage|p1a: pink shit|88/100 tox|[from] psn
|upkeep
|turn|35
|j| deskeedee(alt)
|
|t:|1667951705
|move|p2a: Blissey|Soft-Boiled|p2a: Blissey
|-heal|p2a: Blissey|100/100 tox
|move|p1a: pink shit|Toxic|p2a: Blissey|[miss]
|-miss|p1a: pink shit|p2a: Blissey
|
|-damage|p2a: Blissey|82/100 tox|[from] psn
|-damage|p1a: pink shit|76/100 tox|[from] psn
|upkeep
|turn|36
|inactive|BAN MELMETL has 120 seconds left.
|
|t:|1667951724
|move|p2a: Blissey|Seismic Toss|p1a: pink shit
|-damage|p1a: pink shit|62/100 tox
|move|p1a: pink shit|Toxic|p2a: Blissey
|-fail|p2a: Blissey|tox
|
|-damage|p1a: pink shit|43/100 tox|[from] psn
|-damage|p2a: Blissey|57/100 tox|[from] psn
|upkeep
|turn|37
|
|t:|1667951732
|move|p2a: Blissey|Soft-Boiled|p2a: Blissey
|-heal|p2a: Blissey|100/100 tox
|move|p1a: pink shit|Soft-Boiled|p1a: pink shit
|-heal|p1a: pink shit|93/100 tox
|
|-damage|p2a: Blissey|70/100 tox|[from] psn
|-damage|p1a: pink shit|69/100 tox|[from] psn
|upkeep
|turn|38
|inactive|BAN MELMETL has 120 seconds left.
|
|t:|1667951762
|-curestatus|p1a: pink shit|tox|[from] ability: Natural Cure
|switch|p1a: pink ass|Toxapex, M, shiny|78/100
|-damage|p1a: pink ass|65/100|[from] Stealth Rock
|move|p2a: Blissey|Soft-Boiled|p2a: Blissey
|-heal|p2a: Blissey|100/100 tox
|
|-damage|p2a: Blissey|64/100 tox|[from] psn
|upkeep
|turn|39
|
|t:|1667951779
|-curestatus|p2a: Blissey|tox|[from] ability: Natural Cure
|switch|p2a: Slowbro|Slowbro, F|100/100
|move|p1a: pink ass|Knock Off|p2a: Slowbro
|-supereffective|p2a: Slowbro
|-damage|p2a: Slowbro|80/100
|-enditem|p2a: Slowbro|Heavy-Duty Boots|[from] move: Knock Off|[of] p1a: pink ass
|
|upkeep
|turn|40
|
|t:|1667951787
|switch|p1a: pink fuck|Quagsire, M, shiny|100/100
|-damage|p1a: pink fuck|94/100|[from] Stealth Rock
|move|p2a: Slowbro|Future Sight|p1a: pink fuck
|-start|p2a: Slowbro|move: Future Sight
|
|-heal|p1a: pink fuck|100/100|[from] item: Leftovers
|upkeep
|turn|41
|l| natdexfunnn
|
|t:|1667951803
|move|p1a: pink fuck|Toxic|p2a: Slowbro
|-status|p2a: Slowbro|tox
|move|p2a: Slowbro|Trick|p1a: pink fuck
|-activate|p2a: Slowbro|move: Trick|[of] p1a: pink fuck
|-enditem|p1a: pink fuck|Leftovers|[silent]|[from] move: Trick
|-item|p2a: Slowbro|Leftovers|[from] move: Trick
|
|-heal|p2a: Slowbro|86/100 tox|[from] item: Leftovers
|-damage|p2a: Slowbro|80/100 tox|[from] psn
|upkeep
|turn|42
|
|t:|1667951828
|switch|p1a: pink shit|Blissey, F|69/100
|move|p2a: Slowbro|Scald|p1a: pink shit
|-damage|p1a: pink shit|59/100
|
|-end|p1a: pink shit|move: Future Sight
|-damage|p1a: pink shit|44/100
|-heal|p2a: Slowbro|86/100 tox|[from] item: Leftovers
|-damage|p2a: Slowbro|74/100 tox|[from] psn
|upkeep
|turn|43
|
|t:|1667951847
|switch|p2a: Salamence|Salamence, F, shiny|100/100
|-ability|p2a: Salamence|Intimidate|boost
|-unboost|p1a: pink shit|atk|1
|move|p1a: pink shit|Toxic|p2a: Salamence
|-status|p2a: Salamence|tox
|
|-damage|p2a: Salamence|94/100 tox|[from] psn
|upkeep
|turn|44
|
|t:|1667951854
|switch|p1a: pink ass|Toxapex, M, shiny|99/100
|-damage|p1a: pink ass|86/100|[from] Stealth Rock
|move|p2a: Salamence|Defog|p1a: pink ass
|-unboost|p1a: pink ass|evasion|1
|-sideend|p1: knexhawk2|Stealth Rock|[from] move: Defog|[of] p2a: Salamence
|-sideend|p2: BAN MELMETL|Spikes|[from] move: Defog|[of] p2a: Salamence
|-sideend|p2: BAN MELMETL|Stealth Rock|[from] move: Defog|[of] p2a: Salamence
|
|-damage|p2a: Salamence|82/100 tox|[from] psn
|upkeep
|turn|45
|
|t:|1667951864
|switch|p2a: Blissey|Blissey, F, shiny|64/100
|move|p1a: pink ass|Knock Off|p2a: Blissey
|-damage|p2a: Blissey|53/100
|
|upkeep
|turn|46
|
|t:|1667951873
|switch|p2a: Mamoswine|Mamoswine, F, shiny|100/100
|switch|p1a: pink shit|Blissey, F|44/100
|
|upkeep
|turn|47
|inactive|BAN MELMETL has 120 seconds left.
|
|t:|1667951891
|switch|p1a: green bird|Skarmory, F, shiny|100/100
|move|p2a: Mamoswine|Icicle Crash|p1a: green bird
|-damage|p1a: green bird|57/100
|
|upkeep
|turn|48
|
|t:|1667951897
|switch|p1a: pink ass|Toxapex, M, shiny|100/100
|move|p2a: Mamoswine|Icicle Crash|p1a: pink ass|[miss]
|-miss|p2a: Mamoswine|p1a: pink ass
|
|upkeep
|turn|49
|
|t:|1667951906
|switch|p2a: Blissey|Blissey, F, shiny|53/100
|switch|p1a: pink shit|Blissey, F|44/100
|
|upkeep
|turn|50
|inactive|BAN MELMETL has 120 seconds left.
|
|t:|1667951929
|move|p1a: pink shit|Stealth Rock|p2a: Blissey
|-sidestart|p2: BAN MELMETL|move: Stealth Rock
|move|p2a: Blissey|Stealth Rock|p1a: pink shit
|-sidestart|p1: knexhawk2|move: Stealth Rock
|
|upkeep
|turn|51
|
|t:|1667951937
|move|p2a: Blissey|Toxic|p1a: pink shit
|-status|p1a: pink shit|tox
|move|p1a: pink shit|Soft-Boiled|p1a: pink shit
|-heal|p1a: pink shit|94/100 tox
|
|-damage|p1a: pink shit|88/100 tox|[from] psn
|upkeep
|turn|52
|
|t:|1667951942
|-curestatus|p1a: pink shit|tox|[from] ability: Natural Cure
|switch|p1a: pink ass|Toxapex, M, shiny|100/100
|-damage|p1a: pink ass|88/100|[from] Stealth Rock
|move|p2a: Blissey|Soft-Boiled|p2a: Blissey
|-heal|p2a: Blissey|100/100
|
|upkeep
|turn|53
|l| deskeedee(alt)
|
|t:|1667951971
|move|p2a: Blissey|Seismic Toss|p1a: pink ass
|-damage|p1a: pink ass|55/100
|move|p1a: pink ass|Scald|p2a: Blissey
|-damage|p2a: Blissey|95/100
|
|upkeep
|turn|54
|
|t:|1667951978
|switch|p1a: green bird|Skarmory, F, shiny|57/100
|-damage|p1a: green bird|45/100|[from] Stealth Rock
|move|p2a: Blissey|Toxic|p1a: green bird
|-immune|p1a: green bird
|
|upkeep
|turn|55
|
|t:|1667951986
|move|p1a: green bird|Roost|p1a: green bird
|-heal|p1a: green bird|95/100
|-singleturn|p1a: green bird|move: Roost
|move|p2a: Blissey|Seismic Toss|p1a: green bird
|-damage|p1a: green bird|65/100
|
|upkeep
|turn|56
|inactive|BAN MELMETL has 120 seconds left.
|inactive|BAN MELMETL has 90 seconds left.
|
|t:|1667952063
|switch|p2a: Salamence|Salamence, F, shiny|82/100 tox
|-ability|p2a: Salamence|Intimidate|boost
|-unboost|p1a: green bird|atk|1
|move|p1a: green bird|Spikes|p2a: Salamence
|-sidestart|p2: BAN MELMETL|Spikes
|
|-damage|p2a: Salamence|76/100 tox|[from] psn
|upkeep
|turn|57
|
|t:|1667952069
|switch|p1a: pink ass|Toxapex, M, shiny|88/100
|-damage|p1a: pink ass|76/100|[from] Stealth Rock
|move|p2a: Salamence|Flamethrower|p1a: pink ass
|-resisted|p1a: pink ass
|-damage|p1a: pink ass|68/100
|
|-damage|p2a: Salamence|64/100 tox|[from] psn
|upkeep
|turn|58
|inactive|BAN MELMETL has 90 seconds left.
|
|t:|1667952075
|switch|p2a: Blissey|Blissey, F, shiny|95/100
|-damage|p2a: Blissey|82/100|[from] Stealth Rock
|-damage|p2a: Blissey|70/100|[from] Spikes
|move|p1a: pink ass|Knock Off|p2a: Blissey
|-damage|p2a: Blissey|61/100
|
|upkeep
|turn|59
|inactive|BAN MELMETL has 90 seconds left.
|
|t:|1667952087
|switch|p1a: green bird|Skarmory, F, shiny|65/100
|-damage|p1a: green bird|53/100|[from] Stealth Rock
|move|p2a: Blissey|Soft-Boiled|p2a: Blissey
|-heal|p2a: Blissey|100/100
|
|upkeep
|turn|60
|
|t:|1667952090
|switch|p2a: Salamence|Salamence, F, shiny|64/100 tox
|-ability|p2a: Salamence|Intimidate|boost
|-unboost|p1a: green bird|atk|1
|move|p1a: green bird|Roost|p1a: green bird
|-heal|p1a: green bird|100/100
|-singleturn|p1a: green bird|move: Roost
|
|-damage|p2a: Salamence|58/100 tox|[from] psn
|upkeep
|turn|61
|
|t:|1667952094
|switch|p1a: pink ass|Toxapex, M, shiny|100/100
|-damage|p1a: pink ass|88/100|[from] Stealth Rock
|move|p2a: Salamence|Defog|p1a: pink ass
|-unboost|p1a: pink ass|evasion|1
|-sideend|p1: knexhawk2|Stealth Rock|[from] move: Defog|[of] p2a: Salamence
|-sideend|p2: BAN MELMETL|Spikes|[from] move: Defog|[of] p2a: Salamence
|-sideend|p2: BAN MELMETL|Stealth Rock|[from] move: Defog|[of] p2a: Salamence
|
|-damage|p2a: Salamence|46/100 tox|[from] psn
|upkeep
|turn|62
|
|t:|1667952097
|switch|p2a: Blissey|Blissey, F, shiny|100/100
|move|p1a: pink ass|Knock Off|p2a: Blissey
|-damage|p2a: Blissey|90/100
|
|upkeep
|turn|63
|
|t:|1667952102
|switch|p1a: pink shit|Blissey, F|88/100
|move|p2a: Blissey|Toxic|p1a: pink shit
|-status|p1a: pink shit|tox
|
|-damage|p1a: pink shit|82/100 tox|[from] psn
|upkeep
|turn|64
|
|t:|1667952109
|move|p2a: Blissey|Seismic Toss|p1a: pink shit
|-damage|p1a: pink shit|68/100 tox
|move|p1a: pink shit|Stealth Rock|p2a: Blissey
|-sidestart|p2: BAN MELMETL|move: Stealth Rock
|
|-damage|p1a: pink shit|56/100 tox|[from] psn
|upkeep
|turn|65
|
|t:|1667952116
|move|p1a: pink shit|Soft-Boiled|p1a: pink shit
|-heal|p1a: pink shit|100/100 tox
|move|p2a: Blissey|Seismic Toss|p1a: pink shit
|-damage|p1a: pink shit|86/100 tox
|
|-damage|p1a: pink shit|68/100 tox|[from] psn
|upkeep
|turn|66
|
|t:|1667952121
|-curestatus|p1a: pink shit|tox|[from] ability: Natural Cure
|switch|p1a: green bird|Skarmory, F, shiny|100/100
|move|p2a: Blissey|Seismic Toss|p1a: green bird
|-damage|p1a: green bird|71/100
|
|upkeep
|turn|67
|
|t:|1667952132
|switch|p2a: Buzzwole|Buzzwole, shiny|100/100
|-damage|p2a: Buzzwole|88/100|[from] Stealth Rock
|move|p1a: green bird|Body Press|p2a: Buzzwole
|-resisted|p2a: Buzzwole
|-damage|p2a: Buzzwole|80/100
|-damage|p1a: green bird|54/100|[from] item: Rocky Helmet|[of] p2a: Buzzwole
|
|upkeep
|turn|68
|
|t:|1667952136
|switch|p1a: pink ass|Toxapex, M, shiny|100/100
|move|p2a: Buzzwole|Ice Punch|p1a: pink ass
|-resisted|p1a: pink ass
|-damage|p1a: pink ass|94/100
|
|upkeep
|turn|69
|
|t:|1667952147
|switch|p2a: Slowbro|Slowbro, F|100/100 tox
|-damage|p2a: Slowbro|88/100 tox|[from] Stealth Rock
|move|p1a: pink ass|Knock Off|p2a: Slowbro
|-supereffective|p2a: Slowbro
|-damage|p2a: Slowbro|65/100 tox
|-enditem|p2a: Slowbro|Leftovers|[from] move: Knock Off|[of] p1a: pink ass
|
|-damage|p2a: Slowbro|59/100 tox|[from] psn
|upkeep
|turn|70
|
|t:|1667952155
|move|p1a: pink ass|Knock Off|p2a: Slowbro
|-supereffective|p2a: Slowbro
|-damage|p2a: Slowbro|43/100 tox
|move|p2a: Slowbro|Future Sight|p1a: pink ass
|-start|p2a: Slowbro|move: Future Sight
|
|-damage|p2a: Slowbro|31/100 tox|[from] psn
|upkeep
|turn|71
|j| aursnes
|
|t:|1667952169
|switch|p1a: green bird|Skarmory, F, shiny|54/100
|switch|p2a: Mamoswine|Mamoswine, F, shiny|100/100
|-damage|p2a: Mamoswine|88/100|[from] Stealth Rock
|
|upkeep
|turn|72
|inactive|BAN MELMETL has 120 seconds left.
|
|t:|1667952211
|move|p2a: Mamoswine|Icicle Crash|p1a: green bird
|-damage|p1a: green bird|11/100
|move|p1a: green bird|Roost|p1a: green bird
|-heal|p1a: green bird|61/100
|-singleturn|p1a: green bird|move: Roost
|
|-end|p1a: green bird|move: Future Sight
|-resisted|p1a: green bird
|-crit|p1a: green bird
|-damage|p1a: green bird|19/100
|upkeep
|turn|73
|
|t:|1667952229
|switch|p1a: pink ass|Toxapex, M, shiny|100/100
|move|p2a: Mamoswine|Icicle Crash|p1a: pink ass
|-resisted|p1a: pink ass
|-damage|p1a: pink ass|79/100
|
|upkeep
|turn|74
|
|t:|1667952245
|switch|p2a: Blissey|Blissey, F, shiny|90/100
|-damage|p2a: Blissey|78/100|[from] Stealth Rock
|switch|p1a: green bird|Skarmory, F, shiny|19/100
|
|upkeep
|turn|75
|
|t:|1667952250
|move|p1a: green bird|Roost|p1a: green bird
|-heal|p1a: green bird|69/100
|-singleturn|p1a: green bird|move: Roost
|move|p2a: Blissey|Seismic Toss|p1a: green bird
|-damage|p1a: green bird|39/100
|
|upkeep
|turn|76
|
|t:|1667952254
|move|p1a: green bird|Roost|p1a: green bird
|-heal|p1a: green bird|89/100
|-singleturn|p1a: green bird|move: Roost
|move|p2a: Blissey|Seismic Toss|p1a: green bird
|-damage|p1a: green bird|59/100
|
|upkeep
|turn|77
|inactive|BAN MELMETL has 120 seconds left.
|
|t:|1667952264
|switch|p2a: Slowbro|Slowbro, F|64/100 tox
|-damage|p2a: Slowbro|52/100 tox|[from] Stealth Rock
|move|p1a: green bird|Body Press|p2a: Slowbro
|-resisted|p2a: Slowbro
|-crit|p2a: Slowbro
|-damage|p2a: Slowbro|35/100 tox
|
|-damage|p2a: Slowbro|29/100 tox|[from] psn
|upkeep
|turn|78
|
|t:|1667952269
|switch|p1a: pink ass|Toxapex, M, shiny|100/100
|move|p2a: Slowbro|Slack Off|p2a: Slowbro
|-heal|p2a: Slowbro|79/100 tox
|
|-damage|p2a: Slowbro|66/100 tox|[from] psn
|upkeep
|turn|79
|
|t:|1667952280
|move|p1a: pink ass|Light Screen|p1a: pink ass
|-sidestart|p1: knexhawk2|move: Light Screen
|move|p2a: Slowbro|Future Sight|p1a: pink ass
|-start|p2a: Slowbro|move: Future Sight
|
|-damage|p2a: Slowbro|48/100 tox|[from] psn
|upkeep
|turn|80
|
|t:|1667952292
|switch|p1a: knock off|Zamazenta-Crowned|65/100
|-ability|p1a: knock off|Dauntless Shield|boost
|-boost|p1a: knock off|def|1
|switch|p2a: Mamoswine|Mamoswine, F, shiny|88/100
|-damage|p2a: Mamoswine|76/100|[from] Stealth Rock
|
|upkeep
|turn|81
|
|t:|1667952308
|switch|p2a: Buzzwole|Buzzwole, shiny|80/100
|-damage|p2a: Buzzwole|68/100|[from] Stealth Rock
|move|p1a: knock off|Close Combat|p2a: Buzzwole
|-resisted|p2a: Buzzwole
|-crit|p2a: Buzzwole
|-damage|p2a: Buzzwole|48/100
|-unboost|p1a: knock off|def|1
|-unboost|p1a: knock off|spd|1
|-damage|p1a: knock off|48/100|[from] item: Rocky Helmet|[of] p2a: Buzzwole
|
|-end|p1a: knock off|move: Future Sight
|-damage|p1a: knock off|33/100
|upkeep
|turn|82
|
|t:|1667952317
|switch|p1a: pink ass|Toxapex, M, shiny|100/100
|move|p2a: Buzzwole|Roost|p2a: Buzzwole
|-heal|p2a: Buzzwole|98/100
|-singleturn|p2a: Buzzwole|move: Roost
|
|upkeep
|turn|83
|
|t:|1667952324
|switch|p2a: Slowbro|Slowbro, F|81/100 tox
|-damage|p2a: Slowbro|69/100 tox|[from] Stealth Rock
|move|p1a: pink ass|Knock Off|p2a: Slowbro
|-supereffective|p2a: Slowbro
|-damage|p2a: Slowbro|55/100 tox
|
|-damage|p2a: Slowbro|49/100 tox|[from] psn
|-sideend|p1: knexhawk2|move: Light Screen
|upkeep
|turn|84
|l|+sufys12
|
|t:|1667952335
|switch|p1a: knock off|Zamazenta-Crowned|33/100
|-ability|p1a: knock off|Dauntless Shield|boost
|-boost|p1a: knock off|def|1
|move|p2a: Slowbro|Future Sight|p1a: knock off
|-start|p2a: Slowbro|move: Future Sight
|
|-damage|p2a: Slowbro|37/100 tox|[from] psn
|upkeep
|turn|85
|
|t:|1667952342
|switch|p2a: Buzzwole|Buzzwole, shiny|98/100
|-damage|p2a: Buzzwole|86/100|[from] Stealth Rock
|move|p1a: knock off|Rest|p1a: knock off
|-status|p1a: knock off|slp|[from] move: Rest
|-heal|p1a: knock off|100/100 slp|[silent]
|
|upkeep
|turn|86
|j| Unwallable
|j| im coral
|
|t:|1667952362
|switch|p1a: green shit|Dragonite, F, shiny|100/100
|move|p2a: Buzzwole|Ice Punch|p1a: green shit
|-supereffective|p1a: green shit
|-damage|p1a: green shit|53/100
|
|-end|p1a: green shit|move: Future Sight
|-damage|p1a: green shit|26/100
|upkeep
|turn|87
|l| ISimpForKlara
|
|t:|1667952373
|switch|p1a: pink ass|Toxapex, M, shiny|100/100
|move|p2a: Buzzwole|Ice Punch|p1a: pink ass
|-resisted|p1a: pink ass
|-damage|p1a: pink ass|93/100
|
|upkeep
|turn|88
|j| Azure_Cry$ta1
|j| Deez Is The Way
|
|t:|1667952388
|switch|p2a: Blissey|Blissey, F, shiny|78/100
|-damage|p2a: Blissey|65/100|[from] Stealth Rock
|switch|p1a: green bird|Skarmory, F, shiny|59/100
|
|upkeep
|turn|89
|l| Deez Is The Way
|
|t:|1667952398
|switch|p2a: Salamence|Salamence, F, shiny|46/100 tox
|-ability|p2a: Salamence|Intimidate|boost
|-unboost|p1a: green bird|atk|1
|move|p1a: green bird|Spikes|p2a: Salamence
|-sidestart|p2: BAN MELMETL|Spikes
|
|-damage|p2a: Salamence|40/100 tox|[from] psn
|upkeep
|turn|90
|l| Billaboom
|
|t:|1667952410
|switch|p1a: pink shit|Blissey, F|68/100
|move|p2a: Salamence|Roost|p2a: Salamence
|-heal|p2a: Salamence|90/100 tox
|-singleturn|p2a: Salamence|move: Roost
|
|-damage|p2a: Salamence|77/100 tox|[from] psn
|upkeep
|turn|91
|j| Regireaper12
|
|t:|1667952427
|move|p2a: Salamence|Defog|p1a: pink shit
|-unboost|p1a: pink shit|evasion|1
|-sideend|p2: BAN MELMETL|Spikes|[from] move: Defog|[of] p2a: Salamence
|-sideend|p2: BAN MELMETL|Stealth Rock|[from] move: Defog|[of] p2a: Salamence
|move|p1a: pink shit|Stealth Rock|p2a: Salamence
|-sidestart|p2: BAN MELMETL|move: Stealth Rock
|
|-damage|p2a: Salamence|59/100 tox|[from] psn
|upkeep
|turn|92
|
|t:|1667952430
|switch|p2a: Blissey|Blissey, F, shiny|65/100
|-damage|p2a: Blissey|53/100|[from] Stealth Rock
|move|p1a: pink shit|Seismic Toss|p2a: Blissey
|-damage|p2a: Blissey|39/100
|
|upkeep
|turn|93
|c| Regireaper12|bruh
|
|t:|1667952452
|switch|p1a: knock off|Zamazenta-Crowned|100/100 slp
|-ability|p1a: knock off|Dauntless Shield|boost
|-boost|p1a: knock off|def|1
|move|p2a: Blissey|Seismic Toss|p1a: knock off
|-damage|p1a: knock off|75/100 slp
|
|upkeep
|turn|94
|c|☆knexhawk2|he unbanned zamazenta crowned
|c|☆knexhawk2|i  abuse it
|
|t:|1667952459
|cant|p1a: knock off|slp
|move|p1a: knock off|Sleep Talk|p1a: knock off
|move|p1a: knock off|Behemoth Bash|p2a: Blissey|[from]move: Sleep Talk
|-damage|p2a: Blissey|0 fnt
|faint|p2a: Blissey
|
|upkeep
|c|☆knexhawk2|but progress has been made
|c| Regireaper12|yall guys still have 6 pokemon after 93 turns though
|j| Georgina Tropicana
|inactive|BAN MELMETL has 120 seconds left.
|c| Regireaper12|how sweaty are you people?
|c|☆knexhawk2|not very
|c| Unwallable|Only 93 turns? Amateurs.
|c| Azure_Cry$ta1|I sweat @ this game
|
|t:|1667952510
|switch|p2a: Salamence|Salamence, F, shiny|59/100 tox
|-ability|p2a: Salamence|Intimidate|boost
|-unboost|p1a: knock off|atk|1
|turn|95
|
|t:|1667952523
|switch|p1a: pink shit|Blissey, F|68/100
|move|p2a: Salamence|Defog|p1a: pink shit
|-unboost|p1a: pink shit|evasion|1
|-sideend|p2: BAN MELMETL|Stealth Rock|[from] move: Defog|[of] p2a: Salamence
|
|-damage|p2a: Salamence|53/100 tox|[from] psn
|upkeep
|turn|96
|c| SatelliteFifteen|Regireaper12 its called zama stall
|c| SatelliteFifteen|to beat this shit u need to cteam it
|c| SatelliteFifteen|lol
|c|☆knexhawk2|yeah pretty much lol
|c| Unwallable|These people clearly don't remember ABR vs. Tle
|c| Unwallable|Tele*
|inactive|BAN MELMETL has 90 seconds left.
|
|t:|1667952572
|switch|p2a: Blacephalon|Blacephalon, shiny|100/100
|move|p1a: pink shit|Seismic Toss|p2a: Blacephalon
|-immune|p2a: Blacephalon
|
|upkeep
|turn|97
|
|t:|1667952588
|switch|p1a: pink ass|Toxapex, M, shiny|100/100
|move|p2a: Blacephalon|Shadow Ball|p1a: pink ass
|-damage|p1a: pink ass|42/100
|
|upkeep
|turn|98
|
|t:|1667952591
|switch|p2a: Mamoswine|Mamoswine, F, shiny|76/100
|switch|p1a: pink shit|Blissey, F|68/100
|
|upkeep
|turn|99
|inactive|BAN MELMETL has 90 seconds left.
|
|t:|1667952600
|switch|p1a: pink fuck|Quagsire, M, shiny|100/100
|move|p2a: Mamoswine|Icicle Crash|p1a: pink fuck
|-damage|p1a: pink fuck|52/100
|
|upkeep
|turn|100
|
|t:|1667952603
|move|p1a: pink fuck|Protect|p1a: pink fuck
|-singleturn|p1a: pink fuck|Protect
|move|p2a: Mamoswine|Icicle Crash|p1a: pink fuck
|-activate|p1a: pink fuck|move: Protect
|
|upkeep
|turn|101
|
|t:|1667952605
|switch|p2a: Blacephalon|Blacephalon, shiny|100/100
|switch|p1a: pink ass|Toxapex, M, shiny|75/100
|
|upkeep
|turn|102
|j| Pikablu007
|j| IkilledJFKin1963
|
|t:|1667952617
|switch|p1a: pink shit|Blissey, F|68/100
|move|p2a: Blacephalon|Shadow Ball|p1a: pink shit
|-immune|p1a: pink shit
|
|upkeep
|turn|103
|j| saucycriminal
|inactive|BAN MELMETL has 90 seconds left.
|
|t:|1667952628
|switch|p2a: Buzzwole|Buzzwole, shiny|86/100
|move|p1a: pink shit|Stealth Rock|p2a: Buzzwole
|-sidestart|p2: BAN MELMETL|move: Stealth Rock
|
|upkeep
|turn|104
|
|t:|1667952632
|switch|p1a: pink ass|Toxapex, M, shiny|100/100
|move|p2a: Buzzwole|Ice Punch|p1a: pink ass
|-resisted|p1a: pink ass
|-damage|p1a: pink ass|94/100
|
|upkeep
|turn|105
|inactive|BAN MELMETL has 90 seconds left.
|
|t:|1667952643
|switch|p2a: Slowbro|Slowbro, F|70/100 tox
|-damage|p2a: Slowbro|57/100 tox|[from] Stealth Rock
|move|p1a: pink ass|Scald|p2a: Slowbro
|-resisted|p2a: Slowbro
|-damage|p2a: Slowbro|51/100 tox
|
|-damage|p2a: Slowbro|45/100 tox|[from] psn
|upkeep
|turn|106
|
|t:|1667952650
|switch|p1a: pink fuck|Quagsire, M, shiny|52/100
|move|p2a: Slowbro|Future Sight|p1a: pink fuck
|-start|p2a: Slowbro|move: Future Sight
|
|-damage|p2a: Slowbro|33/100 tox|[from] psn
|upkeep
|turn|107
|inactive|BAN MELMETL has 90 seconds left.
|
|t:|1667952660
|move|p1a: pink fuck|Recover|p1a: pink fuck
|-heal|p1a: pink fuck|100/100
|move|p2a: Slowbro|Scald|p1a: pink fuck
|-damage|p1a: pink fuck|67/100
|-status|p1a: pink fuck|brn
|
|-damage|p2a: Slowbro|15/100 tox|[from] psn
|-damage|p1a: pink fuck|61/100 brn|[from] brn
|upkeep
|turn|108
|inactive|BAN MELMETL has 90 seconds left.
|
|t:|1667952668
|switch|p2a: Salamence|Salamence, F, shiny|53/100 tox
|-ability|p2a: Salamence|Intimidate|boost
|-unboost|p1a: pink fuck|atk|1
|move|p1a: pink fuck|Recover|p1a: pink fuck
|-heal|p1a: pink fuck|100/100 brn
|
|-end|p1a: pink fuck|move: Future Sight
|-damage|p1a: pink fuck|48/100 brn
|-damage|p2a: Salamence|47/100 tox|[from] psn
|-damage|p1a: pink fuck|42/100 brn|[from] brn
|upkeep
|turn|109
|c| SatelliteFifteen|i know  a mon that might beatt his
|inactive|BAN MELMETL has 90 seconds left.
|c|☆knexhawk2|wtf is beating this
|c| Unwallable|Pyukumuku?
|c|☆knexhawk2|aside from opposing stall
|c| SatelliteFifteen|taunt salaz maybe?
|c|☆knexhawk2|or like, ditto
|c| Unwallable|Pyukumuku Hyper Offense
|inactive|BAN MELMETL has 60 seconds left.
|c|☆knexhawk2|there is a blissey
|c|☆knexhawk2|right there
|c| im coral|zama is broken
|c|☆knexhawk2|it just toss spams
|c|☆BAN MELMETL|any taunt team
|c| im coral|this shit is not fair
|c| saucycriminal|lol
|c|☆BAN MELMETL|specs lele also
|inactive|BAN MELMETL has 30 seconds left.
|c|☆knexhawk2|zama is just faster
|inactive|BAN MELMETL has 20 seconds left.
|
|t:|1667952745
|switch|p1a: pink shit|Blissey, F|68/100
|move|p2a: Salamence|Roost|p2a: Salamence
|-heal|p2a: Salamence|97/100 tox
|-singleturn|p2a: Salamence|move: Roost
|
|-damage|p2a: Salamence|85/100 tox|[from] psn
|upkeep
|turn|110
|inactive|BAN MELMETL has 25 seconds left this turn.
|c|☆knexhawk2|btw
|j| natdexfunnn
|j| TTarion
|c|☆knexhawk2|and isnt even 2hkoed
|inactive|BAN MELMETL has 20 seconds left.
|
|t:|1667952752
|move|p2a: Salamence|Earthquake|p1a: pink shit
|-damage|p1a: pink shit|43/100
|move|p1a: pink shit|Seismic Toss|p2a: Salamence
|-damage|p2a: Salamence|59/100 tox
|
|-damage|p2a: Salamence|41/100 tox|[from] psn
|upkeep
|turn|111
|inactive|BAN MELMETL has 25 seconds left this turn.
|inactive|BAN MELMETL has 20 seconds left.
|
|t:|1667952762
|move|p2a: Salamence|Earthquake|p1a: pink shit
|-crit|p1a: pink shit
|-damage|p1a: pink shit|5/100
|move|p1a: pink shit|Soft-Boiled|p1a: pink shit
|-heal|p1a: pink shit|55/100
|
|-damage|p2a: Salamence|17/100 tox|[from] psn
|upkeep
|turn|112
|inactive|BAN MELMETL has 25 seconds left this turn.
|inactive|BAN MELMETL has 20 seconds left.
|c| SatelliteFifteen|almost got sheisty there
|
|t:|1667952771
|switch|p2a: Mamoswine|Mamoswine, F, shiny|76/100
|-damage|p2a: Mamoswine|63/100|[from] Stealth Rock
|move|p1a: pink shit|Stealth Rock||[still]
|-fail|p1a: pink shit
|
|upkeep
|turn|113
|inactive|BAN MELMETL has 25 seconds left this turn.
|inactive|BAN MELMETL has 20 seconds left.
|inactive|BAN MELMETL has 15 seconds left.
|
|t:|1667952785
|switch|p1a: green bird|Skarmory, F, shiny|59/100
|move|p2a: Mamoswine|Icicle Crash|p1a: green bird
|-damage|p1a: green bird|18/100
|
|upkeep
|turn|114
|inactive|BAN MELMETL has 20 seconds left this turn.
|inactive|BAN MELMETL has 15 seconds left.
|
|t:|1667952791
|switch|p2a: Blacephalon|Blacephalon, shiny|100/100
|-damage|p2a: Blacephalon|76/100|[from] Stealth Rock
|switch|p1a: pink ass|Toxapex, M, shiny|100/100
|
|upkeep
|turn|115
|inactive|BAN MELMETL has 20 seconds left this turn.
|inactive|BAN MELMETL has 15 seconds left.
|inactive|BAN MELMETL has 10 seconds left.
|
|t:|1667952802
|switch|p2a: Buzzwole|Buzzwole, shiny|86/100
|-damage|p2a: Buzzwole|74/100|[from] Stealth Rock
|move|p1a: pink ass|Light Screen|p1a: pink ass
|-sidestart|p1: knexhawk2|move: Light Screen
|
|upkeep
|turn|116
|inactive|BAN MELMETL has 15 seconds left this turn.
|inactive|BAN MELMETL has 10 seconds left.
|
|t:|1667952809
|switch|p1a: green shit|Dragonite, F, shiny|26/100
|move|p2a: Buzzwole|Close Combat|p1a: green shit
|-resisted|p1a: green shit
|-damage|p1a: green shit|0 fnt
|-unboost|p2a: Buzzwole|def|1
|-unboost|p2a: Buzzwole|spd|1
|faint|p1a: green shit
|-ability|p2a: Buzzwole|Beast Boost|boost
|-boost|p2a: Buzzwole|def|1
|
|upkeep
|inactive|BAN MELMETL has 15 seconds left this turn.
|j| spacemeatsheep
|
|t:|1667952819
|switch|p1a: pink ass|Toxapex, M, shiny|100/100
|turn|117
|inactive|BAN MELMETL has 20 seconds left this turn.
|inactive|BAN MELMETL has 15 seconds left.
|
|t:|1667952824
|switch|p2a: Slowbro|Slowbro, F|48/100 tox
|-damage|p2a: Slowbro|36/100 tox|[from] Stealth Rock
|move|p1a: pink ass|Knock Off|p2a: Slowbro
|-supereffective|p2a: Slowbro
|-damage|p2a: Slowbro|21/100 tox
|
|-damage|p2a: Slowbro|15/100 tox|[from] psn
|upkeep
|turn|118
|inactive|BAN MELMETL has 20 seconds left this turn.
|c| im coral|1/6, 117 turns in :c
|j|+sufys12
|inactive|BAN MELMETL has 15 seconds left.
|inactive|BAN MELMETL has 10 seconds left.
|
|t:|1667952835
|switch|p2a: Salamence|Salamence, F, shiny|17/100 tox
|-ability|p2a: Salamence|Intimidate|boost
|-unboost|p1a: pink ass|atk|1
|move|p1a: pink ass|Knock Off|p2a: Salamence
|-damage|p2a: Salamence|9/100 tox
|-enditem|p2a: Salamence|Heavy-Duty Boots|[from] move: Knock Off|[of] p1a: pink ass
|
|-damage|p2a: Salamence|3/100 tox|[from] psn
|upkeep
|turn|119
|inactive|BAN MELMETL has 15 seconds left this turn.
|c| natdexfunnn|uh oh bros in trouble
|inactive|BAN MELMETL has 10 seconds left.
|
|t:|1667952851
|switch|p1a: pink shit|Blissey, F|55/100
|move|p2a: Salamence|Defog|p1a: pink shit
|-unboost|p1a: pink shit|evasion|1
|-sideend|p1: knexhawk2|move: Light Screen
|-sideend|p2: BAN MELMETL|Stealth Rock|[from] move: Defog|[of] p2a: Salamence
|
|-damage|p2a: Salamence|0 fnt|[from] psn
|faint|p2a: Salamence
|upkeep
|inactive|BAN MELMETL has 15 seconds left this turn.
|c|☆knexhawk2|no im ok
|inactive|BAN MELMETL has 10 seconds left.
|
|t:|1667952859
|switch|p2a: Mamoswine|Mamoswine, F, shiny|63/100
|turn|120
|inactive|BAN MELMETL has 15 seconds left this turn.
|c| im coral|copium
|inactive|BAN MELMETL has 10 seconds left.
|c| natdexfunnn|meant slowbro
|
|t:|1667952865
|switch|p1a: pink fuck|Quagsire, M, shiny|42/100 brn
|move|p2a: Mamoswine|Icicle Crash|p1a: pink fuck
|-damage|p1a: pink fuck|0 fnt
|faint|p1a: pink fuck
|
|upkeep
|inactive|BAN MELMETL has 15 seconds left this turn.
|c|☆knexhawk2|fair enough
|c| natdexfunnn|the anti stall mon
|
|t:|1667952871
|switch|p1a: pink ass|Toxapex, M, shiny|100/100
|turn|121
|inactive|BAN MELMETL has 20 seconds left this turn.
|inactive|BAN MELMETL has 15 seconds left.
|
|t:|1667952878
|switch|p2a: Slowbro|Slowbro, F|48/100 tox
|switch|p1a: pink shit|Blissey, F|55/100
|
|-damage|p2a: Slowbro|42/100 tox|[from] psn
|upkeep
|turn|122
|inactive|BAN MELMETL has 20 seconds left this turn.
|inactive|BAN MELMETL has 15 seconds left.
|c|%htcl|oh wait
|c|%htcl|its cb mamo
|
|t:|1667952887
|switch|p2a: Mamoswine|Mamoswine, F, shiny|63/100
|move|p1a: pink shit|Stealth Rock|p2a: Mamoswine
|-sidestart|p2: BAN MELMETL|move: Stealth Rock
|
|upkeep
|turn|123
|inactive|BAN MELMETL has 20 seconds left this turn.
|c|☆knexhawk2|yes it is
|inactive|BAN MELMETL has 15 seconds left.
|c|%htcl|ok then maybe its winnable actually
|c| natdexfunnn|simply outplay
|c|%htcl|i wasn't paying attention for the first 100 turns
|
|t:|1667952905
|switch|p1a: knock off|Zamazenta-Crowned|75/100 slp
|-ability|p1a: knock off|Dauntless Shield|boost
|-boost|p1a: knock off|def|1
|move|p2a: Mamoswine|Icicle Crash|p1a: knock off
|-resisted|p1a: knock off
|-damage|p1a: knock off|60/100 slp
|
|upkeep
|turn|124
|inactive|BAN MELMETL has 20 seconds left this turn.
|c|%htcl|so i thought u were toast
|inactive|BAN MELMETL has 15 seconds left.
|
|t:|1667952913
|switch|p2a: Slowbro|Slowbro, F|75/100 tox
|-damage|p2a: Slowbro|63/100 tox|[from] Stealth Rock
|cant|p1a: knock off|slp
|move|p1a: knock off|Sleep Talk|p1a: knock off
|move|p1a: knock off|Behemoth Bash|p2a: Slowbro|[from]move: Sleep Talk
|-resisted|p2a: Slowbro
|-damage|p2a: Slowbro|46/100 tox
|
|-damage|p2a: Slowbro|40/100 tox|[from] psn
|upkeep
|turn|125
|inactive|BAN MELMETL has 20 seconds left this turn.
|c|☆knexhawk2|yeah i insta 6-0ed if this wasnt trick slowbro
|inactive|BAN MELMETL has 15 seconds left.
|c| SatelliteFifteen|it is winnable
|inactive|BAN MELMETL has 10 seconds left.
|inactive|BAN MELMETL has 5 seconds left.
|
|t:|1667952928
|switch|p1a: pink ass|Toxapex, M, shiny|100/100
|move|p2a: Slowbro|Scald|p1a: pink ass
|-resisted|p1a: pink ass
|-damage|p1a: pink ass|89/100
|
|-damage|p2a: Slowbro|28/100 tox|[from] psn
|upkeep
|turn|126
|inactive|BAN MELMETL has 10 seconds left this turn.
|inactive|BAN MELMETL has 5 seconds left.
|
|t:|1667952936
|switch|p2a: Buzzwole|Buzzwole, shiny|74/100
|-damage|p2a: Buzzwole|61/100|[from] Stealth Rock
|move|p1a: pink ass|Light Screen|p1a: pink ass
|-sidestart|p1: knexhawk2|move: Light Screen
|
|upkeep
|turn|127
|inactive|BAN MELMETL has 10 seconds left this turn.
|inactive|BAN MELMETL has 5 seconds left.
|
|t:|1667952944
|switch|p1a: knock off|Zamazenta-Crowned|60/100 slp
|-ability|p1a: knock off|Dauntless Shield|boost
|-boost|p1a: knock off|def|1
|move|p2a: Buzzwole|Roost|p2a: Buzzwole
|-heal|p2a: Buzzwole|100/100
|-singleturn|p2a: Buzzwole|move: Roost
|
|upkeep
|turn|128
|inactive|BAN MELMETL has 10 seconds left this turn.
|inactive|BAN MELMETL has 5 seconds left.
|
|t:|1667952950
|switch|p1a: pink ass|Toxapex, M, shiny|100/100
|move|p2a: Buzzwole|Ice Punch|p1a: pink ass
|-resisted|p1a: pink ass
|-damage|p1a: pink ass|94/100
|
|upkeep
|turn|129
|inactive|BAN MELMETL has 10 seconds left this turn.
|
|t:|1667952953
|switch|p2a: Slowbro|Slowbro, F|61/100 tox
|-damage|p2a: Slowbro|48/100 tox|[from] Stealth Rock
|move|p1a: pink ass|Knock Off|p2a: Slowbro
|-supereffective|p2a: Slowbro
|-damage|p2a: Slowbro|32/100 tox
|
|-damage|p2a: Slowbro|26/100 tox|[from] psn
|upkeep
|turn|130
|inactive|BAN MELMETL has 15 seconds left this turn.
|c| SatelliteFifteen|but its kind of a weird situation
|
|t:|1667952957
|switch|p2a: Buzzwole|Buzzwole, shiny|100/100
|-damage|p2a: Buzzwole|88/100|[from] Stealth Rock
|move|p1a: pink ass|Knock Off|p2a: Buzzwole
|-resisted|p2a: Buzzwole
|-damage|p2a: Buzzwole|84/100
|-damage|p1a: pink ass|77/100|[from] item: Rocky Helmet|[of] p2a: Buzzwole
|-enditem|p2a: Buzzwole|Rocky Helmet|[from] move: Knock Off|[of] p1a: pink ass
|
|-sideend|p1: knexhawk2|move: Light Screen
|upkeep
|turn|131
|inactive|BAN MELMETL has 20 seconds left this turn.
|inactive|BAN MELMETL has 15 seconds left.
|
|t:|1667952963
|switch|p1a: green bird|Skarmory, F, shiny|18/100
|move|p2a: Buzzwole|Close Combat|p1a: green bird
|-damage|p1a: green bird|0 fnt
|-unboost|p2a: Buzzwole|def|1
|-unboost|p2a: Buzzwole|spd|1
|faint|p1a: green bird
|-ability|p2a: Buzzwole|Beast Boost|boost
|-boost|p2a: Buzzwole|def|1
|
|upkeep
|inactive|BAN MELMETL has 20 seconds left this turn.
|c| SatelliteFifteen|oh
|c| SatelliteFifteen|nvm
|c| Unwallable|FREEZE INC?
|c|☆knexhawk2|its fine i dont need that
|c|☆knexhawk2|zama win con
|
|t:|1667952977
|switch|p1a: pink ass|Toxapex, M, shiny|100/100
|turn|132
|inactive|BAN MELMETL has 25 seconds left this turn.
|
|t:|1667952982
|switch|p2a: Slowbro|Slowbro, F|59/100 tox
|-damage|p2a: Slowbro|47/100 tox|[from] Stealth Rock
|move|p1a: pink ass|Scald|p2a: Slowbro
|-resisted|p2a: Slowbro
|-crit|p2a: Slowbro
|-damage|p2a: Slowbro|36/100 tox
|
|-damage|p2a: Slowbro|30/100 tox|[from] psn
|upkeep
|turn|133
|inactive|BAN MELMETL has 30 seconds left this turn.
|
|t:|1667952989
|switch|p1a: pink shit|Blissey, F|55/100
|move|p2a: Slowbro|Future Sight|p1a: pink shit
|-start|p2a: Slowbro|move: Future Sight
|
|-damage|p2a: Slowbro|18/100 tox|[from] psn
|upkeep
|turn|134
|inactive|BAN MELMETL has 30 seconds left this turn.
|
|t:|1667952994
|switch|p2a: Buzzwole|Buzzwole, shiny|84/100
|-damage|p2a: Buzzwole|72/100|[from] Stealth Rock
|move|p1a: pink shit|Soft-Boiled|p1a: pink shit
|-heal|p1a: pink shit|100/100
|
|upkeep
|turn|135
|j| man with the juice
|
|t:|1667953003
|move|p2a: Buzzwole|Close Combat|p1a: pink shit
|-supereffective|p1a: pink shit
|-damage|p1a: pink shit|9/100
|-unboost|p2a: Buzzwole|def|1
|-unboost|p2a: Buzzwole|spd|1
|move|p1a: pink shit|Toxic|p2a: Buzzwole
|-status|p2a: Buzzwole|tox
|
|-end|p1a: pink shit|move: Future Sight
|-damage|p1a: pink shit|0 fnt
|faint|p1a: pink shit
|-damage|p2a: Buzzwole|66/100 tox|[from] psn
|upkeep
|
|t:|1667953004
|switch|p1a: pink ass|Toxapex, M, shiny|100/100
|turn|136
|
|t:|1667953012
|move|p2a: Buzzwole|Roost|p2a: Buzzwole
|-heal|p2a: Buzzwole|100/100 tox
|-singleturn|p2a: Buzzwole|move: Roost
|move|p1a: pink ass|Knock Off|p2a: Buzzwole
|-resisted|p2a: Buzzwole
|-damage|p2a: Buzzwole|97/100 tox
|
|-damage|p2a: Buzzwole|84/100 tox|[from] psn
|upkeep
|turn|137
|
|t:|1667953017
|switch|p2a: Slowbro|Slowbro, F|51/100 tox
|-damage|p2a: Slowbro|39/100 tox|[from] Stealth Rock
|move|p1a: pink ass|Knock Off|p2a: Slowbro
|-supereffective|p2a: Slowbro
|-damage|p2a: Slowbro|24/100 tox
|
|-damage|p2a: Slowbro|18/100 tox|[from] psn
|upkeep
|turn|138
|
|t:|1667953024
|move|p1a: pink ass|Knock Off|p2a: Slowbro
|-supereffective|p2a: Slowbro
|-damage|p2a: Slowbro|2/100 tox
|move|p2a: Slowbro|Slack Off|p2a: Slowbro
|-heal|p2a: Slowbro|52/100 tox
|
|-damage|p2a: Slowbro|40/100 tox|[from] psn
|upkeep
|turn|139
|
|t:|1667953027
|switch|p2a: Buzzwole|Buzzwole, shiny|84/100 tox
|-damage|p2a: Buzzwole|72/100 tox|[from] Stealth Rock
|move|p1a: pink ass|Knock Off|p2a: Buzzwole
|-resisted|p2a: Buzzwole
|-damage|p2a: Buzzwole|70/100 tox
|
|-damage|p2a: Buzzwole|63/100 tox|[from] psn
|upkeep
|turn|140
|c| SatelliteFifteen|actually yeah
|
|t:|1667953033
|switch|p2a: Slowbro|Slowbro, F|73/100 tox
|-damage|p2a: Slowbro|61/100 tox|[from] Stealth Rock
|move|p1a: pink ass|Knock Off|p2a: Slowbro
|-supereffective|p2a: Slowbro
|-damage|p2a: Slowbro|46/100 tox
|
|-damage|p2a: Slowbro|40/100 tox|[from] psn
|upkeep
|turn|141
|
|t:|1667953036
|move|p1a: pink ass|Knock Off|p2a: Slowbro
|-supereffective|p2a: Slowbro
|-damage|p2a: Slowbro|25/100 tox
|move|p2a: Slowbro|Slack Off|p2a: Slowbro
|-heal|p2a: Slowbro|75/100 tox
|
|-damage|p2a: Slowbro|63/100 tox|[from] psn
|upkeep
|turn|142
|
|t:|1667953039
|move|p1a: pink ass|Knock Off|p2a: Slowbro
|-supereffective|p2a: Slowbro
|-damage|p2a: Slowbro|46/100 tox
|move|p2a: Slowbro|Future Sight|p1a: pink ass
|-start|p2a: Slowbro|move: Future Sight
|
|-damage|p2a: Slowbro|28/100 tox|[from] psn
|upkeep
|turn|143
|
|t:|1667953043
|switch|p2a: Buzzwole|Buzzwole, shiny|63/100 tox
|-damage|p2a: Buzzwole|51/100 tox|[from] Stealth Rock
|move|p1a: pink ass|Knock Off|p2a: Buzzwole
|-resisted|p2a: Buzzwole
|-damage|p2a: Buzzwole|48/100 tox
|
|-damage|p2a: Buzzwole|42/100 tox|[from] psn
|upkeep
|turn|144
|c| SatelliteFifteen|how much pp does bb have
|
|t:|1667953051
|move|p2a: Buzzwole|Roost|p2a: Buzzwole
|-heal|p2a: Buzzwole|92/100 tox
|-singleturn|p2a: Buzzwole|move: Roost
|move|p1a: pink ass|Knock Off|p2a: Buzzwole
|-resisted|p2a: Buzzwole
|-damage|p2a: Buzzwole|90/100 tox
|
|-end|p1a: pink ass|move: Future Sight
|-supereffective|p1a: pink ass
|-damage|p1a: pink ass|37/100
|-damage|p2a: Buzzwole|77/100 tox|[from] psn
|upkeep
|turn|145
|
|t:|1667953058
|switch|p2a: Slowbro|Slowbro, F|61/100 tox
|-damage|p2a: Slowbro|49/100 tox|[from] Stealth Rock
|move|p1a: pink ass|Knock Off|p2a: Slowbro
|-supereffective|p2a: Slowbro
|-damage|p2a: Slowbro|34/100 tox
|
|-damage|p2a: Slowbro|28/100 tox|[from] psn
|upkeep
|turn|146
|
|t:|1667953062
|switch|p1a: knock off|Zamazenta-Crowned|60/100 slp
|-ability|p1a: knock off|Dauntless Shield|boost
|-boost|p1a: knock off|def|1
|move|p2a: Slowbro|Slack Off|p2a: Slowbro
|-heal|p2a: Slowbro|78/100 tox
|
|-damage|p2a: Slowbro|65/100 tox|[from] psn
|upkeep
|turn|147
|
|t:|1667953067
|-curestatus|p1a: knock off|slp|[msg]
|move|p1a: knock off|Behemoth Bash|p2a: Slowbro
|-resisted|p2a: Slowbro
|-damage|p2a: Slowbro|51/100 tox
|move|p2a: Slowbro|Future Sight|p1a: knock off
|-start|p2a: Slowbro|move: Future Sight
|
|-damage|p2a: Slowbro|33/100 tox|[from] psn
|upkeep
|turn|148
|
|t:|1667953076
|switch|p2a: Buzzwole|Buzzwole, shiny|77/100 tox
|-damage|p2a: Buzzwole|65/100 tox|[from] Stealth Rock
|move|p1a: knock off|Behemoth Bash|p2a: Buzzwole
|-damage|p2a: Buzzwole|41/100 tox
|
|-damage|p2a: Buzzwole|35/100 tox|[from] psn
|upkeep
|turn|149
|
|t:|1667953088
|move|p1a: knock off|Behemoth Bash|p2a: Buzzwole
|-damage|p2a: Buzzwole|13/100 tox
|move|p2a: Buzzwole|Roost|p2a: Buzzwole
|-heal|p2a: Buzzwole|63/100 tox
|-singleturn|p2a: Buzzwole|move: Roost
|
|-end|p1a: knock off|move: Future Sight
|-damage|p1a: knock off|38/100
|-damage|p2a: Buzzwole|51/100 tox|[from] psn
|upkeep
|turn|150
|
|t:|1667953094
|move|p1a: knock off|Rest|p1a: knock off
|-status|p1a: knock off|slp|[from] move: Rest
|-heal|p1a: knock off|100/100 slp|[silent]
|move|p2a: Buzzwole|Roost|p2a: Buzzwole
|-heal|p2a: Buzzwole|100/100 tox
|-singleturn|p2a: Buzzwole|move: Roost
|
|-damage|p2a: Buzzwole|82/100 tox|[from] psn
|upkeep
|turn|151
|
|t:|1667953100
|switch|p2a: Slowbro|Slowbro, F|66/100 tox
|-damage|p2a: Slowbro|54/100 tox|[from] Stealth Rock
|cant|p1a: knock off|slp
|move|p1a: knock off|Sleep Talk|p1a: knock off
|move|p1a: knock off|Behemoth Bash|p2a: Slowbro|[from]move: Sleep Talk
|-resisted|p2a: Slowbro
|-damage|p2a: Slowbro|39/100 tox
|
|-damage|p2a: Slowbro|33/100 tox|[from] psn
|upkeep
|turn|152
|
|t:|1667953102
|cant|p1a: knock off|slp
|move|p1a: knock off|Sleep Talk|p1a: knock off
|move|p1a: knock off|Rest||[from]move: Sleep Talk|[still]
|-fail|p1a: knock off
|move|p2a: Slowbro|Slack Off|p2a: Slowbro
|-heal|p2a: Slowbro|83/100 tox
|
|-damage|p2a: Slowbro|71/100 tox|[from] psn
|upkeep
|turn|153
|
|t:|1667953106
|switch|p1a: pink ass|Toxapex, M, shiny|71/100
|move|p2a: Slowbro|Future Sight|p1a: pink ass
|-start|p2a: Slowbro|move: Future Sight
|
|-damage|p2a: Slowbro|52/100 tox|[from] psn
|upkeep
|turn|154
|
|t:|1667953114
|switch|p1a: knock off|Zamazenta-Crowned|100/100 slp
|-ability|p1a: knock off|Dauntless Shield|boost
|-boost|p1a: knock off|def|1
|switch|p2a: Buzzwole|Buzzwole, shiny|82/100 tox
|-damage|p2a: Buzzwole|70/100 tox|[from] Stealth Rock
|
|-damage|p2a: Buzzwole|64/100 tox|[from] psn
|upkeep
|turn|155
|
|t:|1667953118
|-curestatus|p1a: knock off|slp|[msg]
|move|p1a: knock off|Behemoth Bash|p2a: Buzzwole
|-damage|p2a: Buzzwole|40/100 tox
|move|p2a: Buzzwole|Close Combat|p1a: knock off
|-supereffective|p1a: knock off
|-damage|p1a: knock off|54/100
|-unboost|p2a: Buzzwole|def|1
|-unboost|p2a: Buzzwole|spd|1
|
|-end|p1a: knock off|move: Future Sight
|-damage|p1a: knock off|35/100
|-damage|p2a: Buzzwole|27/100 tox|[from] psn
|upkeep
|turn|156
|j| seelbachariot
|inactive|BAN MELMETL has 90 seconds left.
|
|t:|1667953127
|move|p1a: knock off|Behemoth Bash|p2a: Buzzwole
|-damage|p2a: Buzzwole|0 fnt
|faint|p2a: Buzzwole
|
|upkeep
|inactive|BAN MELMETL has 90 seconds left.
|
|t:|1667953134
|switch|p2a: Blacephalon|Blacephalon, shiny|76/100
|-damage|p2a: Blacephalon|51/100|[from] Stealth Rock
|turn|157
|c| SatelliteFifteen|eat?
|c| natdexfunnn|no way
|c|☆BAN MELMETL|if its not max speed, gg son
|inactive|knexhawk2 has 120 seconds left.
|
|t:|1667953164
|move|p2a: Blacephalon|Shadow Ball|p1a: knock off
|-damage|p1a: knock off|0 fnt
|faint|p1a: knock off
|-ability|p2a: Blacephalon|Beast Boost|boost
|-boost|p2a: Blacephalon|spa|1
|
|upkeep
|c|☆knexhawk2|aw
|c|☆knexhawk2|its a roll
|inactive|knexhawk2 has 120 seconds left.
|
|t:|1667953171
|switch|p1a: pink ass|Toxapex, M, shiny|100/100
|turn|158
|c| Georgina Tropicana|damn
|
|t:|1667953175
|move|p2a: Blacephalon|Shadow Ball|p1a: pink ass
|-damage|p1a: pink ass|19/100
|move|p1a: pink ass|Knock Off|p2a: Blacephalon
|-supereffective|p2a: Blacephalon
|-damage|p2a: Blacephalon|0 fnt
|-enditem|p2a: Blacephalon|Choice Specs|[from] move: Knock Off|[of] p1a: pink ass
|faint|p2a: Blacephalon
|
|upkeep
|c|☆knexhawk2|caled it
|c| aursnes|RIP
|
|t:|1667953180
|switch|p2a: Mamoswine|Mamoswine, F, shiny|63/100
|-damage|p2a: Mamoswine|51/100|[from] Stealth Rock
|turn|159
|c|☆knexhawk2|fuckin trick slowbro
|c| saucycriminal|oh
|
|t:|1667953184
|move|p2a: Mamoswine|Earthquake|p1a: pink ass
|-supereffective|p1a: pink ass
|-damage|p1a: pink ass|0 fnt
|faint|p1a: pink ass
|
|win|BAN MELMETL
|n|☆knexhawk2|knexhawk2
|n|☆BAN MELMETL|banmelmetl
|n| htcl|htcl
|n| Rosaism|rosaism
|n| SatelliteFifteen|satellitefifteen
|n| aursnes|aursnes
|n| Unwallable|unwallable
|n| im coral|imcoral
|n| Azure_Cry$ta1|azurecryta1
|n| Regireaper12|regireaper12
|n| Georgina Tropicana|georginatropicana
|n| Pikablu007|pikablu007
|n| IkilledJFKin1963|ikilledjfkin1963
|n| saucycriminal|saucycriminal
|n| natdexfunnn|natdexfunnn
|n| TTarion|ttarion
|n| spacemeatsheep|spacemeatsheep
|n| sufys12|sufys12
|n| man with the juice|manwiththejuice
|n| seelbachariot|seelbachariot
|l|☆knexhawk2
|c|☆BAN MELMETL|L
|l| Georgina Tropicana
|l| natdexfunnn
|l| SatelliteFifteen
|l| sufys12
|l| TTarion
|l| IkilledJFKin1963
|l| seelbachariot
|l| aursnes
