|j|☆in the membrane
|j|☆4funaccount
|player|p1|in the membrane|candice|1709
|player|p2|4funaccount|volkner|1711
|teamsize|p1|6
|teamsize|p2|6
|gametype|singles
|gen|8
|tier|[Gen 8] OU
|rated|
|clearpoke
|poke|p1|Diggersby, F|
|poke|p1|Aegislash, F|
|poke|p1|Sylveon, M|
|poke|p1|Seismitoad, M|
|poke|p1|Mandibuzz, F|
|poke|p1|Conkeldurr, F|
|poke|p2|Hatterene, F|
|poke|p2|Centiskorch, M|
|poke|p2|Corviknight, M|
|poke|p2|Seismitoad, M|
|poke|p2|Hydreigon, F|
|poke|p2|Gengar, F|
|rule|Sleep Clause Mod: Limit one foe put to sleep
|rule|Species Clause: Limit one of each Pokémon
|rule|OHKO Clause: OHKO moves are banned
|rule|Evasion Moves Clause: Evasion moves are banned
|rule|Endless Battle Clause: Forcing endless battles is banned
|rule|HP Percentage Mod: HP is shown in percentages
|rule|Dynamax Clause: You cannot dynamax
|teampreview
|j| Slimedaddyslim
|inactive|Battle timer is ON: inactive players will automatically lose when time's up. (requested by in the membrane)
|
|start
|switch|p1a: Mandibuzz|Mandibuzz, F|100/100
|switch|p2a: Hydreigon|Hydreigon, F|100/100
|turn|1
|
|switch|p2a: Hatterene|Hatterene, F|100/100
|move|p1a: Mandibuzz|Knock Off|p2a: Hatterene
|-damage|p2a: Hatterene|79/100
|-enditem|p2a: Hatterene|Leftovers|[from] move: Knock Off|[of] p1a: Mandibuzz
|
|upkeep
|turn|2
|
|move|p1a: Mandibuzz|U-turn|p2a: Hatterene
|-damage|p2a: Hatterene|69/100
|
|switch|p1a: Aegislash|Aegislash, F, shiny|100/100|[from]move: U-turn
|-item|p1a: Aegislash|Air Balloon
|move|p2a: Hatterene|Draining Kiss|p1a: Aegislash
|-resisted|p1a: Aegislash
|-damage|p1a: Aegislash|87/100
|-heal|p2a: Hatterene|78/100|[from] drain|[of] p1a: Aegislash
|-enditem|p1a: Aegislash|Air Balloon
|
|upkeep
|turn|3
|j| I_LLUMINAT_I
|
|switch|p1a: Diggersby|Diggersby, F, shiny|100/100
|switch|p2a: Seismitoad|Seismitoad, M|100/100
|
|upkeep
|turn|4
|
|switch|p1a: Conkeldurr|Conkeldurr, F|100/100
|move|p2a: Seismitoad|Stealth Rock|p1a: Conkeldurr
|-sidestart|p1: in the membrane|move: Stealth Rock
|
|-status|p1a: Conkeldurr|brn|[from] item: Flame Orb
|upkeep
|turn|5
|
|move|p2a: Seismitoad|Protect|p2a: Seismitoad
|-singleturn|p2a: Seismitoad|Protect
|move|p1a: Conkeldurr|Drain Punch|p2a: Seismitoad
|-activate|p2a: Seismitoad|move: Protect
|
|-damage|p1a: Conkeldurr|94/100 brn|[from] brn
|upkeep
|turn|6
|
|move|p1a: Conkeldurr|Earthquake|p2a: Seismitoad
|-damage|p2a: Seismitoad|57/100
|move|p2a: Seismitoad|Earthquake|p1a: Conkeldurr
|-damage|p1a: Conkeldurr|61/100 brn
|
|-heal|p2a: Seismitoad|63/100|[from] item: Leftovers
|-damage|p1a: Conkeldurr|55/100 brn|[from] brn
|upkeep
|turn|7
|
|move|p2a: Seismitoad|Protect|p2a: Seismitoad
|-singleturn|p2a: Seismitoad|Protect
|move|p1a: Conkeldurr|Earthquake|p2a: Seismitoad
|-activate|p2a: Seismitoad|move: Protect
|
|-heal|p2a: Seismitoad|69/100|[from] item: Leftovers
|-damage|p1a: Conkeldurr|49/100 brn|[from] brn
|upkeep
|turn|8
|
|switch|p2a: Gengar|Gengar, F|100/100
|move|p1a: Conkeldurr|Drain Punch|p2a: Gengar
|-immune|p2a: Gengar
|
|-damage|p1a: Conkeldurr|43/100 brn|[from] brn
|upkeep
|turn|9
|
|switch|p1a: Mandibuzz|Mandibuzz, F|100/100
|move|p2a: Gengar|Sludge Wave|p1a: Mandibuzz
|-damage|p1a: Mandibuzz|61/100
|
|upkeep
|turn|10
|
|move|p2a: Gengar|Sludge Wave|p1a: Mandibuzz
|-crit|p1a: Mandibuzz
|-damage|p1a: Mandibuzz|9/100
|move|p1a: Mandibuzz|Roost|p1a: Mandibuzz
|-heal|p1a: Mandibuzz|59/100
|-singleturn|p1a: Mandibuzz|move: Roost
|
|upkeep
|turn|11
|
|move|p2a: Gengar|Sludge Wave|p1a: Mandibuzz
|-damage|p1a: Mandibuzz|25/100
|move|p1a: Mandibuzz|Roost|p1a: Mandibuzz
|-heal|p1a: Mandibuzz|75/100
|-singleturn|p1a: Mandibuzz|move: Roost
|
|upkeep
|turn|12
|
|switch|p2a: Hatterene|Hatterene, F|78/100
|move|p1a: Mandibuzz|Knock Off|p2a: Hatterene
|-damage|p2a: Hatterene|63/100
|
|upkeep
|turn|13
|
|move|p1a: Mandibuzz|Defog|p2a: Hatterene
|move|p2a: Hatterene|Defog|p1a: Mandibuzz|[from]Magic Bounce
|-unboost|p1a: Mandibuzz|evasion|1
|-sideend|p1: in the membrane|Stealth Rock|[from] move: Defog|[of] p2a: Hatterene
|move|p2a: Hatterene|Draining Kiss|p1a: Mandibuzz
|-supereffective|p1a: Mandibuzz
|-damage|p1a: Mandibuzz|40/100
|-heal|p2a: Hatterene|98/100|[from] drain|[of] p1a: Mandibuzz
|
|upkeep
|turn|14
|
|move|p1a: Mandibuzz|Roost|p1a: Mandibuzz
|-heal|p1a: Mandibuzz|90/100
|-singleturn|p1a: Mandibuzz|move: Roost
|move|p2a: Hatterene|Mystical Fire|p1a: Mandibuzz
|-damage|p1a: Mandibuzz|73/100
|-unboost|p1a: Mandibuzz|spa|1
|
|upkeep
|turn|15
|
|move|p1a: Mandibuzz|U-turn|p2a: Hatterene
|-damage|p2a: Hatterene|88/100
|
|switch|p1a: Sylveon|Sylveon, M, shiny|100/100|[from]move: U-turn
|move|p2a: Hatterene|Mystical Fire|p1a: Sylveon
|-damage|p1a: Sylveon|87/100
|-unboost|p1a: Sylveon|spa|1
|
|-heal|p1a: Sylveon|93/100|[from] item: Leftovers
|upkeep
|turn|16
|
|move|p1a: Sylveon|Wish|p1a: Sylveon
|move|p2a: Hatterene|Calm Mind|p2a: Hatterene
|-boost|p2a: Hatterene|spa|1
|-boost|p2a: Hatterene|spd|1
|
|-heal|p1a: Sylveon|99/100|[from] item: Leftovers
|upkeep
|turn|17
|
|switch|p1a: Aegislash|Aegislash, F, shiny|87/100
|move|p2a: Hatterene|Mystical Fire|p1a: Aegislash
|-supereffective|p1a: Aegislash
|-damage|p1a: Aegislash|17/100
|-unboost|p1a: Aegislash|spa|1
|
|-heal|p1a: Aegislash|92/100|[from] move: Wish|[wisher] Sylveon
|upkeep
|turn|18
|
|switch|p2a: Seismitoad|Seismitoad, M|69/100
|-formechange|p1a: Aegislash|Aegislash-Blade||[from] ability: Stance Change
|move|p1a: Aegislash|Iron Head|p2a: Seismitoad
|-resisted|p2a: Seismitoad
|-damage|p2a: Seismitoad|52/100
|
|-heal|p2a: Seismitoad|58/100|[from] item: Leftovers
|upkeep
|turn|19
|
|move|p1a: Aegislash|Swords Dance|p1a: Aegislash
|-boost|p1a: Aegislash|atk|2
|move|p2a: Seismitoad|Earthquake|p1a: Aegislash
|-supereffective|p1a: Aegislash
|-damage|p1a: Aegislash|0 fnt
|faint|p1a: Aegislash
|
|-heal|p2a: Seismitoad|64/100|[from] item: Leftovers
|upkeep
|
|switch|p1a: Conkeldurr|Conkeldurr, F|43/100 brn
|turn|20
|
|move|p2a: Seismitoad|Protect|p2a: Seismitoad
|-singleturn|p2a: Seismitoad|Protect
|move|p1a: Conkeldurr|Drain Punch|p2a: Seismitoad
|-activate|p2a: Seismitoad|move: Protect
|
|-heal|p2a: Seismitoad|70/100|[from] item: Leftovers
|-damage|p1a: Conkeldurr|36/100 brn|[from] brn
|upkeep
|turn|21
|
|move|p1a: Conkeldurr|Drain Punch|p2a: Seismitoad
|-damage|p2a: Seismitoad|25/100
|-heal|p1a: Conkeldurr|63/100 brn|[from] drain|[of] p2a: Seismitoad
|move|p2a: Seismitoad|Earthquake|p1a: Conkeldurr
|-damage|p1a: Conkeldurr|29/100 brn
|
|-heal|p2a: Seismitoad|31/100|[from] item: Leftovers
|-damage|p1a: Conkeldurr|23/100 brn|[from] brn
|upkeep
|turn|22
|j| Temtem > Mons
|j| Rex Justin 2
|
|move|p2a: Seismitoad|Protect|p2a: Seismitoad
|-singleturn|p2a: Seismitoad|Protect
|move|p1a: Conkeldurr|Drain Punch|p2a: Seismitoad
|-activate|p2a: Seismitoad|move: Protect
|
|-heal|p2a: Seismitoad|37/100|[from] item: Leftovers
|-damage|p1a: Conkeldurr|17/100 brn|[from] brn
|upkeep
|turn|23
|
|switch|p2a: Corviknight|Corviknight, M|100/100
|-ability|p2a: Corviknight|Pressure
|move|p1a: Conkeldurr|Drain Punch|p2a: Corviknight
|-damage|p2a: Corviknight|45/100
|-heal|p1a: Conkeldurr|48/100 brn|[from] drain|[of] p2a: Corviknight
|
|-heal|p2a: Corviknight|51/100|[from] item: Leftovers
|-damage|p1a: Conkeldurr|42/100 brn|[from] brn
|upkeep
|turn|24
|
|move|p1a: Conkeldurr|Drain Punch|p2a: Corviknight
|-damage|p2a: Corviknight|0 fnt
|-heal|p1a: Conkeldurr|71/100 brn|[from] drain|[of] p2a: Corviknight
|faint|p2a: Corviknight
|
|-damage|p1a: Conkeldurr|65/100 brn|[from] brn
|upkeep
|
|switch|p2a: Gengar|Gengar, F|100/100
|turn|25
|
|switch|p1a: Seismitoad|Seismitoad, M|100/100
|move|p2a: Gengar|Sludge Wave|p1a: Seismitoad
|-resisted|p1a: Seismitoad
|-damage|p1a: Seismitoad|74/100
|
|-heal|p1a: Seismitoad|80/100|[from] item: Leftovers
|upkeep
|turn|26
|
|switch|p2a: Seismitoad|Seismitoad, M|37/100
|switch|p1a: Conkeldurr|Conkeldurr, F|65/100 brn
|
|-heal|p2a: Seismitoad|43/100|[from] item: Leftovers
|-damage|p1a: Conkeldurr|58/100 brn|[from] brn
|upkeep
|turn|27
|
|move|p2a: Seismitoad|Protect|p2a: Seismitoad
|-singleturn|p2a: Seismitoad|Protect
|move|p1a: Conkeldurr|Drain Punch|p2a: Seismitoad
|-activate|p2a: Seismitoad|move: Protect
|
|-heal|p2a: Seismitoad|49/100|[from] item: Leftovers
|-damage|p1a: Conkeldurr|52/100 brn|[from] brn
|upkeep
|turn|28
|
|move|p1a: Conkeldurr|Earthquake|p2a: Seismitoad
|-crit|p2a: Seismitoad
|-damage|p2a: Seismitoad|0 fnt
|faint|p2a: Seismitoad
|
|-damage|p1a: Conkeldurr|46/100 brn|[from] brn
|upkeep
|
|switch|p2a: Gengar|Gengar, F|100/100
|turn|29
|
|switch|p1a: Mandibuzz|Mandibuzz, F|73/100
|move|p2a: Gengar|Sludge Wave|p1a: Mandibuzz
|-damage|p1a: Mandibuzz|38/100
|
|upkeep
|turn|30
|
|move|p2a: Gengar|Sludge Wave|p1a: Mandibuzz
|-damage|p1a: Mandibuzz|0 fnt
|faint|p1a: Mandibuzz
|
|upkeep
|j| lgdalao
|
|switch|p1a: Seismitoad|Seismitoad, M|80/100
|turn|31
|
|switch|p2a: Hatterene|Hatterene, F|88/100
|move|p1a: Seismitoad|Scald|p2a: Hatterene
|-damage|p2a: Hatterene|62/100
|-status|p2a: Hatterene|brn
|
|-heal|p1a: Seismitoad|86/100|[from] item: Leftovers
|-damage|p2a: Hatterene|56/100 brn|[from] brn
|upkeep
|turn|32
|
|switch|p1a: Sylveon|Sylveon, M, shiny|99/100
|move|p2a: Hatterene|Draining Kiss|p1a: Sylveon
|-damage|p1a: Sylveon|84/100
|-heal|p2a: Hatterene|70/100 brn|[from] drain|[of] p1a: Sylveon
|
|-heal|p1a: Sylveon|90/100|[from] item: Leftovers
|-damage|p2a: Hatterene|64/100 brn|[from] brn
|upkeep
|turn|33
|
|move|p1a: Sylveon|Moonblast|p2a: Hatterene
|-damage|p2a: Hatterene|27/100 brn
|move|p2a: Hatterene|Calm Mind|p2a: Hatterene
|-boost|p2a: Hatterene|spa|1
|-boost|p2a: Hatterene|spd|1
|
|-heal|p1a: Sylveon|96/100|[from] item: Leftovers
|-damage|p2a: Hatterene|21/100 brn|[from] brn
|upkeep
|turn|34
|
|move|p1a: Sylveon|Moonblast|p2a: Hatterene
|-damage|p2a: Hatterene|0 fnt
|faint|p2a: Hatterene
|
|-heal|p1a: Sylveon|100/100|[from] item: Leftovers
|upkeep
|
|switch|p2a: Centiskorch|Centiskorch, M|100/100
|turn|35
|
|switch|p1a: Seismitoad|Seismitoad, M|86/100
|move|p2a: Centiskorch|Coil|p2a: Centiskorch
|-boost|p2a: Centiskorch|atk|1
|-boost|p2a: Centiskorch|def|1
|-boost|p2a: Centiskorch|accuracy|1
|
|-heal|p1a: Seismitoad|92/100|[from] item: Leftovers
|upkeep
|turn|36
|
|move|p1a: Seismitoad|Toxic|p2a: Centiskorch
|-status|p2a: Centiskorch|tox
|move|p2a: Centiskorch|Power Whip|p1a: Seismitoad
|-supereffective|p1a: Seismitoad
|-damage|p1a: Seismitoad|0 fnt
|faint|p1a: Seismitoad
|
|-damage|p2a: Centiskorch|94/100 tox|[from] psn
|upkeep
|l| Rex Justin 2
|
|switch|p1a: Diggersby|Diggersby, F, shiny|100/100
|turn|37
|
|move|p1a: Diggersby|Earthquake|p2a: Centiskorch
|-damage|p2a: Centiskorch|30/100 tox
|-damage|p1a: Diggersby|91/100|[from] item: Life Orb
|move|p2a: Centiskorch|Power Whip|p1a: Diggersby
|-supereffective|p1a: Diggersby
|-damage|p1a: Diggersby|0 fnt
|faint|p1a: Diggersby
|
|-damage|p2a: Centiskorch|18/100 tox|[from] psn
|upkeep
|
|switch|p1a: Conkeldurr|Conkeldurr, F|46/100 brn
|turn|38
|
|move|p1a: Conkeldurr|Earthquake|p2a: Centiskorch
|-crit|p2a: Centiskorch
|-damage|p2a: Centiskorch|0 fnt
|faint|p2a: Centiskorch
|
|-damage|p1a: Conkeldurr|40/100 brn|[from] brn
|upkeep
|
|switch|p2a: Gengar|Gengar, F|100/100
|turn|39
|
|move|p2a: Gengar|Sludge Wave|p1a: Conkeldurr
|-damage|p1a: Conkeldurr|0 fnt
|faint|p1a: Conkeldurr
|
|upkeep
|
|switch|p1a: Sylveon|Sylveon, M, shiny|100/100
|turn|40
|
|move|p1a: Sylveon|Protect|p1a: Sylveon
|-singleturn|p1a: Sylveon|Protect
|move|p2a: Gengar|Sludge Wave|p1a: Sylveon
|-activate|p1a: Sylveon|move: Protect
|
|upkeep
|turn|41
|
|move|p2a: Gengar|Sludge Wave|p1a: Sylveon
|-supereffective|p1a: Sylveon
|-damage|p1a: Sylveon|41/100
|move|p1a: Sylveon|Wish|p1a: Sylveon
|
|-heal|p1a: Sylveon|47/100|[from] item: Leftovers
|upkeep
|turn|42
|
|move|p1a: Sylveon|Protect|p1a: Sylveon
|-singleturn|p1a: Sylveon|Protect
|move|p2a: Gengar|Sludge Wave|p1a: Sylveon
|-activate|p1a: Sylveon|move: Protect
|
|-heal|p1a: Sylveon|97/100|[from] move: Wish|[wisher] Sylveon
|-heal|p1a: Sylveon|100/100|[from] item: Leftovers
|upkeep
|turn|43
|
|move|p2a: Gengar|Sludge Wave|p1a: Sylveon
|-supereffective|p1a: Sylveon
|-damage|p1a: Sylveon|42/100
|move|p1a: Sylveon|Wish|p1a: Sylveon
|
|-heal|p1a: Sylveon|48/100|[from] item: Leftovers
|upkeep
|turn|44
|
|switch|p2a: Hydreigon|Hydreigon, F|100/100
|move|p1a: Sylveon|Protect||[still]
|-fail|p1a: Sylveon
|
|-heal|p1a: Sylveon|98/100|[from] move: Wish|[wisher] Sylveon
|-heal|p1a: Sylveon|100/100|[from] item: Leftovers
|upkeep
|turn|45
|
|move|p2a: Hydreigon|Fire Blast|p1a: Sylveon
|-crit|p1a: Sylveon
|-damage|p1a: Sylveon|57/100
|-damage|p2a: Hydreigon|91/100|[from] item: Life Orb
|move|p1a: Sylveon|Moonblast|p2a: Hydreigon
|-supereffective|p2a: Hydreigon
|-damage|p2a: Hydreigon|0 fnt
|faint|p2a: Hydreigon
|
|-heal|p1a: Sylveon|63/100|[from] item: Leftovers
|upkeep
|
|switch|p2a: Gengar|Gengar, F|100/100
|turn|46
|
|move|p1a: Sylveon|Protect|p1a: Sylveon
|-singleturn|p1a: Sylveon|Protect
|move|p2a: Gengar|Sludge Wave|p1a: Sylveon
|-activate|p1a: Sylveon|move: Protect
|
|-heal|p1a: Sylveon|70/100|[from] item: Leftovers
|upkeep
|turn|47
|
|move|p2a: Gengar|Sludge Wave|p1a: Sylveon
|-supereffective|p1a: Sylveon
|-damage|p1a: Sylveon|17/100
|move|p1a: Sylveon|Wish|p1a: Sylveon
|
|-heal|p1a: Sylveon|23/100|[from] item: Leftovers
|upkeep
|turn|48
|
|move|p1a: Sylveon|Protect|p1a: Sylveon
|-singleturn|p1a: Sylveon|Protect
|move|p2a: Gengar|Sludge Wave|p1a: Sylveon
|-activate|p1a: Sylveon|move: Protect
|
|-heal|p1a: Sylveon|73/100|[from] move: Wish|[wisher] Sylveon
|-heal|p1a: Sylveon|79/100|[from] item: Leftovers
|upkeep
|turn|49
|
|move|p2a: Gengar|Sludge Wave|p1a: Sylveon
|-supereffective|p1a: Sylveon
|-damage|p1a: Sylveon|23/100
|move|p1a: Sylveon|Wish|p1a: Sylveon
|
|-heal|p1a: Sylveon|29/100|[from] item: Leftovers
|upkeep
|turn|50
|
|move|p1a: Sylveon|Protect|p1a: Sylveon
|-singleturn|p1a: Sylveon|Protect
|move|p2a: Gengar|Sludge Wave|p1a: Sylveon
|-activate|p1a: Sylveon|move: Protect
|
|-heal|p1a: Sylveon|79/100|[from] move: Wish|[wisher] Sylveon
|-heal|p1a: Sylveon|85/100|[from] item: Leftovers
|upkeep
|turn|51
|
|-activate|p2a: Gengar|move: Struggle
|move|p2a: Gengar|Struggle|p1a: Sylveon
|-damage|p1a: Sylveon|78/100
|-damage|p2a: Gengar|76/100|[from] recoil
|move|p1a: Sylveon|Wish|p1a: Sylveon
|
|-heal|p1a: Sylveon|85/100|[from] item: Leftovers
|upkeep
|turn|52
|-message|4funaccount forfeited.
|
|win|in the membrane
|l|☆4funaccount
|raw|in the membrane's rating: 1709 &rarr; <strong>1728</strong><br />(+19 for winning)
|raw|4funaccount's rating: 1686 &rarr; <strong>1667</strong><br />(-19 for losing)
|l| Slimedaddyslim
