|j|☆Monstermaffia
|j|☆Oryen
|inactive|Battle timer is ON: inactive players will automatically lose when time's up.
|t:|1665498630
|gametype|singles
|player|p1|Monstermaffia|ghetsis|
|player|p2|Oryen|lucas|
|teamsize|p1|3
|teamsize|p2|3
|gen|8
|tier|[Gen 8] OU
|rated|Tournament battle
|rule|Sleep Clause Mod: Limit one foe put to sleep
|rule|Species Clause: Limit one of each Pokémon
|rule|OHKO Clause: OHKO moves are banned
|rule|Evasion Items Clause: Evasion items are banned
|rule|Evasion Moves Clause: Evasion moves are banned
|rule|Endless Battle Clause: Forcing endless battles is banned
|rule|HP Percentage Mod: HP is shown in percentages
|rule|Dynamax Clause: You cannot dynamax
|clearpoke
|poke|p1|Cloyster, M|
|poke|p1|Garchomp, M|
|poke|p1|Volcarona, M|
|poke|p2|Dragonite, F|
|poke|p2|Polteageist|
|poke|p2|Rillaboom, F|
|teampreview
|j|*Lady Monita ☽
|inactive|Monstermaffia also wants the timer to be on.
|j| jasnaya
|c| jasnaya|here we go
|
|t:|1665498644
|start
|switch|p1a: Cloyster|Cloyster, M|100/100
|switch|p2a: Rillaboom|Rillaboom, F|100/100
|-fieldstart|move: Grassy Terrain|[from] ability: Grassy Surge|[of] p2a: Rillaboom
|turn|1
|j|@jack-o-jambino
|j| ETJX
|j| ChampionY-Poke
|
|t:|1665498653
|move|p2a: Rillaboom|Knock Off|p1a: Cloyster
|-damage|p1a: Cloyster|59/100
|-enditem|p1a: Cloyster|Focus Sash|[from] move: Knock Off|[of] p2a: Rillaboom
|-damage|p2a: Rillaboom|91/100|[from] item: Life Orb
|move|p1a: Cloyster|Shell Smash|p1a: Cloyster
|-unboost|p1a: Cloyster|def|1
|-unboost|p1a: Cloyster|spd|1
|-boost|p1a: Cloyster|atk|2
|-boost|p1a: Cloyster|spa|2
|-boost|p1a: Cloyster|spe|2
|
|-heal|p1a: Cloyster|66/100|[from] Grassy Terrain
|-heal|p2a: Rillaboom|97/100|[from] Grassy Terrain
|upkeep
|turn|2
|j| Domad4444
|
|t:|1665498658
|move|p2a: Rillaboom|Grassy Glide|p1a: Cloyster
|-supereffective|p1a: Cloyster
|-damage|p1a: Cloyster|0 fnt
|faint|p1a: Cloyster
|-damage|p2a: Rillaboom|87/100|[from] item: Life Orb
|
|-heal|p2a: Rillaboom|93/100|[from] Grassy Terrain
|upkeep
|l| Domad4444
|
|t:|1665498662
|switch|p1a: Volcarona|Volcarona, M|100/100
|turn|3
|l| ETJX
|
|t:|1665498667
|switch|p2a: Dragonite|Dragonite, F|100/100
|move|p1a: Volcarona|Quiver Dance|p1a: Volcarona
|-boost|p1a: Volcarona|spa|1
|-boost|p1a: Volcarona|spd|1
|-boost|p1a: Volcarona|spe|1
|
|upkeep
|turn|4
|j|%TheDayAfterSunday
|
|t:|1665498681
|move|p1a: Volcarona|Psychic|p2a: Dragonite
|-damage|p2a: Dragonite|74/100
|move|p2a: Dragonite|Dragon Dance|p2a: Dragonite
|-boost|p2a: Dragonite|atk|1
|-boost|p2a: Dragonite|spe|1
|
|upkeep
|turn|5
|l| ChampionY-Poke
|
|t:|1665498691
|move|p1a: Volcarona|Psychic|p2a: Dragonite
|-damage|p2a: Dragonite|23/100
|move|p2a: Dragonite|Earthquake|p1a: Volcarona
|-damage|p1a: Volcarona|62/100
|
|-heal|p1a: Volcarona|68/100|[from] Grassy Terrain
|-fieldend|move: Grassy Terrain
|upkeep
|turn|6
|
|t:|1665498695
|move|p1a: Volcarona|Psychic|p2a: Dragonite
|-damage|p2a: Dragonite|0 fnt
|faint|p2a: Dragonite
|
|upkeep
|
|t:|1665498697
|switch|p2a: Polteageist|Polteageist|100/100
|turn|7
|j| Real_Uchiha_Sasuke
|l| Real_Uchiha_Sasuke
|j| Arcanine1929
|inactive|Monstermaffia has 120 seconds left.
|
|t:|1665498734
|move|p1a: Volcarona|Flamethrower|p2a: Polteageist
|-damage|p2a: Polteageist|12/100
|move|p2a: Polteageist|Shell Smash|p2a: Polteageist
|-unboost|p2a: Polteageist|def|1
|-unboost|p2a: Polteageist|spd|1
|-boost|p2a: Polteageist|atk|2
|-boost|p2a: Polteageist|spa|2
|-boost|p2a: Polteageist|spe|2
|
|upkeep
|turn|8
|inactive|Monstermaffia has 120 seconds left.
|j| Kovareon
|
|t:|1665498758
|move|p1a: Volcarona|Flamethrower|p2a: Polteageist
|-damage|p2a: Polteageist|0 fnt
|faint|p2a: Polteageist
|
|upkeep
|c|☆Oryen|gg
|-message|Oryen forfeited.
|
|win|Monstermaffia
|n|☆Monstermaffia|monstermaffia
|n|☆Oryen|oryen
|n|*Lady Monita ☽|ladymonita
|n| jasnaya|jasnaya
|n| jack-o-jambino|jackojambino
|n| TheDayAfterSunday|thedayaftersunday
|n| Arcanine1929|arcanine1929
|n| Kovareon|kovareon
