|raw|<div class="broadcast-blue"><strong>This battle is required to be public due to a player having a name prefixed by 'LT71LX'.</div>
|j|☆LT71LX fardin
|j|☆Ayante
|t:|1596851320
|player|p1|LT71LX fardin|102|1770
|player|p2|Ayante|koga|1698
|teamsize|p1|6
|teamsize|p2|6
|gametype|singles
|gen|8
|tier|[Gen 8] OU
|rated|
|clearpoke
|poke|p1|Togekiss, M|
|poke|p1|Hydreigon, F|
|poke|p1|Tangrowth, F|
|poke|p1|Toxapex, F|
|poke|p1|Hippowdon, M|
|poke|p1|Excadrill, F|
|poke|p2|Pelipper, M|
|poke|p2|Kingdra, M|
|poke|p2|Crawdaunt, F|
|poke|p2|Amoonguss, M|
|poke|p2|Excadrill, F|
|poke|p2|Azumarill, F|
|rule|Sleep Clause Mod: Limit one foe put to sleep
|rule|Species Clause: Limit one of each Pokémon
|rule|OHKO Clause: OHKO moves are banned
|rule|Evasion Moves Clause: Evasion moves are banned
|rule|Endless Battle Clause: Forcing endless battles is banned
|rule|HP Percentage Mod: HP is shown in percentages
|rule|Dynamax Clause: You cannot dynamax
|teampreview
|inactive|Battle timer is ON: inactive players will automatically lose when time's up. (requested by LT71LX fardin)
|
|t:|1596851345
|start
|switch|p1a: Hydreigon|Hydreigon, F|100/100
|switch|p2a: Azumarill|Azumarill, F|100/100
|turn|1
|
|t:|1596851354
|switch|p1a: Tangrowth|Tangrowth, F|100/100
|move|p2a: Azumarill|Knock Off|p1a: Tangrowth
|-damage|p1a: Tangrowth|79/100
|-damage|p2a: Azumarill|84/100|[from] item: Rocky Helmet|[of] p1a: Tangrowth
|-enditem|p1a: Tangrowth|Rocky Helmet|[from] move: Knock Off|[of] p2a: Azumarill
|
|upkeep
|turn|2
|
|t:|1596851363
|switch|p2a: Amoonguss|Amoonguss, M|100/100
|move|p1a: Tangrowth|Knock Off|p2a: Amoonguss
|-damage|p2a: Amoonguss|84/100
|-damage|p1a: Tangrowth|63/100|[from] item: Rocky Helmet|[of] p2a: Amoonguss
|-enditem|p2a: Amoonguss|Rocky Helmet|[from] move: Knock Off|[of] p1a: Tangrowth
|
|upkeep
|turn|3
|
|t:|1596851375
|switch|p1a: Excadrill|Excadrill, F|100/100
|move|p2a: Amoonguss|Spore|p1a: Excadrill
|-status|p1a: Excadrill|slp|[from] move: Spore
|
|upkeep
|turn|4
|
|t:|1596851385
|switch|p1a: Hydreigon|Hydreigon, F|100/100
|move|p2a: Amoonguss|Stun Spore|p1a: Hydreigon
|-status|p1a: Hydreigon|par
|
|upkeep
|turn|5
|
|t:|1596851403
|switch|p1a: Toxapex|Toxapex, F|100/100
|switch|p2a: Azumarill|Azumarill, F|84/100
|
|upkeep
|turn|6
|
|t:|1596851421
|switch|p2a: Excadrill|Excadrill, F|100/100
|-ability|p2a: Excadrill|Mold Breaker
|move|p1a: Toxapex|Scald|p2a: Excadrill
|-supereffective|p2a: Excadrill
|-damage|p2a: Excadrill|57/100
|
|-heal|p2a: Excadrill|63/100|[from] item: Leftovers
|upkeep
|turn|7
|
|t:|1596851435
|switch|p1a: Hippowdon|Hippowdon, M|100/100
|-weather|Sandstorm|[from] ability: Sand Stream|[of] p1a: Hippowdon
|move|p2a: Excadrill|Earthquake|p1a: Hippowdon
|-damage|p1a: Hippowdon|62/100
|
|-weather|Sandstorm|[upkeep]
|-heal|p2a: Excadrill|69/100|[from] item: Leftovers
|-heal|p1a: Hippowdon|68/100|[from] item: Leftovers
|upkeep
|turn|8
|
|t:|1596851447
|switch|p2a: Pelipper|Pelipper, M|100/100
|-weather|RainDance|[from] ability: Drizzle|[of] p2a: Pelipper
|move|p1a: Hippowdon|Stealth Rock|p2a: Pelipper
|-sidestart|p2: Ayante|move: Stealth Rock
|
|-weather|RainDance|[upkeep]
|-heal|p1a: Hippowdon|74/100|[from] item: Leftovers
|upkeep
|turn|9
|
|t:|1596851456
|switch|p1a: Toxapex|Toxapex, F|100/100
|move|p2a: Pelipper|Defog|p1a: Toxapex
|-unboost|p1a: Toxapex|evasion|1
|-sideend|p2: Ayante|Stealth Rock|[from] move: Defog|[of] p2a: Pelipper
|
|-weather|RainDance|[upkeep]
|upkeep
|turn|10
|inactive|Ayante has 120 seconds left.
|
|t:|1596851483
|switch|p2a: Kingdra|Kingdra, M|100/100
|move|p1a: Toxapex|Scald|p2a: Kingdra
|-resisted|p2a: Kingdra
|-damage|p2a: Kingdra|93/100
|
|-weather|RainDance|[upkeep]
|upkeep
|turn|11
|
|t:|1596851507
|move|p2a: Kingdra|Hydro Pump|p1a: Toxapex
|-resisted|p1a: Toxapex
|-damage|p1a: Toxapex|56/100
|move|p1a: Toxapex|Knock Off|p2a: Kingdra
|-damage|p2a: Kingdra|76/100
|-enditem|p2a: Kingdra|Choice Specs|[from] move: Knock Off|[of] p1a: Toxapex
|
|-weather|RainDance|[upkeep]
|-heal|p1a: Toxapex|62/100|[from] item: Black Sludge
|upkeep
|turn|12
|
|t:|1596851517
|switch|p1a: Togekiss|Togekiss, M|100/100
|move|p2a: Kingdra|Flip Turn|p1a: Togekiss
|-damage|p1a: Togekiss|78/100
|
|t:|1596851522
|switch|p2a: Excadrill|Excadrill, F|69/100|[from]move: Flip Turn
|-ability|p2a: Excadrill|Mold Breaker
|
|-weather|RainDance|[upkeep]
|-heal|p2a: Excadrill|76/100|[from] item: Leftovers
|upkeep
|turn|13
|
|t:|1596851531
|switch|p1a: Tangrowth|Tangrowth, F|96/100
|move|p2a: Excadrill|Stealth Rock|p1a: Tangrowth
|-sidestart|p1: LT71LX fardin|move: Stealth Rock
|
|-weather|RainDance|[upkeep]
|-heal|p2a: Excadrill|82/100|[from] item: Leftovers
|upkeep
|turn|14
|inactive|Ayante has 120 seconds left.
|
|t:|1596851559
|switch|p2a: Kingdra|Kingdra, M|76/100
|switch|p1a: Hippowdon|Hippowdon, M|74/100
|-damage|p1a: Hippowdon|68/100|[from] Stealth Rock
|-weather|Sandstorm|[from] ability: Sand Stream|[of] p1a: Hippowdon
|
|-weather|Sandstorm|[upkeep]
|-damage|p2a: Kingdra|70/100|[from] Sandstorm
|-heal|p1a: Hippowdon|74/100|[from] item: Leftovers
|upkeep
|turn|15
|inactive|Ayante has 120 seconds left.
|
|t:|1596851571
|switch|p1a: Toxapex|Toxapex, F|96/100
|-damage|p1a: Toxapex|83/100|[from] Stealth Rock
|move|p2a: Kingdra|Flip Turn|p1a: Toxapex
|-resisted|p1a: Toxapex
|-damage|p1a: Toxapex|77/100
|
|t:|1596851578
|switch|p2a: Excadrill|Excadrill, F|82/100|[from]move: Flip Turn
|-ability|p2a: Excadrill|Mold Breaker
|
|-weather|Sandstorm|[upkeep]
|-damage|p1a: Toxapex|71/100|[from] Sandstorm
|-heal|p2a: Excadrill|88/100|[from] item: Leftovers
|-heal|p1a: Toxapex|77/100|[from] item: Black Sludge
|upkeep
|turn|16
|inactive|Ayante has 120 seconds left.
|
|t:|1596851589
|switch|p1a: Tangrowth|Tangrowth, F|100/100
|-damage|p1a: Tangrowth|88/100|[from] Stealth Rock
|move|p2a: Excadrill|Iron Head|p1a: Tangrowth
|-damage|p1a: Tangrowth|67/100
|
|-weather|Sandstorm|[upkeep]
|-damage|p1a: Tangrowth|60/100|[from] Sandstorm
|-heal|p2a: Excadrill|94/100|[from] item: Leftovers
|upkeep
|turn|17
|inactive|Ayante has 120 seconds left.
|
|t:|1596851600
|move|p2a: Excadrill|Iron Head|p1a: Tangrowth
|-damage|p1a: Tangrowth|40/100
|move|p1a: Tangrowth|Giga Drain|p2a: Excadrill
|-damage|p2a: Excadrill|60/100
|-heal|p1a: Tangrowth|55/100|[from] drain|[of] p2a: Excadrill
|
|-weather|Sandstorm|[upkeep]
|-damage|p1a: Tangrowth|49/100|[from] Sandstorm
|-heal|p2a: Excadrill|66/100|[from] item: Leftovers
|upkeep
|turn|18
|inactive|Ayante has 120 seconds left.
|
|t:|1596851610
|move|p2a: Excadrill|Iron Head|p1a: Tangrowth
|-damage|p1a: Tangrowth|28/100
|move|p1a: Tangrowth|Knock Off|p2a: Excadrill
|-damage|p2a: Excadrill|34/100
|-enditem|p2a: Excadrill|Leftovers|[from] move: Knock Off|[of] p1a: Tangrowth
|
|-weather|none
|upkeep
|turn|19
|inactive|Ayante has 120 seconds left.
|
|t:|1596851620
|move|p2a: Excadrill|Iron Head|p1a: Tangrowth
|-damage|p1a: Tangrowth|7/100
|move|p1a: Tangrowth|Giga Drain|p2a: Excadrill
|-damage|p2a: Excadrill|0 fnt
|-heal|p1a: Tangrowth|22/100|[from] drain|[of] p2a: Excadrill
|faint|p2a: Excadrill
|
|upkeep
|inactive|Ayante has 120 seconds left.
|
|t:|1596851629
|switch|p2a: Crawdaunt|Crawdaunt, F|100/100
|turn|20
|
|t:|1596851633
|switch|p1a: Togekiss|Togekiss, M|78/100
|move|p2a: Crawdaunt|Knock Off|p1a: Togekiss
|-resisted|p1a: Togekiss
|-damage|p1a: Togekiss|38/100
|-enditem|p1a: Togekiss|Heavy-Duty Boots|[from] move: Knock Off|[of] p2a: Crawdaunt
|-damage|p2a: Crawdaunt|91/100|[from] item: Life Orb
|
|upkeep
|turn|21
|
|t:|1596851643
|switch|p2a: Pelipper|Pelipper, M|100/100
|-weather|RainDance|[from] ability: Drizzle|[of] p2a: Pelipper
|move|p1a: Togekiss|Heal Bell|p1a: Togekiss
|-activate|p1a: Togekiss|move: Heal Bell
|-curestatus|p1: Excadrill|slp|[msg]
|-curestatus|p1: Hydreigon|par|[msg]
|
|-weather|RainDance|[upkeep]
|upkeep
|turn|22
|
|t:|1596851660
|switch|p2a: Kingdra|Kingdra, M|70/100
|move|p1a: Togekiss|Roost|p1a: Togekiss
|-heal|p1a: Togekiss|88/100
|-singleturn|p1a: Togekiss|move: Roost
|
|-weather|RainDance|[upkeep]
|upkeep
|turn|23
|
|t:|1596851674
|move|p2a: Kingdra|Flip Turn|p1a: Togekiss
|-damage|p1a: Togekiss|65/100
|
|t:|1596851680
|switch|p2a: Pelipper|Pelipper, M|100/100|[from]move: Flip Turn
|move|p1a: Togekiss|Air Slash|p2a: Pelipper
|-damage|p2a: Pelipper|56/100
|
|-weather|RainDance|[upkeep]
|upkeep
|turn|24
|
|t:|1596851690
|move|p1a: Togekiss|Air Slash|p2a: Pelipper
|-damage|p2a: Pelipper|9/100
|cant|p2a: Pelipper|flinch
|
|-weather|RainDance|[upkeep]
|upkeep
|turn|25
|
|t:|1596851697
|switch|p2a: Kingdra|Kingdra, M|70/100
|move|p1a: Togekiss|Air Slash|p2a: Kingdra
|-damage|p2a: Kingdra|29/100
|
|-weather|RainDance|[upkeep]
|upkeep
|turn|26
|
|t:|1596851724
|switch|p1a: Toxapex|Toxapex, F|100/100
|-damage|p1a: Toxapex|88/100|[from] Stealth Rock
|move|p2a: Kingdra|Hydro Pump|p1a: Toxapex
|-resisted|p1a: Toxapex
|-damage|p1a: Toxapex|57/100
|
|-weather|RainDance|[upkeep]
|-heal|p1a: Toxapex|63/100|[from] item: Black Sludge
|upkeep
|turn|27
|
|t:|1596851735
|move|p2a: Kingdra|Hydro Pump|p1a: Toxapex
|-resisted|p1a: Toxapex
|-damage|p1a: Toxapex|37/100
|move|p1a: Toxapex|Recover|p1a: Toxapex
|-heal|p1a: Toxapex|87/100
|
|-weather|RainDance|[upkeep]
|-heal|p1a: Toxapex|93/100|[from] item: Black Sludge
|upkeep
|turn|28
|
|t:|1596851745
|switch|p2a: Amoonguss|Amoonguss, M|100/100
|move|p1a: Toxapex|Knock Off|p2a: Amoonguss
|-damage|p2a: Amoonguss|94/100
|
|-weather|none
|-heal|p1a: Toxapex|99/100|[from] item: Black Sludge
|upkeep
|turn|29
|inactive|LT71LX fardin has 120 seconds left.
|
|t:|1596851771
|switch|p1a: Excadrill|Excadrill, F|100/100
|-damage|p1a: Excadrill|97/100|[from] Stealth Rock
|move|p2a: Amoonguss|Sludge Bomb|p1a: Excadrill
|-immune|p1a: Excadrill
|
|-heal|p1a: Excadrill|100/100|[from] item: Leftovers
|upkeep
|turn|30
|
|t:|1596851781
|move|p1a: Excadrill|Rapid Spin|p2a: Amoonguss
|-damage|p2a: Amoonguss|84/100
|-boost|p1a: Excadrill|spe|1
|-sideend|p1: LT71LX fardin|Stealth Rock|[from] move: Rapid Spin|[of] p1a: Excadrill
|move|p2a: Amoonguss|Spore|p1a: Excadrill
|-status|p1a: Excadrill|slp|[from] move: Spore
|
|upkeep
|turn|31
|inactive|LT71LX fardin has 120 seconds left.
|
|t:|1596851805
|switch|p2a: Crawdaunt|Crawdaunt, F|91/100
|cant|p1a: Excadrill|slp
|
|upkeep
|turn|32
|
|t:|1596851811
|switch|p1a: Hydreigon|Hydreigon, F|100/100
|move|p2a: Crawdaunt|Swords Dance|p2a: Crawdaunt
|-boost|p2a: Crawdaunt|atk|2
|
|upkeep
|turn|33
|
|t:|1596851818
|switch|p2a: Azumarill|Azumarill, F|84/100
|move|p1a: Hydreigon|Draco Meteor|p2a: Azumarill
|-immune|p2a: Azumarill
|
|upkeep
|turn|34
|
|t:|1596851825
|switch|p1a: Toxapex|Toxapex, F|100/100
|move|p2a: Azumarill|Belly Drum|p2a: Azumarill
|-damage|p2a: Azumarill|34/100
|-setboost|p2a: Azumarill|atk|6|[from] move: Belly Drum
|-enditem|p2a: Azumarill|Sitrus Berry|[eat]
|-heal|p2a: Azumarill|59/100|[from] item: Sitrus Berry
|
|upkeep
|turn|35
|
|t:|1596851835
|switch|p1a: Hippowdon|Hippowdon, M|74/100
|-weather|Sandstorm|[from] ability: Sand Stream|[of] p1a: Hippowdon
|move|p2a: Azumarill|Knock Off|p1a: Hippowdon
|-damage|p1a: Hippowdon|0 fnt
|-enditem|p1a: Hippowdon|Leftovers|[from] move: Knock Off|[of] p2a: Azumarill
|faint|p1a: Hippowdon
|
|-weather|Sandstorm|[upkeep]
|-damage|p2a: Azumarill|53/100|[from] Sandstorm
|upkeep
|
|t:|1596851841
|switch|p1a: Hydreigon|Hydreigon, F|100/100
|turn|36
|
|t:|1596851851
|switch|p1a: Toxapex|Toxapex, F|100/100
|move|p2a: Azumarill|Play Rough|p1a: Toxapex|[miss]
|-miss|p2a: Azumarill|p1a: Toxapex
|
|-weather|Sandstorm|[upkeep]
|-damage|p2a: Azumarill|47/100|[from] Sandstorm
|-damage|p1a: Toxapex|94/100|[from] Sandstorm
|-heal|p1a: Toxapex|100/100|[from] item: Black Sludge
|upkeep
|turn|37
|
|t:|1596851865
|switch|p1a: Togekiss|Togekiss, M|65/100
|move|p2a: Azumarill|Knock Off|p1a: Togekiss
|-resisted|p1a: Togekiss
|-damage|p1a: Togekiss|19/100
|
|-weather|Sandstorm|[upkeep]
|-damage|p1a: Togekiss|13/100|[from] Sandstorm
|-damage|p2a: Azumarill|41/100|[from] Sandstorm
|upkeep
|turn|38
|
|t:|1596851875
|switch|p1a: Toxapex|Toxapex, F|100/100
|move|p2a: Azumarill|Aqua Jet|p1a: Toxapex
|-resisted|p1a: Toxapex
|-damage|p1a: Toxapex|70/100
|
|-weather|Sandstorm|[upkeep]
|-damage|p2a: Azumarill|35/100|[from] Sandstorm
|-damage|p1a: Toxapex|64/100|[from] Sandstorm
|-heal|p1a: Toxapex|70/100|[from] item: Black Sludge
|upkeep
|turn|39
|
|t:|1596851885
|switch|p1a: Togekiss|Togekiss, M|13/100
|move|p2a: Azumarill|Knock Off|p1a: Togekiss
|-resisted|p1a: Togekiss
|-damage|p1a: Togekiss|0 fnt
|faint|p1a: Togekiss
|
|-weather|none
|upkeep
|
|t:|1596851889
|switch|p1a: Hydreigon|Hydreigon, F|100/100
|turn|40
|
|t:|1596851905
|move|p2a: Azumarill|Aqua Jet|p1a: Hydreigon
|-resisted|p1a: Hydreigon
|-damage|p1a: Hydreigon|41/100
|move|p1a: Hydreigon|Flamethrower|p2a: Azumarill
|-resisted|p2a: Azumarill
|-damage|p2a: Azumarill|12/100
|-damage|p1a: Hydreigon|31/100|[from] item: Life Orb
|
|upkeep
|turn|41
|-message|LT71LX fardin forfeited.
|
|win|Ayante
|l|☆LT71LX fardin
|raw|LT71LX fardin's rating: 1770 &rarr; <strong>1745</strong><br />(-25 for losing)
|raw|Ayante's rating: 1698 &rarr; <strong>1722</strong><br />(+24 for winning)
