|j|☆A
|j|☆oaklies
|player|p1|A|clemont|1516
|player|p2|oaklies|caitlin|1497
|teamsize|p1|6
|teamsize|p2|6
|gametype|singles
|gen|8
|tier|[Gen 8] OU
|rated|
|clearpoke
|poke|p1|Aegislash, M|
|poke|p1|Toxapex, F|
|poke|p1|Jirachi|
|poke|p1|Rillaboom, M|
|poke|p1|Togekiss, M|
|poke|p1|Arcanine, F|
|poke|p2|Primarina, F|
|poke|p2|Zeraora|
|poke|p2|Corviknight, F|
|poke|p2|Aegislash, M|
|poke|p2|Grimmsnarl, M|
|poke|p2|Celebi|
|rule|Sleep Clause Mod: Limit one foe put to sleep
|rule|Species Clause: Limit one of each Pokémon
|rule|OHKO Clause: OHKO moves are banned
|rule|Evasion Moves Clause: Evasion moves are banned
|rule|Endless Battle Clause: Forcing endless battles is banned
|rule|HP Percentage Mod: HP is shown in percentages
|rule|Dynamax Clause: You cannot dynamax
|teampreview
|inactive|Battle timer is ON: inactive players will automatically lose when time's up. (requested by A)
|j| justatest123
|
|start
|switch|p1a: cool laddy|Jirachi, shiny|100/100
|switch|p2a: Celebi|Celebi|100/100
|turn|1
|
|switch|p2a: Aegislash|Aegislash, M|100/100
|move|p1a: cool laddy|Trick|p2a: Aegislash
|-activate|p1a: cool laddy|move: Trick|[of] p2a: Aegislash
|-item|p2a: Aegislash|Choice Scarf|[from] move: Trick
|-item|p1a: cool laddy|Leftovers|[from] move: Trick
|
|upkeep
|turn|2
|
|move|p1a: cool laddy|Stealth Rock|p2a: Aegislash
|-sidestart|p2: oaklies|move: Stealth Rock
|-formechange|p2a: Aegislash|Aegislash-Blade||[from] ability: Stance Change
|move|p2a: Aegislash|Shadow Ball|p1a: cool laddy
|-supereffective|p1a: cool laddy
|-damage|p1a: cool laddy|15/100
|-unboost|p1a: cool laddy|spd|1
|
|-heal|p1a: cool laddy|21/100|[from] item: Leftovers
|upkeep
|turn|3
|
|move|p1a: cool laddy|U-turn|p2a: Aegislash
|-resisted|p2a: Aegislash
|-damage|p2a: Aegislash|90/100
|
|switch|p1a: lamer than me|Toxapex, F|100/100|[from]move: U-turn
|move|p2a: Aegislash|Shadow Ball|p1a: lamer than me
|-damage|p1a: lamer than me|62/100
|
|-heal|p1a: lamer than me|67/100|[from] item: Black Sludge
|upkeep
|turn|4
|
|switch|p2a: Primarina|Primarina, F|100/100
|-damage|p2a: Primarina|88/100|[from] Stealth Rock
|move|p1a: lamer than me|Scald|p2a: Primarina
|-resisted|p2a: Primarina
|-damage|p2a: Primarina|80/100
|
|-heal|p2a: Primarina|86/100|[from] item: Leftovers
|-heal|p1a: lamer than me|73/100|[from] item: Black Sludge
|upkeep
|turn|5
|
|switch|p1a: mr gamer man|Rillaboom, M, shiny|100/100
|-fieldstart|move: Grassy Terrain|[from] ability: Grassy Surge|[of] p1a: mr gamer man
|move|p2a: Primarina|Psychic|p1a: mr gamer man
|-damage|p1a: mr gamer man|62/100
|
|-heal|p1a: mr gamer man|68/100|[from] item: Leftovers
|-heal|p1a: mr gamer man|74/100|[from] Grassy Terrain
|-heal|p2a: Primarina|92/100|[from] item: Leftovers
|-heal|p2a: Primarina|98/100|[from] Grassy Terrain
|upkeep
|turn|6
|
|switch|p2a: Corviknight|Corviknight, F|100/100
|-damage|p2a: Corviknight|88/100|[from] Stealth Rock
|-ability|p2a: Corviknight|Pressure
|move|p1a: mr gamer man|Swords Dance|p1a: mr gamer man
|-boost|p1a: mr gamer man|atk|2
|
|-heal|p1a: mr gamer man|80/100|[from] item: Leftovers
|-heal|p1a: mr gamer man|87/100|[from] Grassy Terrain
|-heal|p2a: Corviknight|94/100|[from] item: Leftovers
|upkeep
|turn|7
|
|move|p1a: mr gamer man|Knock Off|p2a: Corviknight
|-damage|p2a: Corviknight|40/100
|-enditem|p2a: Corviknight|Leftovers|[from] move: Knock Off|[of] p1a: mr gamer man
|move|p2a: Corviknight|Brave Bird|p1a: mr gamer man
|-supereffective|p1a: mr gamer man
|-damage|p1a: mr gamer man|8/100
|-damage|p2a: Corviknight|15/100|[from] Recoil
|
|-heal|p1a: mr gamer man|14/100|[from] item: Leftovers
|-heal|p1a: mr gamer man|21/100|[from] Grassy Terrain
|upkeep
|turn|8
|
|move|p1a: mr gamer man|Drain Punch|p2a: Corviknight
|-damage|p2a: Corviknight|0 fnt
|-heal|p1a: mr gamer man|28/100|[from] drain|[of] p2a: Corviknight
|faint|p2a: Corviknight
|
|-heal|p1a: mr gamer man|35/100|[from] item: Leftovers
|-heal|p1a: mr gamer man|41/100|[from] Grassy Terrain
|upkeep
|
|switch|p2a: Zeraora|Zeraora|100/100
|-damage|p2a: Zeraora|88/100|[from] Stealth Rock
|turn|9
|
|switch|p1a: gamer girl|Arcanine, F, shiny|100/100
|-ability|p1a: gamer girl|Intimidate|boost
|-unboost|p2a: Zeraora|atk|1
|move|p2a: Zeraora|Close Combat|p1a: gamer girl
|-damage|p1a: gamer girl|79/100
|-unboost|p2a: Zeraora|def|1
|-unboost|p2a: Zeraora|spd|1
|
|-heal|p2a: Zeraora|94/100|[from] item: Leftovers
|-heal|p2a: Zeraora|99/100|[from] Grassy Terrain
|-heal|p1a: gamer girl|85/100|[from] Grassy Terrain
|-fieldend|move: Grassy Terrain
|upkeep
|turn|10
|
|switch|p2a: Primarina|Primarina, F|98/100
|-damage|p2a: Primarina|86/100|[from] Stealth Rock
|move|p1a: gamer girl|Teleport|p1a: gamer girl
|
|switch|p1a: mr gamer man|Rillaboom, M, shiny|41/100|[from]move: Teleport
|-fieldstart|move: Grassy Terrain|[from] ability: Grassy Surge|[of] p1a: mr gamer man
|
|-heal|p1a: mr gamer man|47/100|[from] item: Leftovers
|-heal|p1a: mr gamer man|53/100|[from] Grassy Terrain
|-heal|p2a: Primarina|92/100|[from] item: Leftovers
|-heal|p2a: Primarina|98/100|[from] Grassy Terrain
|upkeep
|turn|11
|c|☆A|alembic moment
|
|switch|p2a: Aegislash|Aegislash, M|90/100
|-damage|p2a: Aegislash|84/100|[from] Stealth Rock
|move|p1a: mr gamer man|Drum Beating|p2a: Aegislash
|-resisted|p2a: Aegislash
|-damage|p2a: Aegislash|56/100
|-unboost|p2a: Aegislash|spe|1
|
|-heal|p1a: mr gamer man|60/100|[from] item: Leftovers
|-heal|p1a: mr gamer man|66/100|[from] Grassy Terrain
|-heal|p2a: Aegislash|62/100|[from] Grassy Terrain
|upkeep
|turn|12
|j| Lost Thoughts
|
|move|p2a: Aegislash|King's Shield|p2a: Aegislash
|-singleturn|p2a: Aegislash|Protect
|move|p1a: mr gamer man|Knock Off|p2a: Aegislash
|-activate|p2a: Aegislash|move: Protect
|-unboost|p1a: mr gamer man|atk|1
|
|-heal|p1a: mr gamer man|72/100|[from] item: Leftovers
|-heal|p1a: mr gamer man|78/100|[from] Grassy Terrain
|-heal|p2a: Aegislash|68/100|[from] Grassy Terrain
|upkeep
|turn|13
|j|+moondazing
|
|switch|p2a: Primarina|Primarina, F|98/100
|-damage|p2a: Primarina|85/100|[from] Stealth Rock
|move|p1a: mr gamer man|Swords Dance|p1a: mr gamer man
|-boost|p1a: mr gamer man|atk|2
|
|-heal|p1a: mr gamer man|85/100|[from] item: Leftovers
|-heal|p1a: mr gamer man|91/100|[from] Grassy Terrain
|-heal|p2a: Primarina|91/100|[from] item: Leftovers
|-heal|p2a: Primarina|97/100|[from] Grassy Terrain
|upkeep
|turn|14
|
|move|p1a: mr gamer man|Drum Beating|p2a: Primarina
|-supereffective|p2a: Primarina
|-damage|p2a: Primarina|0 fnt
|faint|p2a: Primarina
|
|-heal|p1a: mr gamer man|97/100|[from] item: Leftovers
|-heal|p1a: mr gamer man|100/100|[from] Grassy Terrain
|-fieldend|move: Grassy Terrain
|upkeep
|l| Lost Thoughts
|c|☆A|this isn't it chieftain
|c|+moondazing|alembic moment
|
|switch|p2a: Celebi|Celebi|100/100
|-damage|p2a: Celebi|88/100|[from] Stealth Rock
|turn|15
|
|move|p2a: Celebi|Toxic|p1a: mr gamer man
|-status|p1a: mr gamer man|tox
|move|p1a: mr gamer man|Knock Off|p2a: Celebi
|-supereffective|p2a: Celebi
|-damage|p2a: Celebi|0 fnt
|-enditem|p2a: Celebi|Leftovers|[from] move: Knock Off|[of] p1a: mr gamer man
|faint|p2a: Celebi
|
|-damage|p1a: mr gamer man|94/100 tox|[from] psn
|upkeep
|c|☆A|alembic MOMENT
|c|☆oaklies|:(
|
|switch|p2a: Aegislash|Aegislash, M|68/100
|-damage|p2a: Aegislash|62/100|[from] Stealth Rock
|turn|16
|
|-formechange|p2a: Aegislash|Aegislash-Blade||[from] ability: Stance Change
|move|p2a: Aegislash|Shadow Ball|p1a: mr gamer man
|-damage|p1a: mr gamer man|35/100 tox
|move|p1a: mr gamer man|Knock Off|p2a: Aegislash
|-supereffective|p2a: Aegislash
|-damage|p2a: Aegislash|0 fnt
|-enditem|p2a: Aegislash|Choice Scarf|[from] move: Knock Off|[of] p1a: mr gamer man
|faint|p2a: Aegislash
|
|-heal|p1a: mr gamer man|41/100 tox|[from] item: Leftovers
|-damage|p1a: mr gamer man|28/100 tox|[from] psn
|upkeep
|
|switch|p2a: Grimmsnarl|Grimmsnarl, M|100/100
|-damage|p2a: Grimmsnarl|88/100|[from] Stealth Rock
|turn|17
|
|move|p2a: Grimmsnarl|Sucker Punch|p1a: mr gamer man
|-damage|p1a: mr gamer man|0 fnt
|faint|p1a: mr gamer man
|
|-heal|p2a: Grimmsnarl|94/100|[from] item: Leftovers
|upkeep
|c|☆A|no
|c|☆A|:(
|
|switch|p1a: i'm cute|Togekiss, M|100/100
|turn|18
|
|switch|p2a: Zeraora|Zeraora|99/100
|-damage|p2a: Zeraora|88/100|[from] Stealth Rock
|move|p1a: i'm cute|Trick|p2a: Zeraora
|-activate|p1a: i'm cute|move: Trick|[of] p2a: Zeraora
|-item|p2a: Zeraora|Choice Scarf|[from] move: Trick
|-item|p1a: i'm cute|Leftovers|[from] move: Trick
|
|upkeep
|turn|19
|
|switch|p1a: gamer girl|Arcanine, F, shiny|85/100
|-ability|p1a: gamer girl|Intimidate|boost
|-unboost|p2a: Zeraora|atk|1
|move|p2a: Zeraora|Plasma Fists|p1a: gamer girl
|-damage|p1a: gamer girl|63/100
|-fieldactivate|move: Ion Deluge
|
|upkeep
|turn|20
|
|move|p2a: Zeraora|Plasma Fists|p1a: gamer girl
|-damage|p1a: gamer girl|38/100
|-fieldactivate|move: Ion Deluge
|move|p1a: gamer girl|Will-O-Wisp|p2a: Zeraora
|-status|p2a: Zeraora|brn
|
|-damage|p2a: Zeraora|82/100 brn|[from] brn
|upkeep
|turn|21
|
|move|p2a: Zeraora|Plasma Fists|p1a: gamer girl
|-damage|p1a: gamer girl|25/100
|-fieldactivate|move: Ion Deluge
|move|p1a: gamer girl|Morning Sun|p1a: gamer girl
|-heal|p1a: gamer girl|75/100
|
|-damage|p2a: Zeraora|76/100 brn|[from] brn
|upkeep
|turn|22
|
|move|p2a: Zeraora|Plasma Fists|p1a: gamer girl
|-damage|p1a: gamer girl|62/100
|-fieldactivate|move: Ion Deluge
|move|p1a: gamer girl|Flamethrower|p2a: Zeraora
|-damage|p2a: Zeraora|33/100 brn
|
|-damage|p2a: Zeraora|27/100 brn|[from] brn
|upkeep
|turn|23
|
|move|p2a: Zeraora|Plasma Fists|p1a: gamer girl
|-damage|p1a: gamer girl|50/100
|-fieldactivate|move: Ion Deluge
|move|p1a: gamer girl|Morning Sun|p1a: gamer girl
|-heal|p1a: gamer girl|99/100
|
|-damage|p2a: Zeraora|21/100 brn|[from] brn
|upkeep
|turn|24
|
|move|p2a: Zeraora|Plasma Fists|p1a: gamer girl
|-damage|p1a: gamer girl|88/100
|-fieldactivate|move: Ion Deluge
|move|p1a: gamer girl|Flamethrower|p2a: Zeraora
|-damage|p2a: Zeraora|0 fnt
|faint|p2a: Zeraora
|
|upkeep
|
|switch|p2a: Grimmsnarl|Grimmsnarl, M|94/100
|-damage|p2a: Grimmsnarl|82/100|[from] Stealth Rock
|turn|25
|
|move|p2a: Grimmsnarl|Taunt|p1a: gamer girl
|-start|p1a: gamer girl|move: Taunt
|move|p1a: gamer girl|Flamethrower|p2a: Grimmsnarl
|-damage|p2a: Grimmsnarl|45/100
|
|-heal|p2a: Grimmsnarl|51/100|[from] item: Leftovers
|upkeep
|turn|26
|
|move|p2a: Grimmsnarl|Bulk Up|p2a: Grimmsnarl
|-boost|p2a: Grimmsnarl|atk|1
|-boost|p2a: Grimmsnarl|def|1
|move|p1a: gamer girl|Flamethrower|p2a: Grimmsnarl
|-crit|p2a: Grimmsnarl
|-damage|p2a: Grimmsnarl|0 fnt
|faint|p2a: Grimmsnarl
|
|win|A
|c|☆A|gg
|raw|A's rating: 1516 &rarr; <strong>1535</strong><br />(+19 for winning)
|raw|oaklies's rating: 1497 &rarr; <strong>1478</strong><br />(-19 for losing)
|c|☆oaklies|gg
|l|☆oaklies
|l|+moondazing
|l| justatest123
|j| justatest123
|l| justatest123
|j|+moondazing
