|raw|<div class="broadcast-blue"><strong>This battle is required to be public due to a player having a name starting with 'btlt200'.</div>
|j|☆Quartos
|j|☆BTLT200$ SF'
|t:|1668171344
|gametype|singles
|player|p1|Quartos|#wcop2022france|
|player|p2|BTLT200$ SF'|palmer|
|teamsize|p1|6
|teamsize|p2|6
|gen|8
|tier|[Gen 8] OU
|rule|Sleep Clause Mod: Limit one foe put to sleep
|rule|Species Clause: Limit one of each Pokémon
|rule|OHKO Clause: OHKO moves are banned
|rule|Evasion Items Clause: Evasion items are banned
|rule|Evasion Moves Clause: Evasion moves are banned
|rule|Endless Battle Clause: Forcing endless battles is banned
|rule|HP Percentage Mod: HP is shown in percentages
|rule|Dynamax Clause: You cannot dynamax
|clearpoke
|poke|p1|Runerigus, M|
|poke|p1|Grimmsnarl, M|
|poke|p1|Toxtricity, F|
|poke|p1|Falinks|
|poke|p1|Zarude|
|poke|p1|Copperajah, M|
|poke|p2|Grimmsnarl, M|
|poke|p2|Slowbro-Galar, M|
|poke|p2|Polteageist-Antique|
|poke|p2|Zarude-Dada|
|poke|p2|Articuno-Galar|
|poke|p2|Inteleon, F|
|teampreview
|inactive|Battle timer is ON: inactive players will automatically lose when time's up. (requested by BTLT200$ SF')
|inactive|Quartos has 270 seconds left.
|
|t:|1668171384
|start
|switch|p1a: Runerigus|Runerigus, M|100/100
|switch|p2a: Grimmsnarl|Grimmsnarl, M|100/100
|turn|1
|
|t:|1668171388
|move|p2a: Grimmsnarl|Taunt|p1a: Runerigus
|-start|p1a: Runerigus|move: Taunt
|-enditem|p1a: Runerigus|Mental Herb
|-end|p1a: Runerigus|move: Taunt
|move|p1a: Runerigus|Stealth Rock|p2a: Grimmsnarl
|-sidestart|p2: BTLT200$ SF'|move: Stealth Rock
|
|upkeep
|turn|2
|
|t:|1668171401
|switch|p1a: Copperajah|Copperajah, M|100/100
|move|p2a: Grimmsnarl|Light Screen|p2a: Grimmsnarl
|-sidestart|p2: BTLT200$ SF'|move: Light Screen
|
|upkeep
|turn|3
|
|t:|1668171404
|move|p2a: Grimmsnarl|Reflect|p2a: Grimmsnarl
|-sidestart|p2: BTLT200$ SF'|Reflect
|move|p1a: Copperajah|Heavy Slam|p2a: Grimmsnarl
|-supereffective|p2a: Grimmsnarl
|-damage|p2a: Grimmsnarl|23/100
|
|upkeep
|turn|4
|
|t:|1668171418
|move|p2a: Grimmsnarl|Spirit Break|p1a: Copperajah
|-resisted|p1a: Copperajah
|-damage|p1a: Copperajah|81/100
|-unboost|p1a: Copperajah|spa|1
|move|p1a: Copperajah|Heavy Slam|p2a: Grimmsnarl
|-supereffective|p2a: Grimmsnarl
|-damage|p2a: Grimmsnarl|0 fnt
|faint|p2a: Grimmsnarl
|
|upkeep
|
|t:|1668171420
|switch|p2a: Slowbro|Slowbro-Galar, M|100/100
|-damage|p2a: Slowbro|88/100|[from] Stealth Rock
|turn|5
|
|t:|1668171427
|move|p1a: Copperajah|Earthquake|p2a: Slowbro
|-supereffective|p2a: Slowbro
|-damage|p2a: Slowbro|65/100
|move|p2a: Slowbro|Calm Mind|p2a: Slowbro
|-boost|p2a: Slowbro|spa|1
|-boost|p2a: Slowbro|spd|1
|
|upkeep
|turn|6
|
|t:|1668171435
|switch|p1a: Zarude|Zarude|100/100
|move|p2a: Slowbro|Iron Defense|p2a: Slowbro
|-boost|p2a: Slowbro|def|2
|
|upkeep
|turn|7
|
|t:|1668171439
|move|p1a: Zarude|Darkest Lariat|p2a: Slowbro
|-supereffective|p2a: Slowbro
|-damage|p2a: Slowbro|36/100
|-damage|p1a: Zarude|84/100|[from] item: Rocky Helmet|[of] p2a: Slowbro
|move|p2a: Slowbro|Slack Off|p2a: Slowbro
|-heal|p2a: Slowbro|86/100
|
|-heal|p1a: Zarude|90/100|[from] item: Leftovers
|upkeep
|turn|8
|
|t:|1668171446
|move|p1a: Zarude|Bulk Up|p1a: Zarude
|-boost|p1a: Zarude|atk|1
|-boost|p1a: Zarude|def|1
|move|p2a: Slowbro|Calm Mind|p2a: Slowbro
|-boost|p2a: Slowbro|spa|1
|-boost|p2a: Slowbro|spd|1
|
|-heal|p1a: Zarude|96/100|[from] item: Leftovers
|upkeep
|turn|9
|
|t:|1668171456
|move|p1a: Zarude|Darkest Lariat|p2a: Slowbro
|-supereffective|p2a: Slowbro
|-crit|p2a: Slowbro
|-damage|p2a: Slowbro|0 fnt
|-damage|p1a: Zarude|79/100|[from] item: Rocky Helmet|[of] p2a: Slowbro
|faint|p2a: Slowbro
|
|-heal|p1a: Zarude|85/100|[from] item: Leftovers
|-sideend|p2: BTLT200$ SF'|move: Light Screen
|upkeep
|c|☆BTLT200$ SF'|lol
|-message|BTLT200$ SF' forfeited.
|
|win|Quartos
|l|☆Quartos
