|j|☆maxou1239
|j|☆Steve Omelette
|t:|1656097007
|gametype|singles
|player|p1|maxou1239|acetrainer-gen4|1798
|player|p2|Steve Omelette|265|1896
|teamsize|p1|6
|teamsize|p2|6
|gen|8
|tier|[Gen 8] OU
|rated|
|rule|Sleep Clause Mod: Limit one foe put to sleep
|rule|Species Clause: Limit one of each Pokémon
|rule|OHKO Clause: OHKO moves are banned
|rule|Evasion Moves Clause: Evasion moves are banned
|rule|Endless Battle Clause: Forcing endless battles is banned
|rule|HP Percentage Mod: HP is shown in percentages
|rule|Dynamax Clause: You cannot dynamax
|clearpoke
|poke|p1|Clefable, M|
|poke|p1|Ninetales-Alola, F|
|poke|p1|Landorus-Therian, M|
|poke|p1|Kartana|
|poke|p1|Chansey, F|
|poke|p1|Urshifu-*, F|
|poke|p2|Tapu Fini|
|poke|p2|Weavile, F|
|poke|p2|Landorus-Therian, M|
|poke|p2|Zapdos|
|poke|p2|Melmetal|
|poke|p2|Buzzwole|
|teampreview
|j| Abcdefp
|
|t:|1656097025
|start
|switch|p1a: Urshifu|Urshifu-Rapid-Strike, F|100/100
|switch|p2a: Tapu Fini|Tapu Fini|100/100
|-fieldstart|move: Misty Terrain|[from] ability: Misty Surge|[of] p2a: Tapu Fini
|turn|1
|
|t:|1656097039
|move|p1a: Urshifu|U-turn|p2a: Tapu Fini
|-resisted|p2a: Tapu Fini
|-damage|p2a: Tapu Fini|91/100
|j| LocalMetagross
|
|t:|1656097048
|switch|p1a: Chansey|Chansey, F|100/100|[from]move: U-turn
|move|p2a: Tapu Fini|Nature's Madness|p1a: Chansey
|-damage|p1a: Chansey|51/100
|
|-heal|p2a: Tapu Fini|97/100|[from] item: Leftovers
|upkeep
|turn|2
|
|t:|1656097054
|switch|p1a: Ninetales|Ninetales-Alola, F, shiny|100/100
|-weather|Hail|[from] ability: Snow Warning|[of] p1a: Ninetales
|move|p2a: Tapu Fini|Whirlpool|p1a: Ninetales
|-damage|p1a: Ninetales|89/100
|-activate|p1a: Ninetales|move: Whirlpool|[of] p2a: Tapu Fini
|
|-weather|Hail|[upkeep]
|-damage|p2a: Tapu Fini|91/100|[from] Hail
|-heal|p2a: Tapu Fini|97/100|[from] item: Leftovers
|-damage|p1a: Ninetales|77/100|[from] move: Whirlpool|[partiallytrapped]
|upkeep
|turn|3
|
|t:|1656097058
|switch|p2a: Melmetal|Melmetal|100/100
|move|p1a: Ninetales|Encore||[still]
|-fail|p1a: Ninetales
|
|-weather|Hail|[upkeep]
|-damage|p2a: Melmetal|94/100|[from] Hail
|-heal|p2a: Melmetal|100/100|[from] item: Leftovers
|-end|p1a: Ninetales|Whirlpool|[partiallytrapped]|[silent]
|upkeep
|turn|4
|
|t:|1656097066
|move|p1a: Ninetales|Grudge|p1a: Ninetales
|-singlemove|p1a: Ninetales|Grudge
|move|p2a: Melmetal|Double Iron Bash|p1a: Ninetales
|-supereffective|p1a: Ninetales
|-damage|p1a: Ninetales|0 fnt
|faint|p1a: Ninetales
|-activate|p2a: Melmetal|move: Grudge|Double Iron Bash
|-hitcount|p1: Ninetales|1
|
|-weather|Hail|[upkeep]
|-damage|p2a: Melmetal|94/100|[from] Hail
|-heal|p2a: Melmetal|100/100|[from] item: Leftovers
|upkeep
|
|t:|1656097072
|switch|p1a: Clefable|Clefable, M|100/100
|turn|5
|j| Not_Taken_Name637
|
|t:|1656097077
|switch|p2a: Landorus|Landorus-Therian, M|100/100
|-ability|p2a: Landorus|Intimidate|boost
|-unboost|p1a: Clefable|atk|1
|move|p1a: Clefable|Belly Drum|p1a: Clefable
|-damage|p1a: Clefable|51/100
|-setboost|p1a: Clefable|atk|6|[from] move: Belly Drum
|
|-weather|Hail|[upkeep]
|-damage|p2a: Landorus|94/100|[from] Hail
|-heal|p2a: Landorus|100/100|[from] item: Leftovers
|-fieldend|Misty Terrain
|upkeep
|turn|6
|j| pokeaimfan96
|
|t:|1656097084
|move|p1a: Clefable|Play Rough|p2a: Landorus
|-damage|p2a: Landorus|0 fnt
|faint|p2a: Landorus
|
|-weather|none
|upkeep
|
|t:|1656097092
|switch|p2a: Weavile|Weavile, F|100/100
|-ability|p2a: Weavile|Pressure
|turn|7
|
|t:|1656097096
|move|p2a: Weavile|Triple Axel|p1a: Clefable
|-damage|p1a: Clefable|28/100
|-damage|p1a: Clefable|0 fnt
|faint|p1a: Clefable
|-hitcount|p1: Clefable|2
|
|upkeep
|
|t:|1656097112
|switch|p1a: Kartana|Kartana|100/100
|turn|8
|
|t:|1656097121
|switch|p2a: Zapdos|Zapdos|100/100
|move|p1a: Kartana|Swords Dance|p1a: Kartana
|-boost|p1a: Kartana|atk|2
|
|upkeep
|turn|9
|
|t:|1656097125
|switch|p1a: Chansey|Chansey, F|51/100
|move|p2a: Zapdos|Hurricane|p1a: Chansey
|-damage|p1a: Chansey|33/100
|
|upkeep
|turn|10
|
|t:|1656097131
|move|p2a: Zapdos|Volt Switch|p1a: Chansey
|-damage|p1a: Chansey|22/100
|
|t:|1656097133
|switch|p2a: Buzzwole|Buzzwole|100/100|[from]move: Volt Switch
|move|p1a: Chansey|Seismic Toss|p2a: Buzzwole
|-damage|p2a: Buzzwole|73/100
|
|upkeep
|turn|11
|
|t:|1656097138
|move|p2a: Buzzwole|Close Combat|p1a: Chansey
|-supereffective|p1a: Chansey
|-damage|p1a: Chansey|0 fnt
|-unboost|p2a: Buzzwole|def|1
|-unboost|p2a: Buzzwole|spd|1
|faint|p1a: Chansey
|-ability|p2a: Buzzwole|Beast Boost|boost
|-boost|p2a: Buzzwole|atk|1
|
|upkeep
|
|t:|1656097162
|switch|p1a: Landorus|Landorus-Therian, M|100/100
|-ability|p1a: Landorus|Intimidate|boost
|-unboost|p2a: Buzzwole|atk|1
|turn|12
|
|t:|1656097168
|switch|p1a: Urshifu|Urshifu-Rapid-Strike, F|100/100
|switch|p2a: Melmetal|Melmetal|100/100
|
|upkeep
|turn|13
|j| clflucker
|
|t:|1656097178
|move|p1a: Urshifu|Surging Strikes|p2a: Melmetal
|-crit|p2a: Melmetal
|-damage|p2a: Melmetal|90/100
|-crit|p2a: Melmetal
|-damage|p2a: Melmetal|79/100
|-crit|p2a: Melmetal
|-damage|p2a: Melmetal|69/100
|-hitcount|p2a: Melmetal|3
|move|p2a: Melmetal|Toxic|p1a: Urshifu
|-status|p1a: Urshifu|tox
|
|-heal|p2a: Melmetal|75/100|[from] item: Leftovers
|-damage|p1a: Urshifu|94/100 tox|[from] psn
|upkeep
|turn|14
|
|t:|1656097186
|switch|p1a: Landorus|Landorus-Therian, M|100/100
|-ability|p1a: Landorus|Intimidate|boost
|-unboost|p2a: Melmetal|atk|1
|move|p2a: Melmetal|Toxic|p1a: Landorus
|-status|p1a: Landorus|tox
|
|-heal|p2a: Melmetal|81/100|[from] item: Leftovers
|-damage|p1a: Landorus|95/100 tox|[from] psn
|upkeep
|turn|15
|j| xxcryptoxx
|
|t:|1656097192
|switch|p2a: Tapu Fini|Tapu Fini|97/100
|-fieldstart|move: Misty Terrain|[from] ability: Misty Surge|[of] p2a: Tapu Fini
|move|p1a: Landorus|Earthquake|p2a: Tapu Fini
|-damage|p2a: Tapu Fini|54/100
|
|-heal|p1a: Landorus|100/100 tox|[from] item: Leftovers
|-heal|p2a: Tapu Fini|60/100|[from] item: Leftovers
|-damage|p1a: Landorus|89/100 tox|[from] psn
|upkeep
|turn|16
|
|t:|1656097198
|switch|p2a: Melmetal|Melmetal|81/100
|move|p1a: Landorus|Earthquake|p2a: Melmetal
|-supereffective|p2a: Melmetal
|-damage|p2a: Melmetal|15/100
|
|-heal|p1a: Landorus|95/100 tox|[from] item: Leftovers
|-heal|p2a: Melmetal|21/100|[from] item: Leftovers
|-damage|p1a: Landorus|77/100 tox|[from] psn
|upkeep
|turn|17
|
|t:|1656097206
|move|p1a: Landorus|Earthquake|p2a: Melmetal
|-supereffective|p2a: Melmetal
|-damage|p2a: Melmetal|0 fnt
|faint|p2a: Melmetal
|
|-heal|p1a: Landorus|83/100 tox|[from] item: Leftovers
|-damage|p1a: Landorus|59/100 tox|[from] psn
|upkeep
|
|t:|1656097208
|switch|p2a: Weavile|Weavile, F|100/100
|-ability|p2a: Weavile|Pressure
|turn|18
|
|t:|1656097211
|switch|p1a: Urshifu|Urshifu-Rapid-Strike, F|94/100 tox
|move|p2a: Weavile|Knock Off|p1a: Urshifu
|-resisted|p1a: Urshifu
|-damage|p1a: Urshifu|57/100 tox
|-enditem|p1a: Urshifu|Choice Scarf|[from] move: Knock Off|[of] p2a: Weavile
|
|-damage|p1a: Urshifu|50/100 tox|[from] psn
|upkeep
|turn|19
|
|t:|1656097220
|switch|p2a: Tapu Fini|Tapu Fini|60/100
|move|p1a: Urshifu|U-turn|p2a: Tapu Fini
|-resisted|p2a: Tapu Fini
|-damage|p2a: Tapu Fini|50/100
|
|t:|1656097225
|switch|p1a: Kartana|Kartana|100/100|[from]move: U-turn
|
|-heal|p2a: Tapu Fini|56/100|[from] item: Leftovers
|-fieldend|Misty Terrain
|upkeep
|turn|20
|j| altervisi
|
|t:|1656097245
|switch|p1a: Landorus|Landorus-Therian, M|59/100 tox
|-ability|p1a: Landorus|Intimidate|boost
|-unboost|p2a: Tapu Fini|atk|1
|switch|p2a: Zapdos|Zapdos|100/100
|
|-heal|p1a: Landorus|65/100 tox|[from] item: Leftovers
|-damage|p1a: Landorus|59/100 tox|[from] psn
|upkeep
|turn|21
|
|t:|1656097248
|switch|p2a: Buzzwole|Buzzwole|73/100
|move|p1a: Landorus|Stone Edge|p2a: Buzzwole
|-damage|p2a: Buzzwole|50/100
|
|-heal|p1a: Landorus|65/100 tox|[from] item: Leftovers
|-damage|p1a: Landorus|53/100 tox|[from] psn
|upkeep
|turn|22
|
|t:|1656097253
|switch|p1a: Urshifu|Urshifu-Rapid-Strike, F|50/100 tox
|move|p2a: Buzzwole|Close Combat|p1a: Urshifu
|-damage|p1a: Urshifu|0 fnt
|-unboost|p2a: Buzzwole|def|1
|-unboost|p2a: Buzzwole|spd|1
|faint|p1a: Urshifu
|-ability|p2a: Buzzwole|Beast Boost|boost
|-boost|p2a: Buzzwole|atk|1
|
|upkeep
|c| xxcryptoxx|omg lmaaaaooo
|
|t:|1656097262
|switch|p1a: Kartana|Kartana|100/100
|turn|23
|
|t:|1656097273
|switch|p2a: Zapdos|Zapdos|100/100
|move|p1a: Kartana|Psycho Cut|p2a: Zapdos
|-damage|p2a: Zapdos|75/100
|
|upkeep
|turn|24
|c| xxcryptoxx|grudge ninetails and bellydrum clef
|c| xxcryptoxx|made my day
|c| LocalMetagross|introducing cm kartana
|
|t:|1656097288
|move|p1a: Kartana|Swords Dance|p1a: Kartana
|-boost|p1a: Kartana|atk|2
|move|p2a: Zapdos|Roost|p2a: Zapdos
|-heal|p2a: Zapdos|100/100
|-singleturn|p2a: Zapdos|move: Roost
|
|upkeep
|turn|25
|
|t:|1656097296
|move|p1a: Kartana|Psycho Cut|p2a: Zapdos
|-damage|p2a: Zapdos|55/100
|move|p2a: Zapdos|Volt Switch|p1a: Kartana
|-resisted|p1a: Kartana
|-damage|p1a: Kartana|58/100
|
|t:|1656097298
|switch|p2a: Weavile|Weavile, F|100/100|[from]move: Volt Switch
|-ability|p2a: Weavile|Pressure
|
|upkeep
|turn|26
|
|t:|1656097309
|move|p2a: Weavile|Knock Off|p1a: Kartana
|-damage|p1a: Kartana|0 fnt
|-enditem|p1a: Kartana|Scope Lens|[from] move: Knock Off|[of] p2a: Weavile
|faint|p1a: Kartana
|
|upkeep
|-message|maxou1239 forfeited.
|
|win|Steve Omelette
|raw|maxou1239's rating: 1798 &rarr; <strong>1783</strong><br />(-15 for losing)
|raw|Steve Omelette's rating: 1896 &rarr; <strong>1911</strong><br />(+15 for winning)
|l|☆maxou1239
|l|☆Steve Omelette
|l| pokeaimfan96
|l| LocalMetagross
|l| altervisi
||Ladder isn't responding, score probably updated but might not have (Request timeout).
