|j|☆beastyj157
|j|☆seventhfeather
|t:|1644059790
|gametype|singles
|player|p1|beastyj157|170|1525
|player|p2|seventhfeather|lady|1570
|teamsize|p1|6
|teamsize|p2|6
|gen|8
|tier|[Gen 8] OU
|rated|
|rule|Sleep Clause Mod: Limit one foe put to sleep
|rule|Species Clause: Limit one of each Pokémon
|rule|OHKO Clause: OHKO moves are banned
|rule|Evasion Moves Clause: Evasion moves are banned
|rule|Endless Battle Clause: Forcing endless battles is banned
|rule|HP Percentage Mod: HP is shown in percentages
|rule|Dynamax Clause: You cannot dynamax
|clearpoke
|poke|p1|Pelipper, F|
|poke|p1|Barraskewda, M|
|poke|p1|Ferrothorn, M|
|poke|p1|Zapdos|
|poke|p1|Seismitoad, F|
|poke|p1|Moltres-Galar|
|poke|p2|Clefable, M|
|poke|p2|Dragonite, M|
|poke|p2|Tapu Lele|
|poke|p2|Stakataka|
|poke|p2|Skarmory, F|
|poke|p2|Seismitoad, M|
|teampreview
|inactive|Battle timer is ON: inactive players will automatically lose when time's up. (requested by beastyj157)
|
|t:|1644059796
|start
|switch|p1a: Pelipper|Pelipper, F|100/100
|switch|p2a: Seismitoad|Seismitoad, M|100/100
|-weather|RainDance|[from] ability: Drizzle|[of] p1a: Pelipper
|turn|1
|
|t:|1644059800
|move|p2a: Seismitoad|Stealth Rock|p1a: Pelipper
|-sidestart|p1: beastyj157|move: Stealth Rock
|move|p1a: Pelipper|U-turn|p2a: Seismitoad
|-damage|p2a: Seismitoad|92/100
|
|t:|1644059817
|switch|p1a: Moltres|Moltres-Galar|100/100|[from]move: U-turn
|-damage|p1a: Moltres|76/100|[from] Stealth Rock
|
|-weather|RainDance|[upkeep]
|-heal|p2a: Seismitoad|98/100|[from] item: Leftovers
|upkeep
|turn|2
|
|t:|1644059821
|switch|p2a: Tapu Lele|Tapu Lele, shiny|100/100
|-fieldstart|move: Psychic Terrain|[from] ability: Psychic Surge|[of] p2a: Tapu Lele
|move|p1a: Moltres|Nasty Plot|p1a: Moltres
|-boost|p1a: Moltres|spa|2
|
|-weather|RainDance|[upkeep]
|upkeep
|turn|3
|
|t:|1644059827
|move|p2a: Tapu Lele|Moonblast|p1a: Moltres
|-supereffective|p1a: Moltres
|-damage|p1a: Moltres|0 fnt
|faint|p1a: Moltres
|
|-weather|RainDance|[upkeep]
|upkeep
|
|t:|1644059830
|switch|p1a: Barraskewda|Barraskewda, M|100/100
|-damage|p1a: Barraskewda|88/100|[from] Stealth Rock
|turn|4
|
|t:|1644059835
|switch|p2a: Seismitoad|Seismitoad, M|98/100
|move|p1a: Barraskewda|Flip Turn|p2a: Seismitoad
|-heal|p2a: Seismitoad|100/100|[from] ability: Water Absorb|[of] p1a: Barraskewda
|
|-weather|RainDance|[upkeep]
|upkeep
|turn|5
|
|t:|1644059840
|switch|p1a: Ferrothorn|Ferrothorn, M|100/100
|-damage|p1a: Ferrothorn|94/100|[from] Stealth Rock
|move|p2a: Seismitoad|Knock Off|p1a: Ferrothorn
|-damage|p1a: Ferrothorn|82/100
|-damage|p2a: Seismitoad|88/100|[from] ability: Iron Barbs|[of] p1a: Ferrothorn
|-enditem|p1a: Ferrothorn|Leftovers|[from] move: Knock Off|[of] p2a: Seismitoad
|
|-weather|RainDance|[upkeep]
|-heal|p2a: Seismitoad|94/100|[from] item: Leftovers
|upkeep
|turn|6
|j| JoJoFrostitudo
|
|t:|1644059845
|switch|p2a: Clefable|Clefable, M|100/100
|move|p1a: Ferrothorn|Knock Off|p2a: Clefable
|-resisted|p2a: Clefable
|-damage|p2a: Clefable|93/100
|-enditem|p2a: Clefable|Leftovers|[from] move: Knock Off|[of] p1a: Ferrothorn
|
|-weather|RainDance|[upkeep]
|-fieldend|move: Psychic Terrain
|upkeep
|turn|7
|
|t:|1644059851
|switch|p1a: Zapdos|Zapdos|100/100
|move|p2a: Clefable|Calm Mind|p2a: Clefable
|-boost|p2a: Clefable|spa|1
|-boost|p2a: Clefable|spd|1
|
|-weather|RainDance|[upkeep]
|upkeep
|turn|8
|
|t:|1644059857
|move|p1a: Zapdos|Thunder|p2a: Clefable
|-damage|p2a: Clefable|55/100
|move|p2a: Clefable|Moonblast|p1a: Zapdos
|-damage|p1a: Zapdos|47/100
|
|-weather|none
|upkeep
|turn|9
|
|t:|1644059863
|switch|p1a: Pelipper|Pelipper, F|100/100
|-damage|p1a: Pelipper|76/100|[from] Stealth Rock
|-weather|RainDance|[from] ability: Drizzle|[of] p1a: Pelipper
|move|p2a: Clefable|Soft-Boiled|p2a: Clefable
|-heal|p2a: Clefable|100/100
|
|-weather|RainDance|[upkeep]
|upkeep
|turn|10
|
|t:|1644059868
|switch|p1a: Zapdos|Zapdos|47/100
|move|p2a: Clefable|Moonblast|p1a: Zapdos
|-damage|p1a: Zapdos|0 fnt
|faint|p1a: Zapdos
|
|-weather|RainDance|[upkeep]
|upkeep
|
|t:|1644059869
|switch|p1a: Barraskewda|Barraskewda, M|88/100
|-damage|p1a: Barraskewda|76/100|[from] Stealth Rock
|turn|11
|
|t:|1644059873
|move|p1a: Barraskewda|Crunch|p2a: Clefable
|-resisted|p2a: Clefable
|-damage|p2a: Clefable|85/100
|move|p2a: Clefable|Moonblast|p1a: Barraskewda
|-damage|p1a: Barraskewda|0 fnt
|faint|p1a: Barraskewda
|
|-weather|RainDance|[upkeep]
|upkeep
|-message|beastyj157 forfeited.
|
|win|seventhfeather
|raw|beastyj157's rating: 1525 &rarr; <strong>1508</strong><br />(-17 for losing)
|raw|seventhfeather's rating: 1570 &rarr; <strong>1587</strong><br />(+17 for winning)
|l|☆beastyj157
