|j|☆GGeorgie
|j|☆legitteambuilder
|t:|1645961782
|gametype|singles
|player|p1|GGeorgie|hiker-gen2|1628
|player|p2|legitteambuilder|benga|1633
|teamsize|p1|6
|teamsize|p2|6
|gen|8
|tier|[Gen 8] OU
|rated|
|rule|Sleep Clause Mod: Limit one foe put to sleep
|rule|Species Clause: Limit one of each Pokémon
|rule|OHKO Clause: OHKO moves are banned
|rule|Evasion Moves Clause: Evasion moves are banned
|rule|Endless Battle Clause: Forcing endless battles is banned
|rule|HP Percentage Mod: HP is shown in percentages
|rule|Dynamax Clause: You cannot dynamax
|clearpoke
|poke|p1|Tyranitar, F|
|poke|p1|Excadrill, F|
|poke|p1|Heatran, M|
|poke|p1|Keldeo-Resolute|
|poke|p1|Skarmory, M|
|poke|p1|Amoonguss, F|
|poke|p2|Pelipper, M|
|poke|p2|Zapdos|
|poke|p2|Barraskewda, M|
|poke|p2|Ferrothorn, F|
|poke|p2|Urshifu-*, F|
|poke|p2|Excadrill, F|
|teampreview
|inactive|Battle timer is ON: inactive players will automatically lose when time's up. (requested by GGeorgie)
|
|t:|1645961797
|start
|switch|p1a: Keldeo|Keldeo-Resolute|100/100
|switch|p2a: Barraskewda|Barraskewda, M, shiny|100/100
|turn|1
|
|t:|1645961819
|move|p2a: Barraskewda|Flip Turn|p1a: Keldeo
|-resisted|p1a: Keldeo
|-damage|p1a: Keldeo|70/100
|
|t:|1645961822
|switch|p2a: Pelipper|Pelipper, M|100/100|[from]move: Flip Turn
|-weather|RainDance|[from] ability: Drizzle|[of] p2a: Pelipper
|move|p1a: Keldeo|Hydro Pump|p2a: Pelipper
|-resisted|p2a: Pelipper
|-damage|p2a: Pelipper|12/100
|
|-weather|RainDance|[upkeep]
|upkeep
|turn|2
|inactive|legitteambuilder has 120 seconds left.
|
|t:|1645961866
|switch|p1a: Heatran|Heatran, M|100/100
|-item|p1a: Heatran|Air Balloon
|switch|p2a: BellaThorn|Ferrothorn, F, shiny|100/100
|
|-weather|RainDance|[upkeep]
|upkeep
|turn|3
|
|t:|1645961873
|switch|p2a: Excadrill|Excadrill, F|100/100
|-ability|p2a: Excadrill|Mold Breaker
|move|p1a: Heatran|Stealth Rock|p2a: Excadrill
|-sidestart|p2: legitteambuilder|move: Stealth Rock
|
|-weather|RainDance|[upkeep]
|upkeep
|turn|4
|
|t:|1645961877
|move|p2a: Excadrill|Rapid Spin|p1a: Heatran
|-resisted|p1a: Heatran
|-damage|p1a: Heatran|94/100
|-boost|p2a: Excadrill|spe|1
|-enditem|p1a: Heatran|Air Balloon
|-sideend|p2: legitteambuilder|Stealth Rock|[from] move: Rapid Spin|[of] p2a: Excadrill
|move|p1a: Heatran|Earth Power|p2a: Excadrill
|-supereffective|p2a: Excadrill
|-damage|p2a: Excadrill|42/100
|-unboost|p2a: Excadrill|spd|1
|
|-weather|RainDance|[upkeep]
|-heal|p2a: Excadrill|48/100|[from] item: Leftovers
|upkeep
|turn|5
|
|t:|1645961886
|switch|p2a: Zapdos|Zapdos, shiny|100/100
|switch|p1a: Skarmory|Skarmory, M|100/100
|
|-weather|RainDance|[upkeep]
|upkeep
|turn|6
|
|t:|1645961897
|switch|p2a: Barraskewda|Barraskewda, M, shiny|100/100
|switch|p1a: Excadrill|Excadrill, F|100/100
|
|-weather|RainDance|[upkeep]
|upkeep
|turn|7
|j| Laubroww_
|
|t:|1645961900
|switch|p1a: Amoonguss|Amoonguss, F|100/100
|move|p2a: Barraskewda|Flip Turn|p1a: Amoonguss
|-resisted|p1a: Amoonguss
|-damage|p1a: Amoonguss|68/100
|-damage|p2a: Barraskewda|84/100|[from] item: Rocky Helmet|[of] p1a: Amoonguss
|
|t:|1645961908
|switch|p2a: Tai Lung|Urshifu-Rapid-Strike, F|100/100|[from]move: Flip Turn
|
|-weather|RainDance|[upkeep]
|upkeep
|turn|8
|j| Gran Clefable
|
|t:|1645961928
|switch|p1a: Skarmory|Skarmory, M|100/100
|move|p2a: Tai Lung|Surging Strikes|p1a: Skarmory
|-crit|p1a: Skarmory
|-damage|p1a: Skarmory|78/100
|-crit|p1a: Skarmory
|-damage|p1a: Skarmory|58/100
|-crit|p1a: Skarmory
|-damage|p1a: Skarmory|36/100
|-hitcount|p1a: Skarmory|3
|
|-weather|none
|upkeep
|turn|9
|
|t:|1645961945
|switch|p2a: Pelipper|Pelipper, M|12/100
|-weather|RainDance|[from] ability: Drizzle|[of] p2a: Pelipper
|switch|p1a: Amoonguss|Amoonguss, F|100/100
|
|-weather|RainDance|[upkeep]
|upkeep
|turn|10
|
|t:|1645961956
|switch|p2a: Zapdos|Zapdos, shiny|100/100
|move|p1a: Amoonguss|Giga Drain|p2a: Zapdos
|-resisted|p2a: Zapdos
|-damage|p2a: Zapdos|88/100
|
|-weather|RainDance|[upkeep]
|upkeep
|turn|11
|
|t:|1645961967
|switch|p1a: Tyranitar|Tyranitar, F, shiny|100/100
|-weather|Sandstorm|[from] ability: Sand Stream|[of] p1a: Tyranitar
|move|p2a: Zapdos|Weather Ball|p1a: Tyranitar
|-damage|p1a: Tyranitar|76/100
|
|-weather|Sandstorm|[upkeep]
|-damage|p2a: Zapdos|82/100|[from] Sandstorm
|upkeep
|turn|12
|
|t:|1645961976
|switch|p2a: Tai Lung|Urshifu-Rapid-Strike, F|100/100
|switch|p1a: Heatran|Heatran, M|94/100
|
|-weather|Sandstorm|[upkeep]
|-damage|p2a: Tai Lung|94/100|[from] Sandstorm
|upkeep
|turn|13
|
|t:|1645961991
|switch|p2a: Pelipper|Pelipper, M|12/100
|-weather|RainDance|[from] ability: Drizzle|[of] p2a: Pelipper
|switch|p1a: Amoonguss|Amoonguss, F|100/100
|
|-weather|RainDance|[upkeep]
|upkeep
|turn|14
|
|t:|1645961997
|switch|p1a: Tyranitar|Tyranitar, F, shiny|76/100
|-weather|Sandstorm|[from] ability: Sand Stream|[of] p1a: Tyranitar
|move|p2a: Pelipper|Roost|p2a: Pelipper
|-heal|p2a: Pelipper|62/100
|-singleturn|p2a: Pelipper|move: Roost
|
|-weather|Sandstorm|[upkeep]
|-damage|p2a: Pelipper|56/100|[from] Sandstorm
|upkeep
|turn|15
|
|t:|1645962004
|switch|p2a: BellaThorn|Ferrothorn, F, shiny|100/100
|move|p1a: Tyranitar|Stone Edge|p2a: BellaThorn
|-resisted|p2a: BellaThorn
|-damage|p2a: BellaThorn|71/100
|
|-weather|Sandstorm|[upkeep]
|upkeep
|turn|16
|
|t:|1645962012
|switch|p1a: Heatran|Heatran, M|94/100
|move|p2a: BellaThorn|Knock Off|p1a: Heatran
|-damage|p1a: Heatran|79/100
|
|-weather|Sandstorm|[upkeep]
|upkeep
|turn|17
|
|t:|1645962016
|switch|p2a: Tai Lung|Urshifu-Rapid-Strike, F|94/100
|move|p1a: Heatran|Stealth Rock|p2a: Tai Lung
|-sidestart|p2: legitteambuilder|move: Stealth Rock
|
|-weather|Sandstorm|[upkeep]
|-damage|p2a: Tai Lung|88/100|[from] Sandstorm
|upkeep
|turn|18
|
|t:|1645962022
|switch|p2a: Excadrill|Excadrill, F|48/100
|-damage|p2a: Excadrill|45/100|[from] Stealth Rock
|-ability|p2a: Excadrill|Mold Breaker
|switch|p1a: Amoonguss|Amoonguss, F|100/100
|
|-weather|none
|-heal|p2a: Excadrill|51/100|[from] item: Leftovers
|upkeep
|turn|19
|
|t:|1645962025
|move|p2a: Excadrill|Rapid Spin|p1a: Amoonguss
|-damage|p1a: Amoonguss|89/100
|-boost|p2a: Excadrill|spe|1
|-damage|p2a: Excadrill|34/100|[from] item: Rocky Helmet|[of] p1a: Amoonguss
|-sideend|p2: legitteambuilder|Stealth Rock|[from] move: Rapid Spin|[of] p2a: Excadrill
|move|p1a: Amoonguss|Foul Play|p2a: Excadrill
|-damage|p2a: Excadrill|0 fnt
|faint|p2a: Excadrill
|
|upkeep
|
|t:|1645962029
|switch|p2a: Pelipper|Pelipper, M|56/100
|-weather|RainDance|[from] ability: Drizzle|[of] p2a: Pelipper
|turn|20
|
|t:|1645962045
|switch|p2a: Zapdos|Zapdos, shiny|82/100
|move|p1a: Amoonguss|Giga Drain|p2a: Zapdos
|-resisted|p2a: Zapdos
|-damage|p2a: Zapdos|68/100
|-heal|p1a: Amoonguss|95/100|[from] drain|[of] p2a: Zapdos
|
|-weather|RainDance|[upkeep]
|upkeep
|turn|21
|inactive|GGeorgie has 120 seconds left.
|
|t:|1645962095
|switch|p1a: Tyranitar|Tyranitar, F, shiny|76/100
|-weather|Sandstorm|[from] ability: Sand Stream|[of] p1a: Tyranitar
|move|p2a: Zapdos|Hurricane|p1a: Tyranitar|[miss]
|-miss|p2a: Zapdos|p1a: Tyranitar
|
|-weather|Sandstorm|[upkeep]
|-damage|p2a: Zapdos|62/100|[from] Sandstorm
|upkeep
|turn|22
|-message|legitteambuilder forfeited.
|
|win|GGeorgie
|raw|GGeorgie's rating: 1646 &rarr; <strong>1665</strong><br />(+19 for winning)
|raw|legitteambuilder's rating: 1633 &rarr; <strong>1614</strong><br />(-19 for losing)
|l|☆legitteambuilder
