|j|☆enpathy
|j|☆Le-Perpetrator
|t:|1644611278
|gametype|singles
|player|p1|enpathy|101|1724
|player|p2|Le-Perpetrator|170|1777
|teamsize|p1|6
|teamsize|p2|6
|gen|8
|tier|[Gen 8] OU
|rated|
|rule|Sleep Clause Mod: Limit one foe put to sleep
|rule|Species Clause: Limit one of each Pokémon
|rule|OHKO Clause: OHKO moves are banned
|rule|Evasion Moves Clause: Evasion moves are banned
|rule|Endless Battle Clause: Forcing endless battles is banned
|rule|HP Percentage Mod: HP is shown in percentages
|rule|Dynamax Clause: You cannot dynamax
|clearpoke
|poke|p1|Landorus-Therian, M|
|poke|p1|Corviknight, M|
|poke|p1|Tapu Koko|
|poke|p1|Toxapex, F|
|poke|p1|Weavile, M|
|poke|p1|Blacephalon|
|poke|p2|Toxapex, F|
|poke|p2|Ferrothorn, F|
|poke|p2|Hatterene, F|
|poke|p2|Landorus-Therian, M|
|poke|p2|Victini|
|poke|p2|Dragapult, M|
|teampreview
|j| ayevon
|inactive|Battle timer is ON: inactive players will automatically lose when time's up. (requested by enpathy)
|j| ZachPKM
|inactive|enpathy has 120 seconds left.
|c| ZachPKM|Sheesh 1700
|j| juicelol
|
|t:|1644611353
|start
|switch|p1a: Tapu Koko|Tapu Koko|100/100
|switch|p2a: BillieEllish|Landorus-Therian, M|100/100
|-ability|p2a: BillieEllish|Intimidate|boost
|-unboost|p1a: Tapu Koko|atk|1
|-fieldstart|move: Electric Terrain|[from] ability: Electric Surge|[of] p1a: Tapu Koko
|turn|1
|j| FireWolf12345
|
|t:|1644611360
|switch|p1a: Corviknight|Corviknight, M|100/100
|-ability|p1a: Corviknight|Pressure
|move|p2a: BillieEllish|Knock Off|p1a: Corviknight
|-damage|p1a: Corviknight|77/100
|-damage|p2a: BillieEllish|84/100|[from] item: Rocky Helmet|[of] p1a: Corviknight
|-enditem|p1a: Corviknight|Rocky Helmet|[from] move: Knock Off|[of] p2a: BillieEllish
|
|upkeep
|turn|2
|
|t:|1644611369
|switch|p2a: SoftontheInside|Ferrothorn, F|100/100
|move|p1a: Corviknight|Roost|p1a: Corviknight
|-heal|p1a: Corviknight|100/100
|-singleturn|p1a: Corviknight|move: Roost
|
|upkeep
|turn|3
|j| LT_Alt1
|
|t:|1644611375
|switch|p1a: Toxapex|Toxapex, F|100/100
|move|p2a: SoftontheInside|Stealth Rock|p1a: Toxapex
|-sidestart|p1: enpathy|move: Stealth Rock
|
|upkeep
|turn|4
|
|t:|1644611380
|move|p1a: Toxapex|Scald|p2a: SoftontheInside
|-resisted|p2a: SoftontheInside
|-damage|p2a: SoftontheInside|95/100
|move|p2a: SoftontheInside|Spikes|p1a: Toxapex
|-sidestart|p1: enpathy|Spikes
|
|upkeep
|turn|5
|
|t:|1644611385
|switch|p1a: Blacephalon|Blacephalon|100/100
|-damage|p1a: Blacephalon|76/100|[from] Stealth Rock
|-damage|p1a: Blacephalon|64/100|[from] Spikes
|move|p2a: SoftontheInside|Leech Seed|p1a: Blacephalon
|-start|p1a: Blacephalon|move: Leech Seed
|
|-damage|p1a: Blacephalon|52/100|[from] Leech Seed|[of] p2a: SoftontheInside
|-heal|p2a: SoftontheInside|100/100|[silent]
|-fieldend|move: Electric Terrain
|upkeep
|turn|6
|
|t:|1644611394
|switch|p2a: NastyInsertion|Toxapex, F|100/100
|move|p1a: Blacephalon|Trick|p2a: NastyInsertion
|-activate|p1a: Blacephalon|move: Trick|[of] p2a: NastyInsertion
|-item|p2a: NastyInsertion|Choice Specs|[from] move: Trick
|-item|p1a: Blacephalon|Black Sludge|[from] move: Trick
|
|-damage|p1a: Blacephalon|39/100|[from] item: Black Sludge
|-damage|p1a: Blacephalon|27/100|[from] Leech Seed|[of] p2a: NastyInsertion
|upkeep
|turn|7
|
|t:|1644611401
|switch|p1a: Toxapex|Toxapex, F|100/100
|-damage|p1a: Toxapex|88/100|[from] Stealth Rock
|-damage|p1a: Toxapex|76/100|[from] Spikes
|move|p2a: NastyInsertion|Scald|p1a: Toxapex
|-resisted|p1a: Toxapex
|-damage|p1a: Toxapex|66/100
|-enditem|p1a: Toxapex|Eject Button
|
|t:|1644611404
|switch|p1a: Landorus|Landorus-Therian, M|100/100
|-damage|p1a: Landorus|88/100|[from] Stealth Rock
|-ability|p1a: Landorus|Intimidate|boost
|-unboost|p2a: NastyInsertion|atk|1
|
|-heal|p1a: Landorus|94/100|[from] item: Leftovers
|upkeep
|turn|8
|
|t:|1644611415
|move|p1a: Landorus|Defog|p2a: NastyInsertion
|-unboost|p2a: NastyInsertion|evasion|1
|-sideend|p1: enpathy|Spikes|[from] move: Defog|[of] p1a: Landorus
|-sideend|p1: enpathy|Stealth Rock|[from] move: Defog|[of] p1a: Landorus
|move|p2a: NastyInsertion|Scald|p1a: Landorus
|-supereffective|p1a: Landorus
|-damage|p1a: Landorus|51/100
|-status|p1a: Landorus|brn
|
|-heal|p1a: Landorus|57/100 brn|[from] item: Leftovers
|-damage|p1a: Landorus|51/100 brn|[from] brn
|upkeep
|turn|9
|
|t:|1644611426
|move|p1a: Landorus|U-turn|p2a: NastyInsertion
|-resisted|p2a: NastyInsertion
|-damage|p2a: NastyInsertion|97/100
|
|t:|1644611430
|switch|p1a: Tapu Koko|Tapu Koko|100/100|[from]move: U-turn
|-fieldstart|move: Electric Terrain|[from] ability: Electric Surge|[of] p1a: Tapu Koko
|move|p2a: NastyInsertion|Scald|p1a: Tapu Koko
|-damage|p1a: Tapu Koko|56/100
|-status|p1a: Tapu Koko|brn
|
|-damage|p1a: Tapu Koko|50/100 brn|[from] brn
|upkeep
|turn|10
|j| crazybigethan
|
|t:|1644611440
|switch|p2a: SoftontheInside|Ferrothorn, F|100/100
|move|p1a: Tapu Koko|U-turn|p2a: SoftontheInside
|-damage|p2a: SoftontheInside|95/100
|-damage|p1a: Tapu Koko|38/100 brn|[from] ability: Iron Barbs|[of] p2a: SoftontheInside
|-damage|p1a: Tapu Koko|21/100 brn|[from] item: Rocky Helmet|[of] p2a: SoftontheInside
|l| ZachPKM
|
|t:|1644611450
|switch|p1a: Weavile|Weavile, M|100/100|[from]move: U-turn
|-ability|p1a: Weavile|Pressure
|
|upkeep
|turn|11
|j| Nesnot
|
|t:|1644611455
|move|p1a: Weavile|Icicle Crash|p2a: SoftontheInside
|-damage|p2a: SoftontheInside|52/100
|cant|p2a: SoftontheInside|flinch
|
|upkeep
|turn|12
|
|t:|1644611460
|move|p1a: Weavile|Icicle Crash|p2a: SoftontheInside|[miss]
|-miss|p1a: Weavile|p2a: SoftontheInside
|move|p2a: SoftontheInside|Gyro Ball|p1a: Weavile
|-supereffective|p1a: Weavile
|-damage|p1a: Weavile|0 fnt
|faint|p1a: Weavile
|
|upkeep
|-message|enpathy forfeited.
|
|win|Le-Perpetrator
|raw|enpathy's rating: 1724 &rarr; <strong>1707</strong><br />(-17 for losing)
|raw|Le-Perpetrator's rating: 1777 &rarr; <strong>1794</strong><br />(+17 for winning)
|l|☆enpathy
