|j|☆Thots&Prayers
|j|☆cold.exe
|player|p1|Thots&Prayers|169|1375
|player|p2|cold.exe|steven|1400
|teamsize|p1|6
|teamsize|p2|6
|gametype|singles
|gen|8
|tier|[Gen 8] OU
|rated|
|clearpoke
|poke|p1|Venusaur, F|
|poke|p1|Torkoal, F|
|poke|p1|Ninetales, M|
|poke|p1|Weezing-Galar, M|
|poke|p1|Cinderace, F|
|poke|p1|Snorlax, F|
|poke|p2|Diggersby, M|
|poke|p2|Azumarill, M|
|poke|p2|Mandibuzz, F|
|poke|p2|Rotom-Heat|
|poke|p2|Rillaboom, F|
|poke|p2|Cinderace, F|
|rule|Sleep Clause Mod: Limit one foe put to sleep
|rule|Species Clause: Limit one of each Pokémon
|rule|OHKO Clause: OHKO moves are banned
|rule|Evasion Moves Clause: Evasion moves are banned
|rule|Endless Battle Clause: Forcing endless battles is banned
|rule|HP Percentage Mod: HP is shown in percentages
|rule|Dynamax Clause: You cannot dynamax
|teampreview
|
|start
|switch|p1a: Torkoal|Torkoal, F|100/100
|switch|p2a: Diggersby|Diggersby, M|100/100
|-weather|SunnyDay|[from] ability: Drought|[of] p1a: Torkoal
|turn|1
|
|move|p2a: Diggersby|Earthquake|p1a: Torkoal
|-supereffective|p1a: Torkoal
|-crit|p1a: Torkoal
|-damage|p1a: Torkoal|0 fnt
|faint|p1a: Torkoal
|
|-weather|SunnyDay|[upkeep]
|upkeep
|
|switch|p1a: Weezing|Weezing-Galar, M|100/100
|turn|2
|
|switch|p2a: Bruh|Cinderace, F|100/100
|move|p1a: Weezing|Sludge Bomb|p2a: Bruh
|-damage|p2a: Bruh|64/100
|
|-weather|SunnyDay|[upkeep]
|upkeep
|turn|3
|
|move|p2a: Bruh|Overheat|p1a: Weezing
|-damage|p1a: Weezing|0 fnt
|-unboost|p2a: Bruh|spa|2
|-damage|p2a: Bruh|54/100|[from] item: Life Orb
|faint|p1a: Weezing
|
|-weather|SunnyDay|[upkeep]
|upkeep
|
|switch|p1a: Cinderace|Cinderace, F|100/100
|turn|4
|
|move|p2a: Bruh|Focus Blast|p1a: Cinderace
|-start|p2a: Bruh|typechange|Fighting|[from] ability: Libero
|-damage|p1a: Cinderace|57/100
|-unboost|p1a: Cinderace|spd|1
|-damage|p2a: Bruh|44/100|[from] item: Life Orb
|move|p1a: Cinderace|Pyro Ball|p2a: Bruh
|-damage|p2a: Bruh|0 fnt
|faint|p2a: Bruh
|
|-weather|SunnyDay|[upkeep]
|upkeep
|
|switch|p2a: Mandibuzz|Mandibuzz, F|100/100
|turn|5
|
|move|p1a: Cinderace|Pyro Ball|p2a: Mandibuzz
|-damage|p2a: Mandibuzz|44/100
|move|p2a: Mandibuzz|Roost|p2a: Mandibuzz
|-heal|p2a: Mandibuzz|94/100
|-singleturn|p2a: Mandibuzz|move: Roost
|
|-weather|SunnyDay|[upkeep]
|upkeep
|turn|6
|
|move|p1a: Cinderace|Pyro Ball|p2a: Mandibuzz
|-damage|p2a: Mandibuzz|36/100
|move|p2a: Mandibuzz|Roost|p2a: Mandibuzz
|-heal|p2a: Mandibuzz|86/100
|-singleturn|p2a: Mandibuzz|move: Roost
|
|-weather|SunnyDay|[upkeep]
|upkeep
|turn|7
|
|move|p1a: Cinderace|Pyro Ball|p2a: Mandibuzz
|-damage|p2a: Mandibuzz|33/100
|move|p2a: Mandibuzz|Roost|p2a: Mandibuzz
|-heal|p2a: Mandibuzz|83/100
|-singleturn|p2a: Mandibuzz|move: Roost
|
|-weather|SunnyDay|[upkeep]
|upkeep
|turn|8
|
|move|p1a: Cinderace|U-turn|p2a: Mandibuzz
|-start|p1a: Cinderace|typechange|Bug|[from] ability: Libero
|-damage|p2a: Mandibuzz|63/100
|
|switch|p1a: Snorlax|Snorlax, F|100/100|[from]move: U-turn
|move|p2a: Mandibuzz|Roost|p2a: Mandibuzz
|-heal|p2a: Mandibuzz|100/100
|-singleturn|p2a: Mandibuzz|move: Roost
|
|-weather|none
|upkeep
|turn|9
|
|switch|p1a: Ninetales|Ninetales, M|100/100
|-weather|SunnyDay|[from] ability: Drought|[of] p1a: Ninetales
|move|p2a: Mandibuzz|U-turn|p1a: Ninetales
|-resisted|p1a: Ninetales
|-damage|p1a: Ninetales|92/100
|
|switch|p2a: Rotom|Rotom-Heat|100/100|[from]move: U-turn
|
|-weather|SunnyDay|[upkeep]
|upkeep
|turn|10
|
|switch|p1a: Snorlax|Snorlax, F|100/100
|move|p2a: Rotom|Toxic|p1a: Snorlax
|-status|p1a: Snorlax|tox
|
|-weather|SunnyDay|[upkeep]
|-damage|p1a: Snorlax|94/100 tox|[from] psn
|upkeep
|turn|11
|
|move|p2a: Rotom|Volt Switch|p1a: Snorlax
|-damage|p1a: Snorlax|80/100 tox
|
|switch|p2a: Diggersby|Diggersby, M|100/100|[from]move: Volt Switch
|move|p1a: Snorlax|Facade|p2a: Diggersby
|-damage|p2a: Diggersby|6/100
|
|-weather|SunnyDay|[upkeep]
|-damage|p1a: Snorlax|68/100 tox|[from] psn
|upkeep
|turn|12
|
|move|p2a: Diggersby|Earthquake|p1a: Snorlax
|-damage|p1a: Snorlax|0 fnt
|faint|p1a: Snorlax
|
|-weather|SunnyDay|[upkeep]
|upkeep
|
|switch|p1a: Venusaur|Venusaur, F|100/100
|turn|13
|
|move|p1a: Venusaur|Giga Drain|p2a: Diggersby
|-supereffective|p2a: Diggersby
|-damage|p2a: Diggersby|0 fnt
|-damage|p1a: Venusaur|91/100|[from] item: Life Orb
|faint|p2a: Diggersby
|
|-weather|SunnyDay|[upkeep]
|upkeep
|
|switch|p2a: Rotom|Rotom-Heat|100/100
|turn|14
|
|move|p1a: Venusaur|Growth|p1a: Venusaur
|-boost|p1a: Venusaur|atk|2
|-boost|p1a: Venusaur|spa|2
|move|p2a: Rotom|Overheat|p1a: Venusaur|[miss]
|-miss|p2a: Rotom|p1a: Venusaur
|
|-weather|SunnyDay|[upkeep]
|upkeep
|turn|15
|c|☆cold.exe|Nice
|c|☆Thots&Prayers|Thought you would predict a switch and use volt switch lol
|c|☆Thots&Prayers|got really lucky staying in
|c|☆cold.exe|Venusaur can't really hurt this with the boost
|c|☆cold.exe|Miss sucks
|c|☆cold.exe|I just kinda lose now
|
|move|p1a: Venusaur|Sludge Bomb|p2a: Rotom
|-damage|p2a: Rotom|0 fnt
|-damage|p1a: Venusaur|81/100|[from] item: Life Orb
|faint|p2a: Rotom
|
|-weather|SunnyDay|[upkeep]
|upkeep
|
|switch|p2a: Mandibuzz|Mandibuzz, F|100/100
|turn|16
|
|move|p1a: Venusaur|Sludge Bomb|p2a: Mandibuzz
|-damage|p2a: Mandibuzz|12/100
|-damage|p1a: Venusaur|71/100|[from] item: Life Orb
|move|p2a: Mandibuzz|Foul Play|p1a: Venusaur
|-damage|p1a: Venusaur|10/100
|
|-weather|none
|upkeep
|turn|17
|
|move|p1a: Venusaur|Giga Drain|p2a: Mandibuzz
|-resisted|p2a: Mandibuzz
|-damage|p2a: Mandibuzz|0 fnt
|-heal|p1a: Venusaur|18/100|[from] drain|[of] p2a: Mandibuzz
|-damage|p1a: Venusaur|8/100|[from] item: Life Orb
|faint|p2a: Mandibuzz
|
|upkeep
|
|switch|p2a: Azumarill|Azumarill, M|100/100
|turn|18
|
|switch|p1a: Ninetales|Ninetales, M|92/100
|-weather|SunnyDay|[from] ability: Drought|[of] p1a: Ninetales
|move|p2a: Azumarill|Aqua Jet|p1a: Ninetales
|-supereffective|p1a: Ninetales
|-damage|p1a: Ninetales|37/100
|
|-weather|SunnyDay|[upkeep]
|upkeep
|turn|19
|
|move|p2a: Azumarill|Aqua Jet|p1a: Ninetales
|-supereffective|p1a: Ninetales
|-damage|p1a: Ninetales|0 fnt
|faint|p1a: Ninetales
|
|-weather|SunnyDay|[upkeep]
|upkeep
|
|switch|p1a: Cinderace|Cinderace, F|57/100
|turn|20
|
|move|p2a: Azumarill|Aqua Jet|p1a: Cinderace
|-supereffective|p1a: Cinderace
|-damage|p1a: Cinderace|0 fnt
|faint|p1a: Cinderace
|
|-weather|SunnyDay|[upkeep]
|upkeep
|-message|Thots&Prayers forfeited.
|
|win|cold.exe
|l|☆Thots&Prayers
