|raw|<div class="broadcast-blue"><strong>This battle is required to be public due to a player having a name starting with 'lt81yl'.</div>
|j|☆pokeda
|j|☆LT81YL Andres
|t:|1625547593
|gametype|singles
|player|p1|pokeda|101|1630
|player|p2|LT81YL Andres|pokemonbreederf-gen4|1677
|teamsize|p1|6
|teamsize|p2|6
|gen|8
|tier|[Gen 8] OU
|rated|
|rule|Sleep Clause Mod: Limit one foe put to sleep
|rule|Species Clause: Limit one of each Pokémon
|rule|OHKO Clause: OHKO moves are banned
|rule|Evasion Moves Clause: Evasion moves are banned
|rule|Endless Battle Clause: Forcing endless battles is banned
|rule|HP Percentage Mod: HP is shown in percentages
|rule|Dynamax Clause: You cannot dynamax
|clearpoke
|poke|p1|Blissey, F|
|poke|p1|Amoonguss, M|
|poke|p1|Urshifu-*, F|
|poke|p1|Heatran, M|
|poke|p1|Skarmory, M|
|poke|p1|Bisharp, M|
|poke|p2|Corviknight, F|
|poke|p2|Garchomp, M|
|poke|p2|Tapu Lele|
|poke|p2|Blissey, F|
|poke|p2|Melmetal|
|poke|p2|Dragapult, M|
|teampreview
|
|t:|1625547605
|start
|switch|p1a: Amoonguss|Amoonguss, M|100/100
|switch|p2a: Dragapult|Dragapult, M|100/100
|turn|1
|inactive|Battle timer is ON: inactive players will automatically lose when time's up. (requested by pokeda)
|
|t:|1625547615
|switch|p1a: Heatran|Heatran, M|100/100
|move|p2a: Dragapult|U-turn|p1a: Heatran
|-resisted|p1a: Heatran
|-damage|p1a: Heatran|97/100
|
|t:|1625547617
|switch|p2a: Garchomp|Garchomp, M|100/100|[from]move: U-turn
|
|-heal|p1a: Heatran|100/100|[from] item: Leftovers
|upkeep
|turn|2
|
|t:|1625547627
|switch|p1a: Skarmory|Skarmory, M|100/100
|move|p2a: Garchomp|Stealth Rock|p1a: Skarmory
|-sidestart|p1: pokeda|move: Stealth Rock
|
|upkeep
|turn|3
|
|t:|1625547639
|move|p2a: Garchomp|Fire Blast|p1a: Skarmory
|-supereffective|p1a: Skarmory
|-damage|p1a: Skarmory|48/100
|move|p1a: Skarmory|Spikes|p2a: Garchomp
|-sidestart|p2: LT81YL Andres|Spikes
|
|upkeep
|turn|4
|
|t:|1625547645
|switch|p1a: Amoonguss|Amoonguss, M|100/100
|-damage|p1a: Amoonguss|88/100|[from] Stealth Rock
|move|p2a: Garchomp|Fire Blast|p1a: Amoonguss
|-supereffective|p1a: Amoonguss
|-damage|p1a: Amoonguss|52/100
|-status|p1a: Amoonguss|brn
|
|-damage|p1a: Amoonguss|46/100 brn|[from] brn
|upkeep
|turn|5
|
|t:|1625547653
|switch|p2a: Blissey|Blissey, F|100/100
|switch|p1a: Blissey|Blissey, F|100/100
|
|upkeep
|turn|6
|
|t:|1625547664
|move|p1a: Blissey|Seismic Toss|p2a: Blissey
|-damage|p2a: Blissey|86/100
|move|p2a: Blissey|Teleport|p2a: Blissey
|
|t:|1625547693
|switch|p2a: Garchomp|Garchomp, M|100/100|[from]move: Teleport
|-damage|p2a: Garchomp|88/100|[from] Spikes
|
|upkeep
|turn|7
|
|t:|1625547712
|move|p2a: Garchomp|Earthquake|p1a: Blissey
|-damage|p1a: Blissey|66/100
|move|p1a: Blissey|Toxic|p2a: Garchomp
|-status|p2a: Garchomp|tox
|
|-damage|p2a: Garchomp|82/100 tox|[from] psn
|upkeep
|turn|8
|
|t:|1625547719
|switch|p2a: Corviknight|Corviknight, F|100/100
|-ability|p2a: Corviknight|Pressure
|switch|p1a: Skarmory|Skarmory, M|48/100
|-damage|p1a: Skarmory|36/100|[from] Stealth Rock
|
|upkeep
|turn|9
|
|t:|1625547722
|move|p1a: Skarmory|Roost|p1a: Skarmory
|-heal|p1a: Skarmory|86/100
|-singleturn|p1a: Skarmory|move: Roost
|move|p2a: Corviknight|U-turn|p1a: Skarmory
|-resisted|p1a: Skarmory
|-damage|p1a: Skarmory|82/100
|-damage|p2a: Corviknight|84/100|[from] item: Rocky Helmet|[of] p1a: Skarmory
|
|t:|1625547724
|switch|p2a: Blissey|Blissey, F|86/100|[from]move: U-turn
|
|upkeep
|turn|10
|
|t:|1625547727
|move|p1a: Skarmory|Body Press|p2a: Blissey
|-supereffective|p2a: Blissey
|-damage|p2a: Blissey|27/100
|move|p2a: Blissey|Thunder Wave|p1a: Skarmory
|-status|p1a: Skarmory|par
|
|upkeep
|turn|11
|
|t:|1625547736
|switch|p1a: Urshifu|Urshifu-Rapid-Strike, F|100/100
|-damage|p1a: Urshifu|94/100|[from] Stealth Rock
|move|p2a: Blissey|Soft-Boiled|p2a: Blissey
|-heal|p2a: Blissey|77/100
|
|upkeep
|turn|12
|
|t:|1625547742
|switch|p2a: Garchomp|Garchomp, M|82/100 tox
|-damage|p2a: Garchomp|70/100 tox|[from] Spikes
|move|p1a: Urshifu|Surging Strikes|p2a: Garchomp
|-crit|p2a: Garchomp
|-damage|p2a: Garchomp|57/100 tox
|-activate|p2a: Garchomp|ability: Rough Skin
|-activate|p1a: Urshifu|item: Protective Pads
|-crit|p2a: Garchomp
|-damage|p2a: Garchomp|42/100 tox
|-activate|p2a: Garchomp|ability: Rough Skin
|-activate|p1a: Urshifu|item: Protective Pads
|-crit|p2a: Garchomp
|-damage|p2a: Garchomp|29/100 tox
|-activate|p2a: Garchomp|ability: Rough Skin
|-activate|p1a: Urshifu|item: Protective Pads
|-hitcount|p2a: Garchomp|3
|
|-damage|p2a: Garchomp|23/100 tox|[from] psn
|upkeep
|turn|13
|
|t:|1625547746
|switch|p2a: Corviknight|Corviknight, F|84/100
|-ability|p2a: Corviknight|Pressure
|move|p1a: Urshifu|Surging Strikes|p2a: Corviknight
|-crit|p2a: Corviknight
|-damage|p2a: Corviknight|71/100
|-crit|p2a: Corviknight
|-damage|p2a: Corviknight|58/100
|-crit|p2a: Corviknight
|-damage|p2a: Corviknight|46/100
|-hitcount|p2a: Corviknight|3
|
|-heal|p2a: Corviknight|52/100|[from] item: Leftovers
|upkeep
|turn|14
|
|t:|1625547749
|move|p1a: Urshifu|Taunt|p2a: Corviknight
|-start|p2a: Corviknight|move: Taunt
|cant|p2a: Corviknight|move: Taunt|Roost
|
|-heal|p2a: Corviknight|58/100|[from] item: Leftovers
|upkeep
|turn|15
|
|t:|1625547756
|move|p1a: Urshifu|U-turn|p2a: Corviknight
|-resisted|p2a: Corviknight
|-damage|p2a: Corviknight|55/100
|
|t:|1625547760
|switch|p1a: Amoonguss|Amoonguss, M|79/100 brn|[from]move: U-turn
|-damage|p1a: Amoonguss|66/100 brn|[from] Stealth Rock
|move|p2a: Corviknight|Body Press|p1a: Amoonguss
|-resisted|p1a: Amoonguss
|-damage|p1a: Amoonguss|58/100 brn
|-damage|p2a: Corviknight|38/100|[from] item: Rocky Helmet|[of] p1a: Amoonguss
|
|-heal|p2a: Corviknight|44/100|[from] item: Leftovers
|-damage|p1a: Amoonguss|52/100 brn|[from] brn
|upkeep
|turn|16
|
|t:|1625547765
|move|p2a: Corviknight|U-turn|p1a: Amoonguss
|-damage|p1a: Amoonguss|42/100 brn
|-damage|p2a: Corviknight|28/100|[from] item: Rocky Helmet|[of] p1a: Amoonguss
|
|t:|1625547768
|switch|p2a: Blissey|Blissey, F|77/100|[from]move: U-turn
|move|p1a: Amoonguss|Spore|p2a: Blissey
|-status|p2a: Blissey|slp|[from] move: Spore
|
|-damage|p1a: Amoonguss|36/100 brn|[from] brn
|upkeep
|turn|17
|
|t:|1625547772
|switch|p1a: Urshifu|Urshifu-Rapid-Strike, F|94/100
|-damage|p1a: Urshifu|88/100|[from] Stealth Rock
|cant|p2a: Blissey|slp
|
|upkeep
|turn|18
|
|t:|1625547774
|move|p1a: Urshifu|Surging Strikes|p2a: Blissey
|-crit|p2a: Blissey
|-damage|p2a: Blissey|60/100 slp
|-crit|p2a: Blissey
|-damage|p2a: Blissey|43/100 slp
|-crit|p2a: Blissey
|-damage|p2a: Blissey|26/100 slp
|-hitcount|p2a: Blissey|3
|-curestatus|p2a: Blissey|slp|[msg]
|move|p2a: Blissey|Seismic Toss|p1a: Urshifu
|-damage|p1a: Urshifu|59/100
|
|upkeep
|turn|19
|
|t:|1625547777
|move|p1a: Urshifu|Surging Strikes|p2a: Blissey
|-crit|p2a: Blissey
|-damage|p2a: Blissey|9/100
|-crit|p2a: Blissey
|-damage|p2a: Blissey|0 fnt
|faint|p2a: Blissey
|-hitcount|p2: Blissey|2
|
|upkeep
|
|t:|1625547782
|switch|p2a: Dragapult|Dragapult, M|100/100
|-damage|p2a: Dragapult|88/100|[from] Spikes
|turn|20
|
|t:|1625547785
|switch|p1a: Blissey|Blissey, F|66/100
|move|p2a: Dragapult|U-turn|p1a: Blissey
|-damage|p1a: Blissey|52/100
|
|t:|1625547787
|switch|p2a: Tapu Lele|Tapu Lele|100/100|[from]move: U-turn
|-damage|p2a: Tapu Lele|88/100|[from] Spikes
|-fieldstart|move: Psychic Terrain|[from] ability: Psychic Surge|[of] p2a: Tapu Lele
|
|upkeep
|turn|21
|
|t:|1625547790
|switch|p1a: Bisharp|Bisharp, M|100/100
|-damage|p1a: Bisharp|95/100|[from] Stealth Rock
|move|p2a: Tapu Lele|Focus Blast|p1a: Bisharp
|-supereffective|p1a: Bisharp
|-damage|p1a: Bisharp|0 fnt
|faint|p1a: Bisharp
|
|upkeep
|
|t:|1625547796
|switch|p1a: Urshifu|Urshifu-Rapid-Strike, F|59/100
|-damage|p1a: Urshifu|53/100|[from] Stealth Rock
|turn|22
|
|t:|1625547800
|switch|p2a: Garchomp|Garchomp, M|23/100 tox
|-damage|p2a: Garchomp|11/100 tox|[from] Spikes
|move|p1a: Urshifu|Surging Strikes|p2a: Garchomp
|-crit|p2a: Garchomp
|-damage|p2a: Garchomp|0 fnt
|-activate|p2a: Garchomp|ability: Rough Skin
|-activate|p1a: Urshifu|item: Protective Pads
|faint|p2a: Garchomp
|-hitcount|p2: Garchomp|1
|
|upkeep
|
|t:|1625547801
|switch|p2a: Dragapult|Dragapult, M|88/100
|-damage|p2a: Dragapult|76/100|[from] Spikes
|turn|23
|
|t:|1625547807
|switch|p1a: Heatran|Heatran, M|100/100
|-damage|p1a: Heatran|88/100|[from] Stealth Rock
|move|p2a: Dragapult|U-turn|p1a: Heatran
|-resisted|p1a: Heatran
|-damage|p1a: Heatran|85/100
|
|t:|1625547810
|switch|p2a: Melmetal|Melmetal|100/100|[from]move: U-turn
|-damage|p2a: Melmetal|88/100|[from] Spikes
|
|-heal|p1a: Heatran|91/100|[from] item: Leftovers
|-heal|p2a: Melmetal|94/100|[from] item: Leftovers
|upkeep
|turn|24
|
|t:|1625547821
|switch|p1a: Skarmory|Skarmory, M|82/100 par
|-damage|p1a: Skarmory|70/100 par|[from] Stealth Rock
|move|p2a: Melmetal|Earthquake|p1a: Skarmory
|-immune|p1a: Skarmory
|
|-heal|p2a: Melmetal|99/100|[from] item: Leftovers
|-fieldend|move: Psychic Terrain
|upkeep
|turn|25
|
|t:|1625547824
|switch|p2a: Corviknight|Corviknight, F|28/100
|-ability|p2a: Corviknight|Pressure
|move|p1a: Skarmory|Roost|p1a: Skarmory
|-heal|p1a: Skarmory|100/100 par
|-singleturn|p1a: Skarmory|move: Roost
|
|-heal|p2a: Corviknight|34/100|[from] item: Leftovers
|upkeep
|turn|26
|
|t:|1625547830
|switch|p1a: Heatran|Heatran, M|91/100
|-damage|p1a: Heatran|79/100|[from] Stealth Rock
|move|p2a: Corviknight|Roost|p2a: Corviknight
|-heal|p2a: Corviknight|84/100
|-singleturn|p2a: Corviknight|move: Roost
|
|-heal|p1a: Heatran|85/100|[from] item: Leftovers
|-heal|p2a: Corviknight|90/100|[from] item: Leftovers
|upkeep
|turn|27
|
|t:|1625547833
|move|p1a: Heatran|Magma Storm|p2a: Corviknight|[miss]
|-miss|p1a: Heatran|p2a: Corviknight
|move|p2a: Corviknight|Body Press|p1a: Heatran
|-supereffective|p1a: Heatran
|-damage|p1a: Heatran|44/100
|
|-heal|p1a: Heatran|51/100|[from] item: Leftovers
|-heal|p2a: Corviknight|97/100|[from] item: Leftovers
|upkeep
|turn|28
|
|t:|1625547837
|move|p1a: Heatran|Magma Storm|p2a: Corviknight
|-supereffective|p2a: Corviknight
|-damage|p2a: Corviknight|16/100
|-activate|p2a: Corviknight|move: Magma Storm|[of] p1a: Heatran
|move|p2a: Corviknight|U-turn|p1a: Heatran
|-resisted|p1a: Heatran
|-damage|p1a: Heatran|48/100
|
|t:|1625547841
|switch|p2a: Tapu Lele|Tapu Lele|88/100|[from]move: U-turn
|-damage|p2a: Tapu Lele|76/100|[from] Spikes
|-fieldstart|move: Psychic Terrain|[from] ability: Psychic Surge|[of] p2a: Tapu Lele
|
|-heal|p1a: Heatran|54/100|[from] item: Leftovers
|upkeep
|turn|29
|
|t:|1625547849
|switch|p1a: Amoonguss|Amoonguss, M|69/100 brn
|-damage|p1a: Amoonguss|57/100 brn|[from] Stealth Rock
|move|p2a: Tapu Lele|Psychic|p1a: Amoonguss
|-supereffective|p1a: Amoonguss
|-crit|p1a: Amoonguss
|-damage|p1a: Amoonguss|0 fnt
|faint|p1a: Amoonguss
|
|upkeep
|
|t:|1625547852
|switch|p1a: Urshifu|Urshifu-Rapid-Strike, F|53/100
|-damage|p1a: Urshifu|47/100|[from] Stealth Rock
|turn|30
|
|t:|1625547855
|switch|p2a: Corviknight|Corviknight, F|16/100
|-ability|p2a: Corviknight|Pressure
|move|p1a: Urshifu|Surging Strikes|p2a: Corviknight
|-crit|p2a: Corviknight
|-damage|p2a: Corviknight|3/100
|-crit|p2a: Corviknight
|-damage|p2a: Corviknight|0 fnt
|faint|p2a: Corviknight
|-hitcount|p2: Corviknight|2
|
|upkeep
|
|t:|1625547861
|switch|p2a: Dragapult|Dragapult, M|76/100
|-damage|p2a: Dragapult|64/100|[from] Spikes
|turn|31
|
|t:|1625547869
|switch|p1a: Blissey|Blissey, F|52/100
|move|p2a: Dragapult|U-turn|p1a: Blissey
|-damage|p1a: Blissey|37/100
|
|t:|1625547871
|switch|p2a: Tapu Lele|Tapu Lele|76/100|[from]move: U-turn
|-damage|p2a: Tapu Lele|63/100|[from] Spikes
|
|upkeep
|turn|32
|
|t:|1625547877
|move|p2a: Tapu Lele|Focus Blast|p1a: Blissey
|-supereffective|p1a: Blissey
|-damage|p1a: Blissey|0 fnt
|faint|p1a: Blissey
|
|-fieldend|move: Psychic Terrain
|upkeep
|
|t:|1625547880
|switch|p1a: Urshifu|Urshifu-Rapid-Strike, F|47/100
|-damage|p1a: Urshifu|40/100|[from] Stealth Rock
|turn|33
|
|t:|1625547889
|switch|p2a: Melmetal|Melmetal|99/100
|-damage|p2a: Melmetal|88/100|[from] Spikes
|move|p1a: Urshifu|U-turn|p2a: Melmetal
|-resisted|p2a: Melmetal
|-damage|p2a: Melmetal|80/100
|
|t:|1625547908
|switch|p1a: Skarmory|Skarmory, M|100/100 par|[from]move: U-turn
|-damage|p1a: Skarmory|88/100 par|[from] Stealth Rock
|
|-heal|p2a: Melmetal|86/100|[from] item: Leftovers
|upkeep
|turn|34
|
|t:|1625547917
|switch|p2a: Dragapult|Dragapult, M|64/100
|-damage|p2a: Dragapult|51/100|[from] Spikes
|move|p1a: Skarmory|Whirlwind|p2a: Dragapult
|drag|p2a: Tapu Lele|Tapu Lele|63/100
|-damage|p2a: Tapu Lele|51/100|[from] Spikes
|-fieldstart|move: Psychic Terrain|[from] ability: Psychic Surge|[of] p2a: Tapu Lele
|
|upkeep
|turn|35
|
|t:|1625547924
|switch|p1a: Heatran|Heatran, M|54/100
|-damage|p1a: Heatran|42/100|[from] Stealth Rock
|move|p2a: Tapu Lele|Psychic|p1a: Heatran
|-resisted|p1a: Heatran
|-damage|p1a: Heatran|9/100
|
|-heal|p1a: Heatran|15/100|[from] item: Leftovers
|upkeep
|turn|36
|
|t:|1625547926
|move|p2a: Tapu Lele|Psychic|p1a: Heatran
|-resisted|p1a: Heatran
|-crit|p1a: Heatran
|-damage|p1a: Heatran|0 fnt
|faint|p1a: Heatran
|
|upkeep
|
|t:|1625547929
|switch|p1a: Urshifu|Urshifu-Rapid-Strike, F|40/100
|-damage|p1a: Urshifu|34/100|[from] Stealth Rock
|turn|37
|
|t:|1625547934
|switch|p2a: Melmetal|Melmetal|86/100
|-damage|p2a: Melmetal|73/100|[from] Spikes
|move|p1a: Urshifu|U-turn|p2a: Melmetal
|-resisted|p2a: Melmetal
|-damage|p2a: Melmetal|66/100
|
|t:|1625547936
|switch|p1a: Skarmory|Skarmory, M|88/100 par|[from]move: U-turn
|-damage|p1a: Skarmory|76/100 par|[from] Stealth Rock
|
|-heal|p2a: Melmetal|72/100|[from] item: Leftovers
|upkeep
|turn|38
|
|t:|1625547943
|move|p2a: Melmetal|Protect|p2a: Melmetal
|-singleturn|p2a: Melmetal|Protect
|move|p1a: Skarmory|Body Press|p2a: Melmetal
|-activate|p2a: Melmetal|move: Protect
|
|-heal|p2a: Melmetal|78/100|[from] item: Leftovers
|-fieldend|move: Psychic Terrain
|upkeep
|turn|39
|
|t:|1625547950
|move|p2a: Melmetal|Earthquake|p1a: Skarmory
|-immune|p1a: Skarmory
|cant|p1a: Skarmory|par
|
|-heal|p2a: Melmetal|84/100|[from] item: Leftovers
|upkeep
|turn|40
|
|t:|1625547953
|move|p2a: Melmetal|Earthquake|p1a: Skarmory
|-immune|p1a: Skarmory
|cant|p1a: Skarmory|par
|
|-heal|p2a: Melmetal|91/100|[from] item: Leftovers
|upkeep
|turn|41
|
|t:|1625547957
|move|p2a: Melmetal|Protect|p2a: Melmetal
|-singleturn|p2a: Melmetal|Protect
|move|p1a: Skarmory|Body Press|p2a: Melmetal
|-activate|p2a: Melmetal|move: Protect
|
|-heal|p2a: Melmetal|97/100|[from] item: Leftovers
|upkeep
|turn|42
|
|t:|1625547961
|move|p2a: Melmetal|Earthquake|p1a: Skarmory
|-immune|p1a: Skarmory
|move|p1a: Skarmory|Body Press|p2a: Melmetal
|-supereffective|p2a: Melmetal
|-damage|p2a: Melmetal|59/100
|
|-heal|p2a: Melmetal|65/100|[from] item: Leftovers
|upkeep
|turn|43
|
|t:|1625547967
|move|p2a: Melmetal|Protect|p2a: Melmetal
|-singleturn|p2a: Melmetal|Protect
|move|p1a: Skarmory|Body Press|p2a: Melmetal
|-activate|p2a: Melmetal|move: Protect
|
|-heal|p2a: Melmetal|71/100|[from] item: Leftovers
|upkeep
|turn|44
|
|t:|1625547971
|switch|p2a: Dragapult|Dragapult, M|51/100
|-damage|p2a: Dragapult|39/100|[from] Spikes
|move|p1a: Skarmory|Body Press|p2a: Dragapult
|-immune|p2a: Dragapult
|
|upkeep
|turn|45
|
|t:|1625547973
|move|p2a: Dragapult|Hex|p1a: Skarmory
|-damage|p1a: Skarmory|0 fnt
|faint|p1a: Skarmory
|
|upkeep
|
|t:|1625547975
|switch|p1a: Urshifu|Urshifu-Rapid-Strike, F|34/100
|-damage|p1a: Urshifu|28/100|[from] Stealth Rock
|turn|46
|
|t:|1625547978
|switch|p2a: Melmetal|Melmetal|71/100
|-damage|p2a: Melmetal|59/100|[from] Spikes
|move|p1a: Urshifu|Taunt|p2a: Melmetal
|-start|p2a: Melmetal|move: Taunt
|
|-heal|p2a: Melmetal|65/100|[from] item: Leftovers
|upkeep
|turn|47
|
|t:|1625547982
|move|p1a: Urshifu|Close Combat|p2a: Melmetal
|-supereffective|p2a: Melmetal
|-damage|p2a: Melmetal|0 fnt
|-unboost|p1a: Urshifu|def|1
|-unboost|p1a: Urshifu|spd|1
|faint|p2a: Melmetal
|
|upkeep
|
|t:|1625547985
|switch|p2a: Tapu Lele|Tapu Lele|51/100
|-damage|p2a: Tapu Lele|38/100|[from] Spikes
|-fieldstart|move: Psychic Terrain|[from] ability: Psychic Surge|[of] p2a: Tapu Lele
|turn|48
|
|t:|1625547988
|move|p1a: Urshifu|U-turn|p2a: Tapu Lele
|-damage|p2a: Tapu Lele|4/100
|move|p2a: Tapu Lele|Psychic|p1a: Urshifu
|-supereffective|p1a: Urshifu
|-damage|p1a: Urshifu|0 fnt
|faint|p1a: Urshifu
|
|win|LT81YL Andres
|raw|pokeda's rating: 1630 &rarr; <strong>1613</strong><br />(-17 for losing)
|raw|LT81YL Andres's rating: 1677 &rarr; <strong>1694</strong><br />(+17 for winning)
|l|☆pokeda
