|raw|<div class="broadcast-blue"><strong>This battle is required to be public due to a player having a name prefixed by 'LT71LX'.</div>
|j|☆ezwz
|j|☆LT71LX BFL
|t:|1597008001
|player|p1|ezwz|youngster-gen4|1902
|player|p2|LT71LX BFL|265|1984
|teamsize|p1|6
|teamsize|p2|6
|gametype|singles
|gen|8
|tier|[Gen 8] OU
|rated|
|clearpoke
|poke|p1|Pelipper, F|
|poke|p1|Seismitoad, M|
|poke|p1|Kingdra, F|
|poke|p1|Urshifu-*, F|
|poke|p1|Ferrothorn, F|
|poke|p1|Mandibuzz, F|
|poke|p2|Hawlucha, M|
|poke|p2|Rillaboom, F|
|poke|p2|Azumarill, F|
|poke|p2|Togekiss, F|
|poke|p2|Jirachi|
|poke|p2|Kyurem|
|rule|Sleep Clause Mod: Limit one foe put to sleep
|rule|Species Clause: Limit one of each Pokémon
|rule|OHKO Clause: OHKO moves are banned
|rule|Evasion Moves Clause: Evasion moves are banned
|rule|Endless Battle Clause: Forcing endless battles is banned
|rule|HP Percentage Mod: HP is shown in percentages
|rule|Dynamax Clause: You cannot dynamax
|teampreview
|j| croo
|j| yuzmv
|j| issa apple
|j| naughty jynx
|
|t:|1597008021
|start
|switch|p1a: Ferrothorn|Ferrothorn, F|100/100
|switch|p2a: Jirachi|Jirachi|100/100
|turn|1
|j| V298X
|
|t:|1597008026
|switch|p1a: Pelipper|Pelipper, F|100/100
|-weather|RainDance|[from] ability: Drizzle|[of] p1a: Pelipper
|move|p2a: Jirachi|Trick|p1a: Pelipper
|-activate|p2a: Jirachi|move: Trick|[of] p1a: Pelipper
|-item|p1a: Pelipper|Choice Scarf|[from] move: Trick
|-item|p2a: Jirachi|Damp Rock|[from] move: Trick
|
|-weather|RainDance|[upkeep]
|upkeep
|turn|2
|j| HomieAnDerWand
|
|t:|1597008032
|move|p2a: Jirachi|Stealth Rock|p1a: Pelipper
|-sidestart|p1: ezwz|move: Stealth Rock
|move|p1a: Pelipper|U-turn|p2a: Jirachi
|-damage|p2a: Jirachi|91/100
|
|t:|1597008034
|switch|p1a: Seismitoad|Seismitoad, M|100/100|[from]move: U-turn
|-damage|p1a: Seismitoad|94/100|[from] Stealth Rock
|
|-weather|RainDance|[upkeep]
|upkeep
|turn|3
|
|t:|1597008038
|switch|p2a: Rillaboom|Rillaboom, F|100/100
|-fieldstart|move: Grassy Terrain|[from] ability: Grassy Surge|[of] p2a: Rillaboom
|move|p1a: Seismitoad|Stealth Rock|p2a: Rillaboom
|-sidestart|p2: LT71LX BFL|move: Stealth Rock
|
|-weather|RainDance|[upkeep]
|-heal|p1a: Seismitoad|100/100|[from] Grassy Terrain
|upkeep
|turn|4
|
|t:|1597008042
|switch|p1a: Mandibuzz|Mandibuzz, F|100/100
|move|p2a: Rillaboom|Swords Dance|p2a: Rillaboom
|-boost|p2a: Rillaboom|atk|2
|
|-weather|RainDance|[upkeep]
|upkeep
|turn|5
|
|t:|1597008045
|switch|p2a: Azumarill|Azumarill, F|100/100
|-damage|p2a: Azumarill|88/100|[from] Stealth Rock
|move|p1a: Mandibuzz|Foul Play|p2a: Azumarill
|-resisted|p2a: Azumarill
|-damage|p2a: Azumarill|71/100
|
|-weather|RainDance|[upkeep]
|-heal|p2a: Azumarill|77/100|[from] Grassy Terrain
|upkeep
|turn|6
|j| LT71LX PK
|j| cclm
|j| Askov
|
|t:|1597008061
|move|p1a: Mandibuzz|U-turn|p2a: Azumarill
|-resisted|p2a: Azumarill
|-crit|p2a: Azumarill
|-damage|p2a: Azumarill|68/100
|
|t:|1597008067
|switch|p1a: Ferrothorn|Ferrothorn, F|100/100|[from]move: U-turn
|-damage|p1a: Ferrothorn|94/100|[from] Stealth Rock
|move|p2a: Azumarill|Play Rough|p1a: Ferrothorn
|-resisted|p1a: Ferrothorn
|-damage|p1a: Ferrothorn|77/100
|-damage|p2a: Azumarill|56/100|[from] ability: Iron Barbs|[of] p1a: Ferrothorn
|-damage|p2a: Azumarill|39/100|[from] item: Rocky Helmet|[of] p1a: Ferrothorn
|-enditem|p2a: Azumarill|Sitrus Berry|[eat]
|-heal|p2a: Azumarill|64/100|[from] item: Sitrus Berry
|
|-weather|RainDance|[upkeep]
|-heal|p2a: Azumarill|70/100|[from] Grassy Terrain
|-heal|p1a: Ferrothorn|84/100|[from] Grassy Terrain
|upkeep
|turn|7
|
|t:|1597008074
|switch|p2a: Hawlucha|Hawlucha, M|100/100
|-damage|p2a: Hawlucha|88/100|[from] Stealth Rock
|-enditem|p2a: Hawlucha|Grassy Seed
|-boost|p2a: Hawlucha|def|1|[from] item: Grassy Seed
|move|p1a: Ferrothorn|Spikes|p2a: Hawlucha
|-sidestart|p2: LT71LX BFL|Spikes
|
|-weather|RainDance|[upkeep]
|-heal|p1a: Ferrothorn|90/100|[from] Grassy Terrain
|-fieldend|move: Grassy Terrain
|upkeep
|turn|8
|l| Askov
|
|t:|1597008089
|move|p2a: Hawlucha|Swords Dance|p2a: Hawlucha
|-boost|p2a: Hawlucha|atk|2
|move|p1a: Ferrothorn|Leech Seed|p2a: Hawlucha
|-start|p2a: Hawlucha|move: Leech Seed
|
|-weather|none
|-damage|p2a: Hawlucha|76/100|[from] Leech Seed|[of] p1a: Ferrothorn
|-heal|p1a: Ferrothorn|100/100|[silent]
|upkeep
|turn|9
|j| Ayante
|
|t:|1597008099
|switch|p1a: Pelipper|Pelipper, F|100/100
|-damage|p1a: Pelipper|76/100|[from] Stealth Rock
|-weather|RainDance|[from] ability: Drizzle|[of] p1a: Pelipper
|move|p2a: Hawlucha|Close Combat|p1a: Pelipper
|-resisted|p1a: Pelipper
|-damage|p1a: Pelipper|37/100
|-unboost|p2a: Hawlucha|def|1
|-unboost|p2a: Hawlucha|spd|1
|
|-weather|RainDance|[upkeep]
|-damage|p2a: Hawlucha|63/100|[from] Leech Seed|[of] p1a: Pelipper
|-heal|p1a: Pelipper|48/100|[silent]
|upkeep
|turn|10
|j| nemsko
|
|t:|1597008103
|switch|p1a: Ferrothorn|Ferrothorn, F|100/100
|-damage|p1a: Ferrothorn|94/100|[from] Stealth Rock
|move|p2a: Hawlucha|Acrobatics|p1a: Ferrothorn
|-damage|p1a: Ferrothorn|36/100
|-damage|p2a: Hawlucha|51/100|[from] ability: Iron Barbs|[of] p1a: Ferrothorn
|-damage|p2a: Hawlucha|34/100|[from] item: Rocky Helmet|[of] p1a: Ferrothorn
|
|-weather|RainDance|[upkeep]
|-damage|p2a: Hawlucha|22/100|[from] Leech Seed|[of] p1a: Ferrothorn
|-heal|p1a: Ferrothorn|47/100|[silent]
|upkeep
|turn|11
|
|t:|1597008108
|move|p2a: Hawlucha|Close Combat|p1a: Ferrothorn
|-supereffective|p1a: Ferrothorn
|-damage|p1a: Ferrothorn|0 fnt
|-unboost|p2a: Hawlucha|def|1
|-unboost|p2a: Hawlucha|spd|1
|-damage|p2a: Hawlucha|9/100|[from] ability: Iron Barbs|[of] p1a: Ferrothorn
|-damage|p2a: Hawlucha|0 fnt|[from] item: Rocky Helmet|[of] p1a: Ferrothorn
|faint|p1a: Ferrothorn
|faint|p2a: Hawlucha
|
|-weather|RainDance|[upkeep]
|upkeep
|j| Black Sun Tzu
|j| Benzema9
|
|t:|1597008122
|switch|p2a: Azumarill|Azumarill, F|70/100
|switch|p1a: Kingdra|Kingdra, F|100/100
|-damage|p1a: Kingdra|88/100|[from] Stealth Rock
|-damage|p2a: Azumarill|58/100|[from] Spikes
|-damage|p2a: Azumarill|45/100|[from] Stealth Rock
|turn|12
|l| cclm
|
|t:|1597008130
|move|p2a: Azumarill|Aqua Jet|p1a: Kingdra
|-resisted|p1a: Kingdra
|-damage|p1a: Kingdra|78/100
|move|p1a: Kingdra|Hurricane|p2a: Azumarill
|-damage|p2a: Azumarill|0 fnt
|faint|p2a: Azumarill
|
|-weather|RainDance|[upkeep]
|upkeep
|
|t:|1597008140
|switch|p2a: Togekiss|Togekiss, F|100/100
|-damage|p2a: Togekiss|76/100|[from] Stealth Rock
|turn|13
|j| LT71LX Storm
|l| yuzmv
|
|t:|1597008180
|move|p1a: Kingdra|Hurricane|p2a: Togekiss
|-damage|p2a: Togekiss|26/100
|move|p2a: Togekiss|Air Slash|p1a: Kingdra
|-damage|p1a: Kingdra|30/100
|
|-weather|none
|upkeep
|turn|14
|j| LE J SUPERSUB
|l| LE J SUPERSUB
|j| DDR__Sandia
|l| croo
|j| lt71lx leo
|inactive|Battle timer is ON: inactive players will automatically lose when time's up. (requested by LT71LX BFL)
|
|t:|1597008242
|switch|p2a: Jirachi|Jirachi|91/100
|-damage|p2a: Jirachi|85/100|[from] Stealth Rock
|-damage|p2a: Jirachi|72/100|[from] Spikes
|move|p1a: Kingdra|Hurricane|p2a: Jirachi
|-resisted|p2a: Jirachi
|-damage|p2a: Jirachi|49/100
|
|upkeep
|turn|15
|
|t:|1597008256
|switch|p1a: Seismitoad|Seismitoad, M|100/100
|-damage|p1a: Seismitoad|94/100|[from] Stealth Rock
|move|p2a: Jirachi|Iron Head|p1a: Seismitoad
|-resisted|p1a: Seismitoad
|-damage|p1a: Seismitoad|74/100
|
|upkeep
|turn|16
|
|t:|1597008264
|move|p2a: Jirachi|Iron Head|p1a: Seismitoad
|-resisted|p1a: Seismitoad
|-damage|p1a: Seismitoad|56/100
|move|p1a: Seismitoad|Liquidation|p2a: Jirachi
|-damage|p2a: Jirachi|0 fnt
|-damage|p1a: Seismitoad|46/100|[from] item: Life Orb
|faint|p2a: Jirachi
|
|upkeep
|
|t:|1597008273
|switch|p2a: Togekiss|Togekiss, F|26/100
|-damage|p2a: Togekiss|1/100|[from] Stealth Rock
|-enditem|p2a: Togekiss|Salac Berry|[eat]
|-boost|p2a: Togekiss|spe|1|[from] item: Salac Berry
|turn|17
|j| vaboh
|
|t:|1597008293
|move|p2a: Togekiss|Roost|p2a: Togekiss
|-heal|p2a: Togekiss|51/100
|-singleturn|p2a: Togekiss|move: Roost
|move|p1a: Seismitoad|Liquidation|p2a: Togekiss
|-damage|p2a: Togekiss|0 fnt
|-damage|p1a: Seismitoad|36/100|[from] item: Life Orb
|faint|p2a: Togekiss
|
|upkeep
|
|t:|1597008297
|switch|p2a: Kyurem|Kyurem|100/100
|-damage|p2a: Kyurem|76/100|[from] Stealth Rock
|-damage|p2a: Kyurem|63/100|[from] Spikes
|-ability|p2a: Kyurem|Pressure
|turn|18
|j| LT71LX WN
|
|t:|1597008301
|move|p2a: Kyurem|Dragon Dance|p2a: Kyurem
|-boost|p2a: Kyurem|atk|1
|-boost|p2a: Kyurem|spe|1
|move|p1a: Seismitoad|Earthquake|p2a: Kyurem
|-damage|p2a: Kyurem|0 fnt
|-damage|p1a: Seismitoad|26/100|[from] item: Life Orb
|faint|p2a: Kyurem
|
|upkeep
|
|t:|1597008305
|switch|p2a: Rillaboom|Rillaboom, F|100/100
|-damage|p2a: Rillaboom|88/100|[from] Spikes
|-damage|p2a: Rillaboom|76/100|[from] Stealth Rock
|-fieldstart|move: Grassy Terrain|[from] ability: Grassy Surge|[of] p2a: Rillaboom
|turn|19
|l| Ayante
|
|t:|1597008310
|-singleturn|p1a: Seismitoad|move: Focus Punch
|move|p2a: Rillaboom|Swords Dance|p2a: Rillaboom
|-boost|p2a: Rillaboom|atk|2
|move|p1a: Seismitoad|Focus Punch|p2a: Rillaboom
|-damage|p2a: Rillaboom|10/100
|-damage|p1a: Seismitoad|16/100|[from] item: Life Orb
|
|-heal|p2a: Rillaboom|16/100|[from] Grassy Terrain
|-heal|p1a: Seismitoad|22/100|[from] Grassy Terrain
|upkeep
|turn|20
|
|t:|1597008316
|move|p2a: Rillaboom|Grassy Glide|p1a: Seismitoad
|-supereffective|p1a: Seismitoad
|-damage|p1a: Seismitoad|0 fnt
|-damage|p2a: Rillaboom|6/100|[from] item: Life Orb
|faint|p1a: Seismitoad
|
|-heal|p2a: Rillaboom|12/100|[from] Grassy Terrain
|upkeep
|j| Ox the Fox
|
|t:|1597008319
|switch|p1a: Urshifu|Urshifu-Rapid-Strike, F|100/100
|-damage|p1a: Urshifu|94/100|[from] Stealth Rock
|turn|21
|
|t:|1597008323
|move|p2a: Rillaboom|Grassy Glide|p1a: Urshifu
|-supereffective|p1a: Urshifu
|-damage|p1a: Urshifu|0 fnt
|-damage|p2a: Rillaboom|2/100|[from] item: Life Orb
|faint|p1a: Urshifu
|
|-heal|p2a: Rillaboom|8/100|[from] Grassy Terrain
|upkeep
|l| naughty jynx
|
|t:|1597008335
|switch|p1a: Mandibuzz|Mandibuzz, F|100/100
|turn|22
|
|t:|1597008340
|move|p2a: Rillaboom|Mega Kick|p1a: Mandibuzz
|-damage|p1a: Mandibuzz|29/100
|-damage|p2a: Rillaboom|0 fnt|[from] item: Life Orb
|faint|p2a: Rillaboom
|
|win|ezwz
|l|☆LT71LX BFL
|l| lt71lx leo
|l| LT71LX PK
|l| LT71LX WN
|l| issa apple
|l|☆ezwz
|raw|ezwz's rating: 1902 &rarr; <strong>1925</strong><br />(+23 for winning)
|raw|LT71LX BFL's rating: 1951 &rarr; <strong>1928</strong><br />(-23 for losing)
|j| Ayante
|l| V298X
|l| Ayante
|l| vaboh
