|j|☆hadahada
|j|☆Dark Slub
|t:|1663037660
|gametype|singles
|player|p1|hadahada|gentleman-gen4dp|1491
|player|p2|Dark Slub|psychic-gen4|1497
|teamsize|p1|6
|teamsize|p2|6
|gen|8
|tier|[Gen 8] OU
|rated|
|rule|Sleep Clause Mod: Limit one foe put to sleep
|rule|Species Clause: Limit one of each Pokémon
|rule|OHKO Clause: OHKO moves are banned
|rule|Evasion Items Clause: Evasion items are banned
|rule|Evasion Moves Clause: Evasion moves are banned
|rule|Endless Battle Clause: Forcing endless battles is banned
|rule|HP Percentage Mod: HP is shown in percentages
|rule|Dynamax Clause: You cannot dynamax
|clearpoke
|poke|p1|Heatran, M|
|poke|p1|Obstagoon, F|
|poke|p1|Rillaboom, F|
|poke|p1|Swampert, F|
|poke|p1|Tapu Fini|
|poke|p1|Zapdos|
|poke|p2|Ninetales-Alola, F|
|poke|p2|Arctozolt|
|poke|p2|Sandslash-Alola, F|
|poke|p2|Vanilluxe, M|
|poke|p2|Arctovish|
|poke|p2|Mamoswine, F|
|teampreview
|inactive|Battle timer is ON: inactive players will automatically lose when time's up. (requested by hadahada)
|
|t:|1663037673
|start
|switch|p1a: Heatran|Heatran, M|100/100
|switch|p2a: Vanilluxe|Vanilluxe, M|100/100
|-weather|Hail|[from] ability: Snow Warning|[of] p2a: Vanilluxe
|turn|1
|
|t:|1663037676
|move|p2a: Vanilluxe|Magic Coat|p2a: Vanilluxe
|-singleturn|p2a: Vanilluxe|move: Magic Coat
|move|p1a: Heatran|Eruption|p2a: Vanilluxe
|-supereffective|p2a: Vanilluxe
|-damage|p2a: Vanilluxe|0 fnt
|faint|p2a: Vanilluxe
|
|-weather|Hail|[upkeep]
|-damage|p1a: Heatran|94/100|[from] Hail
|upkeep
|
|t:|1663037689
|switch|p2a: Arctozolt|Arctozolt|100/100
|turn|2
|
|t:|1663037695
|switch|p1a: Swampert|Swampert, F|100/100
|move|p2a: Arctozolt|Stomping Tantrum|p1a: Swampert
|-damage|p1a: Swampert|78/100
|
|-weather|Hail|[upkeep]
|-damage|p1a: Swampert|72/100|[from] Hail
|-heal|p1a: Swampert|78/100|[from] item: Leftovers
|upkeep
|turn|3
|
|t:|1663037700
|switch|p2a: Arctovish|Arctovish|100/100
|move|p1a: Swampert|Stealth Rock|p2a: Arctovish
|-sidestart|p2: Dark Slub|move: Stealth Rock
|
|-weather|Hail|[upkeep]
|-damage|p1a: Swampert|72/100|[from] Hail
|-heal|p1a: Swampert|78/100|[from] item: Leftovers
|upkeep
|turn|4
|
|t:|1663037707
|move|p2a: Arctovish|Fishious Rend|p1a: Swampert
|-damage|p1a: Swampert|19/100
|move|p1a: Swampert|Flip Turn|p2a: Arctovish
|-resisted|p2a: Arctovish
|-damage|p2a: Arctovish|90/100
|
|t:|1663037711
|switch|p1a: Zapdos|Zapdos|100/100|[from]move: Flip Turn
|
|-weather|Hail|[upkeep]
|-damage|p1a: Zapdos|94/100|[from] Hail
|upkeep
|turn|5
|
|t:|1663037718
|switch|p2a: Sandslash|Sandslash-Alola, F|100/100
|-damage|p2a: Sandslash|88/100|[from] Stealth Rock
|switch|p1a: Tapu Fini|Tapu Fini|100/100
|-fieldstart|move: Misty Terrain|[from] ability: Misty Surge|[of] p1a: Tapu Fini
|
|-weather|Hail|[upkeep]
|-damage|p1a: Tapu Fini|94/100|[from] Hail
|-heal|p2a: Sandslash|94/100|[from] item: Leftovers
|-heal|p1a: Tapu Fini|100/100|[from] item: Leftovers
|upkeep
|turn|6
|
|t:|1663037723
|switch|p1a: Zapdos|Zapdos|94/100
|move|p2a: Sandslash|Rapid Spin|p1a: Zapdos
|-damage|p1a: Zapdos|83/100
|-boost|p2a: Sandslash|spe|1
|-sideend|p2: Dark Slub|Stealth Rock|[from] move: Rapid Spin|[of] p2a: Sandslash
|
|-weather|Hail|[upkeep]
|-damage|p1a: Zapdos|77/100|[from] Hail
|-heal|p2a: Sandslash|100/100|[from] item: Leftovers
|upkeep
|turn|7
|
|t:|1663037728
|move|p2a: Sandslash|Triple Axel|p1a: Zapdos
|-supereffective|p1a: Zapdos
|-damage|p1a: Zapdos|64/100
|-hitcount|p1a: Zapdos|1
|move|p1a: Zapdos|Volt Switch|p2a: Sandslash
|-damage|p2a: Sandslash|58/100
|
|t:|1663037737
|switch|p1a: Obstagoon|Obstagoon, F|100/100|[from]move: Volt Switch
|
|-weather|Hail|[upkeep]
|-damage|p1a: Obstagoon|94/100|[from] Hail
|-heal|p2a: Sandslash|64/100|[from] item: Leftovers
|upkeep
|turn|8
|
|t:|1663037742
|move|p2a: Sandslash|Triple Axel|p1a: Obstagoon|[miss]
|-miss|p2a: Sandslash|p1a: Obstagoon
|move|p1a: Obstagoon|Close Combat|p2a: Sandslash
|-supereffective|p2a: Sandslash
|-damage|p2a: Sandslash|0 fnt
|-unboost|p1a: Obstagoon|def|1
|-unboost|p1a: Obstagoon|spd|1
|faint|p2a: Sandslash
|
|-weather|none
|upkeep
|
|t:|1663037751
|switch|p2a: Arctovish|Arctovish|90/100
|turn|9
|
|t:|1663037754
|move|p2a: Arctovish|Fishious Rend|p1a: Obstagoon
|-damage|p1a: Obstagoon|0 fnt
|faint|p1a: Obstagoon
|
|-fieldend|Misty Terrain
|upkeep
|
|t:|1663037762
|switch|p1a: Zapdos|Zapdos|64/100
|turn|10
|
|t:|1663037768
|move|p2a: Arctovish|Fishious Rend|p1a: Zapdos
|-damage|p1a: Zapdos|17/100
|-status|p2a: Arctovish|par|[from] ability: Static|[of] p1a: Zapdos
|move|p1a: Zapdos|Volt Switch|p2a: Arctovish
|-supereffective|p2a: Arctovish
|-damage|p2a: Arctovish|13/100 par
|
|t:|1663037775
|switch|p1a: Swampert|Swampert, F|19/100|[from]move: Volt Switch
|
|-heal|p1a: Swampert|25/100|[from] item: Leftovers
|upkeep
|turn|11
|
|t:|1663037777
|move|p2a: Arctovish|Fishious Rend|p1a: Swampert
|-damage|p1a: Swampert|0 fnt
|faint|p1a: Swampert
|
|upkeep
|
|t:|1663037779
|switch|p1a: Rillaboom|Rillaboom, F|100/100
|-fieldstart|move: Grassy Terrain|[from] ability: Grassy Surge|[of] p1a: Rillaboom
|turn|12
|
|t:|1663037783
|move|p1a: Rillaboom|U-turn|p2a: Arctovish
|-damage|p2a: Arctovish|0 fnt
|faint|p2a: Arctovish
|
|t:|1663037785
|switch|p1a: Heatran|Heatran, M|94/100|[from]move: U-turn
|
|-heal|p1a: Heatran|100/100|[from] Grassy Terrain
|upkeep
|
|t:|1663037793
|switch|p2a: Mamoswine|Mamoswine, F|100/100
|turn|13
|
|t:|1663037799
|switch|p1a: Zapdos|Zapdos|17/100
|move|p2a: Mamoswine|Icicle Crash|p1a: Zapdos
|-supereffective|p1a: Zapdos
|-damage|p1a: Zapdos|0 fnt
|faint|p1a: Zapdos
|
|upkeep
|
|t:|1663037802
|switch|p1a: Rillaboom|Rillaboom, F|100/100
|turn|14
|
|t:|1663037809
|switch|p2a: Ninetales|Ninetales-Alola, F|100/100
|-weather|Hail|[from] ability: Snow Warning|[of] p2a: Ninetales
|move|p1a: Rillaboom|Grassy Glide|p2a: Ninetales
|-damage|p2a: Ninetales|0 fnt
|faint|p2a: Ninetales
|
|-weather|Hail|[upkeep]
|-damage|p1a: Rillaboom|94/100|[from] Hail
|-heal|p1a: Rillaboom|100/100|[from] Grassy Terrain
|upkeep
|
|t:|1663037811
|switch|p2a: Arctozolt|Arctozolt|100/100
|turn|15
|
|t:|1663037816
|move|p1a: Rillaboom|Grassy Glide|p2a: Arctozolt
|-damage|p2a: Arctozolt|25/100
|move|p2a: Arctozolt|Bolt Beak|p1a: Rillaboom
|-resisted|p1a: Rillaboom
|-damage|p1a: Rillaboom|80/100
|
|-weather|Hail|[upkeep]
|-damage|p1a: Rillaboom|74/100|[from] Hail
|-heal|p2a: Arctozolt|31/100|[from] Grassy Terrain
|-heal|p1a: Rillaboom|80/100|[from] Grassy Terrain
|upkeep
|turn|16
|
|t:|1663037823
|switch|p2a: Mamoswine|Mamoswine, F|100/100
|move|p1a: Rillaboom|Grassy Glide|p2a: Mamoswine
|-supereffective|p2a: Mamoswine
|-damage|p2a: Mamoswine|0 fnt
|faint|p2a: Mamoswine
|
|-weather|Hail|[upkeep]
|-damage|p1a: Rillaboom|74/100|[from] Hail
|-heal|p1a: Rillaboom|80/100|[from] Grassy Terrain
|-fieldend|move: Grassy Terrain
|upkeep
|
|t:|1663037824
|switch|p2a: Arctozolt|Arctozolt|31/100
|turn|17
|
|t:|1663037829
|move|p2a: Arctozolt|Icicle Crash|p1a: Rillaboom
|-supereffective|p1a: Rillaboom
|-damage|p1a: Rillaboom|0 fnt
|faint|p1a: Rillaboom
|
|-weather|Hail|[upkeep]
|upkeep
|
|t:|1663037834
|switch|p1a: Heatran|Heatran, M|100/100
|turn|18
|
|t:|1663037838
|move|p2a: Arctozolt|Stomping Tantrum|p1a: Heatran
|-supereffective|p1a: Heatran
|-damage|p1a: Heatran|0 fnt
|faint|p1a: Heatran
|
|-weather|none
|upkeep
|
|t:|1663037840
|switch|p1a: Tapu Fini|Tapu Fini|100/100
|-fieldstart|move: Misty Terrain|[from] ability: Misty Surge|[of] p1a: Tapu Fini
|turn|19
|
|t:|1663037842
|move|p2a: Arctozolt|Bolt Beak|p1a: Tapu Fini
|-supereffective|p1a: Tapu Fini
|-damage|p1a: Tapu Fini|0 fnt
|faint|p1a: Tapu Fini
|
|win|Dark Slub
|raw|hadahada's rating: 1491 &rarr; <strong>1471</strong><br />(-20 for losing)
|raw|Dark Slub's rating: 1497 &rarr; <strong>1517</strong><br />(+20 for winning)
|l|☆hadahada
