|j|☆dmt dreams
|j|☆AKarenin
|inactive|Battle timer is ON: inactive players will automatically lose when time's up.
|t:|1664189345
|gametype|singles
|player|p1|dmt dreams|gambler-gen1|
|player|p2|AKarenin|170|
|teamsize|p1|6
|teamsize|p2|6
|gen|8
|tier|[Gen 8] OU
|rated|Tournament battle
|rule|Sleep Clause Mod: Limit one foe put to sleep
|rule|Species Clause: Limit one of each Pokémon
|rule|OHKO Clause: OHKO moves are banned
|rule|Evasion Items Clause: Evasion items are banned
|rule|Evasion Moves Clause: Evasion moves are banned
|rule|Endless Battle Clause: Forcing endless battles is banned
|rule|HP Percentage Mod: HP is shown in percentages
|rule|Dynamax Clause: You cannot dynamax
|clearpoke
|poke|p1|Mew|
|poke|p1|Zeraora|
|poke|p1|Celesteela|
|poke|p1|Dragapult, M|
|poke|p1|Weavile, F|
|poke|p1|Nihilego|
|poke|p2|Toxapex, F|
|poke|p2|Blissey, F|
|poke|p2|Ferrothorn, F|
|poke|p2|Clefable, F|
|poke|p2|Magnezone|
|poke|p2|Tornadus-Therian, M|
|teampreview
|inactive|dmt dreams also wants the timer to be on.
|
|t:|1664189361
|start
|switch|p1a: Mew|Mew|100/100
|switch|p2a: Clefable|Clefable, F|100/100
|turn|1
|
|t:|1664189366
|move|p1a: Mew|Taunt|p2a: Clefable
|-start|p2a: Clefable|move: Taunt
|cant|p2a: Clefable|move: Taunt|Stealth Rock
|
|upkeep
|turn|2
|
|t:|1664189384
|move|p1a: Mew|Thunder Wave|p2a: Clefable
|-status|p2a: Clefable|par
|move|p2a: Clefable|Mystical Fire|p1a: Mew
|-damage|p1a: Mew|87/100
|-unboost|p1a: Mew|spa|1
|
|upkeep
|turn|3
|
|t:|1664189393
|move|p1a: Mew|Stealth Rock|p2a: Clefable
|-sidestart|p2: AKarenin|move: Stealth Rock
|move|p2a: Clefable|Mystical Fire|p1a: Mew
|-damage|p1a: Mew|72/100
|-unboost|p1a: Mew|spa|1
|
|-end|p2a: Clefable|move: Taunt
|upkeep
|turn|4
|
|t:|1664189415
|move|p1a: Mew|Taunt|p2a: Clefable
|-start|p2a: Clefable|move: Taunt
|cant|p2a: Clefable|move: Taunt|Stealth Rock
|
|upkeep
|turn|5
|
|t:|1664189426
|switch|p2a: Tornadus|Tornadus-Therian, M|100/100
|move|p1a: Mew|Spikes|p2a: Tornadus
|-sidestart|p2: AKarenin|Spikes
|
|upkeep
|turn|6
|
|t:|1664189432
|move|p2a: Tornadus|Taunt|p1a: Mew
|-start|p1a: Mew|move: Taunt
|-enditem|p1a: Mew|Mental Herb
|-end|p1a: Mew|move: Taunt
|move|p1a: Mew|Thunder Wave|p2a: Tornadus
|-status|p2a: Tornadus|par
|
|upkeep
|turn|7
|
|t:|1664189439
|move|p1a: Mew|Taunt|p2a: Tornadus
|-start|p2a: Tornadus|move: Taunt
|cant|p2a: Tornadus|move: Taunt|Defog
|
|upkeep
|turn|8
|
|t:|1664189443
|move|p1a: Mew|Spikes|p2a: Tornadus
|-sidestart|p2: AKarenin|Spikes
|move|p2a: Tornadus|Hurricane|p1a: Mew
|-crit|p1a: Mew
|-damage|p1a: Mew|18/100
|-start|p1a: Mew|confusion
|
|upkeep
|turn|9
|
|t:|1664189448
|-activate|p1a: Mew|confusion
|move|p1a: Mew|Spikes|p2a: Tornadus
|-sidestart|p2: AKarenin|Spikes
|cant|p2a: Tornadus|par
|
|-end|p2a: Tornadus|move: Taunt
|upkeep
|turn|10
|
|t:|1664189452
|-activate|p1a: Mew|confusion
|move|p1a: Mew|Taunt|p2a: Tornadus
|-start|p2a: Tornadus|move: Taunt
|move|p2a: Tornadus|U-turn|p1a: Mew
|-supereffective|p1a: Mew
|-damage|p1a: Mew|0 fnt
|faint|p1a: Mew
|
|t:|1664189458
|switch|p2a: Blissey|Blissey, F|100/100|[from]move: U-turn
|
|upkeep
|
|t:|1664189462
|switch|p1a: Zeraora|Zeraora|100/100
|turn|11
|
|t:|1664189473
|switch|p2a: Clefable|Clefable, F|100/100 par
|move|p1a: Zeraora|Taunt|p2a: Clefable
|-start|p2a: Clefable|move: Taunt
|
|upkeep
|turn|12
|
|t:|1664189478
|move|p1a: Zeraora|Knock Off|p2a: Clefable
|-resisted|p2a: Clefable
|-damage|p2a: Clefable|87/100 par
|-enditem|p2a: Clefable|Leftovers|[from] move: Knock Off|[of] p1a: Zeraora
|move|p2a: Clefable|Moonblast|p1a: Zeraora
|-damage|p1a: Zeraora|61/100
|-unboost|p1a: Zeraora|spa|1
|
|upkeep
|turn|13
|
|t:|1664189484
|move|p1a: Zeraora|Plasma Fists|p2a: Clefable
|-damage|p2a: Clefable|45/100 par
|-fieldactivate|move: Ion Deluge
|-hint|Normal-type moves become Electric-type after using Plasma Fists.
|cant|p2a: Clefable|par
|
|-end|p2a: Clefable|move: Taunt
|upkeep
|turn|14
|
|t:|1664189490
|move|p1a: Zeraora|Plasma Fists|p2a: Clefable
|-damage|p2a: Clefable|4/100 par
|-fieldactivate|move: Ion Deluge
|-hint|Normal-type moves become Electric-type after using Plasma Fists.
|move|p2a: Clefable|Soft-Boiled|p2a: Clefable
|-heal|p2a: Clefable|54/100 par
|
|upkeep
|turn|15
|
|t:|1664189496
|move|p1a: Zeraora|Plasma Fists|p2a: Clefable
|-damage|p2a: Clefable|11/100 par
|-fieldactivate|move: Ion Deluge
|-hint|Normal-type moves become Electric-type after using Plasma Fists.
|move|p2a: Clefable|Soft-Boiled|p2a: Clefable
|-heal|p2a: Clefable|61/100 par
|
|upkeep
|turn|16
|
|t:|1664189498
|move|p1a: Zeraora|Plasma Fists|p2a: Clefable
|-damage|p2a: Clefable|21/100 par
|-fieldactivate|move: Ion Deluge
|-hint|Normal-type moves become Electric-type after using Plasma Fists.
|cant|p2a: Clefable|par
|
|upkeep
|turn|17
|
|t:|1664189506
|move|p1a: Zeraora|Plasma Fists|p2a: Clefable
|-damage|p2a: Clefable|0 fnt
|-fieldactivate|move: Ion Deluge
|-hint|Normal-type moves become Electric-type after using Plasma Fists.
|faint|p2a: Clefable
|
|upkeep
|
|t:|1664189509
|switch|p2a: Magnezone|Magnezone|100/100
|-damage|p2a: Magnezone|94/100|[from] Stealth Rock
|-item|p2a: Magnezone|Air Balloon
|turn|18
|
|t:|1664189513
|move|p1a: Zeraora|Close Combat|p2a: Magnezone
|-supereffective|p2a: Magnezone
|-damage|p2a: Magnezone|31/100
|-unboost|p1a: Zeraora|def|1
|-unboost|p1a: Zeraora|spd|1
|-enditem|p2a: Magnezone|Air Balloon
|move|p2a: Magnezone|Iron Defense|p2a: Magnezone
|-boost|p2a: Magnezone|def|2
|
|upkeep
|turn|19
|
|t:|1664189520
|switch|p1a: Dragapult|Dragapult, M|100/100
|move|p2a: Magnezone|Body Press|p1a: Dragapult
|-immune|p1a: Dragapult
|
|upkeep
|turn|20
|
|t:|1664189524
|move|p1a: Dragapult|U-turn|p2a: Magnezone
|-resisted|p2a: Magnezone
|-damage|p2a: Magnezone|27/100
|
|t:|1664189526
|switch|p1a: Zeraora|Zeraora|61/100|[from]move: U-turn
|move|p2a: Magnezone|Volt Switch|p1a: Zeraora
|-heal|p1a: Zeraora|86/100|[from] ability: Volt Absorb|[of] p2a: Magnezone
|
|upkeep
|turn|21
|
|t:|1664189531
|move|p1a: Zeraora|Close Combat|p2a: Magnezone
|-supereffective|p2a: Magnezone
|-damage|p2a: Magnezone|0 fnt
|-unboost|p1a: Zeraora|def|1
|-unboost|p1a: Zeraora|spd|1
|faint|p2a: Magnezone
|
|upkeep
|
|t:|1664189541
|switch|p2a: Toxapex|Toxapex, F|100/100
|-damage|p2a: Toxapex|88/100|[from] Stealth Rock
|-damage|p2a: Toxapex|63/100|[from] Spikes
|turn|22
|
|t:|1664189546
|move|p1a: Zeraora|Plasma Fists|p2a: Toxapex
|-supereffective|p2a: Toxapex
|-damage|p2a: Toxapex|8/100
|-fieldactivate|move: Ion Deluge
|-hint|Normal-type moves become Electric-type after using Plasma Fists.
|move|p2a: Toxapex|Recover|p2a: Toxapex
|-heal|p2a: Toxapex|58/100
|
|-heal|p2a: Toxapex|64/100|[from] item: Black Sludge
|upkeep
|turn|23
|
|t:|1664189550
|move|p1a: Zeraora|Plasma Fists|p2a: Toxapex
|-supereffective|p2a: Toxapex
|-damage|p2a: Toxapex|8/100
|-fieldactivate|move: Ion Deluge
|-hint|Normal-type moves become Electric-type after using Plasma Fists.
|move|p2a: Toxapex|Recover|p2a: Toxapex
|-heal|p2a: Toxapex|58/100
|
|-heal|p2a: Toxapex|64/100|[from] item: Black Sludge
|upkeep
|turn|24
|
|t:|1664189552
|move|p1a: Zeraora|Plasma Fists|p2a: Toxapex
|-supereffective|p2a: Toxapex
|-damage|p2a: Toxapex|4/100
|-fieldactivate|move: Ion Deluge
|-hint|Normal-type moves become Electric-type after using Plasma Fists.
|move|p2a: Toxapex|Recover|p2a: Toxapex
|-heal|p2a: Toxapex|54/100
|
|-heal|p2a: Toxapex|61/100|[from] item: Black Sludge
|upkeep
|turn|25
|
|t:|1664189555
|move|p2a: Toxapex|Baneful Bunker|p2a: Toxapex
|-singleturn|p2a: Toxapex|move: Protect
|move|p1a: Zeraora|Plasma Fists|p2a: Toxapex
|-activate|p2a: Toxapex|move: Protect
|-status|p1a: Zeraora|psn
|
|-heal|p2a: Toxapex|67/100|[from] item: Black Sludge
|-damage|p1a: Zeraora|74/100 psn|[from] psn
|upkeep
|turn|26
|
|t:|1664189558
|move|p1a: Zeraora|Taunt|p2a: Toxapex
|-start|p2a: Toxapex|move: Taunt
|cant|p2a: Toxapex|move: Taunt|Recover
|
|-heal|p2a: Toxapex|73/100|[from] item: Black Sludge
|-damage|p1a: Zeraora|62/100 psn|[from] psn
|upkeep
|turn|27
|
|t:|1664189563
|switch|p2a: Ferrothorn|Ferrothorn, F|100/100
|-damage|p2a: Ferrothorn|95/100|[from] Stealth Rock
|-damage|p2a: Ferrothorn|70/100|[from] Spikes
|move|p1a: Zeraora|Knock Off|p2a: Ferrothorn
|-damage|p2a: Ferrothorn|51/100
|-damage|p1a: Zeraora|49/100 psn|[from] ability: Iron Barbs|[of] p2a: Ferrothorn
|-enditem|p2a: Ferrothorn|Leftovers|[from] move: Knock Off|[of] p1a: Zeraora
|
|-damage|p1a: Zeraora|37/100 psn|[from] psn
|upkeep
|turn|28
|
|t:|1664189568
|move|p2a: Ferrothorn|Protect|p2a: Ferrothorn
|-singleturn|p2a: Ferrothorn|Protect
|move|p1a: Zeraora|Close Combat|p2a: Ferrothorn
|-activate|p2a: Ferrothorn|move: Protect
|
|-damage|p1a: Zeraora|25/100 psn|[from] psn
|upkeep
|turn|29
|
|t:|1664189576
|move|p1a: Zeraora|Close Combat|p2a: Ferrothorn
|-supereffective|p2a: Ferrothorn
|-damage|p2a: Ferrothorn|5/100
|-unboost|p1a: Zeraora|def|1
|-unboost|p1a: Zeraora|spd|1
|-damage|p1a: Zeraora|12/100 psn|[from] ability: Iron Barbs|[of] p2a: Ferrothorn
|move|p2a: Ferrothorn|Leech Seed|p1a: Zeraora
|-start|p1a: Zeraora|move: Leech Seed
|
|-damage|p1a: Zeraora|0 fnt|[from] Leech Seed|[of] p2a: Ferrothorn
|-heal|p2a: Ferrothorn|16/100|[silent]
|faint|p1a: Zeraora
|upkeep
|
|t:|1664189584
|switch|p1a: Nihilego|Nihilego|100/100
|turn|30
|
|t:|1664189588
|move|p1a: Nihilego|Power Gem|p2a: Ferrothorn
|-resisted|p2a: Ferrothorn
|-damage|p2a: Ferrothorn|0 fnt
|faint|p2a: Ferrothorn
|-ability|p1a: Nihilego|Beast Boost|boost
|-boost|p1a: Nihilego|spe|1
|
|upkeep
|
|t:|1664189594
|switch|p2a: Blissey|Blissey, F|100/100
|turn|31
|
|t:|1664189598
|switch|p1a: Weavile|Weavile, F|100/100
|-ability|p1a: Weavile|Pressure
|move|p2a: Blissey|Thunder Wave|p1a: Weavile
|-status|p1a: Weavile|par
|
|upkeep
|turn|32
|
|t:|1664189606
|switch|p2a: Toxapex|Toxapex, F|100/100
|-damage|p2a: Toxapex|88/100|[from] Stealth Rock
|-damage|p2a: Toxapex|63/100|[from] Spikes
|move|p1a: Weavile|Swords Dance|p1a: Weavile
|-boost|p1a: Weavile|atk|2
|
|-heal|p2a: Toxapex|69/100|[from] item: Black Sludge
|upkeep
|turn|33
|
|t:|1664189617
|cant|p1a: Weavile|par
|move|p2a: Toxapex|Scald|p1a: Weavile
|-damage|p1a: Weavile|78/100 par
|
|-heal|p2a: Toxapex|75/100|[from] item: Black Sludge
|upkeep
|turn|34
|
|t:|1664189626
|move|p1a: Weavile|Knock Off|p2a: Toxapex
|-damage|p2a: Toxapex|0 fnt
|-enditem|p2a: Toxapex|Black Sludge|[from] move: Knock Off|[of] p1a: Weavile
|faint|p2a: Toxapex
|-damage|p1a: Weavile|68/100 par|[from] item: Life Orb
|
|upkeep
|
|t:|1664189631
|switch|p2a: Tornadus|Tornadus-Therian, M|100/100 par
|turn|35
|
|t:|1664189633
|move|p1a: Weavile|Ice Shard|p2a: Tornadus
|-supereffective|p2a: Tornadus
|-damage|p2a: Tornadus|0 fnt
|faint|p2a: Tornadus
|-damage|p1a: Weavile|58/100 par|[from] item: Life Orb
|
|upkeep
|
|t:|1664189635
|switch|p2a: Blissey|Blissey, F|100/100
|turn|36
|
|t:|1664189639
|move|p1a: Weavile|Knock Off|p2a: Blissey
|-damage|p2a: Blissey|0 fnt
|-enditem|p2a: Blissey|Heavy-Duty Boots|[from] move: Knock Off|[of] p1a: Weavile
|faint|p2a: Blissey
|-damage|p1a: Weavile|48/100 par|[from] item: Life Orb
|
|win|dmt dreams
|n|☆dmt dreams|dmtdreams
|n|☆AKarenin|akarenin
|l|☆AKarenin
