|raw|<div class="broadcast-blue"><strong>This battle is required to be public due to a player having a name starting with 'lt93oq'.</div>
|j|☆LT93O Quetzalcoatl
|j|☆SirFresh
|t:|1660766916
|gametype|singles
|player|p1|LT93O Quetzalcoatl|picnicker|1803
|player|p2|SirFresh|palmer|1740
|teamsize|p1|6
|teamsize|p2|6
|gen|8
|tier|[Gen 8] OU
|rated|
|rule|Sleep Clause Mod: Limit one foe put to sleep
|rule|Species Clause: Limit one of each Pokémon
|rule|OHKO Clause: OHKO moves are banned
|rule|Evasion Items Clause: Evasion items are banned
|rule|Evasion Moves Clause: Evasion moves are banned
|rule|Endless Battle Clause: Forcing endless battles is banned
|rule|HP Percentage Mod: HP is shown in percentages
|rule|Dynamax Clause: You cannot dynamax
|clearpoke
|poke|p1|Zeraora|
|poke|p1|Buzzwole|
|poke|p1|Landorus-Therian, M|
|poke|p1|Ferrothorn, M|
|poke|p1|Dragonite, M|
|poke|p1|Clefable, F|
|poke|p2|Tapu Koko|
|poke|p2|Blaziken, M|
|poke|p2|Gardevoir, F|
|poke|p2|Corviknight, M|
|poke|p2|Swampert, M|
|poke|p2|Kartana|
|teampreview
|inactive|Battle timer is ON: inactive players will automatically lose when time's up. (requested by LT93O Quetzalcoatl)
|
|t:|1660766925
|start
|switch|p1a: Lost Cause|Buzzwole|100/100
|switch|p2a: Swampert|Swampert, M|100/100
|turn|1
|
|t:|1660766929
|move|p1a: Lost Cause|Close Combat|p2a: Swampert
|-damage|p2a: Swampert|10/100
|-unboost|p1a: Lost Cause|def|1
|-unboost|p1a: Lost Cause|spd|1
|move|p2a: Swampert|Toxic|p1a: Lost Cause|[miss]
|-miss|p2a: Swampert|p1a: Lost Cause
|
|-heal|p2a: Swampert|17/100|[from] item: Leftovers
|upkeep
|turn|2
|
|t:|1660766938
|switch|p2a: Corviknight|Corviknight, M|100/100
|-ability|p2a: Corviknight|Pressure
|move|p1a: Lost Cause|Close Combat|p2a: Corviknight
|-damage|p2a: Corviknight|36/100
|-unboost|p1a: Lost Cause|def|1
|-unboost|p1a: Lost Cause|spd|1
|-damage|p1a: Lost Cause|84/100|[from] item: Rocky Helmet|[of] p2a: Corviknight
|
|upkeep
|turn|3
|
|t:|1660766947
|switch|p2a: Gardevoir|Gardevoir, F|100/100
|-ability|p2a: Gardevoir|Beast Boost|[from] ability: Trace|[of] p1a: Lost Cause
|move|p1a: Lost Cause|Close Combat|p2a: Gardevoir
|-resisted|p2a: Gardevoir
|-damage|p2a: Gardevoir|54/100
|-unboost|p1a: Lost Cause|def|1
|-unboost|p1a: Lost Cause|spd|1
|
|upkeep
|turn|4
|
|t:|1660766951
|switch|p1a: Crimson Thorn|Ferrothorn, M, shiny|100/100
|move|p2a: Gardevoir|Mystical Fire|p1a: Crimson Thorn
|-supereffective|p1a: Crimson Thorn
|-damage|p1a: Crimson Thorn|23/100
|-unboost|p1a: Crimson Thorn|spa|1
|
|-heal|p1a: Crimson Thorn|29/100|[from] item: Leftovers
|upkeep
|turn|5
|
|t:|1660766958
|switch|p2a: Swampert|Swampert, M|17/100
|switch|p1a: Feel Like Sun|Clefable, F|100/100
|
|-heal|p2a: Swampert|23/100|[from] item: Leftovers
|upkeep
|turn|6
|
|t:|1660766963
|move|p1a: Feel Like Sun|Moonblast|p2a: Swampert
|-crit|p2a: Swampert
|-damage|p2a: Swampert|0 fnt
|faint|p2a: Swampert
|
|upkeep
|j| Heaven's Boar
|
|t:|1660766973
|switch|p2a: Kartana|Kartana|100/100
|turn|7
|
|t:|1660766977
|switch|p1a: Bellyache|Dragonite, M|100/100
|move|p2a: Kartana|Swords Dance|p2a: Kartana
|-boost|p2a: Kartana|atk|2
|
|upkeep
|turn|8
|
|t:|1660766980
|move|p2a: Kartana|Knock Off|p1a: Bellyache
|-damage|p1a: Bellyache|68/100
|-enditem|p1a: Bellyache|Heavy-Duty Boots|[from] move: Knock Off|[of] p2a: Kartana
|move|p1a: Bellyache|Flamethrower|p2a: Kartana
|-supereffective|p2a: Kartana
|-damage|p2a: Kartana|0 fnt
|faint|p2a: Kartana
|
|upkeep
|
|t:|1660766988
|switch|p2a: Gardevoir|Gardevoir, F|54/100
|-ability|p2a: Gardevoir|Multiscale|[from] ability: Trace|[of] p1a: Bellyache
|turn|9
|
|t:|1660766995
|switch|p1a: Feel Like Sun|Clefable, F|100/100
|move|p2a: Gardevoir|Moonblast|p1a: Feel Like Sun
|-damage|p1a: Feel Like Sun|53/100
|
|-heal|p1a: Feel Like Sun|59/100|[from] item: Leftovers
|upkeep
|turn|10
|
|t:|1660767001
|move|p2a: Gardevoir|Moonblast|p1a: Feel Like Sun
|-damage|p1a: Feel Like Sun|14/100
|move|p1a: Feel Like Sun|Soft-Boiled|p1a: Feel Like Sun
|-heal|p1a: Feel Like Sun|64/100
|
|-heal|p1a: Feel Like Sun|70/100|[from] item: Leftovers
|upkeep
|turn|11
|
|t:|1660767007
|move|p2a: Gardevoir|Moonblast|p1a: Feel Like Sun
|-damage|p1a: Feel Like Sun|28/100
|move|p1a: Feel Like Sun|Soft-Boiled|p1a: Feel Like Sun
|-heal|p1a: Feel Like Sun|78/100
|
|-heal|p1a: Feel Like Sun|84/100|[from] item: Leftovers
|upkeep
|turn|12
|
|t:|1660767010
|switch|p2a: Tapu Koko|Tapu Koko|100/100
|-fieldstart|move: Electric Terrain|[from] ability: Electric Surge|[of] p2a: Tapu Koko
|move|p1a: Feel Like Sun|Soft-Boiled|p1a: Feel Like Sun
|-heal|p1a: Feel Like Sun|100/100
|
|upkeep
|turn|13
|
|t:|1660767015
|switch|p1a: Golden Time|Landorus-Therian, M|100/100
|-ability|p1a: Golden Time|Intimidate|boost
|-unboost|p2a: Tapu Koko|atk|1
|move|p2a: Tapu Koko|Dazzling Gleam|p1a: Golden Time
|-damage|p1a: Golden Time|39/100
|
|-heal|p1a: Golden Time|45/100|[from] item: Leftovers
|upkeep
|turn|14
|inactive|LT93O Quetzalcoatl has 120 seconds left.
|l| Heaven's Boar
|inactive|LT93O Quetzalcoatl has 90 seconds left.
|
|t:|1660767098
|move|p2a: Tapu Koko|Dazzling Gleam|p1a: Golden Time
|-damage|p1a: Golden Time|0 fnt
|faint|p1a: Golden Time
|
|upkeep
|
|t:|1660767110
|switch|p1a: Crimson Thorn|Ferrothorn, M, shiny|29/100
|turn|15
|
|t:|1660767123
|switch|p2a: Blaziken|Blaziken, M|100/100
|move|p1a: Crimson Thorn|Leech Seed|p2a: Blaziken
|-start|p2a: Blaziken|move: Leech Seed
|
|-heal|p1a: Crimson Thorn|36/100|[from] item: Leftovers
|-damage|p2a: Blaziken|88/100|[from] Leech Seed|[of] p1a: Crimson Thorn
|-heal|p1a: Crimson Thorn|46/100|[silent]
|upkeep
|turn|16
|inactive|LT93O Quetzalcoatl has 60 seconds left.
|
|t:|1660767162
|switch|p2a: Gardevoir|Gardevoir, F|54/100
|-ability|p2a: Gardevoir|Iron Barbs|[from] ability: Trace|[of] p1a: Crimson Thorn
|switch|p1a: Bellyache|Dragonite, M|68/100
|
|-fieldend|move: Electric Terrain
|upkeep
|turn|17
|
|t:|1660767170
|switch|p1a: Feel Like Sun|Clefable, F|100/100
|move|p2a: Gardevoir|Trick|p1a: Feel Like Sun
|-activate|p2a: Gardevoir|move: Trick|[of] p1a: Feel Like Sun
|-item|p1a: Feel Like Sun|Choice Scarf|[from] move: Trick
|-item|p2a: Gardevoir|Leftovers|[from] move: Trick
|
|-heal|p2a: Gardevoir|60/100|[from] item: Leftovers
|upkeep
|turn|18
|
|t:|1660767177
|move|p2a: Gardevoir|Moonblast|p1a: Feel Like Sun
|-damage|p1a: Feel Like Sun|52/100
|-unboost|p1a: Feel Like Sun|spa|1
|move|p1a: Feel Like Sun|Calm Mind|p1a: Feel Like Sun
|-boost|p1a: Feel Like Sun|spa|1
|-boost|p1a: Feel Like Sun|spd|1
|
|-heal|p2a: Gardevoir|66/100|[from] item: Leftovers
|upkeep
|turn|19
|
|t:|1660767186
|move|p2a: Gardevoir|Mystical Fire|p1a: Feel Like Sun
|-damage|p1a: Feel Like Sun|36/100
|-unboost|p1a: Feel Like Sun|spa|1
|move|p1a: Feel Like Sun|Calm Mind|p1a: Feel Like Sun
|-boost|p1a: Feel Like Sun|spa|1
|-boost|p1a: Feel Like Sun|spd|1
|
|-heal|p2a: Gardevoir|72/100|[from] item: Leftovers
|upkeep
|turn|20
|
|t:|1660767193
|switch|p1a: Bellyache|Dragonite, M|68/100
|move|p2a: Gardevoir|Moonblast|p1a: Bellyache
|-supereffective|p1a: Bellyache
|-damage|p1a: Bellyache|1/100
|-unboost|p1a: Bellyache|spa|1
|
|-heal|p2a: Gardevoir|78/100|[from] item: Leftovers
|upkeep
|turn|21
|
|t:|1660767198
|move|p2a: Gardevoir|Moonblast|p1a: Bellyache
|-supereffective|p1a: Bellyache
|-damage|p1a: Bellyache|0 fnt
|faint|p1a: Bellyache
|
|-heal|p2a: Gardevoir|84/100|[from] item: Leftovers
|upkeep
|
|t:|1660767203
|switch|p1a: Faint|Zeraora|100/100
|turn|22
|
|t:|1660767211
|move|p1a: Faint|Bulk Up|p1a: Faint
|-boost|p1a: Faint|atk|1
|-boost|p1a: Faint|def|1
|move|p2a: Gardevoir|Moonblast|p1a: Faint
|-damage|p1a: Faint|43/100
|
|-heal|p2a: Gardevoir|90/100|[from] item: Leftovers
|upkeep
|turn|23
|inactive|LT93O Quetzalcoatl has 90 seconds left.
|
|t:|1660767231
|switch|p2a: Corviknight|Corviknight, M|36/100
|-ability|p2a: Corviknight|Pressure
|move|p1a: Faint|Plasma Fists|p2a: Corviknight
|-supereffective|p2a: Corviknight
|-damage|p2a: Corviknight|0 fnt
|-fieldactivate|move: Ion Deluge
|-hint|Normal-type moves become Electric-type after using Plasma Fists.
|-damage|p1a: Faint|27/100|[from] item: Rocky Helmet|[of] p2a: Corviknight
|faint|p2a: Corviknight
|
|upkeep
|
|t:|1660767238
|switch|p2a: Gardevoir|Gardevoir, F|90/100
|-ability|p2a: Gardevoir|Volt Absorb|[from] ability: Trace|[of] p1a: Faint
|turn|24
|
|t:|1660767244
|move|p1a: Faint|Plasma Fists|p2a: Gardevoir
|-heal|p2a: Gardevoir|100/100|[from] ability: Volt Absorb|[of] p1a: Faint
|move|p2a: Gardevoir|Moonblast|p1a: Faint
|-damage|p1a: Faint|0 fnt
|faint|p1a: Faint
|
|upkeep
|-message|LT93O Quetzalcoatl forfeited.
|
|win|SirFresh
|raw|LT93O Quetzalcoatl's rating: 1803 &rarr; <strong>1779</strong><br />(-24 for losing)
|raw|SirFresh's rating: 1740 &rarr; <strong>1764</strong><br />(+24 for winning)
|l|☆LT93O Quetzalcoatl
