|j|‽hypervortexreturns
|j|☆Stads
|t:|1663699644
|gametype|singles
|player|p1|hypervortexreturns|102|1890
|player|p2|Stads|170|1791
|teamsize|p1|6
|teamsize|p2|6
|gen|8
|tier|[Gen 8] OU
|rated|
|rule|Sleep Clause Mod: Limit one foe put to sleep
|rule|Species Clause: Limit one of each Pokémon
|rule|OHKO Clause: OHKO moves are banned
|rule|Evasion Items Clause: Evasion items are banned
|rule|Evasion Moves Clause: Evasion moves are banned
|rule|Endless Battle Clause: Forcing endless battles is banned
|rule|HP Percentage Mod: HP is shown in percentages
|rule|Dynamax Clause: You cannot dynamax
|clearpoke
|poke|p1|Hydreigon, F|
|poke|p1|Zapdos|
|poke|p1|Tangrowth, M|
|poke|p1|Corviknight, M|
|poke|p1|Excadrill, F|
|poke|p1|Azumarill, M|
|poke|p2|Tornadus-Therian, M|
|poke|p2|Corviknight, F|
|poke|p2|Kartana|
|poke|p2|Toxapex, M|
|poke|p2|Hippowdon, M|
|poke|p2|Heatran, F|
|teampreview
|j| 0WithdrawalSyndrom
|inactive|Battle timer is ON: inactive players will automatically lose when time's up. (requested by hypervortexreturns)
|c| 0WithdrawalSyndrom|belly drum azu
|c| 0WithdrawalSyndrom|RIP
|inactive|Stads has 120 seconds left.
|
|t:|1663699716
|start
|switch|p1a: Azumarill|Azumarill, M|100/100
|switch|p2a: Tornadus|Tornadus-Therian, M|100/100
|turn|1
|j| WeirdHamster
|
|t:|1663699731
|switch|p1a: Zapdos|Zapdos|100/100
|move|p2a: Tornadus|Hurricane|p1a: Zapdos
|-resisted|p1a: Zapdos
|-damage|p1a: Zapdos|74/100
|
|upkeep
|turn|2
|
|t:|1663699747
|switch|p2a: Hippowdon|Hippowdon, M|100/100
|-weather|Sandstorm|[from] ability: Sand Stream|[of] p2a: Hippowdon
|move|p1a: Zapdos|Discharge|p2a: Hippowdon
|-immune|p2a: Hippowdon
|
|-weather|Sandstorm|[upkeep]
|-damage|p1a: Zapdos|68/100|[from] Sandstorm
|upkeep
|turn|3
|inactive|hypervortexreturns has 120 seconds left.
|
|t:|1663699785
|switch|p1a: Tangrowth|Tangrowth, M|100/100
|move|p2a: Hippowdon|Toxic|p1a: Tangrowth
|-status|p1a: Tangrowth|tox
|
|-weather|Sandstorm|[upkeep]
|-damage|p1a: Tangrowth|94/100 tox|[from] Sandstorm
|-damage|p1a: Tangrowth|88/100 tox|[from] psn
|upkeep
|turn|4
|l| 0WithdrawalSyndrom
|j| 0SiegeWarfare
|
|t:|1663699800
|switch|p2a: Toxapex|Toxapex, M|100/100
|move|p1a: Tangrowth|Sleep Powder|p2a: Toxapex
|-status|p2a: Toxapex|slp|[from] move: Sleep Powder
|
|-weather|Sandstorm|[upkeep]
|-damage|p1a: Tangrowth|82/100 tox|[from] Sandstorm
|-damage|p2a: Toxapex|94/100 slp|[from] Sandstorm
|-damage|p1a: Tangrowth|70/100 tox|[from] psn
|upkeep
|turn|5
|l| 0SiegeWarfare
|
|t:|1663699827
|switch|p1a: Azumarill|Azumarill, M|100/100
|cant|p2a: Toxapex|slp
|
|-weather|Sandstorm|[upkeep]
|-damage|p1a: Azumarill|94/100|[from] Sandstorm
|-damage|p2a: Toxapex|88/100 slp|[from] Sandstorm
|upkeep
|turn|6
|inactive|hypervortexreturns has 90 seconds left.
|
|t:|1663699844
|switch|p2a: Kartana|Kartana|100/100
|move|p1a: Azumarill|Belly Drum|p1a: Azumarill
|-damage|p1a: Azumarill|44/100
|-setboost|p1a: Azumarill|atk|6|[from] move: Belly Drum
|-enditem|p1a: Azumarill|Sitrus Berry|[eat]
|-heal|p1a: Azumarill|69/100|[from] item: Sitrus Berry
|
|-weather|none
|upkeep
|turn|7
|inactive|hypervortexreturns has 90 seconds left.
|
|t:|1663699874
|switch|p1a: Tangrowth|Tangrowth, M|100/100 tox
|move|p2a: Kartana|Leaf Blade|p1a: Tangrowth
|-resisted|p1a: Tangrowth
|-damage|p1a: Tangrowth|85/100 tox
|-damage|p2a: Kartana|84/100|[from] item: Rocky Helmet|[of] p1a: Tangrowth
|
|-damage|p1a: Tangrowth|79/100 tox|[from] psn
|upkeep
|turn|8
|inactive|Stads has 120 seconds left.
|
|t:|1663699906
|switch|p2a: Toxapex|Toxapex, M|100/100 slp
|switch|p1a: Excadrill|Excadrill, F|100/100
|-ability|p1a: Excadrill|Mold Breaker
|
|upkeep
|turn|9
|
|t:|1663699915
|switch|p2a: Corviknight|Corviknight, F|100/100
|-ability|p2a: Corviknight|Pressure
|move|p1a: Excadrill|Stealth Rock|p2a: Corviknight
|-sidestart|p2: Stads|move: Stealth Rock
|
|upkeep
|turn|10
|
|t:|1663699923
|switch|p1a: Zapdos|Zapdos|68/100
|move|p2a: Corviknight|Defog|p1a: Zapdos
|-unboost|p1a: Zapdos|evasion|1
|-sideend|p2: Stads|Stealth Rock|[from] move: Defog|[of] p2a: Corviknight
|
|upkeep
|turn|11
|
|t:|1663699932
|switch|p2a: Hippowdon|Hippowdon, M|100/100
|-weather|Sandstorm|[from] ability: Sand Stream|[of] p2a: Hippowdon
|move|p1a: Zapdos|Discharge|p2a: Hippowdon
|-immune|p2a: Hippowdon
|
|-weather|Sandstorm|[upkeep]
|-damage|p1a: Zapdos|62/100|[from] Sandstorm
|upkeep
|turn|12
|inactive|hypervortexreturns has 90 seconds left.
|
|t:|1663699947
|switch|p1a: Tangrowth|Tangrowth, M|100/100 tox
|move|p2a: Hippowdon|Toxic|p1a: Tangrowth
|-fail|p1a: Tangrowth|tox
|
|-weather|Sandstorm|[upkeep]
|-damage|p1a: Tangrowth|94/100 tox|[from] Sandstorm
|-damage|p1a: Tangrowth|88/100 tox|[from] psn
|upkeep
|turn|13
|
|t:|1663699957
|move|p2a: Hippowdon|Stealth Rock|p1a: Tangrowth
|-sidestart|p1: hypervortexreturns|move: Stealth Rock
|move|p1a: Tangrowth|Knock Off|p2a: Hippowdon
|-damage|p2a: Hippowdon|85/100
|-enditem|p2a: Hippowdon|Leftovers|[from] move: Knock Off|[of] p1a: Tangrowth
|
|-weather|Sandstorm|[upkeep]
|-damage|p1a: Tangrowth|82/100 tox|[from] Sandstorm
|-damage|p1a: Tangrowth|70/100 tox|[from] psn
|upkeep
|turn|14
|j| amxox
|
|t:|1663699972
|switch|p2a: Tornadus|Tornadus-Therian, M|100/100
|move|p1a: Tangrowth|Knock Off|p2a: Tornadus
|-damage|p2a: Tornadus|71/100
|-enditem|p2a: Tornadus|Assault Vest|[from] move: Knock Off|[of] p1a: Tangrowth
|
|-weather|Sandstorm|[upkeep]
|-damage|p2a: Tornadus|65/100|[from] Sandstorm
|-damage|p1a: Tangrowth|63/100 tox|[from] Sandstorm
|-damage|p1a: Tangrowth|45/100 tox|[from] psn
|upkeep
|turn|15
|
|t:|1663699985
|switch|p1a: Zapdos|Zapdos|62/100
|move|p2a: Tornadus|Knock Off|p1a: Zapdos
|-damage|p1a: Zapdos|43/100
|-enditem|p1a: Zapdos|Heavy-Duty Boots|[from] move: Knock Off|[of] p2a: Tornadus
|
|-weather|none
|upkeep
|turn|16
|
|t:|1663699995
|switch|p2a: Heatran|Heatran, F|100/100
|move|p1a: Zapdos|Roost|p1a: Zapdos
|-heal|p1a: Zapdos|93/100
|-singleturn|p1a: Zapdos|move: Roost
|
|upkeep
|turn|17
|inactive|hypervortexreturns has 90 seconds left.
|
|t:|1663700010
|move|p1a: Zapdos|Discharge|p2a: Heatran
|-damage|p2a: Heatran|80/100
|-status|p2a: Heatran|par
|move|p2a: Heatran|Toxic|p1a: Zapdos|[miss]
|-miss|p2a: Heatran|p1a: Zapdos
|
|-heal|p2a: Heatran|86/100 par|[from] item: Leftovers
|upkeep
|turn|18
|inactive|hypervortexreturns has 90 seconds left.
|c|☆Stads|Neat
|
|t:|1663700040
|switch|p1a: Azumarill|Azumarill, M|69/100
|-damage|p1a: Azumarill|57/100|[from] Stealth Rock
|move|p2a: Heatran|Magma Storm|p1a: Azumarill
|-resisted|p1a: Azumarill
|-damage|p1a: Azumarill|31/100
|-activate|p1a: Azumarill|move: Magma Storm|[of] p2a: Heatran
|
|-heal|p2a: Heatran|92/100 par|[from] item: Leftovers
|-damage|p1a: Azumarill|19/100|[from] move: Magma Storm|[partiallytrapped]
|upkeep
|turn|19
|
|t:|1663700052
|switch|p2a: Toxapex|Toxapex, M|100/100 slp
|move|p1a: Azumarill|Knock Off|p2a: Toxapex
|-damage|p2a: Toxapex|76/100 slp
|-enditem|p2a: Toxapex|Shed Shell|[from] move: Knock Off|[of] p1a: Azumarill
|
|-end|p1a: Azumarill|Magma Storm|[partiallytrapped]|[silent]
|upkeep
|turn|20
|
|t:|1663700064
|switch|p1a: Excadrill|Excadrill, F|100/100
|-damage|p1a: Excadrill|97/100|[from] Stealth Rock
|-ability|p1a: Excadrill|Mold Breaker
|-curestatus|p2a: Toxapex|slp|[msg]
|move|p2a: Toxapex|Scald|p1a: Excadrill
|-supereffective|p1a: Excadrill
|-damage|p1a: Excadrill|49/100
|
|-heal|p1a: Excadrill|55/100|[from] item: Leftovers
|upkeep
|turn|21
|
|t:|1663700079
|move|p1a: Excadrill|Stealth Rock|p2a: Toxapex
|-sidestart|p2: Stads|move: Stealth Rock
|move|p2a: Toxapex|Knock Off|p1a: Excadrill
|-damage|p1a: Excadrill|34/100
|-enditem|p1a: Excadrill|Leftovers|[from] move: Knock Off|[of] p2a: Toxapex
|
|upkeep
|turn|22
|inactive|hypervortexreturns has 60 seconds left.
|
|t:|1663700100
|switch|p1a: Hydreigon|Hydreigon, F|100/100
|-damage|p1a: Hydreigon|88/100|[from] Stealth Rock
|switch|p2a: Corviknight|Corviknight, F|100/100
|-damage|p2a: Corviknight|88/100|[from] Stealth Rock
|-ability|p2a: Corviknight|Pressure
|
|-heal|p1a: Hydreigon|94/100|[from] item: Leftovers
|-heal|p2a: Corviknight|94/100|[from] item: Leftovers
|upkeep
|turn|23
|inactive|hypervortexreturns has 60 seconds left.
|
|t:|1663700114
|move|p1a: Hydreigon|Nasty Plot|p1a: Hydreigon
|-boost|p1a: Hydreigon|spa|2
|move|p2a: Corviknight|Body Press|p1a: Hydreigon
|-supereffective|p1a: Hydreigon
|-damage|p1a: Hydreigon|46/100
|
|-heal|p1a: Hydreigon|53/100|[from] item: Leftovers
|-heal|p2a: Corviknight|100/100|[from] item: Leftovers
|upkeep
|turn|24
|inactive|hypervortexreturns has 60 seconds left.
|
|t:|1663700130
|move|p1a: Hydreigon|Dark Pulse|p2a: Corviknight
|-damage|p2a: Corviknight|37/100
|move|p2a: Corviknight|U-turn|p1a: Hydreigon
|-supereffective|p1a: Hydreigon
|-damage|p1a: Hydreigon|26/100
|l| amxox
|
|t:|1663700134
|switch|p2a: Tornadus|Tornadus-Therian, M|98/100|[from]move: U-turn
|-damage|p2a: Tornadus|73/100|[from] Stealth Rock
|
|-heal|p1a: Hydreigon|32/100|[from] item: Leftovers
|upkeep
|turn|25
|
|t:|1663700143
|switch|p1a: Zapdos|Zapdos|93/100
|-damage|p1a: Zapdos|68/100|[from] Stealth Rock
|move|p2a: Tornadus|Hurricane|p1a: Zapdos
|-resisted|p1a: Zapdos
|-damage|p1a: Zapdos|42/100
|
|upkeep
|turn|26
|
|t:|1663700155
|switch|p2a: Hippowdon|Hippowdon, M|85/100
|-damage|p2a: Hippowdon|79/100|[from] Stealth Rock
|-weather|Sandstorm|[from] ability: Sand Stream|[of] p2a: Hippowdon
|move|p1a: Zapdos|Roost|p1a: Zapdos
|-heal|p1a: Zapdos|92/100
|-singleturn|p1a: Zapdos|move: Roost
|
|-weather|Sandstorm|[upkeep]
|-damage|p1a: Zapdos|86/100|[from] Sandstorm
|upkeep
|turn|27
|inactive|hypervortexreturns has 60 seconds left.
|
|t:|1663700179
|switch|p1a: Tangrowth|Tangrowth, M|78/100 tox
|-damage|p1a: Tangrowth|66/100 tox|[from] Stealth Rock
|move|p2a: Hippowdon|Toxic|p1a: Tangrowth
|-fail|p1a: Tangrowth|tox
|
|-weather|Sandstorm|[upkeep]
|-damage|p1a: Tangrowth|59/100 tox|[from] Sandstorm
|-damage|p1a: Tangrowth|53/100 tox|[from] psn
|upkeep
|turn|28
|inactive|hypervortexreturns has 60 seconds left.
|
|t:|1663700190
|move|p2a: Hippowdon|Earthquake|p1a: Tangrowth
|-resisted|p1a: Tangrowth
|-damage|p1a: Tangrowth|43/100 tox
|move|p1a: Tangrowth|Sleep Powder|p2a: Hippowdon
|-status|p2a: Hippowdon|slp|[from] move: Sleep Powder
|
|-weather|Sandstorm|[upkeep]
|-damage|p1a: Tangrowth|37/100 tox|[from] Sandstorm
|-damage|p1a: Tangrowth|24/100 tox|[from] psn
|upkeep
|turn|29
|inactive|hypervortexreturns has 60 seconds left.
|
|t:|1663700211
|switch|p1a: Corviknight|Corviknight, M|100/100
|-damage|p1a: Corviknight|88/100|[from] Stealth Rock
|-ability|p1a: Corviknight|Pressure
|cant|p2a: Hippowdon|slp
|
|-weather|Sandstorm|[upkeep]
|-heal|p1a: Corviknight|94/100|[from] item: Leftovers
|upkeep
|turn|30
|
|t:|1663700222
|switch|p2a: Toxapex|Toxapex, M|100/100
|-damage|p2a: Toxapex|88/100|[from] Stealth Rock
|move|p1a: Corviknight|Brave Bird|p2a: Toxapex
|-damage|p2a: Toxapex|64/100
|-damage|p1a: Corviknight|88/100|[from] Recoil
|
|-weather|none
|-heal|p1a: Corviknight|94/100|[from] item: Leftovers
|upkeep
|turn|31
|j| Tavo mtz
|
|t:|1663700235
|switch|p1a: Hydreigon|Hydreigon, F|32/100
|-damage|p1a: Hydreigon|20/100|[from] Stealth Rock
|move|p2a: Toxapex|Knock Off|p1a: Hydreigon
|-resisted|p1a: Hydreigon
|-damage|p1a: Hydreigon|14/100
|-enditem|p1a: Hydreigon|Leftovers|[from] move: Knock Off|[of] p2a: Toxapex
|
|upkeep
|turn|32
|j| born with aids
|
|t:|1663700245
|switch|p2a: Heatran|Heatran, F|92/100 par
|-damage|p2a: Heatran|80/100 par|[from] Stealth Rock
|move|p1a: Hydreigon|Roost|p1a: Hydreigon
|-heal|p1a: Hydreigon|64/100
|-singleturn|p1a: Hydreigon|move: Roost
|
|-heal|p2a: Heatran|86/100 par|[from] item: Leftovers
|upkeep
|turn|33
|j| Wehrak_03
|
|t:|1663700262
|move|p1a: Hydreigon|Earth Power|p2a: Heatran
|-supereffective|p2a: Heatran
|-damage|p2a: Heatran|26/100 par
|move|p2a: Heatran|Toxic|p1a: Hydreigon
|-status|p1a: Hydreigon|tox
|
|-heal|p2a: Heatran|32/100 par|[from] item: Leftovers
|-damage|p1a: Hydreigon|58/100 tox|[from] psn
|upkeep
|turn|34
|l| Wehrak_03
|
|t:|1663700284
|move|p1a: Hydreigon|Nasty Plot|p1a: Hydreigon
|-boost|p1a: Hydreigon|spa|2
|cant|p2a: Heatran|par
|
|-heal|p2a: Heatran|39/100 par|[from] item: Leftovers
|-damage|p1a: Hydreigon|45/100 tox|[from] psn
|upkeep
|turn|35
|
|t:|1663700298
|move|p2a: Heatran|Protect|p2a: Heatran
|-singleturn|p2a: Heatran|Protect
|move|p1a: Hydreigon|Dark Pulse|p2a: Heatran
|-activate|p2a: Heatran|move: Protect
|
|-heal|p2a: Heatran|45/100 par|[from] item: Leftovers
|-damage|p1a: Hydreigon|26/100 tox|[from] psn
|upkeep
|turn|36
|
|t:|1663700311
|switch|p2a: Tornadus|Tornadus-Therian, M|100/100
|-damage|p2a: Tornadus|75/100|[from] Stealth Rock
|move|p1a: Hydreigon|Roost|p1a: Hydreigon
|-heal|p1a: Hydreigon|76/100 tox
|-singleturn|p1a: Hydreigon|move: Roost
|
|-damage|p1a: Hydreigon|51/100 tox|[from] psn
|upkeep
|turn|37
|j| ayayalaptop
|
|t:|1663700320
|move|p2a: Tornadus|Hurricane|p1a: Hydreigon
|-damage|p1a: Hydreigon|0 fnt
|faint|p1a: Hydreigon
|
|upkeep
|j| Minihercules
|
|t:|1663700326
|switch|p1a: Zapdos|Zapdos|86/100
|-damage|p1a: Zapdos|61/100|[from] Stealth Rock
|turn|38
|j| libaolin
|l| born with aids
|
|t:|1663700346
|switch|p2a: Hippowdon|Hippowdon, M|79/100 slp
|-damage|p2a: Hippowdon|73/100 slp|[from] Stealth Rock
|-weather|Sandstorm|[from] ability: Sand Stream|[of] p2a: Hippowdon
|move|p1a: Zapdos|Roost|p1a: Zapdos
|-heal|p1a: Zapdos|100/100
|-singleturn|p1a: Zapdos|move: Roost
|
|-weather|Sandstorm|[upkeep]
|-damage|p1a: Zapdos|94/100|[from] Sandstorm
|upkeep
|turn|39
|
|t:|1663700358
|move|p1a: Zapdos|Hurricane|p2a: Hippowdon
|-damage|p2a: Hippowdon|38/100 slp
|cant|p2a: Hippowdon|slp
|
|-weather|Sandstorm|[upkeep]
|-damage|p1a: Zapdos|88/100|[from] Sandstorm
|upkeep
|turn|40
|l| libaolin
|
|t:|1663700368
|move|p1a: Zapdos|Hurricane|p2a: Hippowdon
|-damage|p2a: Hippowdon|2/100 slp
|cant|p2a: Hippowdon|slp
|
|-weather|Sandstorm|[upkeep]
|-damage|p1a: Zapdos|82/100|[from] Sandstorm
|upkeep
|turn|41
|
|t:|1663700379
|switch|p2a: Tornadus|Tornadus-Therian, M|100/100
|-damage|p2a: Tornadus|75/100|[from] Stealth Rock
|move|p1a: Zapdos|Hurricane|p2a: Tornadus
|-damage|p2a: Tornadus|20/100
|
|-weather|Sandstorm|[upkeep]
|-damage|p2a: Tornadus|14/100|[from] Sandstorm
|-damage|p1a: Zapdos|75/100|[from] Sandstorm
|upkeep
|turn|42
|
|t:|1663700395
|move|p2a: Tornadus|Heat Wave|p1a: Zapdos
|-crit|p1a: Zapdos
|-damage|p1a: Zapdos|31/100
|move|p1a: Zapdos|Discharge|p2a: Tornadus
|-supereffective|p2a: Tornadus
|-damage|p2a: Tornadus|0 fnt
|faint|p2a: Tornadus
|
|-weather|none
|upkeep
|j| BolsoMiteiro
|
|t:|1663700402
|switch|p2a: Heatran|Heatran, F|45/100 par
|-damage|p2a: Heatran|32/100 par|[from] Stealth Rock
|turn|43
|
|t:|1663700412
|move|p1a: Zapdos|Discharge|p2a: Heatran
|-damage|p2a: Heatran|12/100 par
|move|p2a: Heatran|Toxic|p1a: Zapdos
|-status|p1a: Zapdos|tox
|
|-heal|p2a: Heatran|18/100 par|[from] item: Leftovers
|-damage|p1a: Zapdos|24/100 tox|[from] psn
|upkeep
|turn|44
|j| coeur de le ciel
|
|t:|1663700424
|move|p1a: Zapdos|Discharge|p2a: Heatran
|-damage|p2a: Heatran|0 fnt
|faint|p2a: Heatran
|
|-damage|p1a: Zapdos|12/100 tox|[from] psn
|upkeep
|
|t:|1663700428
|switch|p2a: Kartana|Kartana|84/100
|-damage|p2a: Kartana|78/100|[from] Stealth Rock
|turn|45
|
|t:|1663700446
|switch|p1a: Tangrowth|Tangrowth, M|57/100 tox
|-damage|p1a: Tangrowth|45/100 tox|[from] Stealth Rock
|move|p2a: Kartana|Knock Off|p1a: Tangrowth
|-damage|p1a: Tangrowth|23/100 tox
|-damage|p2a: Kartana|61/100|[from] item: Rocky Helmet|[of] p1a: Tangrowth
|-enditem|p1a: Tangrowth|Rocky Helmet|[from] move: Knock Off|[of] p2a: Kartana
|
|-damage|p1a: Tangrowth|17/100 tox|[from] psn
|upkeep
|turn|46
|
|t:|1663700465
|switch|p2a: Corviknight|Corviknight, F|37/100
|-damage|p2a: Corviknight|24/100|[from] Stealth Rock
|-ability|p2a: Corviknight|Pressure
|switch|p1a: Zapdos|Zapdos|12/100 tox
|-damage|p1a: Zapdos|0 fnt|[from] Stealth Rock
|faint|p1a: Zapdos
|
|-heal|p2a: Corviknight|30/100|[from] item: Leftovers
|upkeep
|inactive|hypervortexreturns has 30 seconds left.
|
|t:|1663700481
|switch|p1a: Corviknight|Corviknight, M|94/100
|-damage|p1a: Corviknight|82/100|[from] Stealth Rock
|-ability|p1a: Corviknight|Pressure
|turn|47
|inactive|hypervortexreturns has 30 seconds left.
|
|t:|1663700498
|switch|p2a: Toxapex|Toxapex, M|98/100
|-damage|p2a: Toxapex|85/100|[from] Stealth Rock
|move|p1a: Corviknight|Bulk Up|p1a: Corviknight
|-boost|p1a: Corviknight|atk|1
|-boost|p1a: Corviknight|def|1
|
|-heal|p1a: Corviknight|88/100|[from] item: Leftovers
|upkeep
|turn|48
|inactive|hypervortexreturns has 30 seconds left.
|j| KappaHalo
|inactive|hypervortexreturns has 20 seconds left.
|inactive|hypervortexreturns has 15 seconds left.
|inactive|hypervortexreturns has 10 seconds left.
|
|t:|1663700525
|move|p1a: Corviknight|Brave Bird|p2a: Toxapex
|-damage|p2a: Toxapex|52/100
|-damage|p1a: Corviknight|80/100|[from] Recoil
|move|p2a: Toxapex|Scald|p1a: Corviknight
|-damage|p1a: Corviknight|69/100
|-status|p1a: Corviknight|brn
|
|-heal|p1a: Corviknight|75/100 brn|[from] item: Leftovers
|-damage|p1a: Corviknight|69/100 brn|[from] brn
|upkeep
|turn|49
|inactive|hypervortexreturns has 20 seconds left this turn.
|inactive|hypervortexreturns has 15 seconds left.
|inactive|hypervortexreturns has 10 seconds left.
|
|t:|1663700537
|move|p1a: Corviknight|Bulk Up|p1a: Corviknight
|-boost|p1a: Corviknight|atk|1
|-boost|p1a: Corviknight|def|1
|move|p2a: Toxapex|Recover|p2a: Toxapex
|-heal|p2a: Toxapex|100/100
|
|-heal|p1a: Corviknight|75/100 brn|[from] item: Leftovers
|-damage|p1a: Corviknight|69/100 brn|[from] brn
|upkeep
|turn|50
|inactive|hypervortexreturns has 20 seconds left this turn.
|inactive|hypervortexreturns has 15 seconds left.
|inactive|hypervortexreturns has 10 seconds left.
|
|t:|1663700548
|move|p1a: Corviknight|Bulk Up|p1a: Corviknight
|-boost|p1a: Corviknight|atk|1
|-boost|p1a: Corviknight|def|1
|move|p2a: Toxapex|Knock Off|p1a: Corviknight
|-damage|p1a: Corviknight|64/100 brn
|-enditem|p1a: Corviknight|Leftovers|[from] move: Knock Off|[of] p2a: Toxapex
|
|-damage|p1a: Corviknight|58/100 brn|[from] brn
|upkeep
|turn|51
|inactive|hypervortexreturns has 20 seconds left this turn.
|inactive|hypervortexreturns has 15 seconds left.
|inactive|hypervortexreturns has 10 seconds left.
|
|t:|1663700559
|move|p1a: Corviknight|Roost|p1a: Corviknight
|-heal|p1a: Corviknight|100/100 brn
|-singleturn|p1a: Corviknight|move: Roost
|move|p2a: Toxapex|Haze|p2a: Toxapex
|-clearallboost
|
|-damage|p1a: Corviknight|94/100 brn|[from] brn
|upkeep
|turn|52
|inactive|hypervortexreturns has 20 seconds left this turn.
|inactive|hypervortexreturns has 15 seconds left.
|
|t:|1663700569
|switch|p2a: Corviknight|Corviknight, F|30/100
|-damage|p2a: Corviknight|18/100|[from] Stealth Rock
|-ability|p2a: Corviknight|Pressure
|move|p1a: Corviknight|Bulk Up|p1a: Corviknight
|-boost|p1a: Corviknight|atk|1
|-boost|p1a: Corviknight|def|1
|
|-heal|p2a: Corviknight|24/100|[from] item: Leftovers
|-damage|p1a: Corviknight|88/100 brn|[from] brn
|upkeep
|turn|53
|inactive|hypervortexreturns has 25 seconds left this turn.
|inactive|hypervortexreturns has 20 seconds left.
|inactive|hypervortexreturns has 15 seconds left.
|
|t:|1663700581
|move|p1a: Corviknight|Taunt|p2a: Corviknight
|-start|p2a: Corviknight|move: Taunt
|cant|p2a: Corviknight|move: Taunt|Defog
|
|-heal|p2a: Corviknight|30/100|[from] item: Leftovers
|-damage|p1a: Corviknight|82/100 brn|[from] brn
|upkeep
|turn|54
|inactive|hypervortexreturns has 25 seconds left this turn.
|inactive|hypervortexreturns has 20 seconds left.
|
|t:|1663700589
|move|p1a: Corviknight|Bulk Up|p1a: Corviknight
|-boost|p1a: Corviknight|atk|1
|-boost|p1a: Corviknight|def|1
|move|p2a: Corviknight|Body Press|p1a: Corviknight
|-damage|p1a: Corviknight|72/100 brn
|
|-heal|p2a: Corviknight|37/100|[from] item: Leftovers
|-damage|p1a: Corviknight|65/100 brn|[from] brn
|upkeep
|turn|55
|inactive|hypervortexreturns has 30 seconds left this turn.
|inactive|hypervortexreturns has 20 seconds left.
|
|t:|1663700600
|move|p1a: Corviknight|Bulk Up|p1a: Corviknight
|-boost|p1a: Corviknight|atk|1
|-boost|p1a: Corviknight|def|1
|move|p2a: Corviknight|Body Press|p1a: Corviknight
|-damage|p1a: Corviknight|57/100 brn
|
|-heal|p2a: Corviknight|43/100|[from] item: Leftovers
|-damage|p1a: Corviknight|51/100 brn|[from] brn
|-end|p2a: Corviknight|move: Taunt
|upkeep
|turn|56
|inactive|hypervortexreturns has 30 seconds left this turn.
|j| Soucou
|inactive|hypervortexreturns has 20 seconds left.
|
|t:|1663700611
|move|p1a: Corviknight|Taunt|p2a: Corviknight
|-start|p2a: Corviknight|move: Taunt
|cant|p2a: Corviknight|move: Taunt|Defog
|
|-heal|p2a: Corviknight|49/100|[from] item: Leftovers
|-damage|p1a: Corviknight|45/100 brn|[from] brn
|upkeep
|turn|57
|inactive|hypervortexreturns has 30 seconds left this turn.
|
|t:|1663700620
|move|p1a: Corviknight|Roost|p1a: Corviknight
|-heal|p1a: Corviknight|95/100 brn
|-singleturn|p1a: Corviknight|move: Roost
|move|p2a: Corviknight|Body Press|p1a: Corviknight
|-supereffective|p1a: Corviknight
|-damage|p1a: Corviknight|79/100 brn
|
|-heal|p2a: Corviknight|56/100|[from] item: Leftovers
|-damage|p1a: Corviknight|73/100 brn|[from] brn
|upkeep
|turn|58
|inactive|hypervortexreturns has 30 seconds left.
|l| coeur de le ciel
|
|t:|1663700632
|move|p1a: Corviknight|Bulk Up|p1a: Corviknight
|-boost|p1a: Corviknight|atk|1
|-boost|p1a: Corviknight|def|1
|move|p2a: Corviknight|Body Press|p1a: Corviknight
|-damage|p1a: Corviknight|66/100 brn
|
|-heal|p2a: Corviknight|62/100|[from] item: Leftovers
|-damage|p1a: Corviknight|60/100 brn|[from] brn
|-end|p2a: Corviknight|move: Taunt
|upkeep
|turn|59
|inactive|hypervortexreturns has 30 seconds left.
|
|t:|1663700643
|move|p1a: Corviknight|Taunt|p2a: Corviknight
|-start|p2a: Corviknight|move: Taunt
|cant|p2a: Corviknight|move: Taunt|Defog
|
|-heal|p2a: Corviknight|68/100|[from] item: Leftovers
|-damage|p1a: Corviknight|54/100 brn|[from] brn
|upkeep
|turn|60
|inactive|hypervortexreturns has 30 seconds left.
|
|t:|1663700653
|move|p1a: Corviknight|Bulk Up|p1a: Corviknight
|-boost|p1a: Corviknight|atk|1
|-boost|p1a: Corviknight|def|1
|move|p2a: Corviknight|Body Press|p1a: Corviknight
|-damage|p1a: Corviknight|48/100 brn
|
|-heal|p2a: Corviknight|74/100|[from] item: Leftovers
|-damage|p1a: Corviknight|41/100 brn|[from] brn
|upkeep
|turn|61
|inactive|hypervortexreturns has 30 seconds left.
|
|t:|1663700664
|move|p1a: Corviknight|Roost|p1a: Corviknight
|-heal|p1a: Corviknight|91/100 brn
|-singleturn|p1a: Corviknight|move: Roost
|move|p2a: Corviknight|Body Press|p1a: Corviknight
|-supereffective|p1a: Corviknight
|-damage|p1a: Corviknight|79/100 brn
|
|-heal|p2a: Corviknight|80/100|[from] item: Leftovers
|-damage|p1a: Corviknight|73/100 brn|[from] brn
|-end|p2a: Corviknight|move: Taunt
|upkeep
|turn|62
|inactive|hypervortexreturns has 30 seconds left.
|
|t:|1663700676
|switch|p2a: Kartana|Kartana|61/100
|-damage|p2a: Kartana|55/100|[from] Stealth Rock
|move|p1a: Corviknight|Taunt|p2a: Kartana
|-start|p2a: Kartana|move: Taunt
|
|-damage|p1a: Corviknight|67/100 brn|[from] brn
|upkeep
|turn|63
|inactive|hypervortexreturns has 30 seconds left.
|
|t:|1663700686
|move|p2a: Kartana|Sacred Sword|p1a: Corviknight
|-damage|p1a: Corviknight|33/100 brn
|move|p1a: Corviknight|Brave Bird|p2a: Kartana
|-damage|p2a: Kartana|0 fnt
|faint|p2a: Kartana
|-damage|p1a: Corviknight|21/100 brn|[from] Recoil
|
|-damage|p1a: Corviknight|15/100 brn|[from] brn
|upkeep
|
|t:|1663700691
|switch|p2a: Toxapex|Toxapex, M|100/100
|-damage|p2a: Toxapex|88/100|[from] Stealth Rock
|turn|64
|inactive|hypervortexreturns has 30 seconds left.
|
|t:|1663700706
|move|p1a: Corviknight|Taunt|p2a: Toxapex
|-start|p2a: Toxapex|move: Taunt
|cant|p2a: Toxapex|move: Taunt|Haze
|
|-damage|p1a: Corviknight|9/100 brn|[from] brn
|upkeep
|turn|65
|
|t:|1663700713
|move|p1a: Corviknight|Roost|p1a: Corviknight
|-heal|p1a: Corviknight|59/100 brn
|-singleturn|p1a: Corviknight|move: Roost
|move|p2a: Toxapex|Scald|p1a: Corviknight
|-crit|p1a: Corviknight
|-damage|p1a: Corviknight|41/100 brn
|
|-damage|p1a: Corviknight|35/100 brn|[from] brn
|upkeep
|turn|66
|
|t:|1663700724
|move|p1a: Corviknight|Roost|p1a: Corviknight
|-heal|p1a: Corviknight|85/100 brn
|-singleturn|p1a: Corviknight|move: Roost
|move|p2a: Toxapex|Knock Off|p1a: Corviknight
|-damage|p1a: Corviknight|83/100 brn
|
|-damage|p1a: Corviknight|77/100 brn|[from] brn
|-end|p2a: Toxapex|move: Taunt
|upkeep
|turn|67
|
|t:|1663700734
|move|p1a: Corviknight|Taunt|p2a: Toxapex
|-start|p2a: Toxapex|move: Taunt
|cant|p2a: Toxapex|move: Taunt|Haze
|
|-damage|p1a: Corviknight|70/100 brn|[from] brn
|upkeep
|turn|68
|
|t:|1663700743
|move|p1a: Corviknight|Bulk Up|p1a: Corviknight
|-boost|p1a: Corviknight|atk|1
|-boost|p1a: Corviknight|def|1
|move|p2a: Toxapex|Knock Off|p1a: Corviknight
|-damage|p1a: Corviknight|68/100 brn
|
|-damage|p1a: Corviknight|62/100 brn|[from] brn
|upkeep
|turn|69
|
|t:|1663700753
|move|p1a: Corviknight|Brave Bird|p2a: Toxapex
|-damage|p2a: Toxapex|42/100
|-damage|p1a: Corviknight|50/100 brn|[from] Recoil
|move|p2a: Toxapex|Scald|p1a: Corviknight
|-damage|p1a: Corviknight|38/100 brn
|
|-damage|p1a: Corviknight|32/100 brn|[from] brn
|-end|p2a: Toxapex|move: Taunt
|upkeep
|turn|70
|j| Hastein
|
|t:|1663700765
|switch|p2a: Corviknight|Corviknight, F|80/100
|-damage|p2a: Corviknight|68/100|[from] Stealth Rock
|-ability|p2a: Corviknight|Pressure
|move|p1a: Corviknight|Taunt|p2a: Corviknight
|-start|p2a: Corviknight|move: Taunt
|
|-heal|p2a: Corviknight|74/100|[from] item: Leftovers
|-damage|p1a: Corviknight|26/100 brn|[from] brn
|upkeep
|turn|71
|
|t:|1663700778
|switch|p2a: Toxapex|Toxapex, M|75/100
|-damage|p2a: Toxapex|62/100|[from] Stealth Rock
|move|p1a: Corviknight|Roost|p1a: Corviknight
|-heal|p1a: Corviknight|76/100 brn
|-singleturn|p1a: Corviknight|move: Roost
|
|-damage|p1a: Corviknight|69/100 brn|[from] brn
|upkeep
|turn|72
|
|t:|1663700788
|move|p1a: Corviknight|Taunt|p2a: Toxapex
|-start|p2a: Toxapex|move: Taunt
|cant|p2a: Toxapex|move: Taunt|Haze
|
|-damage|p1a: Corviknight|63/100 brn|[from] brn
|upkeep
|turn|73
|
|t:|1663700796
|switch|p2a: Hippowdon|Hippowdon, M|2/100 slp
|-damage|p2a: Hippowdon|0 fnt|[from] Stealth Rock
|faint|p2a: Hippowdon
|move|p1a: Corviknight|Brave Bird|p2: Hippowdon|[notarget]
|-fail|p1a: Corviknight
|
|-damage|p1a: Corviknight|57/100 brn|[from] brn
|upkeep
|
|t:|1663700798
|switch|p2a: Corviknight|Corviknight, F|74/100
|-damage|p2a: Corviknight|62/100|[from] Stealth Rock
|-ability|p2a: Corviknight|Pressure
|turn|74
|inactive|hypervortexreturns has 60 seconds left.
|
|t:|1663700810
|move|p1a: Corviknight|Taunt|p2a: Corviknight
|-start|p2a: Corviknight|move: Taunt
|cant|p2a: Corviknight|move: Taunt|Roost
|
|-heal|p2a: Corviknight|68/100|[from] item: Leftovers
|-damage|p1a: Corviknight|51/100 brn|[from] brn
|upkeep
|turn|75
|inactive|hypervortexreturns has 60 seconds left.
|
|t:|1663700819
|move|p1a: Corviknight|Roost|p1a: Corviknight
|-heal|p1a: Corviknight|100/100 brn
|-singleturn|p1a: Corviknight|move: Roost
|move|p2a: Corviknight|U-turn|p1a: Corviknight
|-resisted|p1a: Corviknight
|-damage|p1a: Corviknight|99/100 brn
|j| Jongruenwald
|
|t:|1663700821
|switch|p2a: Toxapex|Toxapex, M|96/100|[from]move: U-turn
|-damage|p2a: Toxapex|83/100|[from] Stealth Rock
|
|-damage|p1a: Corviknight|93/100 brn|[from] brn
|upkeep
|turn|76
|j| Blinkgosu
|
|t:|1663700832
|move|p1a: Corviknight|Taunt|p2a: Toxapex
|-start|p2a: Toxapex|move: Taunt
|cant|p2a: Toxapex|move: Taunt|Haze
|
|-damage|p1a: Corviknight|86/100 brn|[from] brn
|upkeep
|turn|77
|
|t:|1663700840
|move|p1a: Corviknight|Brave Bird|p2a: Toxapex
|-damage|p2a: Toxapex|37/100
|-damage|p1a: Corviknight|75/100 brn|[from] Recoil
|move|p2a: Toxapex|Scald|p1a: Corviknight
|-damage|p1a: Corviknight|62/100 brn
|
|-damage|p1a: Corviknight|56/100 brn|[from] brn
|upkeep
|turn|78
|-message|Stads forfeited.
|
|win|hypervortexreturns
|raw|hypervortexreturns's rating: 1890 &rarr; <strong>1904</strong><br />(+14 for winning)
|raw|Stads's rating: 1791 &rarr; <strong>1777</strong><br />(-14 for losing)
|l|☆Stads
|l| Jongruenwald
|l| Tavo mtz
|l| Soucou
||Ladder isn't responding, score probably updated but might not have (Request timeout).
|l| BolsoMiteiro
|c| Minihercules|Nice
|c| Minihercules|If the predict for scald was there it’d be a different game
