|j|☆Elite4Donovan
|j|☆AerialsAce
|t:|1664753127
|gametype|singles
|player|p1|Elite4Donovan|lucas|1545
|player|p2|AerialsAce|clay|1549
|teamsize|p1|6
|teamsize|p2|6
|gen|8
|tier|[Gen 8] OU
|rated|
|rule|Sleep Clause Mod: Limit one foe put to sleep
|rule|Species Clause: Limit one of each Pokémon
|rule|OHKO Clause: OHKO moves are banned
|rule|Evasion Items Clause: Evasion items are banned
|rule|Evasion Moves Clause: Evasion moves are banned
|rule|Endless Battle Clause: Forcing endless battles is banned
|rule|HP Percentage Mod: HP is shown in percentages
|rule|Dynamax Clause: You cannot dynamax
|clearpoke
|poke|p1|Stonjourner, F|
|poke|p1|Heatran, F|
|poke|p1|Toxapex, F|
|poke|p1|Landorus-Therian, M|
|poke|p1|Dragapult, F|
|poke|p1|Bisharp, F|
|poke|p2|Tapu Koko|
|poke|p2|Zapdos|
|poke|p2|Regieleki|
|poke|p2|Weavile, M|
|poke|p2|Corviknight, M|
|poke|p2|Garchomp, M|
|teampreview
|c|☆AerialsAce|glhf
|c|☆Elite4Donovan|u2
|j| Gjisgaleic
|
|t:|1664753142
|start
|switch|p1a: Bisharp|Bisharp, F|100/100
|switch|p2a: Weavile|Weavile, M|100/100
|-ability|p2a: Weavile|Pressure
|turn|1
|l| Gjisgaleic
|
|t:|1664753152
|switch|p1a: Stonjourner|Stonjourner, F|100/100
|move|p2a: Weavile|Knock Off|p1a: Stonjourner
|-damage|p1a: Stonjourner|58/100
|-enditem|p1a: Stonjourner|Choice Scarf|[from] move: Knock Off|[of] p2a: Weavile
|
|upkeep
|turn|2
|j| Gjisgaleic
|
|t:|1664753158
|move|p2a: Weavile|Triple Axel|p1a: Stonjourner
|-crit|p1a: Stonjourner
|-damage|p1a: Stonjourner|45/100
|-damage|p1a: Stonjourner|30/100
|-damage|p1a: Stonjourner|4/100
|-hitcount|p1a: Stonjourner|3
|move|p1a: Stonjourner|Stone Edge|p2a: Weavile|[miss]
|-miss|p1a: Stonjourner|p2a: Weavile
|
|upkeep
|turn|3
|c|☆AerialsAce|my b
|c|☆Elite4Donovan|it's ok
|
|t:|1664753179
|move|p2a: Weavile|Knock Off|p1a: Stonjourner
|-damage|p1a: Stonjourner|0 fnt
|faint|p1a: Stonjourner
|
|upkeep
|
|t:|1664753181
|switch|p1a: Dragapult|Dragapult, F|100/100
|turn|4
|
|t:|1664753184
|move|p1a: Dragapult|Flamethrower|p2a: Weavile
|-supereffective|p2a: Weavile
|-enditem|p2a: Weavile|Focus Sash
|-damage|p2a: Weavile|1/100
|move|p2a: Weavile|Knock Off|p1a: Dragapult
|-supereffective|p1a: Dragapult
|-damage|p1a: Dragapult|0 fnt
|-enditem|p1a: Dragapult|Choice Specs|[from] move: Knock Off|[of] p2a: Weavile
|faint|p1a: Dragapult
|
|upkeep
|
|t:|1664753189
|switch|p1a: Toxapex|Toxapex, F|100/100
|turn|5
|
|t:|1664753197
|switch|p2a: Tapu Koko|Tapu Koko|100/100
|-fieldstart|move: Electric Terrain|[from] ability: Electric Surge|[of] p2a: Tapu Koko
|move|p1a: Toxapex|Knock Off|p2a: Tapu Koko
|-resisted|p2a: Tapu Koko
|-damage|p2a: Tapu Koko|93/100
|-enditem|p2a: Tapu Koko|Shuca Berry|[from] move: Knock Off|[of] p1a: Toxapex
|
|upkeep
|turn|6
|
|t:|1664753204
|switch|p1a: Landorus|Landorus-Therian, M|100/100
|-ability|p1a: Landorus|Intimidate|boost
|-unboost|p2a: Tapu Koko|atk|1
|move|p2a: Tapu Koko|Nature's Madness|p1a: Landorus
|-damage|p1a: Landorus|50/100
|
|-heal|p1a: Landorus|57/100|[from] item: Leftovers
|upkeep
|turn|7
|
|t:|1664753209
|switch|p2a: Weavile|Weavile, M|1/100
|-ability|p2a: Weavile|Pressure
|move|p1a: Landorus|Earthquake|p2a: Weavile
|-damage|p2a: Weavile|0 fnt
|faint|p2a: Weavile
|
|-heal|p1a: Landorus|63/100|[from] item: Leftovers
|upkeep
|
|t:|1664753214
|switch|p2a: Garchomp|Garchomp, M|100/100
|turn|8
|
|t:|1664753218
|move|p2a: Garchomp|Swords Dance|p2a: Garchomp
|-boost|p2a: Garchomp|atk|2
|move|p1a: Landorus|Toxic|p2a: Garchomp
|-status|p2a: Garchomp|tox
|
|-heal|p1a: Landorus|69/100|[from] item: Leftovers
|-damage|p2a: Garchomp|94/100 tox|[from] psn
|upkeep
|turn|9
|
|t:|1664753222
|switch|p1a: Bisharp|Bisharp, F|100/100
|move|p2a: Garchomp|Scale Shot|p1a: Bisharp
|-resisted|p1a: Bisharp
|-damage|p1a: Bisharp|84/100
|-resisted|p1a: Bisharp
|-damage|p1a: Bisharp|65/100
|-resisted|p1a: Bisharp
|-damage|p1a: Bisharp|47/100
|-resisted|p1a: Bisharp
|-damage|p1a: Bisharp|27/100
|-resisted|p1a: Bisharp
|-damage|p1a: Bisharp|9/100
|-hitcount|p1a: Bisharp|5
|-unboost|p2a: Garchomp|def|1
|-boost|p2a: Garchomp|spe|1
|
|-damage|p2a: Garchomp|82/100 tox|[from] psn
|-fieldend|move: Electric Terrain
|upkeep
|turn|10
|
|t:|1664753229
|switch|p2a: Tapu Koko|Tapu Koko|93/100
|-fieldstart|move: Electric Terrain|[from] ability: Electric Surge|[of] p2a: Tapu Koko
|move|p1a: Bisharp|Sucker Punch||[still]
|-fail|p1a: Bisharp
|
|upkeep
|turn|11
|
|t:|1664753235
|switch|p1a: Toxapex|Toxapex, F|100/100
|move|p2a: Tapu Koko|Thunderbolt|p1a: Toxapex
|-supereffective|p1a: Toxapex
|-damage|p1a: Toxapex|31/100
|
|upkeep
|turn|12
|
|t:|1664753237
|switch|p1a: Landorus|Landorus-Therian, M|69/100
|-ability|p1a: Landorus|Intimidate|boost
|-unboost|p2a: Tapu Koko|atk|1
|move|p2a: Tapu Koko|Thunderbolt|p1a: Landorus
|-immune|p1a: Landorus
|
|-heal|p1a: Landorus|75/100|[from] item: Leftovers
|upkeep
|turn|13
|
|t:|1664753241
|move|p2a: Tapu Koko|Taunt|p1a: Landorus
|-start|p1a: Landorus|move: Taunt
|move|p1a: Landorus|U-turn|p2a: Tapu Koko
|-resisted|p2a: Tapu Koko
|-damage|p2a: Tapu Koko|81/100
|
|t:|1664753243
|switch|p1a: Heatran|Heatran, F|100/100|[from]move: U-turn
|-item|p1a: Heatran|Air Balloon
|
|upkeep
|turn|14
|
|t:|1664753246
|move|p2a: Tapu Koko|Nature's Madness|p1a: Heatran
|-damage|p1a: Heatran|51/100
|-enditem|p1a: Heatran|Air Balloon
|move|p1a: Heatran|Stealth Rock|p2a: Tapu Koko
|-sidestart|p2: AerialsAce|move: Stealth Rock
|
|-fieldend|move: Electric Terrain
|upkeep
|turn|15
|
|t:|1664753252
|move|p2a: Tapu Koko|Defog|p1a: Heatran
|-unboost|p1a: Heatran|evasion|1
|-sideend|p2: AerialsAce|Stealth Rock|[from] move: Defog|[of] p2a: Tapu Koko
|move|p1a: Heatran|Earth Power|p2a: Tapu Koko
|-supereffective|p2a: Tapu Koko
|-damage|p2a: Tapu Koko|0 fnt
|faint|p2a: Tapu Koko
|
|upkeep
|
|t:|1664753258
|switch|p2a: Garchomp|Garchomp, M|82/100 tox
|turn|16
|l| Gjisgaleic
|
|t:|1664753266
|move|p1a: Heatran|Earth Power|p2a: Garchomp
|-damage|p2a: Garchomp|54/100 tox
|move|p2a: Garchomp|Swords Dance|p2a: Garchomp
|-boost|p2a: Garchomp|atk|2
|
|-damage|p2a: Garchomp|48/100 tox|[from] psn
|upkeep
|turn|17
|
|t:|1664753273
|switch|p1a: Landorus|Landorus-Therian, M|75/100
|-ability|p1a: Landorus|Intimidate|boost
|-unboost|p2a: Garchomp|atk|1
|move|p2a: Garchomp|Scale Shot|p1a: Landorus
|-damage|p1a: Landorus|54/100
|-damage|p1a: Landorus|34/100
|-hitcount|p1a: Landorus|2
|-unboost|p2a: Garchomp|def|1
|-boost|p2a: Garchomp|spe|1
|
|-heal|p1a: Landorus|40/100|[from] item: Leftovers
|-damage|p2a: Garchomp|35/100 tox|[from] psn
|upkeep
|turn|18
|
|t:|1664753279
|switch|p1a: Toxapex|Toxapex, F|65/100
|move|p2a: Garchomp|Scale Shot|p1a: Toxapex
|-damage|p1a: Toxapex|50/100
|-damage|p1a: Toxapex|36/100
|-damage|p1a: Toxapex|23/100
|-damage|p1a: Toxapex|9/100
|-damage|p1a: Toxapex|0 fnt
|faint|p1a: Toxapex
|-hitcount|p1: Toxapex|5
|-unboost|p2a: Garchomp|def|1
|-boost|p2a: Garchomp|spe|1
|
|-damage|p2a: Garchomp|17/100 tox|[from] psn
|upkeep
|
|t:|1664753281
|switch|p1a: Bisharp|Bisharp, F|9/100
|turn|19
|
|t:|1664753289
|move|p2a: Garchomp|Scale Shot|p1a: Bisharp
|-resisted|p1a: Bisharp
|-damage|p1a: Bisharp|0 fnt
|faint|p1a: Bisharp
|-hitcount|p1: Bisharp|1
|-unboost|p2a: Garchomp|def|1
|-boost|p2a: Garchomp|spe|1
|
|-damage|p2a: Garchomp|0 fnt|[from] psn
|faint|p2a: Garchomp
|upkeep
|
|t:|1664753294
|switch|p2a: Zapdos|Zapdos|100/100
|switch|p1a: Heatran|Heatran, F|51/100
|turn|20
|
|t:|1664753301
|move|p2a: Zapdos|Thunderbolt|p1a: Heatran
|-damage|p1a: Heatran|0 fnt
|faint|p1a: Heatran
|
|upkeep
|c|☆AerialsAce|gg
|c|☆Elite4Donovan|gg
|-message|Elite4Donovan forfeited.
|
|win|AerialsAce
|raw|Elite4Donovan's rating: 1545 &rarr; <strong>1525</strong><br />(-20 for losing)
|raw|AerialsAce's rating: 1549 &rarr; <strong>1569</strong><br />(+20 for winning)
|l|☆Elite4Donovan
