|j|☆GGeorgie◕‿◕
|j|☆andrew1103
|t:|1661371073
|gametype|singles
|player|p1|GGeorgie◕‿◕|hiker-gen2|1589
|player|p2|andrew1103|102|1630
|teamsize|p1|6
|teamsize|p2|6
|gen|8
|tier|[Gen 8] OU
|rated|
|rule|Sleep Clause Mod: Limit one foe put to sleep
|rule|Species Clause: Limit one of each Pokémon
|rule|OHKO Clause: OHKO moves are banned
|rule|Evasion Items Clause: Evasion items are banned
|rule|Evasion Moves Clause: Evasion moves are banned
|rule|Endless Battle Clause: Forcing endless battles is banned
|rule|HP Percentage Mod: HP is shown in percentages
|rule|Dynamax Clause: You cannot dynamax
|clearpoke
|poke|p1|Zapdos|
|poke|p1|Tyranitar, F|
|poke|p1|Landorus-Therian, M|
|poke|p1|Excadrill, F|
|poke|p1|Clefable, M|
|poke|p1|Ferrothorn, F|
|poke|p2|Nihilego|
|poke|p2|Zapdos-Galar|
|poke|p2|Kartana|
|poke|p2|Celesteela|
|poke|p2|Garchomp, M|
|poke|p2|Tapu Fini|
|teampreview
|inactive|Battle timer is ON: inactive players will automatically lose when time's up. (requested by GGeorgie◕‿◕)
|
|t:|1661371083
|start
|switch|p1a: Clefable|Clefable, M|100/100
|switch|p2a: Zapdos|Zapdos-Galar|100/100
|turn|1
|
|t:|1661371091
|move|p2a: Zapdos|Brave Bird|p1a: Clefable
|-damage|p1a: Clefable|24/100
|-damage|p2a: Zapdos|70/100|[from] Recoil
|move|p1a: Clefable|Thunder|p2a: Zapdos
|-supereffective|p2a: Zapdos
|-damage|p2a: Zapdos|0 fnt
|faint|p2a: Zapdos
|
|upkeep
|
|t:|1661371102
|switch|p2a: Kartana|Kartana|100/100
|turn|2
|
|t:|1661371106
|switch|p1a: Ferrothorn|Ferrothorn, F, shiny|100/100
|move|p2a: Kartana|Smart Strike|p1a: Ferrothorn
|-resisted|p1a: Ferrothorn
|-damage|p1a: Ferrothorn|86/100
|-damage|p2a: Kartana|88/100|[from] ability: Iron Barbs|[of] p1a: Ferrothorn
|-damage|p2a: Kartana|72/100|[from] item: Rocky Helmet|[of] p1a: Ferrothorn
|
|upkeep
|turn|3
|
|t:|1661371111
|switch|p2a: Celesteela|Celesteela|100/100
|move|p1a: Ferrothorn|Knock Off|p2a: Celesteela
|-crit|p2a: Celesteela
|-damage|p2a: Celesteela|70/100
|-enditem|p2a: Celesteela|Power Herb|[from] move: Knock Off|[of] p1a: Ferrothorn
|
|upkeep
|turn|4
|
|t:|1661371115
|switch|p1a: Zapdos|Zapdos|100/100
|move|p2a: Celesteela|Flamethrower|p1a: Zapdos
|-damage|p1a: Zapdos|63/100
|
|upkeep
|turn|5
|
|t:|1661371119
|switch|p2a: Nihilego|Nihilego|100/100
|move|p1a: Zapdos|Hurricane|p2a: Nihilego
|-resisted|p2a: Nihilego
|-damage|p2a: Nihilego|67/100
|
|upkeep
|turn|6
|
|t:|1661371124
|switch|p1a: Excadrill|Excadrill, F|100/100
|move|p2a: Nihilego|Power Gem|p1a: Excadrill
|-resisted|p1a: Excadrill
|-damage|p1a: Excadrill|87/100
|
|-heal|p1a: Excadrill|93/100|[from] item: Leftovers
|upkeep
|turn|7
|
|t:|1661371128
|switch|p2a: Celesteela|Celesteela|70/100
|move|p1a: Excadrill|Iron Head|p2a: Celesteela
|-resisted|p2a: Celesteela
|-damage|p2a: Celesteela|47/100
|
|-heal|p1a: Excadrill|99/100|[from] item: Leftovers
|upkeep
|turn|8
|
|t:|1661371131
|switch|p1a: Tyranitar|Tyranitar, F, shiny|100/100
|-weather|Sandstorm|[from] ability: Sand Stream|[of] p1a: Tyranitar
|move|p2a: Celesteela|Autotomize|p2a: Celesteela
|-boost|p2a: Celesteela|spe|2
|-start|p2a: Celesteela|Autotomize
|
|-weather|Sandstorm|[upkeep]
|upkeep
|turn|9
|
|t:|1661371134
|move|p2a: Celesteela|Meteor Beam||[still]
|-prepare|p2a: Celesteela|Meteor Beam
|-boost|p2a: Celesteela|spa|1
|move|p1a: Tyranitar|Stone Edge|p2a: Celesteela|[miss]
|-miss|p1a: Tyranitar|p2a: Celesteela
|
|-weather|Sandstorm|[upkeep]
|upkeep
|turn|10
|
|t:|1661371139
|move|p2a: Celesteela|Meteor Beam|p1a: Tyranitar|[from]lockedmove
|-damage|p1a: Tyranitar|59/100
|move|p1a: Tyranitar|Stone Edge|p2a: Celesteela|[miss]
|-miss|p1a: Tyranitar|p2a: Celesteela
|
|-weather|Sandstorm|[upkeep]
|upkeep
|turn|11
|
|t:|1661371150
|move|p2a: Celesteela|Air Slash|p1a: Tyranitar
|-resisted|p1a: Tyranitar
|-damage|p1a: Tyranitar|42/100
|move|p1a: Tyranitar|Stone Edge|p2a: Celesteela|[miss]
|-miss|p1a: Tyranitar|p2a: Celesteela
|
|-weather|Sandstorm|[upkeep]
|upkeep
|turn|12
|
|t:|1661371159
|move|p2a: Celesteela|Air Slash|p1a: Tyranitar
|-resisted|p1a: Tyranitar
|-damage|p1a: Tyranitar|24/100
|move|p1a: Tyranitar|Stone Edge|p2a: Celesteela
|-damage|p2a: Celesteela|0 fnt
|faint|p2a: Celesteela
|
|-weather|none
|upkeep
|
|t:|1661371169
|switch|p2a: Garchomp|Garchomp, M|100/100
|turn|13
|
|t:|1661371198
|switch|p1a: Landorus|Landorus-Therian, M|100/100
|-ability|p1a: Landorus|Intimidate|boost
|-unboost|p2a: Garchomp|atk|1
|move|p2a: Garchomp|Stealth Rock|p1a: Landorus
|-sidestart|p1: GGeorgie◕‿◕|move: Stealth Rock
|
|upkeep
|turn|14
|inactive|GGeorgie◕‿◕ has 120 seconds left.
|
|t:|1661371213
|move|p1a: Landorus|Earthquake|p2a: Garchomp
|-damage|p2a: Garchomp|56/100
|move|p2a: Garchomp|Toxic|p1a: Landorus
|-status|p1a: Landorus|tox
|
|-damage|p1a: Landorus|95/100 tox|[from] psn
|upkeep
|turn|15
|
|t:|1661371219
|move|p1a: Landorus|Earthquake|p2a: Garchomp
|-damage|p2a: Garchomp|5/100
|move|p2a: Garchomp|Fire Blast|p1a: Landorus|[miss]
|-miss|p2a: Garchomp|p1a: Landorus
|
|-damage|p1a: Landorus|83/100 tox|[from] psn
|upkeep
|turn|16
|
|t:|1661371222
|move|p1a: Landorus|Earthquake|p2a: Garchomp
|-damage|p2a: Garchomp|0 fnt
|faint|p2a: Garchomp
|
|-damage|p1a: Landorus|65/100 tox|[from] psn
|upkeep
|
|t:|1661371230
|switch|p2a: Tapu Fini|Tapu Fini|100/100
|-fieldstart|move: Misty Terrain|[from] ability: Misty Surge|[of] p2a: Tapu Fini
|turn|17
|
|t:|1661371239
|switch|p1a: Ferrothorn|Ferrothorn, F, shiny|86/100
|-damage|p1a: Ferrothorn|80/100|[from] Stealth Rock
|move|p2a: Tapu Fini|Draining Kiss|p1a: Ferrothorn
|-resisted|p1a: Ferrothorn
|-damage|p1a: Ferrothorn|73/100
|-damage|p2a: Tapu Fini|88/100|[from] ability: Iron Barbs|[of] p1a: Ferrothorn
|-damage|p2a: Tapu Fini|72/100|[from] item: Rocky Helmet|[of] p1a: Ferrothorn
|
|-heal|p2a: Tapu Fini|78/100|[from] item: Leftovers
|upkeep
|turn|18
|
|t:|1661371246
|move|p2a: Tapu Fini|Taunt|p1a: Ferrothorn
|-start|p1a: Ferrothorn|move: Taunt
|move|p1a: Ferrothorn|Power Whip|p2a: Tapu Fini
|-supereffective|p2a: Tapu Fini
|-damage|p2a: Tapu Fini|20/100
|
|-heal|p2a: Tapu Fini|26/100|[from] item: Leftovers
|upkeep
|turn|19
|-message|andrew1103 forfeited.
|
|win|GGeorgie◕‿◕
|raw|GGeorgie◕‿◕'s rating: 1589 &rarr; <strong>1611</strong><br />(+22 for winning)
|raw|andrew1103's rating: 1630 &rarr; <strong>1608</strong><br />(-22 for losing)
|l|☆andrew1103
