|j|☆Tympole Dancer
|j|☆mamaw31180
|t:|1613685557
|player|p1|Tympole Dancer|birdkeeper-gen4dp|1743
|player|p2|mamaw31180|170|1725
|teamsize|p1|6
|teamsize|p2|6
|gametype|singles
|gen|8
|tier|[Gen 8] OU
|rated|
|clearpoke
|poke|p1|Ribombee, M|
|poke|p1|Lycanroc-Dusk, M|
|poke|p1|Zapdos-Galar|
|poke|p1|Dragapult, M|
|poke|p1|Tapu Lele|
|poke|p1|Urshifu-*, M|
|poke|p2|Hawlucha, M|
|poke|p2|Tapu Koko|
|poke|p2|Ferrothorn, M|
|poke|p2|Cinderace, M|
|poke|p2|Landorus-Therian, M|
|poke|p2|Urshifu-*, M|
|rule|Sleep Clause Mod: Limit one foe put to sleep
|rule|Species Clause: Limit one of each Pokémon
|rule|OHKO Clause: OHKO moves are banned
|rule|Evasion Moves Clause: Evasion moves are banned
|rule|Endless Battle Clause: Forcing endless battles is banned
|rule|HP Percentage Mod: HP is shown in percentages
|rule|Dynamax Clause: You cannot dynamax
|teampreview
|
|t:|1613685568
|start
|switch|p1a: barry b benson|Ribombee, M|100/100
|switch|p2a: Tapu Koko|Tapu Koko|100/100
|-fieldstart|move: Electric Terrain|[from] ability: Electric Surge|[of] p2a: Tapu Koko
|turn|1
|inactive|Battle timer is ON: inactive players will automatically lose when time's up. (requested by mamaw31180)
|
|t:|1613685577
|move|p2a: Tapu Koko|Thunderbolt|p1a: barry b benson
|-damage|p1a: barry b benson|13/100
|move|p1a: barry b benson|Sticky Web|p2a: Tapu Koko
|-sidestart|p2: mamaw31180|move: Sticky Web
|
|upkeep
|turn|2
|
|t:|1613685582
|move|p2a: Tapu Koko|Defog|p1a: barry b benson
|-unboost|p1a: barry b benson|evasion|1
|-sideend|p2: mamaw31180|Sticky Web|[from] move: Defog|[of] p2a: Tapu Koko
|-fieldend|move: Electric Terrain
|move|p1a: barry b benson|Moonblast|p2a: Tapu Koko
|-damage|p2a: Tapu Koko|42/100
|-unboost|p2a: Tapu Koko|spa|1
|
|upkeep
|turn|3
|
|t:|1613685591
|move|p2a: Tapu Koko|Thunderbolt|p1a: barry b benson
|-damage|p1a: barry b benson|0 fnt
|faint|p1a: barry b benson
|
|upkeep
|
|t:|1613685598
|switch|p1a: swagapult|Dragapult, M|100/100
|turn|4
|
|t:|1613685606
|switch|p2a: Ferrothorn|Ferrothorn, M|100/100
|move|p1a: swagapult|Shadow Ball|p2a: Ferrothorn
|-damage|p2a: Ferrothorn|66/100
|
|-heal|p2a: Ferrothorn|73/100|[from] item: Leftovers
|upkeep
|turn|5
|
|t:|1613685616
|switch|p1a: crapdos|Zapdos-Galar|100/100
|move|p2a: Ferrothorn|Knock Off|p1a: crapdos
|-resisted|p1a: crapdos
|-damage|p1a: crapdos|88/100
|-enditem|p1a: crapdos|Choice Band|[from] move: Knock Off|[of] p2a: Ferrothorn
|
|-heal|p2a: Ferrothorn|79/100|[from] item: Leftovers
|upkeep
|turn|6
|
|t:|1613685622
|switch|p2a: Landorus|Landorus-Therian, M|100/100
|-ability|p2a: Landorus|Intimidate|boost
|-unboost|p1a: crapdos|atk|1
|-ability|p1a: crapdos|Defiant
|-boost|p1a: crapdos|atk|2
|move|p1a: crapdos|Thunderous Kick|p2a: Landorus
|-resisted|p2a: Landorus
|-damage|p2a: Landorus|73/100
|-unboost|p2a: Landorus|def|1
|
|-heal|p2a: Landorus|79/100|[from] item: Leftovers
|upkeep
|turn|7
|
|t:|1613685629
|move|p1a: crapdos|Brave Bird|p2a: Landorus
|-damage|p2a: Landorus|0 fnt
|-damage|p1a: crapdos|57/100|[from] Recoil
|faint|p2a: Landorus
|
|upkeep
|
|t:|1613685634
|switch|p2a: Tapu Koko|Tapu Koko|42/100
|-fieldstart|move: Electric Terrain|[from] ability: Electric Surge|[of] p2a: Tapu Koko
|turn|8
|
|t:|1613685646
|move|p2a: Tapu Koko|Thunderbolt|p1a: crapdos
|-supereffective|p1a: crapdos
|-damage|p1a: crapdos|0 fnt
|faint|p1a: crapdos
|
|upkeep
|
|t:|1613685650
|switch|p1a: swagapult|Dragapult, M|100/100
|turn|9
|
|t:|1613685655
|switch|p2a: Cinderace|Cinderace, M|100/100
|move|p1a: swagapult|Shadow Ball|p2a: Cinderace
|-damage|p2a: Cinderace|24/100
|-unboost|p2a: Cinderace|spd|1
|
|upkeep
|turn|10
|j| eldurac
|
|t:|1613685667
|switch|p1a: lycamobile|Lycanroc-Dusk, M|100/100
|move|p2a: Cinderace|Pyro Ball|p1a: lycamobile
|-resisted|p1a: lycamobile
|-damage|p1a: lycamobile|50/100
|
|upkeep
|turn|11
|
|t:|1613685673
|move|p1a: lycamobile|Accelerock|p2a: Cinderace
|-supereffective|p2a: Cinderace
|-damage|p2a: Cinderace|0 fnt
|-damage|p1a: lycamobile|40/100|[from] item: Life Orb
|faint|p2a: Cinderace
|
|upkeep
|
|t:|1613685676
|switch|p2a: Urshifu|Urshifu-Rapid-Strike, M|100/100
|turn|12
|j| BabyPigsAreLaughin
|
|t:|1613685686
|move|p1a: lycamobile|Close Combat|p2a: Urshifu
|-damage|p2a: Urshifu|31/100
|-unboost|p1a: lycamobile|def|1
|-unboost|p1a: lycamobile|spd|1
|-damage|p1a: lycamobile|30/100|[from] item: Life Orb
|move|p2a: Urshifu|Surging Strikes|p1a: lycamobile
|-supereffective|p1a: lycamobile
|-crit|p1a: lycamobile
|-damage|p1a: lycamobile|0 fnt
|-hitcount|p1a: lycamobile|1
|faint|p1a: lycamobile
|
|-fieldend|move: Electric Terrain
|upkeep
|
|t:|1613685694
|switch|p1a: swagapult|Dragapult, M|100/100
|turn|13
|
|t:|1613685716
|switch|p2a: Ferrothorn|Ferrothorn, M|79/100
|move|p1a: swagapult|Shadow Ball|p2a: Ferrothorn
|-damage|p2a: Ferrothorn|41/100
|-unboost|p2a: Ferrothorn|spd|1
|
|-heal|p2a: Ferrothorn|48/100|[from] item: Leftovers
|upkeep
|turn|14
|
|t:|1613685731
|switch|p2a: Urshifu|Urshifu-Rapid-Strike, M|31/100
|move|p1a: swagapult|Shadow Ball|p2a: Urshifu
|-damage|p2a: Urshifu|0 fnt
|faint|p2a: Urshifu
|
|upkeep
|
|t:|1613685735
|switch|p2a: Ferrothorn|Ferrothorn, M|48/100
|turn|15
|
|t:|1613685744
|switch|p1a: po|Urshifu-Rapid-Strike, M|100/100
|move|p2a: Ferrothorn|Power Whip|p1a: po|[miss]
|-miss|p2a: Ferrothorn|p1a: po
|
|-heal|p2a: Ferrothorn|54/100|[from] item: Leftovers
|upkeep
|turn|16
|c|☆mamaw31180|will i have a game without haxx against you ?
|
|t:|1613685769
|move|p1a: po|Substitute|p1a: po
|-start|p1a: po|Substitute
|-damage|p1a: po|75/100
|move|p2a: Ferrothorn|Power Whip|p1a: po|[miss]
|-miss|p2a: Ferrothorn|p1a: po
|
|-heal|p1a: po|82/100|[from] item: Leftovers
|-heal|p2a: Ferrothorn|60/100|[from] item: Leftovers
|upkeep
|turn|17
|c| BabyPigsAreLaughin|That double miss, though.
|
|t:|1613685793
|move|p1a: po|Drain Punch|p2a: Ferrothorn
|-supereffective|p2a: Ferrothorn
|-crit|p2a: Ferrothorn
|-damage|p2a: Ferrothorn|0 fnt
|-heal|p1a: po|100/100|[from] drain|[of] p2a: Ferrothorn
|-damage|p1a: po|88/100|[from] ability: Iron Barbs|[of] p2a: Ferrothorn
|faint|p2a: Ferrothorn
|
|-heal|p1a: po|94/100|[from] item: Leftovers
|upkeep
|c|☆Tympole Dancer|probs not
|c|☆mamaw31180|since the beginig of the game you get two spe drop one crit and two miss
|inactive|mamaw31180 has 120 seconds left.
|
|t:|1613685817
|switch|p2a: Tapu Koko|Tapu Koko|42/100
|-fieldstart|move: Electric Terrain|[from] ability: Electric Surge|[of] p2a: Tapu Koko
|turn|18
|c| BabyPigsAreLaughin|That double miss was critical.
|
|t:|1613685822
|move|p2a: Tapu Koko|Thunderbolt|p1a: po
|-supereffective|p1a: po
|-end|p1a: po|Substitute
|move|p1a: po|Surging Strikes|p2a: Tapu Koko
|-crit|p2a: Tapu Koko
|-damage|p2a: Tapu Koko|18/100
|-crit|p2a: Tapu Koko
|-damage|p2a: Tapu Koko|0 fnt
|-hitcount|p2a: Tapu Koko|2
|faint|p2a: Tapu Koko
|
|-heal|p1a: po|100/100|[from] item: Leftovers
|upkeep
|
|t:|1613685825
|switch|p2a: Hawlucha|Hawlucha, M|100/100
|-enditem|p2a: Hawlucha|Electric Seed
|-boost|p2a: Hawlucha|def|1|[from] item: Electric Seed
|turn|19
|
|t:|1613685830
|move|p2a: Hawlucha|Swords Dance|p2a: Hawlucha
|-boost|p2a: Hawlucha|atk|2
|move|p1a: po|Surging Strikes|p2a: Hawlucha
|-crit|p2a: Hawlucha
|-damage|p2a: Hawlucha|72/100
|-crit|p2a: Hawlucha
|-damage|p2a: Hawlucha|47/100
|-crit|p2a: Hawlucha
|-damage|p2a: Hawlucha|21/100
|-hitcount|p2a: Hawlucha|3
|
|upkeep
|turn|20
|j| Blop_Le_Slime
|c|☆Tympole Dancer|u win now
|
|t:|1613685842
|move|p2a: Hawlucha|Acrobatics|p1a: po
|-supereffective|p1a: po
|-damage|p1a: po|0 fnt
|faint|p1a: po
|
|upkeep
|
|t:|1613685846
|switch|p1a: l3l3 productions|Tapu Lele|100/100
|-fieldstart|move: Psychic Terrain|[from] ability: Psychic Surge|[of] p1a: l3l3 productions
|turn|21
|
|t:|1613685856
|move|p2a: Hawlucha|Acrobatics|p1a: l3l3 productions
|-damage|p1a: l3l3 productions|0 fnt
|faint|p1a: l3l3 productions
|
|upkeep
|c| BabyPigsAreLaughin|What a comeback.
|
|t:|1613685863
|switch|p1a: swagapult|Dragapult, M|100/100
|turn|22
|c| BabyPigsAreLaughin|Hawlucha for the win.
|c|☆Tympole Dancer|gg
|c|☆mamaw31180|i thought you have aqua jet
|c|☆Tympole Dancer|wp
|
|t:|1613685871
|move|p2a: Hawlucha|Acrobatics|p1a: swagapult
|-damage|p1a: swagapult|0 fnt
|faint|p1a: swagapult
|
|win|mamaw31180
|l|☆Tympole Dancer
