|j|☆GottaGalarBabe
|j|☆madness10
|player|p1|GottaGalarBabe|73|1678
|player|p2|madness10|1|1569
|teamsize|p1|6
|teamsize|p2|6
|gametype|singles
|gen|8
|tier|[Gen 8] OU
|rated|
|clearpoke
|poke|p1|Cinderace, F|
|poke|p1|Corviknight, M|
|poke|p1|Seismitoad, M|
|poke|p1|Toxtricity, M|
|poke|p1|Dragapult, F|
|poke|p1|Grimmsnarl, M|
|poke|p2|Dragapult, F|
|poke|p2|Conkeldurr, M|
|poke|p2|Togekiss, M|
|poke|p2|Seismitoad, M|
|poke|p2|Mandibuzz, F|
|poke|p2|Cinderace, F|
|rule|Sleep Clause Mod: Limit one foe put to sleep
|rule|Species Clause: Limit one of each Pokémon
|rule|OHKO Clause: OHKO moves are banned
|rule|Evasion Moves Clause: Evasion moves are banned
|rule|Endless Battle Clause: Forcing endless battles is banned
|rule|HP Percentage Mod: HP is shown in percentages
|rule|Dynamax Clause: You cannot dynamax
|teampreview
|inactive|Battle timer is ON: inactive players will automatically lose when time's up. (requested by madness10)
|
|start
|switch|p1a: Seismitoad|Seismitoad, M|100/100
|switch|p2a: Dragapult|Dragapult, F|100/100
|turn|1
|
|switch|p1a: Grimmsnarl|Grimmsnarl, M|100/100
|move|p2a: Dragapult|Substitute|p2a: Dragapult
|-start|p2a: Dragapult|Substitute
|-damage|p2a: Dragapult|75/100
|
|-heal|p2a: Dragapult|82/100|[from] item: Leftovers
|upkeep
|turn|2
|
|move|p1a: Grimmsnarl|Bulk Up|p1a: Grimmsnarl
|-boost|p1a: Grimmsnarl|atk|1
|-boost|p1a: Grimmsnarl|def|1
|move|p2a: Dragapult|Will-O-Wisp|p1a: Grimmsnarl
|-status|p1a: Grimmsnarl|brn
|
|-heal|p2a: Dragapult|88/100|[from] item: Leftovers
|-damage|p1a: Grimmsnarl|94/100 brn|[from] brn
|upkeep
|turn|3
|
|move|p2a: Dragapult|Hex|p1a: Grimmsnarl
|-resisted|p1a: Grimmsnarl
|-damage|p1a: Grimmsnarl|72/100 brn
|move|p1a: Grimmsnarl|Spirit Break|p2a: Dragapult
|-supereffective|p2a: Dragapult
|-end|p2a: Dragapult|Substitute
|
|-heal|p2a: Dragapult|94/100|[from] item: Leftovers
|-heal|p1a: Grimmsnarl|78/100 brn|[from] item: Leftovers
|-damage|p1a: Grimmsnarl|72/100 brn|[from] brn
|upkeep
|turn|4
|
|switch|p2a: Seismitoad|Seismitoad, M|100/100
|move|p1a: Grimmsnarl|Bulk Up|p1a: Grimmsnarl
|-boost|p1a: Grimmsnarl|atk|1
|-boost|p1a: Grimmsnarl|def|1
|
|-heal|p1a: Grimmsnarl|78/100 brn|[from] item: Leftovers
|-damage|p1a: Grimmsnarl|72/100 brn|[from] brn
|upkeep
|turn|5
|
|move|p1a: Grimmsnarl|Bulk Up|p1a: Grimmsnarl
|-boost|p1a: Grimmsnarl|atk|1
|-boost|p1a: Grimmsnarl|def|1
|move|p2a: Seismitoad|Stealth Rock|p1a: Grimmsnarl
|-sidestart|p1: GottaGalarBabe|move: Stealth Rock
|
|-heal|p1a: Grimmsnarl|78/100 brn|[from] item: Leftovers
|-damage|p1a: Grimmsnarl|72/100 brn|[from] brn
|upkeep
|turn|6
|
|move|p2a: Seismitoad|Earthquake|p1a: Grimmsnarl
|-damage|p1a: Grimmsnarl|56/100 brn
|move|p1a: Grimmsnarl|Spirit Break|p2a: Seismitoad
|-damage|p2a: Seismitoad|75/100
|-unboost|p2a: Seismitoad|spa|1
|
|-heal|p2a: Seismitoad|81/100|[from] item: Leftovers
|-heal|p1a: Grimmsnarl|62/100 brn|[from] item: Leftovers
|-damage|p1a: Grimmsnarl|56/100 brn|[from] brn
|upkeep
|turn|7
|
|move|p1a: Grimmsnarl|Rest|p1a: Grimmsnarl
|-status|p1a: Grimmsnarl|slp|[from] move: Rest
|-heal|p1a: Grimmsnarl|100/100 slp|[silent]
|move|p2a: Seismitoad|Earthquake|p1a: Grimmsnarl
|-damage|p1a: Grimmsnarl|83/100 slp
|
|-heal|p2a: Seismitoad|87/100|[from] item: Leftovers
|-heal|p1a: Grimmsnarl|90/100 slp|[from] item: Leftovers
|upkeep
|turn|8
|inactive|madness10 has 120 seconds left.
|
|switch|p2a: Togekiss|Togekiss, M|100/100
|cant|p1a: Grimmsnarl|slp
|move|p1a: Grimmsnarl|Sleep Talk|p1a: Grimmsnarl
|move|p1a: Grimmsnarl|Bulk Up|p1a: Grimmsnarl|[from]Sleep Talk
|-boost|p1a: Grimmsnarl|atk|1
|-boost|p1a: Grimmsnarl|def|1
|
|-heal|p1a: Grimmsnarl|96/100 slp|[from] item: Leftovers
|upkeep
|turn|9
|j| Zd169
|inactive|madness10 has 120 seconds left.
|
|cant|p1a: Grimmsnarl|slp
|move|p1a: Grimmsnarl|Sleep Talk|p1a: Grimmsnarl
|move|p1a: Grimmsnarl|Bulk Up|p1a: Grimmsnarl|[from]Sleep Talk
|-boost|p1a: Grimmsnarl|atk|1
|-boost|p1a: Grimmsnarl|def|1
|move|p2a: Togekiss|Air Slash|p1a: Grimmsnarl
|-damage|p1a: Grimmsnarl|67/100 slp
|
|-heal|p1a: Grimmsnarl|73/100 slp|[from] item: Leftovers
|upkeep
|turn|10
|inactive|madness10 has 120 seconds left.
|
|move|p2a: Togekiss|Nasty Plot|p2a: Togekiss
|-boost|p2a: Togekiss|spa|2
|-curestatus|p1a: Grimmsnarl|slp|[msg]
|move|p1a: Grimmsnarl|Spirit Break|p2a: Togekiss
|-damage|p2a: Togekiss|0 fnt
|faint|p2a: Togekiss
|
|-heal|p1a: Grimmsnarl|79/100|[from] item: Leftovers
|upkeep
|
|switch|p2a: Cinderace|Cinderace, F|100/100
|turn|11
|
|move|p2a: Cinderace|Pyro Ball|p1a: Grimmsnarl
|-damage|p1a: Grimmsnarl|50/100
|move|p1a: Grimmsnarl|Spirit Break|p2a: Cinderace
|-resisted|p2a: Cinderace
|-damage|p2a: Cinderace|19/100
|-unboost|p2a: Cinderace|spa|1
|
|-heal|p1a: Grimmsnarl|57/100|[from] item: Leftovers
|upkeep
|turn|12
|
|move|p2a: Cinderace|Pyro Ball|p1a: Grimmsnarl|[miss]
|-miss|p2a: Cinderace|p1a: Grimmsnarl
|move|p1a: Grimmsnarl|Spirit Break|p2a: Cinderace
|-resisted|p2a: Cinderace
|-crit|p2a: Cinderace
|-damage|p2a: Cinderace|0 fnt
|faint|p2a: Cinderace
|
|-heal|p1a: Grimmsnarl|63/100|[from] item: Leftovers
|upkeep
|-message|madness10 forfeited.
|
|win|GottaGalarBabe
|l|☆madness10
|raw|GottaGalarBabe's rating: 1678 &rarr; <strong>1692</strong><br />(+14 for winning)
|raw|madness10's rating: 1569 &rarr; <strong>1555</strong><br />(-14 for losing)
|c|☆GottaGalarBabe|see noob?
|c|☆GottaGalarBabe|thats how you win
|c|☆GottaGalarBabe|hope you take some notes
