|j|☆lt94je polt
|j|☆Darkortex
|t:|1661046728
|gametype|singles
|player|p1|lt94je polt|#agplivlionsden|1734
|player|p2|Darkortex|hilbert|1695
|teamsize|p1|6
|teamsize|p2|6
|gen|8
|tier|[Gen 8] OU
|rated|
|rule|Sleep Clause Mod: Limit one foe put to sleep
|rule|Species Clause: Limit one of each Pokémon
|rule|OHKO Clause: OHKO moves are banned
|rule|Evasion Items Clause: Evasion items are banned
|rule|Evasion Moves Clause: Evasion moves are banned
|rule|Endless Battle Clause: Forcing endless battles is banned
|rule|HP Percentage Mod: HP is shown in percentages
|rule|Dynamax Clause: You cannot dynamax
|clearpoke
|poke|p1|Mew|
|poke|p1|Weavile, F|
|poke|p1|Celesteela|
|poke|p1|Garchomp, M|
|poke|p1|Blacephalon|
|poke|p1|Crawdaunt, F|
|poke|p2|Excadrill, M|
|poke|p2|Tyranitar, F|
|poke|p2|Clefable, F|
|poke|p2|Rotom-Wash|
|poke|p2|Tornadus-Therian, M|
|poke|p2|Skarmory, M|
|teampreview
|inactive|Battle timer is ON: inactive players will automatically lose when time's up. (requested by lt94je polt)
|inactive|Darkortex also wants the timer to be on.
|j| Pokemh
|inactive|Darkortex has 120 seconds left.
|
|t:|1661046759
|start
|switch|p1a: Weavile|Weavile, F, shiny|100/100
|switch|p2a: Excadrill|Excadrill, M|100/100
|-ability|p1a: Weavile|Pressure
|turn|1
|
|t:|1661046765
|switch|p1a: Mew|Mew, shiny|100/100
|switch|p2a: Skarmory|Skarmory, M|100/100
|
|upkeep
|turn|2
|
|t:|1661046771
|switch|p2a: Tornadus|Tornadus-Therian, M|100/100
|move|p1a: Mew|Stealth Rock|p2a: Tornadus
|-sidestart|p2: Darkortex|move: Stealth Rock
|
|upkeep
|turn|3
|
|t:|1661046773
|move|p2a: Tornadus|Knock Off|p1a: Mew
|-supereffective|p1a: Mew
|-enditem|p1a: Mew|Colbur Berry|[eat]
|-enditem|p1a: Mew|Colbur Berry|[weaken]
|-damage|p1a: Mew|83/100
|move|p1a: Mew|Thunder Wave|p2a: Tornadus
|-status|p2a: Tornadus|par
|
|upkeep
|turn|4
|
|t:|1661046778
|switch|p2a: Excadrill|Excadrill, M|100/100
|-damage|p2a: Excadrill|97/100|[from] Stealth Rock
|move|p1a: Mew|Spikes|p2a: Excadrill
|-sidestart|p2: Darkortex|Spikes
|
|upkeep
|turn|5
|
|t:|1661046782
|switch|p1a: Blacephalon|Blacephalon, shiny|100/100
|move|p2a: Excadrill|Earthquake|p1a: Blacephalon
|-supereffective|p1a: Blacephalon
|-damage|p1a: Blacephalon|0 fnt
|faint|p1a: Blacephalon
|
|upkeep
|
|t:|1661046785
|switch|p1a: Weavile|Weavile, F, shiny|100/100
|-ability|p1a: Weavile|Pressure
|turn|6
|j| lou dort
|
|t:|1661046791
|switch|p2a: Clefable|Clefable, F|100/100
|move|p1a: Weavile|Swords Dance|p1a: Weavile
|-boost|p1a: Weavile|atk|2
|
|upkeep
|turn|7
|
|t:|1661046795
|move|p1a: Weavile|Triple Axel|p2a: Clefable
|-damage|p2a: Clefable|77/100
|-damage|p2a: Clefable|32/100
|-damage|p2a: Clefable|0 fnt
|faint|p2a: Clefable
|-hitcount|p2: Clefable|3
|-damage|p1a: Weavile|91/100|[from] item: Life Orb
|
|upkeep
|l| lou dort
|
|t:|1661046802
|switch|p2a: Tyranitar|Tyranitar, F|100/100
|-damage|p2a: Tyranitar|88/100|[from] Stealth Rock
|-damage|p2a: Tyranitar|76/100|[from] Spikes
|-weather|Sandstorm|[from] ability: Sand Stream|[of] p2a: Tyranitar
|turn|8
|j| icu now
|
|t:|1661046813
|switch|p2a: Tornadus|Tornadus-Therian, M|100/100 par
|-damage|p2a: Tornadus|76/100 par|[from] Stealth Rock
|move|p1a: Weavile|Triple Axel|p2a: Tornadus
|-supereffective|p2a: Tornadus
|-damage|p2a: Tornadus|13/100 par
|-supereffective|p2a: Tornadus
|-damage|p2a: Tornadus|0 fnt
|faint|p2a: Tornadus
|-hitcount|p2: Tornadus|2
|-damage|p1a: Weavile|81/100|[from] item: Life Orb
|
|-weather|Sandstorm|[upkeep]
|-damage|p1a: Weavile|75/100|[from] Sandstorm
|upkeep
|
|t:|1661046816
|switch|p2a: Excadrill|Excadrill, M|97/100
|-damage|p2a: Excadrill|94/100|[from] Stealth Rock
|-damage|p2a: Excadrill|82/100|[from] Spikes
|turn|9
|l| icu now
|j| flemzy1
|l| flemzy1
|
|t:|1661046839
|switch|p1a: Mew|Mew, shiny|83/100
|move|p2a: Excadrill|Rapid Spin|p1a: Mew
|-damage|p1a: Mew|57/100
|-boost|p2a: Excadrill|spe|1
|-sideend|p2: Darkortex|Spikes|[from] move: Rapid Spin|[of] p2a: Excadrill
|-sideend|p2: Darkortex|Stealth Rock|[from] move: Rapid Spin|[of] p2a: Excadrill
|
|-weather|Sandstorm|[upkeep]
|-damage|p1a: Mew|50/100|[from] Sandstorm
|upkeep
|turn|10
|j| honestly nevermind
|
|t:|1661046844
|move|p2a: Excadrill|Rapid Spin|p1a: Mew
|-damage|p1a: Mew|25/100
|-boost|p2a: Excadrill|spe|1
|move|p1a: Mew|Stealth Rock|p2a: Excadrill
|-sidestart|p2: Darkortex|move: Stealth Rock
|
|-weather|Sandstorm|[upkeep]
|-damage|p1a: Mew|19/100|[from] Sandstorm
|upkeep
|turn|11
|
|t:|1661046851
|move|p2a: Excadrill|Rapid Spin|p1a: Mew
|-damage|p1a: Mew|0 fnt
|-boost|p2a: Excadrill|spe|1
|-sideend|p2: Darkortex|Stealth Rock|[from] move: Rapid Spin|[of] p2a: Excadrill
|faint|p1a: Mew
|
|-weather|Sandstorm|[upkeep]
|upkeep
|
|t:|1661046853
|switch|p1a: Crawdaunt|Crawdaunt, F, shiny|100/100
|turn|12
|
|t:|1661046858
|switch|p2a: Rotom|Rotom-Wash|100/100
|move|p1a: Crawdaunt|Knock Off|p2a: Rotom
|-damage|p2a: Rotom|25/100
|-enditem|p2a: Rotom|Leftovers|[from] move: Knock Off|[of] p1a: Crawdaunt
|-damage|p1a: Crawdaunt|91/100|[from] item: Life Orb
|
|-weather|none
|upkeep
|turn|13
|
|t:|1661046862
|switch|p1a: Garchomp|Garchomp, M, shiny|100/100
|move|p2a: Rotom|Pain Split|p1a: Garchomp
|-sethp|p1a: Garchomp|61/100|[from] move: Pain Split|[silent]
|-sethp|p2a: Rotom|72/100|[from] move: Pain Split
|
|upkeep
|turn|14
|
|t:|1661046865
|move|p1a: Garchomp|Swords Dance|p1a: Garchomp
|-boost|p1a: Garchomp|atk|2
|move|p2a: Rotom|Will-O-Wisp|p1a: Garchomp
|-status|p1a: Garchomp|brn
|-enditem|p1a: Garchomp|Lum Berry|[eat]
|-curestatus|p1a: Garchomp|brn|[msg]
|
|upkeep
|turn|15
|
|t:|1661046873
|switch|p2a: Skarmory|Skarmory, M|100/100
|move|p1a: Garchomp|Scale Shot|p2a: Skarmory
|-resisted|p2a: Skarmory
|-damage|p2a: Skarmory|93/100
|-resisted|p2a: Skarmory
|-damage|p2a: Skarmory|86/100
|-resisted|p2a: Skarmory
|-damage|p2a: Skarmory|77/100
|-resisted|p2a: Skarmory
|-damage|p2a: Skarmory|69/100
|-resisted|p2a: Skarmory
|-damage|p2a: Skarmory|61/100
|-hitcount|p2a: Skarmory|5
|-unboost|p1a: Garchomp|def|1
|-boost|p1a: Garchomp|spe|1
|
|upkeep
|turn|16
|
|t:|1661046878
|move|p1a: Garchomp|Fire Fang|p2a: Skarmory
|-supereffective|p2a: Skarmory
|-damage|p2a: Skarmory|8/100
|-damage|p1a: Garchomp|44/100|[from] item: Rocky Helmet|[of] p2a: Skarmory
|cant|p2a: Skarmory|flinch
|
|upkeep
|turn|17
|
|t:|1661046882
|move|p1a: Garchomp|Fire Fang|p2a: Skarmory
|-supereffective|p2a: Skarmory
|-damage|p2a: Skarmory|0 fnt
|-damage|p1a: Garchomp|28/100|[from] item: Rocky Helmet|[of] p2a: Skarmory
|faint|p2a: Skarmory
|
|upkeep
|
|t:|1661046886
|switch|p2a: Tyranitar|Tyranitar, F|76/100
|-weather|Sandstorm|[from] ability: Sand Stream|[of] p2a: Tyranitar
|turn|18
|
|t:|1661046897
|move|p1a: Garchomp|Scale Shot|p2a: Tyranitar|[miss]
|-miss|p1a: Garchomp|p2a: Tyranitar
|move|p2a: Tyranitar|Ice Beam|p1a: Garchomp
|-supereffective|p1a: Garchomp
|-damage|p1a: Garchomp|0 fnt
|faint|p1a: Garchomp
|
|-weather|Sandstorm|[upkeep]
|-heal|p2a: Tyranitar|82/100|[from] item: Leftovers
|upkeep
|j| lopunny-mega-x
|j| Byron Gym Leader
|l| lopunny-mega-x
|j| Pluie d'ete
|j| LT94JE aquy
|l| Byron Gym Leader
|
|t:|1661046922
|switch|p1a: Crawdaunt|Crawdaunt, F, shiny|91/100
|turn|19
|
|t:|1661046924
|move|p1a: Crawdaunt|Crabhammer|p2a: Tyranitar
|-supereffective|p2a: Tyranitar
|-damage|p2a: Tyranitar|0 fnt
|faint|p2a: Tyranitar
|-damage|p1a: Crawdaunt|81/100|[from] item: Life Orb
|
|-weather|Sandstorm|[upkeep]
|-damage|p1a: Crawdaunt|75/100|[from] Sandstorm
|upkeep
|j| icu now
|
|t:|1661046927
|switch|p2a: Rotom|Rotom-Wash|72/100
|turn|20
|l| icu now
|
|t:|1661046931
|move|p2a: Rotom|Volt Switch|p1a: Crawdaunt
|-supereffective|p1a: Crawdaunt
|-damage|p1a: Crawdaunt|0 fnt
|faint|p1a: Crawdaunt
|
|t:|1661046933
|switch|p2a: Excadrill|Excadrill, M|82/100|[from]move: Volt Switch
|
|-weather|Sandstorm|[upkeep]
|upkeep
|
|t:|1661046935
|switch|p1a: Celesteela|Celesteela, shiny|100/100
|turn|21
|
|t:|1661046938
|move|p2a: Excadrill|Rock Slide|p1a: Celesteela
|-crit|p1a: Celesteela
|-damage|p1a: Celesteela|40/100
|move|p1a: Celesteela|Flamethrower|p2a: Excadrill
|-supereffective|p2a: Excadrill
|-damage|p2a: Excadrill|5/100
|
|-weather|Sandstorm|[upkeep]
|upkeep
|turn|22
|j| LT94JE Elfu
|
|t:|1661046943
|move|p2a: Excadrill|Rock Slide|p1a: Celesteela|[miss]
|-miss|p2a: Excadrill|p1a: Celesteela
|move|p1a: Celesteela|Flamethrower|p2a: Excadrill
|-supereffective|p2a: Excadrill
|-damage|p2a: Excadrill|0 fnt
|faint|p2a: Excadrill
|-ability|p1a: Celesteela|Beast Boost|boost
|-boost|p1a: Celesteela|spa|1
|
|-weather|none
|upkeep
|
|t:|1661046946
|switch|p2a: Rotom|Rotom-Wash|72/100
|turn|23
|
|t:|1661046947
|move|p2a: Rotom|Volt Switch|p1a: Celesteela
|-supereffective|p1a: Celesteela
|-damage|p1a: Celesteela|0 fnt
|faint|p1a: Celesteela
|
|upkeep
|
|t:|1661046950
|switch|p1a: Weavile|Weavile, F, shiny|75/100
|-ability|p1a: Weavile|Pressure
|turn|24
|
|t:|1661046955
|move|p1a: Weavile|Swords Dance|p1a: Weavile
|-boost|p1a: Weavile|atk|2
|move|p2a: Rotom|Will-O-Wisp|p1a: Weavile
|-status|p1a: Weavile|brn
|
|-damage|p1a: Weavile|68/100 brn|[from] brn
|upkeep
|turn|25
|
|t:|1661046961
|move|p1a: Weavile|Swords Dance|p1a: Weavile
|-boost|p1a: Weavile|atk|2
|move|p2a: Rotom|Pain Split|p1a: Weavile
|-sethp|p1a: Weavile|73/100 brn|[from] move: Pain Split|[silent]
|-sethp|p2a: Rotom|67/100|[from] move: Pain Split
|
|-damage|p1a: Weavile|67/100 brn|[from] brn
|upkeep
|turn|26
|l| LT94JE aquy
|inactive|lt94je polt has 120 seconds left.
|
|t:|1661046992
|move|p1a: Weavile|Swords Dance|p1a: Weavile
|-boost|p1a: Weavile|atk|2
|move|p2a: Rotom|Hydro Pump|p1a: Weavile|[miss]
|-miss|p2a: Rotom|p1a: Weavile
|
|-damage|p1a: Weavile|61/100 brn|[from] brn
|upkeep
|turn|27
|j| turtledoggo1
|
|t:|1661046997
|move|p1a: Weavile|Knock Off|p2a: Rotom
|-damage|p2a: Rotom|0 fnt
|faint|p2a: Rotom
|-damage|p1a: Weavile|51/100 brn|[from] item: Life Orb
|
|win|lt94je polt
|raw|lt94je polt's rating: 1734 &rarr; <strong>1752</strong><br />(+18 for winning)
|raw|Darkortex's rating: 1695 &rarr; <strong>1677</strong><br />(-18 for losing)
|l| LT94JE Elfu
|l|☆Darkortex
