|html|<div class="broadcast-blue"><strong>[Gen 8] OU is currently suspecting Melmetal! For information on how to participate check out the <a href="https://www.smogon.com/forums/threads/np-ss-ou-suspect-process-round-12-monster-mash.3709234/">suspect thread</a>.</strong></div>
|j|☆Neon83
|j|☆HQSNonsense
|t:|1666457182
|gametype|singles
|player|p1|Neon83|acetrainerf-gen4dp|1649
|player|p2|HQSNonsense|veteranf|1675
|teamsize|p1|6
|teamsize|p2|6
|gen|8
|tier|[Gen 8] OU
|rated|
|rule|Sleep Clause Mod: Limit one foe put to sleep
|rule|Species Clause: Limit one of each Pokémon
|rule|OHKO Clause: OHKO moves are banned
|rule|Evasion Items Clause: Evasion items are banned
|rule|Evasion Moves Clause: Evasion moves are banned
|rule|Endless Battle Clause: Forcing endless battles is banned
|rule|HP Percentage Mod: HP is shown in percentages
|rule|Dynamax Clause: You cannot dynamax
|clearpoke
|poke|p1|Mew|
|poke|p1|Weavile, F|
|poke|p1|Celesteela|
|poke|p1|Garchomp, F|
|poke|p1|Blacephalon|
|poke|p1|Crawdaunt, F|
|poke|p2|Dragapult, M|
|poke|p2|Weavile, F|
|poke|p2|Rillaboom, F|
|poke|p2|Nihilego|
|poke|p2|Garchomp, M|
|poke|p2|Celesteela|
|teampreview
|inactive|Battle timer is ON: inactive players will automatically lose when time's up. (requested by Neon83)
|
|t:|1666457189
|start
|switch|p1a: Mew|Mew|100/100
|switch|p2a: Garchomp|Garchomp, M|100/100
|turn|1
|
|t:|1666457209
|move|p2a: Garchomp|Stealth Rock|p1a: Mew
|-sidestart|p1: Neon83|move: Stealth Rock
|move|p1a: Mew|Taunt|p2a: Garchomp
|-start|p2a: Garchomp|move: Taunt
|
|upkeep
|turn|2
|
|t:|1666457225
|switch|p2a: Dragapult|Dragapult, M|100/100
|move|p1a: Mew|Stealth Rock|p2a: Dragapult
|-sidestart|p2: HQSNonsense|move: Stealth Rock
|
|upkeep
|turn|3
|
|t:|1666457229
|move|p2a: Dragapult|Dragon Dance|p2a: Dragapult
|-boost|p2a: Dragapult|atk|1
|-boost|p2a: Dragapult|spe|1
|move|p1a: Mew|Thunder Wave|p2a: Dragapult
|-status|p2a: Dragapult|par
|
|upkeep
|turn|4
|
|t:|1666457238
|move|p1a: Mew|Taunt|p2a: Dragapult
|-start|p2a: Dragapult|move: Taunt
|cant|p2a: Dragapult|move: Taunt|Dragon Dance
|
|upkeep
|turn|5
|
|t:|1666457242
|move|p1a: Mew|Spikes|p2a: Dragapult
|-sidestart|p2: HQSNonsense|Spikes
|cant|p2a: Dragapult|par
|
|upkeep
|turn|6
|
|t:|1666457248
|move|p1a: Mew|Spikes|p2a: Dragapult
|-sidestart|p2: HQSNonsense|Spikes
|move|p2a: Dragapult|Phantom Force||[still]
|-prepare|p2a: Dragapult|Phantom Force
|
|-end|p2a: Dragapult|move: Taunt
|upkeep
|turn|7
|
|t:|1666457253
|move|p1a: Mew|Spikes|p2a: Dragapult
|-sidestart|p2: HQSNonsense|Spikes
|move|p2a: Dragapult|Phantom Force|p1a: Mew|[from]lockedmove
|-supereffective|p1a: Mew
|-damage|p1a: Mew|0 fnt
|faint|p1a: Mew
|
|upkeep
|
|t:|1666457263
|switch|p1a: Crawdaunt|Crawdaunt, F|100/100
|-damage|p1a: Crawdaunt|88/100|[from] Stealth Rock
|turn|8
|
|t:|1666457267
|cant|p2a: Dragapult|par
|move|p1a: Crawdaunt|Knock Off|p2a: Dragapult
|-supereffective|p2a: Dragapult
|-damage|p2a: Dragapult|0 fnt
|-enditem|p2a: Dragapult|Leftovers|[from] move: Knock Off|[of] p1a: Crawdaunt
|faint|p2a: Dragapult
|-damage|p1a: Crawdaunt|78/100|[from] item: Life Orb
|
|upkeep
|
|t:|1666457287
|switch|p2a: Celesteela|Celesteela|100/100
|-damage|p2a: Celesteela|88/100|[from] Stealth Rock
|turn|9
|
|t:|1666457291
|move|p2a: Celesteela|Meteor Beam||[still]
|-prepare|p2a: Celesteela|Meteor Beam
|-boost|p2a: Celesteela|spa|1
|-enditem|p2a: Celesteela|Power Herb
|-anim|p2a: Celesteela|Meteor Beam|p1a: Crawdaunt
|-damage|p1a: Crawdaunt|0 fnt
|faint|p1a: Crawdaunt
|-ability|p2a: Celesteela|Beast Boost|boost
|-boost|p2a: Celesteela|spa|1
|
|upkeep
|
|t:|1666457300
|switch|p1a: Blacephalon|Blacephalon|100/100
|-damage|p1a: Blacephalon|76/100|[from] Stealth Rock
|turn|10
|j| Crowv2
|
|t:|1666457309
|move|p1a: Blacephalon|Flamethrower|p2a: Celesteela
|-supereffective|p2a: Celesteela
|-damage|p2a: Celesteela|0 fnt
|faint|p2a: Celesteela
|-ability|p1a: Blacephalon|Beast Boost|boost
|-boost|p1a: Blacephalon|spa|1
|
|upkeep
|
|t:|1666457312
|switch|p2a: Nihilego|Nihilego|100/100
|-damage|p2a: Nihilego|88/100|[from] Stealth Rock
|-damage|p2a: Nihilego|63/100|[from] Spikes
|turn|11
|
|t:|1666457322
|move|p1a: Blacephalon|Flamethrower|p2a: Nihilego
|-resisted|p2a: Nihilego
|-damage|p2a: Nihilego|34/100
|move|p2a: Nihilego|Meteor Beam||[still]
|-prepare|p2a: Nihilego|Meteor Beam
|-boost|p2a: Nihilego|spa|1
|-enditem|p2a: Nihilego|Power Herb
|-anim|p2a: Nihilego|Meteor Beam|p1a: Blacephalon
|-supereffective|p1a: Blacephalon
|-damage|p1a: Blacephalon|0 fnt
|faint|p1a: Blacephalon
|-ability|p2a: Nihilego|Beast Boost|boost
|-boost|p2a: Nihilego|spe|1
|
|upkeep
|
|t:|1666457336
|switch|p1a: Garchomp|Garchomp, F|100/100
|-damage|p1a: Garchomp|94/100|[from] Stealth Rock
|turn|12
|
|t:|1666457344
|move|p2a: Nihilego|Grass Knot|p1a: Garchomp
|-damage|p1a: Garchomp|54/100
|-damage|p2a: Nihilego|22/100|[from] ability: Rough Skin|[of] p1a: Garchomp
|move|p1a: Garchomp|Earthquake|p2a: Nihilego
|-supereffective|p2a: Nihilego
|-damage|p2a: Nihilego|0 fnt
|faint|p2a: Nihilego
|
|upkeep
|
|t:|1666457359
|switch|p2a: Weavile|Weavile, F|100/100
|-damage|p2a: Weavile|76/100|[from] Stealth Rock
|-damage|p2a: Weavile|51/100|[from] Spikes
|-ability|p2a: Weavile|Pressure
|turn|13
|
|t:|1666457368
|switch|p1a: Weavile|Weavile, F|100/100
|-damage|p1a: Weavile|76/100|[from] Stealth Rock
|-ability|p1a: Weavile|Pressure
|move|p2a: Weavile|Ice Shard|p1a: Weavile
|-resisted|p1a: Weavile
|-damage|p1a: Weavile|51/100
|-damage|p2a: Weavile|41/100|[from] item: Life Orb
|
|upkeep
|turn|14
|
|t:|1666457384
|move|p2a: Weavile|Low Kick|p1a: Weavile
|-supereffective|p1a: Weavile
|-damage|p1a: Weavile|0 fnt
|faint|p1a: Weavile
|-damage|p2a: Weavile|31/100|[from] item: Life Orb
|
|upkeep
|
|t:|1666457388
|switch|p1a: Celesteela|Celesteela|100/100
|-damage|p1a: Celesteela|88/100|[from] Stealth Rock
|turn|15
|
|t:|1666457391
|move|p2a: Weavile|Knock Off|p1a: Celesteela
|-damage|p1a: Celesteela|18/100
|-enditem|p1a: Celesteela|Power Herb|[from] move: Knock Off|[of] p2a: Weavile
|-damage|p2a: Weavile|21/100|[from] item: Life Orb
|move|p1a: Celesteela|Autotomize|p1a: Celesteela
|-boost|p1a: Celesteela|spe|2
|-start|p1a: Celesteela|Autotomize
|
|upkeep
|turn|16
|
|t:|1666457398
|move|p2a: Weavile|Ice Shard|p1a: Celesteela
|-damage|p1a: Celesteela|0 fnt
|faint|p1a: Celesteela
|-damage|p2a: Weavile|11/100|[from] item: Life Orb
|
|upkeep
|
|t:|1666457401
|switch|p1a: Garchomp|Garchomp, F|54/100
|-damage|p1a: Garchomp|48/100|[from] Stealth Rock
|turn|17
|
|t:|1666457404
|move|p2a: Weavile|Ice Shard|p1a: Garchomp
|-supereffective|p1a: Garchomp
|-damage|p1a: Garchomp|0 fnt
|faint|p1a: Garchomp
|-damage|p2a: Weavile|1/100|[from] item: Life Orb
|
|win|HQSNonsense
|raw|Neon83's rating: 1649 &rarr; <strong>1630</strong><br />(-19 for losing)
|raw|HQSNonsense's rating: 1675 &rarr; <strong>1694</strong><br />(+19 for winning)
|c|☆Neon83|ggg
