|j|☆Huskothy
|j|☆minimax_ai
|t:|1664898873
|gametype|singles
|player|p1|Huskothy|lucas|1515
|player|p2|minimax_ai|lusamine-nihilego|1489
|teamsize|p1|6
|teamsize|p2|6
|gen|8
|tier|[Gen 8] OU
|rated|
|rule|Sleep Clause Mod: Limit one foe put to sleep
|rule|Species Clause: Limit one of each Pokémon
|rule|OHKO Clause: OHKO moves are banned
|rule|Evasion Items Clause: Evasion items are banned
|rule|Evasion Moves Clause: Evasion moves are banned
|rule|Endless Battle Clause: Forcing endless battles is banned
|rule|HP Percentage Mod: HP is shown in percentages
|rule|Dynamax Clause: You cannot dynamax
|clearpoke
|poke|p1|Shuckle, F|
|poke|p1|Umbreon, F|
|poke|p1|Garchomp, F|
|poke|p1|Volcanion|
|poke|p1|Zapdos|
|poke|p1|Buzzwole|
|poke|p2|Rotom-Wash|
|poke|p2|Weavile, F|
|poke|p2|Landorus-Therian, M|
|poke|p2|Heatran, M|
|poke|p2|Tangrowth, M|
|poke|p2|Melmetal|
|teampreview
|c|☆minimax_ai|hf
|inactive|Battle timer is ON: inactive players will automatically lose when time's up. (requested by minimax_ai)
|c|☆Huskothy|u2
|
|t:|1664898894
|start
|switch|p1a: Volcanion|Volcanion|100/100
|switch|p2a: rotomwash|Rotom-Wash|100/100
|turn|1
|
|t:|1664898903
|switch|p1a: Zapdos|Zapdos|100/100
|move|p2a: rotomwash|Thunderbolt|p1a: Zapdos
|-damage|p1a: Zapdos|58/100
|
|upkeep
|turn|2
|
|t:|1664898905
|move|p1a: Zapdos|Volt Switch|p2a: rotomwash
|-damage|p2a: rotomwash|65/100
|
|t:|1664898909
|switch|p1a: Umbreon|Umbreon, F|100/100|[from]move: Volt Switch
|move|p2a: rotomwash|Hydro Pump|p1a: Umbreon
|-damage|p1a: Umbreon|77/100
|
|-heal|p2a: rotomwash|71/100|[from] item: Leftovers
|-heal|p1a: Umbreon|83/100|[from] item: Leftovers
|upkeep
|turn|3
|
|t:|1664898911
|move|p2a: rotomwash|Nasty Plot|p2a: rotomwash
|-boost|p2a: rotomwash|spa|2
|move|p1a: Umbreon|Wish|p1a: Umbreon
|
|-heal|p2a: rotomwash|77/100|[from] item: Leftovers
|-heal|p1a: Umbreon|89/100|[from] item: Leftovers
|upkeep
|turn|4
|
|t:|1664898923
|move|p2a: rotomwash|Nasty Plot|p2a: rotomwash
|-boost|p2a: rotomwash|spa|2
|move|p1a: Umbreon|Foul Play|p2a: rotomwash
|-damage|p2a: rotomwash|54/100
|
|-heal|p1a: Umbreon|100/100|[from] move: Wish|[wisher] Umbreon
|-heal|p2a: rotomwash|61/100|[from] item: Leftovers
|upkeep
|turn|5
|
|t:|1664898929
|move|p2a: rotomwash|Pain Split|p1a: Umbreon
|-sethp|p1a: Umbreon|74/100|[from] move: Pain Split|[silent]
|-sethp|p2a: rotomwash|95/100|[from] move: Pain Split
|move|p1a: Umbreon|Wish|p1a: Umbreon
|
|-heal|p2a: rotomwash|100/100|[from] item: Leftovers
|-heal|p1a: Umbreon|80/100|[from] item: Leftovers
|upkeep
|turn|6
|
|t:|1664898931
|switch|p1a: Zapdos|Zapdos|58/100
|move|p2a: rotomwash|Hydro Pump|p1a: Zapdos
|-damage|p1a: Zapdos|0 fnt
|faint|p1a: Zapdos
|
|upkeep
|
|t:|1664898933
|switch|p1a: Garchomp|Garchomp, F|100/100
|turn|7
|
|t:|1664898935
|move|p1a: Garchomp|Swords Dance|p1a: Garchomp
|-boost|p1a: Garchomp|atk|2
|move|p2a: rotomwash|Hydro Pump|p1a: Garchomp
|-damage|p1a: Garchomp|0 fnt
|faint|p1a: Garchomp
|
|upkeep
|c|☆Huskothy|gg
|-message|Huskothy forfeited.
|
|win|minimax_ai
|raw|Huskothy's rating: 1515 &rarr; <strong>1494</strong><br />(-21 for losing)
|raw|minimax_ai's rating: 1489 &rarr; <strong>1510</strong><br />(+21 for winning)
|c|☆minimax_ai|gg
|l|☆Huskothy
