|j|☆ldailey19
|j|☆minimax_ai
|t:|1662535942
|gametype|singles
|player|p1|ldailey19|lance|1432
|player|p2|minimax_ai|lusamine-nihilego|1472
|teamsize|p1|6
|teamsize|p2|6
|gen|8
|tier|[Gen 8] OU
|rated|
|rule|Sleep Clause Mod: Limit one foe put to sleep
|rule|Species Clause: Limit one of each Pokémon
|rule|OHKO Clause: OHKO moves are banned
|rule|Evasion Items Clause: Evasion items are banned
|rule|Evasion Moves Clause: Evasion moves are banned
|rule|Endless Battle Clause: Forcing endless battles is banned
|rule|HP Percentage Mod: HP is shown in percentages
|rule|Dynamax Clause: You cannot dynamax
|clearpoke
|poke|p1|Magnezone|
|poke|p1|Weavile, F|
|poke|p1|Urshifu-*, M|
|poke|p1|Heatran, M|
|poke|p1|Landorus-Therian, M|
|poke|p1|Dragapult, F|
|poke|p2|Rotom-Wash|
|poke|p2|Weavile, M|
|poke|p2|Landorus-Therian, M|
|poke|p2|Heatran, M|
|poke|p2|Tangrowth, M|
|poke|p2|Melmetal|
|teampreview
|inactive|Battle timer is ON: inactive players will automatically lose when time's up. (requested by ldailey19)
|c|☆minimax_ai|hf
|inactive|minimax_ai also wants the timer to be on.
|
|t:|1662535960
|start
|switch|p1a: Dragapult|Dragapult, F, shiny|100/100
|switch|p2a: rotomwash|Rotom-Wash|100/100
|turn|1
|
|t:|1662535969
|switch|p2a: Melmetal|Melmetal|100/100
|move|p1a: Dragapult|U-turn|p2a: Melmetal
|-resisted|p2a: Melmetal
|-damage|p2a: Melmetal|94/100
|
|t:|1662535980
|switch|p1a: Landorus|Landorus-Therian, M|100/100|[from]move: U-turn
|-ability|p1a: Landorus|Intimidate|boost
|-unboost|p2a: Melmetal|atk|1
|
|upkeep
|turn|2
|
|t:|1662535984
|move|p1a: Landorus|Earthquake|p2a: Melmetal
|-supereffective|p2a: Melmetal
|-damage|p2a: Melmetal|44/100
|move|p2a: Melmetal|Ice Punch|p1a: Landorus
|-supereffective|p1a: Landorus
|-damage|p1a: Landorus|36/100
|-status|p1a: Landorus|frz
|-damage|p2a: Melmetal|27/100|[from] item: Rocky Helmet|[of] p1a: Landorus
|
|upkeep
|turn|3
|
|t:|1662535997
|switch|p2a: landorustherian|Landorus-Therian, M|100/100
|-ability|p2a: landorustherian|Intimidate|boost
|-unboost|p1a: Landorus|atk|1
|cant|p1a: Landorus|frz
|
|upkeep
|turn|4
|
|t:|1662536002
|cant|p1a: Landorus|frz
|move|p2a: landorustherian|Earthquake|p1a: Landorus
|-immune|p1a: Landorus
|
|upkeep
|turn|5
|
|t:|1662536007
|cant|p1a: Landorus|frz
|move|p2a: landorustherian|Earthquake|p1a: Landorus
|-immune|p1a: Landorus
|
|upkeep
|turn|6
|
|t:|1662536012
|cant|p1a: Landorus|frz
|move|p2a: landorustherian|Earthquake|p1a: Landorus
|-immune|p1a: Landorus
|
|upkeep
|turn|7
|
|t:|1662536017
|cant|p1a: Landorus|frz
|move|p2a: landorustherian|Earthquake|p1a: Landorus
|-immune|p1a: Landorus
|
|upkeep
|turn|8
|
|t:|1662536022
|-curestatus|p1a: Landorus|frz|[msg]
|move|p1a: Landorus|Stealth Rock|p2a: landorustherian
|-sidestart|p2: minimax_ai|move: Stealth Rock
|move|p2a: landorustherian|Earthquake|p1a: Landorus
|-immune|p1a: Landorus
|
|upkeep
|turn|9
|
|t:|1662536028
|move|p1a: Landorus|Knock Off|p2a: landorustherian
|-damage|p2a: landorustherian|82/100
|-enditem|p2a: landorustherian|Leftovers|[from] move: Knock Off|[of] p1a: Landorus
|move|p2a: landorustherian|Defog|p1a: Landorus
|-unboost|p1a: Landorus|evasion|1
|-sideend|p2: minimax_ai|Stealth Rock|[from] move: Defog|[of] p2a: landorustherian
|
|upkeep
|turn|10
|
|t:|1662536037
|move|p1a: Landorus|Stealth Rock|p2a: landorustherian
|-sidestart|p2: minimax_ai|move: Stealth Rock
|move|p2a: landorustherian|Earthquake|p1a: Landorus
|-immune|p1a: Landorus
|
|upkeep
|turn|11
|
|t:|1662536042
|move|p1a: Landorus|Knock Off|p2a: landorustherian
|-damage|p2a: landorustherian|69/100
|move|p2a: landorustherian|Defog|p1a: Landorus
|-unboost|p1a: Landorus|evasion|1
|-sideend|p2: minimax_ai|Stealth Rock|[from] move: Defog|[of] p2a: landorustherian
|
|upkeep
|turn|12
|
|t:|1662536049
|move|p1a: Landorus|Knock Off|p2a: landorustherian
|-damage|p2a: landorustherian|55/100
|move|p2a: landorustherian|Earthquake|p1a: Landorus
|-immune|p1a: Landorus
|
|upkeep
|turn|13
|
|t:|1662536054
|move|p1a: Landorus|Knock Off|p2a: landorustherian
|-damage|p2a: landorustherian|42/100
|move|p2a: landorustherian|Earthquake|p1a: Landorus
|-immune|p1a: Landorus
|
|upkeep
|turn|14
|
|t:|1662536064
|move|p1a: Landorus|Knock Off|p2a: landorustherian
|-damage|p2a: landorustherian|29/100
|move|p2a: landorustherian|Earthquake|p1a: Landorus
|-immune|p1a: Landorus
|
|upkeep
|turn|15
|
|t:|1662536070
|move|p1a: Landorus|Knock Off|p2a: landorustherian
|-damage|p2a: landorustherian|15/100
|move|p2a: landorustherian|Earthquake|p1a: Landorus
|-immune|p1a: Landorus
|
|upkeep
|turn|16
|
|t:|1662536078
|move|p1a: Landorus|Knock Off|p2a: landorustherian
|-damage|p2a: landorustherian|2/100
|move|p2a: landorustherian|Earthquake|p1a: Landorus
|-immune|p1a: Landorus
|
|upkeep
|turn|17
|
|t:|1662536084
|switch|p2a: Heatran|Heatran, M|100/100
|-item|p2a: Heatran|Air Balloon
|move|p1a: Landorus|Stealth Rock|p2a: Heatran
|-sidestart|p2: minimax_ai|move: Stealth Rock
|
|upkeep
|turn|18
|
|t:|1662536092
|move|p2a: Heatran|Stealth Rock|p1a: Landorus
|-sidestart|p1: ldailey19|move: Stealth Rock
|move|p1a: Landorus|Knock Off|p2a: Heatran
|-damage|p2a: Heatran|81/100
|-enditem|p2a: Heatran|Air Balloon
|
|upkeep
|turn|19
|
|t:|1662536103
|switch|p1a: Heatran|Heatran, M, shiny|100/100
|-damage|p1a: Heatran|88/100|[from] Stealth Rock
|-item|p1a: Heatran|Air Balloon
|move|p2a: Heatran|Magma Storm|p1a: Heatran
|-start|p1a: Heatran|ability: Flash Fire
|
|upkeep
|turn|20
|
|t:|1662536110
|switch|p2a: landorustherian|Landorus-Therian, M|2/100
|-damage|p2a: landorustherian|0 fnt|[from] Stealth Rock
|faint|p2a: landorustherian
|move|p1a: Heatran|Toxic|p2: landorustherian|[notarget]
|-fail|p1a: Heatran
|
|upkeep
|
|t:|1662536110
|switch|p2a: rotomwash|Rotom-Wash|100/100
|-damage|p2a: rotomwash|88/100|[from] Stealth Rock
|turn|21
|
|t:|1662536116
|move|p1a: Heatran|Protect|p1a: Heatran
|-singleturn|p1a: Heatran|Protect
|move|p2a: rotomwash|Thunderbolt|p1a: Heatran
|-activate|p1a: Heatran|move: Protect
|
|-heal|p2a: rotomwash|94/100|[from] item: Leftovers
|upkeep
|turn|22
|
|t:|1662536134
|-end|p1a: Heatran|ability: Flash Fire|[silent]
|switch|p1a: Magnezone|Magnezone, shiny|100/100
|-damage|p1a: Magnezone|94/100|[from] Stealth Rock
|move|p2a: rotomwash|Thunderbolt|p1a: Magnezone
|-resisted|p1a: Magnezone
|-damage|p1a: Magnezone|82/100
|
|-heal|p2a: rotomwash|100/100|[from] item: Leftovers
|upkeep
|turn|23
|
|t:|1662536138
|move|p2a: rotomwash|Nasty Plot|p2a: rotomwash
|-boost|p2a: rotomwash|spa|2
|move|p1a: Magnezone|Volt Switch|p2a: rotomwash
|-damage|p2a: rotomwash|47/100
|inactive|ldailey19 has 120 seconds left.
|
|t:|1662536171
|switch|p1a: Urshifu|Urshifu-Rapid-Strike, M|100/100|[from]move: Volt Switch
|-damage|p1a: Urshifu|94/100|[from] Stealth Rock
|
|-heal|p2a: rotomwash|53/100|[from] item: Leftovers
|upkeep
|turn|24
|
|t:|1662536173
|switch|p2a: Tangrowth|Tangrowth, M|100/100
|-damage|p2a: Tangrowth|88/100|[from] Stealth Rock
|move|p1a: Urshifu|Close Combat|p2a: Tangrowth
|-damage|p2a: Tangrowth|54/100
|-unboost|p1a: Urshifu|def|1
|-unboost|p1a: Urshifu|spd|1
|-damage|p1a: Urshifu|78/100|[from] item: Rocky Helmet|[of] p2a: Tangrowth
|
|upkeep
|turn|25
|
|t:|1662536185
|switch|p1a: Landorus|Landorus-Therian, M|36/100
|-damage|p1a: Landorus|24/100|[from] Stealth Rock
|-ability|p1a: Landorus|Intimidate|boost
|-unboost|p2a: Tangrowth|atk|1
|move|p2a: Tangrowth|Sleep Powder|p1a: Landorus
|-status|p1a: Landorus|slp|[from] move: Sleep Powder
|
|upkeep
|turn|26
|inactive|ldailey19 has 120 seconds left.
|
|t:|1662536208
|switch|p1a: Heatran|Heatran, M, shiny|88/100
|-damage|p1a: Heatran|75/100|[from] Stealth Rock
|-item|p1a: Heatran|Air Balloon
|move|p2a: Tangrowth|Knock Off|p1a: Heatran
|-damage|p1a: Heatran|62/100
|-enditem|p1a: Heatran|Air Balloon
|
|upkeep
|turn|27
|
|t:|1662536216
|switch|p2a: rotomwash|Rotom-Wash|53/100
|-damage|p2a: rotomwash|41/100|[from] Stealth Rock
|move|p1a: Heatran|Flamethrower|p2a: rotomwash
|-resisted|p2a: rotomwash
|-damage|p2a: rotomwash|20/100
|
|-heal|p2a: rotomwash|26/100|[from] item: Leftovers
|upkeep
|turn|28
|
|t:|1662536225
|switch|p1a: Magnezone|Magnezone, shiny|82/100
|-damage|p1a: Magnezone|76/100|[from] Stealth Rock
|move|p2a: rotomwash|Pain Split|p1a: Magnezone
|-sethp|p1a: Magnezone|50/100|[from] move: Pain Split|[silent]
|-sethp|p2a: rotomwash|56/100|[from] move: Pain Split
|
|-heal|p2a: rotomwash|62/100|[from] item: Leftovers
|upkeep
|turn|29
|
|t:|1662536235
|move|p2a: rotomwash|Hydro Pump|p1a: Magnezone
|-damage|p1a: Magnezone|18/100
|move|p1a: Magnezone|Volt Switch|p2a: rotomwash
|-damage|p2a: rotomwash|4/100
|
|t:|1662536247
|switch|p1a: Weavile|Weavile, F|100/100|[from]move: Volt Switch
|-damage|p1a: Weavile|76/100|[from] Stealth Rock
|-ability|p1a: Weavile|Pressure
|
|-heal|p2a: rotomwash|10/100|[from] item: Leftovers
|upkeep
|turn|30
|
|t:|1662536250
|move|p1a: Weavile|Knock Off|p2a: rotomwash
|-damage|p2a: rotomwash|0 fnt
|-enditem|p2a: rotomwash|Leftovers|[from] move: Knock Off|[of] p1a: Weavile
|faint|p2a: rotomwash
|
|upkeep
|
|t:|1662536250
|switch|p2a: Heatran|Heatran, M|81/100
|-damage|p2a: Heatran|69/100|[from] Stealth Rock
|turn|31
|
|t:|1662536279
|switch|p1a: Magnezone|Magnezone, shiny|18/100
|-damage|p1a: Magnezone|12/100|[from] Stealth Rock
|move|p2a: Heatran|Magma Storm|p1a: Magnezone
|-supereffective|p1a: Magnezone
|-damage|p1a: Magnezone|0 fnt
|faint|p1a: Magnezone
|
|upkeep
|inactive|ldailey19 has 120 seconds left.
|
|t:|1662536301
|switch|p1a: Urshifu|Urshifu-Rapid-Strike, M|78/100
|-damage|p1a: Urshifu|72/100|[from] Stealth Rock
|turn|32
|
|t:|1662536303
|switch|p2a: Tangrowth|Tangrowth, M|87/100
|-damage|p2a: Tangrowth|75/100|[from] Stealth Rock
|move|p1a: Urshifu|Close Combat|p2a: Tangrowth
|-damage|p2a: Tangrowth|41/100
|-unboost|p1a: Urshifu|def|1
|-unboost|p1a: Urshifu|spd|1
|-damage|p1a: Urshifu|55/100|[from] item: Rocky Helmet|[of] p2a: Tangrowth
|
|upkeep
|turn|33
|inactive|ldailey19 has 120 seconds left.
|
|t:|1662536313
|switch|p1a: Landorus|Landorus-Therian, M|24/100 slp
|-damage|p1a: Landorus|12/100 slp|[from] Stealth Rock
|-ability|p1a: Landorus|Intimidate|boost
|-unboost|p2a: Tangrowth|atk|1
|move|p2a: Tangrowth|Focus Blast|p1a: Landorus
|-resisted|p1a: Landorus
|-damage|p1a: Landorus|0 fnt
|faint|p1a: Landorus
|
|upkeep
|inactive|ldailey19 has 120 seconds left.
|
|t:|1662536333
|switch|p1a: Dragapult|Dragapult, F, shiny|100/100
|-damage|p1a: Dragapult|88/100|[from] Stealth Rock
|turn|34
|
|t:|1662536342
|switch|p2a: Melmetal|Melmetal|27/100
|-damage|p2a: Melmetal|21/100|[from] Stealth Rock
|move|p1a: Dragapult|Flamethrower|p2a: Melmetal
|-supereffective|p2a: Melmetal
|-damage|p2a: Melmetal|0 fnt
|faint|p2a: Melmetal
|
|upkeep
|
|t:|1662536342
|switch|p2a: Heatran|Heatran, M|69/100
|-damage|p2a: Heatran|56/100|[from] Stealth Rock
|turn|35
|inactive|ldailey19 has 120 seconds left.
|
|t:|1662536357
|switch|p1a: Urshifu|Urshifu-Rapid-Strike, M|55/100
|-damage|p1a: Urshifu|49/100|[from] Stealth Rock
|move|p2a: Heatran|Magma Storm|p1a: Urshifu|[miss]
|-miss|p2a: Heatran|p1a: Urshifu
|
|upkeep
|turn|36
|inactive|ldailey19 has 120 seconds left.
|
|t:|1662536376
|switch|p1a: Heatran|Heatran, M, shiny|62/100
|-damage|p1a: Heatran|50/100|[from] Stealth Rock
|switch|p2a: Tangrowth|Tangrowth, M|74/100
|-damage|p2a: Tangrowth|61/100|[from] Stealth Rock
|
|upkeep
|turn|37
|
|t:|1662536382
|switch|p2a: Heatran|Heatran, M|56/100
|-damage|p2a: Heatran|44/100|[from] Stealth Rock
|move|p1a: Heatran|Earth Power|p2a: Heatran
|-supereffective|p2a: Heatran
|-damage|p2a: Heatran|0 fnt
|faint|p2a: Heatran
|
|upkeep
|
|t:|1662536382
|switch|p2a: Weavile|Weavile, M|100/100
|-damage|p2a: Weavile|76/100|[from] Stealth Rock
|-ability|p2a: Weavile|Pressure
|turn|38
|
|t:|1662536387
|move|p1a: Heatran|Protect|p1a: Heatran
|-singleturn|p1a: Heatran|Protect
|move|p2a: Weavile|Low Kick|p1a: Heatran
|-activate|p1a: Heatran|move: Protect
|
|upkeep
|turn|39
|
|t:|1662536394
|switch|p1a: Dragapult|Dragapult, F, shiny|88/100
|-damage|p1a: Dragapult|76/100|[from] Stealth Rock
|move|p2a: Weavile|Low Kick|p1a: Dragapult
|-immune|p1a: Dragapult
|
|upkeep
|turn|40
|
|t:|1662536398
|move|p1a: Dragapult|Flamethrower|p2a: Weavile
|-supereffective|p2a: Weavile
|-damage|p2a: Weavile|13/100
|move|p2a: Weavile|Low Kick|p1a: Dragapult
|-immune|p1a: Dragapult
|
|upkeep
|turn|41
|
|t:|1662536407
|move|p1a: Dragapult|Flamethrower|p2a: Weavile
|-supereffective|p2a: Weavile
|-damage|p2a: Weavile|0 fnt
|faint|p2a: Weavile
|
|upkeep
|
|t:|1662536407
|switch|p2a: Tangrowth|Tangrowth, M|95/100
|-damage|p2a: Tangrowth|82/100|[from] Stealth Rock
|turn|42
|
|t:|1662536410
|move|p1a: Dragapult|Flamethrower|p2a: Tangrowth
|-supereffective|p2a: Tangrowth
|-damage|p2a: Tangrowth|24/100
|move|p2a: Tangrowth|Focus Blast|p1a: Dragapult
|-immune|p1a: Dragapult
|
|upkeep
|turn|43
|
|t:|1662536417
|move|p1a: Dragapult|Flamethrower|p2a: Tangrowth
|-supereffective|p2a: Tangrowth
|-damage|p2a: Tangrowth|0 fnt
|faint|p2a: Tangrowth
|
|win|ldailey19
|raw|ldailey19's rating: 1432 &rarr; <strong>1454</strong><br />(+22 for winning)
|raw|minimax_ai's rating: 1472 &rarr; <strong>1450</strong><br />(-22 for losing)
|c|☆minimax_ai|gg
