|j|☆BigWes95
|j|☆RevampedTeam
|t:|1630173397
|gametype|singles
|player|p1|BigWes95|swimmer-gen4dp|1346
|player|p2|RevampedTeam|idol|1364
|teamsize|p1|6
|teamsize|p2|6
|gen|8
|tier|[Gen 8] OU
|rated|
|rule|Sleep Clause Mod: Limit one foe put to sleep
|rule|Species Clause: Limit one of each Pokémon
|rule|OHKO Clause: OHKO moves are banned
|rule|Evasion Moves Clause: Evasion moves are banned
|rule|Endless Battle Clause: Forcing endless battles is banned
|rule|HP Percentage Mod: HP is shown in percentages
|rule|Dynamax Clause: You cannot dynamax
|clearpoke
|poke|p1|Dragapult, F|
|poke|p1|Landorus-Therian, M|
|poke|p1|Kyurem|
|poke|p1|Kartana|
|poke|p1|Urshifu-*, F|
|poke|p1|Corviknight, M|
|poke|p2|Tapu Fini|
|poke|p2|Blissey, F|
|poke|p2|Corviknight, F|
|poke|p2|Blacephalon|
|poke|p2|Garchomp, F|
|poke|p2|Urshifu-*, M|
|teampreview
|inactive|Battle timer is ON: inactive players will automatically lose when time's up. (requested by RevampedTeam)
|
|t:|1630173405
|start
|switch|p1a: Claude|Urshifu-Rapid-Strike, F, shiny|100/100
|switch|p2a: Urshifu|Urshifu-Rapid-Strike, M|100/100
|turn|1
|
|t:|1630173413
|switch|p2a: Tapu Fini|Tapu Fini|100/100
|-fieldstart|move: Misty Terrain|[from] ability: Misty Surge|[of] p2a: Tapu Fini
|move|p1a: Claude|Surging Strikes|p2a: Tapu Fini
|-resisted|p2a: Tapu Fini
|-crit|p2a: Tapu Fini
|-damage|p2a: Tapu Fini|89/100
|-resisted|p2a: Tapu Fini
|-crit|p2a: Tapu Fini
|-damage|p2a: Tapu Fini|79/100
|-resisted|p2a: Tapu Fini
|-crit|p2a: Tapu Fini
|-damage|p2a: Tapu Fini|69/100
|-hitcount|p2a: Tapu Fini|3
|
|-heal|p2a: Tapu Fini|75/100|[from] item: Leftovers
|upkeep
|turn|2
|
|t:|1630173418
|switch|p1a: Corviknight|Corviknight, M|100/100
|-ability|p1a: Corviknight|Pressure
|move|p2a: Tapu Fini|Surf|p1a: Corviknight
|-damage|p1a: Corviknight|78/100
|
|-heal|p2a: Tapu Fini|81/100|[from] item: Leftovers
|upkeep
|turn|3
|
|t:|1630173425
|move|p2a: Tapu Fini|Calm Mind|p2a: Tapu Fini
|-boost|p2a: Tapu Fini|spa|1
|-boost|p2a: Tapu Fini|spd|1
|move|p1a: Corviknight|U-turn|p2a: Tapu Fini
|-resisted|p2a: Tapu Fini
|-damage|p2a: Tapu Fini|75/100
|
|t:|1630173431
|switch|p1a: Tony|Kartana, shiny|100/100|[from]move: U-turn
|
|-heal|p2a: Tapu Fini|82/100|[from] item: Leftovers
|upkeep
|turn|4
|
|t:|1630173433
|switch|p2a: Corviknight|Corviknight, F|100/100
|-ability|p2a: Corviknight|Pressure
|move|p1a: Tony|Leaf Blade|p2a: Corviknight
|-resisted|p2a: Corviknight
|-damage|p2a: Corviknight|91/100
|
|-heal|p2a: Corviknight|97/100|[from] item: Leftovers
|upkeep
|turn|5
|
|t:|1630173437
|switch|p1a: Dwight|Landorus-Therian, M, shiny|100/100
|-ability|p1a: Dwight|Intimidate|boost
|-unboost|p2a: Corviknight|atk|1
|move|p2a: Corviknight|Body Press|p1a: Dwight
|-resisted|p1a: Dwight
|-damage|p1a: Dwight|92/100
|
|-heal|p1a: Dwight|98/100|[from] item: Leftovers
|-heal|p2a: Corviknight|100/100|[from] item: Leftovers
|-fieldend|Misty Terrain
|upkeep
|turn|6
|
|t:|1630173441
|switch|p2a: Urshifu|Urshifu-Rapid-Strike, M|100/100
|move|p1a: Dwight|Stealth Rock|p2a: Urshifu
|-sidestart|p2: RevampedTeam|move: Stealth Rock
|
|-heal|p1a: Dwight|100/100|[from] item: Leftovers
|upkeep
|turn|7
|
|t:|1630173446
|switch|p1a: Gareth|Dragapult, F, shiny|100/100
|move|p2a: Urshifu|Surging Strikes|p1a: Gareth
|-resisted|p1a: Gareth
|-crit|p1a: Gareth
|-damage|p1a: Gareth|79/100
|-resisted|p1a: Gareth
|-crit|p1a: Gareth
|-damage|p1a: Gareth|58/100
|-resisted|p1a: Gareth
|-crit|p1a: Gareth
|-damage|p1a: Gareth|39/100
|-hitcount|p1a: Gareth|3
|
|upkeep
|turn|8
|
|t:|1630173450
|switch|p2a: Blissey|Blissey, F|100/100
|-damage|p2a: Blissey|88/100|[from] Stealth Rock
|move|p1a: Gareth|U-turn|p2a: Blissey
|-damage|p2a: Blissey|73/100
|
|t:|1630173457
|switch|p1a: Claude|Urshifu-Rapid-Strike, F, shiny|100/100|[from]move: U-turn
|
|-heal|p2a: Blissey|79/100|[from] item: Leftovers
|upkeep
|turn|9
|
|t:|1630173460
|switch|p2a: Tapu Fini|Tapu Fini|82/100
|-damage|p2a: Tapu Fini|69/100|[from] Stealth Rock
|-fieldstart|move: Misty Terrain|[from] ability: Misty Surge|[of] p2a: Tapu Fini
|move|p1a: Claude|Surging Strikes|p2a: Tapu Fini
|-resisted|p2a: Tapu Fini
|-crit|p2a: Tapu Fini
|-damage|p2a: Tapu Fini|58/100
|-resisted|p2a: Tapu Fini
|-crit|p2a: Tapu Fini
|-damage|p2a: Tapu Fini|48/100
|-resisted|p2a: Tapu Fini
|-crit|p2a: Tapu Fini
|-damage|p2a: Tapu Fini|37/100
|-hitcount|p2a: Tapu Fini|3
|
|-heal|p2a: Tapu Fini|43/100|[from] item: Leftovers
|upkeep
|turn|10
|
|t:|1630173464
|move|p1a: Claude|Surging Strikes|p2a: Tapu Fini
|-resisted|p2a: Tapu Fini
|-crit|p2a: Tapu Fini
|-damage|p2a: Tapu Fini|31/100
|-resisted|p2a: Tapu Fini
|-crit|p2a: Tapu Fini
|-damage|p2a: Tapu Fini|21/100
|-resisted|p2a: Tapu Fini
|-crit|p2a: Tapu Fini
|-damage|p2a: Tapu Fini|10/100
|-hitcount|p2a: Tapu Fini|3
|move|p2a: Tapu Fini|Draining Kiss|p1a: Claude
|-supereffective|p1a: Claude
|-damage|p1a: Claude|54/100
|-heal|p2a: Tapu Fini|45/100|[from] drain|[of] p1a: Claude
|
|-heal|p2a: Tapu Fini|51/100|[from] item: Leftovers
|upkeep
|turn|11
|
|t:|1630173470
|move|p1a: Claude|Surging Strikes|p2a: Tapu Fini
|-resisted|p2a: Tapu Fini
|-crit|p2a: Tapu Fini
|-damage|p2a: Tapu Fini|40/100
|-resisted|p2a: Tapu Fini
|-crit|p2a: Tapu Fini
|-damage|p2a: Tapu Fini|29/100
|-resisted|p2a: Tapu Fini
|-crit|p2a: Tapu Fini
|-damage|p2a: Tapu Fini|18/100
|-hitcount|p2a: Tapu Fini|3
|move|p2a: Tapu Fini|Draining Kiss|p1a: Claude
|-supereffective|p1a: Claude
|-damage|p1a: Claude|1/100
|-heal|p2a: Tapu Fini|57/100|[from] drain|[of] p1a: Claude
|
|-heal|p2a: Tapu Fini|64/100|[from] item: Leftovers
|upkeep
|turn|12
|
|t:|1630173476
|move|p1a: Claude|Surging Strikes|p2a: Tapu Fini
|-resisted|p2a: Tapu Fini
|-crit|p2a: Tapu Fini
|-damage|p2a: Tapu Fini|53/100
|-resisted|p2a: Tapu Fini
|-crit|p2a: Tapu Fini
|-damage|p2a: Tapu Fini|43/100
|-resisted|p2a: Tapu Fini
|-crit|p2a: Tapu Fini
|-damage|p2a: Tapu Fini|33/100
|-hitcount|p2a: Tapu Fini|3
|move|p2a: Tapu Fini|Surf|p1a: Claude
|-resisted|p1a: Claude
|-damage|p1a: Claude|0 fnt
|faint|p1a: Claude
|
|-heal|p2a: Tapu Fini|39/100|[from] item: Leftovers
|upkeep
|
|t:|1630173484
|switch|p1a: Gareth|Dragapult, F, shiny|39/100
|turn|13
|
|t:|1630173487
|move|p1a: Gareth|U-turn|p2a: Tapu Fini
|-resisted|p2a: Tapu Fini
|-damage|p2a: Tapu Fini|32/100
|
|t:|1630173490
|switch|p1a: Chris|Kyurem, shiny|100/100|[from]move: U-turn
|-ability|p1a: Chris|Pressure
|move|p2a: Tapu Fini|Draining Kiss|p1a: Chris
|-supereffective|p1a: Chris
|-damage|p1a: Chris|71/100
|-heal|p2a: Tapu Fini|58/100|[from] drain|[of] p1a: Chris
|
|-heal|p2a: Tapu Fini|64/100|[from] item: Leftovers
|-fieldend|Misty Terrain
|upkeep
|turn|14
|-message|BigWes95 forfeited.
|
|win|RevampedTeam
|l|☆BigWes95
|raw|BigWes95's rating: 1346 &rarr; <strong>1327</strong><br />(-19 for losing)
|raw|RevampedTeam's rating: 1364 &rarr; <strong>1383</strong><br />(+19 for winning)
