|html|<div class="broadcast-blue"><strong>[Gen 8] OU is currently suspecting Melmetal! For information on how to participate check out the <a href="https://www.smogon.com/forums/threads/np-ss-ou-suspect-process-round-12-monster-mash.3709234/">suspect thread</a>.</strong></div>
|j|☆HQSNonsense
|j|☆Tonx12
|t:|1666339139
|gametype|singles
|player|p1|HQSNonsense|veteranf|1520
|player|p2|Tonx12|169|1472
|teamsize|p1|6
|teamsize|p2|6
|gen|8
|tier|[Gen 8] OU
|rated|
|rule|Sleep Clause Mod: Limit one foe put to sleep
|rule|Species Clause: Limit one of each Pokémon
|rule|OHKO Clause: OHKO moves are banned
|rule|Evasion Items Clause: Evasion items are banned
|rule|Evasion Moves Clause: Evasion moves are banned
|rule|Endless Battle Clause: Forcing endless battles is banned
|rule|HP Percentage Mod: HP is shown in percentages
|rule|Dynamax Clause: You cannot dynamax
|clearpoke
|poke|p1|Scizor, M|
|poke|p1|Rillaboom, M|
|poke|p1|Landorus-Therian, M|
|poke|p1|Urshifu-*, F|
|poke|p1|Weavile, M|
|poke|p1|Dragonite, F|
|poke|p2|Heatran, M|
|poke|p2|Tapu Koko|
|poke|p2|Zapdos|
|poke|p2|Weavile, F|
|poke|p2|Hawlucha, M|
|poke|p2|Volcanion|
|teampreview
|
|t:|1666339148
|start
|switch|p1a: Landorus|Landorus-Therian, M|100/100
|switch|p2a: Tapu Koko|Tapu Koko|100/100
|-fieldstart|move: Electric Terrain|[from] ability: Electric Surge|[of] p2a: Tapu Koko
|-ability|p1a: Landorus|Intimidate|boost
|-unboost|p2a: Tapu Koko|atk|1
|turn|1
|inactive|Battle timer is ON: inactive players will automatically lose when time's up. (requested by HQSNonsense)
|
|t:|1666339167
|move|p2a: Tapu Koko|Taunt|p1a: Landorus
|-start|p1a: Landorus|move: Taunt
|cant|p1a: Landorus|move: Taunt|Stealth Rock
|
|upkeep
|turn|2
|
|t:|1666339172
|move|p2a: Tapu Koko|U-turn|p1a: Landorus
|-resisted|p1a: Landorus
|-damage|p1a: Landorus|90/100
|-damage|p2a: Tapu Koko|91/100|[from] item: Life Orb
|
|t:|1666339174
|switch|p2a: Hawlucha|Hawlucha, M|100/100|[from]move: U-turn
|-enditem|p2a: Hawlucha|Electric Seed
|-boost|p2a: Hawlucha|def|1|[from] item: Electric Seed
|move|p1a: Landorus|Stone Edge|p2a: Hawlucha|[miss]
|-miss|p1a: Landorus|p2a: Hawlucha
|
|-heal|p1a: Landorus|95/100|[from] item: Leftovers
|upkeep
|turn|3
|
|t:|1666339181
|move|p2a: Hawlucha|Swords Dance|p2a: Hawlucha
|-boost|p2a: Hawlucha|atk|2
|move|p1a: Landorus|Explosion|p2a: Hawlucha
|-damage|p2a: Hawlucha|8/100
|faint|p1a: Landorus
|
|upkeep
|
|t:|1666339192
|switch|p1a: Weavile|Weavile, M|100/100
|-ability|p1a: Weavile|Pressure
|turn|4
|
|t:|1666339198
|move|p1a: Weavile|Ice Shard|p2a: Hawlucha
|-supereffective|p2a: Hawlucha
|-damage|p2a: Hawlucha|0 fnt
|faint|p2a: Hawlucha
|-damage|p1a: Weavile|91/100|[from] item: Life Orb
|
|upkeep
|
|t:|1666339214
|switch|p2a: Zapdos|Zapdos|100/100
|turn|5
|
|t:|1666339217
|move|p1a: Weavile|Triple Axel|p2a: Zapdos
|-supereffective|p2a: Zapdos
|-damage|p2a: Zapdos|80/100
|-supereffective|p2a: Zapdos
|-damage|p2a: Zapdos|39/100
|-hitcount|p2a: Zapdos|2
|-damage|p1a: Weavile|81/100|[from] item: Life Orb
|move|p2a: Zapdos|Discharge|p1a: Weavile
|-damage|p1a: Weavile|30/100
|
|-fieldend|move: Electric Terrain
|upkeep
|turn|6
|
|t:|1666339241
|move|p1a: Weavile|Knock Off|p2a: Zapdos
|-damage|p2a: Zapdos|0 fnt
|-status|p1a: Weavile|par|[from] ability: Static|[of] p2a: Zapdos
|-enditem|p2a: Zapdos|Heavy-Duty Boots|[from] move: Knock Off|[of] p1a: Weavile
|faint|p2a: Zapdos
|-damage|p1a: Weavile|20/100 par|[from] item: Life Orb
|
|upkeep
|
|t:|1666339250
|switch|p2a: Heatran|Heatran, M|100/100
|turn|7
|
|t:|1666339253
|move|p2a: Heatran|Eruption|p1a: Weavile
|-supereffective|p1a: Weavile
|-damage|p1a: Weavile|0 fnt
|faint|p1a: Weavile
|
|upkeep
|
|t:|1666339258
|switch|p1a: Urshifu|Urshifu-Rapid-Strike, F|100/100
|turn|8
|
|t:|1666339271
|switch|p2a: Volcanion|Volcanion|100/100
|move|p1a: Urshifu|Close Combat|p2a: Volcanion
|-damage|p2a: Volcanion|54/100
|-unboost|p1a: Urshifu|def|1
|-unboost|p1a: Urshifu|spd|1
|
|upkeep
|turn|9
|
|t:|1666339285
|move|p1a: Urshifu|Close Combat|p2a: Volcanion
|-damage|p2a: Volcanion|0 fnt
|-unboost|p1a: Urshifu|def|1
|-unboost|p1a: Urshifu|spd|1
|faint|p2a: Volcanion
|
|upkeep
|
|t:|1666339299
|switch|p2a: Tapu Koko|Tapu Koko|91/100
|-fieldstart|move: Electric Terrain|[from] ability: Electric Surge|[of] p2a: Tapu Koko
|turn|10
|
|t:|1666339305
|move|p2a: Tapu Koko|Wild Charge|p1a: Urshifu
|-supereffective|p1a: Urshifu
|-enditem|p1a: Urshifu|Focus Sash
|-damage|p1a: Urshifu|1/100
|-damage|p2a: Tapu Koko|60/100|[from] Recoil
|-damage|p2a: Tapu Koko|50/100|[from] item: Life Orb
|move|p1a: Urshifu|Surging Strikes|p2a: Tapu Koko
|-crit|p2a: Tapu Koko
|-damage|p2a: Tapu Koko|22/100
|-crit|p2a: Tapu Koko
|-damage|p2a: Tapu Koko|0 fnt
|faint|p2a: Tapu Koko
|-hitcount|p2: Tapu Koko|2
|
|upkeep
|
|t:|1666339315
|switch|p2a: Weavile|Weavile, F|100/100
|-ability|p2a: Weavile|Pressure
|turn|11
|
|t:|1666339318
|move|p2a: Weavile|Ice Shard|p1a: Urshifu
|-resisted|p1a: Urshifu
|-damage|p1a: Urshifu|0 fnt
|faint|p1a: Urshifu
|
|upkeep
|
|t:|1666339320
|switch|p1a: Scizor|Scizor, M|100/100
|turn|12
|
|t:|1666339323
|switch|p2a: Heatran|Heatran, M|100/100
|move|p1a: Scizor|Superpower|p2a: Heatran
|-supereffective|p2a: Heatran
|-damage|p2a: Heatran|0 fnt
|-unboost|p1a: Scizor|atk|1
|-unboost|p1a: Scizor|def|1
|faint|p2a: Heatran
|-damage|p1a: Scizor|91/100|[from] item: Life Orb
|
|upkeep
|
|t:|1666339325
|switch|p2a: Weavile|Weavile, F|100/100
|-ability|p2a: Weavile|Pressure
|turn|13
|
|t:|1666339329
|move|p1a: Scizor|Bullet Punch|p2a: Weavile
|-supereffective|p2a: Weavile
|-damage|p2a: Weavile|0 fnt
|faint|p2a: Weavile
|-damage|p1a: Scizor|81/100|[from] item: Life Orb
|
|win|HQSNonsense
|raw|HQSNonsense's rating: 1520 &rarr; <strong>1537</strong><br />(+17 for winning)
|raw|Tonx12's rating: 1472 &rarr; <strong>1455</strong><br />(-17 for losing)
