|j|☆Tapu fever
|j|☆I'M AT MY LIMIT
|t:|1620360727
|gametype|singles
|player|p1|Tapu fever|battlegirl-gen4|1484
|player|p2|I'M AT MY LIMIT|rosa|1547
|teamsize|p1|6
|teamsize|p2|6
|gen|8
|tier|[Gen 8] OU
|rated|
|clearpoke
|poke|p1|Dragapult, F|
|poke|p1|Snorlax, M|
|poke|p1|Clefable, F|
|poke|p1|Moltres|
|poke|p1|Rhyperior, F|
|poke|p1|Toxapex, F|
|poke|p2|Corviknight, F|
|poke|p2|Slowbro, F|
|poke|p2|Garchomp, M|
|poke|p2|Volcarona, M|
|poke|p2|Audino, F|
|poke|p2|Melmetal|
|rule|Sleep Clause Mod: Limit one foe put to sleep
|rule|Species Clause: Limit one of each Pokémon
|rule|OHKO Clause: OHKO moves are banned
|rule|Evasion Moves Clause: Evasion moves are banned
|rule|Endless Battle Clause: Forcing endless battles is banned
|rule|HP Percentage Mod: HP is shown in percentages
|rule|Dynamax Clause: You cannot dynamax
|teampreview
|inactive|Battle timer is ON: inactive players will automatically lose when time's up. (requested by I'M AT MY LIMIT)
|inactive|I'M AT MY LIMIT has 120 seconds left.
|j| htcl
|c|☆I'M AT MY LIMIT|i like the audino name
|
|t:|1620360771
|start
|switch|p1a: Dragapult|Dragapult, F, shiny|100/100
|switch|p2a: Land shark 🌊☀|Garchomp, M|100/100
|turn|1
|
|t:|1620360783
|switch|p2a: BlissClefPex 🌠|Audino, F|100/100
|move|p1a: Dragapult|Substitute|p1a: Dragapult
|-start|p1a: Dragapult|Substitute
|-damage|p1a: Dragapult|76/100
|
|-heal|p1a: Dragapult|82/100|[from] item: Leftovers
|upkeep
|turn|2
|c|☆I'M AT MY LIMIT|B
|c|☆I'M AT MY LIMIT|Ohh shit
|c|☆I'M AT MY LIMIT|Pray it isnt dd
|
|t:|1620360806
|move|p1a: Dragapult|Will-O-Wisp|p2a: BlissClefPex 🌠
|-status|p2a: BlissClefPex 🌠|brn
|move|p2a: BlissClefPex 🌠|Knock Off|p1a: Dragapult
|-supereffective|p1a: Dragapult
|-activate|p1a: Dragapult|move: Substitute|[damage]
|
|-heal|p1a: Dragapult|88/100|[from] item: Leftovers
|-damage|p2a: BlissClefPex 🌠|94/100 brn|[from] brn
|upkeep
|turn|3
|c|☆Tapu fever|Its not
|c|☆Tapu fever|U good
|
|t:|1620360821
|move|p1a: Dragapult|Surf|p2a: BlissClefPex 🌠
|-damage|p2a: BlissClefPex 🌠|76/100 brn
|move|p2a: BlissClefPex 🌠|Knock Off|p1a: Dragapult
|-supereffective|p1a: Dragapult
|-end|p1a: Dragapult|Substitute
|
|-heal|p1a: Dragapult|94/100|[from] item: Leftovers
|-heal|p2a: BlissClefPex 🌠|82/100 brn|[from] item: Leftovers
|-damage|p2a: BlissClefPex 🌠|76/100 brn|[from] brn
|upkeep
|turn|4
|c|☆I'M AT MY LIMIT|Surf?
|
|t:|1620360832
|move|p1a: Dragapult|Substitute|p1a: Dragapult
|-start|p1a: Dragapult|Substitute
|-damage|p1a: Dragapult|69/100
|move|p2a: BlissClefPex 🌠|Knock Off|p1a: Dragapult
|-supereffective|p1a: Dragapult
|-activate|p1a: Dragapult|move: Substitute|[damage]
|
|-heal|p1a: Dragapult|75/100|[from] item: Leftovers
|-heal|p2a: BlissClefPex 🌠|82/100 brn|[from] item: Leftovers
|-damage|p2a: BlissClefPex 🌠|76/100 brn|[from] brn
|upkeep
|turn|5
|c|☆Tapu fever|Cause i cant get enough of the beach
|inactive|I'M AT MY LIMIT has 120 seconds left.
|c|☆I'M AT MY LIMIT|Fair
|
|t:|1620360859
|move|p1a: Dragapult|Surf|p2a: BlissClefPex 🌠
|-damage|p2a: BlissClefPex 🌠|56/100 brn
|move|p2a: BlissClefPex 🌠|Knock Off|p1a: Dragapult
|-supereffective|p1a: Dragapult
|-end|p1a: Dragapult|Substitute
|
|-heal|p1a: Dragapult|81/100|[from] item: Leftovers
|-heal|p2a: BlissClefPex 🌠|62/100 brn|[from] item: Leftovers
|-damage|p2a: BlissClefPex 🌠|56/100 brn|[from] brn
|upkeep
|turn|6
|
|t:|1620360869
|move|p1a: Dragapult|Substitute|p1a: Dragapult
|-start|p1a: Dragapult|Substitute
|-damage|p1a: Dragapult|56/100
|move|p2a: BlissClefPex 🌠|Wish|p2a: BlissClefPex 🌠
|
|-heal|p1a: Dragapult|62/100|[from] item: Leftovers
|-heal|p2a: BlissClefPex 🌠|62/100 brn|[from] item: Leftovers
|-damage|p2a: BlissClefPex 🌠|56/100 brn|[from] brn
|upkeep
|turn|7
|
|t:|1620360875
|move|p1a: Dragapult|Surf|p2a: BlissClefPex 🌠
|-damage|p2a: BlissClefPex 🌠|38/100 brn
|move|p2a: BlissClefPex 🌠|Heal Bell|p2a: BlissClefPex 🌠
|-activate|p2a: BlissClefPex 🌠|move: Heal Bell
|-curestatus|p2a: BlissClefPex 🌠|brn|[msg]
|
|-heal|p2a: BlissClefPex 🌠|88/100|[from] move: Wish|[wisher] BlissClefPex 🌠
|-heal|p1a: Dragapult|68/100|[from] item: Leftovers
|-heal|p2a: BlissClefPex 🌠|94/100|[from] item: Leftovers
|upkeep
|turn|8
|
|t:|1620360889
|switch|p2a: KYUREJ 🤙|Volcarona, M, shiny|100/100
|move|p1a: Dragapult|Will-O-Wisp|p2a: KYUREJ 🤙
|-immune|p2a: KYUREJ 🤙
|
|-heal|p1a: Dragapult|74/100|[from] item: Leftovers
|upkeep
|turn|9
|
|t:|1620360898
|switch|p2a: BlissClefPex 🌠|Audino, F|100/100
|move|p1a: Dragapult|Surf|p2a: BlissClefPex 🌠
|-damage|p2a: BlissClefPex 🌠|81/100
|
|-heal|p1a: Dragapult|80/100|[from] item: Leftovers
|-heal|p2a: BlissClefPex 🌠|87/100|[from] item: Leftovers
|upkeep
|turn|10
|
|t:|1620360911
|switch|p2a: Slowbruh 🏃|Slowbro, F|100/100
|move|p1a: Dragapult|Will-O-Wisp|p2a: Slowbruh 🏃
|-status|p2a: Slowbruh 🏃|brn
|
|-heal|p1a: Dragapult|86/100|[from] item: Leftovers
|-damage|p2a: Slowbruh 🏃|94/100 brn|[from] brn
|upkeep
|turn|11
|
|t:|1620360918
|switch|p2a: BlissClefPex 🌠|Audino, F|100/100
|move|p1a: Dragapult|Will-O-Wisp|p2a: BlissClefPex 🌠
|-status|p2a: BlissClefPex 🌠|brn
|
|-heal|p1a: Dragapult|92/100|[from] item: Leftovers
|-damage|p2a: BlissClefPex 🌠|94/100 brn|[from] brn
|upkeep
|turn|12
|
|t:|1620360923
|move|p1a: Dragapult|Surf|p2a: BlissClefPex 🌠
|-damage|p2a: BlissClefPex 🌠|77/100 brn
|move|p2a: BlissClefPex 🌠|Knock Off|p1a: Dragapult
|-supereffective|p1a: Dragapult
|-activate|p1a: Dragapult|move: Substitute|[damage]
|
|-heal|p1a: Dragapult|98/100|[from] item: Leftovers
|-heal|p2a: BlissClefPex 🌠|83/100 brn|[from] item: Leftovers
|-damage|p2a: BlissClefPex 🌠|77/100 brn|[from] brn
|upkeep
|turn|13
|
|t:|1620360928
|move|p1a: Dragapult|Surf|p2a: BlissClefPex 🌠
|-damage|p2a: BlissClefPex 🌠|58/100 brn
|move|p2a: BlissClefPex 🌠|Knock Off|p1a: Dragapult
|-supereffective|p1a: Dragapult
|-end|p1a: Dragapult|Substitute
|
|-heal|p1a: Dragapult|100/100|[from] item: Leftovers
|-heal|p2a: BlissClefPex 🌠|64/100 brn|[from] item: Leftovers
|-damage|p2a: BlissClefPex 🌠|58/100 brn|[from] brn
|upkeep
|turn|14
|
|t:|1620360938
|switch|p2a: Slowbruh 🏃|Slowbro, F|100/100 brn
|move|p1a: Dragapult|Substitute|p1a: Dragapult
|-start|p1a: Dragapult|Substitute
|-damage|p1a: Dragapult|76/100
|
|-heal|p1a: Dragapult|82/100|[from] item: Leftovers
|-damage|p2a: Slowbruh 🏃|94/100 brn|[from] brn
|upkeep
|turn|15
|
|t:|1620360950
|switch|p2a: BlissClefPex 🌠|Audino, F|91/100 brn
|move|p1a: Dragapult|Surf|p2a: BlissClefPex 🌠
|-damage|p2a: BlissClefPex 🌠|71/100 brn
|
|-heal|p1a: Dragapult|88/100|[from] item: Leftovers
|-heal|p2a: BlissClefPex 🌠|78/100 brn|[from] item: Leftovers
|-damage|p2a: BlissClefPex 🌠|71/100 brn|[from] brn
|upkeep
|turn|16
|
|t:|1620360956
|move|p1a: Dragapult|Surf|p2a: BlissClefPex 🌠
|-damage|p2a: BlissClefPex 🌠|53/100 brn
|move|p2a: BlissClefPex 🌠|Wish|p2a: BlissClefPex 🌠
|
|-heal|p1a: Dragapult|94/100|[from] item: Leftovers
|-heal|p2a: BlissClefPex 🌠|59/100 brn|[from] item: Leftovers
|-damage|p2a: BlissClefPex 🌠|53/100 brn|[from] brn
|upkeep
|turn|17
|
|t:|1620360965
|move|p1a: Dragapult|Surf|p2a: BlissClefPex 🌠
|-damage|p2a: BlissClefPex 🌠|32/100 brn
|move|p2a: BlissClefPex 🌠|Knock Off|p1a: Dragapult
|-supereffective|p1a: Dragapult
|-activate|p1a: Dragapult|move: Substitute|[damage]
|
|-heal|p2a: BlissClefPex 🌠|82/100 brn|[from] move: Wish|[wisher] BlissClefPex 🌠
|-heal|p1a: Dragapult|99/100|[from] item: Leftovers
|-heal|p2a: BlissClefPex 🌠|89/100 brn|[from] item: Leftovers
|-damage|p2a: BlissClefPex 🌠|82/100 brn|[from] brn
|upkeep
|turn|18
|
|t:|1620360991
|switch|p2a: Slowbruh 🏃|Slowbro, F|100/100 brn
|move|p1a: Dragapult|Surf|p2a: Slowbruh 🏃
|-resisted|p2a: Slowbruh 🏃
|-damage|p2a: Slowbruh 🏃|87/100 brn
|
|-heal|p1a: Dragapult|100/100|[from] item: Leftovers
|-damage|p2a: Slowbruh 🏃|81/100 brn|[from] brn
|upkeep
|turn|19
|
|t:|1620361004
|switch|p2a: BlissClefPex 🌠|Audino, F|100/100 brn
|move|p1a: Dragapult|Surf|p2a: BlissClefPex 🌠
|-damage|p2a: BlissClefPex 🌠|83/100 brn
|
|-heal|p2a: BlissClefPex 🌠|89/100 brn|[from] item: Leftovers
|-damage|p2a: BlissClefPex 🌠|83/100 brn|[from] brn
|upkeep
|turn|20
|
|t:|1620361018
|switch|p1a: Rhyperior|Rhyperior, F|100/100
|switch|p2a: Amazon prime|Corviknight, F, shiny|100/100
|-ability|p2a: Amazon prime|Pressure
|
|upkeep
|turn|21
|
|t:|1620361026
|switch|p2a: Slowbruh 🏃|Slowbro, F|100/100 brn
|move|p1a: Rhyperior|Stealth Rock|p2a: Slowbruh 🏃
|-sidestart|p2: I'M AT MY LIMIT|move: Stealth Rock
|
|-damage|p2a: Slowbruh 🏃|94/100 brn|[from] brn
|upkeep
|turn|22
|
|t:|1620361033
|switch|p1a: Snorlax|Snorlax, M, shiny|100/100
|move|p2a: Slowbruh 🏃|Teleport|p2a: Slowbruh 🏃
|
|t:|1620361037
|switch|p2a: Amazon prime|Corviknight, F, shiny|100/100|[from]move: Teleport
|-damage|p2a: Amazon prime|88/100|[from] Stealth Rock
|-ability|p2a: Amazon prime|Pressure
|
|upkeep
|turn|23
|
|t:|1620361049
|move|p2a: Amazon prime|Defog|p1a: Snorlax
|-unboost|p1a: Snorlax|evasion|1
|-sideend|p2: I'M AT MY LIMIT|Stealth Rock|[from] move: Defog|[of] p2a: Amazon prime
|move|p1a: Snorlax|Heat Crash|p2a: Amazon prime
|-supereffective|p2a: Amazon prime
|-damage|p2a: Amazon prime|46/100
|
|upkeep
|turn|24
|
|t:|1620361054
|move|p2a: Amazon prime|Iron Defense|p2a: Amazon prime
|-boost|p2a: Amazon prime|def|2
|move|p1a: Snorlax|Curse|p1a: Snorlax
|-unboost|p1a: Snorlax|spe|1
|-boost|p1a: Snorlax|atk|1
|-boost|p1a: Snorlax|def|1
|
|upkeep
|turn|25
|
|t:|1620361064
|move|p2a: Amazon prime|Roost|p2a: Amazon prime
|-heal|p2a: Amazon prime|96/100
|-singleturn|p2a: Amazon prime|move: Roost
|move|p1a: Snorlax|Curse|p1a: Snorlax
|-unboost|p1a: Snorlax|spe|1
|-boost|p1a: Snorlax|atk|1
|-boost|p1a: Snorlax|def|1
|
|upkeep
|turn|26
|
|t:|1620361074
|move|p2a: Amazon prime|Iron Defense|p2a: Amazon prime
|-boost|p2a: Amazon prime|def|2
|move|p1a: Snorlax|Heat Crash|p2a: Amazon prime
|-supereffective|p2a: Amazon prime
|-damage|p2a: Amazon prime|69/100
|
|upkeep
|turn|27
|
|t:|1620361077
|switch|p1a: Moltres|Moltres|100/100
|move|p2a: Amazon prime|Body Press|p1a: Moltres
|-resisted|p1a: Moltres
|-damage|p1a: Moltres|71/100
|
|upkeep
|turn|28
|
|t:|1620361086
|switch|p1a: Rhyperior|Rhyperior, F|100/100
|switch|p2a: Land shark 🌊☀|Garchomp, M|100/100
|
|upkeep
|turn|29
|
|t:|1620361091
|switch|p2a: Amazon prime|Corviknight, F, shiny|69/100
|-ability|p2a: Amazon prime|Pressure
|move|p1a: Rhyperior|Stealth Rock|p2a: Amazon prime
|-sidestart|p2: I'M AT MY LIMIT|move: Stealth Rock
|
|upkeep
|turn|30
|
|t:|1620361097
|move|p2a: Amazon prime|Iron Defense|p2a: Amazon prime
|-boost|p2a: Amazon prime|def|2
|move|p1a: Rhyperior|Smack Down|p2a: Amazon prime
|-damage|p2a: Amazon prime|62/100
|-start|p2a: Amazon prime|Smack Down
|
|upkeep
|turn|31
|
|t:|1620361105
|switch|p2a: Slowbruh 🏃|Slowbro, F|100/100 brn
|switch|p1a: Moltres|Moltres|71/100
|
|-damage|p2a: Slowbruh 🏃|94/100 brn|[from] brn
|upkeep
|turn|32
|
|t:|1620361128
|switch|p1a: Toxapex|Toxapex, F, shiny|100/100
|move|p2a: Slowbruh 🏃|Teleport|p2a: Slowbruh 🏃
|
|t:|1620361133
|switch|p2a: Amazon prime|Corviknight, F, shiny|62/100|[from]move: Teleport
|-damage|p2a: Amazon prime|50/100|[from] Stealth Rock
|-ability|p2a: Amazon prime|Pressure
|
|upkeep
|turn|33
|
|t:|1620361137
|switch|p1a: Dragapult|Dragapult, F, shiny|100/100
|move|p2a: Amazon prime|Defog|p1a: Dragapult
|-unboost|p1a: Dragapult|evasion|1
|-sideend|p2: I'M AT MY LIMIT|Stealth Rock|[from] move: Defog|[of] p2a: Amazon prime
|
|upkeep
|turn|34
|
|t:|1620361142
|switch|p1a: Rhyperior|Rhyperior, F|100/100
|switch|p2a: BlissClefPex 🌠|Audino, F|100/100 brn
|
|-damage|p2a: BlissClefPex 🌠|94/100 brn|[from] brn
|upkeep
|turn|35
|
|t:|1620361145
|switch|p2a: Amazon prime|Corviknight, F, shiny|50/100
|-ability|p2a: Amazon prime|Pressure
|move|p1a: Rhyperior|Stealth Rock|p2a: Amazon prime
|-sidestart|p2: I'M AT MY LIMIT|move: Stealth Rock
|
|upkeep
|turn|36
|
|t:|1620361150
|move|p2a: Amazon prime|Defog|p1a: Rhyperior
|-unboost|p1a: Rhyperior|evasion|1
|-sideend|p2: I'M AT MY LIMIT|Stealth Rock|[from] move: Defog|[of] p2a: Amazon prime
|move|p1a: Rhyperior|Swords Dance|p1a: Rhyperior
|-boost|p1a: Rhyperior|atk|2
|
|upkeep
|turn|37
|
|t:|1620361157
|switch|p2a: Slowbruh 🏃|Slowbro, F|100/100 brn
|move|p1a: Rhyperior|Smack Down|p2a: Slowbruh 🏃
|-damage|p2a: Slowbruh 🏃|72/100 brn
|
|-damage|p2a: Slowbruh 🏃|66/100 brn|[from] brn
|upkeep
|turn|38
|
|t:|1620361167
|move|p1a: Rhyperior|Stealth Rock|p2a: Slowbruh 🏃
|-sidestart|p2: I'M AT MY LIMIT|move: Stealth Rock
|move|p2a: Slowbruh 🏃|Scald|p1a: Rhyperior
|-supereffective|p1a: Rhyperior
|-damage|p1a: Rhyperior|36/100
|
|-heal|p1a: Rhyperior|42/100|[from] item: Leftovers
|-damage|p2a: Slowbruh 🏃|60/100 brn|[from] brn
|upkeep
|turn|39
|
|t:|1620361187
|switch|p1a: Dragapult|Dragapult, F, shiny|100/100
|move|p2a: Slowbruh 🏃|Scald|p1a: Dragapult
|-resisted|p1a: Dragapult
|-damage|p1a: Dragapult|83/100
|
|-heal|p1a: Dragapult|89/100|[from] item: Leftovers
|-damage|p2a: Slowbruh 🏃|54/100 brn|[from] brn
|upkeep
|turn|40
|
|t:|1620361202
|switch|p1a: Snorlax|Snorlax, M, shiny|100/100
|switch|p2a: BlissClefPex 🌠|Audino, F|100/100 brn
|-damage|p2a: BlissClefPex 🌠|88/100 brn|[from] Stealth Rock
|
|-heal|p2a: BlissClefPex 🌠|94/100 brn|[from] item: Leftovers
|-damage|p2a: BlissClefPex 🌠|88/100 brn|[from] brn
|upkeep
|turn|41
|
|t:|1620361220
|switch|p2a: Slowbruh 🏃|Slowbro, F|87/100 brn
|move|p1a: Snorlax|Curse|p1a: Snorlax
|-unboost|p1a: Snorlax|spe|1
|-boost|p1a: Snorlax|atk|1
|-boost|p1a: Snorlax|def|1
|
|-damage|p2a: Slowbruh 🏃|81/100 brn|[from] brn
|upkeep
|turn|42
|
|t:|1620361223
|move|p2a: Slowbruh 🏃|Scald|p1a: Snorlax
|-damage|p1a: Snorlax|87/100
|move|p1a: Snorlax|Double-Edge|p2a: Slowbruh 🏃
|-damage|p2a: Slowbruh 🏃|31/100 brn
|-damage|p1a: Snorlax|73/100|[from] Recoil
|
|-heal|p1a: Snorlax|79/100|[from] item: Leftovers
|-damage|p2a: Slowbruh 🏃|25/100 brn|[from] brn
|upkeep
|turn|43
|
|t:|1620361241
|switch|p2a: KYUREJ 🤙|Volcarona, M, shiny|100/100
|move|p1a: Snorlax|Curse|p1a: Snorlax
|-unboost|p1a: Snorlax|spe|1
|-boost|p1a: Snorlax|atk|1
|-boost|p1a: Snorlax|def|1
|
|-heal|p1a: Snorlax|86/100|[from] item: Leftovers
|upkeep
|turn|44
|
|t:|1620361248
|move|p2a: KYUREJ 🤙|Flamethrower|p1a: Snorlax
|-damage|p1a: Snorlax|76/100
|move|p1a: Snorlax|Double-Edge|p2a: KYUREJ 🤙
|-damage|p2a: KYUREJ 🤙|0 fnt
|-status|p1a: Snorlax|brn|[from] ability: Flame Body|[of] p2a: KYUREJ 🤙
|faint|p2a: KYUREJ 🤙
|-damage|p1a: Snorlax|50/100 brn|[from] Recoil
|
|-heal|p1a: Snorlax|56/100 brn|[from] item: Leftovers
|-damage|p1a: Snorlax|50/100 brn|[from] brn
|upkeep
|
|t:|1620361271
|switch|p2a: Land shark 🌊☀|Garchomp, M|100/100
|-damage|p2a: Land shark 🌊☀|94/100|[from] Stealth Rock
|turn|45
|
|t:|1620361276
|switch|p1a: Clefable|Clefable, F|100/100
|move|p2a: Land shark 🌊☀|Dragon Tail|p1a: Clefable
|-immune|p1a: Clefable
|
|-heal|p2a: Land shark 🌊☀|100/100|[from] item: Leftovers
|upkeep
|turn|46
|
|t:|1620361279
|switch|p2a: IRON GIANT 🔧|Melmetal|100/100
|-damage|p2a: IRON GIANT 🔧|94/100|[from] Stealth Rock
|move|p1a: Clefable|Aromatherapy|p1a: Clefable
|-activate|p1a: Clefable|move: Aromatherapy
|-curestatus|p1: Snorlax|brn|[msg]
|
|upkeep
|turn|47
|
|t:|1620361286
|switch|p1a: Moltres|Moltres|71/100
|move|p2a: IRON GIANT 🔧|Thunder Punch|p1a: Moltres
|-supereffective|p1a: Moltres
|-damage|p1a: Moltres|16/100
|
|upkeep
|turn|48
|
|t:|1620361294
|move|p1a: Moltres|Roost|p1a: Moltres
|-heal|p1a: Moltres|66/100
|-singleturn|p1a: Moltres|move: Roost
|move|p2a: IRON GIANT 🔧|Thunder Punch|p1a: Moltres
|-damage|p1a: Moltres|38/100
|
|upkeep
|turn|49
|
|t:|1620361310
|move|p1a: Moltres|Flamethrower|p2a: IRON GIANT 🔧
|-supereffective|p2a: IRON GIANT 🔧
|-damage|p2a: IRON GIANT 🔧|41/100
|move|p2a: IRON GIANT 🔧|Earthquake|p1a: Moltres
|-immune|p1a: Moltres
|
|upkeep
|turn|50
|
|t:|1620361318
|move|p1a: Moltres|Roost|p1a: Moltres
|-heal|p1a: Moltres|88/100
|-singleturn|p1a: Moltres|move: Roost
|move|p2a: IRON GIANT 🔧|Earthquake|p1a: Moltres
|-supereffective|p1a: Moltres
|-damage|p1a: Moltres|34/100
|
|upkeep
|turn|51
|
|t:|1620361322
|switch|p2a: BlissClefPex 🌠|Audino, F|100/100 brn
|-damage|p2a: BlissClefPex 🌠|88/100 brn|[from] Stealth Rock
|move|p1a: Moltres|Roost|p1a: Moltres
|-heal|p1a: Moltres|84/100
|-singleturn|p1a: Moltres|move: Roost
|
|-heal|p2a: BlissClefPex 🌠|94/100 brn|[from] item: Leftovers
|-damage|p2a: BlissClefPex 🌠|88/100 brn|[from] brn
|upkeep
|turn|52
|
|t:|1620361331
|switch|p1a: Rhyperior|Rhyperior, F|42/100
|move|p2a: BlissClefPex 🌠|Wish|p2a: BlissClefPex 🌠
|
|-heal|p2a: BlissClefPex 🌠|94/100 brn|[from] item: Leftovers
|-heal|p1a: Rhyperior|49/100|[from] item: Leftovers
|-damage|p2a: BlissClefPex 🌠|88/100 brn|[from] brn
|upkeep
|turn|53
|c|☆I'M AT MY LIMIT|bro
|c|☆I'M AT MY LIMIT|but
|
|t:|1620361340
|switch|p2a: Amazon prime|Corviknight, F, shiny|50/100
|-damage|p2a: Amazon prime|37/100|[from] Stealth Rock
|-ability|p2a: Amazon prime|Pressure
|move|p1a: Rhyperior|Smack Down|p2a: Amazon prime
|-damage|p2a: Amazon prime|23/100
|-start|p2a: Amazon prime|Smack Down
|
|-heal|p2a: Amazon prime|74/100|[from] move: Wish|[wisher] BlissClefPex 🌠
|-heal|p1a: Rhyperior|55/100|[from] item: Leftovers
|upkeep
|turn|54
|c|☆I'M AT MY LIMIT|it was a free knock
|c|☆I'M AT MY LIMIT|Fair
|
|t:|1620361360
|move|p2a: Amazon prime|Iron Defense|p2a: Amazon prime
|-boost|p2a: Amazon prime|def|2
|move|p1a: Rhyperior|Earthquake|p2a: Amazon prime
|-supereffective|p2a: Amazon prime
|-damage|p2a: Amazon prime|45/100
|
|-heal|p1a: Rhyperior|61/100|[from] item: Leftovers
|upkeep
|turn|55
|
|t:|1620361365
|switch|p1a: Dragapult|Dragapult, F, shiny|89/100
|move|p2a: Amazon prime|Roost|p2a: Amazon prime
|-heal|p2a: Amazon prime|95/100
|-singleturn|p2a: Amazon prime|move: Roost
|
|-heal|p1a: Dragapult|95/100|[from] item: Leftovers
|upkeep
|turn|56
|
|t:|1620361371
|move|p1a: Dragapult|Will-O-Wisp|p2a: Amazon prime
|-status|p2a: Amazon prime|brn
|move|p2a: Amazon prime|Defog|p1a: Dragapult
|-unboost|p1a: Dragapult|evasion|1
|-sideend|p2: I'M AT MY LIMIT|Stealth Rock|[from] move: Defog|[of] p2a: Amazon prime
|
|-heal|p1a: Dragapult|100/100|[from] item: Leftovers
|-damage|p2a: Amazon prime|89/100 brn|[from] brn
|upkeep
|turn|57
|
|t:|1620361380
|switch|p1a: Snorlax|Snorlax, M, shiny|50/100
|move|p2a: Amazon prime|Body Press|p1a: Snorlax
|-supereffective|p1a: Snorlax
|-damage|p1a: Snorlax|4/100
|
|-heal|p1a: Snorlax|11/100|[from] item: Leftovers
|-damage|p2a: Amazon prime|83/100 brn|[from] brn
|upkeep
|turn|58
|c|☆Tapu fever|Nice nice
|c|☆I'M AT MY LIMIT|nice
|c|☆Tapu fever|Lool
|
|t:|1620361402
|switch|p1a: Moltres|Moltres|84/100
|move|p2a: Amazon prime|Body Press|p1a: Moltres
|-resisted|p1a: Moltres
|-damage|p1a: Moltres|74/100
|
|-damage|p2a: Amazon prime|77/100 brn|[from] brn
|upkeep
|turn|59
|
|t:|1620361407
|switch|p1a: Rhyperior|Rhyperior, F|61/100
|switch|p2a: BlissClefPex 🌠|Audino, F|100/100 brn
|
|-heal|p1a: Rhyperior|67/100|[from] item: Leftovers
|-damage|p2a: BlissClefPex 🌠|94/100 brn|[from] brn
|upkeep
|turn|60
|
|t:|1620361415
|move|p2a: BlissClefPex 🌠|Heal Bell|p2a: BlissClefPex 🌠
|-activate|p2a: BlissClefPex 🌠|move: Heal Bell
|-curestatus|p2a: BlissClefPex 🌠|brn|[msg]
|-curestatus|p2: Amazon prime|brn|[msg]
|-curestatus|p2: Slowbruh 🏃|brn|[msg]
|move|p1a: Rhyperior|Swords Dance|p1a: Rhyperior
|-boost|p1a: Rhyperior|atk|2
|
|-heal|p2a: BlissClefPex 🌠|100/100|[from] item: Leftovers
|-heal|p1a: Rhyperior|73/100|[from] item: Leftovers
|upkeep
|turn|61
|c|☆I'M AT MY LIMIT|Lol
|c|☆I'M AT MY LIMIT|awk
|
|t:|1620361432
|switch|p2a: Amazon prime|Corviknight, F, shiny|77/100
|-ability|p2a: Amazon prime|Pressure
|move|p1a: Rhyperior|Stealth Rock|p2a: Amazon prime
|-sidestart|p2: I'M AT MY LIMIT|move: Stealth Rock
|
|-heal|p1a: Rhyperior|80/100|[from] item: Leftovers
|upkeep
|turn|62
|
|t:|1620361435
|move|p2a: Amazon prime|Iron Defense|p2a: Amazon prime
|-boost|p2a: Amazon prime|def|2
|move|p1a: Rhyperior|Smack Down|p2a: Amazon prime
|-damage|p2a: Amazon prime|64/100
|-start|p2a: Amazon prime|Smack Down
|
|-heal|p1a: Rhyperior|86/100|[from] item: Leftovers
|upkeep
|turn|63
|
|t:|1620361441
|move|p2a: Amazon prime|Iron Defense|p2a: Amazon prime
|-boost|p2a: Amazon prime|def|2
|move|p1a: Rhyperior|Earthquake|p2a: Amazon prime
|-supereffective|p2a: Amazon prime
|-damage|p2a: Amazon prime|28/100
|
|-heal|p1a: Rhyperior|92/100|[from] item: Leftovers
|upkeep
|turn|64
|
|t:|1620361459
|move|p2a: Amazon prime|Roost|p2a: Amazon prime
|-heal|p2a: Amazon prime|78/100
|-singleturn|p2a: Amazon prime|move: Roost
|move|p1a: Rhyperior|Swords Dance|p1a: Rhyperior
|-boost|p1a: Rhyperior|atk|2
|
|-heal|p1a: Rhyperior|98/100|[from] item: Leftovers
|upkeep
|turn|65
|
|t:|1620361465
|move|p2a: Amazon prime|Iron Defense|p2a: Amazon prime
|-boost|p2a: Amazon prime|def|2
|move|p1a: Rhyperior|Earthquake|p2a: Amazon prime
|-supereffective|p2a: Amazon prime
|-damage|p2a: Amazon prime|39/100
|
|-heal|p1a: Rhyperior|100/100|[from] item: Leftovers
|upkeep
|turn|66
|
|t:|1620361471
|switch|p1a: Dragapult|Dragapult, F, shiny|100/100
|move|p2a: Amazon prime|Body Press|p1a: Dragapult
|-immune|p1a: Dragapult
|
|upkeep
|turn|67
|
|t:|1620361480
|move|p1a: Dragapult|Surf|p2a: Amazon prime
|-damage|p2a: Amazon prime|10/100
|move|p2a: Amazon prime|Roost|p2a: Amazon prime
|-heal|p2a: Amazon prime|60/100
|-singleturn|p2a: Amazon prime|move: Roost
|
|upkeep
|turn|68
|
|t:|1620361483
|move|p1a: Dragapult|Will-O-Wisp|p2a: Amazon prime
|-status|p2a: Amazon prime|brn
|move|p2a: Amazon prime|Defog|p1a: Dragapult
|-unboost|p1a: Dragapult|evasion|1
|-sideend|p2: I'M AT MY LIMIT|Stealth Rock|[from] move: Defog|[of] p2a: Amazon prime
|
|-damage|p2a: Amazon prime|53/100 brn|[from] brn
|upkeep
|turn|69
|
|t:|1620361489
|switch|p1a: Rhyperior|Rhyperior, F|100/100
|move|p2a: Amazon prime|Roost|p2a: Amazon prime
|-heal|p2a: Amazon prime|100/100 brn
|-singleturn|p2a: Amazon prime|move: Roost
|
|-damage|p2a: Amazon prime|94/100 brn|[from] brn
|upkeep
|turn|70
|
|t:|1620361499
|switch|p1a: Dragapult|Dragapult, F, shiny|100/100
|move|p2a: Amazon prime|Body Press|p1a: Dragapult
|-immune|p1a: Dragapult
|
|-damage|p2a: Amazon prime|88/100 brn|[from] brn
|upkeep
|turn|71
|
|t:|1620361510
|switch|p1a: Snorlax|Snorlax, M, shiny|11/100
|move|p2a: Amazon prime|Body Press|p1a: Snorlax
|-supereffective|p1a: Snorlax
|-damage|p1a: Snorlax|0 fnt
|faint|p1a: Snorlax
|
|-damage|p2a: Amazon prime|82/100 brn|[from] brn
|upkeep
|c|☆I'M AT MY LIMIT|awww yea
|c|☆Tapu fever|Lmao
|c|☆Tapu fever|I feel like ur not even trying
|
|t:|1620361529
|switch|p1a: Dragapult|Dragapult, F, shiny|100/100
|turn|72
|c|☆I'M AT MY LIMIT|This is a joke 🌠
|
|t:|1620361546
|switch|p1a: Rhyperior|Rhyperior, F|100/100
|switch|p2a: BlissClefPex 🌠|Audino, F|100/100
|
|upkeep
|turn|73
|
|t:|1620361559
|switch|p2a: Amazon prime|Corviknight, F, shiny|82/100 brn
|-ability|p2a: Amazon prime|Pressure
|move|p1a: Rhyperior|Swords Dance|p1a: Rhyperior
|-boost|p1a: Rhyperior|atk|2
|
|-damage|p2a: Amazon prime|75/100 brn|[from] brn
|upkeep
|turn|74
|
|t:|1620361563
|move|p2a: Amazon prime|Iron Defense|p2a: Amazon prime
|-boost|p2a: Amazon prime|def|2
|move|p1a: Rhyperior|Smack Down|p2a: Amazon prime
|-crit|p2a: Amazon prime
|-damage|p2a: Amazon prime|37/100 brn
|-start|p2a: Amazon prime|Smack Down
|
|-damage|p2a: Amazon prime|31/100 brn|[from] brn
|upkeep
|turn|75
|
|t:|1620361572
|move|p2a: Amazon prime|Roost|p2a: Amazon prime
|-heal|p2a: Amazon prime|81/100 brn
|-singleturn|p2a: Amazon prime|move: Roost
|move|p1a: Rhyperior|Swords Dance|p1a: Rhyperior
|-boost|p1a: Rhyperior|atk|2
|
|-damage|p2a: Amazon prime|74/100 brn|[from] brn
|upkeep
|turn|76
|j| Marce95
|
|t:|1620361577
|move|p2a: Amazon prime|Iron Defense|p2a: Amazon prime
|-boost|p2a: Amazon prime|def|2
|move|p1a: Rhyperior|Earthquake|p2a: Amazon prime
|-supereffective|p2a: Amazon prime
|-damage|p2a: Amazon prime|19/100 brn
|
|-damage|p2a: Amazon prime|13/100 brn|[from] brn
|upkeep
|turn|77
|
|t:|1620361583
|move|p2a: Amazon prime|Roost|p2a: Amazon prime
|-heal|p2a: Amazon prime|63/100 brn
|-singleturn|p2a: Amazon prime|move: Roost
|move|p1a: Rhyperior|Swords Dance|p1a: Rhyperior
|-boost|p1a: Rhyperior|atk|2
|
|-damage|p2a: Amazon prime|57/100 brn|[from] brn
|upkeep
|turn|78
|
|t:|1620361586
|move|p2a: Amazon prime|Iron Defense|p2a: Amazon prime
|-boost|p2a: Amazon prime|def|2
|move|p1a: Rhyperior|Earthquake|p2a: Amazon prime
|-supereffective|p2a: Amazon prime
|-damage|p2a: Amazon prime|5/100 brn
|
|-damage|p2a: Amazon prime|0 fnt|[from] brn
|faint|p2a: Amazon prime
|upkeep
|c|☆I'M AT MY LIMIT|what
|
|t:|1620361591
|switch|p2a: IRON GIANT 🔧|Melmetal|41/100
|turn|79
|c|☆I'M AT MY LIMIT|just sack the giant or attack
|c|☆I'M AT MY LIMIT|now we lose
|c|☆I'M AT MY LIMIT|sad times
|c|☆Tapu fever|Wait
|c|☆I'M AT MY LIMIT|Lol i hate 1500
|c|☆Tapu fever|L9l
|c|☆Tapu fever|Are u max speed
|inactive|Tapu fever has 120 seconds left.
|c|☆I'M AT MY LIMIT|Im doing this on the other acc this is bullshit
|c|☆I'M AT MY LIMIT|no :(
|c|☆I'M AT MY LIMIT|Tired of this lmao
|c|☆I'M AT MY LIMIT|bro nothing is wrong with his team
|c|☆Tapu fever|Tbh my main is actually 1700
|c|☆I'M AT MY LIMIT|we just lost because we didn't knock this thing
|c|☆I'M AT MY LIMIT|Rhyperior dragapy
|c|☆I'M AT MY LIMIT|yeah i've seen him
|c|☆Tapu fever|Im testing wild shit
|c|☆I'M AT MY LIMIT|Whats your main
|inactive|Tapu fever has 90 seconds left.
|c|☆I'M AT MY LIMIT|they aren't that bad
|l| Marce95
|c|☆Tapu fever|Riddled with curses
|j| Marce95
|c|☆I'M AT MY LIMIT|Tell me your main 😐
|
|t:|1620361666
|move|p1a: Rhyperior|Earthquake|p2a: IRON GIANT 🔧
|-supereffective|p2a: IRON GIANT 🔧
|-damage|p2a: IRON GIANT 🔧|0 fnt
|faint|p2a: IRON GIANT 🔧
|
|upkeep
|c|☆I'M AT MY LIMIT|wait
|c|☆I'M AT MY LIMIT|what if
|c|☆I'M AT MY LIMIT|we crit eq
|c|☆I'M AT MY LIMIT|rn
|c|☆Tapu fever|Lmao
|
|t:|1620361684
|switch|p2a: Land shark 🌊☀|Garchomp, M|100/100
|turn|80
|c|☆I'M AT MY LIMIT|Your funny
|
|t:|1620361688
|move|p2a: Land shark 🌊☀|Earthquake|p1a: Rhyperior
|-supereffective|p1a: Rhyperior
|-damage|p1a: Rhyperior|60/100
|move|p1a: Rhyperior|Earthquake|p2a: Land shark 🌊☀
|-damage|p2a: Land shark 🌊☀|0 fnt
|faint|p2a: Land shark 🌊☀
|
|-heal|p1a: Rhyperior|66/100|[from] item: Leftovers
|upkeep
|c|☆I'M AT MY LIMIT|lmao
|c|☆I'M AT MY LIMIT|Stop we lost to bullshit
|c|☆I'M AT MY LIMIT|Yo im tired of this shit game 😳😐😐
|c|☆I'M AT MY LIMIT|stressless
|
|t:|1620361710
|switch|p2a: Slowbruh 🏃|Slowbro, F|58/100
|turn|81
|c|☆I'M AT MY LIMIT|we just needed testing anyways
|c|☆Tapu fever|U played good tho
|inactive|Tapu fever has 90 seconds left.
|c|☆I'M AT MY LIMIT|Yeah ok eat my ass 😭😭😭
|c|☆I'M AT MY LIMIT|Goodbye
|inactive|I'M AT MY LIMIT has 120 seconds left.
|-message|I'M AT MY LIMIT forfeited.
|
|win|Tapu fever
|raw|Tapu fever's rating: 1484 &rarr; <strong>1508</strong><br />(+24 for winning)
|raw|I&apos;M AT MY LIMIT's rating: 1547 &rarr; <strong>1523</strong><br />(-24 for losing)
|c|☆Tapu fever|Pmao
|c|☆Tapu fever|Ok
|c| Marce95|super F
|c|☆Tapu fever|Byw
|c|☆Tapu fever|Bye
|n| OU make me yawn|imatmylimit
|c| OU make me yawn|he didn't mean it
|c| OU make me yawn|gg
|c| Marce95|unpopular opinion : umbreon should be UU at least
|c| OU make me yawn|Nahh wdym i didnt mean it
|c| OU make me yawn|I just lost to bullshit 😪
|c| OU make me yawn|Like wheres our quagsire
|l| Marce95
|c| OU make me yawn|So we dont be losing to shit like what he has
|c| OU make me yawn|Surf dragapult 😐
|j| Marce95
|c| OU make me yawn|we might could have just stalled out the rhyperior
|c| OU make me yawn|Dude no
|c| OU make me yawn|He was just gonna keep spamming smack down and EQ like hes funny
|c| OU make me yawn|Like hes a comeidan doing stand up
|c| Marce95|maybe just have surf for moltres or heatran
|c| OU make me yawn|He didnt desrve the win
|c| OU make me yawn|just get another game with the stuff
|c| Marce95|if its a hex set, he cannot hit effectively a fire tipe
|c| OU make me yawn|i have some para spam i think i'll use if you want to do rotations
|c| OU make me yawn|If we lose to bullshit like tapu fever im done
|l| htcl
|c| OU make me yawn|Like dude no hex
|c| OU make me yawn|What world is this
|c|☆Tapu fever|I do have hex
|c| OU make me yawn|Why didnt you use it
|c|☆Tapu fever|Cause audino
|c| OU make me yawn|😐
|c| Marce95|man that's the point of random stuff xd to surprise
|c| OU make me yawn|Players like you man i swear
|c| OU make me yawn|Ok im testing again
|c|☆Tapu fever|I didnt use it on corv cause i kept expecting u to go audino
|c|☆Tapu fever|But ud just roost
|c|☆Tapu fever|Everytime
|n|☆I'M AT MY LIMIT|oumakemeyawn
|c|☆I'M AT MY LIMIT|Ok im done talking about this bullshit
|c| Marce95|man, why not thunder wave instead will o wisp
|c|☆I'M AT MY LIMIT|Whatever keep using that
|c| Marce95|can I have the set of the snorlax?
|c|☆Tapu fever|Thats a good point marce just made it and wanted to see what wisp did for the team
|c|☆Tapu fever|Ah double edge heat crash eq curse
|c|☆Tapu fever|Why is he so mad anyways?
|c|☆I'M AT MY LIMIT|idk
