|j|☆someidiot19
|j|☆mamaw31180
|t:|1665487059
|gametype|singles
|player|p1|someidiot19|teacher-gen2|1598
|player|p2|mamaw31180|1|1611
|teamsize|p1|6
|teamsize|p2|6
|gen|8
|tier|[Gen 8] OU
|rated|
|rule|Sleep Clause Mod: Limit one foe put to sleep
|rule|Species Clause: Limit one of each Pokémon
|rule|OHKO Clause: OHKO moves are banned
|rule|Evasion Items Clause: Evasion items are banned
|rule|Evasion Moves Clause: Evasion moves are banned
|rule|Endless Battle Clause: Forcing endless battles is banned
|rule|HP Percentage Mod: HP is shown in percentages
|rule|Dynamax Clause: You cannot dynamax
|clearpoke
|poke|p1|Tapu Koko|
|poke|p1|Magnezone|
|poke|p1|Mamoswine, M|
|poke|p1|Slowking, F|
|poke|p1|Skarmory, F|
|poke|p1|Hydreigon, F|
|poke|p2|Kartana|
|poke|p2|Blacephalon|
|poke|p2|Tyranitar, M|
|poke|p2|Landorus-Therian, M|
|poke|p2|Slowbro, F|
|poke|p2|Zapdos|
|teampreview
|inactive|Battle timer is ON: inactive players will automatically lose when time's up. (requested by someidiot19)
|j| Kyurem
|
|t:|1665487074
|start
|switch|p1a: Hydreigon|Hydreigon, F|100/100
|switch|p2a: Slowbro|Slowbro, F|100/100
|turn|1
|
|t:|1665487081
|switch|p2a: Tyranitar|Tyranitar, M|100/100
|-weather|Sandstorm|[from] ability: Sand Stream|[of] p2a: Tyranitar
|move|p1a: Hydreigon|Flash Cannon|p2a: Tyranitar
|-supereffective|p2a: Tyranitar
|-damage|p2a: Tyranitar|47/100
|
|-weather|Sandstorm|[upkeep]
|-damage|p1a: Hydreigon|94/100|[from] Sandstorm
|upkeep
|turn|2
|
|t:|1665487092
|switch|p1a: Tapu Koko|Tapu Koko|100/100
|-fieldstart|move: Electric Terrain|[from] ability: Electric Surge|[of] p1a: Tapu Koko
|switch|p2a: Slowbro|Slowbro, F|100/100
|
|-weather|Sandstorm|[upkeep]
|-damage|p1a: Tapu Koko|94/100|[from] Sandstorm
|-damage|p2a: Slowbro|94/100|[from] Sandstorm
|upkeep
|turn|3
|
|t:|1665487098
|switch|p1a: Mamoswine|Mamoswine, M|100/100
|switch|p2a: Landorus|Landorus-Therian, M|100/100
|-ability|p2a: Landorus|Intimidate|boost
|-unboost|p1a: Mamoswine|atk|1
|
|-weather|Sandstorm|[upkeep]
|upkeep
|turn|4
|
|t:|1665487104
|switch|p2a: Slowbro|Slowbro, F|100/100
|move|p1a: Mamoswine|Stealth Rock|p2a: Slowbro
|-sidestart|p2: mamaw31180|move: Stealth Rock
|
|-weather|Sandstorm|[upkeep]
|-damage|p2a: Slowbro|94/100|[from] Sandstorm
|upkeep
|turn|5
|
|t:|1665487108
|switch|p1a: Hydreigon|Hydreigon, F|94/100
|move|p2a: Slowbro|Teleport|p2a: Slowbro
|
|t:|1665487114
|switch|p2a: Kartana|Kartana|100/100|[from]move: Teleport
|-damage|p2a: Kartana|94/100|[from] Stealth Rock
|
|-weather|none
|upkeep
|turn|6
|
|t:|1665487118
|switch|p1a: Skarmory|Skarmory, F|100/100
|move|p2a: Kartana|Sacred Sword|p1a: Skarmory
|-damage|p1a: Skarmory|77/100
|-damage|p2a: Kartana|78/100|[from] item: Rocky Helmet|[of] p1a: Skarmory
|
|-fieldend|move: Electric Terrain
|upkeep
|turn|7
|
|t:|1665487123
|switch|p2a: Zapdos|Zapdos|100/100
|move|p1a: Skarmory|Body Press|p2a: Zapdos
|-resisted|p2a: Zapdos
|-damage|p2a: Zapdos|88/100
|
|upkeep
|turn|8
|
|t:|1665487127
|switch|p1a: Tapu Koko|Tapu Koko|94/100
|-fieldstart|move: Electric Terrain|[from] ability: Electric Surge|[of] p1a: Tapu Koko
|move|p2a: Zapdos|Defog|p1a: Tapu Koko
|-unboost|p1a: Tapu Koko|evasion|1
|-sideend|p2: mamaw31180|Stealth Rock|[from] move: Defog|[of] p2a: Zapdos
|-fieldend|move: Electric Terrain
|
|upkeep
|turn|9
|
|t:|1665487130
|move|p1a: Tapu Koko|Volt Switch|p2a: Zapdos
|-damage|p2a: Zapdos|57/100
|
|t:|1665487133
|switch|p1a: Mamoswine|Mamoswine, M|100/100|[from]move: Volt Switch
|move|p2a: Zapdos|Volt Switch|p1a: Mamoswine
|-immune|p1a: Mamoswine
|
|upkeep
|turn|10
|
|t:|1665487137
|switch|p2a: Blacephalon|Blacephalon|100/100
|move|p1a: Mamoswine|Stealth Rock|p2a: Blacephalon
|-sidestart|p2: mamaw31180|move: Stealth Rock
|
|upkeep
|turn|11
|
|t:|1665487141
|switch|p1a: Hydreigon|Hydreigon, F|94/100
|move|p2a: Blacephalon|Overheat|p1a: Hydreigon
|-resisted|p1a: Hydreigon
|-damage|p1a: Hydreigon|32/100
|-unboost|p2a: Blacephalon|spa|2
|
|upkeep
|turn|12
|
|t:|1665487153
|switch|p2a: Landorus|Landorus-Therian, M|100/100
|-damage|p2a: Landorus|88/100|[from] Stealth Rock
|-ability|p2a: Landorus|Intimidate|boost
|-unboost|p1a: Hydreigon|atk|1
|switch|p1a: Slowking|Slowking, F|100/100
|
|-heal|p2a: Landorus|94/100|[from] item: Leftovers
|upkeep
|turn|13
|
|t:|1665487158
|move|p2a: Landorus|U-turn|p1a: Slowking
|-supereffective|p1a: Slowking
|-damage|p1a: Slowking|60/100
|
|t:|1665487161
|switch|p2a: Zapdos|Zapdos|57/100|[from]move: U-turn
|move|p1a: Slowking|Scald|p2a: Zapdos
|-damage|p2a: Zapdos|27/100
|
|upkeep
|turn|14
|
|t:|1665487165
|move|p2a: Zapdos|Roost|p2a: Zapdos
|-heal|p2a: Zapdos|78/100
|-singleturn|p2a: Zapdos|move: Roost
|move|p1a: Slowking|Scald|p2a: Zapdos
|-damage|p2a: Zapdos|52/100
|
|upkeep
|turn|15
|
|t:|1665487168
|switch|p1a: Mamoswine|Mamoswine, M|100/100
|move|p2a: Zapdos|Defog|p1a: Mamoswine
|-unboost|p1a: Mamoswine|evasion|1
|-sideend|p2: mamaw31180|Stealth Rock|[from] move: Defog|[of] p2a: Zapdos
|
|upkeep
|turn|16
|
|t:|1665487173
|switch|p2a: Blacephalon|Blacephalon|100/100
|move|p1a: Mamoswine|Stealth Rock|p2a: Blacephalon
|-sidestart|p2: mamaw31180|move: Stealth Rock
|
|upkeep
|turn|17
|
|t:|1665487193
|move|p2a: Blacephalon|Shadow Ball|p1a: Mamoswine
|-damage|p1a: Mamoswine|5/100
|move|p1a: Mamoswine|Earthquake|p2a: Blacephalon
|-supereffective|p2a: Blacephalon
|-damage|p2a: Blacephalon|0 fnt
|faint|p2a: Blacephalon
|
|upkeep
|
|t:|1665487205
|switch|p2a: Kartana|Kartana|78/100
|-damage|p2a: Kartana|72/100|[from] Stealth Rock
|turn|18
|
|t:|1665487223
|switch|p1a: Skarmory|Skarmory, F|77/100
|move|p2a: Kartana|Knock Off|p1a: Skarmory
|-damage|p1a: Skarmory|53/100
|-damage|p2a: Kartana|55/100|[from] item: Rocky Helmet|[of] p1a: Skarmory
|-enditem|p1a: Skarmory|Rocky Helmet|[from] move: Knock Off|[of] p2a: Kartana
|
|upkeep
|turn|19
|
|t:|1665487229
|switch|p2a: Landorus|Landorus-Therian, M|94/100
|-damage|p2a: Landorus|82/100|[from] Stealth Rock
|-ability|p2a: Landorus|Intimidate|boost
|-unboost|p1a: Skarmory|atk|1
|switch|p1a: Mamoswine|Mamoswine, M|5/100
|
|-heal|p2a: Landorus|88/100|[from] item: Leftovers
|upkeep
|turn|20
|
|t:|1665487235
|switch|p2a: Slowbro|Slowbro, F|100/100
|-damage|p2a: Slowbro|88/100|[from] Stealth Rock
|move|p1a: Mamoswine|Icicle Crash|p2a: Slowbro|[miss]
|-miss|p1a: Mamoswine|p2a: Slowbro
|
|upkeep
|turn|21
|
|t:|1665487242
|switch|p1a: Tapu Koko|Tapu Koko|94/100
|-fieldstart|move: Electric Terrain|[from] ability: Electric Surge|[of] p1a: Tapu Koko
|move|p2a: Slowbro|Teleport|p2a: Slowbro
|
|t:|1665487245
|switch|p2a: Landorus|Landorus-Therian, M|88/100|[from]move: Teleport
|-damage|p2a: Landorus|76/100|[from] Stealth Rock
|-ability|p2a: Landorus|Intimidate|boost
|-unboost|p1a: Tapu Koko|atk|1
|
|-heal|p2a: Landorus|82/100|[from] item: Leftovers
|upkeep
|turn|22
|
|t:|1665487252
|switch|p1a: Mamoswine|Mamoswine, M|5/100
|move|p2a: Landorus|Stealth Rock|p1a: Mamoswine
|-sidestart|p1: someidiot19|move: Stealth Rock
|
|-heal|p2a: Landorus|88/100|[from] item: Leftovers
|upkeep
|turn|23
|
|t:|1665487259
|switch|p2a: Slowbro|Slowbro, F|100/100
|-damage|p2a: Slowbro|88/100|[from] Stealth Rock
|move|p1a: Mamoswine|Earthquake|p2a: Slowbro
|-damage|p2a: Slowbro|55/100
|
|upkeep
|turn|24
|
|t:|1665487264
|move|p1a: Mamoswine|Icicle Crash|p2a: Slowbro
|-resisted|p2a: Slowbro
|-damage|p2a: Slowbro|37/100
|move|p2a: Slowbro|Teleport|p2a: Slowbro
|
|t:|1665487270
|switch|p2a: Kartana|Kartana|55/100|[from]move: Teleport
|-damage|p2a: Kartana|49/100|[from] Stealth Rock
|
|upkeep
|turn|25
|
|t:|1665487273
|move|p1a: Mamoswine|Ice Shard|p2a: Kartana
|-damage|p2a: Kartana|21/100
|move|p2a: Kartana|Sacred Sword|p1a: Mamoswine
|-supereffective|p1a: Mamoswine
|-damage|p1a: Mamoswine|0 fnt
|faint|p1a: Mamoswine
|-ability|p2a: Kartana|Beast Boost|boost
|-boost|p2a: Kartana|atk|1
|
|-fieldend|move: Electric Terrain
|upkeep
|
|t:|1665487280
|switch|p1a: Slowking|Slowking, F|94/100
|turn|26
|
|t:|1665487288
|switch|p2a: Zapdos|Zapdos|52/100
|move|p1a: Slowking|Scald|p2a: Zapdos
|-damage|p2a: Zapdos|24/100
|-status|p2a: Zapdos|brn
|
|-damage|p2a: Zapdos|18/100 brn|[from] brn
|upkeep
|turn|27
|
|t:|1665487293
|switch|p1a: Tapu Koko|Tapu Koko|94/100
|-fieldstart|move: Electric Terrain|[from] ability: Electric Surge|[of] p1a: Tapu Koko
|move|p2a: Zapdos|Roost|p2a: Zapdos
|-heal|p2a: Zapdos|68/100 brn
|-singleturn|p2a: Zapdos|move: Roost
|
|-damage|p2a: Zapdos|62/100 brn|[from] brn
|upkeep
|turn|28
|
|t:|1665487297
|move|p1a: Tapu Koko|Thunderbolt|p2a: Zapdos
|-damage|p2a: Zapdos|15/100 brn
|move|p2a: Zapdos|Roost|p2a: Zapdos
|-heal|p2a: Zapdos|66/100 brn
|-singleturn|p2a: Zapdos|move: Roost
|
|-damage|p2a: Zapdos|60/100 brn|[from] brn
|upkeep
|turn|29
|
|t:|1665487310
|move|p1a: Tapu Koko|Volt Switch|p2a: Zapdos
|-damage|p2a: Zapdos|22/100 brn
|
|t:|1665487313
|switch|p1a: Hydreigon|Hydreigon, F|32/100|[from]move: Volt Switch
|-damage|p1a: Hydreigon|19/100|[from] Stealth Rock
|move|p2a: Zapdos|Roost|p2a: Zapdos
|-heal|p2a: Zapdos|72/100 brn
|-singleturn|p2a: Zapdos|move: Roost
|
|-damage|p2a: Zapdos|66/100 brn|[from] brn
|upkeep
|turn|30
|
|t:|1665487320
|move|p1a: Hydreigon|Draco Meteor|p2a: Zapdos
|-damage|p2a: Zapdos|0 fnt
|-unboost|p1a: Hydreigon|spa|2
|faint|p2a: Zapdos
|
|upkeep
|
|t:|1665487325
|switch|p2a: Tyranitar|Tyranitar, M|47/100
|-damage|p2a: Tyranitar|35/100|[from] Stealth Rock
|-weather|Sandstorm|[from] ability: Sand Stream|[of] p2a: Tyranitar
|turn|31
|
|t:|1665487339
|move|p1a: Hydreigon|Draco Meteor|p2a: Tyranitar|[miss]
|-miss|p1a: Hydreigon|p2a: Tyranitar
|move|p2a: Tyranitar|Crunch|p1a: Hydreigon
|-resisted|p1a: Hydreigon
|-damage|p1a: Hydreigon|0 fnt
|faint|p1a: Hydreigon
|
|-weather|Sandstorm|[upkeep]
|-fieldend|move: Electric Terrain
|upkeep
|
|t:|1665487347
|switch|p1a: Magnezone|Magnezone|100/100
|-damage|p1a: Magnezone|94/100|[from] Stealth Rock
|turn|32
|
|t:|1665487350
|move|p1a: Magnezone|Flash Cannon|p2a: Tyranitar
|-supereffective|p2a: Tyranitar
|-damage|p2a: Tyranitar|0 fnt
|faint|p2a: Tyranitar
|
|-weather|Sandstorm|[upkeep]
|upkeep
|
|t:|1665487353
|switch|p2a: Landorus|Landorus-Therian, M|88/100
|-damage|p2a: Landorus|75/100|[from] Stealth Rock
|-ability|p2a: Landorus|Intimidate|boost
|-unboost|p1a: Magnezone|atk|1
|turn|33
|
|t:|1665487356
|move|p1a: Magnezone|Flash Cannon|p2a: Landorus
|-damage|p2a: Landorus|28/100
|-unboost|p2a: Landorus|spd|1
|move|p2a: Landorus|U-turn|p1a: Magnezone
|-resisted|p1a: Magnezone
|-damage|p1a: Magnezone|83/100
|
|t:|1665487362
|switch|p2a: Kartana|Kartana|21/100|[from]move: U-turn
|-damage|p2a: Kartana|15/100|[from] Stealth Rock
|
|-weather|Sandstorm|[upkeep]
|upkeep
|turn|34
|
|t:|1665487366
|move|p2a: Kartana|Sacred Sword|p1a: Magnezone
|-supereffective|p1a: Magnezone
|-damage|p1a: Magnezone|0 fnt
|faint|p1a: Magnezone
|-ability|p2a: Kartana|Beast Boost|boost
|-boost|p2a: Kartana|atk|1
|
|-weather|Sandstorm|[upkeep]
|upkeep
|
|t:|1665487368
|switch|p1a: Slowking|Slowking, F|100/100
|turn|35
|
|t:|1665487372
|switch|p2a: Slowbro|Slowbro, F|70/100
|-damage|p2a: Slowbro|58/100|[from] Stealth Rock
|move|p1a: Slowking|Scald|p2a: Slowbro
|-resisted|p2a: Slowbro
|-damage|p2a: Slowbro|44/100
|-status|p2a: Slowbro|brn
|
|-weather|none
|-damage|p2a: Slowbro|38/100 brn|[from] brn
|upkeep
|turn|36
|
|t:|1665487376
|move|p1a: Slowking|Future Sight|p2a: Slowbro
|-start|p1a: Slowking|move: Future Sight
|move|p2a: Slowbro|Teleport|p2a: Slowbro
|
|t:|1665487379
|switch|p2a: Kartana|Kartana|15/100|[from]move: Teleport
|-damage|p2a: Kartana|9/100|[from] Stealth Rock
|
|upkeep
|turn|37
|
|t:|1665487388
|move|p2a: Kartana|Sacred Sword|p1a: Slowking
|-resisted|p1a: Slowking
|-damage|p1a: Slowking|81/100
|move|p1a: Slowking|Teleport|p1a: Slowking
|
|t:|1665487390
|switch|p1a: Tapu Koko|Tapu Koko|94/100|[from]move: Teleport
|-fieldstart|move: Electric Terrain|[from] ability: Electric Surge|[of] p1a: Tapu Koko
|
|upkeep
|turn|38
|
|t:|1665487396
|switch|p2a: Slowbro|Slowbro, F|71/100 brn
|-damage|p2a: Slowbro|59/100 brn|[from] Stealth Rock
|move|p1a: Tapu Koko|Dazzling Gleam|p2a: Slowbro
|-damage|p2a: Slowbro|23/100 brn
|
|-end|p2a: Slowbro|move: Future Sight
|-resisted|p2a: Slowbro
|-damage|p2a: Slowbro|0 fnt
|faint|p2a: Slowbro
|upkeep
|
|t:|1665487398
|switch|p2a: Kartana|Kartana|9/100
|-damage|p2a: Kartana|2/100|[from] Stealth Rock
|turn|39
|
|t:|1665487404
|move|p2a: Kartana|Sacred Sword|p1a: Tapu Koko
|-resisted|p1a: Tapu Koko
|-damage|p1a: Tapu Koko|65/100
|move|p1a: Tapu Koko|Dazzling Gleam|p2a: Kartana
|-resisted|p2a: Kartana
|-damage|p2a: Kartana|0 fnt
|faint|p2a: Kartana
|
|upkeep
|-message|mamaw31180 forfeited.
|
|win|someidiot19
|raw|someidiot19's rating: 1598 &rarr; <strong>1619</strong><br />(+21 for winning)
|raw|mamaw31180's rating: 1611 &rarr; <strong>1590</strong><br />(-21 for losing)
|l|☆mamaw31180
