|raw|<div class="broadcast-blue"><strong>This battle is required to be public due to a player having a name starting with 'lt91bb'.</div>
|j|☆Hostile Takeovers
|j|☆LT91BB animefan
|t:|1658971728
|gametype|singles
|player|p1|Hostile Takeovers|clerk-boss|1899
|player|p2|LT91BB animefan|170|1837
|teamsize|p1|6
|teamsize|p2|6
|gen|8
|tier|[Gen 8] OU
|rated|
|rule|Sleep Clause Mod: Limit one foe put to sleep
|rule|Species Clause: Limit one of each Pokémon
|rule|OHKO Clause: OHKO moves are banned
|rule|Evasion Moves Clause: Evasion moves are banned
|rule|Endless Battle Clause: Forcing endless battles is banned
|rule|HP Percentage Mod: HP is shown in percentages
|rule|Dynamax Clause: You cannot dynamax
|clearpoke
|poke|p1|Moltres-Galar|
|poke|p1|Tapu Koko|
|poke|p1|Volcarona, M|
|poke|p1|Cloyster, F|
|poke|p1|Dragapult, F|
|poke|p1|Rillaboom, F|
|poke|p2|Melmetal|
|poke|p2|Clefable, F|
|poke|p2|Quagsire, M|
|poke|p2|Skarmory, M|
|poke|p2|Zapdos|
|poke|p2|Toxapex, M|
|teampreview
|inactive|Battle timer is ON: inactive players will automatically lose when time's up. (requested by LT91BB animefan)
|inactive|Hostile Takeovers also wants the timer to be on.
|j| DrasticLightning
|j| LT91BB Tace
|j| lt91bb adf
|
|t:|1658971749
|start
|switch|p1a: Villain|Tapu Koko, shiny|100/100
|switch|p2a: Quagsire|Quagsire, M|100/100
|-fieldstart|move: Electric Terrain|[from] ability: Electric Surge|[of] p1a: Villain
|turn|1
|
|t:|1658971768
|move|p1a: Villain|U-turn|p2a: Quagsire
|-damage|p2a: Quagsire|88/100
|
|t:|1658971770
|switch|p1a: Nemesis|Rillaboom, F|100/100|[from]move: U-turn
|-fieldstart|move: Grassy Terrain|[from] ability: Grassy Surge|[of] p1a: Nemesis
|move|p2a: Quagsire|Earthquake|p1a: Nemesis
|-resisted|p1a: Nemesis
|-damage|p1a: Nemesis|93/100
|
|-heal|p1a: Nemesis|99/100|[from] Grassy Terrain
|-heal|p2a: Quagsire|94/100|[from] Grassy Terrain
|-heal|p2a: Quagsire|99/100|[from] item: Leftovers
|upkeep
|turn|2
|j| clownzyo
|
|t:|1658971783
|switch|p1a: Villain|Tapu Koko, shiny|100/100
|-fieldstart|move: Electric Terrain|[from] ability: Electric Surge|[of] p1a: Villain
|switch|p2a: Skarmory|Skarmory, M|100/100
|
|upkeep
|turn|3
|j| Barracades
|j| ThisIsntHilarious
|
|t:|1658971792
|move|p1a: Villain|Light Screen|p1a: Villain
|-sidestart|p1: Hostile Takeovers|move: Light Screen
|move|p2a: Skarmory|Spikes|p1a: Villain
|-sidestart|p1: Hostile Takeovers|Spikes
|
|upkeep
|turn|4
|
|t:|1658971796
|switch|p2a: Quagsire|Quagsire, M|99/100
|move|p1a: Villain|Taunt|p2a: Quagsire
|-start|p2a: Quagsire|move: Taunt
|
|-heal|p2a: Quagsire|100/100|[from] item: Leftovers
|upkeep
|turn|5
|
|t:|1658971804
|move|p1a: Villain|U-turn|p2a: Quagsire
|-damage|p2a: Quagsire|87/100
|
|t:|1658971806
|switch|p1a: Nemesis|Rillaboom, F|99/100|[from]move: U-turn
|-damage|p1a: Nemesis|86/100|[from] Spikes
|-fieldstart|move: Grassy Terrain|[from] ability: Grassy Surge|[of] p1a: Nemesis
|move|p2a: Quagsire|Scald|p1a: Nemesis
|-resisted|p1a: Nemesis
|-damage|p1a: Nemesis|81/100
|
|-heal|p1a: Nemesis|87/100|[from] Grassy Terrain
|-heal|p2a: Quagsire|94/100|[from] Grassy Terrain
|-heal|p2a: Quagsire|99/100|[from] item: Leftovers
|upkeep
|turn|6
|
|t:|1658971815
|switch|p2a: Skarmory|Skarmory, M|100/100
|move|p1a: Nemesis|Swords Dance|p1a: Nemesis
|-boost|p1a: Nemesis|atk|2
|
|-heal|p1a: Nemesis|93/100|[from] Grassy Terrain
|upkeep
|turn|7
|
|t:|1658971819
|move|p1a: Nemesis|Swords Dance|p1a: Nemesis
|-boost|p1a: Nemesis|atk|2
|move|p2a: Skarmory|Toxic|p1a: Nemesis
|-status|p1a: Nemesis|tox
|
|-heal|p1a: Nemesis|99/100 tox|[from] Grassy Terrain
|-damage|p1a: Nemesis|93/100 tox|[from] psn
|upkeep
|turn|8
|
|t:|1658971826
|move|p1a: Nemesis|Knock Off|p2a: Skarmory
|-damage|p2a: Skarmory|19/100
|-enditem|p2a: Skarmory|Shed Shell|[from] move: Knock Off|[of] p1a: Nemesis
|-damage|p1a: Nemesis|83/100 tox|[from] item: Life Orb
|move|p2a: Skarmory|Body Press|p1a: Nemesis
|-crit|p1a: Nemesis
|-damage|p1a: Nemesis|31/100 tox
|
|-heal|p1a: Nemesis|37/100 tox|[from] Grassy Terrain
|-damage|p1a: Nemesis|25/100 tox|[from] psn
|upkeep
|turn|9
|j| Xurem
|j| Congwuyu
|
|t:|1658971836
|move|p1a: Nemesis|Wood Hammer|p2a: Skarmory
|-resisted|p2a: Skarmory
|-damage|p2a: Skarmory|0 fnt
|faint|p2a: Skarmory
|-damage|p1a: Nemesis|18/100 tox|[from] Recoil
|-damage|p1a: Nemesis|8/100 tox|[from] item: Life Orb
|
|-heal|p1a: Nemesis|15/100 tox|[from] Grassy Terrain
|-damage|p1a: Nemesis|0 fnt|[from] psn
|faint|p1a: Nemesis
|-fieldend|move: Grassy Terrain
|upkeep
|
|t:|1658971852
|switch|p1a: Rival|Dragapult, F|100/100
|switch|p2a: Zapdos|Zapdos|100/100
|-damage|p1a: Rival|88/100|[from] Spikes
|-ability|p2a: Zapdos|Pressure
|turn|10
|
|t:|1658971858
|switch|p2a: Clefable|Clefable, F|100/100
|move|p1a: Rival|Substitute|p1a: Rival
|-start|p1a: Rival|Substitute
|-damage|p1a: Rival|63/100
|
|-heal|p1a: Rival|69/100|[from] item: Leftovers
|-sideend|p1: Hostile Takeovers|move: Light Screen
|upkeep
|turn|11
|
|t:|1658971866
|move|p1a: Rival|Phantom Force||[still]
|-prepare|p1a: Rival|Phantom Force
|move|p2a: Clefable|Moonblast|p1a: Rival|[miss]
|-miss|p2a: Clefable|p1a: Rival
|
|-heal|p1a: Rival|75/100|[from] item: Leftovers
|upkeep
|turn|12
|
|t:|1658971870
|move|p1a: Rival|Phantom Force|p2a: Clefable|[from]lockedmove
|-damage|p2a: Clefable|56/100
|move|p2a: Clefable|Moonblast|p1a: Rival
|-supereffective|p1a: Rival
|-end|p1a: Rival|Substitute
|
|-heal|p1a: Rival|82/100|[from] item: Leftovers
|upkeep
|turn|13
|
|t:|1658971886
|switch|p1a: Enemy|Volcarona, M|100/100
|move|p2a: Clefable|Soft-Boiled|p2a: Clefable
|-heal|p2a: Clefable|100/100
|
|upkeep
|turn|14
|
|t:|1658971892
|switch|p2a: Toxapex|Toxapex, M|100/100
|move|p1a: Enemy|Quiver Dance|p1a: Enemy
|-boost|p1a: Enemy|spa|1
|-boost|p1a: Enemy|spd|1
|-boost|p1a: Enemy|spe|1
|
|upkeep
|turn|15
|
|t:|1658971896
|move|p1a: Enemy|Psychic|p2a: Toxapex
|-supereffective|p2a: Toxapex
|-damage|p2a: Toxapex|42/100
|move|p2a: Toxapex|Light Screen|p2a: Toxapex
|-sidestart|p2: LT91BB animefan|move: Light Screen
|
|upkeep
|turn|16
|
|t:|1658971911
|move|p1a: Enemy|Quiver Dance|p1a: Enemy
|-boost|p1a: Enemy|spa|1
|-boost|p1a: Enemy|spd|1
|-boost|p1a: Enemy|spe|1
|move|p2a: Toxapex|Recover|p2a: Toxapex
|-heal|p2a: Toxapex|93/100
|
|upkeep
|turn|17
|
|t:|1658971919
|switch|p1a: Villain|Tapu Koko, shiny|100/100
|-damage|p1a: Villain|88/100|[from] Spikes
|-fieldstart|move: Electric Terrain|[from] ability: Electric Surge|[of] p1a: Villain
|move|p2a: Toxapex|Haze|p2a: Toxapex
|-clearallboost
|
|upkeep
|turn|18
|j| LT91BB Losco
|j| Wee Hours
|
|t:|1658971931
|move|p1a: Villain|Light Screen|p1a: Villain
|-sidestart|p1: Hostile Takeovers|move: Light Screen
|move|p2a: Toxapex|Knock Off|p1a: Villain
|-resisted|p1a: Villain
|-damage|p1a: Villain|80/100
|-enditem|p1a: Villain|Light Clay|[from] move: Knock Off|[of] p2a: Toxapex
|
|upkeep
|turn|19
|
|t:|1658971939
|move|p1a: Villain|Taunt|p2a: Toxapex
|-start|p2a: Toxapex|move: Taunt
|move|p2a: Toxapex|Knock Off|p1a: Villain
|-resisted|p1a: Villain
|-damage|p1a: Villain|74/100
|
|-sideend|p2: LT91BB animefan|move: Light Screen
|upkeep
|turn|20
|j| Venositile
|
|t:|1658971947
|move|p1a: Villain|U-turn|p2a: Toxapex
|-resisted|p2a: Toxapex
|-damage|p2a: Toxapex|86/100
|l| Xurem
|
|t:|1658971954
|switch|p1a: Enemy|Volcarona, M|100/100|[from]move: U-turn
|move|p2a: Toxapex|Knock Off|p1a: Enemy
|-damage|p1a: Enemy|77/100
|-enditem|p1a: Enemy|Heavy-Duty Boots|[from] move: Knock Off|[of] p2a: Toxapex
|
|upkeep
|turn|21
|
|t:|1658971964
|move|p1a: Enemy|Quiver Dance|p1a: Enemy
|-boost|p1a: Enemy|spa|1
|-boost|p1a: Enemy|spd|1
|-boost|p1a: Enemy|spe|1
|move|p2a: Toxapex|Knock Off|p1a: Enemy
|-damage|p1a: Enemy|60/100
|-status|p2a: Toxapex|brn|[from] ability: Flame Body|[of] p1a: Enemy
|
|-damage|p2a: Toxapex|80/100 brn|[from] brn
|-end|p2a: Toxapex|move: Taunt
|-fieldend|move: Electric Terrain
|upkeep
|turn|22
|
|t:|1658971973
|move|p1a: Enemy|Psychic|p2a: Toxapex
|-supereffective|p2a: Toxapex
|-damage|p2a: Toxapex|17/100 brn
|move|p2a: Toxapex|Haze|p2a: Toxapex
|-clearallboost
|
|-damage|p2a: Toxapex|11/100 brn|[from] brn
|upkeep
|turn|23
|
|t:|1658971982
|move|p1a: Enemy|Quiver Dance|p1a: Enemy
|-boost|p1a: Enemy|spa|1
|-boost|p1a: Enemy|spd|1
|-boost|p1a: Enemy|spe|1
|move|p2a: Toxapex|Haze|p2a: Toxapex
|-clearallboost
|
|-damage|p2a: Toxapex|5/100 brn|[from] brn
|upkeep
|turn|24
|
|t:|1658971987
|switch|p2a: Zapdos|Zapdos|100/100
|-ability|p2a: Zapdos|Pressure
|move|p1a: Enemy|Quiver Dance|p1a: Enemy
|-boost|p1a: Enemy|spa|1
|-boost|p1a: Enemy|spd|1
|-boost|p1a: Enemy|spe|1
|
|upkeep
|turn|25
|
|t:|1658971995
|switch|p2a: Toxapex|Toxapex, M|38/100 brn
|move|p1a: Enemy|Quiver Dance|p1a: Enemy
|-boost|p1a: Enemy|spa|1
|-boost|p1a: Enemy|spd|1
|-boost|p1a: Enemy|spe|1
|
|-damage|p2a: Toxapex|33/100 brn|[from] brn
|-sideend|p1: Hostile Takeovers|move: Light Screen
|upkeep
|turn|26
|j| RowzerXT
|
|t:|1658972004
|move|p1a: Enemy|Psychic|p2a: Toxapex
|-supereffective|p2a: Toxapex
|-damage|p2a: Toxapex|0 fnt
|faint|p2a: Toxapex
|
|upkeep
|
|t:|1658972006
|switch|p2a: Quagsire|Quagsire, M|99/100
|turn|27
|
|t:|1658972010
|move|p1a: Enemy|Bug Buzz|p2a: Quagsire
|-crit|p2a: Quagsire
|-damage|p2a: Quagsire|19/100
|move|p2a: Quagsire|Haze|p2a: Quagsire
|-clearallboost
|
|-heal|p2a: Quagsire|25/100|[from] item: Leftovers
|upkeep
|turn|28
|
|t:|1658972021
|switch|p2a: Zapdos|Zapdos|100/100
|-ability|p2a: Zapdos|Pressure
|move|p1a: Enemy|Bug Buzz|p2a: Zapdos
|-resisted|p2a: Zapdos
|-damage|p2a: Zapdos|84/100
|
|upkeep
|turn|29
|
|t:|1658972037
|switch|p1a: Villain|Tapu Koko, shiny|74/100
|-damage|p1a: Villain|62/100|[from] Spikes
|-fieldstart|move: Electric Terrain|[from] ability: Electric Surge|[of] p1a: Villain
|move|p2a: Zapdos|Hurricane|p1a: Villain|[miss]
|-miss|p2a: Zapdos|p1a: Villain
|
|upkeep
|turn|30
|
|t:|1658972045
|move|p1a: Villain|Light Screen|p1a: Villain
|-sidestart|p1: Hostile Takeovers|move: Light Screen
|move|p2a: Zapdos|Volt Switch|p1a: Villain
|-resisted|p1a: Villain
|-damage|p1a: Villain|52/100
|
|t:|1658972047
|switch|p2a: Quagsire|Quagsire, M|25/100|[from]move: Volt Switch
|
|-heal|p2a: Quagsire|31/100|[from] item: Leftovers
|upkeep
|turn|31
|
|t:|1658972054
|move|p1a: Villain|Taunt|p2a: Quagsire
|-start|p2a: Quagsire|move: Taunt
|cant|p2a: Quagsire|move: Taunt|Recover
|
|-heal|p2a: Quagsire|37/100|[from] item: Leftovers
|upkeep
|turn|32
|
|t:|1658972059
|switch|p2a: Melmetal|Melmetal|100/100
|move|p1a: Villain|U-turn|p2a: Melmetal
|-resisted|p2a: Melmetal
|-crit|p2a: Melmetal
|-damage|p2a: Melmetal|94/100
|j| Marshmellow.OwO
|
|t:|1658972074
|switch|p1a: Enemy|Volcarona, M|60/100|[from]move: U-turn
|-damage|p1a: Enemy|48/100|[from] Spikes
|
|-heal|p2a: Melmetal|99/100|[from] item: Leftovers
|upkeep
|turn|33
|
|t:|1658972083
|move|p1a: Enemy|Flamethrower|p2a: Melmetal
|-supereffective|p2a: Melmetal
|-damage|p2a: Melmetal|16/100
|move|p2a: Melmetal|Double Iron Bash|p1a: Enemy
|-resisted|p1a: Enemy
|-damage|p1a: Enemy|21/100
|-resisted|p1a: Enemy
|-damage|p1a: Enemy|0 fnt
|-status|p2a: Melmetal|brn|[from] ability: Flame Body|[of] p1a: Enemy
|faint|p1a: Enemy
|-hitcount|p1: Enemy|2
|
|-heal|p2a: Melmetal|22/100 brn|[from] item: Leftovers
|-damage|p2a: Melmetal|16/100 brn|[from] brn
|-fieldend|move: Electric Terrain
|upkeep
|
|t:|1658972096
|switch|p1a: Foe|Cloyster, F, shiny|100/100
|turn|34
|
|t:|1658972122
|switch|p2a: Quagsire|Quagsire, M|37/100
|move|p1a: Foe|Shell Smash|p1a: Foe
|-unboost|p1a: Foe|def|1
|-unboost|p1a: Foe|spd|1
|-boost|p1a: Foe|atk|2
|-boost|p1a: Foe|spa|2
|-boost|p1a: Foe|spe|2
|
|-heal|p2a: Quagsire|43/100|[from] item: Leftovers
|-sideend|p1: Hostile Takeovers|move: Light Screen
|upkeep
|turn|35
|
|t:|1658972127
|move|p1a: Foe|Icicle Spear|p2a: Quagsire
|-damage|p2a: Quagsire|35/100
|-damage|p2a: Quagsire|27/100
|-damage|p2a: Quagsire|20/100
|-damage|p2a: Quagsire|11/100
|-damage|p2a: Quagsire|4/100
|-hitcount|p2a: Quagsire|5
|move|p2a: Quagsire|Recover|p2a: Quagsire
|-heal|p2a: Quagsire|54/100
|
|-heal|p2a: Quagsire|60/100|[from] item: Leftovers
|upkeep
|turn|36
|
|t:|1658972140
|move|p1a: Foe|Icicle Spear|p2a: Quagsire
|-damage|p2a: Quagsire|52/100
|-damage|p2a: Quagsire|44/100
|-damage|p2a: Quagsire|36/100
|-damage|p2a: Quagsire|28/100
|-damage|p2a: Quagsire|20/100
|-hitcount|p2a: Quagsire|5
|move|p2a: Quagsire|Recover|p2a: Quagsire
|-heal|p2a: Quagsire|70/100
|
|-heal|p2a: Quagsire|76/100|[from] item: Leftovers
|upkeep
|turn|37
|
|t:|1658972152
|move|p1a: Foe|Liquidation|p2a: Quagsire
|-damage|p2a: Quagsire|48/100
|move|p2a: Quagsire|Recover|p2a: Quagsire
|-heal|p2a: Quagsire|98/100
|
|-heal|p2a: Quagsire|100/100|[from] item: Leftovers
|upkeep
|turn|38
|
|t:|1658972160
|switch|p1a: Adversary|Moltres-Galar|100/100
|move|p2a: Quagsire|Scald|p1a: Adversary
|-damage|p1a: Adversary|87/100
|
|upkeep
|turn|39
|
|t:|1658972170
|move|p1a: Adversary|Nasty Plot|p1a: Adversary
|-boost|p1a: Adversary|spa|2
|move|p2a: Quagsire|Scald|p1a: Adversary
|-damage|p1a: Adversary|73/100
|
|upkeep
|turn|40
|
|t:|1658972182
|switch|p2a: Melmetal|Melmetal|16/100 brn
|move|p1a: Adversary|Fiery Wrath|p2a: Melmetal
|-damage|p2a: Melmetal|0 fnt
|faint|p2a: Melmetal
|
|upkeep
|
|t:|1658972185
|switch|p2a: Zapdos|Zapdos|84/100
|-ability|p2a: Zapdos|Pressure
|turn|41
|j| kankan's uncle
|
|t:|1658972194
|move|p1a: Adversary|Fiery Wrath|p2a: Zapdos
|-crit|p2a: Zapdos
|-damage|p2a: Zapdos|2/100
|move|p2a: Zapdos|Volt Switch|p1a: Adversary
|-supereffective|p1a: Adversary
|-damage|p1a: Adversary|30/100
|-ability|p1a: Adversary|Berserk|boost
|-boost|p1a: Adversary|spa|1
|
|t:|1658972196
|switch|p2a: Quagsire|Quagsire, M|100/100|[from]move: Volt Switch
|
|upkeep
|turn|42
|j| kuymoumih
|l| Barracades
|
|t:|1658972204
|move|p1a: Adversary|Fiery Wrath|p2a: Quagsire
|-damage|p2a: Quagsire|60/100
|cant|p2a: Quagsire|flinch
|
|-heal|p2a: Quagsire|67/100|[from] item: Leftovers
|upkeep
|turn|43
|l| kankan's uncle
|j| Noktuska
|
|t:|1658972210
|move|p1a: Adversary|Fiery Wrath|p2a: Quagsire
|-damage|p2a: Quagsire|27/100
|move|p2a: Quagsire|Recover|p2a: Quagsire
|-heal|p2a: Quagsire|77/100
|
|-heal|p2a: Quagsire|84/100|[from] item: Leftovers
|upkeep
|turn|44
|
|t:|1658972215
|move|p1a: Adversary|Fiery Wrath|p2a: Quagsire
|-damage|p2a: Quagsire|39/100
|move|p2a: Quagsire|Haze|p2a: Quagsire
|-clearallboost
|
|-heal|p2a: Quagsire|46/100|[from] item: Leftovers
|upkeep
|turn|45
|j| kankan's uncle
|j| lt91bb metamence
|
|t:|1658972222
|switch|p2a: Clefable|Clefable, F|100/100
|move|p1a: Adversary|Fiery Wrath|p2a: Clefable
|-resisted|p2a: Clefable
|-damage|p2a: Clefable|84/100
|
|upkeep
|turn|46
|l| kankan's uncle
|
|t:|1658972232
|switch|p1a: Villain|Tapu Koko, shiny|52/100
|-damage|p1a: Villain|40/100|[from] Spikes
|-fieldstart|move: Electric Terrain|[from] ability: Electric Surge|[of] p1a: Villain
|move|p2a: Clefable|Moonblast|p1a: Villain
|-damage|p1a: Villain|1/100
|
|upkeep
|turn|47
|
|t:|1658972240
|switch|p2a: Quagsire|Quagsire, M|46/100
|move|p1a: Villain|Light Screen|p1a: Villain
|-sidestart|p1: Hostile Takeovers|move: Light Screen
|
|-heal|p2a: Quagsire|52/100|[from] item: Leftovers
|upkeep
|turn|48
|j| kankan's uncle
|
|t:|1658972249
|move|p1a: Villain|Taunt|p2a: Quagsire
|-start|p2a: Quagsire|move: Taunt
|cant|p2a: Quagsire|move: Taunt|Recover
|
|-heal|p2a: Quagsire|58/100|[from] item: Leftovers
|upkeep
|turn|49
|
|t:|1658972255
|move|p1a: Villain|Reflect|p1a: Villain
|-sidestart|p1: Hostile Takeovers|Reflect
|move|p2a: Quagsire|Scald|p1a: Villain
|-damage|p1a: Villain|0 fnt
|faint|p1a: Villain
|
|-heal|p2a: Quagsire|64/100|[from] item: Leftovers
|upkeep
|l| kankan's uncle
|
|t:|1658972262
|switch|p1a: Adversary|Moltres-Galar|30/100
|turn|50
|
|t:|1658972269
|move|p1a: Adversary|Nasty Plot|p1a: Adversary
|-boost|p1a: Adversary|spa|2
|move|p2a: Quagsire|Scald|p1a: Adversary
|-damage|p1a: Adversary|24/100
|
|-heal|p2a: Quagsire|70/100|[from] item: Leftovers
|-end|p2a: Quagsire|move: Taunt
|-fieldend|move: Electric Terrain
|upkeep
|turn|51
|l| Noktuska
|
|t:|1658972298
|move|p1a: Adversary|Fiery Wrath|p2a: Quagsire
|-damage|p2a: Quagsire|25/100
|cant|p2a: Quagsire|flinch
|
|-heal|p2a: Quagsire|31/100|[from] item: Leftovers
|-sideend|p1: Hostile Takeovers|move: Light Screen
|upkeep
|turn|52
|c|☆LT91BB animefan|i forgot to get a check for volc.
|inactive|LT91BB animefan has 120 seconds left.
|-message|LT91BB animefan forfeited.
|
|win|Hostile Takeovers
|raw|Hostile Takeovers's rating: 1899 &rarr; <strong>1915</strong><br />(+16 for winning)
|raw|LT91BB animefan's rating: 1837 &rarr; <strong>1821</strong><br />(-16 for losing)
|l|☆LT91BB animefan
|l|☆Hostile Takeovers
|l| ThisIsntHilarious
|l| DrasticLightning
|c| LT91BB Losco|are there volca check lol
|l| Wee Hours
|l| LT91BB Losco
|l| LT91BB Tace
||Ladder isn't responding, score probably updated but might not have (Request timeout).
