|html|<div class="broadcast-blue"><strong>[Gen 8] OU is currently suspecting Melmetal! For information on how to participate check out the <a href="https://www.smogon.com/forums/threads/np-ss-ou-suspect-process-round-12-monster-mash.3709234/">suspect thread</a>.</strong></div>
|j|☆minimax_ai
|j|☆ghecisbestvillain
|t:|1666025055
|gametype|singles
|player|p1|minimax_ai|lusamine-nihilego|1638
|player|p2|ghecisbestvillain|scientist-gen4|1742
|teamsize|p1|6
|teamsize|p2|6
|gen|8
|tier|[Gen 8] OU
|rated|
|rule|Sleep Clause Mod: Limit one foe put to sleep
|rule|Species Clause: Limit one of each Pokémon
|rule|OHKO Clause: OHKO moves are banned
|rule|Evasion Items Clause: Evasion items are banned
|rule|Evasion Moves Clause: Evasion moves are banned
|rule|Endless Battle Clause: Forcing endless battles is banned
|rule|HP Percentage Mod: HP is shown in percentages
|rule|Dynamax Clause: You cannot dynamax
|clearpoke
|poke|p1|Rotom-Wash|
|poke|p1|Weavile, M|
|poke|p1|Landorus-Therian, M|
|poke|p1|Heatran, M|
|poke|p1|Tangrowth, F|
|poke|p1|Melmetal|
|poke|p2|Chansey, F|
|poke|p2|Toxapex, M|
|poke|p2|Buzzwole|
|poke|p2|Mew|
|poke|p2|Hydreigon, M|
|poke|p2|Hippowdon, M|
|teampreview
|c|☆minimax_ai|hf
|inactive|Battle timer is ON: inactive players will automatically lose when time's up. (requested by minimax_ai)
|inactive|ghecisbestvillain has 120 seconds left.
|
|t:|1666025096
|start
|switch|p1a: landorustherian|Landorus-Therian, M|100/100
|switch|p2a: Evangelion trashy|Toxapex, M|100/100
|-ability|p1a: landorustherian|Intimidate|boost
|-unboost|p2a: Evangelion trashy|atk|1
|turn|1
|
|t:|1666025106
|switch|p1a: Heatran|Heatran, M|100/100
|-item|p1a: Heatran|Air Balloon
|move|p2a: Evangelion trashy|Knock Off|p1a: Heatran
|-damage|p1a: Heatran|91/100
|-enditem|p1a: Heatran|Air Balloon
|
|upkeep
|turn|2
|
|t:|1666025114
|switch|p2a: Naruto garbage|Mew|100/100
|move|p1a: Heatran|Stealth Rock|p2a: Naruto garbage
|-sidestart|p2: ghecisbestvillain|move: Stealth Rock
|
|upkeep
|turn|3
|j| DaveTheNakedGuy
|
|t:|1666025119
|move|p1a: Heatran|Magma Storm|p2a: Naruto garbage
|-damage|p2a: Naruto garbage|67/100
|-activate|p2a: Naruto garbage|move: Magma Storm|[of] p1a: Heatran
|move|p2a: Naruto garbage|Taunt|p1a: Heatran
|-start|p1a: Heatran|move: Taunt
|
|-heal|p2a: Naruto garbage|74/100|[from] item: Leftovers
|-damage|p2a: Naruto garbage|61/100|[from] move: Magma Storm|[partiallytrapped]
|upkeep
|turn|4
|
|t:|1666025129
|move|p1a: Heatran|Magma Storm|p2a: Naruto garbage
|-damage|p2a: Naruto garbage|26/100
|move|p2a: Naruto garbage|Roost|p2a: Naruto garbage
|-heal|p2a: Naruto garbage|77/100
|-singleturn|p2a: Naruto garbage|move: Roost
|
|-heal|p2a: Naruto garbage|83/100|[from] item: Leftovers
|-damage|p2a: Naruto garbage|70/100|[from] move: Magma Storm|[partiallytrapped]
|upkeep
|turn|5
|
|t:|1666025138
|move|p1a: Heatran|Magma Storm|p2a: Naruto garbage
|-damage|p2a: Naruto garbage|39/100
|move|p2a: Naruto garbage|Roost|p2a: Naruto garbage
|-heal|p2a: Naruto garbage|89/100
|-singleturn|p2a: Naruto garbage|move: Roost
|
|-heal|p2a: Naruto garbage|95/100|[from] item: Leftovers
|-damage|p2a: Naruto garbage|83/100|[from] move: Magma Storm|[partiallytrapped]
|upkeep
|turn|6
|
|t:|1666025145
|move|p1a: Heatran|Eruption|p2a: Naruto garbage
|-damage|p2a: Naruto garbage|39/100
|move|p2a: Naruto garbage|Defog|p1a: Heatran
|-unboost|p1a: Heatran|evasion|1
|-sideend|p2: ghecisbestvillain|Stealth Rock|[from] move: Defog|[of] p2a: Naruto garbage
|
|-heal|p2a: Naruto garbage|45/100|[from] item: Leftovers
|-damage|p2a: Naruto garbage|33/100|[from] move: Magma Storm|[partiallytrapped]
|-end|p1a: Heatran|move: Taunt
|upkeep
|turn|7
|
|t:|1666025155
|move|p1a: Heatran|Eruption|p2a: Naruto garbage
|-damage|p2a: Naruto garbage|0 fnt
|faint|p2a: Naruto garbage
|
|upkeep
|
|t:|1666025159
|switch|p2a: One Piece shitty|Hippowdon, M|100/100
|-weather|Sandstorm|[from] ability: Sand Stream|[of] p2a: One Piece shitty
|turn|8
|
|t:|1666025163
|switch|p1a: landorustherian|Landorus-Therian, M|100/100
|-ability|p1a: landorustherian|Intimidate|boost
|-unboost|p2a: One Piece shitty|atk|1
|move|p2a: One Piece shitty|Earthquake|p1a: landorustherian
|-immune|p1a: landorustherian
|
|-weather|Sandstorm|[upkeep]
|upkeep
|turn|9
|
|t:|1666025172
|move|p1a: landorustherian|Toxic|p2a: One Piece shitty|[miss]
|-miss|p1a: landorustherian|p2a: One Piece shitty
|move|p2a: One Piece shitty|Toxic|p1a: landorustherian
|-status|p1a: landorustherian|tox
|
|-weather|Sandstorm|[upkeep]
|-damage|p1a: landorustherian|94/100 tox|[from] psn
|upkeep
|turn|10
|
|t:|1666025180
|switch|p2a: Evangelion trashy|Toxapex, M|100/100
|move|p1a: landorustherian|Toxic|p2a: Evangelion trashy
|-immune|p2a: Evangelion trashy
|
|-weather|Sandstorm|[upkeep]
|-damage|p2a: Evangelion trashy|95/100|[from] Sandstorm
|-heal|p1a: landorustherian|100/100 tox|[from] item: Leftovers
|-heal|p2a: Evangelion trashy|100/100|[from] item: Black Sludge
|-damage|p1a: landorustherian|88/100 tox|[from] psn
|upkeep
|turn|11
|
|t:|1666025190
|switch|p1a: rotomwash|Rotom-Wash|100/100
|switch|p2a: One Piece shitty|Hippowdon, M|100/100
|
|-weather|Sandstorm|[upkeep]
|-damage|p1a: rotomwash|94/100|[from] Sandstorm
|-heal|p1a: rotomwash|100/100|[from] item: Leftovers
|upkeep
|turn|12
|
|t:|1666025198
|move|p1a: rotomwash|Nasty Plot|p1a: rotomwash
|-boost|p1a: rotomwash|spa|2
|move|p2a: One Piece shitty|Toxic|p1a: rotomwash
|-status|p1a: rotomwash|tox
|
|-weather|none
|-damage|p1a: rotomwash|94/100 tox|[from] psn
|upkeep
|turn|13
|
|t:|1666025206
|switch|p2a: Evangelion boring|Hydreigon, M|100/100
|move|p1a: rotomwash|Hydro Pump|p2a: Evangelion boring
|-resisted|p2a: Evangelion boring
|-damage|p2a: Evangelion boring|74/100
|
|-heal|p1a: rotomwash|100/100 tox|[from] item: Leftovers
|-heal|p2a: Evangelion boring|80/100|[from] item: Leftovers
|-damage|p1a: rotomwash|88/100 tox|[from] psn
|upkeep
|turn|14
|
|t:|1666025216
|switch|p1a: Melmetal|Melmetal|100/100
|move|p2a: Evangelion boring|Dark Pulse|p1a: Melmetal
|-damage|p1a: Melmetal|82/100
|
|-heal|p2a: Evangelion boring|86/100|[from] item: Leftovers
|upkeep
|turn|15
|
|t:|1666025224
|switch|p2a: Evangelion trashy|Toxapex, M|100/100
|move|p1a: Melmetal|Ice Punch|p2a: Evangelion trashy
|-resisted|p2a: Evangelion trashy
|-damage|p2a: Evangelion trashy|90/100
|
|-heal|p2a: Evangelion trashy|96/100|[from] item: Black Sludge
|upkeep
|turn|16
|
|t:|1666025232
|move|p1a: Melmetal|Thunder Punch|p2a: Evangelion trashy
|-supereffective|p2a: Evangelion trashy
|-damage|p2a: Evangelion trashy|54/100
|move|p2a: Evangelion trashy|Knock Off|p1a: Melmetal
|-crit|p1a: Melmetal
|-damage|p1a: Melmetal|69/100
|-enditem|p1a: Melmetal|Assault Vest|[from] move: Knock Off|[of] p2a: Evangelion trashy
|
|-heal|p2a: Evangelion trashy|60/100|[from] item: Black Sludge
|upkeep
|turn|17
|
|t:|1666025241
|switch|p2a: One Piece shitty|Hippowdon, M|100/100
|-weather|Sandstorm|[from] ability: Sand Stream|[of] p2a: One Piece shitty
|move|p1a: Melmetal|Double Iron Bash|p2a: One Piece shitty
|-damage|p2a: One Piece shitty|79/100
|-damage|p1a: Melmetal|53/100|[from] item: Rocky Helmet|[of] p2a: One Piece shitty
|-damage|p2a: One Piece shitty|55/100
|-damage|p1a: Melmetal|36/100|[from] item: Rocky Helmet|[of] p2a: One Piece shitty
|-hitcount|p2a: One Piece shitty|2
|
|-weather|Sandstorm|[upkeep]
|upkeep
|turn|18
|
|t:|1666025252
|switch|p1a: Tangrowth|Tangrowth, F|100/100
|move|p2a: One Piece shitty|Slack Off|p2a: One Piece shitty
|-heal|p2a: One Piece shitty|100/100
|
|-weather|Sandstorm|[upkeep]
|-damage|p1a: Tangrowth|94/100|[from] Sandstorm
|upkeep
|turn|19
|
|t:|1666025260
|move|p2a: One Piece shitty|Toxic|p1a: Tangrowth
|-status|p1a: Tangrowth|tox
|move|p1a: Tangrowth|Giga Drain|p2a: One Piece shitty
|-supereffective|p2a: One Piece shitty
|-damage|p2a: One Piece shitty|38/100
|-heal|p1a: Tangrowth|100/100 tox|[from] drain|[of] p2a: One Piece shitty
|
|-weather|Sandstorm|[upkeep]
|-damage|p1a: Tangrowth|94/100 tox|[from] Sandstorm
|-damage|p1a: Tangrowth|88/100 tox|[from] psn
|upkeep
|turn|20
|
|t:|1666025271
|switch|p2a: HXH is overrated|Chansey, F|100/100
|move|p1a: Tangrowth|Giga Drain|p2a: HXH is overrated
|-damage|p2a: HXH is overrated|93/100
|-heal|p1a: Tangrowth|94/100 tox|[from] drain|[of] p2a: HXH is overrated
|
|-weather|Sandstorm|[upkeep]
|-damage|p2a: HXH is overrated|87/100|[from] Sandstorm
|-damage|p1a: Tangrowth|88/100 tox|[from] Sandstorm
|-damage|p1a: Tangrowth|76/100 tox|[from] psn
|upkeep
|turn|21
|
|t:|1666025280
|switch|p1a: Heatran|Heatran, M|91/100
|move|p2a: HXH is overrated|Stealth Rock|p1a: Heatran
|-sidestart|p1: minimax_ai|move: Stealth Rock
|
|-weather|none
|upkeep
|turn|22
|
|t:|1666025285
|move|p1a: Heatran|Stealth Rock|p2a: HXH is overrated
|-sidestart|p2: ghecisbestvillain|move: Stealth Rock
|move|p2a: HXH is overrated|Seismic Toss|p1a: Heatran
|-damage|p1a: Heatran|60/100
|
|upkeep
|turn|23
|
|t:|1666025290
|move|p1a: Heatran|Magma Storm|p2a: HXH is overrated
|-damage|p2a: HXH is overrated|73/100
|-activate|p2a: HXH is overrated|move: Magma Storm|[of] p1a: Heatran
|move|p2a: HXH is overrated|Seismic Toss|p1a: Heatran
|-damage|p1a: Heatran|29/100
|
|-damage|p2a: HXH is overrated|60/100|[from] move: Magma Storm|[partiallytrapped]
|upkeep
|turn|24
|
|t:|1666025297
|switch|p1a: Tangrowth|Tangrowth, F|100/100 tox
|-damage|p1a: Tangrowth|88/100 tox|[from] Stealth Rock
|move|p2a: HXH is overrated|Seismic Toss|p1a: Tangrowth
|-damage|p1a: Tangrowth|63/100 tox
|-damage|p2a: HXH is overrated|44/100|[from] item: Rocky Helmet|[of] p1a: Tangrowth
|
|-damage|p1a: Tangrowth|57/100 tox|[from] psn
|-end|p2a: HXH is overrated|Magma Storm|[partiallytrapped]|[silent]
|upkeep
|turn|25
|
|t:|1666025306
|switch|p1a: landorustherian|Landorus-Therian, M|88/100 tox
|-damage|p1a: landorustherian|76/100 tox|[from] Stealth Rock
|-ability|p1a: landorustherian|Intimidate|boost
|-unboost|p2a: HXH is overrated|atk|1
|move|p2a: HXH is overrated|Soft-Boiled|p2a: HXH is overrated
|-heal|p2a: HXH is overrated|94/100
|
|-heal|p1a: landorustherian|82/100 tox|[from] item: Leftovers
|-damage|p1a: landorustherian|76/100 tox|[from] psn
|upkeep
|turn|26
|
|t:|1666025318
|switch|p2a: DB Super shoddy|Buzzwole|100/100
|move|p1a: landorustherian|Defog|p2a: DB Super shoddy
|-unboost|p2a: DB Super shoddy|evasion|1
|-sideend|p2: ghecisbestvillain|Stealth Rock|[from] move: Defog|[of] p1a: landorustherian
|-sideend|p1: minimax_ai|Stealth Rock|[from] move: Defog|[of] p1a: landorustherian
|
|-heal|p1a: landorustherian|82/100 tox|[from] item: Leftovers
|-damage|p1a: landorustherian|70/100 tox|[from] psn
|upkeep
|turn|27
|
|t:|1666025328
|switch|p1a: rotomwash|Rotom-Wash|88/100 tox
|switch|p2a: One Piece shitty|Hippowdon, M|38/100
|-weather|Sandstorm|[from] ability: Sand Stream|[of] p2a: One Piece shitty
|
|-weather|Sandstorm|[upkeep]
|-damage|p1a: rotomwash|82/100 tox|[from] Sandstorm
|-heal|p1a: rotomwash|88/100 tox|[from] item: Leftovers
|-damage|p1a: rotomwash|82/100 tox|[from] psn
|upkeep
|turn|28
|
|t:|1666025338
|switch|p2a: HXH is overrated|Chansey, F|94/100
|move|p1a: rotomwash|Nasty Plot|p1a: rotomwash
|-boost|p1a: rotomwash|spa|2
|
|-weather|Sandstorm|[upkeep]
|-damage|p1a: rotomwash|75/100 tox|[from] Sandstorm
|-damage|p2a: HXH is overrated|88/100|[from] Sandstorm
|-heal|p1a: rotomwash|82/100 tox|[from] item: Leftovers
|-damage|p1a: rotomwash|69/100 tox|[from] psn
|upkeep
|turn|29
|
|t:|1666025348
|move|p1a: rotomwash|Thunderbolt|p2a: HXH is overrated
|-damage|p2a: HXH is overrated|67/100
|-status|p2a: HXH is overrated|par
|move|p2a: HXH is overrated|Stealth Rock|p1a: rotomwash
|-sidestart|p1: minimax_ai|move: Stealth Rock
|
|-weather|Sandstorm|[upkeep]
|-damage|p1a: rotomwash|63/100 tox|[from] Sandstorm
|-damage|p2a: HXH is overrated|61/100 par|[from] Sandstorm
|-heal|p1a: rotomwash|69/100 tox|[from] item: Leftovers
|-damage|p1a: rotomwash|50/100 tox|[from] psn
|upkeep
|turn|30
|
|t:|1666025358
|move|p1a: rotomwash|Thunderbolt|p2a: HXH is overrated
|-damage|p2a: HXH is overrated|42/100 par
|move|p2a: HXH is overrated|Soft-Boiled|p2a: HXH is overrated
|-heal|p2a: HXH is overrated|92/100 par
|
|-weather|Sandstorm|[upkeep]
|-damage|p1a: rotomwash|44/100 tox|[from] Sandstorm
|-damage|p2a: HXH is overrated|86/100 par|[from] Sandstorm
|-heal|p1a: rotomwash|50/100 tox|[from] item: Leftovers
|-damage|p1a: rotomwash|25/100 tox|[from] psn
|upkeep
|turn|31
|
|t:|1666025367
|move|p1a: rotomwash|Hydro Pump|p2a: HXH is overrated
|-crit|p2a: HXH is overrated
|-damage|p2a: HXH is overrated|51/100 par
|move|p2a: HXH is overrated|Soft-Boiled|p2a: HXH is overrated
|-heal|p2a: HXH is overrated|100/100 par
|
|-weather|none
|-heal|p1a: rotomwash|32/100 tox|[from] item: Leftovers
|-damage|p1a: rotomwash|0 fnt|[from] psn
|faint|p1a: rotomwash
|upkeep
|
|t:|1666025367
|switch|p1a: Melmetal|Melmetal|36/100
|-damage|p1a: Melmetal|30/100|[from] Stealth Rock
|turn|32
|
|t:|1666025379
|-curestatus|p2a: HXH is overrated|par|[from] ability: Natural Cure
|switch|p2a: Evangelion trashy|Toxapex, M|93/100
|move|p1a: Melmetal|Double Iron Bash|p2a: Evangelion trashy
|-resisted|p2a: Evangelion trashy
|-damage|p2a: Evangelion trashy|81/100
|-resisted|p2a: Evangelion trashy
|-damage|p2a: Evangelion trashy|69/100
|-hitcount|p2a: Evangelion trashy|2
|
|-heal|p2a: Evangelion trashy|75/100|[from] item: Black Sludge
|upkeep
|turn|33
|l| DaveTheNakedGuy
|
|t:|1666025389
|switch|p2a: DB Super shoddy|Buzzwole|100/100
|move|p1a: Melmetal|Double Iron Bash|p2a: DB Super shoddy
|-damage|p2a: DB Super shoddy|83/100
|-damage|p2a: DB Super shoddy|64/100
|-hitcount|p2a: DB Super shoddy|2
|
|upkeep
|turn|34
|
|t:|1666025395
|switch|p1a: landorustherian|Landorus-Therian, M|70/100 tox
|-damage|p1a: landorustherian|58/100 tox|[from] Stealth Rock
|-ability|p1a: landorustherian|Intimidate|boost
|-unboost|p2a: DB Super shoddy|atk|1
|move|p2a: DB Super shoddy|Close Combat|p1a: landorustherian
|-resisted|p1a: landorustherian
|-damage|p1a: landorustherian|39/100 tox
|-unboost|p2a: DB Super shoddy|def|1
|-unboost|p2a: DB Super shoddy|spd|1
|
|-heal|p1a: landorustherian|45/100 tox|[from] item: Leftovers
|-damage|p1a: landorustherian|39/100 tox|[from] psn
|upkeep
|turn|35
|
|t:|1666025408
|move|p1a: landorustherian|Defog|p2a: DB Super shoddy
|-unboost|p2a: DB Super shoddy|evasion|1
|-sideend|p1: minimax_ai|Stealth Rock|[from] move: Defog|[of] p1a: landorustherian
|move|p2a: DB Super shoddy|Roost|p2a: DB Super shoddy
|-heal|p2a: DB Super shoddy|100/100
|-singleturn|p2a: DB Super shoddy|move: Roost
|
|-heal|p1a: landorustherian|45/100 tox|[from] item: Leftovers
|-damage|p1a: landorustherian|33/100 tox|[from] psn
|upkeep
|turn|36
|j| DaveTheNakedGuy
|
|t:|1666025416
|switch|p1a: Tangrowth|Tangrowth, F|90/100 tox
|move|p2a: DB Super shoddy|Close Combat|p1a: Tangrowth
|-damage|p1a: Tangrowth|71/100 tox
|-unboost|p2a: DB Super shoddy|def|1
|-unboost|p2a: DB Super shoddy|spd|1
|-damage|p2a: DB Super shoddy|84/100|[from] item: Rocky Helmet|[of] p1a: Tangrowth
|
|-damage|p1a: Tangrowth|65/100 tox|[from] psn
|upkeep
|turn|37
|
|t:|1666025425
|switch|p2a: HXH is overrated|Chansey, F|100/100
|switch|p1a: landorustherian|Landorus-Therian, M|33/100 tox
|-ability|p1a: landorustherian|Intimidate|boost
|-unboost|p2a: HXH is overrated|atk|1
|
|-heal|p1a: landorustherian|39/100 tox|[from] item: Leftovers
|-damage|p1a: landorustherian|33/100 tox|[from] psn
|upkeep
|turn|38
|l| DaveTheNakedGuy
|
|t:|1666025435
|switch|p1a: Weavile|Weavile, M|100/100
|-ability|p1a: Weavile|Pressure
|move|p2a: HXH is overrated|Stealth Rock|p1a: Weavile
|-sidestart|p1: minimax_ai|move: Stealth Rock
|
|upkeep
|turn|39
|
|t:|1666025443
|switch|p2a: DB Super shoddy|Buzzwole|84/100
|move|p1a: Weavile|Knock Off|p2a: DB Super shoddy
|-resisted|p2a: DB Super shoddy
|-damage|p2a: DB Super shoddy|68/100
|-enditem|p2a: DB Super shoddy|Heavy-Duty Boots|[from] move: Knock Off|[of] p1a: Weavile
|
|upkeep
|turn|40
|
|t:|1666025449
|switch|p1a: Tangrowth|Tangrowth, F|98/100 tox
|-damage|p1a: Tangrowth|85/100 tox|[from] Stealth Rock
|move|p2a: DB Super shoddy|Leech Life|p1a: Tangrowth
|-supereffective|p1a: Tangrowth
|-damage|p1a: Tangrowth|48/100 tox
|-heal|p2a: DB Super shoddy|87/100|[from] drain|[of] p1a: Tangrowth
|-damage|p2a: DB Super shoddy|70/100|[from] item: Rocky Helmet|[of] p1a: Tangrowth
|
|-damage|p1a: Tangrowth|42/100 tox|[from] psn
|upkeep
|turn|41
|
|t:|1666025463
|switch|p2a: HXH is overrated|Chansey, F|100/100
|switch|p1a: landorustherian|Landorus-Therian, M|33/100 tox
|-damage|p1a: landorustherian|21/100 tox|[from] Stealth Rock
|-ability|p1a: landorustherian|Intimidate|boost
|-unboost|p2a: HXH is overrated|atk|1
|
|-heal|p1a: landorustherian|27/100 tox|[from] item: Leftovers
|-damage|p1a: landorustherian|21/100 tox|[from] psn
|upkeep
|turn|42
|
|t:|1666025472
|move|p1a: landorustherian|Defog|p2a: HXH is overrated
|-unboost|p2a: HXH is overrated|evasion|1
|-sideend|p1: minimax_ai|Stealth Rock|[from] move: Defog|[of] p1a: landorustherian
|move|p2a: HXH is overrated|Stealth Rock|p1a: landorustherian
|-sidestart|p1: minimax_ai|move: Stealth Rock
|
|-heal|p1a: landorustherian|27/100 tox|[from] item: Leftovers
|-damage|p1a: landorustherian|15/100 tox|[from] psn
|upkeep
|turn|43
|
|t:|1666025482
|move|p1a: landorustherian|Defog|p2a: HXH is overrated
|-unboost|p2a: HXH is overrated|evasion|1
|-sideend|p1: minimax_ai|Stealth Rock|[from] move: Defog|[of] p1a: landorustherian
|move|p2a: HXH is overrated|Stealth Rock|p1a: landorustherian
|-sidestart|p1: minimax_ai|move: Stealth Rock
|
|-heal|p1a: landorustherian|21/100 tox|[from] item: Leftovers
|-damage|p1a: landorustherian|3/100 tox|[from] psn
|upkeep
|turn|44
|
|t:|1666025489
|move|p1a: landorustherian|Defog|p2a: HXH is overrated
|-unboost|p2a: HXH is overrated|evasion|1
|-sideend|p1: minimax_ai|Stealth Rock|[from] move: Defog|[of] p1a: landorustherian
|move|p2a: HXH is overrated|Stealth Rock|p1a: landorustherian
|-sidestart|p1: minimax_ai|move: Stealth Rock
|
|-heal|p1a: landorustherian|9/100 tox|[from] item: Leftovers
|-damage|p1a: landorustherian|0 fnt|[from] psn
|faint|p1a: landorustherian
|upkeep
|
|t:|1666025489
|switch|p1a: Melmetal|Melmetal|30/100
|-damage|p1a: Melmetal|24/100|[from] Stealth Rock
|turn|45
|
|t:|1666025501
|switch|p2a: Evangelion trashy|Toxapex, M|100/100
|move|p1a: Melmetal|Double Iron Bash|p2a: Evangelion trashy
|-resisted|p2a: Evangelion trashy
|-damage|p2a: Evangelion trashy|89/100
|-resisted|p2a: Evangelion trashy
|-damage|p2a: Evangelion trashy|77/100
|-hitcount|p2a: Evangelion trashy|2
|
|-heal|p2a: Evangelion trashy|83/100|[from] item: Black Sludge
|upkeep
|turn|46
|
|t:|1666025510
|move|p1a: Melmetal|Double Iron Bash|p2a: Evangelion trashy
|-resisted|p2a: Evangelion trashy
|-damage|p2a: Evangelion trashy|70/100
|-resisted|p2a: Evangelion trashy
|-damage|p2a: Evangelion trashy|57/100
|-hitcount|p2a: Evangelion trashy|2
|cant|p2a: Evangelion trashy|flinch
|
|-heal|p2a: Evangelion trashy|63/100|[from] item: Black Sludge
|upkeep
|turn|47
|
|t:|1666025520
|switch|p2a: One Piece shitty|Hippowdon, M|38/100
|-weather|Sandstorm|[from] ability: Sand Stream|[of] p2a: One Piece shitty
|move|p1a: Melmetal|Double Iron Bash|p2a: One Piece shitty
|-crit|p2a: One Piece shitty
|-damage|p2a: One Piece shitty|5/100
|-damage|p1a: Melmetal|7/100|[from] item: Rocky Helmet|[of] p2a: One Piece shitty
|-damage|p2a: One Piece shitty|0 fnt
|-damage|p1a: Melmetal|0 fnt|[from] item: Rocky Helmet|[of] p2a: One Piece shitty
|faint|p2a: One Piece shitty
|faint|p1a: Melmetal
|-hitcount|p2: One Piece shitty|2
|
|-weather|Sandstorm|[upkeep]
|upkeep
|
|t:|1666025535
|switch|p2a: Evangelion trashy|Toxapex, M|97/100
|switch|p1a: Tangrowth|Tangrowth, F|75/100 tox
|-damage|p1a: Tangrowth|62/100 tox|[from] Stealth Rock
|turn|48
|
|t:|1666025541
|move|p1a: Tangrowth|Sleep Powder|p2a: Evangelion trashy
|-status|p2a: Evangelion trashy|slp|[from] move: Sleep Powder
|cant|p2a: Evangelion trashy|slp
|
|-weather|Sandstorm|[upkeep]
|-damage|p1a: Tangrowth|56/100 tox|[from] Sandstorm
|-damage|p2a: Evangelion trashy|91/100 slp|[from] Sandstorm
|-heal|p2a: Evangelion trashy|97/100 slp|[from] item: Black Sludge
|-damage|p1a: Tangrowth|50/100 tox|[from] psn
|upkeep
|turn|49
|
|t:|1666025550
|switch|p2a: Evangelion boring|Hydreigon, M|86/100
|move|p1a: Tangrowth|Giga Drain|p2a: Evangelion boring
|-resisted|p2a: Evangelion boring
|-damage|p2a: Evangelion boring|76/100
|-heal|p1a: Tangrowth|55/100 tox|[from] drain|[of] p2a: Evangelion boring
|
|-weather|Sandstorm|[upkeep]
|-damage|p2a: Evangelion boring|70/100|[from] Sandstorm
|-damage|p1a: Tangrowth|49/100 tox|[from] Sandstorm
|-heal|p2a: Evangelion boring|76/100|[from] item: Leftovers
|-damage|p1a: Tangrowth|36/100 tox|[from] psn
|upkeep
|turn|50
|
|t:|1666025561
|switch|p2a: DB Super shoddy|Buzzwole|70/100
|switch|p1a: Weavile|Weavile, M|100/100
|-damage|p1a: Weavile|76/100|[from] Stealth Rock
|-ability|p1a: Weavile|Pressure
|
|-weather|Sandstorm|[upkeep]
|-damage|p1a: Weavile|70/100|[from] Sandstorm
|-damage|p2a: DB Super shoddy|64/100|[from] Sandstorm
|upkeep
|turn|51
|
|t:|1666025570
|switch|p1a: Heatran|Heatran, M|29/100
|-damage|p1a: Heatran|16/100|[from] Stealth Rock
|move|p2a: DB Super shoddy|Roost|p2a: DB Super shoddy
|-heal|p2a: DB Super shoddy|100/100
|-singleturn|p2a: DB Super shoddy|move: Roost
|
|-weather|none
|upkeep
|turn|52
|
|t:|1666025578
|switch|p2a: HXH is overrated|Chansey, F|100/100
|move|p1a: Heatran|Magma Storm|p2a: HXH is overrated|[miss]
|-miss|p1a: Heatran|p2a: HXH is overrated
|
|upkeep
|turn|53
|
|t:|1666025583
|switch|p1a: Tangrowth|Tangrowth, F|70/100 tox
|-damage|p1a: Tangrowth|57/100 tox|[from] Stealth Rock
|move|p2a: HXH is overrated|Seismic Toss|p1a: Tangrowth
|-damage|p1a: Tangrowth|32/100 tox
|-damage|p2a: HXH is overrated|84/100|[from] item: Rocky Helmet|[of] p1a: Tangrowth
|
|-damage|p1a: Tangrowth|26/100 tox|[from] psn
|upkeep
|turn|54
|
|t:|1666025592
|move|p2a: HXH is overrated|Seismic Toss|p1a: Tangrowth
|-damage|p1a: Tangrowth|1/100 tox
|-damage|p2a: HXH is overrated|67/100|[from] item: Rocky Helmet|[of] p1a: Tangrowth
|move|p1a: Tangrowth|Giga Drain|p2a: HXH is overrated
|-damage|p2a: HXH is overrated|59/100
|-heal|p1a: Tangrowth|8/100 tox|[from] drain|[of] p2a: HXH is overrated
|
|-damage|p1a: Tangrowth|0 fnt|[from] psn
|faint|p1a: Tangrowth
|upkeep
|
|t:|1666025592
|switch|p1a: Weavile|Weavile, M|70/100
|-damage|p1a: Weavile|45/100|[from] Stealth Rock
|-ability|p1a: Weavile|Pressure
|turn|55
|
|t:|1666025606
|move|p1a: Weavile|Triple Axel|p2a: HXH is overrated
|-damage|p2a: HXH is overrated|48/100
|-damage|p2a: HXH is overrated|26/100
|-damage|p2a: HXH is overrated|0 fnt
|faint|p2a: HXH is overrated
|-hitcount|p2: HXH is overrated|3
|
|upkeep
|
|t:|1666025614
|switch|p2a: DB Super shoddy|Buzzwole|100/100
|turn|56
|
|t:|1666025618
|move|p1a: Weavile|Triple Axel|p2a: DB Super shoddy
|-damage|p2a: DB Super shoddy|93/100
|-damage|p2a: DB Super shoddy|79/100
|-damage|p2a: DB Super shoddy|60/100
|-hitcount|p2a: DB Super shoddy|3
|move|p2a: DB Super shoddy|Close Combat|p1a: Weavile
|-supereffective|p1a: Weavile
|-damage|p1a: Weavile|0 fnt
|-unboost|p2a: DB Super shoddy|def|1
|-unboost|p2a: DB Super shoddy|spd|1
|faint|p1a: Weavile
|-ability|p2a: DB Super shoddy|Beast Boost|boost
|-boost|p2a: DB Super shoddy|def|1
|
|upkeep
|
|t:|1666025618
|switch|p1a: Heatran|Heatran, M|16/100
|-damage|p1a: Heatran|4/100|[from] Stealth Rock
|turn|57
|
|t:|1666025633
|move|p1a: Heatran|Magma Storm|p2a: DB Super shoddy
|-supereffective|p2a: DB Super shoddy
|-damage|p2a: DB Super shoddy|0 fnt
|faint|p2a: DB Super shoddy
|
|upkeep
|
|t:|1666025637
|switch|p2a: Evangelion boring|Hydreigon, M|76/100
|turn|58
|
|t:|1666025640
|move|p1a: Heatran|Magma Storm|p2a: Evangelion boring|[miss]
|-miss|p1a: Heatran|p2a: Evangelion boring
|move|p2a: Evangelion boring|Dark Pulse|p1a: Heatran
|-damage|p1a: Heatran|0 fnt
|faint|p1a: Heatran
|
|win|ghecisbestvillain
|raw|minimax_ai's rating: 1638 &rarr; <strong>1624</strong><br />(-14 for losing)
|raw|ghecisbestvillain's rating: 1742 &rarr; <strong>1756</strong><br />(+14 for winning)
|c|☆minimax_ai|gg
|l|☆minimax_ai
|l|☆ghecisbestvillain
|j|☆ghecisbestvillain
|player|p2|ghecisbestvillain|scientist-gen4
||Ladder isn't responding, score probably updated but might not have (Request timeout).
