|j|☆Ayante
|j|☆The Agency is Here
|t:|1643295767
|gametype|singles
|player|p1|Ayante|brawly|1621
|player|p2|The Agency is Here|rocketgrunt|1634
|teamsize|p1|6
|teamsize|p2|6
|gen|8
|tier|[Gen 8] OU
|rated|
|rule|Sleep Clause Mod: Limit one foe put to sleep
|rule|Species Clause: Limit one of each Pokémon
|rule|OHKO Clause: OHKO moves are banned
|rule|Evasion Moves Clause: Evasion moves are banned
|rule|Endless Battle Clause: Forcing endless battles is banned
|rule|HP Percentage Mod: HP is shown in percentages
|rule|Dynamax Clause: You cannot dynamax
|clearpoke
|poke|p1|Heatran, M|
|poke|p1|Kommo-o, M|
|poke|p1|Zeraora|
|poke|p1|Mew|
|poke|p1|Landorus-Therian, M|
|poke|p1|Clefable, M|
|poke|p2|Grimmsnarl, M|
|poke|p2|Dragonite, F|
|poke|p2|Azelf|
|poke|p2|Bisharp, M|
|poke|p2|Volcarona, M|
|poke|p2|Zeraora|
|teampreview
|inactive|Battle timer is ON: inactive players will automatically lose when time's up. (requested by Ayante)
|c|☆Ayante|Yo bro hf
|c|☆The Agency is Here|Here we go again chief
|c|☆The Agency is Here|Hf
|
|t:|1643295785
|start
|switch|p1a: Zeraora|Zeraora|100/100
|switch|p2a: Azelf|Azelf, shiny|100/100
|turn|1
|
|t:|1643295790
|move|p1a: Zeraora|Knock Off|p2a: Azelf
|-supereffective|p2a: Azelf
|-enditem|p2a: Azelf|Focus Sash
|-damage|p2a: Azelf|1/100
|move|p2a: Azelf|Stealth Rock|p1a: Zeraora
|-sidestart|p1: Ayante|move: Stealth Rock
|
|upkeep
|turn|2
|
|t:|1643295793
|move|p1a: Zeraora|Knock Off|p2a: Azelf
|-supereffective|p2a: Azelf
|-damage|p2a: Azelf|0 fnt
|faint|p2a: Azelf
|
|upkeep
|
|t:|1643295803
|switch|p2a: Bisharp|Bisharp, M|100/100
|turn|3
|
|t:|1643295810
|switch|p1a: Kommo-o|Kommo-o, M|100/100
|-damage|p1a: Kommo-o|94/100|[from] Stealth Rock
|switch|p2a: Volcarona|Volcarona, M|100/100
|
|upkeep
|turn|4
|
|t:|1643295819
|switch|p1a: Heatran|Heatran, M|100/100
|-damage|p1a: Heatran|88/100|[from] Stealth Rock
|move|p2a: Volcarona|Psychic|p1a: Heatran
|-resisted|p1a: Heatran
|-damage|p1a: Heatran|80/100
|-unboost|p1a: Heatran|spd|1
|
|-heal|p1a: Heatran|86/100|[from] item: Leftovers
|upkeep
|turn|5
|
|t:|1643295824
|switch|p2a: Grimmsnarl|Grimmsnarl, M|100/100
|move|p1a: Heatran|Toxic|p2a: Grimmsnarl
|-status|p2a: Grimmsnarl|tox
|
|-heal|p1a: Heatran|92/100|[from] item: Leftovers
|-damage|p2a: Grimmsnarl|94/100 tox|[from] psn
|upkeep
|turn|6
|
|t:|1643295836
|switch|p1a: Zeraora|Zeraora|100/100
|-damage|p1a: Zeraora|88/100|[from] Stealth Rock
|move|p2a: Grimmsnarl|Taunt|p1a: Zeraora
|-start|p1a: Zeraora|move: Taunt
|
|-heal|p1a: Zeraora|94/100|[from] item: Leftovers
|-damage|p2a: Grimmsnarl|82/100 tox|[from] psn
|upkeep
|turn|7
|
|t:|1643295849
|move|p2a: Grimmsnarl|Light Screen|p2a: Grimmsnarl
|-sidestart|p2: The Agency is Here|move: Light Screen
|move|p1a: Zeraora|Knock Off|p2a: Grimmsnarl
|-resisted|p2a: Grimmsnarl
|-damage|p2a: Grimmsnarl|74/100 tox
|-enditem|p2a: Grimmsnarl|Light Clay|[from] move: Knock Off|[of] p1a: Zeraora
|
|-heal|p1a: Zeraora|99/100|[from] item: Leftovers
|-damage|p2a: Grimmsnarl|56/100 tox|[from] psn
|upkeep
|turn|8
|
|t:|1643295855
|switch|p1a: Clefable|Clefable, M|100/100
|move|p2a: Grimmsnarl|Reflect|p2a: Grimmsnarl
|-sidestart|p2: The Agency is Here|Reflect
|
|-damage|p2a: Grimmsnarl|31/100 tox|[from] psn
|upkeep
|turn|9
|
|t:|1643295866
|switch|p1a: Landorus|Landorus-Therian, M|100/100
|-damage|p1a: Landorus|88/100|[from] Stealth Rock
|-ability|p1a: Landorus|Intimidate|boost
|-unboost|p2a: Grimmsnarl|atk|1
|move|p2a: Grimmsnarl|Taunt|p1a: Landorus
|-start|p1a: Landorus|move: Taunt
|
|-heal|p1a: Landorus|94/100|[from] item: Leftovers
|-damage|p2a: Grimmsnarl|1/100 tox|[from] psn
|upkeep
|turn|10
|
|t:|1643295870
|move|p1a: Landorus|U-turn|p2a: Grimmsnarl
|-damage|p2a: Grimmsnarl|0 fnt
|faint|p2a: Grimmsnarl
|
|t:|1643295877
|switch|p1a: Mew|Mew|100/100|[from]move: U-turn
|-damage|p1a: Mew|88/100|[from] Stealth Rock
|
|upkeep
|
|t:|1643295885
|switch|p2a: Bisharp|Bisharp, M|100/100
|turn|11
|
|t:|1643295891
|switch|p2a: Dragonite|Dragonite, F|100/100
|move|p1a: Mew|Trick|p2a: Dragonite
|-activate|p1a: Mew|move: Trick|[of] p2a: Dragonite
|-item|p2a: Dragonite|Choice Scarf|[from] move: Trick
|-item|p1a: Mew|Weakness Policy|[from] move: Trick
|
|upkeep
|turn|12
|c|☆The Agency is Here|Wtf lol
|c|☆The Agency is Here|I hate mew
|c|☆The Agency is Here|So unpredictable
|c|☆Ayante|Lol ye
|
|t:|1643295915
|switch|p2a: Zeraora|Zeraora|100/100
|move|p1a: Mew|Ice Beam|p2a: Zeraora
|-damage|p2a: Zeraora|83/100
|
|-sideend|p2: The Agency is Here|Reflect
|upkeep
|turn|13
|
|t:|1643295931
|switch|p2a: Bisharp|Bisharp, M|100/100
|switch|p1a: Landorus|Landorus-Therian, M|94/100
|-damage|p1a: Landorus|82/100|[from] Stealth Rock
|-ability|p1a: Landorus|Intimidate|boost
|-unboost|p2a: Bisharp|atk|1
|-ability|p2a: Bisharp|Defiant
|-boost|p2a: Bisharp|atk|2
|
|-heal|p1a: Landorus|88/100|[from] item: Leftovers
|upkeep
|turn|14
|
|t:|1643295934
|move|p1a: Landorus|Earthquake|p2a: Bisharp
|-supereffective|p2a: Bisharp
|-damage|p2a: Bisharp|0 fnt
|faint|p2a: Bisharp
|
|-heal|p1a: Landorus|94/100|[from] item: Leftovers
|-sideend|p2: The Agency is Here|move: Light Screen
|upkeep
|c|☆The Agency is Here|Ah ye and ur faster
|c|☆The Agency is Here|Seen so much lando that's slower
|c|☆Ayante|Ye like max speed
|c|☆The Agency is Here|Damn tuff
|inactive|The Agency is Here has 120 seconds left.
|c|☆The Agency is Here|Ggs tho I didn't see the scarf trick
|
|t:|1643295978
|switch|p2a: Dragonite|Dragonite, F|100/100
|turn|15
|
|t:|1643295985
|switch|p1a: Clefable|Clefable, M|100/100
|move|p2a: Dragonite|Ice Punch|p1a: Clefable
|-damage|p1a: Clefable|73/100
|
|upkeep
|turn|16
|
|t:|1643295989
|switch|p2a: Volcarona|Volcarona, M|100/100
|move|p1a: Clefable|Soft-Boiled|p1a: Clefable
|-heal|p1a: Clefable|100/100
|
|upkeep
|turn|17
|
|t:|1643296005
|switch|p2a: Zeraora|Zeraora|83/100
|move|p1a: Clefable|Trick|p2a: Zeraora
|-activate|p1a: Clefable|move: Trick|[of] p2a: Zeraora
|-item|p2a: Zeraora|Sticky Barb|[from] move: Trick
|-item|p1a: Clefable|Weakness Policy|[from] move: Trick
|
|-damage|p2a: Zeraora|71/100|[from] item: Sticky Barb
|upkeep
|turn|18
|
|t:|1643296010
|move|p2a: Zeraora|Close Combat|p1a: Clefable
|-resisted|p1a: Clefable
|-damage|p1a: Clefable|84/100
|-unboost|p2a: Zeraora|def|1
|-unboost|p2a: Zeraora|spd|1
|move|p1a: Clefable|Moonblast|p2a: Zeraora
|-damage|p2a: Zeraora|8/100
|
|-damage|p2a: Zeraora|0 fnt|[from] item: Sticky Barb
|faint|p2a: Zeraora
|upkeep
|c|☆The Agency is Here|Misclicked
|c|☆The Agency is Here|But doesn't matter anyways
|inactive|The Agency is Here has 120 seconds left.
|c|☆Ayante|Ho sorry bro mb
|c|☆The Agency is Here|Caught me by surprise man
|c|☆The Agency is Here|Nah nah ur good all g
|c|☆The Agency is Here|Ggs man
|c|☆Ayante|Gg
|c|☆The Agency is Here|I didn't see anything coming
|inactive|The Agency is Here has 90 seconds left.
|c|☆Ayante|Lol that thw fun part unoredictable
|c|☆The Agency is Here|Gtg anyways cause I'm in school
|c|☆The Agency is Here|Ggs man!
|c|☆Ayante|Alright
|c|☆Ayante|Ggs
|c|☆The Agency is Here|Fun one!
|-message|The Agency is Here forfeited.
|
|win|Ayante
|raw|Ayante's rating: 1621 &rarr; <strong>1642</strong><br />(+21 for winning)
|raw|The Agency is Here's rating: 1634 &rarr; <strong>1613</strong><br />(-21 for losing)
