|j|☆AlphaTherai
|j|☆qqqui
|t:|1667033864
|gametype|singles
|player|p1|AlphaTherai|lucas|1346
|player|p2|qqqui|jogger|1370
|teamsize|p1|6
|teamsize|p2|6
|gen|8
|tier|[Gen 8] OU
|rated|
|rule|Sleep Clause Mod: Limit one foe put to sleep
|rule|Species Clause: Limit one of each Pokémon
|rule|OHKO Clause: OHKO moves are banned
|rule|Evasion Items Clause: Evasion items are banned
|rule|Evasion Moves Clause: Evasion moves are banned
|rule|Endless Battle Clause: Forcing endless battles is banned
|rule|HP Percentage Mod: HP is shown in percentages
|rule|Dynamax Clause: You cannot dynamax
|clearpoke
|poke|p1|Melmetal|
|poke|p1|Magnezone|
|poke|p1|Rillaboom, F|
|poke|p1|Garchomp, F|
|poke|p1|Toxapex, F|
|poke|p1|Mew|
|poke|p2|Blissey, F|
|poke|p2|Slowking-Galar, F|
|poke|p2|Melmetal|
|poke|p2|Hatterene, F|
|poke|p2|Skarmory, F|
|poke|p2|Steelix, F|
|teampreview
|inactive|Battle timer is ON: inactive players will automatically lose when time's up. (requested by AlphaTherai)
|
|t:|1667033886
|start
|switch|p1a: Garchomp|Garchomp, F|100/100
|switch|p2a: 时尚的卡比兽已经摧毁了以下省略|Steelix, F, shiny|100/100
|turn|1
|
|t:|1667033890
|move|p1a: Garchomp|Earthquake|p2a: 时尚的卡比兽已经摧毁了以下省略
|-supereffective|p2a: 时尚的卡比兽已经摧毁了以下省略
|-damage|p2a: 时尚的卡比兽已经摧毁了以下省略|64/100
|move|p2a: 时尚的卡比兽已经摧毁了以下省略|Stealth Rock|p1a: Garchomp
|-sidestart|p1: AlphaTherai|move: Stealth Rock
|
|upkeep
|turn|2
|
|t:|1667033901
|switch|p2a: Skarmory|Skarmory, F, shiny|100/100
|move|p1a: Garchomp|Fire Blast|p2a: Skarmory
|-supereffective|p2a: Skarmory
|-damage|p2a: Skarmory|46/100
|
|upkeep
|turn|3
|inactive|qqqui has 120 seconds left.
|
|t:|1667033932
|move|p1a: Garchomp|Fire Blast|p2a: Skarmory
|-supereffective|p2a: Skarmory
|-damage|p2a: Skarmory|0 fnt
|faint|p2a: Skarmory
|
|upkeep
|inactive|qqqui has 120 seconds left.
|
|t:|1667033951
|switch|p2a: 空间帽子魔女不会梦到钢拳双击塔哥|Hatterene, F, shiny|100/100
|turn|4
|
|t:|1667033955
|switch|p1a: Melmetal|Melmetal|100/100
|-damage|p1a: Melmetal|94/100|[from] Stealth Rock
|move|p2a: 空间帽子魔女不会梦到钢拳双击塔哥|Trick Room|p2a: 空间帽子魔女不会梦到钢拳双击塔哥
|-fieldstart|move: Trick Room|[of] p2a: 空间帽子魔女不会梦到钢拳双击塔哥
|
|-heal|p1a: Melmetal|100/100|[from] item: Leftovers
|upkeep
|turn|5
|
|t:|1667033961
|switch|p2a: 时尚的卡比兽已经摧毁了以下省略|Steelix, F, shiny|64/100
|move|p1a: Melmetal|Double Iron Bash|p2a: 时尚的卡比兽已经摧毁了以下省略
|-resisted|p2a: 时尚的卡比兽已经摧毁了以下省略
|-damage|p2a: 时尚的卡比兽已经摧毁了以下省略|56/100
|-resisted|p2a: 时尚的卡比兽已经摧毁了以下省略
|-damage|p2a: 时尚的卡比兽已经摧毁了以下省略|48/100
|-hitcount|p2a: 时尚的卡比兽已经摧毁了以下省略|2
|
|upkeep
|turn|6
|
|t:|1667033973
|switch|p1a: Rillaboom|Rillaboom, F|100/100
|-damage|p1a: Rillaboom|88/100|[from] Stealth Rock
|-fieldstart|move: Grassy Terrain|[from] ability: Grassy Surge|[of] p1a: Rillaboom
|move|p2a: 时尚的卡比兽已经摧毁了以下省略|Body Press|p1a: Rillaboom
|-damage|p1a: Rillaboom|38/100
|
|-heal|p2a: 时尚的卡比兽已经摧毁了以下省略|54/100|[from] Grassy Terrain
|-heal|p1a: Rillaboom|44/100|[from] Grassy Terrain
|upkeep
|turn|7
|
|t:|1667033976
|switch|p1a: Toxapex|Toxapex, F|100/100
|-damage|p1a: Toxapex|88/100|[from] Stealth Rock
|move|p2a: 时尚的卡比兽已经摧毁了以下省略|Body Press|p1a: Toxapex
|-resisted|p1a: Toxapex
|-damage|p1a: Toxapex|76/100
|-enditem|p1a: Toxapex|Eject Button
|
|t:|1667033980
|switch|p1a: Garchomp|Garchomp, F|100/100
|-damage|p1a: Garchomp|94/100|[from] Stealth Rock
|
|-heal|p2a: 时尚的卡比兽已经摧毁了以下省略|60/100|[from] Grassy Terrain
|-heal|p1a: Garchomp|100/100|[from] Grassy Terrain
|upkeep
|turn|8
|
|t:|1667033985
|switch|p2a: Blissey|Blissey, F, shiny|100/100
|move|p1a: Garchomp|Fire Blast|p2a: Blissey
|-damage|p2a: Blissey|94/100
|
|-heal|p2a: Blissey|99/100|[from] Grassy Terrain
|-heal|p2a: Blissey|100/100|[from] item: Leftovers
|-fieldend|move: Trick Room
|upkeep
|turn|9
|
|t:|1667033992
|move|p1a: Garchomp|Stealth Rock|p2a: Blissey
|-sidestart|p2: qqqui|move: Stealth Rock
|move|p2a: Blissey|Toxic|p1a: Garchomp
|-status|p1a: Garchomp|tox
|
|-damage|p1a: Garchomp|94/100 tox|[from] psn
|upkeep
|turn|10
|
|t:|1667034002
|move|p1a: Garchomp|Earthquake|p2a: Blissey
|-damage|p2a: Blissey|54/100
|move|p2a: Blissey|Soft-Boiled|p2a: Blissey
|-heal|p2a: Blissey|100/100
|
|-heal|p1a: Garchomp|100/100 tox|[from] Grassy Terrain
|-damage|p1a: Garchomp|88/100 tox|[from] psn
|-fieldend|move: Grassy Terrain
|upkeep
|turn|11
|
|t:|1667034020
|move|p1a: Garchomp|Earthquake|p2a: Blissey
|-damage|p2a: Blissey|12/100
|move|p2a: Blissey|Seismic Toss|p1a: Garchomp
|-damage|p1a: Garchomp|64/100 tox
|-damage|p2a: Blissey|0 fnt|[from] ability: Rough Skin|[of] p1a: Garchomp
|faint|p2a: Blissey
|
|-heal|p1a: Garchomp|70/100 tox|[from] item: Leftovers
|-damage|p1a: Garchomp|52/100 tox|[from] psn
|upkeep
|-message|qqqui forfeited.
|
|win|AlphaTherai
|raw|AlphaTherai's rating: 1346 &rarr; <strong>1367</strong><br />(+21 for winning)
|raw|qqqui's rating: 1370 &rarr; <strong>1349</strong><br />(-21 for losing)
|l|☆qqqui
||Ladder isn't responding, score probably updated but might not have (Request timeout).
