|j|☆Sardiner2
|j|☆Elite4Donovan
|t:|1651295791
|gametype|singles
|player|p1|Sardiner2|hooligans|1496
|player|p2|Elite4Donovan|lucas|1544
|teamsize|p1|6
|teamsize|p2|6
|gen|8
|tier|[Gen 8] OU
|rated|
|rule|Sleep Clause Mod: Limit one foe put to sleep
|rule|Species Clause: Limit one of each Pokémon
|rule|OHKO Clause: OHKO moves are banned
|rule|Evasion Moves Clause: Evasion moves are banned
|rule|Endless Battle Clause: Forcing endless battles is banned
|rule|HP Percentage Mod: HP is shown in percentages
|rule|Dynamax Clause: You cannot dynamax
|clearpoke
|poke|p1|Quagsire, M|
|poke|p1|Ferrothorn, M|
|poke|p1|Blissey, F|
|poke|p1|Toxapex, M|
|poke|p1|Corviknight, F|
|poke|p1|Blacephalon|
|poke|p2|Regidrago|
|poke|p2|Nidoking, M|
|poke|p2|Urshifu-*, F|
|poke|p2|Tornadus-Therian, M|
|poke|p2|Ferrothorn, M|
|poke|p2|Landorus-Therian, M|
|teampreview
|
|t:|1651295807
|start
|switch|p1a: Blacephalon|Blacephalon|100/100
|switch|p2a: Regidrago|Regidrago|100/100
|turn|1
|
|t:|1651295811
|switch|p2a: Tornadus|Tornadus-Therian, M|100/100
|move|p1a: Blacephalon|Trick|p2a: Tornadus
|-activate|p1a: Blacephalon|move: Trick|[of] p2a: Tornadus
|-item|p2a: Tornadus|Choice Scarf|[from] move: Trick
|-item|p1a: Blacephalon|Assault Vest|[from] move: Trick
|
|upkeep
|turn|2
|
|t:|1651295826
|switch|p1a: Ferrothorn|Ferrothorn, M|100/100
|move|p2a: Tornadus|U-turn|p1a: Ferrothorn
|-damage|p1a: Ferrothorn|92/100
|-damage|p2a: Tornadus|88/100|[from] ability: Iron Barbs|[of] p1a: Ferrothorn
|
|t:|1651295828
|switch|p2a: Nidoking|Nidoking, M|100/100|[from]move: U-turn
|
|-heal|p1a: Ferrothorn|99/100|[from] item: Leftovers
|upkeep
|turn|3
|
|t:|1651295844
|switch|p2a: Urshifu|Urshifu-Rapid-Strike, F|100/100
|switch|p1a: Blissey|Blissey, F|100/100
|
|upkeep
|turn|4
|
|t:|1651295848
|switch|p1a: Toxapex|Toxapex, M|100/100
|move|p2a: Urshifu|U-turn|p1a: Toxapex
|-resisted|p1a: Toxapex
|-damage|p1a: Toxapex|92/100
|
|t:|1651295850
|switch|p2a: Regidrago|Regidrago|100/100|[from]move: U-turn
|
|-heal|p1a: Toxapex|98/100|[from] item: Black Sludge
|upkeep
|turn|5
|
|t:|1651295854
|move|p2a: Regidrago|Dragon Energy|p1a: Toxapex
|-damage|p1a: Toxapex|0 fnt
|faint|p1a: Toxapex
|
|upkeep
|
|t:|1651295858
|switch|p1a: Blacephalon|Blacephalon|100/100
|turn|6
|
|t:|1651295862
|switch|p2a: Tornadus|Tornadus-Therian, M|100/100
|move|p1a: Blacephalon|Shadow Ball|p2a: Tornadus
|-damage|p2a: Tornadus|50/100
|
|upkeep
|turn|7
|
|t:|1651295870
|switch|p1a: Quagsire|Quagsire, M|100/100
|move|p2a: Tornadus|U-turn|p1a: Quagsire
|-damage|p1a: Quagsire|91/100
|-damage|p2a: Tornadus|33/100|[from] item: Rocky Helmet|[of] p1a: Quagsire
|
|t:|1651295872
|switch|p2a: Regidrago|Regidrago|100/100|[from]move: U-turn
|
|upkeep
|turn|8
|
|t:|1651295882
|switch|p1a: Blissey|Blissey, F|100/100
|move|p2a: Regidrago|Dragon Energy|p1a: Blissey
|-damage|p1a: Blissey|47/100
|
|upkeep
|turn|9
|
|t:|1651295890
|switch|p1a: Ferrothorn|Ferrothorn, M|99/100
|move|p2a: Regidrago|Dragon Energy|p1a: Ferrothorn
|-resisted|p1a: Ferrothorn
|-damage|p1a: Ferrothorn|30/100
|
|-heal|p1a: Ferrothorn|36/100|[from] item: Leftovers
|upkeep
|turn|10
|
|t:|1651295894
|move|p2a: Regidrago|Dragon Energy|p1a: Ferrothorn
|-resisted|p1a: Ferrothorn
|-damage|p1a: Ferrothorn|0 fnt
|faint|p1a: Ferrothorn
|
|upkeep
|
|t:|1651295896
|switch|p1a: Blacephalon|Blacephalon|100/100
|turn|11
|
|t:|1651295901
|switch|p2a: Landorus|Landorus-Therian, M|100/100
|-ability|p2a: Landorus|Intimidate|boost
|-unboost|p1a: Blacephalon|atk|1
|move|p1a: Blacephalon|Shadow Ball|p2a: Landorus
|-damage|p2a: Landorus|66/100
|
|-heal|p2a: Landorus|72/100|[from] item: Leftovers
|upkeep
|turn|12
|
|t:|1651295912
|switch|p1a: Blissey|Blissey, F|47/100
|move|p2a: Landorus|U-turn|p1a: Blissey
|-crit|p1a: Blissey
|-damage|p1a: Blissey|13/100
|
|t:|1651295915
|switch|p2a: Urshifu|Urshifu-Rapid-Strike, F|100/100|[from]move: U-turn
|
|upkeep
|turn|13
|
|t:|1651295918
|switch|p1a: Quagsire|Quagsire, M|91/100
|move|p2a: Urshifu|U-turn|p1a: Quagsire
|-damage|p1a: Quagsire|73/100
|-damage|p2a: Urshifu|84/100|[from] item: Rocky Helmet|[of] p1a: Quagsire
|
|t:|1651295926
|switch|p2a: Nidoking|Nidoking, M|100/100|[from]move: U-turn
|
|upkeep
|turn|14
|
|t:|1651295930
|move|p2a: Nidoking|Earth Power|p1a: Quagsire
|-damage|p1a: Quagsire|0 fnt
|faint|p1a: Quagsire
|
|upkeep
|
|t:|1651295932
|switch|p1a: Blacephalon|Blacephalon|100/100
|turn|15
|
|t:|1651295935
|move|p1a: Blacephalon|Flamethrower|p2a: Nidoking
|-damage|p2a: Nidoking|22/100
|move|p2a: Nidoking|Earth Power|p1a: Blacephalon
|-supereffective|p1a: Blacephalon
|-damage|p1a: Blacephalon|0 fnt
|faint|p1a: Blacephalon
|
|upkeep
|
|t:|1651295938
|switch|p1a: Corviknight|Corviknight, F|100/100
|-ability|p1a: Corviknight|Pressure
|turn|16
|-message|Sardiner2 forfeited.
|
|win|Elite4Donovan
|raw|Sardiner2's rating: 1478 &rarr; <strong>1462</strong><br />(-16 for losing)
|raw|Elite4Donovan's rating: 1544 &rarr; <strong>1560</strong><br />(+16 for winning)
|l|☆Sardiner2
