|html|<div class="broadcast-blue"><strong>[Gen 8] OU is currently suspecting Melmetal! For information on how to participate check out the <a href="https://www.smogon.com/forums/threads/np-ss-ou-suspect-process-round-12-monster-mash.3709234/">suspect thread</a>.</strong></div>
|j|☆quixana
|j|☆RggV
|t:|1665820866
|gametype|singles
|player|p1|quixana|ethan-pokeathlon|1835
|player|p2|RggV|scientist-gen4|1701
|teamsize|p1|6
|teamsize|p2|6
|gen|8
|tier|[Gen 8] OU
|rated|
|rule|Sleep Clause Mod: Limit one foe put to sleep
|rule|Species Clause: Limit one of each Pokémon
|rule|OHKO Clause: OHKO moves are banned
|rule|Evasion Items Clause: Evasion items are banned
|rule|Evasion Moves Clause: Evasion moves are banned
|rule|Endless Battle Clause: Forcing endless battles is banned
|rule|HP Percentage Mod: HP is shown in percentages
|rule|Dynamax Clause: You cannot dynamax
|clearpoke
|poke|p1|Dragapult, M|
|poke|p1|Rotom-Wash|
|poke|p1|Landorus-Therian, M|
|poke|p1|Melmetal|
|poke|p1|Weavile, M|
|poke|p1|Kartana|
|poke|p2|Torkoal, F|
|poke|p2|Xatu, F|
|poke|p2|Heatran, M|
|poke|p2|Charizard, M|
|poke|p2|Leafeon, F|
|poke|p2|Lanturn, M|
|teampreview
|inactive|Battle timer is ON: inactive players will automatically lose when time's up. (requested by RggV)
|c|☆quixana|sup
|c|☆quixana|wtf is this
|inactive|quixana has 120 seconds left.
|inactive|RggV has 120 seconds left.
|c|☆RggV|Yo
|j| Ran Kob
|c|☆RggV|LMAO
|c|☆RggV|HEAT
|inactive|quixana has 90 seconds left.
|inactive|RggV has 90 seconds left.
|c|☆RggV|of course
|c|☆RggV|What else
|c|☆RggV|Oh shit I know that team
|l| Ran Kob
|
|t:|1665820942
|start
|switch|p1a: Enten|Landorus-Therian, M, shiny|100/100
|switch|p2a: Torkoal|Torkoal, F|100/100
|-ability|p1a: Enten|Intimidate|boost
|-unboost|p2a: Torkoal|atk|1
|-weather|SunnyDay|[from] ability: Drought|[of] p2a: Torkoal
|turn|1
|j| Lord Sodium
|
|t:|1665820961
|move|p1a: Enten|U-turn|p2a: Torkoal
|-resisted|p2a: Torkoal
|-damage|p2a: Torkoal|94/100
|
|t:|1665820965
|switch|p1a: Phantom|Rotom-Wash, shiny|100/100|[from]move: U-turn
|move|p2a: Torkoal|Stealth Rock|p1a: Phantom
|-sidestart|p1: quixana|move: Stealth Rock
|
|-weather|SunnyDay|[upkeep]
|upkeep
|turn|2
|
|t:|1665820976
|switch|p2a: Lantern|Lanturn, M, shiny|100/100
|move|p1a: Phantom|Volt Switch|p2a: Lantern
|-immune|p2a: Lantern|[from] ability: Volt Absorb
|
|-weather|SunnyDay|[upkeep]
|upkeep
|turn|3
|c|☆quixana|this is evil
|
|t:|1665820991
|switch|p1a: Fate|Melmetal, shiny|100/100
|-damage|p1a: Fate|94/100|[from] Stealth Rock
|move|p2a: Lantern|Ice Beam|p1a: Fate
|-resisted|p1a: Fate
|-damage|p1a: Fate|85/100
|
|-weather|SunnyDay|[upkeep]
|upkeep
|turn|4
|c|☆RggV|It aint
|
|t:|1665821002
|move|p2a: Lantern|Thunder Wave|p1a: Fate
|-status|p1a: Fate|par
|move|p1a: Fate|Double Iron Bash|p2a: Lantern
|-resisted|p2a: Lantern
|-damage|p2a: Lantern|83/100
|-resisted|p2a: Lantern
|-damage|p2a: Lantern|65/100
|-hitcount|p2a: Lantern|2
|
|-weather|SunnyDay|[upkeep]
|-heal|p2a: Lantern|71/100|[from] item: Leftovers
|upkeep
|turn|5
|
|t:|1665821012
|move|p2a: Lantern|Volt Switch|p1a: Fate
|-damage|p1a: Fate|66/100 par
|
|t:|1665821015
|switch|p2a: Heatran|Heatran, M|100/100|[from]move: Volt Switch
|-item|p2a: Heatran|Air Balloon
|move|p1a: Fate|Double Iron Bash|p2a: Heatran
|-resisted|p2a: Heatran
|-damage|p2a: Heatran|85/100
|-enditem|p2a: Heatran|Air Balloon
|-resisted|p2a: Heatran
|-damage|p2a: Heatran|69/100
|-hitcount|p2a: Heatran|2
|
|-weather|SunnyDay|[upkeep]
|upkeep
|turn|6
|inactive|quixana has 120 seconds left.
|
|t:|1665821058
|switch|p1a: Phantom|Rotom-Wash, shiny|100/100
|-damage|p1a: Phantom|88/100|[from] Stealth Rock
|move|p2a: Heatran|Solar Beam||[still]
|-prepare|p2a: Heatran|Solar Beam
|-anim|p2a: Heatran|Solar Beam|p1a: Phantom
|-supereffective|p1a: Phantom
|-damage|p1a: Phantom|0 fnt
|faint|p1a: Phantom
|
|-weather|SunnyDay|[upkeep]
|upkeep
|c|☆quixana|fuck\
|c|☆quixana|i knew it
|
|t:|1665821068
|switch|p1a: Leviathan|Dragapult, M, shiny|100/100
|-damage|p1a: Leviathan|88/100|[from] Stealth Rock
|turn|7
|c|☆RggV|LMAO
|
|t:|1665821098
|move|p1a: Leviathan|Shadow Ball|p2a: Heatran
|-damage|p2a: Heatran|14/100
|move|p2a: Heatran|Magma Storm|p1a: Leviathan
|-resisted|p1a: Leviathan
|-damage|p1a: Leviathan|31/100
|-activate|p1a: Leviathan|move: Magma Storm|[of] p2a: Heatran
|
|-weather|SunnyDay|[upkeep]
|-damage|p1a: Leviathan|19/100|[from] move: Magma Storm|[partiallytrapped]
|upkeep
|turn|8
|
|t:|1665821102
|move|p1a: Leviathan|Shadow Ball|p2a: Heatran
|-damage|p2a: Heatran|0 fnt
|faint|p2a: Heatran
|
|-weather|none
|-end|p1a: Leviathan|Magma Storm|[partiallytrapped]|[silent]
|upkeep
|
|t:|1665821105
|switch|p2a: Lantern|Lanturn, M, shiny|71/100
|turn|9
|
|t:|1665821125
|switch|p1a: Fate|Melmetal, shiny|66/100 par
|-damage|p1a: Fate|60/100 par|[from] Stealth Rock
|move|p2a: Lantern|Ice Beam|p1a: Fate
|-resisted|p1a: Fate
|-damage|p1a: Fate|51/100 par
|
|-heal|p2a: Lantern|77/100|[from] item: Leftovers
|upkeep
|turn|10
|
|t:|1665821134
|switch|p2a: Torkoal|Torkoal, F|94/100
|-weather|SunnyDay|[from] ability: Drought|[of] p2a: Torkoal
|cant|p1a: Fate|par
|
|-weather|SunnyDay|[upkeep]
|upkeep
|turn|11
|inactive|quixana has 120 seconds left.
|
|t:|1665821169
|switch|p2a: Charizard|Charizard, M|100/100
|switch|p1a: Enten|Landorus-Therian, M, shiny|100/100
|-damage|p1a: Enten|88/100|[from] Stealth Rock
|-ability|p1a: Enten|Intimidate|boost
|-unboost|p2a: Charizard|atk|1
|
|-weather|SunnyDay|[upkeep]
|-damage|p2a: Charizard|88/100|[from] ability: Solar Power|[of] p2a: Charizard
|-heal|p1a: Enten|94/100|[from] item: Leftovers
|upkeep
|turn|12
|inactive|quixana has 120 seconds left.
|c|☆RggV|Die
|
|t:|1665821191
|switch|p1a: Fate|Melmetal, shiny|51/100 par
|-damage|p1a: Fate|45/100 par|[from] Stealth Rock
|move|p2a: Charizard|Weather Ball|p1a: Fate
|-supereffective|p1a: Fate
|-damage|p1a: Fate|0 fnt
|faint|p1a: Fate
|
|-weather|SunnyDay|[upkeep]
|-damage|p2a: Charizard|76/100|[from] ability: Solar Power|[of] p2a: Charizard
|upkeep
|
|t:|1665821196
|switch|p1a: Leviathan|Dragapult, M, shiny|19/100
|-damage|p1a: Leviathan|7/100|[from] Stealth Rock
|turn|13
|
|t:|1665821204
|switch|p2a: Lantern|Lanturn, M, shiny|77/100
|move|p1a: Leviathan|Shadow Ball|p2a: Lantern
|-damage|p2a: Lantern|41/100
|
|-weather|SunnyDay|[upkeep]
|-heal|p2a: Lantern|48/100|[from] item: Leftovers
|upkeep
|turn|14
|c|☆quixana|why is that fish
|c|☆quixana|so tanky
|j| Palladiawa B
|
|t:|1665821220
|switch|p1a: Deathstroke|Kartana, shiny|100/100
|-damage|p1a: Deathstroke|94/100|[from] Stealth Rock
|move|p2a: Lantern|Volt Switch|p1a: Deathstroke
|-resisted|p1a: Deathstroke
|-damage|p1a: Deathstroke|65/100
|
|t:|1665821223
|switch|p2a: Leafeon|Leafeon, F|100/100|[from]move: Volt Switch
|
|-weather|SunnyDay|[upkeep]
|upkeep
|turn|15
|
|t:|1665821238
|move|p2a: Leafeon|Work Up|p2a: Leafeon
|-boost|p2a: Leafeon|atk|1
|-boost|p2a: Leafeon|spa|1
|move|p1a: Deathstroke|Knock Off|p2a: Leafeon
|-damage|p2a: Leafeon|60/100
|-enditem|p2a: Leafeon|Life Orb|[from] move: Knock Off|[of] p1a: Deathstroke
|
|-weather|SunnyDay|[upkeep]
|upkeep
|turn|16
|
|t:|1665821245
|move|p2a: Leafeon|Weather Ball|p1a: Deathstroke
|-supereffective|p1a: Deathstroke
|-damage|p1a: Deathstroke|0 fnt
|faint|p1a: Deathstroke
|
|-weather|SunnyDay|[upkeep]
|upkeep
|
|t:|1665821248
|switch|p1a: Enten|Landorus-Therian, M, shiny|94/100
|-damage|p1a: Enten|82/100|[from] Stealth Rock
|-ability|p1a: Enten|Intimidate|boost
|-unboost|p2a: Leafeon|atk|1
|turn|17
|c|☆RggV|Cause it's the fishy
|
|t:|1665821258
|move|p2a: Leafeon|Solar Blade||[still]
|-prepare|p2a: Leafeon|Solar Blade
|-anim|p2a: Leafeon|Solar Blade|p1a: Enten
|-damage|p1a: Enten|28/100
|move|p1a: Enten|Defog|p2a: Leafeon
|-unboost|p2a: Leafeon|evasion|1
|-sideend|p1: quixana|Stealth Rock|[from] move: Defog|[of] p1a: Enten
|
|-weather|none
|-heal|p1a: Enten|34/100|[from] item: Leftovers
|upkeep
|turn|18
|
|t:|1665821263
|move|p2a: Leafeon|Knock Off|p1a: Enten
|-damage|p1a: Enten|3/100
|-enditem|p1a: Enten|Leftovers|[from] move: Knock Off|[of] p2a: Leafeon
|move|p1a: Enten|U-turn|p2a: Leafeon
|-supereffective|p2a: Leafeon
|-damage|p2a: Leafeon|15/100
|c|☆RggV|Noo
|
|t:|1665821270
|switch|p1a: Leviathan|Dragapult, M, shiny|7/100|[from]move: U-turn
|
|upkeep
|turn|19
|inactive|quixana has 120 seconds left.
|
|t:|1665821302
|move|p1a: Leviathan|Shadow Ball|p2a: Leafeon
|-damage|p2a: Leafeon|0 fnt
|faint|p2a: Leafeon
|
|upkeep
|
|t:|1665821314
|switch|p2a: Lantern|Lanturn, M, shiny|48/100
|turn|20
|inactive|quixana has 120 seconds left.
|inactive|quixana has 90 seconds left.
|j| mandada90
|
|t:|1665821371
|switch|p1a: Enten|Landorus-Therian, M, shiny|3/100
|-ability|p1a: Enten|Intimidate|boost
|-unboost|p2a: Lantern|atk|1
|move|p2a: Lantern|Ice Beam|p1a: Enten
|-supereffective|p1a: Enten
|-crit|p1a: Enten
|-damage|p1a: Enten|0 fnt
|faint|p1a: Enten
|
|-heal|p2a: Lantern|54/100|[from] item: Leftovers
|upkeep
|
|t:|1665821376
|switch|p1a: Bandit|Weavile, M, shiny|100/100
|-ability|p1a: Bandit|Pressure
|turn|21
|
|t:|1665821381
|move|p1a: Bandit|Knock Off|p2a: Lantern
|-crit|p2a: Lantern
|-damage|p2a: Lantern|0 fnt
|-enditem|p2a: Lantern|Leftovers|[from] move: Knock Off|[of] p1a: Bandit
|faint|p2a: Lantern
|
|upkeep
|
|t:|1665821383
|switch|p2a: Torkoal|Torkoal, F|94/100
|-weather|SunnyDay|[from] ability: Drought|[of] p2a: Torkoal
|turn|22
|inactive|quixana has 90 seconds left.
|c|☆RggV|Plume or rocks
|inactive|RggV has 120 seconds left.
|c|☆RggV|That is the question
|c| Palladiawa B|rock
|
|t:|1665821418
|switch|p1a: Leviathan|Dragapult, M, shiny|7/100
|move|p2a: Torkoal|Stealth Rock|p1a: Leviathan
|-sidestart|p1: quixana|move: Stealth Rock
|
|-weather|SunnyDay|[upkeep]
|upkeep
|turn|23
|c| Palladiawa B|oh
|
|t:|1665821424
|switch|p2a: Xatu|Xatu, F|100/100
|move|p1a: Leviathan|Shadow Ball|p2a: Xatu
|-supereffective|p2a: Xatu
|-damage|p2a: Xatu|0 fnt
|faint|p2a: Xatu
|
|-weather|SunnyDay|[upkeep]
|upkeep
|
|t:|1665821426
|switch|p2a: Charizard|Charizard, M|76/100
|turn|24
|c| Palladiawa B|shoot
|
|t:|1665821430
|move|p1a: Leviathan|Shadow Ball|p2a: Charizard
|-damage|p2a: Charizard|5/100
|move|p2a: Charizard|Weather Ball|p1a: Leviathan
|-resisted|p1a: Leviathan
|-damage|p1a: Leviathan|0 fnt
|faint|p1a: Leviathan
|
|-weather|SunnyDay|[upkeep]
|-damage|p2a: Charizard|0 fnt|[from] ability: Solar Power|[of] p2a: Charizard
|faint|p2a: Charizard
|upkeep
|c|☆quixana|NOOOOOOO
|
|t:|1665821439
|switch|p1a: Bandit|Weavile, M, shiny|100/100
|switch|p2a: Torkoal|Torkoal, F|94/100
|-damage|p1a: Bandit|76/100|[from] Stealth Rock
|-ability|p1a: Bandit|Pressure
|turn|25
|
|t:|1665821443
|move|p1a: Bandit|Knock Off|p2a: Torkoal
|-damage|p2a: Torkoal|53/100
|-enditem|p2a: Torkoal|Heat Rock|[from] move: Knock Off|[of] p1a: Bandit
|move|p2a: Torkoal|Body Press|p1a: Bandit
|-supereffective|p1a: Bandit
|-damage|p1a: Bandit|0 fnt
|faint|p1a: Bandit
|
|win|RggV
|raw|quixana's rating: 1835 &rarr; <strong>1808</strong><br />(-27 for losing)
|raw|RggV's rating: 1701 &rarr; <strong>1728</strong><br />(+27 for winning)
|c| Palladiawa B|gg
|c|☆quixana|GG
|c|☆RggV|Gg
|c|☆quixana|i shouldve predicted
|c|☆quixana|the solar
|c|☆quixana|fuck
|c|☆RggV|Maybe
|c|☆RggV|Well
|c|☆RggV|Yes
|l|☆RggV
|l| Palladiawa B
|l| mandada90
|l| Lord Sodium
