|j|☆WoodManNiceMan
|j|☆El Stefano
|t:|1667252269
|gametype|singles
|player|p1|WoodManNiceMan|sage|1683
|player|p2|El Stefano|101|1682
|teamsize|p1|6
|teamsize|p2|6
|gen|8
|tier|[Gen 8] OU
|rated|
|rule|Sleep Clause Mod: Limit one foe put to sleep
|rule|Species Clause: Limit one of each Pokémon
|rule|OHKO Clause: OHKO moves are banned
|rule|Evasion Items Clause: Evasion items are banned
|rule|Evasion Moves Clause: Evasion moves are banned
|rule|Endless Battle Clause: Forcing endless battles is banned
|rule|HP Percentage Mod: HP is shown in percentages
|rule|Dynamax Clause: You cannot dynamax
|clearpoke
|poke|p1|Terrakion|
|poke|p1|Buzzwole|
|poke|p1|Conkeldurr, M|
|poke|p1|Zapdos-Galar|
|poke|p1|Kommo-o, M|
|poke|p1|Blaziken, M|
|poke|p2|Reuniclus, M|
|poke|p2|Toxapex, F|
|poke|p2|Dragonite, F|
|poke|p2|Quagsire, M|
|poke|p2|Umbreon, F|
|poke|p2|Tornadus-Therian, M|
|teampreview
|inactive|Battle timer is ON: inactive players will automatically lose when time's up. (requested by WoodManNiceMan)
|
|t:|1667252297
|start
|switch|p1a: Terrakion|Terrakion, shiny|100/100
|switch|p2a: Quagsire|Quagsire, M|100/100
|turn|1
|
|t:|1667252311
|move|p1a: Terrakion|Stealth Rock|p2a: Quagsire
|-sidestart|p2: El Stefano|move: Stealth Rock
|move|p2a: Quagsire|Scald|p1a: Terrakion
|-supereffective|p1a: Terrakion
|-damage|p1a: Terrakion|56/100
|
|upkeep
|turn|2
|inactive|El Stefano has 120 seconds left.
|
|t:|1667252357
|move|p1a: Terrakion|Rock Tomb|p2a: Quagsire
|-resisted|p2a: Quagsire
|-damage|p2a: Quagsire|90/100
|-unboost|p2a: Quagsire|spe|1
|move|p2a: Quagsire|Scald|p1a: Terrakion
|-supereffective|p1a: Terrakion
|-damage|p1a: Terrakion|15/100
|
|-heal|p2a: Quagsire|96/100|[from] item: Leftovers
|upkeep
|turn|3
|
|t:|1667252368
|move|p1a: Terrakion|Close Combat|p2a: Quagsire
|-damage|p2a: Quagsire|56/100
|-unboost|p1a: Terrakion|def|1
|-unboost|p1a: Terrakion|spd|1
|move|p2a: Quagsire|Scald|p1a: Terrakion
|-supereffective|p1a: Terrakion
|-damage|p1a: Terrakion|0 fnt
|faint|p1a: Terrakion
|
|-heal|p2a: Quagsire|62/100|[from] item: Leftovers
|upkeep
|
|t:|1667252375
|switch|p1a: Conkeldurr|Conkeldurr, M, shiny|100/100
|turn|4
|inactive|El Stefano has 120 seconds left.
|
|t:|1667252383
|switch|p2a: Toxapex|Toxapex, F|100/100
|-damage|p2a: Toxapex|88/100|[from] Stealth Rock
|move|p1a: Conkeldurr|Knock Off|p2a: Toxapex
|-damage|p2a: Toxapex|62/100
|-damage|p1a: Conkeldurr|84/100|[from] item: Rocky Helmet|[of] p2a: Toxapex
|-enditem|p2a: Toxapex|Rocky Helmet|[from] move: Knock Off|[of] p1a: Conkeldurr
|
|-status|p1a: Conkeldurr|brn|[from] item: Flame Orb
|upkeep
|turn|5
|inactive|El Stefano has 120 seconds left.
|
|t:|1667252400
|switch|p2a: Umbreon|Umbreon, F|100/100
|-damage|p2a: Umbreon|88/100|[from] Stealth Rock
|move|p1a: Conkeldurr|Facade|p2a: Umbreon
|-damage|p2a: Umbreon|37/100
|
|-heal|p2a: Umbreon|43/100|[from] item: Leftovers
|-damage|p1a: Conkeldurr|78/100 brn|[from] brn
|upkeep
|turn|6
|
|t:|1667252408
|move|p2a: Umbreon|Protect|p2a: Umbreon
|-singleturn|p2a: Umbreon|Protect
|move|p1a: Conkeldurr|Facade|p2a: Umbreon
|-activate|p2a: Umbreon|move: Protect
|
|-heal|p2a: Umbreon|49/100|[from] item: Leftovers
|-damage|p1a: Conkeldurr|72/100 brn|[from] brn
|upkeep
|turn|7
|
|t:|1667252420
|move|p2a: Umbreon|Wish|p2a: Umbreon
|move|p1a: Conkeldurr|Facade|p2a: Umbreon
|-damage|p2a: Umbreon|0 fnt
|faint|p2a: Umbreon
|
|-damage|p1a: Conkeldurr|66/100 brn|[from] brn
|upkeep
|
|t:|1667252426
|switch|p2a: Tornadus|Tornadus-Therian, M|100/100
|turn|8
|
|t:|1667252430
|switch|p1a: Blaziken|Blaziken, M, shiny|100/100
|-item|p1a: Blaziken|Air Balloon
|move|p2a: Tornadus|Defog|p1a: Blaziken
|-unboost|p1a: Blaziken|evasion|1
|-sideend|p2: El Stefano|Stealth Rock|[from] move: Defog|[of] p2a: Tornadus
|
|upkeep
|turn|9
|
|t:|1667252438
|switch|p2a: Dragonite|Dragonite, F|100/100
|move|p1a: Blaziken|Thunder Punch|p2a: Dragonite
|-damage|p2a: Dragonite|91/100
|
|-ability|p1a: Blaziken|Speed Boost|boost
|-boost|p1a: Blaziken|spe|1
|upkeep
|turn|10
|
|t:|1667252446
|switch|p1a: Buzzwole|Buzzwole|100/100
|move|p2a: Dragonite|Flamethrower|p1a: Buzzwole
|-supereffective|p1a: Buzzwole
|-damage|p1a: Buzzwole|32/100
|
|upkeep
|turn|11
|
|t:|1667252457
|switch|p1a: Conkeldurr|Conkeldurr, M, shiny|66/100 brn
|switch|p2a: Toxapex|Toxapex, F|96/100
|
|-damage|p1a: Conkeldurr|60/100 brn|[from] brn
|upkeep
|turn|12
|
|t:|1667252462
|move|p1a: Conkeldurr|Facade|p2a: Toxapex
|-damage|p2a: Toxapex|46/100
|move|p2a: Toxapex|Recover|p2a: Toxapex
|-heal|p2a: Toxapex|96/100
|
|-damage|p1a: Conkeldurr|54/100 brn|[from] brn
|upkeep
|turn|13
|
|t:|1667252470
|move|p1a: Conkeldurr|Facade|p2a: Toxapex
|-damage|p2a: Toxapex|48/100
|move|p2a: Toxapex|Recover|p2a: Toxapex
|-heal|p2a: Toxapex|98/100
|
|-damage|p1a: Conkeldurr|48/100 brn|[from] brn
|upkeep
|turn|14
|
|t:|1667252477
|move|p1a: Conkeldurr|Facade|p2a: Toxapex
|-damage|p2a: Toxapex|43/100
|move|p2a: Toxapex|Recover|p2a: Toxapex
|-heal|p2a: Toxapex|93/100
|
|-damage|p1a: Conkeldurr|42/100 brn|[from] brn
|upkeep
|turn|15
|
|t:|1667252484
|switch|p1a: Buzzwole|Buzzwole|32/100
|move|p2a: Toxapex|Recover|p2a: Toxapex
|-heal|p2a: Toxapex|100/100
|
|upkeep
|turn|16
|
|t:|1667252490
|move|p1a: Buzzwole|Earthquake|p2a: Toxapex
|-supereffective|p2a: Toxapex
|-damage|p2a: Toxapex|35/100
|move|p2a: Toxapex|Toxic Spikes|p1a: Buzzwole
|-sidestart|p1: WoodManNiceMan|move: Toxic Spikes
|
|upkeep
|turn|17
|
|t:|1667252499
|switch|p1a: Zapdos|Zapdos-Galar|100/100
|switch|p2a: Reuniclus|Reuniclus, M|100/100
|
|upkeep
|turn|18
|
|t:|1667252507
|move|p1a: Zapdos|U-turn|p2a: Reuniclus
|-supereffective|p2a: Reuniclus
|-damage|p2a: Reuniclus|52/100
|
|t:|1667252509
|switch|p1a: Conkeldurr|Conkeldurr, M, shiny|42/100 brn|[from]move: U-turn
|move|p2a: Reuniclus|Psyshock|p1a: Conkeldurr
|-supereffective|p1a: Conkeldurr
|-damage|p1a: Conkeldurr|0 fnt
|faint|p1a: Conkeldurr
|
|upkeep
|
|t:|1667252514
|switch|p1a: Zapdos|Zapdos-Galar|100/100
|turn|19
|
|t:|1667252527
|switch|p2a: Quagsire|Quagsire, M|62/100
|move|p1a: Zapdos|Brave Bird|p2a: Quagsire
|-damage|p2a: Quagsire|22/100
|-damage|p1a: Zapdos|84/100|[from] Recoil
|
|-heal|p2a: Quagsire|28/100|[from] item: Leftovers
|upkeep
|turn|20
|
|t:|1667252545
|move|p1a: Zapdos|Brave Bird|p2a: Quagsire
|-damage|p2a: Quagsire|0 fnt
|faint|p2a: Quagsire
|-damage|p1a: Zapdos|73/100|[from] Recoil
|
|upkeep
|
|t:|1667252549
|switch|p2a: Dragonite|Dragonite, F|91/100
|turn|21
|
|t:|1667252557
|move|p1a: Zapdos|Brave Bird|p2a: Dragonite
|-damage|p2a: Dragonite|46/100
|-damage|p1a: Zapdos|55/100|[from] Recoil
|move|p2a: Dragonite|Roost|p2a: Dragonite
|-heal|p2a: Dragonite|96/100
|-singleturn|p2a: Dragonite|move: Roost
|
|upkeep
|turn|22
|
|t:|1667252562
|switch|p1a: Blaziken|Blaziken, M, shiny|100/100
|-item|p1a: Blaziken|Air Balloon
|move|p2a: Dragonite|Defog|p1a: Blaziken
|-unboost|p1a: Blaziken|evasion|1
|-sideend|p1: WoodManNiceMan|Toxic Spikes|[from] move: Defog|[of] p2a: Dragonite
|
|upkeep
|turn|23
|
|t:|1667252570
|move|p1a: Blaziken|Swords Dance|p1a: Blaziken
|-boost|p1a: Blaziken|atk|2
|move|p2a: Dragonite|Flamethrower|p1a: Blaziken
|-resisted|p1a: Blaziken
|-damage|p1a: Blaziken|86/100
|-enditem|p1a: Blaziken|Air Balloon
|
|-ability|p1a: Blaziken|Speed Boost|boost
|-boost|p1a: Blaziken|spe|1
|upkeep
|turn|24
|
|t:|1667252576
|move|p1a: Blaziken|Swords Dance|p1a: Blaziken
|-boost|p1a: Blaziken|atk|2
|move|p2a: Dragonite|Earthquake|p1a: Blaziken
|-supereffective|p1a: Blaziken
|-damage|p1a: Blaziken|0 fnt
|faint|p1a: Blaziken
|
|upkeep
|
|t:|1667252581
|switch|p1a: Kommo-o|Kommo-o, M|100/100
|turn|25
|
|t:|1667252594
|switch|p2a: Reuniclus|Reuniclus, M|86/100
|move|p1a: Kommo-o|Clangorous Soul|p1a: Kommo-o
|-boost|p1a: Kommo-o|atk|1
|-boost|p1a: Kommo-o|def|1
|-boost|p1a: Kommo-o|spa|1
|-boost|p1a: Kommo-o|spd|1
|-boost|p1a: Kommo-o|spe|1
|-damage|p1a: Kommo-o|68/100
|-enditem|p1a: Kommo-o|Throat Spray
|-boost|p1a: Kommo-o|spa|1|[from] item: Throat Spray
|
|upkeep
|turn|26
|
|t:|1667252600
|move|p1a: Kommo-o|Clanging Scales|p2a: Reuniclus
|-damage|p2a: Reuniclus|44/100
|-unboost|p1a: Kommo-o|def|1
|move|p2a: Reuniclus|Psyshock|p1a: Kommo-o
|-supereffective|p1a: Kommo-o
|-damage|p1a: Kommo-o|0 fnt
|faint|p1a: Kommo-o
|
|upkeep
|
|t:|1667252604
|switch|p1a: Buzzwole|Buzzwole|32/100
|turn|27
|c|☆WoodManNiceMan|gg
|-message|WoodManNiceMan forfeited.
|
|win|El Stefano
|raw|WoodManNiceMan's rating: 1683 &rarr; <strong>1663</strong><br />(-20 for losing)
|raw|El Stefano's rating: 1682 &rarr; <strong>1702</strong><br />(+20 for winning)
|l|☆WoodManNiceMan
||Ladder isn't responding, score probably updated but might not have (Request timeout).
