|j|☆beastyj157
|j|☆Small Owl
|t:|1639930982
|gametype|singles
|player|p1|beastyj157|veteran|1597
|player|p2|Small Owl|102|1690
|teamsize|p1|6
|teamsize|p2|6
|gen|8
|tier|[Gen 8] OU
|rated|
|rule|Sleep Clause Mod: Limit one foe put to sleep
|rule|Species Clause: Limit one of each Pokémon
|rule|OHKO Clause: OHKO moves are banned
|rule|Evasion Moves Clause: Evasion moves are banned
|rule|Endless Battle Clause: Forcing endless battles is banned
|rule|HP Percentage Mod: HP is shown in percentages
|rule|Dynamax Clause: You cannot dynamax
|clearpoke
|poke|p1|Weavile, F|
|poke|p1|Dragapult, M|
|poke|p1|Landorus-Therian, M|
|poke|p1|Heatran, M|
|poke|p1|Ferrothorn, F|
|poke|p1|Zapdos|
|poke|p2|Buzzwole|
|poke|p2|Weavile, F|
|poke|p2|Heatran, F|
|poke|p2|Landorus-Therian, M|
|poke|p2|Slowbro, F|
|poke|p2|Ferrothorn, F|
|teampreview
|inactive|Battle timer is ON: inactive players will automatically lose when time's up. (requested by beastyj157)
|inactive|beastyj157 has 120 seconds left.
|
|t:|1639931015
|start
|switch|p1a: Calamity|Weavile, F|100/100
|switch|p2a: Landorus|Landorus-Therian, M|100/100
|-ability|p1a: Calamity|Pressure
|-ability|p2a: Landorus|Intimidate|boost
|-unboost|p1a: Calamity|atk|1
|turn|1
|
|t:|1639931019
|switch|p2a: Buzzwole|Buzzwole|100/100
|move|p1a: Calamity|Knock Off|p2a: Buzzwole
|-resisted|p2a: Buzzwole
|-damage|p2a: Buzzwole|90/100
|-enditem|p2a: Buzzwole|Heavy-Duty Boots|[from] move: Knock Off|[of] p1a: Calamity
|
|upkeep
|turn|2
|
|t:|1639931028
|switch|p1a: Zappy|Zapdos|100/100
|move|p2a: Buzzwole|Ice Punch|p1a: Zappy
|-supereffective|p1a: Zappy
|-damage|p1a: Zappy|50/100
|-status|p2a: Buzzwole|par|[from] ability: Static|[of] p1a: Zappy
|
|upkeep
|turn|3
|
|t:|1639931038
|switch|p2a: Heatran|Heatran, F|100/100
|move|p1a: Zappy|Roost|p1a: Zappy
|-heal|p1a: Zappy|99/100
|-singleturn|p1a: Zappy|move: Roost
|
|upkeep
|turn|4
|
|t:|1639931049
|switch|p1a: Lando|Landorus-Therian, M|100/100
|-ability|p1a: Lando|Intimidate|boost
|-unboost|p2a: Heatran|atk|1
|move|p2a: Heatran|Stealth Rock|p1a: Lando
|-sidestart|p1: beastyj157|move: Stealth Rock
|
|upkeep
|turn|5
|
|t:|1639931055
|move|p1a: Lando|Stealth Rock|p2a: Heatran
|-sidestart|p2: Small Owl|move: Stealth Rock
|move|p2a: Heatran|Magma Storm|p1a: Lando|[miss]
|-miss|p2a: Heatran|p1a: Lando
|
|upkeep
|turn|6
|
|t:|1639931058
|switch|p2a: Landorus|Landorus-Therian, M|100/100
|-damage|p2a: Landorus|88/100|[from] Stealth Rock
|-ability|p2a: Landorus|Intimidate|boost
|-unboost|p1a: Lando|atk|1
|move|p1a: Lando|Earthquake|p2a: Landorus
|-immune|p2a: Landorus
|
|-heal|p2a: Landorus|94/100|[from] item: Leftovers
|upkeep
|turn|7
|
|t:|1639931067
|move|p1a: Lando|Toxic|p2a: Landorus
|-status|p2a: Landorus|tox
|move|p2a: Landorus|U-turn|p1a: Lando
|-resisted|p1a: Lando
|-damage|p1a: Lando|90/100
|
|t:|1639931070
|switch|p2a: Weavile|Weavile, F|100/100|[from]move: U-turn
|-ability|p2a: Weavile|Pressure
|
|-heal|p1a: Lando|96/100|[from] item: Leftovers
|upkeep
|turn|8
|
|t:|1639931074
|switch|p2a: Heatran|Heatran, F|100/100
|-damage|p2a: Heatran|88/100|[from] Stealth Rock
|switch|p1a: Ferro|Ferrothorn, F|100/100
|-damage|p1a: Ferro|94/100|[from] Stealth Rock
|
|-heal|p2a: Heatran|94/100|[from] item: Leftovers
|-heal|p1a: Ferro|100/100|[from] item: Leftovers
|upkeep
|turn|9
|
|t:|1639931077
|switch|p1a: Lando|Landorus-Therian, M|96/100
|-damage|p1a: Lando|83/100|[from] Stealth Rock
|-ability|p1a: Lando|Intimidate|boost
|-unboost|p2a: Heatran|atk|1
|move|p2a: Heatran|Earth Power|p1a: Lando
|-immune|p1a: Lando
|
|-heal|p1a: Lando|90/100|[from] item: Leftovers
|-heal|p2a: Heatran|100/100|[from] item: Leftovers
|upkeep
|turn|10
|c|☆beastyj157|k
|
|t:|1639931086
|switch|p2a: Landorus|Landorus-Therian, M|94/100 tox
|-damage|p2a: Landorus|82/100 tox|[from] Stealth Rock
|-ability|p2a: Landorus|Intimidate|boost
|-unboost|p1a: Lando|atk|1
|move|p1a: Lando|Earthquake|p2a: Landorus
|-immune|p2a: Landorus
|
|-heal|p1a: Lando|96/100|[from] item: Leftovers
|-heal|p2a: Landorus|88/100 tox|[from] item: Leftovers
|-damage|p2a: Landorus|82/100 tox|[from] psn
|upkeep
|turn|11
|
|t:|1639931089
|move|p1a: Lando|U-turn|p2a: Landorus
|-resisted|p2a: Landorus
|-damage|p2a: Landorus|75/100 tox
|
|t:|1639931092
|switch|p1a: Ferro|Ferrothorn, F|100/100|[from]move: U-turn
|-damage|p1a: Ferro|94/100|[from] Stealth Rock
|move|p2a: Landorus|U-turn|p1a: Ferro
|-damage|p1a: Ferro|81/100
|-damage|p2a: Landorus|63/100 tox|[from] ability: Iron Barbs|[of] p1a: Ferro
|
|t:|1639931095
|switch|p2a: Heatran|Heatran, F|100/100|[from]move: U-turn
|-damage|p2a: Heatran|88/100|[from] Stealth Rock
|
|-heal|p2a: Heatran|94/100|[from] item: Leftovers
|-heal|p1a: Ferro|87/100|[from] item: Leftovers
|upkeep
|turn|12
|
|t:|1639931107
|switch|p1a: Dpult|Dragapult, M|100/100
|-damage|p1a: Dpult|88/100|[from] Stealth Rock
|move|p2a: Heatran|Magma Storm|p1a: Dpult
|-resisted|p1a: Dpult
|-damage|p1a: Dpult|58/100
|-activate|p1a: Dpult|move: Magma Storm|[of] p2a: Heatran
|
|-heal|p2a: Heatran|100/100|[from] item: Leftovers
|-damage|p1a: Dpult|46/100|[from] move: Magma Storm|[partiallytrapped]
|upkeep
|turn|13
|
|t:|1639931118
|switch|p1a: Lando|Landorus-Therian, M|96/100
|-damage|p1a: Lando|83/100|[from] Stealth Rock
|-ability|p1a: Lando|Intimidate|boost
|-unboost|p2a: Heatran|atk|1
|move|p2a: Heatran|Magma Storm|p1a: Lando
|-damage|p1a: Lando|47/100
|-activate|p1a: Lando|move: Magma Storm|[of] p2a: Heatran
|
|-heal|p1a: Lando|53/100|[from] item: Leftovers
|-damage|p1a: Lando|41/100|[from] move: Magma Storm|[partiallytrapped]
|upkeep
|turn|14
|
|t:|1639931125
|switch|p2a: Slowbro|Slowbro, F|100/100
|move|p1a: Lando|Earthquake|p2a: Slowbro
|-damage|p2a: Slowbro|68/100
|
|-heal|p1a: Lando|47/100|[from] item: Leftovers
|-end|p1a: Lando|Magma Storm|[partiallytrapped]|[silent]
|upkeep
|turn|15
|
|t:|1639931130
|move|p1a: Lando|Toxic|p2a: Slowbro
|-status|p2a: Slowbro|tox
|move|p2a: Slowbro|Teleport|p2a: Slowbro
|
|t:|1639931135
|switch|p2a: Weavile|Weavile, F|100/100|[from]move: Teleport
|-ability|p2a: Weavile|Pressure
|
|-heal|p1a: Lando|53/100|[from] item: Leftovers
|upkeep
|turn|16
|
|t:|1639931140
|move|p2a: Weavile|Triple Axel|p1a: Lando|[miss]
|-miss|p2a: Weavile|p1a: Lando
|move|p1a: Lando|U-turn|p2a: Weavile
|-supereffective|p2a: Weavile
|-damage|p2a: Weavile|30/100
|c|☆Small Owl|Ur better man
|c|☆beastyj157|unlucky
|c|☆Small Owl|this lando shoulda died 3x by now
|j| Invisible flame
|
|t:|1639931164
|switch|p1a: Ferro|Ferrothorn, F|87/100|[from]move: U-turn
|-damage|p1a: Ferro|81/100|[from] Stealth Rock
|
|-heal|p1a: Ferro|87/100|[from] item: Leftovers
|upkeep
|turn|17
|
|t:|1639931167
|switch|p2a: Heatran|Heatran, F|100/100
|-damage|p2a: Heatran|88/100|[from] Stealth Rock
|move|p1a: Ferro|Body Press|p2a: Heatran
|-supereffective|p2a: Heatran
|-damage|p2a: Heatran|35/100
|
|-heal|p2a: Heatran|41/100|[from] item: Leftovers
|-heal|p1a: Ferro|93/100|[from] item: Leftovers
|upkeep
|turn|18
|c|☆beastyj157|do dont hit storms
|c|☆beastyj157|dare you
|c|☆Small Owl|Just go tran lol
|c|☆Small Owl|with ur weird conditioning
|c|☆beastyj157|bruh no
|inactive|beastyj157 has 120 seconds left.
|c|☆Small Owl|You don’t die
|c|☆Small Owl|to 1 E
|
|t:|1639931203
|move|p2a: Heatran|Magma Storm|p1a: Ferro
|-supereffective|p1a: Ferro
|-damage|p1a: Ferro|0 fnt
|faint|p1a: Ferro
|
|-heal|p2a: Heatran|47/100|[from] item: Leftovers
|upkeep
|c|☆Small Owl|P
|c|☆beastyj157|oisdfjsfdmnsklfnfds
|
|t:|1639931217
|switch|p1a: Lando|Landorus-Therian, M|53/100
|-damage|p1a: Lando|41/100|[from] Stealth Rock
|-ability|p1a: Lando|Intimidate|boost
|-unboost|p2a: Heatran|atk|1
|turn|19
|
|t:|1639931220
|move|p1a: Lando|Earthquake|p2a: Heatran
|-supereffective|p2a: Heatran
|-damage|p2a: Heatran|0 fnt
|faint|p2a: Heatran
|
|-heal|p1a: Lando|47/100|[from] item: Leftovers
|upkeep
|
|t:|1639931222
|switch|p2a: Weavile|Weavile, F|30/100
|-ability|p2a: Weavile|Pressure
|turn|20
|
|t:|1639931228
|switch|p1a: Tran|Heatran, M|100/100
|-damage|p1a: Tran|88/100|[from] Stealth Rock
|move|p2a: Weavile|Triple Axel|p1a: Tran
|-resisted|p1a: Tran
|-damage|p1a: Tran|86/100
|-resisted|p1a: Tran
|-damage|p1a: Tran|82/100
|-resisted|p1a: Tran
|-damage|p1a: Tran|75/100
|-hitcount|p1a: Tran|3
|
|-heal|p1a: Tran|82/100|[from] item: Leftovers
|upkeep
|turn|21
|
|t:|1639931231
|switch|p2a: Slowbro|Slowbro, F|100/100 tox
|move|p1a: Tran|Magma Storm|p2a: Slowbro
|-resisted|p2a: Slowbro
|-damage|p2a: Slowbro|84/100 tox
|-activate|p2a: Slowbro|move: Magma Storm|[of] p1a: Tran
|
|-heal|p1a: Tran|88/100|[from] item: Leftovers
|-damage|p2a: Slowbro|78/100 tox|[from] psn
|-damage|p2a: Slowbro|66/100 tox|[from] move: Magma Storm|[partiallytrapped]
|upkeep
|turn|22
|
|t:|1639931235
|move|p1a: Tran|Taunt|p2a: Slowbro
|-start|p2a: Slowbro|move: Taunt
|cant|p2a: Slowbro|move: Taunt|Teleport
|
|-heal|p1a: Tran|94/100|[from] item: Leftovers
|-damage|p2a: Slowbro|54/100 tox|[from] psn
|-damage|p2a: Slowbro|41/100 tox|[from] move: Magma Storm|[partiallytrapped]
|upkeep
|turn|23
|
|t:|1639931240
|move|p1a: Tran|Earth Power|p2a: Slowbro
|-damage|p2a: Slowbro|20/100 tox
|move|p2a: Slowbro|Scald|p1a: Tran
|-supereffective|p1a: Tran
|-damage|p1a: Tran|62/100
|
|-heal|p1a: Tran|69/100|[from] item: Leftovers
|-damage|p2a: Slowbro|2/100 tox|[from] psn
|-damage|p2a: Slowbro|0 fnt|[from] move: Magma Storm|[partiallytrapped]
|faint|p2a: Slowbro
|upkeep
|
|t:|1639931243
|switch|p2a: Buzzwole|Buzzwole|90/100 par
|-damage|p2a: Buzzwole|77/100 par|[from] Stealth Rock
|turn|24
|
|t:|1639931246
|move|p1a: Tran|Magma Storm|p2a: Buzzwole
|-supereffective|p2a: Buzzwole
|-damage|p2a: Buzzwole|0 fnt
|faint|p2a: Buzzwole
|
|-heal|p1a: Tran|75/100|[from] item: Leftovers
|upkeep
|c|☆beastyj157|i dont miss
|c|☆beastyj157|pure skill
|c|☆beastyj157|jk
|-message|Small Owl forfeited.
|
|win|beastyj157
|raw|beastyj157's rating: 1597 &rarr; <strong>1622</strong><br />(+25 for winning)
|raw|Small Owl's rating: 1690 &rarr; <strong>1665</strong><br />(-25 for losing)
|c|☆Small Owl|wp you’re better
|l|☆beastyj157
|c|☆Small Owl|It seems
