|j|☆wsdfg
|j|☆Fierenzio
|t:|1606922027
|player|p1|wsdfg|burglar|1701
|player|p2|Fierenzio|darach|1706
|teamsize|p1|6
|teamsize|p2|6
|gametype|singles
|gen|8
|tier|[Gen 8] OU
|rated|
|clearpoke
|poke|p1|Pheromosa|
|poke|p1|Toxapex, M|
|poke|p1|Garchomp, M|
|poke|p1|Clefable, M|
|poke|p1|Magnezone|
|poke|p1|Mandibuzz, F|
|poke|p2|Slowking-Galar, F|
|poke|p2|Urshifu-*, F|
|poke|p2|Landorus-Therian, M|
|poke|p2|Pheromosa|
|poke|p2|Clefable, M|
|poke|p2|Heatran, M|
|rule|Sleep Clause Mod: Limit one foe put to sleep
|rule|Species Clause: Limit one of each Pokémon
|rule|OHKO Clause: OHKO moves are banned
|rule|Evasion Moves Clause: Evasion moves are banned
|rule|Endless Battle Clause: Forcing endless battles is banned
|rule|HP Percentage Mod: HP is shown in percentages
|rule|Dynamax Clause: You cannot dynamax
|teampreview
|
|t:|1606922075
|start
|switch|p1a: Pheromosa|Pheromosa|100/100
|switch|p2a: Slowking|Slowking-Galar, F|100/100
|turn|1
|j| Zombini62
|j| legendaryninjadude
|j| Trappedzz
|j| Galiper FS
|j| vepp
|
|t:|1606922110
|move|p1a: Pheromosa|U-turn|p2a: Slowking
|-damage|p2a: Slowking|60/100
|j| GrinNma
|
|t:|1606922113
|switch|p1a: Mandibuzz|Mandibuzz, F|100/100|[from]move: U-turn
|move|p2a: Slowking|Flamethrower|p1a: Mandibuzz
|-damage|p1a: Mandibuzz|86/100
|
|upkeep
|turn|2
|l| GrinNma
|j| wrfw
|l| Zombini62
|l| legendaryninjadude
|
|t:|1606922146
|switch|p2a: Clefable|Clefable, M|100/100
|move|p1a: Mandibuzz|U-turn|p2a: Clefable
|-resisted|p2a: Clefable
|-damage|p2a: Clefable|95/100
|
|t:|1606922172
|switch|p1a: Magnezone|Magnezone|100/100|[from]move: U-turn
|
|-heal|p2a: Clefable|100/100|[from] item: Leftovers
|upkeep
|turn|3
|
|t:|1606922180
|switch|p2a: Slowking|Slowking-Galar, F|93/100
|move|p1a: Magnezone|Volt Switch|p2a: Slowking
|-damage|p2a: Slowking|58/100
|
|t:|1606922187
|switch|p1a: Garchomp|Garchomp, M|100/100|[from]move: Volt Switch
|
|upkeep
|turn|4
|
|t:|1606922193
|switch|p2a: Landorus|Landorus-Therian, M|100/100
|-ability|p2a: Landorus|Intimidate|boost
|-unboost|p1a: Garchomp|atk|1
|move|p1a: Garchomp|Swords Dance|p1a: Garchomp
|-boost|p1a: Garchomp|atk|2
|
|upkeep
|turn|5
|
|t:|1606922200
|move|p1a: Garchomp|Scale Shot|p2a: Landorus
|-damage|p2a: Landorus|83/100
|-damage|p2a: Landorus|65/100
|-damage|p2a: Landorus|46/100
|-damage|p2a: Landorus|28/100
|-hitcount|p2a: Landorus|4
|-unboost|p1a: Garchomp|def|1
|-boost|p1a: Garchomp|spe|1
|-damage|p1a: Garchomp|91/100|[from] item: Life Orb
|move|p2a: Landorus|Earthquake|p1a: Garchomp
|-damage|p1a: Garchomp|22/100
|
|-heal|p2a: Landorus|34/100|[from] item: Leftovers
|upkeep
|turn|6
|j| Vessev
|j| fbsiakdkf
|
|t:|1606922220
|switch|p2a: Clefable|Clefable, M|100/100
|move|p1a: Garchomp|Scale Shot|p2a: Clefable
|-immune|p2a: Clefable
|
|upkeep
|turn|7
|
|t:|1606922232
|switch|p2a: Landorus|Landorus-Therian, M|34/100
|-ability|p2a: Landorus|Intimidate|boost
|-unboost|p1a: Garchomp|atk|1
|move|p1a: Garchomp|Earthquake|p2a: Landorus
|-immune|p2a: Landorus
|
|-heal|p2a: Landorus|40/100|[from] item: Leftovers
|upkeep
|turn|8
|
|t:|1606922242
|move|p1a: Garchomp|Scale Shot|p2a: Landorus
|-damage|p2a: Landorus|29/100
|-damage|p2a: Landorus|16/100
|-hitcount|p2a: Landorus|2
|-unboost|p1a: Garchomp|def|1
|-boost|p1a: Garchomp|spe|1
|-damage|p1a: Garchomp|12/100|[from] item: Life Orb
|move|p2a: Landorus|Earthquake|p1a: Garchomp
|-damage|p1a: Garchomp|0 fnt
|faint|p1a: Garchomp
|
|-heal|p2a: Landorus|22/100|[from] item: Leftovers
|upkeep
|j| Caramella666
|
|t:|1606922247
|switch|p1a: Pheromosa|Pheromosa|100/100
|turn|9
|
|t:|1606922262
|switch|p2a: Heatran|Heatran, M|100/100
|move|p1a: Pheromosa|U-turn|p2a: Heatran
|-resisted|p2a: Heatran
|-damage|p2a: Heatran|89/100
|
|t:|1606922268
|switch|p1a: Magnezone|Magnezone|100/100|[from]move: U-turn
|
|-heal|p2a: Heatran|96/100|[from] item: Leftovers
|upkeep
|turn|10
|
|t:|1606922277
|move|p1a: Magnezone|Volt Switch|p2a: Heatran
|-damage|p2a: Heatran|53/100
|j| Trailblazer324
|
|t:|1606922283
|switch|p1a: Clefable|Clefable, M|100/100|[from]move: Volt Switch
|move|p2a: Heatran|Magma Storm|p1a: Clefable
|-damage|p1a: Clefable|63/100
|-activate|p1a: Clefable|move: Magma Storm|[of] p2a: Heatran
|
|-heal|p2a: Heatran|59/100|[from] item: Leftovers
|-heal|p1a: Clefable|69/100|[from] item: Leftovers
|upkeep
|turn|11
|
|t:|1606922288
|move|p2a: Heatran|Taunt|p1a: Clefable
|-start|p1a: Clefable|move: Taunt
|cant|p1a: Clefable|move: Taunt|Soft-Boiled
|
|-heal|p2a: Heatran|65/100|[from] item: Leftovers
|-heal|p1a: Clefable|75/100|[from] item: Leftovers
|upkeep
|turn|12
|
|t:|1606922290
|move|p2a: Heatran|Flash Cannon|p1a: Clefable
|-supereffective|p1a: Clefable
|-damage|p1a: Clefable|11/100
|move|p1a: Clefable|Moonblast|p2a: Heatran
|-resisted|p2a: Heatran
|-damage|p2a: Heatran|60/100
|-unboost|p2a: Heatran|spa|1
|
|-heal|p2a: Heatran|66/100|[from] item: Leftovers
|-heal|p1a: Clefable|18/100|[from] item: Leftovers
|upkeep
|turn|13
|l| Trailblazer324
|
|t:|1606922295
|move|p2a: Heatran|Flash Cannon|p1a: Clefable
|-supereffective|p1a: Clefable
|-damage|p1a: Clefable|0 fnt
|faint|p1a: Clefable
|
|-heal|p2a: Heatran|72/100|[from] item: Leftovers
|upkeep
|
|t:|1606922299
|switch|p1a: Pheromosa|Pheromosa|100/100
|turn|14
|
|t:|1606922308
|switch|p2a: Clefable|Clefable, M|100/100
|move|p1a: Pheromosa|U-turn|p2a: Clefable
|-resisted|p2a: Clefable
|-damage|p2a: Clefable|69/100
|
|t:|1606922311
|switch|p1a: Magnezone|Magnezone|100/100|[from]move: U-turn
|
|-heal|p2a: Clefable|75/100|[from] item: Leftovers
|upkeep
|turn|15
|
|t:|1606922325
|switch|p2a: Landorus|Landorus-Therian, M|22/100
|-ability|p2a: Landorus|Intimidate|boost
|-unboost|p1a: Magnezone|atk|1
|move|p1a: Magnezone|Thunderbolt|p2a: Landorus
|-immune|p2a: Landorus
|
|-heal|p2a: Landorus|28/100|[from] item: Leftovers
|upkeep
|turn|16
|-message|wsdfg forfeited.
|
|win|Fierenzio
|l|☆wsdfg
|l| fbsiakdkf
|l| wrfw
|j| Qiyaxu
|l| Galiper FS
|l| Trappedzz
|l| Vessev
|l| Caramella666
||Ladder (probably) updated, but score could not be retrieved (Request timeout).
