|raw|<div class="broadcast-blue"><strong>This battle is required to be public due to a player having a name starting with 'lt81yl'.</div>
|j|☆Plasmeek
|j|☆LT81YL Storm
|t:|1625308833
|gametype|singles
|player|p1|Plasmeek|youngster-gen4dp|1884
|player|p2|LT81YL Storm|darach|1921
|teamsize|p1|6
|teamsize|p2|6
|gen|8
|tier|[Gen 8] OU
|rated|
|rule|Sleep Clause Mod: Limit one foe put to sleep
|rule|Species Clause: Limit one of each Pokémon
|rule|OHKO Clause: OHKO moves are banned
|rule|Evasion Moves Clause: Evasion moves are banned
|rule|Endless Battle Clause: Forcing endless battles is banned
|rule|HP Percentage Mod: HP is shown in percentages
|rule|Dynamax Clause: You cannot dynamax
|clearpoke
|poke|p1|Slowking-Galar, M|
|poke|p1|Buzzwole|
|poke|p1|Ferrothorn, M|
|poke|p1|Hippowdon, M|
|poke|p1|Zeraora|
|poke|p1|Tornadus-Therian, M|
|poke|p2|Landorus-Therian, M|
|poke|p2|Heatran, M|
|poke|p2|Zeraora|
|poke|p2|Tornadus-Therian, M|
|poke|p2|Mew|
|poke|p2|Tapu Fini|
|teampreview
|j| BurstSpam
|j| aimcrazygirl
|c|☆Plasmeek|hf
|c|☆LT81YL Storm|hf
|j| xray
|j| The ABC Murders
|j| Fostyyminaj
|j| Zoro666
|
|t:|1625308890
|start
|switch|p1a: Hippowdon|Hippowdon, M|100/100
|switch|p2a: Enten|Landorus-Therian, M, shiny|100/100
|-ability|p2a: Enten|Intimidate|boost
|-unboost|p1a: Hippowdon|atk|1
|-weather|Sandstorm|[from] ability: Sand Stream|[of] p1a: Hippowdon
|turn|1
|
|t:|1625308897
|move|p2a: Enten|Toxic|p1a: Hippowdon
|-status|p1a: Hippowdon|tox
|move|p1a: Hippowdon|Toxic|p2a: Enten
|-status|p2a: Enten|tox
|
|-weather|Sandstorm|[upkeep]
|-damage|p2a: Enten|94/100 tox|[from] psn
|-damage|p1a: Hippowdon|94/100 tox|[from] psn
|upkeep
|turn|2
|
|t:|1625308902
|move|p2a: Enten|Stealth Rock|p1a: Hippowdon
|-sidestart|p1: Plasmeek|move: Stealth Rock
|move|p1a: Hippowdon|Stealth Rock|p2a: Enten
|-sidestart|p2: LT81YL Storm|move: Stealth Rock
|
|-weather|Sandstorm|[upkeep]
|-heal|p2a: Enten|100/100 tox|[from] item: Leftovers
|-heal|p1a: Hippowdon|100/100 tox|[from] item: Leftovers
|-damage|p2a: Enten|88/100 tox|[from] psn
|-damage|p1a: Hippowdon|88/100 tox|[from] psn
|upkeep
|turn|3
|j| lt81ylpradhaaan
|
|t:|1625308908
|switch|p1a: Tornadus|Tornadus-Therian, M|100/100
|move|p2a: Enten|U-turn|p1a: Tornadus
|-resisted|p1a: Tornadus
|-damage|p1a: Tornadus|88/100
|
|t:|1625308911
|switch|p2a: Zephyr|Zeraora, shiny|100/100|[from]move: U-turn
|
|-weather|Sandstorm|[upkeep]
|-damage|p2a: Zephyr|95/100|[from] Sandstorm
|-damage|p1a: Tornadus|82/100|[from] Sandstorm
|upkeep
|turn|4
|
|t:|1625308916
|switch|p1a: Buzzwole|Buzzwole|100/100
|-damage|p1a: Buzzwole|88/100|[from] Stealth Rock
|move|p2a: Zephyr|Knock Off|p1a: Buzzwole
|-resisted|p1a: Buzzwole
|-damage|p1a: Buzzwole|80/100
|-enditem|p1a: Buzzwole|Rock Incense|[from] move: Knock Off|[of] p2a: Zephyr
|
|-weather|Sandstorm|[upkeep]
|-damage|p2a: Zephyr|89/100|[from] Sandstorm
|-damage|p1a: Buzzwole|73/100|[from] Sandstorm
|upkeep
|turn|5
|j| regnite ◕‿◕
|j| vxqdfgsgd
|c|☆Plasmeek|oops
|j| LT81YL HAX
|c|☆LT81YL Storm|was supposed to be helm
|c|☆LT81YL Storm|right?
|c|☆Plasmeek|yh
|j| Kostac
|j| egalvanc
|j|+talah☭
|
|t:|1625308952
|move|p2a: Zephyr|Volt Switch|p1a: Buzzwole
|-damage|p1a: Buzzwole|44/100
|
|t:|1625308955
|switch|p2a: Fujin|Tornadus-Therian, M, shiny|100/100|[from]move: Volt Switch
|move|p1a: Buzzwole|Roost|p1a: Buzzwole
|-heal|p1a: Buzzwole|95/100
|-singleturn|p1a: Buzzwole|move: Roost
|
|-weather|none
|upkeep
|turn|6
|
|t:|1625308967
|switch|p1a: Ferrothorn|Ferrothorn, M|100/100
|-damage|p1a: Ferrothorn|94/100|[from] Stealth Rock
|move|p2a: Fujin|Knock Off|p1a: Ferrothorn
|-damage|p1a: Ferrothorn|80/100
|-damage|p2a: Fujin|88/100|[from] ability: Iron Barbs|[of] p1a: Ferrothorn
|-enditem|p1a: Ferrothorn|Leftovers|[from] move: Knock Off|[of] p2a: Fujin
|
|upkeep
|turn|7
|j| LT81YL Ron
|
|t:|1625308975
|move|p2a: Fujin|U-turn|p1a: Ferrothorn
|-damage|p1a: Ferrothorn|68/100
|-damage|p2a: Fujin|76/100|[from] ability: Iron Barbs|[of] p1a: Ferrothorn
|
|t:|1625308976
|switch|p2a: Chaos|Heatran, M, shiny|100/100|[from]move: U-turn
|-damage|p2a: Chaos|88/100|[from] Stealth Rock
|move|p1a: Ferrothorn|Knock Off|p2a: Chaos
|-damage|p2a: Chaos|76/100
|-damage|p1a: Ferrothorn|51/100|[from] item: Rocky Helmet|[of] p2a: Chaos
|-enditem|p2a: Chaos|Rocky Helmet|[from] move: Knock Off|[of] p1a: Ferrothorn
|
|upkeep
|turn|8
|
|t:|1625308990
|switch|p1a: Slowking|Slowking-Galar, M|100/100
|-damage|p1a: Slowking|88/100|[from] Stealth Rock
|move|p2a: Chaos|Iron Defense|p2a: Chaos
|-boost|p2a: Chaos|def|2
|
|upkeep
|turn|9
|j| Kay9ine1
|j| 0zorcNecropHADES
|c| 0zorcNecropHADES|hey zone
|c| 0zorcNecropHADES|gl
|
|t:|1625309010
|move|p2a: Chaos|Magma Storm|p1a: Slowking
|-damage|p1a: Slowking|70/100
|-activate|p1a: Slowking|move: Magma Storm|[of] p2a: Chaos
|move|p1a: Slowking|Earthquake|p2a: Chaos
|-supereffective|p2a: Chaos
|-damage|p2a: Chaos|54/100
|
|-damage|p1a: Slowking|57/100|[from] move: Magma Storm|[partiallytrapped]
|upkeep
|turn|10
|c| 0zorcNecropHADES|iron defense tran
|
|t:|1625309046
|move|p2a: Chaos|Iron Defense|p2a: Chaos
|-boost|p2a: Chaos|def|2
|move|p1a: Slowking|Earthquake|p2a: Chaos
|-supereffective|p2a: Chaos
|-damage|p2a: Chaos|39/100
|
|-damage|p1a: Slowking|45/100|[from] move: Magma Storm|[partiallytrapped]
|upkeep
|turn|11
|
|t:|1625309061
|move|p2a: Chaos|Taunt|p1a: Slowking
|-start|p1a: Slowking|move: Taunt
|move|p1a: Slowking|Future Sight|p2a: Chaos
|-start|p1a: Slowking|move: Future Sight
|
|-damage|p1a: Slowking|32/100|[from] move: Magma Storm|[partiallytrapped]
|upkeep
|turn|12
|
|t:|1625309081
|move|p2a: Chaos|Magma Storm|p1a: Slowking|[miss]
|-miss|p2a: Chaos|p1a: Slowking
|move|p1a: Slowking|Earthquake|p2a: Chaos
|-supereffective|p2a: Chaos
|-damage|p2a: Chaos|25/100
|
|-damage|p1a: Slowking|20/100|[from] move: Magma Storm|[partiallytrapped]
|upkeep
|turn|13
|
|t:|1625309087
|move|p2a: Chaos|Magma Storm|p1a: Slowking|[miss]
|-miss|p2a: Chaos|p1a: Slowking
|move|p1a: Slowking|Earthquake|p2a: Chaos
|-supereffective|p2a: Chaos
|-damage|p2a: Chaos|11/100
|
|-end|p2a: Chaos|move: Future Sight
|-resisted|p2a: Chaos
|-damage|p2a: Chaos|0 fnt
|faint|p2a: Chaos
|-end|p1a: Slowking|Magma Storm|[partiallytrapped]|[silent]
|-end|p1a: Slowking|move: Taunt
|upkeep
|c| aimcrazygirl|nice set
|j|+playerW17
|c|☆Plasmeek|mb
|j| LT81YL Romeo3
|c| aimcrazygirl|i like it
|l| regnite ◕‿◕
|c| 0zorcNecropHADES|would use leftovers
|c| 0zorcNecropHADES|tho
|
|t:|1625309125
|switch|p2a: Fujin|Tornadus-Therian, M, shiny|100/100
|turn|14
|
|t:|1625309133
|switch|p1a: Tornadus|Tornadus-Therian, M|100/100
|move|p2a: Fujin|Knock Off|p1a: Tornadus
|-damage|p1a: Tornadus|78/100
|-enditem|p1a: Tornadus|Heavy-Duty Boots|[from] move: Knock Off|[of] p2a: Fujin
|
|upkeep
|turn|15
|l|lt81ylhax
|j| Toxabelle
|
|t:|1625309171
|move|p2a: Fujin|Hurricane|p1a: Tornadus
|-damage|p1a: Tornadus|39/100
|-start|p1a: Tornadus|confusion
|-activate|p1a: Tornadus|confusion
|move|p1a: Tornadus|Hurricane|p2a: Fujin
|-damage|p2a: Fujin|57/100
|
|upkeep
|turn|16
|
|t:|1625309181
|switch|p1a: Zeraora|Zeraora|100/100
|move|p2a: Fujin|U-turn|p1a: Zeraora
|-damage|p1a: Zeraora|79/100
|
|t:|1625309187
|switch|p2a: Zephyr|Zeraora, shiny|89/100|[from]move: U-turn
|
|upkeep
|turn|17
|
|t:|1625309195
|switch|p1a: Buzzwole|Buzzwole|95/100
|-damage|p1a: Buzzwole|82/100|[from] Stealth Rock
|move|p2a: Zephyr|Knock Off|p1a: Buzzwole
|-resisted|p1a: Buzzwole
|-damage|p1a: Buzzwole|76/100
|
|upkeep
|turn|18
|
|t:|1625309209
|move|p2a: Zephyr|Volt Switch|p1a: Buzzwole
|-damage|p1a: Buzzwole|45/100
|j| gayniggg
|
|t:|1625309219
|switch|p2a: Fujin|Tornadus-Therian, M, shiny|91/100|[from]move: Volt Switch
|move|p1a: Buzzwole|Ice Punch|p2a: Fujin
|-supereffective|p2a: Fujin
|-damage|p2a: Fujin|28/100
|
|upkeep
|turn|19
|j| leetimvs
|j| slainey
|
|t:|1625309235
|switch|p1a: Tornadus|Tornadus-Therian, M|72/100
|-damage|p1a: Tornadus|47/100|[from] Stealth Rock
|move|p2a: Fujin|U-turn|p1a: Tornadus
|-resisted|p1a: Tornadus
|-damage|p1a: Tornadus|39/100
|
|t:|1625309241
|switch|p2a: Zephyr|Zeraora, shiny|89/100|[from]move: U-turn
|
|upkeep
|turn|20
|
|t:|1625309246
|switch|p1a: Hippowdon|Hippowdon, M|88/100 tox
|-damage|p1a: Hippowdon|82/100 tox|[from] Stealth Rock
|-weather|Sandstorm|[from] ability: Sand Stream|[of] p1a: Hippowdon
|move|p2a: Zephyr|Knock Off|p1a: Hippowdon
|-damage|p1a: Hippowdon|61/100 tox
|-enditem|p1a: Hippowdon|Leftovers|[from] move: Knock Off|[of] p2a: Zephyr
|
|-weather|Sandstorm|[upkeep]
|-damage|p2a: Zephyr|83/100|[from] Sandstorm
|-damage|p1a: Hippowdon|55/100 tox|[from] psn
|upkeep
|turn|21
|l| leetimvs
|
|t:|1625309253
|switch|p2a: Raven|Tapu Fini, shiny|100/100
|-damage|p2a: Raven|88/100|[from] Stealth Rock
|-fieldstart|move: Misty Terrain|[from] ability: Misty Surge|[of] p2a: Raven
|move|p1a: Hippowdon|Slack Off|p1a: Hippowdon
|-heal|p1a: Hippowdon|100/100 tox
|
|-weather|Sandstorm|[upkeep]
|-damage|p2a: Raven|82/100|[from] Sandstorm
|-heal|p2a: Raven|88/100|[from] item: Leftovers
|-damage|p1a: Hippowdon|88/100 tox|[from] psn
|upkeep
|turn|22
|j| blessed days
|
|t:|1625309261
|switch|p1a: Slowking|Slowking-Galar, M|53/100
|-damage|p1a: Slowking|41/100|[from] Stealth Rock
|move|p2a: Raven|Surf|p1a: Slowking
|-damage|p1a: Slowking|28/100
|
|-weather|Sandstorm|[upkeep]
|-damage|p2a: Raven|82/100|[from] Sandstorm
|-damage|p1a: Slowking|22/100|[from] Sandstorm
|-heal|p2a: Raven|88/100|[from] item: Leftovers
|upkeep
|turn|23
|
|t:|1625309268
|move|p2a: Raven|Calm Mind|p2a: Raven
|-boost|p2a: Raven|spa|1
|-boost|p2a: Raven|spd|1
|move|p1a: Slowking|Sludge Bomb|p2a: Raven
|-supereffective|p2a: Raven
|-damage|p2a: Raven|51/100
|
|-weather|Sandstorm|[upkeep]
|-damage|p2a: Raven|45/100|[from] Sandstorm
|-damage|p1a: Slowking|16/100|[from] Sandstorm
|-heal|p2a: Raven|51/100|[from] item: Leftovers
|upkeep
|turn|24
|
|t:|1625309274
|switch|p1a: Ferrothorn|Ferrothorn, M|51/100
|-damage|p1a: Ferrothorn|45/100|[from] Stealth Rock
|move|p2a: Raven|Surf|p1a: Ferrothorn
|-resisted|p1a: Ferrothorn
|-damage|p1a: Ferrothorn|30/100
|
|-weather|none
|-heal|p2a: Raven|57/100|[from] item: Leftovers
|upkeep
|turn|25
|
|t:|1625309278
|move|p2a: Raven|Taunt|p1a: Ferrothorn
|-start|p1a: Ferrothorn|move: Taunt
|move|p1a: Ferrothorn|Knock Off|p2a: Raven
|-resisted|p2a: Raven
|-damage|p2a: Raven|50/100
|-enditem|p2a: Raven|Leftovers|[from] move: Knock Off|[of] p1a: Ferrothorn
|
|-fieldend|Misty Terrain
|upkeep
|turn|26
|j| garbos
|l| garbos
|
|t:|1625309291
|switch|p1a: Slowking|Slowking-Galar, M|49/100
|-damage|p1a: Slowking|37/100|[from] Stealth Rock
|move|p2a: Raven|Surf|p1a: Slowking
|-damage|p1a: Slowking|16/100
|
|upkeep
|turn|27
|c|+playerW17|!dt rock incense
|raw|<ul class="utilichart"><li class="result"><span class="col itemiconcol"><psicon item="rockincense"></span> <span class="col namecol"><a href="https://dex.pokemonshowdown.com/items/rockincense">Rock Incense</a></span> <span class="col itemdesccol">Holder's Rock-type attacks have 1.2x power.</span> </li><li style="clear:both"></li></ul>
|raw|<font size="1"><font color="#686868">Gen:</font> 4&nbsp;|&ThickSpace;<font color="#686868">Fling Base Power:</font> 10</font>

|c|+playerW17|Wtf
|
|t:|1625309313
|switch|p1a: Ferrothorn|Ferrothorn, M|30/100
|-damage|p1a: Ferrothorn|24/100|[from] Stealth Rock
|move|p2a: Raven|Surf|p1a: Ferrothorn
|-resisted|p1a: Ferrothorn
|-damage|p1a: Ferrothorn|9/100
|
|upkeep
|turn|28
|
|t:|1625309319
|move|p2a: Raven|Surf|p1a: Ferrothorn
|-resisted|p1a: Ferrothorn
|-damage|p1a: Ferrothorn|0 fnt
|faint|p1a: Ferrothorn
|
|upkeep
|
|t:|1625309324
|switch|p1a: Zeraora|Zeraora|79/100
|turn|29
|
|t:|1625309328
|move|p1a: Zeraora|Plasma Fists|p2a: Raven
|-supereffective|p2a: Raven
|-damage|p2a: Raven|0 fnt
|faint|p2a: Raven
|
|upkeep
|
|t:|1625309331
|switch|p2a: Zephyr|Zeraora, shiny|83/100
|turn|30
|
|t:|1625309337
|switch|p1a: Hippowdon|Hippowdon, M|88/100 tox
|-damage|p1a: Hippowdon|82/100 tox|[from] Stealth Rock
|-weather|Sandstorm|[from] ability: Sand Stream|[of] p1a: Hippowdon
|switch|p2a: Fujin|Tornadus-Therian, M, shiny|61/100
|
|-weather|Sandstorm|[upkeep]
|-damage|p2a: Fujin|55/100|[from] Sandstorm
|-damage|p1a: Hippowdon|76/100 tox|[from] psn
|upkeep
|turn|31
|
|t:|1625309347
|move|p2a: Fujin|Hurricane|p1a: Hippowdon|[miss]
|-miss|p2a: Fujin|p1a: Hippowdon
|move|p1a: Hippowdon|Toxic|p2a: Fujin
|-status|p2a: Fujin|tox
|
|-weather|Sandstorm|[upkeep]
|-damage|p2a: Fujin|49/100 tox|[from] Sandstorm
|-damage|p2a: Fujin|43/100 tox|[from] psn
|-damage|p1a: Hippowdon|63/100 tox|[from] psn
|upkeep
|turn|32
|
|t:|1625309351
|move|p2a: Fujin|U-turn|p1a: Hippowdon
|-damage|p1a: Hippowdon|54/100 tox
|
|t:|1625309354
|switch|p2a: Enten|Landorus-Therian, M, shiny|88/100 tox|[from]move: U-turn
|-damage|p2a: Enten|76/100 tox|[from] Stealth Rock
|-ability|p2a: Enten|Intimidate|boost
|-unboost|p1a: Hippowdon|atk|1
|move|p1a: Hippowdon|Slack Off|p1a: Hippowdon
|-heal|p1a: Hippowdon|100/100 tox
|
|-weather|Sandstorm|[upkeep]
|-heal|p2a: Enten|82/100 tox|[from] item: Leftovers
|-damage|p2a: Enten|76/100 tox|[from] psn
|-damage|p1a: Hippowdon|82/100 tox|[from] psn
|upkeep
|turn|33
|
|t:|1625309360
|switch|p1a: Tornadus|Tornadus-Therian, M|72/100
|-damage|p1a: Tornadus|47/100|[from] Stealth Rock
|move|p2a: Enten|U-turn|p1a: Tornadus
|-resisted|p1a: Tornadus
|-damage|p1a: Tornadus|35/100
|
|t:|1625309367
|switch|p2a: Zephyr|Zeraora, shiny|83/100|[from]move: U-turn
|
|-weather|Sandstorm|[upkeep]
|-damage|p2a: Zephyr|77/100|[from] Sandstorm
|-damage|p1a: Tornadus|29/100|[from] Sandstorm
|upkeep
|turn|34
|
|t:|1625309372
|switch|p2a: Fear|Mew, shiny|100/100
|-damage|p2a: Fear|88/100|[from] Stealth Rock
|switch|p1a: Hippowdon|Hippowdon, M|82/100 tox
|-damage|p1a: Hippowdon|76/100 tox|[from] Stealth Rock
|
|-weather|none
|-damage|p1a: Hippowdon|70/100 tox|[from] psn
|upkeep
|turn|35
|l| lt81ylpradhaaan
|
|t:|1625309383
|switch|p1a: Slowking|Slowking-Galar, M|50/100
|-damage|p1a: Slowking|37/100|[from] Stealth Rock
|move|p2a: Fear|Taunt|p1a: Slowking
|-start|p1a: Slowking|move: Taunt
|
|upkeep
|turn|36
|j| RipReckful
|
|t:|1625309405
|move|p2a: Fear|Cosmic Power|p2a: Fear
|-boost|p2a: Fear|def|1
|-boost|p2a: Fear|spd|1
|move|p1a: Slowking|Sludge Bomb|p2a: Fear
|-damage|p2a: Fear|67/100
|-status|p2a: Fear|psn
|-activate|p2a: Fear|ability: Synchronize
|-immune|p1a: Slowking
|
|-damage|p2a: Fear|55/100 psn|[from] psn
|upkeep
|turn|37
|j| IvaraChampionRohan
|
|t:|1625309417
|switch|p1a: Zeraora|Zeraora|79/100
|move|p2a: Fear|Roost|p2a: Fear
|-heal|p2a: Fear|100/100 psn
|-singleturn|p2a: Fear|move: Roost
|
|-damage|p2a: Fear|88/100 psn|[from] psn
|upkeep
|turn|38
|
|t:|1625309421
|move|p1a: Zeraora|Bulk Up|p1a: Zeraora
|-boost|p1a: Zeraora|atk|1
|-boost|p1a: Zeraora|def|1
|move|p2a: Fear|Cosmic Power|p2a: Fear
|-boost|p2a: Fear|def|1
|-boost|p2a: Fear|spd|1
|
|-damage|p2a: Fear|76/100 psn|[from] psn
|upkeep
|turn|39
|
|t:|1625309435
|move|p1a: Zeraora|Plasma Fists|p2a: Fear
|-crit|p2a: Fear
|-damage|p2a: Fear|0 fnt
|faint|p2a: Fear
|
|upkeep
|
|t:|1625309441
|switch|p2a: Enten|Landorus-Therian, M, shiny|76/100 tox
|-damage|p2a: Enten|64/100 tox|[from] Stealth Rock
|-ability|p2a: Enten|Intimidate|boost
|-unboost|p1a: Zeraora|atk|1
|turn|40
|c|☆LT81YL Storm|yoo
|c|☆LT81YL Storm|my luck is awful today
|c|☆LT81YL Storm|rofl
|c|☆Plasmeek|:(
|l| LT81YL Romeo3
|
|t:|1625309462
|switch|p1a: Tornadus|Tornadus-Therian, M|62/100
|-damage|p1a: Tornadus|38/100|[from] Stealth Rock
|move|p2a: Enten|Earthquake|p1a: Tornadus
|-immune|p1a: Tornadus
|
|-heal|p2a: Enten|70/100 tox|[from] item: Leftovers
|-damage|p2a: Enten|64/100 tox|[from] psn
|upkeep
|turn|41
|
|t:|1625309469
|move|p1a: Tornadus|Defog|p2a: Enten
|-unboost|p2a: Enten|evasion|1
|-sideend|p2: LT81YL Storm|Stealth Rock|[from] move: Defog|[of] p1a: Tornadus
|-sideend|p1: Plasmeek|Stealth Rock|[from] move: Defog|[of] p1a: Tornadus
|move|p2a: Enten|U-turn|p1a: Tornadus
|-resisted|p1a: Tornadus
|-damage|p1a: Tornadus|26/100
|
|t:|1625309472
|switch|p2a: Zephyr|Zeraora, shiny|77/100|[from]move: U-turn
|
|upkeep
|turn|42
|
|t:|1625309478
|switch|p2a: Fujin|Tornadus-Therian, M, shiny|76/100 tox
|switch|p1a: Hippowdon|Hippowdon, M|70/100 tox
|-weather|Sandstorm|[from] ability: Sand Stream|[of] p1a: Hippowdon
|
|-weather|Sandstorm|[upkeep]
|-damage|p2a: Fujin|70/100 tox|[from] Sandstorm
|-damage|p2a: Fujin|64/100 tox|[from] psn
|-damage|p1a: Hippowdon|63/100 tox|[from] psn
|upkeep
|turn|43
|
|t:|1625309485
|switch|p1a: Zeraora|Zeraora|79/100
|move|p2a: Fujin|Hurricane|p1a: Zeraora
|-resisted|p1a: Zeraora
|-damage|p1a: Zeraora|53/100
|-start|p1a: Zeraora|confusion
|
|-weather|Sandstorm|[upkeep]
|-damage|p1a: Zeraora|48/100|[from] Sandstorm
|-damage|p2a: Fujin|58/100 tox|[from] Sandstorm
|-damage|p2a: Fujin|46/100 tox|[from] psn
|upkeep
|turn|44
|
|t:|1625309491
|-activate|p1a: Zeraora|confusion
|move|p1a: Zeraora|Knock Off|p2a: Fujin
|-damage|p2a: Fujin|8/100 tox
|-enditem|p2a: Fujin|Heavy-Duty Boots|[from] move: Knock Off|[of] p1a: Zeraora
|move|p2a: Fujin|U-turn|p1a: Zeraora
|-damage|p1a: Zeraora|27/100
|
|t:|1625309496
|switch|p2a: Enten|Landorus-Therian, M, shiny|64/100 tox|[from]move: U-turn
|-ability|p2a: Enten|Intimidate|boost
|-unboost|p1a: Zeraora|atk|1
|
|-weather|Sandstorm|[upkeep]
|-damage|p1a: Zeraora|21/100|[from] Sandstorm
|-heal|p2a: Enten|70/100 tox|[from] item: Leftovers
|-damage|p2a: Enten|64/100 tox|[from] psn
|upkeep
|turn|45
|
|t:|1625309505
|switch|p1a: Tornadus|Tornadus-Therian, M|59/100
|move|p2a: Enten|Stealth Rock|p1a: Tornadus
|-sidestart|p1: Plasmeek|move: Stealth Rock
|
|-weather|Sandstorm|[upkeep]
|-damage|p1a: Tornadus|53/100|[from] Sandstorm
|-heal|p2a: Enten|70/100 tox|[from] item: Leftovers
|-damage|p2a: Enten|58/100 tox|[from] psn
|upkeep
|turn|46
|
|t:|1625309512
|move|p1a: Tornadus|Hurricane|p2a: Enten
|-damage|p2a: Enten|26/100 tox
|move|p2a: Enten|Toxic|p1a: Tornadus
|-status|p1a: Tornadus|tox
|
|-weather|none
|-heal|p2a: Enten|32/100 tox|[from] item: Leftovers
|-damage|p1a: Tornadus|47/100 tox|[from] psn
|-damage|p2a: Enten|14/100 tox|[from] psn
|upkeep
|turn|47
|
|t:|1625309517
|move|p1a: Tornadus|Defog|p2a: Enten
|-unboost|p2a: Enten|evasion|1
|-sideend|p1: Plasmeek|Stealth Rock|[from] move: Defog|[of] p1a: Tornadus
|move|p2a: Enten|Stealth Rock|p1a: Tornadus
|-sidestart|p1: Plasmeek|move: Stealth Rock
|
|-heal|p2a: Enten|20/100 tox|[from] item: Leftovers
|-damage|p1a: Tornadus|34/100 tox|[from] psn
|-damage|p2a: Enten|0 fnt|[from] psn
|faint|p2a: Enten
|upkeep
|
|t:|1625309521
|switch|p2a: Zephyr|Zeraora, shiny|77/100
|turn|48
|
|t:|1625309530
|switch|p1a: Buzzwole|Buzzwole|45/100
|-damage|p1a: Buzzwole|32/100|[from] Stealth Rock
|move|p2a: Zephyr|Close Combat|p1a: Buzzwole
|-resisted|p1a: Buzzwole
|-damage|p1a: Buzzwole|21/100
|-unboost|p2a: Zephyr|def|1
|-unboost|p2a: Zephyr|spd|1
|
|upkeep
|turn|49
|
|t:|1625309535
|move|p2a: Zephyr|Volt Switch|p1a: Buzzwole
|-damage|p1a: Buzzwole|0 fnt
|faint|p1a: Buzzwole
|
|t:|1625309538
|switch|p2a: Fujin|Tornadus-Therian, M, shiny|41/100 tox|[from]move: Volt Switch
|
|-damage|p2a: Fujin|35/100 tox|[from] psn
|upkeep
|
|t:|1625309541
|switch|p1a: Slowking|Slowking-Galar, M|71/100
|-damage|p1a: Slowking|58/100|[from] Stealth Rock
|turn|50
|
|t:|1625309546
|move|p2a: Fujin|Knock Off|p1a: Slowking
|-supereffective|p1a: Slowking
|-damage|p1a: Slowking|18/100
|-enditem|p1a: Slowking|Assault Vest|[from] move: Knock Off|[of] p2a: Fujin
|move|p1a: Slowking|Sludge Bomb|p2a: Fujin
|-damage|p2a: Fujin|0 fnt
|faint|p2a: Fujin
|
|upkeep
|
|t:|1625309548
|switch|p2a: Zephyr|Zeraora, shiny|77/100
|turn|51
|
|t:|1625309552
|move|p2a: Zephyr|Knock Off|p1a: Slowking
|-supereffective|p1a: Slowking
|-damage|p1a: Slowking|0 fnt
|faint|p1a: Slowking
|
|upkeep
|
|t:|1625309556
|switch|p1a: Hippowdon|Hippowdon, M|63/100 tox
|-damage|p1a: Hippowdon|57/100 tox|[from] Stealth Rock
|-weather|Sandstorm|[from] ability: Sand Stream|[of] p1a: Hippowdon
|turn|52
|-message|LT81YL Storm forfeited.
|
|win|Plasmeek
|raw|Plasmeek's rating: 1884 &rarr; <strong>1905</strong><br />(+21 for winning)
|raw|LT81YL Storm's rating: 1895 &rarr; <strong>1874</strong><br />(-21 for losing)
|l|☆LT81YL Storm
|l|☆Plasmeek
|l| gayniggg
|l| Fostyyminaj
