|html|<div class="broadcast-blue"><strong>[Gen 8] OU is currently suspecting Melmetal! For information on how to participate check out the <a href="https://www.smogon.com/forums/threads/np-ss-ou-suspect-process-round-12-monster-mash.3709234/">suspect thread</a>.</strong></div>
|j|☆Aim on mai wei
|j|☆Tzon
|t:|1666082652
|gametype|singles
|player|p1|Aim on mai wei|1|1726
|player|p2|Tzon|cyclist|1737
|teamsize|p1|6
|teamsize|p2|6
|gen|8
|tier|[Gen 8] OU
|rated|
|rule|Sleep Clause Mod: Limit one foe put to sleep
|rule|Species Clause: Limit one of each Pokémon
|rule|OHKO Clause: OHKO moves are banned
|rule|Evasion Items Clause: Evasion items are banned
|rule|Evasion Moves Clause: Evasion moves are banned
|rule|Endless Battle Clause: Forcing endless battles is banned
|rule|HP Percentage Mod: HP is shown in percentages
|rule|Dynamax Clause: You cannot dynamax
|clearpoke
|poke|p1|Ditto|
|poke|p1|Quagsire, F|
|poke|p1|Blissey, F|
|poke|p1|Corviknight, F|
|poke|p1|Dragonite, M|
|poke|p1|Weavile, M|
|poke|p2|Volcanion|
|poke|p2|Ninetales-Alola, F|
|poke|p2|Corviknight, F|
|poke|p2|Arctozolt|
|poke|p2|Landorus-Therian, M|
|poke|p2|Tornadus-Therian, M|
|teampreview
|inactive|Battle timer is ON: inactive players will automatically lose when time's up. (requested by Tzon)
|
|t:|1666082659
|start
|switch|p1a: Blissey|Blissey, F|100/100
|switch|p2a: Tornadus|Tornadus-Therian, M|100/100
|turn|1
|
|t:|1666082665
|move|p2a: Tornadus|U-turn|p1a: Blissey
|-damage|p1a: Blissey|89/100
|
|t:|1666082667
|switch|p2a: Corviknight|Corviknight, F|100/100|[from]move: U-turn
|-ability|p2a: Corviknight|Pressure
|move|p1a: Blissey|Stealth Rock|p2a: Corviknight
|-sidestart|p2: Tzon|move: Stealth Rock
|
|upkeep
|turn|2
|
|t:|1666082675
|switch|p1a: Corviknight|Corviknight, F|100/100
|-ability|p1a: Corviknight|Pressure
|move|p2a: Corviknight|Defog|p1a: Corviknight
|-unboost|p1a: Corviknight|evasion|1
|-sideend|p2: Tzon|Stealth Rock|[from] move: Defog|[of] p2a: Corviknight
|
|upkeep
|turn|3
|j| notmakoworld
|
|t:|1666082686
|move|p1a: Corviknight|U-turn|p2a: Corviknight
|-resisted|p2a: Corviknight
|-damage|p2a: Corviknight|98/100
|-damage|p1a: Corviknight|84/100|[from] item: Rocky Helmet|[of] p2a: Corviknight
|
|t:|1666082692
|switch|p1a: Quagsire|Quagsire, F|100/100|[from]move: U-turn
|move|p2a: Corviknight|U-turn|p1a: Quagsire
|-damage|p1a: Quagsire|91/100
|
|t:|1666082695
|switch|p2a: Ninetales|Ninetales-Alola, F|100/100|[from]move: U-turn
|-weather|Hail|[from] ability: Snow Warning|[of] p2a: Ninetales
|
|-weather|Hail|[upkeep]
|-damage|p1a: Quagsire|85/100|[from] Hail
|-heal|p1a: Quagsire|91/100|[from] item: Leftovers
|upkeep
|turn|4
|
|t:|1666082697
|switch|p2a: Arctozolt|Arctozolt|100/100
|switch|p1a: Blissey|Blissey, F|89/100
|
|-weather|Hail|[upkeep]
|-damage|p1a: Blissey|83/100|[from] Hail
|upkeep
|turn|5
|
|t:|1666082710
|switch|p1a: Ditto|Ditto|100/100
|-transform|p1a: Ditto|p2a: Arctozolt|[from] ability: Imposter
|move|p2a: Arctozolt|Substitute|p2a: Arctozolt
|-start|p2a: Arctozolt|Substitute
|-damage|p2a: Arctozolt|76/100
|
|-weather|Hail|[upkeep]
|-heal|p2a: Arctozolt|82/100|[from] item: Leftovers
|upkeep
|turn|6
|
|t:|1666082736
|move|p1a: Ditto|Low Kick|p2a: Arctozolt
|-supereffective|p2a: Arctozolt
|-end|p2a: Arctozolt|Substitute
|move|p2a: Arctozolt|Low Kick|p1a: Ditto
|-supereffective|p1a: Ditto
|-damage|p1a: Ditto|28/100
|
|-weather|Hail|[upkeep]
|-heal|p2a: Arctozolt|88/100|[from] item: Leftovers
|upkeep
|turn|7
|
|t:|1666082745
|switch|p2a: Corviknight|Corviknight, F|98/100
|-ability|p2a: Corviknight|Pressure
|move|p1a: Ditto|Low Kick|p2a: Corviknight
|-damage|p2a: Corviknight|84/100
|-damage|p1a: Ditto|11/100|[from] item: Rocky Helmet|[of] p2a: Corviknight
|
|-weather|Hail|[upkeep]
|-damage|p2a: Corviknight|78/100|[from] Hail
|upkeep
|turn|8
|
|t:|1666082756
|switch|p1a: Corviknight|Corviknight, F|84/100
|-ability|p1a: Corviknight|Pressure
|move|p2a: Corviknight|U-turn|p1a: Corviknight
|-resisted|p1a: Corviknight
|-damage|p1a: Corviknight|82/100
|
|t:|1666082759
|switch|p2a: Arctozolt|Arctozolt|88/100|[from]move: U-turn
|
|-weather|Hail|[upkeep]
|-damage|p1a: Corviknight|76/100|[from] Hail
|-heal|p2a: Arctozolt|94/100|[from] item: Leftovers
|upkeep
|turn|9
|j| seidou45
|
|t:|1666082764
|switch|p1a: Quagsire|Quagsire, F|91/100
|move|p2a: Arctozolt|Substitute|p2a: Arctozolt
|-start|p2a: Arctozolt|Substitute
|-damage|p2a: Arctozolt|69/100
|
|-weather|Hail|[upkeep]
|-damage|p1a: Quagsire|85/100|[from] Hail
|-heal|p2a: Arctozolt|76/100|[from] item: Leftovers
|-heal|p1a: Quagsire|91/100|[from] item: Leftovers
|upkeep
|turn|10
|
|t:|1666082768
|move|p2a: Arctozolt|Blizzard|p1a: Quagsire
|-damage|p1a: Quagsire|45/100
|move|p1a: Quagsire|Recover|p1a: Quagsire
|-heal|p1a: Quagsire|95/100
|
|-weather|none
|-heal|p2a: Arctozolt|82/100|[from] item: Leftovers
|-heal|p1a: Quagsire|100/100|[from] item: Leftovers
|upkeep
|turn|11
|
|t:|1666082776
|move|p2a: Arctozolt|Low Kick|p1a: Quagsire
|-damage|p1a: Quagsire|86/100
|move|p1a: Quagsire|Scald|p2a: Arctozolt
|-end|p2a: Arctozolt|Substitute
|
|-heal|p2a: Arctozolt|88/100|[from] item: Leftovers
|-heal|p1a: Quagsire|92/100|[from] item: Leftovers
|upkeep
|turn|12
|
|t:|1666082788
|switch|p2a: Ninetales|Ninetales-Alola, F|100/100
|-weather|Hail|[from] ability: Snow Warning|[of] p2a: Ninetales
|move|p1a: Quagsire|Scald|p2a: Ninetales
|-damage|p2a: Ninetales|82/100
|-status|p2a: Ninetales|brn
|
|-weather|Hail|[upkeep]
|-damage|p1a: Quagsire|86/100|[from] Hail
|-heal|p1a: Quagsire|92/100|[from] item: Leftovers
|-damage|p2a: Ninetales|76/100 brn|[from] brn
|upkeep
|turn|13
|j| LillieQvQ
|
|t:|1666082800
|switch|p2a: Tornadus|Tornadus-Therian, M|100/100
|switch|p1a: Blissey|Blissey, F|83/100
|
|-weather|Hail|[upkeep]
|-damage|p2a: Tornadus|94/100|[from] Hail
|-damage|p1a: Blissey|77/100|[from] Hail
|upkeep
|turn|14
|j| OUTM nitty
|
|t:|1666082806
|move|p2a: Tornadus|U-turn|p1a: Blissey
|-damage|p1a: Blissey|65/100
|
|t:|1666082809
|switch|p2a: Corviknight|Corviknight, F|78/100|[from]move: U-turn
|-ability|p2a: Corviknight|Pressure
|move|p1a: Blissey|Stealth Rock|p2a: Corviknight
|-sidestart|p2: Tzon|move: Stealth Rock
|
|-weather|Hail|[upkeep]
|-damage|p1a: Blissey|58/100|[from] Hail
|-damage|p2a: Corviknight|72/100|[from] Hail
|upkeep
|turn|15
|
|t:|1666082813
|move|p1a: Blissey|Soft-Boiled|p1a: Blissey
|-heal|p1a: Blissey|100/100
|move|p2a: Corviknight|Defog|p1a: Blissey
|-unboost|p1a: Blissey|evasion|1
|-sideend|p2: Tzon|Stealth Rock|[from] move: Defog|[of] p2a: Corviknight
|
|-weather|Hail|[upkeep]
|-damage|p1a: Blissey|94/100|[from] Hail
|-damage|p2a: Corviknight|66/100|[from] Hail
|upkeep
|turn|16
|
|t:|1666082817
|move|p1a: Blissey|Stealth Rock|p2a: Corviknight
|-sidestart|p2: Tzon|move: Stealth Rock
|move|p2a: Corviknight|Body Press|p1a: Blissey
|-supereffective|p1a: Blissey
|-damage|p1a: Blissey|51/100
|
|-weather|Hail|[upkeep]
|-damage|p1a: Blissey|45/100|[from] Hail
|-damage|p2a: Corviknight|59/100|[from] Hail
|upkeep
|turn|17
|
|t:|1666082822
|move|p1a: Blissey|Soft-Boiled|p1a: Blissey
|-heal|p1a: Blissey|95/100
|move|p2a: Corviknight|Defog|p1a: Blissey
|-unboost|p1a: Blissey|evasion|1
|-sideend|p2: Tzon|Stealth Rock|[from] move: Defog|[of] p2a: Corviknight
|
|-weather|Hail|[upkeep]
|-damage|p1a: Blissey|89/100|[from] Hail
|-damage|p2a: Corviknight|53/100|[from] Hail
|upkeep
|turn|18
|
|t:|1666082826
|move|p1a: Blissey|Stealth Rock|p2a: Corviknight
|-sidestart|p2: Tzon|move: Stealth Rock
|move|p2a: Corviknight|Roost|p2a: Corviknight
|-heal|p2a: Corviknight|100/100
|-singleturn|p2a: Corviknight|move: Roost
|
|-weather|Hail|[upkeep]
|-damage|p1a: Blissey|83/100|[from] Hail
|-damage|p2a: Corviknight|94/100|[from] Hail
|upkeep
|turn|19
|
|t:|1666082838
|switch|p1a: Corviknight|Corviknight, F|76/100
|-ability|p1a: Corviknight|Pressure
|move|p2a: Corviknight|Defog|p1a: Corviknight
|-unboost|p1a: Corviknight|evasion|1
|-sideend|p2: Tzon|Stealth Rock|[from] move: Defog|[of] p2a: Corviknight
|
|-weather|none
|upkeep
|turn|20
|
|t:|1666082842
|move|p1a: Corviknight|Roost|p1a: Corviknight
|-heal|p1a: Corviknight|100/100
|-singleturn|p1a: Corviknight|move: Roost
|move|p2a: Corviknight|U-turn|p1a: Corviknight
|-resisted|p1a: Corviknight
|-damage|p1a: Corviknight|95/100
|
|t:|1666082846
|switch|p2a: Tornadus|Tornadus-Therian, M|100/100|[from]move: U-turn
|
|upkeep
|turn|21
|
|t:|1666082849
|switch|p1a: Blissey|Blissey, F|83/100
|move|p2a: Tornadus|Knock Off|p1a: Blissey
|-damage|p1a: Blissey|66/100
|-enditem|p1a: Blissey|Heavy-Duty Boots|[from] move: Knock Off|[of] p2a: Tornadus
|
|upkeep
|turn|22
|
|t:|1666082853
|move|p2a: Tornadus|U-turn|p1a: Blissey
|-damage|p1a: Blissey|54/100
|
|t:|1666082855
|switch|p2a: Corviknight|Corviknight, F|94/100|[from]move: U-turn
|-ability|p2a: Corviknight|Pressure
|move|p1a: Blissey|Soft-Boiled|p1a: Blissey
|-heal|p1a: Blissey|100/100
|
|upkeep
|turn|23
|j| crawdaunt sammy
|
|t:|1666082864
|switch|p1a: Corviknight|Corviknight, F|95/100
|-ability|p1a: Corviknight|Pressure
|move|p2a: Corviknight|Body Press|p1a: Corviknight
|-damage|p1a: Corviknight|77/100
|
|upkeep
|turn|24
|
|t:|1666082868
|move|p1a: Corviknight|Roost|p1a: Corviknight
|-heal|p1a: Corviknight|100/100
|-singleturn|p1a: Corviknight|move: Roost
|move|p2a: Corviknight|U-turn|p1a: Corviknight
|-resisted|p1a: Corviknight
|-damage|p1a: Corviknight|96/100
|j| Wiimicks
|
|t:|1666082872
|switch|p2a: Volcanion|Volcanion|100/100|[from]move: U-turn
|
|upkeep
|turn|25
|
|t:|1666082877
|switch|p1a: Blissey|Blissey, F|100/100
|move|p2a: Volcanion|Flamethrower|p1a: Blissey
|-damage|p1a: Blissey|75/100
|-status|p1a: Blissey|brn
|
|-damage|p1a: Blissey|69/100 brn|[from] brn
|upkeep
|turn|26
|j| lesamangud
|
|t:|1666082887
|switch|p2a: Corviknight|Corviknight, F|94/100
|-ability|p2a: Corviknight|Pressure
|move|p1a: Blissey|Soft-Boiled|p1a: Blissey
|-heal|p1a: Blissey|100/100 brn
|
|-damage|p1a: Blissey|94/100 brn|[from] brn
|upkeep
|turn|27
|
|t:|1666082893
|-curestatus|p1a: Blissey|brn|[from] ability: Natural Cure
|switch|p1a: Corviknight|Corviknight, F|96/100
|-ability|p1a: Corviknight|Pressure
|move|p2a: Corviknight|Body Press|p1a: Corviknight
|-damage|p1a: Corviknight|78/100
|
|upkeep
|turn|28
|
|t:|1666082897
|move|p1a: Corviknight|Roost|p1a: Corviknight
|-heal|p1a: Corviknight|100/100
|-singleturn|p1a: Corviknight|move: Roost
|move|p2a: Corviknight|U-turn|p1a: Corviknight
|-resisted|p1a: Corviknight
|-damage|p1a: Corviknight|96/100
|
|t:|1666082900
|switch|p2a: Arctozolt|Arctozolt|88/100|[from]move: U-turn
|
|-heal|p2a: Arctozolt|94/100|[from] item: Leftovers
|upkeep
|turn|29
|
|t:|1666082908
|switch|p1a: Quagsire|Quagsire, F|92/100
|move|p2a: Arctozolt|Bolt Beak|p1a: Quagsire
|-immune|p1a: Quagsire
|
|-heal|p2a: Arctozolt|100/100|[from] item: Leftovers
|-heal|p1a: Quagsire|98/100|[from] item: Leftovers
|upkeep
|turn|30
|
|t:|1666082925
|switch|p2a: Ninetales|Ninetales-Alola, F|76/100 brn
|-weather|Hail|[from] ability: Snow Warning|[of] p2a: Ninetales
|move|p1a: Quagsire|Toxic|p2a: Ninetales|[miss]
|-miss|p1a: Quagsire|p2a: Ninetales
|
|-weather|Hail|[upkeep]
|-damage|p1a: Quagsire|92/100|[from] Hail
|-heal|p1a: Quagsire|98/100|[from] item: Leftovers
|-damage|p2a: Ninetales|70/100 brn|[from] brn
|upkeep
|turn|31
|
|t:|1666082934
|switch|p1a: Blissey|Blissey, F|94/100
|move|p2a: Ninetales|Pain Split|p1a: Blissey
|-sethp|p1a: Blissey|65/100|[from] move: Pain Split|[silent]
|-sethp|p2a: Ninetales|100/100 brn|[from] move: Pain Split
|
|-weather|Hail|[upkeep]
|-damage|p1a: Blissey|58/100|[from] Hail
|-damage|p2a: Ninetales|94/100 brn|[from] brn
|upkeep
|turn|32
|l| LillieQvQ
|
|t:|1666082939
|switch|p2a: Arctozolt|Arctozolt|100/100
|move|p1a: Blissey|Stealth Rock|p2a: Arctozolt
|-sidestart|p2: Tzon|move: Stealth Rock
|
|-weather|Hail|[upkeep]
|-damage|p1a: Blissey|52/100|[from] Hail
|upkeep
|turn|33
|
|t:|1666082958
|switch|p1a: Quagsire|Quagsire, F|98/100
|move|p2a: Arctozolt|Substitute|p2a: Arctozolt
|-start|p2a: Arctozolt|Substitute
|-damage|p2a: Arctozolt|76/100
|
|-weather|Hail|[upkeep]
|-damage|p1a: Quagsire|92/100|[from] Hail
|-heal|p2a: Arctozolt|82/100|[from] item: Leftovers
|-heal|p1a: Quagsire|98/100|[from] item: Leftovers
|upkeep
|turn|34
|
|t:|1666082965
|move|p2a: Arctozolt|Blizzard|p1a: Quagsire
|-crit|p1a: Quagsire
|-damage|p1a: Quagsire|30/100
|-status|p1a: Quagsire|frz
|-curestatus|p1a: Quagsire|frz|[msg]
|move|p1a: Quagsire|Recover|p1a: Quagsire
|-heal|p1a: Quagsire|80/100
|
|-weather|Hail|[upkeep]
|-damage|p1a: Quagsire|74/100|[from] Hail
|-heal|p2a: Arctozolt|88/100|[from] item: Leftovers
|-heal|p1a: Quagsire|80/100|[from] item: Leftovers
|upkeep
|turn|35
|
|t:|1666082980
|switch|p2a: Corviknight|Corviknight, F|94/100
|-damage|p2a: Corviknight|82/100|[from] Stealth Rock
|-ability|p2a: Corviknight|Pressure
|move|p1a: Quagsire|Recover|p1a: Quagsire
|-heal|p1a: Quagsire|100/100
|
|-weather|Hail|[upkeep]
|-damage|p2a: Corviknight|75/100|[from] Hail
|-damage|p1a: Quagsire|94/100|[from] Hail
|-heal|p1a: Quagsire|100/100|[from] item: Leftovers
|upkeep
|turn|36
|j| wuyanwuyou
|
|t:|1666082989
|switch|p1a: Corviknight|Corviknight, F|96/100
|-ability|p1a: Corviknight|Pressure
|move|p2a: Corviknight|Defog|p1a: Corviknight
|-unboost|p1a: Corviknight|evasion|1
|-sideend|p2: Tzon|Stealth Rock|[from] move: Defog|[of] p2a: Corviknight
|
|-weather|Hail|[upkeep]
|-damage|p1a: Corviknight|90/100|[from] Hail
|-damage|p2a: Corviknight|69/100|[from] Hail
|upkeep
|turn|37
|j| dieMoldau
|
|t:|1666083000
|switch|p1a: Quagsire|Quagsire, F|100/100
|move|p2a: Corviknight|U-turn|p1a: Quagsire
|-damage|p1a: Quagsire|90/100
|
|t:|1666083004
|switch|p2a: Ninetales|Ninetales-Alola, F|94/100 brn|[from]move: U-turn
|
|-weather|none
|-heal|p1a: Quagsire|96/100|[from] item: Leftovers
|-damage|p2a: Ninetales|88/100 brn|[from] brn
|upkeep
|turn|38
|
|t:|1666083007
|switch|p1a: Blissey|Blissey, F|52/100
|move|p2a: Ninetales|Freeze-Dry|p1a: Blissey
|-damage|p1a: Blissey|45/100
|
|-damage|p2a: Ninetales|82/100 brn|[from] brn
|upkeep
|turn|39
|
|t:|1666083013
|switch|p2a: Corviknight|Corviknight, F|69/100
|-ability|p2a: Corviknight|Pressure
|move|p1a: Blissey|Soft-Boiled|p1a: Blissey
|-heal|p1a: Blissey|95/100
|
|upkeep
|turn|40
|
|t:|1666083016
|move|p1a: Blissey|Stealth Rock|p2a: Corviknight
|-sidestart|p2: Tzon|move: Stealth Rock
|move|p2a: Corviknight|Body Press|p1a: Blissey
|-supereffective|p1a: Blissey
|-damage|p1a: Blissey|49/100
|
|upkeep
|turn|41
|
|t:|1666083021
|move|p1a: Blissey|Soft-Boiled|p1a: Blissey
|-heal|p1a: Blissey|99/100
|move|p2a: Corviknight|Defog|p1a: Blissey
|-unboost|p1a: Blissey|evasion|1
|-sideend|p2: Tzon|Stealth Rock|[from] move: Defog|[of] p2a: Corviknight
|
|upkeep
|turn|42
|
|t:|1666083025
|switch|p1a: Corviknight|Corviknight, F|90/100
|-ability|p1a: Corviknight|Pressure
|move|p2a: Corviknight|Body Press|p1a: Corviknight
|-damage|p1a: Corviknight|73/100
|
|upkeep
|turn|43
|
|t:|1666083034
|move|p1a: Corviknight|Roost|p1a: Corviknight
|-heal|p1a: Corviknight|100/100
|-singleturn|p1a: Corviknight|move: Roost
|move|p2a: Corviknight|U-turn|p1a: Corviknight
|-resisted|p1a: Corviknight
|-damage|p1a: Corviknight|96/100
|
|t:|1666083037
|switch|p2a: Tornadus|Tornadus-Therian, M|100/100|[from]move: U-turn
|
|upkeep
|turn|44
|
|t:|1666083043
|switch|p1a: Blissey|Blissey, F|99/100
|move|p2a: Tornadus|Heat Wave|p1a: Blissey
|-damage|p1a: Blissey|90/100
|
|upkeep
|turn|45
|
|t:|1666083048
|move|p2a: Tornadus|U-turn|p1a: Blissey
|-damage|p1a: Blissey|77/100
|
|t:|1666083053
|switch|p2a: Corviknight|Corviknight, F|69/100|[from]move: U-turn
|-ability|p2a: Corviknight|Pressure
|move|p1a: Blissey|Stealth Rock|p2a: Corviknight
|-sidestart|p2: Tzon|move: Stealth Rock
|
|upkeep
|turn|46
|
|t:|1666083059
|switch|p1a: Corviknight|Corviknight, F|96/100
|-ability|p1a: Corviknight|Pressure
|move|p2a: Corviknight|Defog|p1a: Corviknight
|-unboost|p1a: Corviknight|evasion|1
|-sideend|p2: Tzon|Stealth Rock|[from] move: Defog|[of] p2a: Corviknight
|
|upkeep
|turn|47
|
|t:|1666083079
|switch|p1a: Quagsire|Quagsire, F|96/100
|move|p2a: Corviknight|Roost|p2a: Corviknight
|-heal|p2a: Corviknight|100/100
|-singleturn|p2a: Corviknight|move: Roost
|
|-heal|p1a: Quagsire|100/100|[from] item: Leftovers
|upkeep
|turn|48
|
|t:|1666083086
|switch|p2a: Ninetales|Ninetales-Alola, F|82/100 brn
|-weather|Hail|[from] ability: Snow Warning|[of] p2a: Ninetales
|move|p1a: Quagsire|Scald|p2a: Ninetales
|-crit|p2a: Ninetales
|-damage|p2a: Ninetales|55/100 brn
|
|-weather|Hail|[upkeep]
|-damage|p1a: Quagsire|94/100|[from] Hail
|-heal|p1a: Quagsire|100/100|[from] item: Leftovers
|-damage|p2a: Ninetales|49/100 brn|[from] brn
|upkeep
|turn|49
|
|t:|1666083093
|switch|p1a: Blissey|Blissey, F|77/100
|move|p2a: Ninetales|Pain Split|p1a: Blissey
|-sethp|p1a: Blissey|50/100|[from] move: Pain Split|[silent]
|-sethp|p2a: Ninetales|100/100 brn|[from] move: Pain Split
|
|-weather|Hail|[upkeep]
|-damage|p1a: Blissey|44/100|[from] Hail
|-damage|p2a: Ninetales|94/100 brn|[from] brn
|upkeep
|turn|50
|
|t:|1666083098
|switch|p2a: Volcanion|Volcanion|100/100
|move|p1a: Blissey|Soft-Boiled|p1a: Blissey
|-heal|p1a: Blissey|94/100
|
|-weather|Hail|[upkeep]
|-damage|p2a: Volcanion|95/100|[from] Hail
|-damage|p1a: Blissey|88/100|[from] Hail
|upkeep
|turn|51
|
|t:|1666083103
|switch|p2a: Corviknight|Corviknight, F|100/100
|-ability|p2a: Corviknight|Pressure
|move|p1a: Blissey|Stealth Rock|p2a: Corviknight
|-sidestart|p2: Tzon|move: Stealth Rock
|
|-weather|Hail|[upkeep]
|-damage|p1a: Blissey|82/100|[from] Hail
|-damage|p2a: Corviknight|94/100|[from] Hail
|upkeep
|turn|52
|
|t:|1666083107
|switch|p1a: Corviknight|Corviknight, F|96/100
|-ability|p1a: Corviknight|Pressure
|move|p2a: Corviknight|Defog|p1a: Corviknight
|-unboost|p1a: Corviknight|evasion|1
|-sideend|p2: Tzon|Stealth Rock|[from] move: Defog|[of] p2a: Corviknight
|
|-weather|Hail|[upkeep]
|-damage|p1a: Corviknight|89/100|[from] Hail
|-damage|p2a: Corviknight|88/100|[from] Hail
|upkeep
|turn|53
|
|t:|1666083121
|switch|p1a: Quagsire|Quagsire, F|100/100
|move|p2a: Corviknight|U-turn|p1a: Quagsire
|-damage|p1a: Quagsire|90/100
|l| dieMoldau
|
|t:|1666083129
|switch|p2a: Ninetales|Ninetales-Alola, F|94/100 brn|[from]move: U-turn
|
|-weather|Hail|[upkeep]
|-damage|p1a: Quagsire|84/100|[from] Hail
|-heal|p1a: Quagsire|90/100|[from] item: Leftovers
|-damage|p2a: Ninetales|88/100 brn|[from] brn
|upkeep
|turn|54
|
|t:|1666083134
|switch|p2a: Corviknight|Corviknight, F|88/100
|-ability|p2a: Corviknight|Pressure
|switch|p1a: Blissey|Blissey, F|82/100
|
|-weather|Hail|[upkeep]
|-damage|p1a: Blissey|76/100|[from] Hail
|-damage|p2a: Corviknight|82/100|[from] Hail
|upkeep
|turn|55
|
|t:|1666083139
|switch|p1a: Corviknight|Corviknight, F|89/100
|-ability|p1a: Corviknight|Pressure
|move|p2a: Corviknight|Body Press|p1a: Corviknight
|-damage|p1a: Corviknight|71/100
|
|-weather|none
|upkeep
|turn|56
|
|t:|1666083146
|move|p1a: Corviknight|Roost|p1a: Corviknight
|-heal|p1a: Corviknight|100/100
|-singleturn|p1a: Corviknight|move: Roost
|move|p2a: Corviknight|U-turn|p1a: Corviknight
|-resisted|p1a: Corviknight
|-damage|p1a: Corviknight|96/100
|
|t:|1666083152
|switch|p2a: Arctozolt|Arctozolt|88/100|[from]move: U-turn
|
|-heal|p2a: Arctozolt|94/100|[from] item: Leftovers
|upkeep
|turn|57
|
|t:|1666083156
|switch|p2a: Ninetales|Ninetales-Alola, F|88/100 brn
|-weather|Hail|[from] ability: Snow Warning|[of] p2a: Ninetales
|switch|p1a: Quagsire|Quagsire, F|90/100
|
|-weather|Hail|[upkeep]
|-damage|p1a: Quagsire|84/100|[from] Hail
|-heal|p1a: Quagsire|90/100|[from] item: Leftovers
|-damage|p2a: Ninetales|82/100 brn|[from] brn
|upkeep
|turn|58
|
|t:|1666083163
|switch|p2a: Corviknight|Corviknight, F|82/100
|-ability|p2a: Corviknight|Pressure
|switch|p1a: Blissey|Blissey, F|76/100
|
|-weather|Hail|[upkeep]
|-damage|p1a: Blissey|70/100|[from] Hail
|-damage|p2a: Corviknight|75/100|[from] Hail
|upkeep
|turn|59
|
|t:|1666083177
|move|p1a: Blissey|Stealth Rock|p2a: Corviknight
|-sidestart|p2: Tzon|move: Stealth Rock
|move|p2a: Corviknight|Body Press|p1a: Blissey
|-supereffective|p1a: Blissey
|-damage|p1a: Blissey|25/100
|
|-weather|Hail|[upkeep]
|-damage|p1a: Blissey|19/100|[from] Hail
|-damage|p2a: Corviknight|69/100|[from] Hail
|upkeep
|turn|60
|
|t:|1666083182
|move|p1a: Blissey|Soft-Boiled|p1a: Blissey
|-heal|p1a: Blissey|69/100
|move|p2a: Corviknight|Defog|p1a: Blissey
|-unboost|p1a: Blissey|evasion|1
|-sideend|p2: Tzon|Stealth Rock|[from] move: Defog|[of] p2a: Corviknight
|
|-weather|Hail|[upkeep]
|-damage|p1a: Blissey|63/100|[from] Hail
|-damage|p2a: Corviknight|63/100|[from] Hail
|upkeep
|turn|61
|
|t:|1666083190
|switch|p1a: Quagsire|Quagsire, F|90/100
|move|p2a: Corviknight|Body Press|p1a: Quagsire
|-damage|p1a: Quagsire|72/100
|
|-weather|Hail|[upkeep]
|-damage|p2a: Corviknight|57/100|[from] Hail
|-damage|p1a: Quagsire|66/100|[from] Hail
|-heal|p1a: Quagsire|72/100|[from] item: Leftovers
|upkeep
|turn|62
|
|t:|1666083195
|switch|p2a: Ninetales|Ninetales-Alola, F|82/100 brn
|move|p1a: Quagsire|Recover|p1a: Quagsire
|-heal|p1a: Quagsire|100/100
|
|-weather|Hail|[upkeep]
|-damage|p1a: Quagsire|94/100|[from] Hail
|-heal|p1a: Quagsire|100/100|[from] item: Leftovers
|-damage|p2a: Ninetales|76/100 brn|[from] brn
|upkeep
|turn|63
|
|t:|1666083200
|switch|p2a: Corviknight|Corviknight, F|57/100
|-ability|p2a: Corviknight|Pressure
|switch|p1a: Blissey|Blissey, F|63/100
|
|-weather|Hail|[upkeep]
|-damage|p1a: Blissey|57/100|[from] Hail
|-damage|p2a: Corviknight|50/100|[from] Hail
|upkeep
|turn|64
|
|t:|1666083206
|move|p1a: Blissey|Soft-Boiled|p1a: Blissey
|-heal|p1a: Blissey|100/100
|move|p2a: Corviknight|Roost|p2a: Corviknight
|-heal|p2a: Corviknight|100/100
|-singleturn|p2a: Corviknight|move: Roost
|
|-weather|none
|upkeep
|turn|65
|
|t:|1666083211
|move|p1a: Blissey|Stealth Rock|p2a: Corviknight
|-sidestart|p2: Tzon|move: Stealth Rock
|move|p2a: Corviknight|Body Press|p1a: Blissey
|-supereffective|p1a: Blissey
|-damage|p1a: Blissey|53/100
|
|upkeep
|turn|66
|
|t:|1666083215
|move|p1a: Blissey|Soft-Boiled|p1a: Blissey
|-heal|p1a: Blissey|100/100
|move|p2a: Corviknight|Defog|p1a: Blissey
|-unboost|p1a: Blissey|evasion|1
|-sideend|p2: Tzon|Stealth Rock|[from] move: Defog|[of] p2a: Corviknight
|
|upkeep
|turn|67
|
|t:|1666083217
|switch|p1a: Corviknight|Corviknight, F|96/100
|-ability|p1a: Corviknight|Pressure
|move|p2a: Corviknight|Body Press|p1a: Corviknight
|-crit|p1a: Corviknight
|-damage|p1a: Corviknight|69/100
|
|upkeep
|turn|68
|
|t:|1666083224
|move|p1a: Corviknight|Roost|p1a: Corviknight
|-heal|p1a: Corviknight|100/100
|-singleturn|p1a: Corviknight|move: Roost
|move|p2a: Corviknight|U-turn|p1a: Corviknight
|-resisted|p1a: Corviknight
|-damage|p1a: Corviknight|96/100
|
|t:|1666083234
|switch|p2a: Volcanion|Volcanion|95/100|[from]move: U-turn
|
|upkeep
|turn|69
|
|t:|1666083238
|switch|p1a: Blissey|Blissey, F|100/100
|move|p2a: Volcanion|Flamethrower|p1a: Blissey
|-damage|p1a: Blissey|76/100
|
|upkeep
|turn|70
|
|t:|1666083244
|switch|p2a: Corviknight|Corviknight, F|100/100
|-ability|p2a: Corviknight|Pressure
|move|p1a: Blissey|Stealth Rock|p2a: Corviknight
|-sidestart|p2: Tzon|move: Stealth Rock
|
|upkeep
|turn|71
|
|t:|1666083246
|switch|p1a: Ditto|Ditto|11/100
|-transform|p1a: Ditto|p2a: Corviknight|[from] ability: Imposter
|-ability|p1a: Ditto|Pressure
|move|p2a: Corviknight|Defog|p1a: Ditto
|-unboost|p1a: Ditto|evasion|1
|-sideend|p2: Tzon|Stealth Rock|[from] move: Defog|[of] p2a: Corviknight
|
|upkeep
|turn|72
|
|t:|1666083261
|switch|p1a: Quagsire|Quagsire, F|100/100
|move|p2a: Corviknight|U-turn|p1a: Quagsire
|-damage|p1a: Quagsire|91/100
|
|t:|1666083268
|switch|p2a: Ninetales|Ninetales-Alola, F|76/100 brn|[from]move: U-turn
|-weather|Hail|[from] ability: Snow Warning|[of] p2a: Ninetales
|
|-weather|Hail|[upkeep]
|-damage|p1a: Quagsire|85/100|[from] Hail
|-heal|p1a: Quagsire|91/100|[from] item: Leftovers
|-damage|p2a: Ninetales|70/100 brn|[from] brn
|upkeep
|turn|73
|
|t:|1666083275
|switch|p1a: Blissey|Blissey, F|76/100
|move|p2a: Ninetales|Freeze-Dry|p1a: Blissey
|-damage|p1a: Blissey|68/100
|
|-weather|Hail|[upkeep]
|-damage|p1a: Blissey|62/100|[from] Hail
|-damage|p2a: Ninetales|64/100 brn|[from] brn
|upkeep
|turn|74
|
|t:|1666083284
|switch|p2a: Corviknight|Corviknight, F|100/100
|-ability|p2a: Corviknight|Pressure
|move|p1a: Blissey|Soft-Boiled|p1a: Blissey
|-heal|p1a: Blissey|100/100
|
|-weather|Hail|[upkeep]
|-damage|p1a: Blissey|94/100|[from] Hail
|-damage|p2a: Corviknight|94/100|[from] Hail
|upkeep
|turn|75
|
|t:|1666083290
|move|p1a: Blissey|Stealth Rock|p2a: Corviknight
|-sidestart|p2: Tzon|move: Stealth Rock
|move|p2a: Corviknight|Body Press|p1a: Blissey
|-supereffective|p1a: Blissey
|-damage|p1a: Blissey|47/100
|
|-weather|Hail|[upkeep]
|-damage|p1a: Blissey|41/100|[from] Hail
|-damage|p2a: Corviknight|88/100|[from] Hail
|upkeep
|turn|76
|
|t:|1666083294
|move|p1a: Blissey|Soft-Boiled|p1a: Blissey
|-heal|p1a: Blissey|91/100
|move|p2a: Corviknight|Defog|p1a: Blissey
|-unboost|p1a: Blissey|evasion|1
|-sideend|p2: Tzon|Stealth Rock|[from] move: Defog|[of] p2a: Corviknight
|
|-weather|Hail|[upkeep]
|-damage|p1a: Blissey|85/100|[from] Hail
|-damage|p2a: Corviknight|82/100|[from] Hail
|upkeep
|turn|77
|
|t:|1666083299
|move|p1a: Blissey|Stealth Rock|p2a: Corviknight
|-sidestart|p2: Tzon|move: Stealth Rock
|move|p2a: Corviknight|U-turn|p1a: Blissey
|-damage|p1a: Blissey|72/100
|
|t:|1666083300
|switch|p2a: Landorus|Landorus-Therian, M|100/100|[from]move: U-turn
|-damage|p2a: Landorus|88/100|[from] Stealth Rock
|-ability|p2a: Landorus|Intimidate|boost
|-unboost|p1a: Blissey|atk|1
|
|-weather|Hail|[upkeep]
|-damage|p2a: Landorus|82/100|[from] Hail
|-damage|p1a: Blissey|66/100|[from] Hail
|-heal|p2a: Landorus|88/100|[from] item: Leftovers
|upkeep
|turn|78
|
|t:|1666083313
|switch|p1a: Dragonite|Dragonite, M|100/100
|move|p2a: Landorus|Defog|p1a: Dragonite
|-unboost|p1a: Dragonite|evasion|1
|-sideend|p2: Tzon|Stealth Rock|[from] move: Defog|[of] p2a: Landorus
|
|-weather|Hail|[upkeep]
|-damage|p2a: Landorus|82/100|[from] Hail
|-damage|p1a: Dragonite|94/100|[from] Hail
|-heal|p2a: Landorus|88/100|[from] item: Leftovers
|upkeep
|turn|79
|
|t:|1666083326
|move|p2a: Landorus|Toxic|p1a: Dragonite
|-status|p1a: Dragonite|tox
|move|p1a: Dragonite|Ice Beam|p2a: Landorus
|-supereffective|p2a: Landorus
|-damage|p2a: Landorus|31/100
|
|-weather|none
|-heal|p2a: Landorus|38/100|[from] item: Leftovers
|-damage|p1a: Dragonite|88/100 tox|[from] psn
|upkeep
|turn|80
|
|t:|1666083335
|move|p2a: Landorus|U-turn|p1a: Dragonite
|-resisted|p1a: Dragonite
|-damage|p1a: Dragonite|81/100 tox
|
|t:|1666083339
|switch|p2a: Corviknight|Corviknight, F|82/100|[from]move: U-turn
|-ability|p2a: Corviknight|Pressure
|move|p1a: Dragonite|Ice Beam|p2a: Corviknight
|-damage|p2a: Corviknight|61/100
|
|-damage|p1a: Dragonite|68/100 tox|[from] psn
|upkeep
|turn|81
|
|t:|1666083345
|move|p1a: Dragonite|Fire Blast|p2a: Corviknight
|-supereffective|p2a: Corviknight
|-damage|p2a: Corviknight|8/100
|-status|p2a: Corviknight|brn
|move|p2a: Corviknight|Roost|p2a: Corviknight
|-heal|p2a: Corviknight|58/100 brn
|-singleturn|p2a: Corviknight|move: Roost
|
|-damage|p1a: Dragonite|50/100 tox|[from] psn
|-damage|p2a: Corviknight|52/100 brn|[from] brn
|upkeep
|turn|82
|
|t:|1666083355
|switch|p2a: Volcanion|Volcanion|95/100
|move|p1a: Dragonite|Roost|p1a: Dragonite
|-heal|p1a: Dragonite|99/100 tox
|-singleturn|p1a: Dragonite|move: Roost
|
|-damage|p1a: Dragonite|75/100 tox|[from] psn
|upkeep
|turn|83
|j| themaximumblackout
|l| themaximumblackout
|
|t:|1666083370
|move|p2a: Volcanion|Flamethrower|p1a: Dragonite
|-resisted|p1a: Dragonite
|-damage|p1a: Dragonite|46/100 tox
|move|p1a: Dragonite|Roost|p1a: Dragonite
|-heal|p1a: Dragonite|96/100 tox
|-singleturn|p1a: Dragonite|move: Roost
|
|-damage|p1a: Dragonite|65/100 tox|[from] psn
|upkeep
|turn|84
|
|t:|1666083386
|switch|p1a: Quagsire|Quagsire, F|91/100
|move|p2a: Volcanion|Flamethrower|p1a: Quagsire
|-resisted|p1a: Quagsire
|-damage|p1a: Quagsire|47/100
|
|-heal|p1a: Quagsire|53/100|[from] item: Leftovers
|upkeep
|turn|85
|
|t:|1666083393
|move|p2a: Volcanion|Flamethrower|p1a: Quagsire
|-resisted|p1a: Quagsire
|-damage|p1a: Quagsire|8/100
|move|p1a: Quagsire|Recover|p1a: Quagsire
|-heal|p1a: Quagsire|58/100
|
|-heal|p1a: Quagsire|64/100|[from] item: Leftovers
|upkeep
|turn|86
|
|t:|1666083400
|move|p2a: Volcanion|Flamethrower|p1a: Quagsire
|-resisted|p1a: Quagsire
|-damage|p1a: Quagsire|24/100
|-status|p1a: Quagsire|brn
|move|p1a: Quagsire|Recover|p1a: Quagsire
|-heal|p1a: Quagsire|74/100 brn
|
|-heal|p1a: Quagsire|80/100 brn|[from] item: Leftovers
|-damage|p1a: Quagsire|74/100 brn|[from] brn
|upkeep
|turn|87
|
|t:|1666083409
|switch|p2a: Corviknight|Corviknight, F|52/100 brn
|-ability|p2a: Corviknight|Pressure
|move|p1a: Quagsire|Recover|p1a: Quagsire
|-heal|p1a: Quagsire|100/100 brn
|
|-damage|p2a: Corviknight|45/100 brn|[from] brn
|-damage|p1a: Quagsire|94/100 brn|[from] brn
|upkeep
|turn|88
|
|t:|1666083414
|switch|p1a: Blissey|Blissey, F|66/100
|move|p2a: Corviknight|Roost|p2a: Corviknight
|-heal|p2a: Corviknight|95/100 brn
|-singleturn|p2a: Corviknight|move: Roost
|
|-damage|p2a: Corviknight|89/100 brn|[from] brn
|upkeep
|turn|89
|
|t:|1666083417
|move|p1a: Blissey|Heal Bell|p1a: Blissey
|-activate|p1a: Blissey|move: Heal Bell
|-curestatus|p1: Dragonite|tox|[msg]
|-curestatus|p1: Quagsire|brn|[msg]
|move|p2a: Corviknight|U-turn|p1a: Blissey
|-damage|p1a: Blissey|59/100
|
|t:|1666083430
|switch|p2a: Landorus|Landorus-Therian, M|38/100|[from]move: U-turn
|-ability|p2a: Landorus|Intimidate|boost
|-unboost|p1a: Blissey|atk|1
|
|-heal|p2a: Landorus|44/100|[from] item: Leftovers
|upkeep
|turn|90
|j| Youressi
|
|t:|1666083445
|switch|p1a: Dragonite|Dragonite, M|65/100
|move|p2a: Landorus|Earthquake|p1a: Dragonite
|-immune|p1a: Dragonite
|
|-heal|p2a: Landorus|50/100|[from] item: Leftovers
|upkeep
|turn|91
|
|t:|1666083452
|move|p2a: Landorus|U-turn|p1a: Dragonite
|-resisted|p1a: Dragonite
|-damage|p1a: Dragonite|57/100
|
|t:|1666083454
|switch|p2a: Ninetales|Ninetales-Alola, F|64/100 brn|[from]move: U-turn
|-weather|Hail|[from] ability: Snow Warning|[of] p2a: Ninetales
|move|p1a: Dragonite|Ice Beam|p2a: Ninetales
|-resisted|p2a: Ninetales
|-crit|p2a: Ninetales
|-damage|p2a: Ninetales|49/100 brn
|
|-weather|Hail|[upkeep]
|-damage|p1a: Dragonite|51/100|[from] Hail
|-damage|p2a: Ninetales|43/100 brn|[from] brn
|upkeep
|turn|92
|
|t:|1666083461
|switch|p2a: Tornadus|Tornadus-Therian, M|100/100
|switch|p1a: Blissey|Blissey, F|59/100
|
|-weather|Hail|[upkeep]
|-damage|p2a: Tornadus|94/100|[from] Hail
|-damage|p1a: Blissey|53/100|[from] Hail
|upkeep
|turn|93
|
|t:|1666083466
|move|p2a: Tornadus|U-turn|p1a: Blissey
|-damage|p1a: Blissey|41/100
|
|t:|1666083469
|switch|p2a: Corviknight|Corviknight, F|89/100 brn|[from]move: U-turn
|-ability|p2a: Corviknight|Pressure
|move|p1a: Blissey|Soft-Boiled|p1a: Blissey
|-heal|p1a: Blissey|91/100
|
|-weather|Hail|[upkeep]
|-damage|p1a: Blissey|85/100|[from] Hail
|-damage|p2a: Corviknight|83/100 brn|[from] Hail
|-damage|p2a: Corviknight|77/100 brn|[from] brn
|upkeep
|turn|94
|
|t:|1666083479
|move|p1a: Blissey|Stealth Rock|p2a: Corviknight
|-sidestart|p2: Tzon|move: Stealth Rock
|move|p2a: Corviknight|U-turn|p1a: Blissey
|-damage|p1a: Blissey|79/100
|
|t:|1666083481
|switch|p2a: Landorus|Landorus-Therian, M|50/100|[from]move: U-turn
|-damage|p2a: Landorus|37/100|[from] Stealth Rock
|-ability|p2a: Landorus|Intimidate|boost
|-unboost|p1a: Blissey|atk|1
|
|-weather|Hail|[upkeep]
|-damage|p2a: Landorus|31/100|[from] Hail
|-damage|p1a: Blissey|72/100|[from] Hail
|-heal|p2a: Landorus|37/100|[from] item: Leftovers
|upkeep
|turn|95
|
|t:|1666083491
|move|p2a: Landorus|Defog|p1a: Blissey
|-unboost|p1a: Blissey|evasion|1
|-sideend|p2: Tzon|Stealth Rock|[from] move: Defog|[of] p2a: Landorus
|move|p1a: Blissey|Seismic Toss|p2a: Landorus
|-damage|p2a: Landorus|11/100
|
|-weather|Hail|[upkeep]
|-damage|p2a: Landorus|5/100|[from] Hail
|-damage|p1a: Blissey|66/100|[from] Hail
|-heal|p2a: Landorus|11/100|[from] item: Leftovers
|upkeep
|turn|96
|
|t:|1666083506
|switch|p1a: Corviknight|Corviknight, F|96/100
|-ability|p1a: Corviknight|Pressure
|move|p2a: Landorus|U-turn|p1a: Corviknight
|-resisted|p1a: Corviknight
|-damage|p1a: Corviknight|92/100
|
|t:|1666083511
|switch|p2a: Arctozolt|Arctozolt|94/100|[from]move: U-turn
|
|-weather|Hail|[upkeep]
|-damage|p1a: Corviknight|86/100|[from] Hail
|-heal|p2a: Arctozolt|100/100|[from] item: Leftovers
|upkeep
|turn|97
|
|t:|1666083515
|switch|p1a: Quagsire|Quagsire, F|94/100
|move|p2a: Arctozolt|Substitute|p2a: Arctozolt
|-start|p2a: Arctozolt|Substitute
|-damage|p2a: Arctozolt|76/100
|
|-weather|Hail|[upkeep]
|-damage|p1a: Quagsire|88/100|[from] Hail
|-heal|p2a: Arctozolt|82/100|[from] item: Leftovers
|-heal|p1a: Quagsire|94/100|[from] item: Leftovers
|upkeep
|turn|98
|
|t:|1666083522
|move|p2a: Arctozolt|Low Kick|p1a: Quagsire
|-damage|p1a: Quagsire|78/100
|move|p1a: Quagsire|Recover|p1a: Quagsire
|-heal|p1a: Quagsire|100/100
|
|-weather|none
|-heal|p2a: Arctozolt|88/100|[from] item: Leftovers
|upkeep
|turn|99
|
|t:|1666083528
|move|p2a: Arctozolt|Low Kick|p1a: Quagsire
|-damage|p1a: Quagsire|85/100
|move|p1a: Quagsire|Scald|p2a: Arctozolt
|-end|p2a: Arctozolt|Substitute
|
|-heal|p2a: Arctozolt|94/100|[from] item: Leftovers
|-heal|p1a: Quagsire|91/100|[from] item: Leftovers
|upkeep
|turn|100
|
|t:|1666083535
|switch|p2a: Ninetales|Ninetales-Alola, F|43/100 brn
|-weather|Hail|[from] ability: Snow Warning|[of] p2a: Ninetales
|move|p1a: Quagsire|Scald|p2a: Ninetales
|-damage|p2a: Ninetales|24/100 brn
|
|-weather|Hail|[upkeep]
|-damage|p1a: Quagsire|85/100|[from] Hail
|-heal|p1a: Quagsire|91/100|[from] item: Leftovers
|-damage|p2a: Ninetales|18/100 brn|[from] brn
|upkeep
|turn|101
|j| Javi el lillor
|
|t:|1666083539
|switch|p1a: Ditto|Ditto|11/100
|-transform|p1a: Ditto|p2a: Ninetales|[from] ability: Imposter
|move|p2a: Ninetales|Pain Split|p1a: Ditto
|-sethp|p1a: Ditto|16/100|[from] move: Pain Split|[silent]
|-sethp|p2a: Ninetales|14/100 brn|[from] move: Pain Split
|
|-weather|Hail|[upkeep]
|-damage|p2a: Ninetales|8/100 brn|[from] brn
|upkeep
|turn|102
|
|t:|1666083555
|switch|p2a: Landorus|Landorus-Therian, M|11/100
|-ability|p2a: Landorus|Intimidate|boost
|-unboost|p1a: Ditto|atk|1
|move|p1a: Ditto|Freeze-Dry|p2a: Landorus
|-supereffective|p2a: Landorus
|-damage|p2a: Landorus|0 fnt
|faint|p2a: Landorus
|
|-weather|Hail|[upkeep]
|upkeep
|
|t:|1666083564
|switch|p2a: Volcanion|Volcanion|95/100
|turn|103
|
|t:|1666083567
|move|p1a: Ditto|Freeze-Dry|p2a: Volcanion
|-damage|p2a: Volcanion|71/100
|move|p2a: Volcanion|Flamethrower|p1a: Ditto
|-supereffective|p1a: Ditto
|-damage|p1a: Ditto|0 fnt
|faint|p1a: Ditto
|
|-weather|Hail|[upkeep]
|-damage|p2a: Volcanion|65/100|[from] Hail
|upkeep
|
|t:|1666083583
|switch|p1a: Blissey|Blissey, F|66/100
|turn|104
|
|t:|1666083586
|switch|p2a: Corviknight|Corviknight, F|77/100 brn
|-ability|p2a: Corviknight|Pressure
|move|p1a: Blissey|Soft-Boiled|p1a: Blissey
|-heal|p1a: Blissey|100/100
|
|-weather|Hail|[upkeep]
|-damage|p1a: Blissey|94/100|[from] Hail
|-damage|p2a: Corviknight|70/100 brn|[from] Hail
|-damage|p2a: Corviknight|64/100 brn|[from] brn
|upkeep
|turn|105
|
|t:|1666083593
|move|p1a: Blissey|Stealth Rock|p2a: Corviknight
|-sidestart|p2: Tzon|move: Stealth Rock
|move|p2a: Corviknight|Roost|p2a: Corviknight
|-heal|p2a: Corviknight|100/100 brn
|-singleturn|p2a: Corviknight|move: Roost
|
|-weather|Hail|[upkeep]
|-damage|p1a: Blissey|88/100|[from] Hail
|-damage|p2a: Corviknight|94/100 brn|[from] Hail
|-damage|p2a: Corviknight|88/100 brn|[from] brn
|upkeep
|turn|106
|j| Ctannn
|
|t:|1666083600
|switch|p1a: Corviknight|Corviknight, F|86/100
|-ability|p1a: Corviknight|Pressure
|move|p2a: Corviknight|Defog|p1a: Corviknight
|-unboost|p1a: Corviknight|evasion|1
|-sideend|p2: Tzon|Stealth Rock|[from] move: Defog|[of] p2a: Corviknight
|
|-weather|Hail|[upkeep]
|-damage|p1a: Corviknight|80/100|[from] Hail
|-damage|p2a: Corviknight|82/100 brn|[from] Hail
|-damage|p2a: Corviknight|75/100 brn|[from] brn
|upkeep
|turn|107
|
|t:|1666083609
|switch|p1a: Quagsire|Quagsire, F|91/100
|move|p2a: Corviknight|U-turn|p1a: Quagsire
|-damage|p1a: Quagsire|86/100
|
|t:|1666083614
|switch|p2a: Ninetales|Ninetales-Alola, F|8/100 brn|[from]move: U-turn
|
|-weather|none
|-heal|p1a: Quagsire|92/100|[from] item: Leftovers
|-damage|p2a: Ninetales|2/100 brn|[from] brn
|upkeep
|turn|108
|l| crawdaunt sammy
|
|t:|1666083636
|switch|p1a: Dragonite|Dragonite, M|51/100
|move|p2a: Ninetales|Pain Split|p1a: Dragonite
|-sethp|p1a: Dragonite|26/100|[from] move: Pain Split|[silent]
|-sethp|p2a: Ninetales|29/100 brn|[from] move: Pain Split
|
|-damage|p2a: Ninetales|23/100 brn|[from] brn
|upkeep
|turn|109
|
|t:|1666083644
|switch|p1a: Weavile|Weavile, M|100/100
|-ability|p1a: Weavile|Pressure
|move|p2a: Ninetales|Freeze-Dry|p1a: Weavile
|-resisted|p1a: Weavile
|-damage|p1a: Weavile|86/100
|
|-damage|p2a: Ninetales|17/100 brn|[from] brn
|upkeep
|turn|110
|
|t:|1666083660
|switch|p2a: Corviknight|Corviknight, F|75/100 brn
|-ability|p2a: Corviknight|Pressure
|move|p1a: Weavile|Swords Dance|p1a: Weavile
|-boost|p1a: Weavile|atk|2
|
|-damage|p2a: Corviknight|69/100 brn|[from] brn
|upkeep
|turn|111
|
|t:|1666083668
|move|p1a: Weavile|Knock Off|p2a: Corviknight
|-damage|p2a: Corviknight|11/100 brn
|-damage|p1a: Weavile|70/100|[from] item: Rocky Helmet|[of] p2a: Corviknight
|-enditem|p2a: Corviknight|Rocky Helmet|[from] move: Knock Off|[of] p1a: Weavile
|move|p2a: Corviknight|U-turn|p1a: Weavile
|-supereffective|p1a: Weavile
|-damage|p1a: Weavile|44/100
|l| Javi el lillor
|
|t:|1666083683
|switch|p2a: Ninetales|Ninetales-Alola, F|17/100 brn|[from]move: U-turn
|-weather|Hail|[from] ability: Snow Warning|[of] p2a: Ninetales
|
|-weather|Hail|[upkeep]
|-damage|p2a: Ninetales|11/100 brn|[from] brn
|upkeep
|turn|112
|
|t:|1666083694
|switch|p2a: Tornadus|Tornadus-Therian, M|100/100
|move|p1a: Weavile|Knock Off|p2a: Tornadus
|-damage|p2a: Tornadus|0 fnt
|-enditem|p2a: Tornadus|Assault Vest|[from] move: Knock Off|[of] p1a: Weavile
|faint|p2a: Tornadus
|
|-weather|Hail|[upkeep]
|upkeep
|
|t:|1666083695
|switch|p2a: Arctozolt|Arctozolt|94/100
|turn|113
|
|t:|1666083707
|switch|p1a: Quagsire|Quagsire, F|92/100
|move|p2a: Arctozolt|Low Kick|p1a: Quagsire
|-damage|p1a: Quagsire|77/100
|
|-weather|Hail|[upkeep]
|-damage|p1a: Quagsire|71/100|[from] Hail
|-heal|p2a: Arctozolt|100/100|[from] item: Leftovers
|-heal|p1a: Quagsire|77/100|[from] item: Leftovers
|upkeep
|turn|114
|
|t:|1666083715
|switch|p2a: Volcanion|Volcanion|65/100
|move|p1a: Quagsire|Recover|p1a: Quagsire
|-heal|p1a: Quagsire|100/100
|
|-weather|Hail|[upkeep]
|-damage|p2a: Volcanion|59/100|[from] Hail
|-damage|p1a: Quagsire|94/100|[from] Hail
|-heal|p1a: Quagsire|100/100|[from] item: Leftovers
|upkeep
|turn|115
|
|t:|1666083720
|switch|p1a: Blissey|Blissey, F|88/100
|move|p2a: Volcanion|Steam Eruption|p1a: Blissey
|-damage|p1a: Blissey|58/100
|
|-weather|Hail|[upkeep]
|-damage|p2a: Volcanion|53/100|[from] Hail
|-damage|p1a: Blissey|52/100|[from] Hail
|upkeep
|turn|116
|
|t:|1666083734
|move|p2a: Volcanion|Steam Eruption|p1a: Blissey
|-damage|p1a: Blissey|21/100
|move|p1a: Blissey|Stealth Rock|p2a: Volcanion
|-sidestart|p2: Tzon|move: Stealth Rock
|
|-weather|Hail|[upkeep]
|-damage|p2a: Volcanion|47/100|[from] Hail
|-damage|p1a: Blissey|15/100|[from] Hail
|upkeep
|turn|117
|
|t:|1666083740
|move|p2a: Volcanion|Steam Eruption|p1a: Blissey
|-damage|p1a: Blissey|0 fnt
|faint|p1a: Blissey
|
|-weather|Hail|[upkeep]
|-damage|p2a: Volcanion|41/100|[from] Hail
|upkeep
|inactive|Aim on mai wei has 120 seconds left.
|
|t:|1666083752
|switch|p1a: Weavile|Weavile, M|44/100
|-ability|p1a: Weavile|Pressure
|turn|118
|
|t:|1666083756
|move|p1a: Weavile|Knock Off|p2a: Volcanion
|-damage|p2a: Volcanion|0 fnt
|-enditem|p2a: Volcanion|Choice Specs|[from] move: Knock Off|[of] p1a: Weavile
|faint|p2a: Volcanion
|
|-weather|none
|upkeep
|-message|Tzon forfeited.
|
|win|Aim on mai wei
|raw|Aim on mai wei's rating: 1726 &rarr; <strong>1747</strong><br />(+21 for winning)
|raw|Tzon's rating: 1737 &rarr; <strong>1716</strong><br />(-21 for losing)
|l|☆Tzon
|l| seidou45
