|j|☆matthew437
|j|☆The Teal Scizor
|player|p1|matthew437|janitor|1446
|player|p2|The Teal Scizor|plasmagruntf|1400
|teamsize|p1|6
|teamsize|p2|6
|gametype|singles
|gen|8
|tier|[Gen 8] OU
|rated|
|clearpoke
|poke|p1|Pelipper, M|
|poke|p1|Azumarill, M|
|poke|p1|Kingdra, M|
|poke|p1|Barraskewda, M|
|poke|p1|Magearna|
|poke|p1|Excadrill, F|
|poke|p2|Magearna|
|poke|p2|Urshifu-*, F|
|poke|p2|Clefable, F|
|poke|p2|Hippowdon, M|
|poke|p2|Rotom-Heat|
|poke|p2|Dragapult, F|
|rule|Sleep Clause Mod: Limit one foe put to sleep
|rule|Species Clause: Limit one of each Pokémon
|rule|OHKO Clause: OHKO moves are banned
|rule|Evasion Moves Clause: Evasion moves are banned
|rule|Endless Battle Clause: Forcing endless battles is banned
|rule|HP Percentage Mod: HP is shown in percentages
|rule|Dynamax Clause: You cannot dynamax
|teampreview
|
|start
|switch|p1a: Excadrill|Excadrill, F|100/100
|switch|p2a: Urshifu|Urshifu, F|100/100
|-ability|p1a: Excadrill|Mold Breaker
|turn|1
|inactive|Battle timer is ON: inactive players will automatically lose when time's up. (requested by The Teal Scizor)
|
|move|p2a: Urshifu|Wicked Blow|p1a: Excadrill
|-crit|p1a: Excadrill
|-enditem|p1a: Excadrill|Focus Sash
|-damage|p1a: Excadrill|1/100
|move|p1a: Excadrill|Stealth Rock|p2a: Urshifu
|-sidestart|p2: The Teal Scizor|move: Stealth Rock
|
|upkeep
|turn|2
|
|switch|p1a: Magearna|Magearna|100/100
|move|p2a: Urshifu|Wicked Blow|p1a: Magearna
|-resisted|p1a: Magearna
|-crit|p1a: Magearna
|-damage|p1a: Magearna|59/100
|
|upkeep
|turn|3
|
|switch|p2a: Rotom|Rotom-Heat|100/100
|move|p1a: Magearna|Fleur Cannon|p2a: Rotom
|-resisted|p2a: Rotom
|-damage|p2a: Rotom|70/100
|-unboost|p1a: Magearna|spa|2
|
|upkeep
|turn|4
|
|switch|p1a: Excadrill|Excadrill, F|1/100
|-ability|p1a: Excadrill|Mold Breaker
|move|p2a: Rotom|Overheat|p1a: Excadrill
|-supereffective|p1a: Excadrill
|-damage|p1a: Excadrill|0 fnt
|-unboost|p2a: Rotom|spa|2
|faint|p1a: Excadrill
|
|upkeep
|
|switch|p1a: Barraskewda|Barraskewda, M|100/100
|turn|5
|
|switch|p2a: Hippowdon|Hippowdon, M|100/100
|-damage|p2a: Hippowdon|94/100|[from] Stealth Rock
|-weather|Sandstorm|[from] ability: Sand Stream|[of] p2a: Hippowdon
|move|p1a: Barraskewda|Flip Turn|p2a: Hippowdon
|-supereffective|p2a: Hippowdon
|-damage|p2a: Hippowdon|45/100
|-damage|p1a: Barraskewda|84/100|[from] item: Rocky Helmet|[of] p2a: Hippowdon
|-damage|p1a: Barraskewda|74/100|[from] item: Life Orb
|
|switch|p1a: Pelipper|Pelipper, M|100/100|[from]move: Flip Turn
|-weather|RainDance|[from] ability: Drizzle|[of] p1a: Pelipper
|
|-weather|RainDance|[upkeep]
|upkeep
|turn|6
|
|move|p1a: Pelipper|U-turn|p2a: Hippowdon
|-damage|p2a: Hippowdon|41/100
|-damage|p1a: Pelipper|84/100|[from] item: Rocky Helmet|[of] p2a: Hippowdon
|
|switch|p1a: Barraskewda|Barraskewda, M|74/100|[from]move: U-turn
|move|p2a: Hippowdon|Stealth Rock|p1a: Barraskewda
|-sidestart|p1: matthew437|move: Stealth Rock
|
|-weather|RainDance|[upkeep]
|upkeep
|turn|7
|
|move|p1a: Barraskewda|Liquidation|p2a: Hippowdon
|-supereffective|p2a: Hippowdon
|-damage|p2a: Hippowdon|0 fnt
|-damage|p1a: Barraskewda|58/100|[from] item: Rocky Helmet|[of] p2a: Hippowdon
|-damage|p1a: Barraskewda|48/100|[from] item: Life Orb
|faint|p2a: Hippowdon
|
|-weather|RainDance|[upkeep]
|upkeep
|
|switch|p2a: Urshifu|Urshifu, F|100/100
|-damage|p2a: Urshifu|94/100|[from] Stealth Rock
|turn|8
|
|switch|p1a: Magearna|Magearna|59/100
|-damage|p1a: Magearna|53/100|[from] Stealth Rock
|move|p2a: Urshifu|Sucker Punch||[still]
|-fail|p2a: Urshifu
|
|-weather|RainDance|[upkeep]
|upkeep
|turn|9
|
|switch|p2a: Rotom|Rotom-Heat|70/100
|move|p1a: Magearna|Volt Switch|p2a: Rotom
|-resisted|p2a: Rotom
|-damage|p2a: Rotom|59/100
|
|switch|p1a: Barraskewda|Barraskewda, M|48/100|[from]move: Volt Switch
|-damage|p1a: Barraskewda|36/100|[from] Stealth Rock
|
|-weather|RainDance|[upkeep]
|upkeep
|turn|10
|
|move|p1a: Barraskewda|Liquidation|p2a: Rotom
|-supereffective|p2a: Rotom
|-damage|p2a: Rotom|0 fnt
|-damage|p1a: Barraskewda|26/100|[from] item: Life Orb
|faint|p2a: Rotom
|
|-weather|RainDance|[upkeep]
|upkeep
|
|switch|p2a: Urshifu|Urshifu, F|94/100
|-damage|p2a: Urshifu|88/100|[from] Stealth Rock
|turn|11
|
|move|p1a: Barraskewda|Liquidation|p2a: Urshifu
|-damage|p2a: Urshifu|0 fnt
|-damage|p1a: Barraskewda|16/100|[from] item: Life Orb
|faint|p2a: Urshifu
|
|-weather|RainDance|[upkeep]
|upkeep
|
|switch|p2a: Clefable|Clefable, F|100/100
|turn|12
|
|move|p2a: Clefable|Protect|p2a: Clefable
|-singleturn|p2a: Clefable|Protect
|move|p1a: Barraskewda|Liquidation|p2a: Clefable
|-activate|p2a: Clefable|move: Protect
|
|-weather|none
|upkeep
|turn|13
|
|move|p1a: Barraskewda|Flip Turn|p2a: Clefable
|-crit|p2a: Clefable
|-damage|p2a: Clefable|28/100
|-damage|p1a: Barraskewda|6/100|[from] item: Life Orb
|
|switch|p1a: Pelipper|Pelipper, M|84/100|[from]move: Flip Turn
|-damage|p1a: Pelipper|59/100|[from] Stealth Rock
|-weather|RainDance|[from] ability: Drizzle|[of] p1a: Pelipper
|move|p2a: Clefable|Moonblast|p1a: Pelipper
|-damage|p1a: Pelipper|18/100
|
|-weather|RainDance|[upkeep]
|-heal|p2a: Clefable|34/100|[from] item: Leftovers
|upkeep
|turn|14
|
|move|p1a: Pelipper|Roost|p1a: Pelipper
|-heal|p1a: Pelipper|69/100
|-singleturn|p1a: Pelipper|move: Roost
|move|p2a: Clefable|Moonblast|p1a: Pelipper
|-damage|p1a: Pelipper|25/100
|
|-weather|RainDance|[upkeep]
|-heal|p2a: Clefable|40/100|[from] item: Leftovers
|upkeep
|turn|15
|
|move|p1a: Pelipper|U-turn|p2a: Clefable
|-resisted|p2a: Clefable
|-damage|p2a: Clefable|36/100
|
|switch|p1a: Barraskewda|Barraskewda, M|6/100|[from]move: U-turn
|-damage|p1a: Barraskewda|0 fnt|[from] Stealth Rock
|faint|p1a: Barraskewda
|move|p2a: Clefable|Moonblast|p1: Barraskewda|[notarget]
|-fail|p2a: Clefable
|
|-weather|RainDance|[upkeep]
|-heal|p2a: Clefable|42/100|[from] item: Leftovers
|upkeep
|
|switch|p1a: Azumarill|Azumarill, M|100/100
|-damage|p1a: Azumarill|88/100|[from] Stealth Rock
|turn|16
|
|move|p1a: Azumarill|Belly Drum|p1a: Azumarill
|-damage|p1a: Azumarill|38/100
|-setboost|p1a: Azumarill|atk|6|[from] move: Belly Drum
|-enditem|p1a: Azumarill|Sitrus Berry|[eat]
|-heal|p1a: Azumarill|63/100|[from] item: Sitrus Berry
|move|p2a: Clefable|Moonblast|p1a: Azumarill
|-damage|p1a: Azumarill|28/100
|-unboost|p1a: Azumarill|spa|1
|
|-weather|RainDance|[upkeep]
|-heal|p2a: Clefable|48/100|[from] item: Leftovers
|upkeep
|turn|17
|
|move|p2a: Clefable|Protect|p2a: Clefable
|-singleturn|p2a: Clefable|Protect
|move|p1a: Azumarill|Aqua Jet|p2a: Clefable
|-activate|p2a: Clefable|move: Protect
|
|-weather|RainDance|[upkeep]
|-heal|p2a: Clefable|54/100|[from] item: Leftovers
|upkeep
|turn|18
|
|move|p1a: Azumarill|Aqua Jet|p2a: Clefable
|-damage|p2a: Clefable|0 fnt
|faint|p2a: Clefable
|
|-weather|RainDance|[upkeep]
|upkeep
|
|switch|p2a: Dragapult|Dragapult, F|100/100
|-damage|p2a: Dragapult|88/100|[from] Stealth Rock
|turn|19
|
|move|p1a: Azumarill|Aqua Jet|p2a: Dragapult
|-resisted|p2a: Dragapult
|-damage|p2a: Dragapult|0 fnt
|faint|p2a: Dragapult
|
|-weather|RainDance|[upkeep]
|upkeep
|
|switch|p2a: Magearna|Magearna|100/100
|-damage|p2a: Magearna|95/100|[from] Stealth Rock
|turn|20
|
|move|p1a: Azumarill|Aqua Jet|p2a: Magearna
|-damage|p2a: Magearna|0 fnt
|faint|p2a: Magearna
|
|win|matthew437
|l|☆The Teal Scizor
||Ladder (probably) updated, but score could not be retrieved (Request timeout).
