|j|☆N30N3
|j|☆oldspicemike
|player|p1|N30N3|2|2025
|player|p2|oldspicemike|170|2012
|teamsize|p1|6
|teamsize|p2|6
|gametype|singles
|gen|8
|tier|[Gen 8] OU
|rated|
|clearpoke
|poke|p1|Mimikyu, F|
|poke|p1|Hippowdon, M|
|poke|p1|Excadrill, F|
|poke|p1|Tyranitar, F|
|poke|p1|Kyurem|
|poke|p1|Ferrothorn, M|
|poke|p2|Cinderace, M|
|poke|p2|Primarina, M|
|poke|p2|Seismitoad, M|
|poke|p2|Corviknight, M|
|poke|p2|Gengar, M|
|poke|p2|Obstagoon, F|
|rule|Sleep Clause Mod: Limit one foe put to sleep
|rule|Species Clause: Limit one of each Pokémon
|rule|OHKO Clause: OHKO moves are banned
|rule|Evasion Moves Clause: Evasion moves are banned
|rule|Endless Battle Clause: Forcing endless battles is banned
|rule|HP Percentage Mod: HP is shown in percentages
|rule|Dynamax Clause: You cannot dynamax
|teampreview
|j| 10 margs deep
|j| Caly's
|inactive|Battle timer is ON: inactive players will automatically lose when time's up. (requested by N30N3)
|j| phys2000
|
|start
|switch|p1a: Hippowdon|Hippowdon, M|100/100
|switch|p2a: Cinderace|Cinderace, M|100/100
|-weather|Sandstorm|[from] ability: Sand Stream|[of] p1a: Hippowdon
|turn|1
|j| yuy
|
|switch|p2a: Seismitoad|Seismitoad, M|100/100
|move|p1a: Hippowdon|Earthquake|p2a: Seismitoad
|-crit|p2a: Seismitoad
|-damage|p2a: Seismitoad|60/100
|
|-weather|Sandstorm|[upkeep]
|-heal|p2a: Seismitoad|66/100|[from] item: Leftovers
|upkeep
|turn|2
|j| Gyorg Costanza
|j| spacie meta
|l| Gyorg Costanza
|
|switch|p1a: Kyurem|Kyurem|100/100
|-ability|p1a: Kyurem|Pressure
|move|p2a: Seismitoad|Stealth Rock|p1a: Kyurem
|-sidestart|p1: N30N3|move: Stealth Rock
|
|-weather|Sandstorm|[upkeep]
|-damage|p1a: Kyurem|94/100|[from] Sandstorm
|-heal|p2a: Seismitoad|72/100|[from] item: Leftovers
|upkeep
|turn|3
|j|+MJB
|
|switch|p2a: Gengar|Gengar, M|100/100
|move|p1a: Kyurem|Freeze-Dry|p2a: Gengar
|-damage|p2a: Gengar|0 fnt
|faint|p2a: Gengar
|
|-weather|Sandstorm|[upkeep]
|-damage|p1a: Kyurem|88/100|[from] Sandstorm
|upkeep
|j| Fairy Child
|
|switch|p2a: Cinderace|Cinderace, M|100/100
|turn|4
|
|switch|p1a: Hippowdon|Hippowdon, M|100/100
|-damage|p1a: Hippowdon|94/100|[from] Stealth Rock
|move|p2a: Cinderace|High Jump Kick|p1a: Hippowdon
|-damage|p1a: Hippowdon|58/100
|
|-weather|Sandstorm|[upkeep]
|-damage|p2a: Cinderace|95/100|[from] Sandstorm
|upkeep
|turn|5
|
|switch|p2a: Primarina|Primarina, M|100/100
|move|p1a: Hippowdon|Slack Off|p1a: Hippowdon
|-heal|p1a: Hippowdon|100/100
|
|-weather|Sandstorm|[upkeep]
|-damage|p2a: Primarina|94/100|[from] Sandstorm
|-heal|p2a: Primarina|100/100|[from] item: Leftovers
|upkeep
|turn|6
|
|switch|p1a: Ferrothorn|Ferrothorn, M|100/100
|-damage|p1a: Ferrothorn|94/100|[from] Stealth Rock
|move|p2a: Primarina|Scald|p1a: Ferrothorn
|-resisted|p1a: Ferrothorn
|-damage|p1a: Ferrothorn|77/100
|
|-weather|Sandstorm|[upkeep]
|-damage|p2a: Primarina|94/100|[from] Sandstorm
|-heal|p2a: Primarina|100/100|[from] item: Leftovers
|-heal|p1a: Ferrothorn|84/100|[from] item: Leftovers
|upkeep
|turn|7
|
|move|p2a: Primarina|Substitute|p2a: Primarina
|-start|p2a: Primarina|Substitute
|-damage|p2a: Primarina|76/100
|move|p1a: Ferrothorn|Spikes|p2a: Primarina
|-sidestart|p2: oldspicemike|Spikes
|
|-weather|Sandstorm|[upkeep]
|-damage|p2a: Primarina|70/100|[from] Sandstorm
|-heal|p2a: Primarina|76/100|[from] item: Leftovers
|-heal|p1a: Ferrothorn|90/100|[from] item: Leftovers
|upkeep
|turn|8
|
|move|p2a: Primarina|Scald|p1a: Ferrothorn
|-resisted|p1a: Ferrothorn
|-damage|p1a: Ferrothorn|74/100
|move|p1a: Ferrothorn|Spikes|p2a: Primarina
|-sidestart|p2: oldspicemike|Spikes
|
|-weather|none
|-heal|p2a: Primarina|82/100|[from] item: Leftovers
|-heal|p1a: Ferrothorn|80/100|[from] item: Leftovers
|upkeep
|turn|9
|
|move|p2a: Primarina|Scald|p1a: Ferrothorn
|-resisted|p1a: Ferrothorn
|-damage|p1a: Ferrothorn|63/100
|move|p1a: Ferrothorn|Spikes|p2a: Primarina
|-sidestart|p2: oldspicemike|Spikes
|
|-heal|p2a: Primarina|88/100|[from] item: Leftovers
|-heal|p1a: Ferrothorn|69/100|[from] item: Leftovers
|upkeep
|turn|10
|
|move|p2a: Primarina|Calm Mind|p2a: Primarina
|-boost|p2a: Primarina|spa|1
|-boost|p2a: Primarina|spd|1
|move|p1a: Ferrothorn|Gyro Ball|p2a: Primarina
|-end|p2a: Primarina|Substitute
|
|-heal|p2a: Primarina|94/100|[from] item: Leftovers
|-heal|p1a: Ferrothorn|75/100|[from] item: Leftovers
|upkeep
|turn|11
|
|switch|p2a: Corviknight|Corviknight, M|100/100
|-ability|p2a: Corviknight|Pressure
|move|p1a: Ferrothorn|Gyro Ball|p2a: Corviknight
|-resisted|p2a: Corviknight
|-damage|p2a: Corviknight|91/100
|
|-heal|p2a: Corviknight|97/100|[from] item: Leftovers
|-heal|p1a: Ferrothorn|81/100|[from] item: Leftovers
|upkeep
|turn|12
|
|move|p2a: Corviknight|Defog|p1a: Ferrothorn
|-unboost|p1a: Ferrothorn|evasion|1
|-sideend|p1: N30N3|Stealth Rock|[from] move: Defog|[of] p2a: Corviknight
|-sideend|p2: oldspicemike|Spikes|[from] move: Defog|[of] p2a: Corviknight
|move|p1a: Ferrothorn|Leech Seed|p2a: Corviknight
|-start|p2a: Corviknight|move: Leech Seed
|
|-heal|p2a: Corviknight|100/100|[from] item: Leftovers
|-heal|p1a: Ferrothorn|88/100|[from] item: Leftovers
|-damage|p2a: Corviknight|88/100|[from] Leech Seed|[of] p1a: Ferrothorn
|-heal|p1a: Ferrothorn|100/100|[silent]
|upkeep
|turn|13
|
|switch|p2a: Cinderace|Cinderace, M|95/100
|move|p1a: Ferrothorn|Knock Off|p2a: Cinderace
|-damage|p2a: Cinderace|61/100
|-enditem|p2a: Cinderace|Choice Band|[from] move: Knock Off|[of] p1a: Ferrothorn
|
|upkeep
|turn|14
|j| ID Uc207Pr4f57t9
|
|switch|p2a: Primarina|Primarina, M|94/100
|switch|p1a: Hippowdon|Hippowdon, M|100/100
|-weather|Sandstorm|[from] ability: Sand Stream|[of] p1a: Hippowdon
|
|-weather|Sandstorm|[upkeep]
|-damage|p2a: Primarina|88/100|[from] Sandstorm
|-heal|p2a: Primarina|94/100|[from] item: Leftovers
|upkeep
|turn|15
|
|move|p2a: Primarina|Scald|p1a: Hippowdon
|-supereffective|p1a: Hippowdon
|-damage|p1a: Hippowdon|27/100
|move|p1a: Hippowdon|Stealth Rock|p2a: Primarina
|-sidestart|p2: oldspicemike|move: Stealth Rock
|
|-weather|Sandstorm|[upkeep]
|-damage|p2a: Primarina|88/100|[from] Sandstorm
|-heal|p2a: Primarina|94/100|[from] item: Leftovers
|upkeep
|turn|16
|
|switch|p2a: Cinderace|Cinderace, M|61/100
|-damage|p2a: Cinderace|36/100|[from] Stealth Rock
|switch|p1a: Ferrothorn|Ferrothorn, M|100/100
|
|-weather|Sandstorm|[upkeep]
|-damage|p2a: Cinderace|30/100|[from] Sandstorm
|upkeep
|turn|17
|
|switch|p1a: Tyranitar|Tyranitar, F|100/100
|move|p2a: Cinderace|Pyro Ball|p1a: Tyranitar|[miss]
|-miss|p2a: Cinderace|p1a: Tyranitar
|
|-weather|Sandstorm|[upkeep]
|-damage|p2a: Cinderace|24/100|[from] Sandstorm
|upkeep
|turn|18
|
|switch|p1a: Mimikyu|Mimikyu, F|100/100
|move|p2a: Cinderace|High Jump Kick|p1a: Mimikyu
|-immune|p1a: Mimikyu
|-damage|p2a: Cinderace|0 fnt|[from] highjumpkick
|faint|p2a: Cinderace
|
|-weather|Sandstorm|[upkeep]
|-damage|p1a: Mimikyu|95/100|[from] Sandstorm
|upkeep
|j| Disable animations
|c| Disable animations|2000 woah
|j| Trophus
|
|switch|p2a: Seismitoad|Seismitoad, M|72/100
|-damage|p2a: Seismitoad|66/100|[from] Stealth Rock
|turn|19
|
|switch|p1a: Kyurem|Kyurem|88/100
|-ability|p1a: Kyurem|Pressure
|move|p2a: Seismitoad|Scald|p1a: Kyurem
|-resisted|p1a: Kyurem
|-damage|p1a: Kyurem|76/100
|
|-weather|Sandstorm|[upkeep]
|-damage|p1a: Kyurem|70/100|[from] Sandstorm
|-heal|p2a: Seismitoad|72/100|[from] item: Leftovers
|upkeep
|turn|20
|j| jcfarias84
|
|move|p1a: Kyurem|Freeze-Dry|p2a: Seismitoad
|-supereffective|p2a: Seismitoad
|-damage|p2a: Seismitoad|0 fnt
|faint|p2a: Seismitoad
|
|-weather|Sandstorm|[upkeep]
|-damage|p1a: Kyurem|64/100|[from] Sandstorm
|upkeep
|
|switch|p2a: Obstagoon|Obstagoon, F|100/100
|-damage|p2a: Obstagoon|88/100|[from] Stealth Rock
|turn|21
|j| Irene Belserion
|
|switch|p1a: Ferrothorn|Ferrothorn, M|100/100
|move|p2a: Obstagoon|Knock Off|p1a: Ferrothorn
|-damage|p1a: Ferrothorn|75/100
|-damage|p2a: Obstagoon|76/100|[from] ability: Iron Barbs|[of] p1a: Ferrothorn
|-enditem|p1a: Ferrothorn|Leftovers|[from] move: Knock Off|[of] p2a: Obstagoon
|
|-weather|none
|-status|p2a: Obstagoon|brn|[from] item: Flame Orb
|upkeep
|turn|22
|
|move|p2a: Obstagoon|Switcheroo|p1a: Ferrothorn
|-activate|p2a: Obstagoon|move: Trick|[of] p1a: Ferrothorn
|-item|p1a: Ferrothorn|Flame Orb|[from] move: Switcheroo
|-enditem|p2a: Obstagoon|Flame Orb|[silent]|[from] move: Switcheroo
|move|p1a: Ferrothorn|Leech Seed|p2a: Obstagoon
|-start|p2a: Obstagoon|move: Leech Seed
|
|-damage|p2a: Obstagoon|64/100 brn|[from] Leech Seed|[of] p1a: Ferrothorn
|-heal|p1a: Ferrothorn|86/100|[silent]
|-damage|p2a: Obstagoon|58/100 brn|[from] brn
|-status|p1a: Ferrothorn|brn|[from] item: Flame Orb
|upkeep
|turn|23
|j| Uncool_loser
|
|switch|p2a: Corviknight|Corviknight, M|88/100
|-damage|p2a: Corviknight|75/100|[from] Stealth Rock
|-ability|p2a: Corviknight|Pressure
|move|p1a: Ferrothorn|Knock Off|p2a: Corviknight
|-damage|p2a: Corviknight|69/100
|-enditem|p2a: Corviknight|Leftovers|[from] move: Knock Off|[of] p1a: Ferrothorn
|
|-damage|p1a: Ferrothorn|80/100 brn|[from] brn
|upkeep
|turn|24
|j| Newcomerxxx
|inactive|N30N3 has 120 seconds left.
|
|switch|p1a: Kyurem|Kyurem|64/100
|-ability|p1a: Kyurem|Pressure
|move|p2a: Corviknight|U-turn|p1a: Kyurem
|-damage|p1a: Kyurem|49/100
|j| ismail10
|
|switch|p2a: Obstagoon|Obstagoon, F|58/100 brn|[from]move: U-turn
|-damage|p2a: Obstagoon|45/100 brn|[from] Stealth Rock
|
|-damage|p2a: Obstagoon|39/100 brn|[from] brn
|upkeep
|turn|25
|
|switch|p1a: Ferrothorn|Ferrothorn, M|80/100 brn
|move|p2a: Obstagoon|Facade|p1a: Ferrothorn
|-resisted|p1a: Ferrothorn
|-damage|p1a: Ferrothorn|53/100 brn
|-damage|p2a: Obstagoon|27/100 brn|[from] ability: Iron Barbs|[of] p1a: Ferrothorn
|
|-damage|p2a: Obstagoon|21/100 brn|[from] brn
|-damage|p1a: Ferrothorn|47/100 brn|[from] brn
|upkeep
|turn|26
|
|switch|p2a: Corviknight|Corviknight, M|69/100
|-damage|p2a: Corviknight|57/100|[from] Stealth Rock
|-ability|p2a: Corviknight|Pressure
|move|p1a: Ferrothorn|Spikes|p2a: Corviknight
|-sidestart|p2: oldspicemike|Spikes
|
|-damage|p1a: Ferrothorn|40/100 brn|[from] brn
|upkeep
|turn|27
|inactive|N30N3 has 120 seconds left.
|
|move|p2a: Corviknight|Defog|p1a: Ferrothorn
|-unboost|p1a: Ferrothorn|evasion|1
|-sideend|p2: oldspicemike|Spikes|[from] move: Defog|[of] p2a: Corviknight
|-sideend|p2: oldspicemike|Stealth Rock|[from] move: Defog|[of] p2a: Corviknight
|move|p1a: Ferrothorn|Leech Seed|p2a: Corviknight
|-start|p2a: Corviknight|move: Leech Seed
|
|-damage|p2a: Corviknight|44/100|[from] Leech Seed|[of] p1a: Ferrothorn
|-heal|p1a: Ferrothorn|54/100 brn|[silent]
|-damage|p1a: Ferrothorn|48/100 brn|[from] brn
|upkeep
|turn|28
|
|switch|p1a: Kyurem|Kyurem|49/100
|-ability|p1a: Kyurem|Pressure
|move|p2a: Corviknight|U-turn|p1a: Kyurem
|-damage|p1a: Kyurem|36/100
|
|switch|p2a: Obstagoon|Obstagoon, F|21/100 brn|[from]move: U-turn
|
|-damage|p2a: Obstagoon|15/100 brn|[from] brn
|upkeep
|turn|29
|
|switch|p1a: Ferrothorn|Ferrothorn, M|48/100 brn
|move|p2a: Obstagoon|Facade|p1a: Ferrothorn
|-resisted|p1a: Ferrothorn
|-damage|p1a: Ferrothorn|20/100 brn
|-damage|p2a: Obstagoon|3/100 brn|[from] ability: Iron Barbs|[of] p1a: Ferrothorn
|
|-damage|p2a: Obstagoon|0 fnt|[from] brn
|faint|p2a: Obstagoon
|-damage|p1a: Ferrothorn|14/100 brn|[from] brn
|upkeep
|l| Caly's
|
|switch|p2a: Primarina|Primarina, M|94/100
|turn|30
|
|switch|p1a: Tyranitar|Tyranitar, F|100/100
|-weather|Sandstorm|[from] ability: Sand Stream|[of] p1a: Tyranitar
|move|p2a: Primarina|Substitute|p2a: Primarina
|-start|p2a: Primarina|Substitute
|-damage|p2a: Primarina|69/100
|
|-weather|Sandstorm|[upkeep]
|-damage|p2a: Primarina|63/100|[from] Sandstorm
|-heal|p2a: Primarina|69/100|[from] item: Leftovers
|upkeep
|turn|31
|
|move|p1a: Tyranitar|Stone Edge|p2a: Primarina
|-end|p2a: Primarina|Substitute
|move|p2a: Primarina|Scald|p1a: Tyranitar
|-supereffective|p1a: Tyranitar
|-damage|p1a: Tyranitar|46/100
|
|-weather|Sandstorm|[upkeep]
|-damage|p2a: Primarina|63/100|[from] Sandstorm
|-heal|p2a: Primarina|69/100|[from] item: Leftovers
|upkeep
|turn|32
|
|move|p1a: Tyranitar|Stone Edge|p2a: Primarina
|-damage|p2a: Primarina|0 fnt
|faint|p2a: Primarina
|
|-weather|Sandstorm|[upkeep]
|upkeep
|c|☆oldspicemike|gg
|l| Uncool_loser
|j| hell yeah HYper
|-message|oldspicemike forfeited.
|
|win|N30N3
|c|☆N30N3|Gg
|l|+MJB
|l| Fairy Child
|l|☆oldspicemike
|l| hell yeah HYper
|l| phys2000
||Ladder (probably) updated, but score could not be retrieved (Response not received).
|l|☆N30N3
|l| spacie meta
|c| jcfarias84|rank N30N3
|l| 10 margs deep
|c| Newcomerxxx|2045
|c| Newcomerxxx|Wow
