|raw|<div class="broadcast-blue"><strong>This battle is required to be public due to a player having a name starting with 'lt91bb'.</div>
|j|☆LT91BB Neil
|j|☆OUT Kazt
|t:|1659147192
|gametype|singles
|player|p1|LT91BB Neil|dawn|1668
|player|p2|OUT Kazt|acetrainersnowf|1698
|teamsize|p1|6
|teamsize|p2|6
|gen|8
|tier|[Gen 8] OU
|rated|
|rule|Sleep Clause Mod: Limit one foe put to sleep
|rule|Species Clause: Limit one of each Pokémon
|rule|OHKO Clause: OHKO moves are banned
|rule|Evasion Moves Clause: Evasion moves are banned
|rule|Endless Battle Clause: Forcing endless battles is banned
|rule|HP Percentage Mod: HP is shown in percentages
|rule|Dynamax Clause: You cannot dynamax
|clearpoke
|poke|p1|Slowbro, L99, F|
|poke|p1|Blacephalon|
|poke|p1|Landorus-Therian, M|
|poke|p1|Dragapult, M|
|poke|p1|Celesteela|
|poke|p1|Bisharp, M|
|poke|p2|Heatran, M|
|poke|p2|Heracross, F|
|poke|p2|Landorus-Therian, M|
|poke|p2|Slowbro, F|
|poke|p2|Mandibuzz, F|
|poke|p2|Gengar, M|
|teampreview
|inactive|Battle timer is ON: inactive players will automatically lose when time's up. (requested by LT91BB Neil)
|
|t:|1659147254
|start
|switch|p1a: Bisharp|Bisharp, M|100/100
|switch|p2a: Heracross|Heracross, F|100/100
|turn|1
|
|t:|1659147260
|switch|p1a: Landorus|Landorus-Therian, M|100/100
|-ability|p1a: Landorus|Intimidate|boost
|-unboost|p2a: Heracross|atk|1
|move|p2a: Heracross|Earthquake|p1a: Landorus
|-immune|p1a: Landorus
|
|-status|p2a: Heracross|brn|[from] item: Flame Orb
|upkeep
|turn|2
|
|t:|1659147265
|move|p2a: Heracross|Swords Dance|p2a: Heracross
|-boost|p2a: Heracross|atk|2
|move|p1a: Landorus|Earthquake|p2a: Heracross
|-resisted|p2a: Heracross
|-damage|p2a: Heracross|67/100 brn
|
|-damage|p2a: Heracross|61/100 brn|[from] brn
|upkeep
|turn|3
|
|t:|1659147270
|move|p2a: Heracross|Facade|p1a: Landorus
|-damage|p1a: Landorus|0 fnt
|faint|p1a: Landorus
|
|-damage|p2a: Heracross|55/100 brn|[from] brn
|upkeep
|
|t:|1659147274
|switch|p1a: Dragapult|Dragapult, M|100/100
|turn|4
|
|t:|1659147277
|switch|p2a: Mandibuzz|Mandibuzz, F|100/100
|move|p1a: Dragapult|Dragon Darts|p2a: Mandibuzz
|-damage|p2a: Mandibuzz|82/100
|-anim|p1a: Dragapult|Dragon Darts|p2a: Mandibuzz
|-damage|p2a: Mandibuzz|62/100
|
|upkeep
|turn|5
|
|t:|1659147283
|move|p1a: Dragapult|Dragon Darts|p2a: Mandibuzz
|-damage|p2a: Mandibuzz|44/100
|-anim|p1a: Dragapult|Dragon Darts|p2a: Mandibuzz
|-damage|p2a: Mandibuzz|25/100
|move|p2a: Mandibuzz|Roost|p2a: Mandibuzz
|-heal|p2a: Mandibuzz|75/100
|-singleturn|p2a: Mandibuzz|move: Roost
|
|upkeep
|turn|6
|
|t:|1659147289
|switch|p1a: Slowbro|Slowbro, L99, F|100/100
|move|p2a: Mandibuzz|Roost|p2a: Mandibuzz
|-heal|p2a: Mandibuzz|100/100
|-singleturn|p2a: Mandibuzz|move: Roost
|
|upkeep
|turn|7
|
|t:|1659147293
|switch|p2a: Gengar|Gengar, M|100/100
|move|p1a: Slowbro|Teleport|p1a: Slowbro
|
|t:|1659147295
|switch|p1a: Bisharp|Bisharp, M|100/100|[from]move: Teleport
|
|upkeep
|turn|8
|
|t:|1659147298
|move|p1a: Bisharp|Sucker Punch||[still]
|-fail|p1a: Bisharp
|move|p2a: Gengar|Trick|p1a: Bisharp
|-activate|p2a: Gengar|move: Trick|[of] p1a: Bisharp
|-item|p1a: Bisharp|Choice Specs|[from] move: Trick
|-item|p2a: Gengar|Choice Band|[from] move: Trick
|
|upkeep
|turn|9
|
|t:|1659147303
|move|p1a: Bisharp|Sucker Punch||[still]
|-fail|p1a: Bisharp
|move|p2a: Gengar|Nasty Plot|p2a: Gengar
|-boost|p2a: Gengar|spa|2
|
|upkeep
|turn|10
|
|t:|1659147307
|switch|p2a: Heatran|Heatran, M|100/100
|move|p1a: Bisharp|Sucker Punch||[still]
|-fail|p1a: Bisharp
|
|upkeep
|turn|11
|
|t:|1659147310
|switch|p1a: Slowbro|Slowbro, L99, F|100/100
|move|p2a: Heatran|Stealth Rock|p1a: Slowbro
|-sidestart|p1: LT91BB Neil|move: Stealth Rock
|
|upkeep
|turn|12
|
|t:|1659147314
|move|p2a: Heatran|Taunt|p1a: Slowbro
|-start|p1a: Slowbro|move: Taunt
|move|p1a: Slowbro|Future Sight|p2a: Heatran
|-start|p1a: Slowbro|move: Future Sight
|
|upkeep
|turn|13
|
|t:|1659147317
|move|p2a: Heatran|Magma Storm|p1a: Slowbro
|-resisted|p1a: Slowbro
|-damage|p1a: Slowbro|77/100
|-activate|p1a: Slowbro|move: Magma Storm|[of] p2a: Heatran
|move|p1a: Slowbro|Ice Beam|p2a: Heatran
|-resisted|p2a: Heatran
|-damage|p2a: Heatran|97/100
|
|-heal|p2a: Heatran|100/100|[from] item: Leftovers
|-damage|p1a: Slowbro|65/100|[from] move: Magma Storm|[partiallytrapped]
|upkeep
|turn|14
|
|t:|1659147320
|move|p2a: Heatran|Earth Power|p1a: Slowbro
|-crit|p1a: Slowbro
|-damage|p1a: Slowbro|20/100
|move|p1a: Slowbro|Ice Beam|p2a: Heatran
|-resisted|p2a: Heatran
|-damage|p2a: Heatran|97/100
|
|-end|p2a: Heatran|move: Future Sight
|-resisted|p2a: Heatran
|-damage|p2a: Heatran|85/100
|-heal|p2a: Heatran|91/100|[from] item: Leftovers
|-damage|p1a: Slowbro|8/100|[from] move: Magma Storm|[partiallytrapped]
|-end|p1a: Slowbro|move: Taunt
|upkeep
|turn|15
|
|t:|1659147325
|move|p2a: Heatran|Earth Power|p1a: Slowbro
|-damage|p1a: Slowbro|0 fnt
|faint|p1a: Slowbro
|
|-heal|p2a: Heatran|97/100|[from] item: Leftovers
|upkeep
|
|t:|1659147338
|switch|p1a: Dragapult|Dragapult, M|100/100
|-damage|p1a: Dragapult|88/100|[from] Stealth Rock
|turn|16
|
|t:|1659147340
|switch|p2a: Mandibuzz|Mandibuzz, F|100/100
|move|p1a: Dragapult|Dragon Dance|p1a: Dragapult
|-boost|p1a: Dragapult|atk|1
|-boost|p1a: Dragapult|spe|1
|
|upkeep
|turn|17
|
|t:|1659147344
|move|p1a: Dragapult|Dragon Darts|p2a: Mandibuzz
|-damage|p2a: Mandibuzz|74/100
|-anim|p1a: Dragapult|Dragon Darts|p2a: Mandibuzz
|-damage|p2a: Mandibuzz|47/100
|move|p2a: Mandibuzz|Foul Play|p1a: Dragapult
|-supereffective|p1a: Dragapult
|-damage|p1a: Dragapult|0 fnt
|faint|p1a: Dragapult
|
|upkeep
|
|t:|1659147348
|switch|p1a: Bisharp|Bisharp, M|100/100
|-damage|p1a: Bisharp|94/100|[from] Stealth Rock
|turn|18
|
|t:|1659147352
|switch|p2a: Slowbro|Slowbro, F|100/100
|move|p1a: Bisharp|Knock Off|p2a: Slowbro
|-supereffective|p2a: Slowbro
|-crit|p2a: Slowbro
|-damage|p2a: Slowbro|12/100
|-damage|p1a: Bisharp|78/100|[from] item: Rocky Helmet|[of] p2a: Slowbro
|-enditem|p2a: Slowbro|Rocky Helmet|[from] move: Knock Off|[of] p1a: Bisharp
|
|upkeep
|turn|19
|
|t:|1659147356
|move|p1a: Bisharp|Knock Off|p2a: Slowbro
|-supereffective|p2a: Slowbro
|-damage|p2a: Slowbro|0 fnt
|faint|p2a: Slowbro
|
|upkeep
|
|t:|1659147359
|switch|p2a: Heracross|Heracross, F|55/100 brn
|turn|20
|
|t:|1659147362
|move|p2a: Heracross|Earthquake|p1a: Bisharp
|-supereffective|p1a: Bisharp
|-damage|p1a: Bisharp|0 fnt
|faint|p1a: Bisharp
|
|-damage|p2a: Heracross|49/100 brn|[from] brn
|upkeep
|
|t:|1659147368
|switch|p1a: Celesteela|Celesteela|100/100
|-damage|p1a: Celesteela|88/100|[from] Stealth Rock
|turn|21
|
|t:|1659147370
|move|p2a: Heracross|Close Combat|p1a: Celesteela
|-damage|p1a: Celesteela|0 fnt
|-unboost|p2a: Heracross|def|1
|-unboost|p2a: Heracross|spd|1
|faint|p1a: Celesteela
|
|-damage|p2a: Heracross|43/100 brn|[from] brn
|upkeep
|
|t:|1659147379
|switch|p1a: Blacephalon|Blacephalon|100/100
|-damage|p1a: Blacephalon|76/100|[from] Stealth Rock
|turn|22
|
|t:|1659147381
|switch|p2a: Heatran|Heatran, M|97/100
|move|p1a: Blacephalon|Shadow Ball|p2a: Heatran
|-damage|p2a: Heatran|66/100
|
|-heal|p2a: Heatran|72/100|[from] item: Leftovers
|upkeep
|turn|23
|
|t:|1659147386
|move|p1a: Blacephalon|Shadow Ball|p2a: Heatran
|-damage|p2a: Heatran|39/100
|move|p2a: Heatran|Earth Power|p1a: Blacephalon
|-supereffective|p1a: Blacephalon
|-damage|p1a: Blacephalon|0 fnt
|faint|p1a: Blacephalon
|
|win|OUT Kazt
|raw|LT91BB Neil's rating: 1668 &rarr; <strong>1650</strong><br />(-18 for losing)
|raw|OUT Kazt's rating: 1698 &rarr; <strong>1716</strong><br />(+18 for winning)
|l|☆LT91BB Neil
