|j|☆Sww-Suwa
|j|☆Lollols4
|inactive|Battle timer is ON: inactive players will automatically lose when time's up.
|t:|1666657147
|gametype|singles
|player|p1|Sww-Suwa|lass-gen6|
|player|p2|Lollols4|dancer|
|teamsize|p1|6
|teamsize|p2|6
|gen|8
|tier|[Gen 8] OU
|rated|Tournament battle
|rule|Sleep Clause Mod: Limit one foe put to sleep
|rule|Species Clause: Limit one of each Pokémon
|rule|OHKO Clause: OHKO moves are banned
|rule|Evasion Items Clause: Evasion items are banned
|rule|Evasion Moves Clause: Evasion moves are banned
|rule|Endless Battle Clause: Forcing endless battles is banned
|rule|HP Percentage Mod: HP is shown in percentages
|rule|Dynamax Clause: You cannot dynamax
|clearpoke
|poke|p1|Heatran, M|
|poke|p1|Clefable, M|
|poke|p1|Slowking, F|
|poke|p1|Amoonguss, M|
|poke|p1|Garchomp, M|
|poke|p1|Corviknight, M|
|poke|p2|Dusclops, F|
|poke|p2|Crustle, M|
|poke|p2|Slowbro, M|
|poke|p2|Conkeldurr, M|
|poke|p2|Crawdaunt, F|
|poke|p2|Regidrago|
|teampreview
|inactive|Lollols4 also wants the timer to be on.
|j| TheNewBrends11
|j|%htcl
|c|☆Sww-Suwa|hf
|j| dsjpocdjop
|
|t:|1666657161
|start
|switch|p1a: Heatran|Heatran, M|100/100
|switch|p2a: Crustle|Crustle, M, shiny|100/100
|turn|1
|j| sufy512
|
|t:|1666657188
|move|p1a: Heatran|Taunt|p2a: Crustle
|-start|p2a: Crustle|move: Taunt
|cant|p2a: Crustle|move: Taunt|Shell Smash
|
|upkeep
|turn|2
|inactive|Lollols4 has 120 seconds left.
|
|t:|1666657207
|switch|p1a: Amoonguss|Amoonguss, M, shiny|100/100
|move|p2a: Crustle|Earthquake|p1a: Amoonguss
|-crit|p1a: Amoonguss
|-damage|p1a: Amoonguss|65/100
|
|upkeep
|turn|3
|
|t:|1666657217
|move|p2a: Crustle|Earthquake|p1a: Amoonguss
|-damage|p1a: Amoonguss|40/100
|move|p1a: Amoonguss|Spore|p2a: Crustle
|-status|p2a: Crustle|slp|[from] move: Spore
|
|-end|p2a: Crustle|move: Taunt
|upkeep
|turn|4
|inactive|Lollols4 has 120 seconds left.
|j| Bavarian Swordsman
|
|t:|1666657250
|switch|p2a: Conkeldurr|Conkeldurr, M, shiny|100/100
|switch|p1a: Garchomp|Garchomp, M|100/100
|
|-status|p2a: Conkeldurr|brn|[from] item: Flame Orb
|upkeep
|turn|5
|j| Faceblue
|
|t:|1666657272
|move|p1a: Garchomp|Stealth Rock|p2a: Conkeldurr
|-sidestart|p2: Lollols4|move: Stealth Rock
|move|p2a: Conkeldurr|Drain Punch|p1a: Garchomp
|-damage|p1a: Garchomp|36/100
|-damage|p2a: Conkeldurr|88/100 brn|[from] ability: Rough Skin|[of] p1a: Garchomp
|
|-heal|p1a: Garchomp|42/100|[from] item: Leftovers
|-damage|p2a: Conkeldurr|82/100 brn|[from] brn
|upkeep
|turn|6
|l| Bavarian Swordsman
|j| Lord Bebsi
|inactive|Lollols4 has 90 seconds left.
|
|t:|1666657287
|switch|p2a: Slowbro|Slowbro, M|100/100
|-damage|p2a: Slowbro|88/100|[from] Stealth Rock
|move|p1a: Garchomp|Earthquake|p2a: Slowbro
|-damage|p2a: Slowbro|50/100
|
|-heal|p1a: Garchomp|48/100|[from] item: Leftovers
|-heal|p2a: Slowbro|56/100|[from] item: Leftovers
|upkeep
|turn|7
|inactive|Lollols4 has 90 seconds left.
|
|t:|1666657297
|move|p1a: Garchomp|Swords Dance|p1a: Garchomp
|-boost|p1a: Garchomp|atk|2
|move|p2a: Slowbro|Trick Room|p2a: Slowbro
|-fieldstart|move: Trick Room|[of] p2a: Slowbro
|
|-heal|p2a: Slowbro|62/100|[from] item: Leftovers
|-heal|p1a: Garchomp|54/100|[from] item: Leftovers
|upkeep
|turn|8
|inactive|Lollols4 has 90 seconds left.
|j| iGeomagician
|l| iGeomagician
|
|t:|1666657332
|move|p2a: Slowbro|Surf|p1a: Garchomp
|-damage|p1a: Garchomp|6/100
|move|p1a: Garchomp|Earthquake|p2a: Slowbro
|-damage|p2a: Slowbro|0 fnt
|faint|p2a: Slowbro
|
|-heal|p1a: Garchomp|13/100|[from] item: Leftovers
|upkeep
|inactive|Lollols4 has 60 seconds left.
|
|t:|1666657347
|switch|p2a: Conkeldurr|Conkeldurr, M, shiny|82/100 brn
|-damage|p2a: Conkeldurr|76/100 brn|[from] Stealth Rock
|turn|9
|inactive|Lollols4 has 60 seconds left.
|inactive|Sww-Suwa has 120 seconds left.
|
|t:|1666657401
|switch|p1a: Slowking|Slowking, F|100/100
|move|p2a: Conkeldurr|Earthquake|p1a: Slowking
|-damage|p1a: Slowking|39/100
|
|-damage|p2a: Conkeldurr|70/100 brn|[from] brn
|upkeep
|turn|10
|inactive|Lollols4 has 60 seconds left.
|
|t:|1666657417
|switch|p1a: Corviknight|Corviknight, M, shiny|100/100
|-ability|p1a: Corviknight|Pressure
|move|p2a: Conkeldurr|Earthquake|p1a: Corviknight
|-immune|p1a: Corviknight
|
|-damage|p2a: Conkeldurr|64/100 brn|[from] brn
|upkeep
|turn|11
|
|t:|1666657433
|switch|p2a: Dusclops|Dusclops, F, shiny|100/100
|-damage|p2a: Dusclops|88/100|[from] Stealth Rock
|-ability|p2a: Dusclops|Pressure
|switch|p1a: Amoonguss|Amoonguss, M, shiny|73/100
|
|-fieldend|move: Trick Room
|upkeep
|turn|12
|
|t:|1666657446
|switch|p1a: Clefable|Clefable, M|100/100
|move|p2a: Dusclops|Trick Room|p2a: Dusclops
|-fieldstart|move: Trick Room|[of] p2a: Dusclops
|
|upkeep
|turn|13
|j| StakaReset
|
|t:|1666657454
|switch|p2a: Crustle|Crustle, M, shiny|100/100 slp
|-damage|p2a: Crustle|76/100 slp|[from] Stealth Rock
|move|p1a: Clefable|Moonblast|p2a: Crustle
|-damage|p2a: Crustle|25/100 slp
|
|upkeep
|turn|14
|inactive|Sww-Suwa has 120 seconds left.
|
|t:|1666657465
|switch|p1a: Slowking|Slowking, F|72/100
|cant|p2a: Crustle|slp
|
|upkeep
|turn|15
|
|t:|1666657477
|switch|p1a: Amoonguss|Amoonguss, M, shiny|100/100
|-curestatus|p2a: Crustle|slp|[msg]
|move|p2a: Crustle|Stealth Rock|p1a: Amoonguss
|-sidestart|p1: Sww-Suwa|move: Stealth Rock
|
|upkeep
|turn|16
|
|t:|1666657488
|switch|p2a: Conkeldurr|Conkeldurr, M, shiny|64/100 brn
|-damage|p2a: Conkeldurr|58/100 brn|[from] Stealth Rock
|move|p1a: Amoonguss|Foul Play|p2a: Conkeldurr
|-resisted|p2a: Conkeldurr
|-damage|p2a: Conkeldurr|42/100 brn
|
|-damage|p2a: Conkeldurr|36/100 brn|[from] brn
|-fieldend|move: Trick Room
|upkeep
|turn|17
|
|t:|1666657499
|move|p1a: Amoonguss|Sludge Bomb|p2a: Conkeldurr
|-damage|p2a: Conkeldurr|5/100 brn
|move|p2a: Conkeldurr|Facade|p1a: Amoonguss
|-damage|p1a: Amoonguss|34/100
|-damage|p2a: Conkeldurr|0 fnt|[from] item: Rocky Helmet|[of] p1a: Amoonguss
|faint|p2a: Conkeldurr
|
|upkeep
|
|t:|1666657513
|switch|p2a: Dusclops|Dusclops, F, shiny|88/100
|-damage|p2a: Dusclops|76/100|[from] Stealth Rock
|-ability|p2a: Dusclops|Pressure
|turn|18
|
|t:|1666657526
|move|p1a: Amoonguss|Spore|p2a: Dusclops
|-status|p2a: Dusclops|slp|[from] move: Spore
|cant|p2a: Dusclops|slp
|
|upkeep
|turn|19
|
|t:|1666657540
|move|p1a: Amoonguss|Giga Drain|p2a: Dusclops
|-damage|p2a: Dusclops|62/100 slp
|-heal|p1a: Amoonguss|38/100|[from] drain|[of] p2a: Dusclops
|cant|p2a: Dusclops|slp
|
|upkeep
|turn|20
|
|t:|1666657547
|move|p1a: Amoonguss|Giga Drain|p2a: Dusclops
|-damage|p2a: Dusclops|49/100 slp
|-heal|p1a: Amoonguss|41/100|[from] drain|[of] p2a: Dusclops
|-curestatus|p2a: Dusclops|slp|[msg]
|move|p2a: Dusclops|Trick Room|p2a: Dusclops
|-fieldstart|move: Trick Room|[of] p2a: Dusclops
|
|upkeep
|turn|21
|
|t:|1666657556
|switch|p1a: Slowking|Slowking, F|100/100
|move|p2a: Dusclops|Seismic Toss|p1a: Slowking
|-damage|p1a: Slowking|75/100
|
|upkeep
|turn|22
|inactive|Lollols4 has 60 seconds left.
|
|t:|1666657563
|move|p2a: Dusclops|Pain Split|p1a: Slowking
|-sethp|p1a: Slowking|52/100|[from] move: Pain Split|[silent]
|-sethp|p2a: Dusclops|91/100|[from] move: Pain Split
|move|p1a: Slowking|Teleport|p1a: Slowking
|
|t:|1666657569
|switch|p1a: Amoonguss|Amoonguss, M, shiny|75/100|[from]move: Teleport
|-damage|p1a: Amoonguss|62/100|[from] Stealth Rock
|
|upkeep
|turn|23
|inactive|Lollols4 has 60 seconds left.
|
|t:|1666657590
|move|p2a: Dusclops|Seismic Toss|p1a: Amoonguss
|-damage|p1a: Amoonguss|39/100
|-damage|p2a: Dusclops|75/100|[from] item: Rocky Helmet|[of] p1a: Amoonguss
|move|p1a: Amoonguss|Spore|p2a: Dusclops
|-status|p2a: Dusclops|slp|[from] move: Spore
|
|upkeep
|turn|24
|
|t:|1666657600
|switch|p1a: Clefable|Clefable, M|100/100
|cant|p2a: Dusclops|slp
|
|-fieldend|move: Trick Room
|upkeep
|turn|25
|
|t:|1666657610
|switch|p2a: Crustle|Crustle, M, shiny|25/100
|-damage|p2a: Crustle|0 fnt|[from] Stealth Rock
|faint|p2a: Crustle
|move|p1a: Clefable|Moonblast|p2: Crustle|[notarget]
|-fail|p1a: Clefable
|
|upkeep
|
|t:|1666657618
|switch|p2a: Dusclops|Dusclops, F, shiny|75/100 slp
|-damage|p2a: Dusclops|63/100 slp|[from] Stealth Rock
|-ability|p2a: Dusclops|Pressure
|turn|26
|
|t:|1666657624
|move|p1a: Clefable|Moonblast|p2a: Dusclops
|-damage|p2a: Dusclops|43/100 slp
|cant|p2a: Dusclops|slp
|
|upkeep
|turn|27
|j| iniub
|l| sufy512
|
|t:|1666657633
|switch|p1a: Heatran|Heatran, M|100/100
|-damage|p1a: Heatran|88/100|[from] Stealth Rock
|-curestatus|p2a: Dusclops|slp|[msg]
|move|p2a: Dusclops|Pain Split|p1a: Heatran
|-sethp|p1a: Heatran|56/100|[from] move: Pain Split|[silent]
|-sethp|p2a: Dusclops|98/100|[from] move: Pain Split
|
|-heal|p1a: Heatran|63/100|[from] item: Leftovers
|upkeep
|turn|28
|
|t:|1666657645
|move|p1a: Heatran|Taunt|p2a: Dusclops
|-start|p2a: Dusclops|move: Taunt
|cant|p2a: Dusclops|move: Taunt|Trick Room
|
|-heal|p1a: Heatran|69/100|[from] item: Leftovers
|upkeep
|turn|29
|
|t:|1666657653
|move|p1a: Heatran|Toxic|p2a: Dusclops
|-status|p2a: Dusclops|tox
|move|p2a: Dusclops|Seismic Toss|p1a: Heatran
|-damage|p1a: Heatran|43/100
|
|-heal|p1a: Heatran|49/100|[from] item: Leftovers
|-damage|p2a: Dusclops|92/100 tox|[from] psn
|upkeep
|turn|30
|inactive|Lollols4 has 90 seconds left.
|
|t:|1666657663
|move|p1a: Heatran|Magma Storm|p2a: Dusclops
|-damage|p2a: Dusclops|65/100 tox
|-activate|p2a: Dusclops|move: Magma Storm|[of] p1a: Heatran
|move|p2a: Dusclops|Seismic Toss|p1a: Heatran
|-damage|p1a: Heatran|23/100
|
|-heal|p1a: Heatran|30/100|[from] item: Leftovers
|-damage|p2a: Dusclops|53/100 tox|[from] psn
|-damage|p2a: Dusclops|41/100 tox|[from] move: Magma Storm|[partiallytrapped]
|-end|p2a: Dusclops|move: Taunt
|upkeep
|turn|31
|inactive|Lollols4 has 90 seconds left.
|
|t:|1666657695
|move|p1a: Heatran|Taunt|p2a: Dusclops
|-start|p2a: Dusclops|move: Taunt
|cant|p2a: Dusclops|move: Taunt|Trick Room
|
|-heal|p1a: Heatran|36/100|[from] item: Leftovers
|-damage|p2a: Dusclops|23/100 tox|[from] psn
|-damage|p2a: Dusclops|11/100 tox|[from] move: Magma Storm|[partiallytrapped]
|upkeep
|turn|32
|j| iGeomagician
|l| iGeomagician
|
|t:|1666657706
|switch|p1a: Clefable|Clefable, M|100/100
|move|p2a: Dusclops|Seismic Toss|p1a: Clefable
|-damage|p1a: Clefable|75/100
|
|-heal|p1a: Clefable|81/100|[from] item: Leftovers
|-damage|p2a: Dusclops|0 fnt|[from] psn
|faint|p2a: Dusclops
|upkeep
|j| natdexfunnn
|inactive|Lollols4 has 60 seconds left.
|
|t:|1666657722
|switch|p2a: Crawdaunt|Crawdaunt, F|100/100
|-damage|p2a: Crawdaunt|88/100|[from] Stealth Rock
|turn|33
|
|t:|1666657730
|move|p2a: Crawdaunt|Aqua Jet|p1a: Clefable
|-crit|p1a: Clefable
|-damage|p1a: Clefable|24/100
|move|p1a: Clefable|Moonblast|p2a: Crawdaunt
|-supereffective|p2a: Crawdaunt
|-damage|p2a: Crawdaunt|0 fnt
|faint|p2a: Crawdaunt
|
|-heal|p1a: Clefable|30/100|[from] item: Leftovers
|upkeep
|c|☆Lollols4|Gg
|c|☆Sww-Suwa|gg
|inactive|Lollols4 has 60 seconds left.
|j| fork gaming
|
|t:|1666657749
|switch|p2a: Regidrago|Regidrago, shiny|100/100
|-damage|p2a: Regidrago|88/100|[from] Stealth Rock
|turn|34
|inactive|Lollols4 has 60 seconds left.
|
|t:|1666657759
|move|p2a: Regidrago|Ancient Power|p1a: Clefable
|-damage|p1a: Clefable|8/100
|-boost|p2a: Regidrago|atk|1
|-boost|p2a: Regidrago|def|1
|-boost|p2a: Regidrago|spa|1
|-boost|p2a: Regidrago|spd|1
|-boost|p2a: Regidrago|spe|1
|move|p1a: Clefable|Soft-Boiled|p1a: Clefable
|-heal|p1a: Clefable|58/100
|
|-heal|p1a: Clefable|64/100|[from] item: Leftovers
|upkeep
|turn|35
|inactive|Lollols4 has 60 seconds left.
|
|t:|1666657770
|move|p2a: Regidrago|Ancient Power|p1a: Clefable
|-damage|p1a: Clefable|27/100
|move|p1a: Clefable|Soft-Boiled|p1a: Clefable
|-heal|p1a: Clefable|77/100
|
|-heal|p1a: Clefable|83/100|[from] item: Leftovers
|upkeep
|turn|36
|inactive|Lollols4 has 60 seconds left.
|j| wintrmint
|c|☆Lollols4|Gg dude
|c|☆Lollols4|Don't stall
|
|t:|1666657800
|move|p2a: Regidrago|Ancient Power|p1a: Clefable
|-damage|p1a: Clefable|50/100
|move|p1a: Clefable|Calm Mind|p1a: Clefable
|-boost|p1a: Clefable|spa|1
|-boost|p1a: Clefable|spd|1
|
|-heal|p1a: Clefable|57/100|[from] item: Leftovers
|upkeep
|turn|37
|c|☆Sww-Suwa|i am not stalling but i get 2hko by this lol
|c| dsjpocdjop|...
|inactive|Lollols4 has 30 seconds left.
|c|☆Lollols4|Bro you would have already won off a moonblast
|inactive|Lollols4 has 20 seconds left.
|inactive|Lollols4 has 15 seconds left.
|-message|Lollols4 forfeited.
|
|win|Sww-Suwa
|inactive|Lollols4 has 20 seconds left this turn.
|n|☆Sww-Suwa|swwsuwa
|n|☆Lollols4|lollols4
|n| TheNewBrends11|thenewbrends11
|n| htcl|htcl
|n| dsjpocdjop|dsjpocdjop
|n| Faceblue|faceblue
|n| Lord Bebsi|lordbebsi
|n| StakaReset|stakareset
|n| iniub|iniub
|n| natdexfunnn|natdexfunnn
|n| fork gaming|forkgaming
|n| wintrmint|wintrmint
|l|☆Lollols4
|c|☆Sww-Suwa|moonblast doesnt kill at +1 sorry
|c|☆Sww-Suwa|:(
|c| dsjpocdjop|damn shame
|l|☆Sww-Suwa
|l| dsjpocdjop
|l| StakaReset
|l| htcl
|l| wintrmint
|l| Faceblue
|l| fork gaming
|l| iniub
|l| natdexfunnn
