|raw|<div class="broadcast-blue"><strong>This battle is required to be public due to a player having a name starting with 'lt93oq'.</div>
|j|☆LT93OQ Shurtugal
|j|‽kinetic chain
|t:|1660690734
|gametype|singles
|player|p1|LT93OQ Shurtugal|hilda-masters|1835
|player|p2|kinetic chain|silver-gen2|1894
|teamsize|p1|6
|teamsize|p2|6
|gen|8
|tier|[Gen 8] OU
|rated|
|rule|Sleep Clause Mod: Limit one foe put to sleep
|rule|Species Clause: Limit one of each Pokémon
|rule|OHKO Clause: OHKO moves are banned
|rule|Evasion Items Clause: Evasion items are banned
|rule|Evasion Moves Clause: Evasion moves are banned
|rule|Endless Battle Clause: Forcing endless battles is banned
|rule|HP Percentage Mod: HP is shown in percentages
|rule|Dynamax Clause: You cannot dynamax
|clearpoke
|poke|p1|Landorus-Therian, M|
|poke|p1|Bisharp, F|
|poke|p1|Aegislash, M|
|poke|p1|Dragapult, M|
|poke|p1|Blacephalon|
|poke|p1|Urshifu-*, M|
|poke|p2|Dragapult, M|
|poke|p2|Toxapex, F|
|poke|p2|Weavile, M|
|poke|p2|Heatran, M|
|poke|p2|Landorus-Therian, M|
|poke|p2|Zapdos|
|teampreview
|inactive|Battle timer is ON: inactive players will automatically lose when time's up. (requested by kinetic chain)
|
|t:|1660690749
|start
|switch|p1a: Blacephalon|Blacephalon|100/100
|switch|p2a: Landorus|Landorus-Therian, M|100/100
|-ability|p2a: Landorus|Intimidate|boost
|-unboost|p1a: Blacephalon|atk|1
|turn|1
|
|t:|1660690753
|switch|p1a: Landorus|Landorus-Therian, M|100/100
|-ability|p1a: Landorus|Intimidate|boost
|-unboost|p2a: Landorus|atk|1
|move|p2a: Landorus|Earthquake|p1a: Landorus
|-immune|p1a: Landorus
|
|upkeep
|turn|2
|
|t:|1660690757
|move|p2a: Landorus|Toxic|p1a: Landorus
|-status|p1a: Landorus|tox
|move|p1a: Landorus|Stealth Rock|p2a: Landorus
|-sidestart|p2: kinetic chain|move: Stealth Rock
|
|-damage|p1a: Landorus|94/100 tox|[from] psn
|upkeep
|turn|3
|
|t:|1660690759
|move|p2a: Landorus|Stealth Rock|p1a: Landorus
|-sidestart|p1: LT93OQ Shurtugal|move: Stealth Rock
|move|p1a: Landorus|Explosion|p2a: Landorus
|-damage|p2a: Landorus|0 fnt
|faint|p1a: Landorus
|faint|p2a: Landorus
|
|upkeep
|
|t:|1660690769
|switch|p2a: Zapdos|Zapdos|100/100
|switch|p1a: Dragapult|Dragapult, M|100/100
|-damage|p1a: Dragapult|88/100|[from] Stealth Rock
|turn|4
|j|@ironwater
|
|t:|1660690774
|switch|p2a: Toxapex|Toxapex, F|100/100
|-damage|p2a: Toxapex|88/100|[from] Stealth Rock
|move|p1a: Dragapult|Shadow Ball|p2a: Toxapex
|-damage|p2a: Toxapex|43/100
|
|upkeep
|turn|5
|
|t:|1660690779
|switch|p2a: Weavile|Weavile, M|100/100
|move|p1a: Dragapult|Shadow Ball|p2a: Weavile
|-resisted|p2a: Weavile
|-damage|p2a: Weavile|61/100
|
|upkeep
|turn|6
|j| LT93OQ Bee
|
|t:|1660690786
|switch|p1a: Urshifu|Urshifu-Rapid-Strike, M|100/100
|-damage|p1a: Urshifu|94/100|[from] Stealth Rock
|switch|p2a: Zapdos|Zapdos|100/100
|
|upkeep
|turn|7
|j| Lunala
|
|t:|1660690793
|switch|p1a: Aegislash|Aegislash, M|100/100
|-damage|p1a: Aegislash|95/100|[from] Stealth Rock
|move|p2a: Zapdos|Volt Switch|p1a: Aegislash
|-damage|p1a: Aegislash|65/100
|j| pls send team
|
|t:|1660690800
|switch|p2a: Dragapult|Dragapult, M|100/100|[from]move: Volt Switch
|-damage|p2a: Dragapult|88/100|[from] Stealth Rock
|
|upkeep
|turn|8
|
|t:|1660690803
|move|p1a: Aegislash|King's Shield|p1a: Aegislash
|-singleturn|p1a: Aegislash|Protect
|move|p2a: Dragapult|Shadow Ball|p1a: Aegislash
|-activate|p1a: Aegislash|move: Protect
|
|upkeep
|turn|9
|
|t:|1660690805
|switch|p1a: Bisharp|Bisharp, F|100/100
|-damage|p1a: Bisharp|94/100|[from] Stealth Rock
|move|p2a: Dragapult|Shadow Ball|p1a: Bisharp
|-resisted|p1a: Bisharp
|-damage|p1a: Bisharp|53/100
|
|upkeep
|turn|10
|
|t:|1660690811
|move|p2a: Dragapult|Shadow Ball|p1a: Bisharp
|-resisted|p1a: Bisharp
|-damage|p1a: Bisharp|8/100
|move|p1a: Bisharp|Knock Off|p2a: Dragapult
|-supereffective|p2a: Dragapult
|-damage|p2a: Dragapult|0 fnt
|-enditem|p2a: Dragapult|Choice Specs|[from] move: Knock Off|[of] p1a: Bisharp
|faint|p2a: Dragapult
|
|upkeep
|
|t:|1660690817
|switch|p2a: Weavile|Weavile, M|61/100
|turn|11
|j| Creusot
|
|t:|1660690821
|move|p1a: Bisharp|Sucker Punch|p2a: Weavile
|-resisted|p2a: Weavile
|-damage|p2a: Weavile|27/100
|move|p2a: Weavile|Knock Off|p1a: Bisharp
|-resisted|p1a: Bisharp
|-damage|p1a: Bisharp|0 fnt
|-enditem|p1a: Bisharp|Shuca Berry|[from] move: Knock Off|[of] p2a: Weavile
|faint|p1a: Bisharp
|
|upkeep
|
|t:|1660690824
|switch|p1a: Urshifu|Urshifu-Rapid-Strike, M|94/100
|-damage|p1a: Urshifu|88/100|[from] Stealth Rock
|turn|12
|
|t:|1660690827
|switch|p2a: Toxapex|Toxapex, F|77/100
|-damage|p2a: Toxapex|65/100|[from] Stealth Rock
|move|p1a: Urshifu|U-turn|p2a: Toxapex
|-resisted|p2a: Toxapex
|-damage|p2a: Toxapex|57/100
|
|t:|1660690831
|switch|p1a: Aegislash|Aegislash, M|65/100|[from]move: U-turn
|-damage|p1a: Aegislash|59/100|[from] Stealth Rock
|
|upkeep
|turn|13
|j| LT93OQ Uxilon
|j| isudbhfahsb
|
|t:|1660690836
|-formechange|p1a: Aegislash|Aegislash-Blade||[from] ability: Stance Change
|move|p1a: Aegislash|Shadow Ball|p2a: Toxapex
|-damage|p2a: Toxapex|0 fnt
|faint|p2a: Toxapex
|-damage|p1a: Aegislash|49/100|[from] item: Life Orb
|
|upkeep
|j| Misterioussaint
|l| Misterioussaint
|
|t:|1660690846
|switch|p2a: Weavile|Weavile, M|27/100
|turn|14
|
|t:|1660690848
|-formechange|p1a: Aegislash|Aegislash||[from] ability: Stance Change
|move|p1a: Aegislash|King's Shield|p1a: Aegislash
|-singleturn|p1a: Aegislash|Protect
|move|p2a: Weavile|Knock Off|p1a: Aegislash
|-activate|p1a: Aegislash|move: Protect
|-unboost|p2a: Weavile|atk|1
|
|upkeep
|turn|15
|j| NoTollsNoRolls
|j| Shiox
|
|t:|1660690855
|switch|p2a: Zapdos|Zapdos|100/100
|-formechange|p1a: Aegislash|Aegislash-Blade||[from] ability: Stance Change
|move|p1a: Aegislash|Flash Cannon|p2a: Zapdos
|-resisted|p2a: Zapdos
|-damage|p2a: Zapdos|63/100
|-damage|p1a: Aegislash|39/100|[from] item: Life Orb
|
|upkeep
|turn|16
|j| LT93OQ Ahsan
|j| lt93oq zz
|
|t:|1660690861
|-formechange|p1a: Aegislash|Aegislash||[from] ability: Stance Change
|move|p1a: Aegislash|King's Shield|p1a: Aegislash
|-singleturn|p1a: Aegislash|Protect
|move|p2a: Zapdos|Volt Switch|p1a: Aegislash
|-activate|p1a: Aegislash|move: Protect
|
|upkeep
|turn|17
|j| PLZ Don't Machoke!
|l| lt93oq zz
|
|t:|1660690866
|move|p2a: Zapdos|Volt Switch|p1a: Aegislash
|-damage|p1a: Aegislash|9/100
|
|t:|1660690868
|switch|p2a: Heatran|Heatran, M|100/100|[from]move: Volt Switch
|-damage|p2a: Heatran|88/100|[from] Stealth Rock
|-formechange|p1a: Aegislash|Aegislash-Blade||[from] ability: Stance Change
|move|p1a: Aegislash|Shadow Ball|p2a: Heatran
|-damage|p2a: Heatran|53/100
|-damage|p1a: Aegislash|0 fnt|[from] item: Life Orb
|faint|p1a: Aegislash
|
|-heal|p2a: Heatran|59/100|[from] item: Leftovers
|upkeep
|
|t:|1660690871
|switch|p1a: Urshifu|Urshifu-Rapid-Strike, M|88/100
|-damage|p1a: Urshifu|82/100|[from] Stealth Rock
|turn|18
|
|t:|1660690881
|switch|p2a: Weavile|Weavile, M|27/100
|move|p1a: Urshifu|Surging Strikes|p2a: Weavile
|-crit|p2a: Weavile
|-damage|p2a: Weavile|0 fnt
|faint|p2a: Weavile
|-hitcount|p2: Weavile|1
|
|upkeep
|
|t:|1660690883
|switch|p2a: Zapdos|Zapdos|63/100
|turn|19
|
|t:|1660690894
|switch|p1a: Blacephalon|Blacephalon|100/100
|-damage|p1a: Blacephalon|76/100|[from] Stealth Rock
|move|p2a: Zapdos|Hurricane|p1a: Blacephalon|[miss]
|-miss|p2a: Zapdos|p1a: Blacephalon
|
|upkeep
|turn|20
|
|t:|1660690897
|move|p1a: Blacephalon|Shadow Ball|p2a: Zapdos
|-damage|p2a: Zapdos|6/100
|move|p2a: Zapdos|Hurricane|p1a: Blacephalon
|-damage|p1a: Blacephalon|0 fnt
|faint|p1a: Blacephalon
|
|upkeep
|
|t:|1660690900
|switch|p1a: Dragapult|Dragapult, M|88/100
|-damage|p1a: Dragapult|76/100|[from] Stealth Rock
|turn|21
|-message|kinetic chain forfeited.
|
|win|LT93OQ Shurtugal
|raw|LT93OQ Shurtugal's rating: 1835 &rarr; <strong>1858</strong><br />(+23 for winning)
|raw|kinetic chain's rating: 1894 &rarr; <strong>1871</strong><br />(-23 for losing)
|l|‽kinetic chain
