|j|☆ElStefano
|j|☆Vice Esports
|t:|1655154046
|gametype|singles
|player|p1|ElStefano|266|1688
|player|p2|Vice Esports|doctor|1625
|teamsize|p1|6
|teamsize|p2|6
|gen|8
|tier|[Gen 8] OU
|rated|
|rule|Sleep Clause Mod: Limit one foe put to sleep
|rule|Species Clause: Limit one of each Pokémon
|rule|OHKO Clause: OHKO moves are banned
|rule|Evasion Moves Clause: Evasion moves are banned
|rule|Endless Battle Clause: Forcing endless battles is banned
|rule|HP Percentage Mod: HP is shown in percentages
|rule|Dynamax Clause: You cannot dynamax
|clearpoke
|poke|p1|Tapu Lele|
|poke|p1|Weavile, F|
|poke|p1|Volcarona, M|
|poke|p1|Seismitoad, F|
|poke|p1|Corviknight, M|
|poke|p1|Dragapult, M|
|poke|p2|Glastrier|
|poke|p2|Zapdos|
|poke|p2|Hippowdon, M|
|poke|p2|Keldeo-Resolute|
|poke|p2|Slowbro, M|
|poke|p2|Clefable, M|
|teampreview
|inactive|Battle timer is ON: inactive players will automatically lose when time's up. (requested by ElStefano)
|
|t:|1655154076
|start
|switch|p1a: Tapu Lele|Tapu Lele|100/100
|switch|p2a: Clefable|Clefable, M|100/100
|-fieldstart|move: Psychic Terrain|[from] ability: Psychic Surge|[of] p1a: Tapu Lele
|turn|1
|c|☆ElStefano|Gl hf
|
|t:|1655154088
|move|p2a: Clefable|Protect|p2a: Clefable
|-singleturn|p2a: Clefable|Protect
|move|p1a: Tapu Lele|Psyshock|p2a: Clefable
|-activate|p2a: Clefable|move: Protect
|
|upkeep
|turn|2
|
|t:|1655154094
|switch|p2a: Slowbro|Slowbro, M|100/100
|move|p1a: Tapu Lele|Calm Mind|p1a: Tapu Lele
|-boost|p1a: Tapu Lele|spa|1
|-boost|p1a: Tapu Lele|spd|1
|
|upkeep
|turn|3
|
|t:|1655154100
|move|p1a: Tapu Lele|Moonblast|p2a: Slowbro
|-damage|p2a: Slowbro|26/100
|-unboost|p2a: Slowbro|spa|1
|move|p2a: Slowbro|Teleport|p2a: Slowbro
|
|t:|1655154106
|switch|p2a: Clefable|Clefable, M|100/100|[from]move: Teleport
|
|upkeep
|turn|4
|
|t:|1655154111
|move|p1a: Tapu Lele|Psyshock|p2a: Clefable
|-damage|p2a: Clefable|59/100
|move|p2a: Clefable|Wish|p2a: Clefable
|
|upkeep
|turn|5
|
|t:|1655154118
|move|p1a: Tapu Lele|Moonblast|p2a: Clefable
|-damage|p2a: Clefable|13/100
|move|p2a: Clefable|Moonblast|p1a: Tapu Lele
|-damage|p1a: Tapu Lele|67/100
|
|-heal|p2a: Clefable|63/100|[from] move: Wish|[wisher] Clefable
|-fieldend|move: Psychic Terrain
|upkeep
|turn|6
|
|t:|1655154125
|move|p1a: Tapu Lele|Moonblast|p2a: Clefable
|-damage|p2a: Clefable|16/100
|-unboost|p2a: Clefable|spa|1
|move|p2a: Clefable|Wish|p2a: Clefable
|
|upkeep
|turn|7
|
|t:|1655154130
|move|p2a: Clefable|Protect|p2a: Clefable
|-singleturn|p2a: Clefable|Protect
|move|p1a: Tapu Lele|Calm Mind|p1a: Tapu Lele
|-boost|p1a: Tapu Lele|spa|1
|-boost|p1a: Tapu Lele|spd|1
|
|-heal|p2a: Clefable|66/100|[from] move: Wish|[wisher] Clefable
|upkeep
|turn|8
|
|t:|1655154134
|move|p1a: Tapu Lele|Moonblast|p2a: Clefable
|-damage|p2a: Clefable|23/100
|move|p2a: Clefable|Wish|p2a: Clefable
|
|upkeep
|turn|9
|
|t:|1655154140
|move|p2a: Clefable|Protect|p2a: Clefable
|-singleturn|p2a: Clefable|Protect
|move|p1a: Tapu Lele|Moonblast|p2a: Clefable
|-activate|p2a: Clefable|move: Protect
|
|-heal|p2a: Clefable|73/100|[from] move: Wish|[wisher] Clefable
|upkeep
|turn|10
|
|t:|1655154154
|move|p1a: Tapu Lele|Moonblast|p2a: Clefable
|-damage|p2a: Clefable|24/100
|-unboost|p2a: Clefable|spa|1
|move|p2a: Clefable|Wish|p2a: Clefable
|
|upkeep
|turn|11
|
|t:|1655154160
|move|p2a: Clefable|Protect|p2a: Clefable
|-singleturn|p2a: Clefable|Protect
|move|p1a: Tapu Lele|Calm Mind|p1a: Tapu Lele
|-boost|p1a: Tapu Lele|spa|1
|-boost|p1a: Tapu Lele|spd|1
|
|-heal|p2a: Clefable|74/100|[from] move: Wish|[wisher] Clefable
|upkeep
|turn|12
|
|t:|1655154175
|move|p1a: Tapu Lele|Moonblast|p2a: Clefable
|-damage|p2a: Clefable|26/100
|move|p2a: Clefable|Wish|p2a: Clefable
|
|upkeep
|turn|13
|
|t:|1655154183
|move|p2a: Clefable|Protect|p2a: Clefable
|-singleturn|p2a: Clefable|Protect
|move|p1a: Tapu Lele|Psyshock|p2a: Clefable
|-activate|p2a: Clefable|move: Protect
|
|-heal|p2a: Clefable|76/100|[from] move: Wish|[wisher] Clefable
|upkeep
|turn|14
|j| vepp
|
|t:|1655154194
|move|p1a: Tapu Lele|Moonblast|p2a: Clefable
|-damage|p2a: Clefable|28/100
|move|p2a: Clefable|Wish|p2a: Clefable
|
|upkeep
|turn|15
|
|t:|1655154203
|move|p2a: Clefable|Protect|p2a: Clefable
|-singleturn|p2a: Clefable|Protect
|move|p1a: Tapu Lele|Calm Mind|p1a: Tapu Lele
|-boost|p1a: Tapu Lele|spa|1
|-boost|p1a: Tapu Lele|spd|1
|
|-heal|p2a: Clefable|78/100|[from] move: Wish|[wisher] Clefable
|upkeep
|turn|16
|
|t:|1655154220
|move|p1a: Tapu Lele|Moonblast|p2a: Clefable
|-damage|p2a: Clefable|30/100
|move|p2a: Clefable|Wish|p2a: Clefable
|
|upkeep
|turn|17
|
|t:|1655154228
|move|p2a: Clefable|Protect|p2a: Clefable
|-singleturn|p2a: Clefable|Protect
|move|p1a: Tapu Lele|Psyshock|p2a: Clefable
|-activate|p2a: Clefable|move: Protect
|
|-heal|p2a: Clefable|80/100|[from] move: Wish|[wisher] Clefable
|upkeep
|turn|18
|inactive|Vice Esports has 120 seconds left.
|
|t:|1655154272
|move|p1a: Tapu Lele|Moonblast|p2a: Clefable
|-damage|p2a: Clefable|32/100
|-unboost|p2a: Clefable|spa|1
|move|p2a: Clefable|Wish|p2a: Clefable
|
|upkeep
|turn|19
|
|t:|1655154284
|move|p2a: Clefable|Protect|p2a: Clefable
|-singleturn|p2a: Clefable|Protect
|move|p1a: Tapu Lele|Moonblast|p2a: Clefable
|-activate|p2a: Clefable|move: Protect
|
|-heal|p2a: Clefable|82/100|[from] move: Wish|[wisher] Clefable
|upkeep
|turn|20
|inactive|Vice Esports has 120 seconds left.
|
|t:|1655154296
|switch|p2a: Zapdos|Zapdos|100/100
|move|p1a: Tapu Lele|Moonblast|p2a: Zapdos
|-crit|p2a: Zapdos
|-damage|p2a: Zapdos|0 fnt
|faint|p2a: Zapdos
|
|upkeep
|inactive|Vice Esports has 120 seconds left.
|
|t:|1655154302
|switch|p2a: Glastrier|Glastrier|100/100
|turn|21
|
|t:|1655154308
|move|p1a: Tapu Lele|Moonblast|p2a: Glastrier
|-damage|p2a: Glastrier|0 fnt
|faint|p2a: Glastrier
|
|upkeep
|-message|Vice Esports forfeited.
|
|win|ElStefano
|raw|ElStefano's rating: 1688 &rarr; <strong>1704</strong><br />(+16 for winning)
|raw|Vice Esports's rating: 1625 &rarr; <strong>1609</strong><br />(-16 for losing)
|l|☆Vice Esports
||Ladder isn't responding, score probably updated but might not have (Request timeout).
