|j|☆Alu9204
|j|‽Guest 5890168
|t:|1664871086
|gametype|singles
|player|p1|Alu9204|burglar|1535
|player|p2|Guest 5890168|170|1501
|teamsize|p1|6
|teamsize|p2|6
|gen|8
|tier|[Gen 8] OU
|rated|
|rule|Sleep Clause Mod: Limit one foe put to sleep
|rule|Species Clause: Limit one of each Pokémon
|rule|OHKO Clause: OHKO moves are banned
|rule|Evasion Items Clause: Evasion items are banned
|rule|Evasion Moves Clause: Evasion moves are banned
|rule|Endless Battle Clause: Forcing endless battles is banned
|rule|HP Percentage Mod: HP is shown in percentages
|rule|Dynamax Clause: You cannot dynamax
|clearpoke
|poke|p1|Heracross, M|
|poke|p1|Clefable, M|
|poke|p1|Dragapult, F|
|poke|p1|Landorus-Therian, M|
|poke|p1|Rotom-Wash|
|poke|p1|Ferrothorn, F|
|poke|p2|Rotom-Wash|
|poke|p2|Weavile, F|
|poke|p2|Landorus-Therian, M|
|poke|p2|Heatran, M|
|poke|p2|Tangrowth, F|
|poke|p2|Melmetal|
|teampreview
|inactive|Battle timer is ON: inactive players will automatically lose when time's up. (requested by Guest 5890168)
|
|t:|1664871113
|start
|switch|p1a: Rotom|Rotom-Wash|100/100
|switch|p2a: Weavile|Weavile, F|100/100
|-ability|p2a: Weavile|Pressure
|turn|1
|
|t:|1664871117
|move|p2a: Weavile|Knock Off|p1a: Rotom
|-damage|p1a: Rotom|23/100
|-enditem|p1a: Rotom|Leftovers|[from] move: Knock Off|[of] p2a: Weavile
|move|p1a: Rotom|Volt Switch|p2a: Weavile
|-damage|p2a: Weavile|68/100
|
|t:|1664871128
|switch|p1a: Ferrothorn|Ferrothorn, F|100/100|[from]move: Volt Switch
|
|upkeep
|turn|2
|
|t:|1664871130
|switch|p2a: Heatran|Heatran, M|100/100
|-item|p2a: Heatran|Air Balloon
|move|p1a: Ferrothorn|Stealth Rock|p2a: Heatran
|-sidestart|p2: Guest 5890168|move: Stealth Rock
|
|upkeep
|turn|3
|
|t:|1664871142
|switch|p1a: Rotom|Rotom-Wash|23/100
|move|p2a: Heatran|Eruption|p1a: Rotom
|-resisted|p1a: Rotom
|-damage|p1a: Rotom|0 fnt
|faint|p1a: Rotom
|
|upkeep
|
|t:|1664871146
|switch|p1a: Landorus|Landorus-Therian, M|100/100
|-ability|p1a: Landorus|Intimidate|boost
|-unboost|p2a: Heatran|atk|1
|turn|4
|
|t:|1664871150
|move|p1a: Landorus|Smack Down|p2a: Heatran
|-damage|p2a: Heatran|82/100
|-enditem|p2a: Heatran|Air Balloon
|move|p2a: Heatran|Eruption|p1a: Landorus
|-damage|p1a: Landorus|33/100
|
|-heal|p1a: Landorus|39/100|[from] item: Leftovers
|upkeep
|turn|5
|
|t:|1664871158
|switch|p1a: Dragapult|Dragapult, F|100/100
|switch|p2a: Landorus|Landorus-Therian, M|100/100
|-damage|p2a: Landorus|88/100|[from] Stealth Rock
|-ability|p2a: Landorus|Intimidate|boost
|-fail|p1a: Dragapult|unboost|[from] ability: Clear Body|[of] p1a: Dragapult
|
|-heal|p2a: Landorus|94/100|[from] item: Leftovers
|upkeep
|turn|6
|
|t:|1664871171
|switch|p1a: Landorus|Landorus-Therian, M|39/100
|-ability|p1a: Landorus|Intimidate|boost
|-unboost|p2a: Landorus|atk|1
|move|p2a: Landorus|Earthquake|p1a: Landorus
|-immune|p1a: Landorus
|
|-heal|p1a: Landorus|45/100|[from] item: Leftovers
|-heal|p2a: Landorus|99/100|[from] item: Leftovers
|upkeep
|turn|7
|
|t:|1664871179
|move|p1a: Landorus|Substitute|p1a: Landorus
|-start|p1a: Landorus|Substitute
|-damage|p1a: Landorus|20/100
|move|p2a: Landorus|Toxic||[still]
|-fail|p2a: Landorus
|
|-heal|p1a: Landorus|26/100|[from] item: Leftovers
|-heal|p2a: Landorus|100/100|[from] item: Leftovers
|upkeep
|turn|8
|
|t:|1664871183
|move|p1a: Landorus|Bulk Up|p1a: Landorus
|-boost|p1a: Landorus|atk|1
|-boost|p1a: Landorus|def|1
|move|p2a: Landorus|Defog|p1a: Landorus
|-sideend|p2: Guest 5890168|Stealth Rock|[from] move: Defog|[of] p2a: Landorus
|
|-heal|p1a: Landorus|33/100|[from] item: Leftovers
|upkeep
|turn|9
|
|t:|1664871187
|switch|p2a: Tangrowth|Tangrowth, F|100/100
|move|p1a: Landorus|Bulk Up|p1a: Landorus
|-boost|p1a: Landorus|atk|1
|-boost|p1a: Landorus|def|1
|
|-heal|p1a: Landorus|39/100|[from] item: Leftovers
|upkeep
|turn|10
|
|t:|1664871191
|move|p1a: Landorus|Bulk Up|p1a: Landorus
|-boost|p1a: Landorus|atk|1
|-boost|p1a: Landorus|def|1
|move|p2a: Tangrowth|Giga Drain|p1a: Landorus
|-end|p1a: Landorus|Substitute
|
|-heal|p1a: Landorus|45/100|[from] item: Leftovers
|upkeep
|turn|11
|
|t:|1664871206
|switch|p1a: Clefable|Clefable, M|100/100
|move|p2a: Tangrowth|Giga Drain|p1a: Clefable
|-damage|p1a: Clefable|75/100
|
|upkeep
|turn|12
|
|t:|1664871211
|switch|p2a: Landorus|Landorus-Therian, M|100/100
|-ability|p2a: Landorus|Intimidate|boost
|-unboost|p1a: Clefable|atk|1
|move|p1a: Clefable|Wish|p1a: Clefable
|
|upkeep
|turn|13
|
|t:|1664871214
|switch|p1a: Landorus|Landorus-Therian, M|45/100
|-ability|p1a: Landorus|Intimidate|boost
|-unboost|p2a: Landorus|atk|1
|move|p2a: Landorus|Toxic|p1a: Landorus
|-status|p1a: Landorus|tox
|
|-heal|p1a: Landorus|96/100 tox|[from] move: Wish|[wisher] Clefable
|-heal|p1a: Landorus|100/100 tox|[from] item: Leftovers
|-damage|p1a: Landorus|94/100 tox|[from] psn
|upkeep
|turn|14
|
|t:|1664871217
|switch|p1a: Clefable|Clefable, M|75/100
|move|p2a: Landorus|U-turn|p1a: Clefable
|-resisted|p1a: Clefable
|-damage|p1a: Clefable|69/100
|-damage|p2a: Landorus|84/100|[from] item: Rocky Helmet|[of] p1a: Clefable
|
|t:|1664871217
|switch|p2a: Melmetal|Melmetal|100/100|[from]move: U-turn
|
|upkeep
|turn|15
|
|t:|1664871220
|switch|p1a: Ferrothorn|Ferrothorn, F|100/100
|move|p2a: Melmetal|Double Iron Bash|p1a: Ferrothorn
|-resisted|p1a: Ferrothorn
|-damage|p1a: Ferrothorn|89/100
|-damage|p2a: Melmetal|88/100|[from] ability: Iron Barbs|[of] p1a: Ferrothorn
|-resisted|p1a: Ferrothorn
|-damage|p1a: Ferrothorn|77/100
|-damage|p2a: Melmetal|76/100|[from] ability: Iron Barbs|[of] p1a: Ferrothorn
|-hitcount|p1a: Ferrothorn|2
|
|-heal|p1a: Ferrothorn|83/100|[from] item: Leftovers
|upkeep
|turn|16
|
|t:|1664871230
|move|p2a: Melmetal|Ice Punch|p1a: Ferrothorn
|-damage|p1a: Ferrothorn|61/100
|-damage|p2a: Melmetal|63/100|[from] ability: Iron Barbs|[of] p1a: Ferrothorn
|move|p1a: Ferrothorn|Body Press|p2a: Melmetal
|-supereffective|p2a: Melmetal
|-damage|p2a: Melmetal|30/100
|
|-heal|p1a: Ferrothorn|67/100|[from] item: Leftovers
|upkeep
|turn|17
|
|t:|1664871237
|switch|p2a: Landorus|Landorus-Therian, M|84/100
|-ability|p2a: Landorus|Intimidate|boost
|-unboost|p1a: Ferrothorn|atk|1
|move|p1a: Ferrothorn|Stealth Rock|p2a: Landorus
|-sidestart|p2: Guest 5890168|move: Stealth Rock
|
|-heal|p2a: Landorus|90/100|[from] item: Leftovers
|-heal|p1a: Ferrothorn|73/100|[from] item: Leftovers
|upkeep
|turn|18
|
|t:|1664871240
|move|p2a: Landorus|Defog|p1a: Ferrothorn
|-unboost|p1a: Ferrothorn|evasion|1
|-sideend|p2: Guest 5890168|Stealth Rock|[from] move: Defog|[of] p2a: Landorus
|move|p1a: Ferrothorn|Leech Seed|p2a: Landorus
|-start|p2a: Landorus|move: Leech Seed
|
|-heal|p2a: Landorus|96/100|[from] item: Leftovers
|-heal|p1a: Ferrothorn|79/100|[from] item: Leftovers
|-damage|p2a: Landorus|84/100|[from] Leech Seed|[of] p1a: Ferrothorn
|-heal|p1a: Ferrothorn|93/100|[silent]
|upkeep
|turn|19
|
|t:|1664871243
|move|p2a: Landorus|U-turn|p1a: Ferrothorn
|-damage|p1a: Ferrothorn|79/100
|-damage|p2a: Landorus|71/100|[from] ability: Iron Barbs|[of] p1a: Ferrothorn
|
|t:|1664871243
|switch|p2a: Heatran|Heatran, M|82/100|[from]move: U-turn
|move|p1a: Ferrothorn|Stealth Rock|p2a: Heatran
|-sidestart|p2: Guest 5890168|move: Stealth Rock
|
|-heal|p1a: Ferrothorn|85/100|[from] item: Leftovers
|upkeep
|turn|20
|
|t:|1664871248
|switch|p1a: Clefable|Clefable, M|69/100
|move|p2a: Heatran|Eruption|p1a: Clefable
|-damage|p1a: Clefable|9/100
|
|upkeep
|turn|21
|
|t:|1664871252
|move|p2a: Heatran|Eruption|p1a: Clefable
|-damage|p1a: Clefable|0 fnt
|faint|p1a: Clefable
|
|upkeep
|
|t:|1664871255
|switch|p1a: Landorus|Landorus-Therian, M|94/100 tox
|-ability|p1a: Landorus|Intimidate|boost
|-unboost|p2a: Heatran|atk|1
|turn|22
|
|t:|1664871265
|switch|p1a: Heracross|Heracross, M|100/100
|switch|p2a: Landorus|Landorus-Therian, M|71/100
|-damage|p2a: Landorus|59/100|[from] Stealth Rock
|-ability|p2a: Landorus|Intimidate|boost
|-unboost|p1a: Heracross|atk|1
|
|-heal|p2a: Landorus|65/100|[from] item: Leftovers
|-status|p1a: Heracross|brn|[from] item: Flame Orb
|upkeep
|turn|23
|
|t:|1664871288
|move|p2a: Landorus|Defog|p1a: Heracross
|-unboost|p1a: Heracross|evasion|1
|-sideend|p2: Guest 5890168|Stealth Rock|[from] move: Defog|[of] p2a: Landorus
|move|p1a: Heracross|Knock Off|p2a: Landorus
|-damage|p2a: Landorus|28/100
|-enditem|p2a: Landorus|Leftovers|[from] move: Knock Off|[of] p1a: Heracross
|
|-damage|p1a: Heracross|94/100 brn|[from] brn
|upkeep
|turn|24
|
|t:|1664871291
|move|p2a: Landorus|Earthquake|p1a: Heracross
|-resisted|p1a: Heracross
|-damage|p1a: Heracross|64/100 brn
|move|p1a: Heracross|Swords Dance|p1a: Heracross
|-boost|p1a: Heracross|atk|2
|
|-damage|p1a: Heracross|58/100 brn|[from] brn
|upkeep
|turn|25
|
|t:|1664871295
|move|p2a: Landorus|Earthquake|p1a: Heracross
|-resisted|p1a: Heracross
|-damage|p1a: Heracross|29/100 brn
|move|p1a: Heracross|Facade|p2a: Landorus
|-damage|p2a: Landorus|0 fnt
|faint|p2a: Landorus
|
|-damage|p1a: Heracross|23/100 brn|[from] brn
|upkeep
|
|t:|1664871295
|switch|p2a: Heatran|Heatran, M|82/100
|turn|26
|
|t:|1664871306
|switch|p1a: Landorus|Landorus-Therian, M|94/100 tox
|-ability|p1a: Landorus|Intimidate|boost
|-unboost|p2a: Heatran|atk|1
|move|p2a: Heatran|Eruption|p1a: Landorus
|-damage|p1a: Landorus|28/100 tox
|
|-heal|p1a: Landorus|34/100 tox|[from] item: Leftovers
|-damage|p1a: Landorus|28/100 tox|[from] psn
|upkeep
|turn|27
|
|t:|1664871311
|switch|p2a: Rotom|Rotom-Wash|100/100
|move|p1a: Landorus|Earthquake|p2a: Rotom
|-immune|p2a: Rotom|[from] ability: Levitate
|
|-heal|p1a: Landorus|34/100 tox|[from] item: Leftovers
|-damage|p1a: Landorus|22/100 tox|[from] psn
|upkeep
|turn|28
|
|t:|1664871316
|move|p1a: Landorus|Smack Down|p2a: Rotom
|-damage|p2a: Rotom|83/100
|-start|p2a: Rotom|Smack Down
|move|p2a: Rotom|Thunderbolt|p1a: Landorus
|-immune|p1a: Landorus
|
|-heal|p1a: Landorus|28/100 tox|[from] item: Leftovers
|-heal|p2a: Rotom|89/100|[from] item: Leftovers
|-damage|p1a: Landorus|10/100 tox|[from] psn
|upkeep
|turn|29
|
|t:|1664871321
|switch|p1a: Dragapult|Dragapult, F|100/100
|move|p2a: Rotom|Nasty Plot|p2a: Rotom
|-boost|p2a: Rotom|spa|2
|
|-heal|p2a: Rotom|96/100|[from] item: Leftovers
|upkeep
|turn|30
|
|t:|1664871326
|move|p1a: Dragapult|Dragon Darts|p2a: Rotom
|-damage|p2a: Rotom|66/100
|-anim|p1a: Dragapult|Dragon Darts|p2a: Rotom
|-damage|p2a: Rotom|35/100
|move|p2a: Rotom|Thunderbolt|p1a: Dragapult
|-resisted|p1a: Dragapult
|-damage|p1a: Dragapult|49/100
|
|-heal|p2a: Rotom|42/100|[from] item: Leftovers
|upkeep
|turn|31
|
|t:|1664871333
|switch|p2a: Heatran|Heatran, M|82/100
|move|p1a: Dragapult|Dragon Darts|p2a: Heatran
|-resisted|p2a: Heatran
|-damage|p2a: Heatran|67/100
|-anim|p1a: Dragapult|Dragon Darts|p2a: Heatran
|-resisted|p2a: Heatran
|-damage|p2a: Heatran|53/100
|
|upkeep
|turn|32
|
|t:|1664871343
|move|p1a: Dragapult|Phantom Force||[still]
|-prepare|p1a: Dragapult|Phantom Force
|move|p2a: Heatran|Magma Storm|p1a: Dragapult|[miss]
|-miss|p2a: Heatran|p1a: Dragapult
|
|upkeep
|turn|33
|
|t:|1664871347
|switch|p2a: Tangrowth|Tangrowth, F|100/100
|move|p1a: Dragapult|Phantom Force|p2a: Tangrowth|[from]lockedmove
|-damage|p2a: Tangrowth|75/100
|-damage|p1a: Dragapult|33/100|[from] item: Rocky Helmet|[of] p2a: Tangrowth
|
|upkeep
|turn|34
|
|t:|1664871351
|move|p1a: Dragapult|Flamethrower|p2a: Tangrowth
|-supereffective|p2a: Tangrowth
|-damage|p2a: Tangrowth|24/100
|move|p2a: Tangrowth|Knock Off|p1a: Dragapult
|-supereffective|p1a: Dragapult
|-damage|p1a: Dragapult|0 fnt
|-enditem|p1a: Dragapult|Heavy-Duty Boots|[from] move: Knock Off|[of] p2a: Tangrowth
|faint|p1a: Dragapult
|
|upkeep
|
|t:|1664871359
|switch|p1a: Heracross|Heracross, M|23/100 brn
|turn|35
|
|t:|1664871365
|switch|p2a: Heatran|Heatran, M|53/100
|move|p1a: Heracross|Knock Off|p2a: Heatran
|-damage|p2a: Heatran|16/100
|
|-damage|p1a: Heracross|17/100 brn|[from] brn
|upkeep
|turn|36
|
|t:|1664871374
|move|p2a: Heatran|Magma Storm|p1a: Heracross
|-supereffective|p1a: Heracross
|-damage|p1a: Heracross|0 fnt
|faint|p1a: Heracross
|
|upkeep
|
|t:|1664871378
|switch|p1a: Landorus|Landorus-Therian, M|10/100 tox
|-ability|p1a: Landorus|Intimidate|boost
|-unboost|p2a: Heatran|atk|1
|turn|37
|
|t:|1664871383
|switch|p2a: Tangrowth|Tangrowth, F|57/100
|move|p1a: Landorus|Smack Down|p2a: Tangrowth
|-damage|p2a: Tangrowth|48/100
|
|-heal|p1a: Landorus|16/100 tox|[from] item: Leftovers
|-damage|p1a: Landorus|10/100 tox|[from] psn
|upkeep
|turn|38
|
|t:|1664871386
|move|p1a: Landorus|Earthquake|p2a: Tangrowth
|-resisted|p2a: Tangrowth
|-damage|p2a: Tangrowth|34/100
|move|p2a: Tangrowth|Focus Blast|p1a: Landorus|[miss]
|-miss|p2a: Tangrowth|p1a: Landorus
|
|-heal|p1a: Landorus|16/100 tox|[from] item: Leftovers
|-damage|p1a: Landorus|4/100 tox|[from] psn
|upkeep
|turn|39
|
|t:|1664871390
|move|p1a: Landorus|Earthquake|p2a: Tangrowth
|-resisted|p2a: Tangrowth
|-damage|p2a: Tangrowth|20/100
|move|p2a: Tangrowth|Focus Blast|p1a: Landorus
|-resisted|p1a: Landorus
|-damage|p1a: Landorus|0 fnt
|faint|p1a: Landorus
|
|upkeep
|
|t:|1664871393
|switch|p1a: Ferrothorn|Ferrothorn, F|85/100
|turn|40
|
|t:|1664871399
|move|p2a: Tangrowth|Focus Blast|p1a: Ferrothorn
|-supereffective|p1a: Ferrothorn
|-damage|p1a: Ferrothorn|34/100
|move|p1a: Ferrothorn|Body Press|p2a: Tangrowth
|-damage|p2a: Tangrowth|5/100
|-damage|p1a: Ferrothorn|17/100|[from] item: Rocky Helmet|[of] p2a: Tangrowth
|
|-heal|p1a: Ferrothorn|23/100|[from] item: Leftovers
|upkeep
|turn|41
|
|t:|1664871407
|move|p2a: Tangrowth|Focus Blast|p1a: Ferrothorn|[miss]
|-miss|p2a: Tangrowth|p1a: Ferrothorn
|move|p1a: Ferrothorn|Body Press|p2a: Tangrowth
|-damage|p2a: Tangrowth|0 fnt
|-damage|p1a: Ferrothorn|7/100|[from] item: Rocky Helmet|[of] p2a: Tangrowth
|faint|p2a: Tangrowth
|
|-heal|p1a: Ferrothorn|13/100|[from] item: Leftovers
|upkeep
|
|t:|1664871407
|switch|p2a: Heatran|Heatran, M|16/100
|turn|42
|
|t:|1664871411
|move|p2a: Heatran|Eruption|p1a: Ferrothorn
|-supereffective|p1a: Ferrothorn
|-damage|p1a: Ferrothorn|0 fnt
|faint|p1a: Ferrothorn
|
|win|Guest 5890168
|raw|Alu9204's rating: 1535 &rarr; <strong>1513</strong><br />(-22 for losing)
|raw|Guest 5890168's rating: 1501 &rarr; <strong>1523</strong><br />(+22 for winning)
