|j|☆Makuryu
|j|☆bizarman
|t:|1656611639
|gametype|singles
|player|p1|Makuryu|koga|1884
|player|p2|bizarman|scientist-gen4|1838
|teamsize|p1|6
|teamsize|p2|6
|gen|8
|tier|[Gen 8] OU
|rated|
|rule|Sleep Clause Mod: Limit one foe put to sleep
|rule|Species Clause: Limit one of each Pokémon
|rule|OHKO Clause: OHKO moves are banned
|rule|Evasion Moves Clause: Evasion moves are banned
|rule|Endless Battle Clause: Forcing endless battles is banned
|rule|HP Percentage Mod: HP is shown in percentages
|rule|Dynamax Clause: You cannot dynamax
|clearpoke
|poke|p1|Nihilego|
|poke|p1|Zapdos-Galar|
|poke|p1|Kartana|
|poke|p1|Celesteela|
|poke|p1|Garchomp, F|
|poke|p1|Tapu Fini|
|poke|p2|Blacephalon|
|poke|p2|Tapu Lele|
|poke|p2|Garchomp, M|
|poke|p2|Corviknight, F|
|poke|p2|Clefable, M|
|poke|p2|Tornadus-Therian, M|
|teampreview
|j| 0WithdrawalSyndrom
|inactive|Battle timer is ON: inactive players will automatically lose when time's up. (requested by Makuryu)
|
|t:|1656611655
|start
|switch|p1a: Kartana|Kartana|100/100
|switch|p2a: Garchomp|Garchomp, M|100/100
|turn|1
|
|t:|1656611660
|switch|p1a: Garchomp|Garchomp, F|100/100
|move|p2a: Garchomp|Fire Fang|p1a: Garchomp
|-resisted|p1a: Garchomp
|-damage|p1a: Garchomp|91/100
|-damage|p2a: Garchomp|88/100|[from] ability: Rough Skin|[of] p1a: Garchomp
|-damage|p2a: Garchomp|72/100|[from] item: Rocky Helmet|[of] p1a: Garchomp
|
|-heal|p2a: Garchomp|78/100|[from] item: Leftovers
|upkeep
|turn|2
|c| 0WithdrawalSyndrom|this
|
|t:|1656611676
|switch|p2a: Clefable|Clefable, M|100/100
|move|p1a: Garchomp|Stealth Rock|p2a: Clefable
|-sidestart|p2: bizarman|move: Stealth Rock
|
|upkeep
|turn|3
|inactive|Makuryu has 120 seconds left.
|j| Zubitop
|
|t:|1656611715
|switch|p1a: Nihilego|Nihilego|100/100
|move|p2a: Clefable|Stealth Rock|p1a: Nihilego
|-sidestart|p1: Makuryu|move: Stealth Rock
|
|upkeep
|turn|4
|inactive|Makuryu has 120 seconds left.
|
|t:|1656611721
|switch|p2a: Garchomp|Garchomp, M|78/100
|-damage|p2a: Garchomp|72/100|[from] Stealth Rock
|move|p1a: Nihilego|Sludge Wave|p2a: Garchomp
|-resisted|p2a: Garchomp
|-damage|p2a: Garchomp|45/100
|
|-heal|p2a: Garchomp|51/100|[from] item: Leftovers
|upkeep
|turn|5
|
|t:|1656611730
|switch|p1a: Garchomp|Garchomp, F|91/100
|-damage|p1a: Garchomp|85/100|[from] Stealth Rock
|move|p2a: Garchomp|Earthquake|p1a: Garchomp
|-damage|p1a: Garchomp|40/100
|
|-heal|p2a: Garchomp|57/100|[from] item: Leftovers
|upkeep
|turn|6
|
|t:|1656611738
|move|p1a: Garchomp|Earthquake|p2a: Garchomp
|-damage|p2a: Garchomp|13/100
|move|p2a: Garchomp|Scale Shot|p1a: Garchomp
|-supereffective|p1a: Garchomp
|-damage|p1a: Garchomp|16/100
|-supereffective|p1a: Garchomp
|-damage|p1a: Garchomp|0 fnt
|faint|p1a: Garchomp
|-hitcount|p1: Garchomp|2
|-unboost|p2a: Garchomp|def|1
|-boost|p2a: Garchomp|spe|1
|
|-heal|p2a: Garchomp|19/100|[from] item: Leftovers
|upkeep
|
|t:|1656611750
|switch|p1a: Kartana|Kartana|100/100
|-damage|p1a: Kartana|94/100|[from] Stealth Rock
|turn|7
|
|t:|1656611754
|switch|p2a: Corviknight|Corviknight, F|100/100
|-damage|p2a: Corviknight|88/100|[from] Stealth Rock
|-ability|p2a: Corviknight|Pressure
|move|p1a: Kartana|Knock Off|p2a: Corviknight
|-damage|p2a: Corviknight|62/100
|-damage|p1a: Kartana|78/100|[from] item: Rocky Helmet|[of] p2a: Corviknight
|-enditem|p2a: Corviknight|Rocky Helmet|[from] move: Knock Off|[of] p1a: Kartana
|
|upkeep
|turn|8
|j| Lyon de la tanga
|inactive|Makuryu has 120 seconds left.
|
|t:|1656611796
|switch|p1a: Zapdos|Zapdos-Galar|100/100
|-damage|p1a: Zapdos|88/100|[from] Stealth Rock
|move|p2a: Corviknight|U-turn|p1a: Zapdos
|-resisted|p1a: Zapdos
|-damage|p1a: Zapdos|84/100
|inactive|bizarman has 120 seconds left.
|
|t:|1656611822
|switch|p2a: Clefable|Clefable, M|100/100|[from]move: U-turn
|
|upkeep
|turn|9
|
|t:|1656611829
|move|p1a: Zapdos|Brave Bird|p2a: Clefable
|-damage|p2a: Clefable|7/100
|-damage|p1a: Zapdos|46/100|[from] Recoil
|move|p2a: Clefable|Soft-Boiled|p2a: Clefable
|-heal|p2a: Clefable|57/100
|
|upkeep
|turn|10
|j| Ran Kob
|
|t:|1656611836
|switch|p2a: Corviknight|Corviknight, F|62/100
|-damage|p2a: Corviknight|50/100|[from] Stealth Rock
|-ability|p2a: Corviknight|Pressure
|move|p1a: Zapdos|Brave Bird|p2a: Corviknight
|-resisted|p2a: Corviknight
|-damage|p2a: Corviknight|24/100
|-damage|p1a: Zapdos|36/100|[from] Recoil
|
|upkeep
|turn|11
|l| Ran Kob
|
|t:|1656611846
|move|p1a: Zapdos|Brave Bird|p2a: Corviknight
|-resisted|p2a: Corviknight
|-damage|p2a: Corviknight|0 fnt
|faint|p2a: Corviknight
|-damage|p1a: Zapdos|26/100|[from] Recoil
|
|upkeep
|
|t:|1656611852
|switch|p2a: Blacephalon|Blacephalon|100/100
|-damage|p2a: Blacephalon|76/100|[from] Stealth Rock
|turn|12
|
|t:|1656611875
|move|p2a: Blacephalon|Shadow Ball|p1a: Zapdos
|-damage|p1a: Zapdos|0 fnt
|faint|p1a: Zapdos
|-ability|p2a: Blacephalon|Beast Boost|boost
|-boost|p2a: Blacephalon|spa|1
|
|upkeep
|
|t:|1656611881
|switch|p1a: Kartana|Kartana|78/100
|-damage|p1a: Kartana|72/100|[from] Stealth Rock
|turn|13
|
|t:|1656611886
|switch|p2a: Tornadus|Tornadus-Therian, M|100/100
|move|p1a: Kartana|Knock Off|p2a: Tornadus
|-damage|p2a: Tornadus|50/100
|-enditem|p2a: Tornadus|Heavy-Duty Boots|[from] move: Knock Off|[of] p1a: Kartana
|
|upkeep
|turn|14
|
|t:|1656611893
|switch|p1a: Tapu Fini|Tapu Fini|100/100
|-damage|p1a: Tapu Fini|88/100|[from] Stealth Rock
|-fieldstart|move: Misty Terrain|[from] ability: Misty Surge|[of] p1a: Tapu Fini
|move|p2a: Tornadus|Knock Off|p1a: Tapu Fini
|-resisted|p1a: Tapu Fini
|-damage|p1a: Tapu Fini|81/100
|-enditem|p1a: Tapu Fini|Leftovers|[from] move: Knock Off|[of] p2a: Tornadus
|
|upkeep
|turn|15
|
|t:|1656611904
|move|p2a: Tornadus|U-turn|p1a: Tapu Fini
|-resisted|p1a: Tapu Fini
|-damage|p1a: Tapu Fini|76/100
|
|t:|1656611910
|switch|p2a: Tapu Lele|Tapu Lele|100/100|[from]move: U-turn
|-damage|p2a: Tapu Lele|88/100|[from] Stealth Rock
|-fieldstart|move: Psychic Terrain|[from] ability: Psychic Surge|[of] p2a: Tapu Lele
|move|p1a: Tapu Fini|Calm Mind|p1a: Tapu Fini
|-boost|p1a: Tapu Fini|spa|1
|-boost|p1a: Tapu Fini|spd|1
|
|upkeep
|turn|16
|j| RokRoh
|inactive|Makuryu has 120 seconds left.
|
|t:|1656611941
|move|p2a: Tapu Lele|Psyshock|p1a: Tapu Fini
|-damage|p1a: Tapu Fini|18/100
|move|p1a: Tapu Fini|Scald|p2a: Tapu Lele
|-crit|p2a: Tapu Lele
|-damage|p2a: Tapu Lele|24/100
|
|upkeep
|turn|17
|
|t:|1656611950
|move|p2a: Tapu Lele|Psyshock|p1a: Tapu Fini
|-damage|p1a: Tapu Fini|0 fnt
|faint|p1a: Tapu Fini
|
|upkeep
|
|t:|1656611957
|switch|p1a: Kartana|Kartana|72/100
|-damage|p1a: Kartana|65/100|[from] Stealth Rock
|turn|18
|c|☆Makuryu|gg
|
|t:|1656611981
|switch|p2a: Garchomp|Garchomp, M|19/100
|-damage|p2a: Garchomp|13/100|[from] Stealth Rock
|move|p1a: Kartana|Smart Strike|p2a: Garchomp
|-damage|p2a: Garchomp|0 fnt
|-damage|p1a: Kartana|53/100|[from] ability: Rough Skin|[of] p2a: Garchomp
|faint|p2a: Garchomp
|-ability|p1a: Kartana|Beast Boost|boost
|-boost|p1a: Kartana|atk|1
|
|upkeep
|
|t:|1656611992
|switch|p2a: Blacephalon|Blacephalon|76/100
|-damage|p2a: Blacephalon|51/100|[from] Stealth Rock
|turn|19
|
|t:|1656611996
|move|p1a: Kartana|Smart Strike|p2a: Blacephalon
|-resisted|p2a: Blacephalon
|-damage|p2a: Blacephalon|0 fnt
|faint|p2a: Blacephalon
|-ability|p1a: Kartana|Beast Boost|boost
|-boost|p1a: Kartana|atk|1
|
|-fieldend|move: Psychic Terrain
|upkeep
|c|☆bizarman|gg
|-message|bizarman forfeited.
|
|win|Makuryu
|raw|Makuryu's rating: 1884 &rarr; <strong>1901</strong><br />(+17 for winning)
|raw|bizarman's rating: 1838 &rarr; <strong>1821</strong><br />(-17 for losing)
