|raw|<div class="broadcast-blue"><strong>This battle is required to be public due to a player having a name starting with 'lt93oq'.</div>
|j|☆LT93OQ Lio
|j|‽kinetic chain
|t:|1660521800
|gametype|singles
|player|p1|LT93OQ Lio|2|1732
|player|p2|kinetic chain|silver-gen2|1830
|teamsize|p1|6
|teamsize|p2|6
|gen|8
|tier|[Gen 8] OU
|rated|
|rule|Sleep Clause Mod: Limit one foe put to sleep
|rule|Species Clause: Limit one of each Pokémon
|rule|OHKO Clause: OHKO moves are banned
|rule|Evasion Items Clause: Evasion items are banned
|rule|Evasion Moves Clause: Evasion moves are banned
|rule|Endless Battle Clause: Forcing endless battles is banned
|rule|HP Percentage Mod: HP is shown in percentages
|rule|Dynamax Clause: You cannot dynamax
|clearpoke
|poke|p1|Skarmory, M|
|poke|p1|Hippowdon, F|
|poke|p1|Excadrill, F|
|poke|p1|Dragapult, M|
|poke|p1|Rotom-Wash|
|poke|p1|Clefable, F|
|poke|p2|Dragapult, F|
|poke|p2|Tapu Fini|
|poke|p2|Zapdos|
|poke|p2|Melmetal|
|poke|p2|Landorus-Therian, M|
|poke|p2|Dragonite, M|
|teampreview
|
|t:|1660521814
|start
|switch|p1a: Rotom|Rotom-Wash|100/100
|switch|p2a: Tapu Fini|Tapu Fini|100/100
|-fieldstart|move: Misty Terrain|[from] ability: Misty Surge|[of] p2a: Tapu Fini
|turn|1
|inactive|Battle timer is ON: inactive players will automatically lose when time's up. (requested by kinetic chain)
|j| LT93OQ Bee
|j| Sussy OAwaa
|
|t:|1660521819
|move|p2a: Tapu Fini|Knock Off|p1a: Rotom
|-damage|p1a: Rotom|84/100
|-enditem|p1a: Rotom|Leftovers|[from] move: Knock Off|[of] p2a: Tapu Fini
|move|p1a: Rotom|Volt Switch|p2a: Tapu Fini
|-supereffective|p2a: Tapu Fini
|-damage|p2a: Tapu Fini|59/100
|
|t:|1660521826
|switch|p1a: Dragapult|Dragapult, M|100/100|[from]move: Volt Switch
|
|-heal|p2a: Tapu Fini|65/100|[from] item: Leftovers
|upkeep
|turn|2
|
|t:|1660521832
|move|p1a: Dragapult|U-turn|p2a: Tapu Fini
|-resisted|p2a: Tapu Fini
|-damage|p2a: Tapu Fini|59/100
|
|t:|1660521833
|switch|p1a: Rotom|Rotom-Wash|84/100|[from]move: U-turn
|move|p2a: Tapu Fini|Moonblast|p1a: Rotom
|-damage|p1a: Rotom|60/100
|
|-heal|p2a: Tapu Fini|65/100|[from] item: Leftovers
|upkeep
|turn|3
|j| ProXXDev
|
|t:|1660521838
|switch|p2a: Landorus|Landorus-Therian, M|100/100
|-ability|p2a: Landorus|Intimidate|boost
|-unboost|p1a: Rotom|atk|1
|move|p1a: Rotom|Pain Split|p2a: Landorus
|-sethp|p2a: Landorus|74/100|[from] move: Pain Split|[silent]
|-sethp|p1a: Rotom|93/100|[from] move: Pain Split
|
|-heal|p2a: Landorus|80/100|[from] item: Leftovers
|upkeep
|turn|4
|j| chokst du
|
|t:|1660521843
|switch|p1a: Skarmory|Skarmory, M|100/100
|move|p2a: Landorus|Toxic|p1a: Skarmory
|-immune|p1a: Skarmory
|
|-heal|p2a: Landorus|86/100|[from] item: Leftovers
|upkeep
|turn|5
|
|t:|1660521846
|move|p2a: Landorus|Stealth Rock|p1a: Skarmory
|-sidestart|p1: LT93OQ Lio|move: Stealth Rock
|move|p1a: Skarmory|Spikes|p2a: Landorus
|-sidestart|p2: kinetic chain|Spikes
|
|-heal|p2a: Landorus|92/100|[from] item: Leftovers
|-fieldend|Misty Terrain
|upkeep
|turn|6
|
|t:|1660521850
|switch|p2a: Zapdos|Zapdos|100/100
|move|p1a: Skarmory|Toxic|p2a: Zapdos
|-status|p2a: Zapdos|tox
|
|-damage|p2a: Zapdos|94/100 tox|[from] psn
|upkeep
|turn|7
|l|lt93oqbee
|
|t:|1660521854
|switch|p1a: Hippowdon|Hippowdon, F|100/100
|-damage|p1a: Hippowdon|94/100|[from] Stealth Rock
|-weather|Sandstorm|[from] ability: Sand Stream|[of] p1a: Hippowdon
|move|p2a: Zapdos|Hurricane|p1a: Hippowdon
|-damage|p1a: Hippowdon|55/100
|
|-weather|Sandstorm|[upkeep]
|-damage|p2a: Zapdos|88/100 tox|[from] Sandstorm
|-heal|p1a: Hippowdon|61/100|[from] item: Leftovers
|-damage|p2a: Zapdos|76/100 tox|[from] psn
|upkeep
|turn|8
|j| xray
|j| Fluores
|
|t:|1660521862
|move|p2a: Zapdos|Hurricane|p1a: Hippowdon
|-damage|p1a: Hippowdon|23/100
|-start|p1a: Hippowdon|confusion
|-activate|p1a: Hippowdon|confusion
|move|p1a: Hippowdon|Slack Off|p1a: Hippowdon
|-heal|p1a: Hippowdon|73/100
|
|-weather|Sandstorm|[upkeep]
|-damage|p2a: Zapdos|69/100 tox|[from] Sandstorm
|-heal|p1a: Hippowdon|79/100|[from] item: Leftovers
|-damage|p2a: Zapdos|51/100 tox|[from] psn
|upkeep
|turn|9
|
|t:|1660521867
|switch|p2a: Dragapult|Dragapult, F|100/100
|-damage|p2a: Dragapult|88/100|[from] Spikes
|-end|p1a: Hippowdon|confusion
|move|p1a: Hippowdon|Slack Off|p1a: Hippowdon
|-heal|p1a: Hippowdon|100/100
|
|-weather|Sandstorm|[upkeep]
|-damage|p2a: Dragapult|82/100|[from] Sandstorm
|upkeep
|turn|10
|n| fluorting|fluores
|
|t:|1660521873
|move|p2a: Dragapult|U-turn|p1a: Hippowdon
|-damage|p1a: Hippowdon|89/100
|l| fluorting
|
|t:|1660521876
|switch|p2a: Tapu Fini|Tapu Fini|65/100|[from]move: U-turn
|-damage|p2a: Tapu Fini|52/100|[from] Spikes
|-fieldstart|move: Misty Terrain|[from] ability: Misty Surge|[of] p2a: Tapu Fini
|move|p1a: Hippowdon|Toxic|p2a: Tapu Fini
|-activate|p2a: Tapu Fini|move: Misty Terrain
|
|-weather|Sandstorm|[upkeep]
|-damage|p2a: Tapu Fini|46/100|[from] Sandstorm
|-heal|p2a: Tapu Fini|52/100|[from] item: Leftovers
|-heal|p1a: Hippowdon|95/100|[from] item: Leftovers
|upkeep
|turn|11
|
|t:|1660521880
|switch|p1a: Rotom|Rotom-Wash|93/100
|-damage|p1a: Rotom|81/100|[from] Stealth Rock
|move|p2a: Tapu Fini|Nature's Madness|p1a: Rotom
|-damage|p1a: Rotom|41/100
|
|-weather|none
|-heal|p2a: Tapu Fini|58/100|[from] item: Leftovers
|upkeep
|turn|12
|n| Kyurem|sussyoawaa
|
|t:|1660521890
|move|p2a: Tapu Fini|Moonblast|p1a: Rotom
|-damage|p1a: Rotom|17/100
|-unboost|p1a: Rotom|spa|1
|move|p1a: Rotom|Hydro Pump|p2a: Tapu Fini
|-resisted|p2a: Tapu Fini
|-crit|p2a: Tapu Fini
|-damage|p2a: Tapu Fini|35/100
|
|-heal|p2a: Tapu Fini|41/100|[from] item: Leftovers
|upkeep
|turn|13
|
|t:|1660521897
|switch|p1a: Excadrill|Excadrill, F|100/100
|-damage|p1a: Excadrill|97/100|[from] Stealth Rock
|move|p2a: Tapu Fini|Moonblast|p1a: Excadrill
|-resisted|p1a: Excadrill
|-damage|p1a: Excadrill|76/100
|
|-heal|p1a: Excadrill|82/100|[from] item: Leftovers
|-heal|p2a: Tapu Fini|47/100|[from] item: Leftovers
|upkeep
|turn|14
|
|t:|1660521900
|switch|p2a: Landorus|Landorus-Therian, M|92/100
|-ability|p2a: Landorus|Intimidate|boost
|-unboost|p1a: Excadrill|atk|1
|move|p1a: Excadrill|Rapid Spin|p2a: Landorus
|-damage|p2a: Landorus|81/100
|-boost|p1a: Excadrill|spe|1
|-sideend|p1: LT93OQ Lio|Stealth Rock|[from] move: Rapid Spin|[of] p1a: Excadrill
|
|-heal|p1a: Excadrill|88/100|[from] item: Leftovers
|-heal|p2a: Landorus|87/100|[from] item: Leftovers
|-fieldend|Misty Terrain
|upkeep
|turn|15
|
|t:|1660521906
|switch|p1a: Skarmory|Skarmory, M|100/100
|move|p2a: Landorus|Stealth Rock|p1a: Skarmory
|-sidestart|p1: LT93OQ Lio|move: Stealth Rock
|
|-heal|p2a: Landorus|93/100|[from] item: Leftovers
|upkeep
|turn|16
|
|t:|1660521910
|switch|p2a: Tapu Fini|Tapu Fini|47/100
|-damage|p2a: Tapu Fini|35/100|[from] Spikes
|-fieldstart|move: Misty Terrain|[from] ability: Misty Surge|[of] p2a: Tapu Fini
|move|p1a: Skarmory|Spikes|p2a: Tapu Fini
|-sidestart|p2: kinetic chain|Spikes
|
|-heal|p2a: Tapu Fini|41/100|[from] item: Leftovers
|upkeep
|turn|17
|
|t:|1660521914
|switch|p1a: Excadrill|Excadrill, F|88/100
|-damage|p1a: Excadrill|85/100|[from] Stealth Rock
|move|p2a: Tapu Fini|Knock Off|p1a: Excadrill
|-damage|p1a: Excadrill|60/100
|-enditem|p1a: Excadrill|Leftovers|[from] move: Knock Off|[of] p2a: Tapu Fini
|
|-heal|p2a: Tapu Fini|47/100|[from] item: Leftovers
|upkeep
|turn|18
|
|t:|1660521921
|switch|p2a: Zapdos|Zapdos|51/100 tox
|move|p1a: Excadrill|Rapid Spin|p2a: Zapdos
|-damage|p2a: Zapdos|29/100 tox
|-boost|p1a: Excadrill|spe|1
|-sideend|p1: LT93OQ Lio|Stealth Rock|[from] move: Rapid Spin|[of] p1a: Excadrill
|
|-damage|p2a: Zapdos|23/100 tox|[from] psn
|upkeep
|turn|19
|
|t:|1660521928
|switch|p1a: Dragapult|Dragapult, M|100/100
|switch|p2a: Landorus|Landorus-Therian, M|93/100
|-ability|p2a: Landorus|Intimidate|boost
|-unboost|p1a: Dragapult|atk|1
|
|-heal|p2a: Landorus|99/100|[from] item: Leftovers
|upkeep
|turn|20
|j| Avaxus32
|
|t:|1660521932
|move|p1a: Dragapult|Will-O-Wisp|p2a: Landorus
|-status|p2a: Landorus|brn
|move|p2a: Landorus|Stealth Rock|p1a: Dragapult
|-sidestart|p1: LT93OQ Lio|move: Stealth Rock
|
|-heal|p2a: Landorus|100/100 brn|[from] item: Leftovers
|-damage|p2a: Landorus|94/100 brn|[from] brn
|-fieldend|Misty Terrain
|upkeep
|turn|21
|
|t:|1660521939
|move|p1a: Dragapult|U-turn|p2a: Landorus
|-resisted|p2a: Landorus
|-damage|p2a: Landorus|89/100 brn
|
|t:|1660521940
|switch|p1a: Skarmory|Skarmory, M|100/100|[from]move: U-turn
|-damage|p1a: Skarmory|88/100|[from] Stealth Rock
|move|p2a: Landorus|U-turn|p1a: Skarmory
|-resisted|p1a: Skarmory
|-damage|p1a: Skarmory|87/100
|-damage|p2a: Landorus|73/100 brn|[from] item: Rocky Helmet|[of] p1a: Skarmory
|
|t:|1660521957
|switch|p2a: Dragapult|Dragapult, F|82/100|[from]move: U-turn
|-damage|p2a: Dragapult|66/100|[from] Spikes
|
|upkeep
|turn|22
|
|t:|1660521961
|switch|p1a: Hippowdon|Hippowdon, F|95/100
|-damage|p1a: Hippowdon|89/100|[from] Stealth Rock
|-weather|Sandstorm|[from] ability: Sand Stream|[of] p1a: Hippowdon
|move|p2a: Dragapult|Shadow Ball|p1a: Hippowdon
|-damage|p1a: Hippowdon|52/100
|
|-weather|Sandstorm|[upkeep]
|-damage|p2a: Dragapult|60/100|[from] Sandstorm
|-heal|p1a: Hippowdon|58/100|[from] item: Leftovers
|upkeep
|turn|23
|
|t:|1660521963
|move|p2a: Dragapult|Shadow Ball|p1a: Hippowdon
|-damage|p1a: Hippowdon|18/100
|move|p1a: Hippowdon|Slack Off|p1a: Hippowdon
|-heal|p1a: Hippowdon|68/100
|
|-weather|Sandstorm|[upkeep]
|-damage|p2a: Dragapult|54/100|[from] Sandstorm
|-heal|p1a: Hippowdon|75/100|[from] item: Leftovers
|upkeep
|turn|24
|
|t:|1660521966
|move|p2a: Dragapult|Shadow Ball|p1a: Hippowdon
|-damage|p1a: Hippowdon|39/100
|move|p1a: Hippowdon|Slack Off|p1a: Hippowdon
|-heal|p1a: Hippowdon|89/100
|
|-weather|Sandstorm|[upkeep]
|-damage|p2a: Dragapult|48/100|[from] Sandstorm
|-heal|p1a: Hippowdon|95/100|[from] item: Leftovers
|upkeep
|turn|25
|
|t:|1660521971
|move|p2a: Dragapult|Shadow Ball|p1a: Hippowdon
|-damage|p1a: Hippowdon|61/100
|move|p1a: Hippowdon|Stealth Rock|p2a: Dragapult
|-sidestart|p2: kinetic chain|move: Stealth Rock
|
|-weather|Sandstorm|[upkeep]
|-damage|p2a: Dragapult|42/100|[from] Sandstorm
|-heal|p1a: Hippowdon|67/100|[from] item: Leftovers
|upkeep
|turn|26
|
|t:|1660521975
|move|p2a: Dragapult|Shadow Ball|p1a: Hippowdon
|-damage|p1a: Hippowdon|30/100
|move|p1a: Hippowdon|Slack Off|p1a: Hippowdon
|-heal|p1a: Hippowdon|80/100
|
|-weather|none
|-heal|p1a: Hippowdon|86/100|[from] item: Leftovers
|upkeep
|turn|27
|
|t:|1660521979
|switch|p2a: Zapdos|Zapdos|23/100 tox
|move|p1a: Hippowdon|Earthquake|p2a: Zapdos
|-immune|p2a: Zapdos
|
|-heal|p1a: Hippowdon|93/100|[from] item: Leftovers
|-damage|p2a: Zapdos|17/100 tox|[from] psn
|upkeep
|turn|28
|
|t:|1660521983
|move|p2a: Zapdos|Hurricane|p1a: Hippowdon
|-damage|p1a: Hippowdon|50/100
|move|p1a: Hippowdon|Earthquake|p2a: Zapdos
|-immune|p2a: Zapdos
|
|-heal|p1a: Hippowdon|56/100|[from] item: Leftovers
|-damage|p2a: Zapdos|4/100 tox|[from] psn
|upkeep
|turn|29
|
|t:|1660521987
|move|p2a: Zapdos|Defog|p1a: Hippowdon
|-unboost|p1a: Hippowdon|evasion|1
|-sideend|p1: LT93OQ Lio|Stealth Rock|[from] move: Defog|[of] p2a: Zapdos
|-sideend|p2: kinetic chain|Spikes|[from] move: Defog|[of] p2a: Zapdos
|-sideend|p2: kinetic chain|Stealth Rock|[from] move: Defog|[of] p2a: Zapdos
|move|p1a: Hippowdon|Slack Off|p1a: Hippowdon
|-heal|p1a: Hippowdon|100/100
|
|-damage|p2a: Zapdos|0 fnt|[from] psn
|faint|p2a: Zapdos
|upkeep
|
|t:|1660521991
|switch|p2a: Tapu Fini|Tapu Fini|47/100
|-fieldstart|move: Misty Terrain|[from] ability: Misty Surge|[of] p2a: Tapu Fini
|turn|30
|
|t:|1660521996
|move|p2a: Tapu Fini|Taunt|p1a: Hippowdon
|-start|p1a: Hippowdon|move: Taunt
|move|p1a: Hippowdon|Earthquake|p2a: Tapu Fini
|-damage|p2a: Tapu Fini|22/100
|
|-heal|p2a: Tapu Fini|28/100|[from] item: Leftovers
|upkeep
|turn|31
|
|t:|1660522001
|move|p2a: Tapu Fini|Nature's Madness|p1a: Hippowdon
|-damage|p1a: Hippowdon|50/100
|move|p1a: Hippowdon|Earthquake|p2a: Tapu Fini
|-damage|p2a: Tapu Fini|5/100
|
|-heal|p2a: Tapu Fini|11/100|[from] item: Leftovers
|-heal|p1a: Hippowdon|57/100|[from] item: Leftovers
|upkeep
|turn|32
|
|t:|1660522009
|switch|p1a: Excadrill|Excadrill, F|60/100
|move|p2a: Tapu Fini|Moonblast|p1a: Excadrill
|-resisted|p1a: Excadrill
|-damage|p1a: Excadrill|38/100
|
|-heal|p2a: Tapu Fini|17/100|[from] item: Leftovers
|upkeep
|turn|33
|
|t:|1660522013
|switch|p2a: Landorus|Landorus-Therian, M|73/100 brn
|-ability|p2a: Landorus|Intimidate|boost
|-unboost|p1a: Excadrill|atk|1
|move|p1a: Excadrill|Iron Head|p2a: Landorus
|-damage|p2a: Landorus|45/100 brn
|
|-heal|p2a: Landorus|51/100 brn|[from] item: Leftovers
|-damage|p2a: Landorus|45/100 brn|[from] brn
|upkeep
|turn|34
|
|t:|1660522015
|switch|p1a: Hippowdon|Hippowdon, F|57/100
|-weather|Sandstorm|[from] ability: Sand Stream|[of] p1a: Hippowdon
|move|p2a: Landorus|U-turn|p1a: Hippowdon
|-damage|p1a: Hippowdon|49/100
|
|t:|1660522023
|switch|p2a: Dragapult|Dragapult, F|42/100|[from]move: U-turn
|
|-weather|Sandstorm|[upkeep]
|-damage|p2a: Dragapult|36/100|[from] Sandstorm
|-heal|p1a: Hippowdon|55/100|[from] item: Leftovers
|-fieldend|Misty Terrain
|upkeep
|turn|35
|
|t:|1660522028
|move|p2a: Dragapult|Draco Meteor|p1a: Hippowdon|[miss]
|-miss|p2a: Dragapult|p1a: Hippowdon
|move|p1a: Hippowdon|Slack Off|p1a: Hippowdon
|-heal|p1a: Hippowdon|100/100
|
|-weather|Sandstorm|[upkeep]
|-damage|p2a: Dragapult|30/100|[from] Sandstorm
|upkeep
|turn|36
|-message|kinetic chain forfeited.
|
|win|LT93OQ Lio
|raw|LT93OQ Lio's rating: 1732 &rarr; <strong>1757</strong><br />(+25 for winning)
|raw|kinetic chain's rating: 1830 &rarr; <strong>1805</strong><br />(-25 for losing)
|l|‽kinetic chain
|l|☆LT93OQ Lio
