|html|<div class="broadcast-blue"><strong>[Gen 8] OU is currently suspecting Melmetal! For information on how to participate check out the <a href="https://www.smogon.com/forums/threads/np-ss-ou-suspect-process-round-12-monster-mash.3709234/">suspect thread</a>.</strong></div>
|j|☆jushu114514
|j|☆Steez Ibanez
|t:|1666241922
|gametype|singles
|player|p1|jushu114514|102|1823
|player|p2|Steez Ibanez|acetrainer-gen7|1864
|teamsize|p1|6
|teamsize|p2|6
|gen|8
|tier|[Gen 8] OU
|rated|
|rule|Sleep Clause Mod: Limit one foe put to sleep
|rule|Species Clause: Limit one of each Pokémon
|rule|OHKO Clause: OHKO moves are banned
|rule|Evasion Items Clause: Evasion items are banned
|rule|Evasion Moves Clause: Evasion moves are banned
|rule|Endless Battle Clause: Forcing endless battles is banned
|rule|HP Percentage Mod: HP is shown in percentages
|rule|Dynamax Clause: You cannot dynamax
|clearpoke
|poke|p1|Nihilego|
|poke|p1|Zapdos-Galar|
|poke|p1|Kartana|
|poke|p1|Celesteela|
|poke|p1|Garchomp, M|
|poke|p1|Tapu Fini|
|poke|p2|Urshifu-*, M|
|poke|p2|Garchomp, M|
|poke|p2|Zapdos|
|poke|p2|Weezing-Galar, M|
|poke|p2|Moltres-Galar|
|poke|p2|Ferrothorn, M|
|teampreview
|
|t:|1666241935
|start
|switch|p1a: Garchomp|Garchomp, M|100/100
|switch|p2a: Tanjiro Kun|Urshifu-Rapid-Strike, M|100/100
|turn|1
|
|t:|1666241938
|move|p1a: Garchomp|Stealth Rock|p2a: Tanjiro Kun
|-sidestart|p2: Steez Ibanez|move: Stealth Rock
|move|p2a: Tanjiro Kun|Surging Strikes|p1a: Garchomp
|-crit|p1a: Garchomp
|-damage|p1a: Garchomp|83/100
|-activate|p1a: Garchomp|ability: Rough Skin
|-activate|p2a: Tanjiro Kun|item: Protective Pads
|-crit|p1a: Garchomp
|-damage|p1a: Garchomp|67/100
|-activate|p1a: Garchomp|ability: Rough Skin
|-activate|p2a: Tanjiro Kun|item: Protective Pads
|-crit|p1a: Garchomp
|-damage|p1a: Garchomp|51/100
|-activate|p1a: Garchomp|ability: Rough Skin
|-activate|p2a: Tanjiro Kun|item: Protective Pads
|-hitcount|p1a: Garchomp|3
|
|upkeep
|turn|2
|j| crawdaunt sammy
|inactive|Battle timer is ON: inactive players will automatically lose when time's up. (requested by jushu114514)
|j| VegetaGamex
|
|t:|1666241943
|switch|p1a: Tapu Fini|Tapu Fini|100/100
|-fieldstart|move: Misty Terrain|[from] ability: Misty Surge|[of] p1a: Tapu Fini
|move|p2a: Tanjiro Kun|Surging Strikes|p1a: Tapu Fini
|-resisted|p1a: Tapu Fini
|-crit|p1a: Tapu Fini
|-damage|p1a: Tapu Fini|93/100
|-resisted|p1a: Tapu Fini
|-crit|p1a: Tapu Fini
|-damage|p1a: Tapu Fini|86/100
|-resisted|p1a: Tapu Fini
|-crit|p1a: Tapu Fini
|-damage|p1a: Tapu Fini|78/100
|-hitcount|p1a: Tapu Fini|3
|
|-heal|p1a: Tapu Fini|84/100|[from] item: Leftovers
|upkeep
|turn|3
|
|t:|1666241946
|move|p2a: Tanjiro Kun|U-turn|p1a: Tapu Fini
|-resisted|p1a: Tapu Fini
|-damage|p1a: Tapu Fini|74/100
|
|t:|1666241947
|switch|p2a: Speedwagon|Weezing-Galar, M|100/100|[from]move: U-turn
|-damage|p2a: Speedwagon|88/100|[from] Stealth Rock
|move|p1a: Tapu Fini|Taunt|p2a: Speedwagon
|-start|p2a: Speedwagon|move: Taunt
|
|-heal|p1a: Tapu Fini|80/100|[from] item: Leftovers
|-heal|p2a: Speedwagon|94/100|[from] item: Black Sludge
|upkeep
|turn|4
|
|t:|1666241971
|switch|p1a: Celesteela|Celesteela|100/100
|move|p2a: Speedwagon|Strange Steam|p1a: Celesteela
|-resisted|p1a: Celesteela
|-damage|p1a: Celesteela|87/100
|
|-heal|p2a: Speedwagon|99/100|[from] item: Black Sludge
|upkeep
|turn|5
|
|t:|1666241981
|switch|p2a: Bolt|Zapdos|100/100
|move|p1a: Celesteela|Autotomize|p1a: Celesteela
|-boost|p1a: Celesteela|spe|2
|-start|p1a: Celesteela|Autotomize
|
|upkeep
|turn|6
|
|t:|1666241986
|switch|p2a: Samehada|Garchomp, M|100/100
|-damage|p2a: Samehada|94/100|[from] Stealth Rock
|move|p1a: Celesteela|Meteor Beam||[still]
|-prepare|p1a: Celesteela|Meteor Beam
|-boost|p1a: Celesteela|spa|1
|-enditem|p1a: Celesteela|Power Herb
|-anim|p1a: Celesteela|Meteor Beam|p2a: Samehada
|-resisted|p2a: Samehada
|-damage|p2a: Samehada|66/100
|
|-heal|p2a: Samehada|72/100|[from] item: Leftovers
|-fieldend|Misty Terrain
|upkeep
|turn|7
|
|t:|1666241989
|switch|p2a: Bolt|Zapdos|100/100
|move|p1a: Celesteela|Meteor Beam||[still]
|-prepare|p1a: Celesteela|Meteor Beam
|-boost|p1a: Celesteela|spa|1
|
|upkeep
|turn|8
|
|t:|1666241992
|switch|p2a: Samehada|Garchomp, M|72/100
|-damage|p2a: Samehada|66/100|[from] Stealth Rock
|move|p1a: Celesteela|Meteor Beam|p2a: Samehada|[from]lockedmove
|-resisted|p2a: Samehada
|-damage|p2a: Samehada|27/100
|
|-heal|p2a: Samehada|34/100|[from] item: Leftovers
|upkeep
|turn|9
|
|t:|1666241996
|move|p1a: Celesteela|Meteor Beam||[still]
|-prepare|p1a: Celesteela|Meteor Beam
|-boost|p1a: Celesteela|spa|1
|move|p2a: Samehada|Stealth Rock|p1a: Celesteela
|-sidestart|p1: jushu114514|move: Stealth Rock
|
|-heal|p2a: Samehada|40/100|[from] item: Leftovers
|upkeep
|turn|10
|j| blisc
|
|t:|1666242000
|move|p1a: Celesteela|Meteor Beam|p2a: Samehada|[from]lockedmove|[miss]
|-miss|p1a: Celesteela|p2a: Samehada
|move|p2a: Samehada|Toxic|p1a: Celesteela
|-immune|p1a: Celesteela
|
|-heal|p2a: Samehada|46/100|[from] item: Leftovers
|upkeep
|turn|11
|
|t:|1666242012
|switch|p2a: Bolt|Zapdos|100/100
|move|p1a: Celesteela|Meteor Beam||[still]
|-prepare|p1a: Celesteela|Meteor Beam
|-boost|p1a: Celesteela|spa|1
|
|upkeep
|turn|12
|
|t:|1666242017
|switch|p2a: Samehada|Garchomp, M|46/100
|-damage|p2a: Samehada|40/100|[from] Stealth Rock
|move|p1a: Celesteela|Meteor Beam|p2a: Samehada|[from]lockedmove
|-resisted|p2a: Samehada
|-damage|p2a: Samehada|0 fnt
|faint|p2a: Samehada
|-ability|p1a: Celesteela|Beast Boost|boost
|-boost|p1a: Celesteela|spa|1
|
|upkeep
|
|t:|1666242018
|switch|p2a: Bolt|Zapdos|100/100
|turn|13
|
|t:|1666242024
|move|p1a: Celesteela|Flamethrower|p2a: Bolt
|-damage|p2a: Bolt|2/100
|move|p2a: Bolt|Discharge|p1a: Celesteela
|-supereffective|p1a: Celesteela
|-damage|p1a: Celesteela|15/100
|
|upkeep
|turn|14
|
|t:|1666242027
|move|p1a: Celesteela|Flamethrower|p2a: Bolt
|-damage|p2a: Bolt|0 fnt
|faint|p2a: Bolt
|-ability|p1a: Celesteela|Beast Boost|boost
|-boost|p1a: Celesteela|spa|1
|
|upkeep
|
|t:|1666242028
|switch|p2a: Tanjiro Kun|Urshifu-Rapid-Strike, M|100/100
|-damage|p2a: Tanjiro Kun|94/100|[from] Stealth Rock
|turn|15
|
|t:|1666242030
|move|p1a: Celesteela|Meteor Beam||[still]
|-prepare|p1a: Celesteela|Meteor Beam
|-boost|p1a: Celesteela|spa|0
|move|p2a: Tanjiro Kun|Surging Strikes|p1a: Celesteela
|-crit|p1a: Celesteela
|-damage|p1a: Celesteela|0 fnt
|faint|p1a: Celesteela
|-hitcount|p1: Celesteela|1
|
|upkeep
|
|t:|1666242035
|switch|p1a: Zapdos|Zapdos-Galar|100/100
|-damage|p1a: Zapdos|88/100|[from] Stealth Rock
|turn|16
|
|t:|1666242040
|switch|p2a: Speedwagon|Weezing-Galar, M|99/100
|-damage|p2a: Speedwagon|88/100|[from] Stealth Rock
|move|p1a: Zapdos|Brave Bird|p2a: Speedwagon
|-damage|p2a: Speedwagon|32/100
|-damage|p1a: Zapdos|69/100|[from] Recoil
|
|-heal|p2a: Speedwagon|38/100|[from] item: Black Sludge
|upkeep
|turn|17
|
|t:|1666242045
|move|p1a: Zapdos|Brave Bird|p2a: Speedwagon
|-damage|p2a: Speedwagon|0 fnt
|faint|p2a: Speedwagon
|-damage|p1a: Zapdos|56/100|[from] Recoil
|
|upkeep
|
|t:|1666242047
|switch|p2a: Abomination|Ferrothorn, M|100/100
|-damage|p2a: Abomination|95/100|[from] Stealth Rock
|turn|18
|
|t:|1666242052
|switch|p1a: Garchomp|Garchomp, M|51/100
|-damage|p1a: Garchomp|45/100|[from] Stealth Rock
|move|p2a: Abomination|Gyro Ball|p1a: Garchomp
|-damage|p1a: Garchomp|4/100
|-damage|p2a: Abomination|82/100|[from] ability: Rough Skin|[of] p1a: Garchomp
|-damage|p2a: Abomination|66/100|[from] item: Rocky Helmet|[of] p1a: Garchomp
|
|upkeep
|turn|19
|
|t:|1666242059
|switch|p2a: Phoenix Force|Moltres-Galar|100/100
|-damage|p2a: Phoenix Force|76/100|[from] Stealth Rock
|move|p1a: Garchomp|Fire Blast|p2a: Phoenix Force
|-damage|p2a: Phoenix Force|63/100
|
|-heal|p2a: Phoenix Force|69/100|[from] item: Leftovers
|upkeep
|turn|20
|
|t:|1666242063
|move|p1a: Garchomp|Toxic|p2a: Phoenix Force
|-status|p2a: Phoenix Force|tox
|move|p2a: Phoenix Force|Agility|p2a: Phoenix Force
|-boost|p2a: Phoenix Force|spe|2
|
|-heal|p2a: Phoenix Force|75/100 tox|[from] item: Leftovers
|-damage|p2a: Phoenix Force|69/100 tox|[from] psn
|upkeep
|turn|21
|
|t:|1666242069
|switch|p1a: Nihilego|Nihilego|100/100
|-damage|p1a: Nihilego|88/100|[from] Stealth Rock
|move|p2a: Phoenix Force|Fiery Wrath|p1a: Nihilego
|-damage|p1a: Nihilego|59/100
|
|-heal|p2a: Phoenix Force|75/100 tox|[from] item: Leftovers
|-damage|p2a: Phoenix Force|63/100 tox|[from] psn
|upkeep
|turn|22
|
|t:|1666242073
|move|p2a: Phoenix Force|Fiery Wrath|p1a: Nihilego
|-damage|p1a: Nihilego|31/100
|move|p1a: Nihilego|Meteor Beam||[still]
|-prepare|p1a: Nihilego|Meteor Beam
|-boost|p1a: Nihilego|spa|1
|-enditem|p1a: Nihilego|Power Herb
|-anim|p1a: Nihilego|Meteor Beam|p2a: Phoenix Force|[miss]
|-miss|p1a: Nihilego|p2a: Phoenix Force
|
|-heal|p2a: Phoenix Force|69/100 tox|[from] item: Leftovers
|-damage|p2a: Phoenix Force|50/100 tox|[from] psn
|upkeep
|turn|23
|
|t:|1666242075
|move|p2a: Phoenix Force|Fiery Wrath|p1a: Nihilego
|-damage|p1a: Nihilego|2/100
|move|p1a: Nihilego|Power Gem|p2a: Phoenix Force
|-supereffective|p2a: Phoenix Force
|-damage|p2a: Phoenix Force|0 fnt
|faint|p2a: Phoenix Force
|-ability|p1a: Nihilego|Beast Boost|boost
|-boost|p1a: Nihilego|spe|1
|
|upkeep
|
|t:|1666242078
|switch|p2a: Abomination|Ferrothorn, M|66/100
|-damage|p2a: Abomination|60/100|[from] Stealth Rock
|turn|24
|
|t:|1666242081
|move|p1a: Nihilego|Power Gem|p2a: Abomination
|-resisted|p2a: Abomination
|-damage|p2a: Abomination|34/100
|move|p2a: Abomination|Gyro Ball|p1a: Nihilego
|-supereffective|p1a: Nihilego
|-damage|p1a: Nihilego|0 fnt
|faint|p1a: Nihilego
|
|upkeep
|
|t:|1666242083
|switch|p1a: Kartana|Kartana|100/100
|-damage|p1a: Kartana|94/100|[from] Stealth Rock
|turn|25
|
|t:|1666242085
|switch|p2a: Tanjiro Kun|Urshifu-Rapid-Strike, M|94/100
|-damage|p2a: Tanjiro Kun|88/100|[from] Stealth Rock
|move|p1a: Kartana|Sacred Sword|p2a: Tanjiro Kun
|-damage|p2a: Tanjiro Kun|50/100
|
|upkeep
|turn|26
|
|t:|1666242089
|switch|p1a: Garchomp|Garchomp, M|4/100
|-damage|p1a: Garchomp|0 fnt|[from] Stealth Rock
|faint|p1a: Garchomp
|move|p2a: Tanjiro Kun|Surging Strikes|p1: Garchomp|[notarget]
|-fail|p2a: Tanjiro Kun
|
|upkeep
|
|t:|1666242093
|switch|p1a: Zapdos|Zapdos-Galar|56/100
|-damage|p1a: Zapdos|43/100|[from] Stealth Rock
|turn|27
|
|t:|1666242095
|move|p1a: Zapdos|Close Combat|p2a: Tanjiro Kun
|-damage|p2a: Tanjiro Kun|0 fnt
|-unboost|p1a: Zapdos|def|1
|-unboost|p1a: Zapdos|spd|1
|faint|p2a: Tanjiro Kun
|
|upkeep
|-message|Steez Ibanez forfeited.
|
|win|jushu114514
|raw|jushu114514's rating: 1823 &rarr; <strong>1845</strong><br />(+22 for winning)
|raw|Steez Ibanez's rating: 1864 &rarr; <strong>1842</strong><br />(-22 for losing)
|l|☆Steez Ibanez
