|html|<div class="broadcast-blue"><strong>[Gen 8] OU is currently suspecting Melmetal! For information on how to participate check out the <a href="https://www.smogon.com/forums/threads/np-ss-ou-suspect-process-round-12-monster-mash.3709234/">suspect thread</a>.</strong></div>
|j|☆cockit rocket
|j|☆ty-tyui↻
|t:|1665942662
|gametype|singles
|player|p1|cockit rocket|teamrocket|1639
|player|p2|ty-tyui↻|grace|1721
|teamsize|p1|6
|teamsize|p2|6
|gen|8
|tier|[Gen 8] OU
|rated|
|rule|Sleep Clause Mod: Limit one foe put to sleep
|rule|Species Clause: Limit one of each Pokémon
|rule|OHKO Clause: OHKO moves are banned
|rule|Evasion Items Clause: Evasion items are banned
|rule|Evasion Moves Clause: Evasion moves are banned
|rule|Endless Battle Clause: Forcing endless battles is banned
|rule|HP Percentage Mod: HP is shown in percentages
|rule|Dynamax Clause: You cannot dynamax
|clearpoke
|poke|p1|Slowking-Galar, F|
|poke|p1|Urshifu-*, F|
|poke|p1|Dragapult, M|
|poke|p1|Clefable, M|
|poke|p1|Ferrothorn, M|
|poke|p1|Landorus-Therian, M|
|poke|p2|Mienshao, M|
|poke|p2|Ninetales-Alola, M|
|poke|p2|Blacephalon|
|poke|p2|Landorus-Therian, M|
|poke|p2|Corviknight, F|
|poke|p2|Rotom-Wash|
|teampreview
|
|t:|1665942676
|start
|switch|p1a: Slowking|Slowking-Galar, F|100/100
|switch|p2a: Ninetales|Ninetales-Alola, M|100/100
|-weather|Hail|[from] ability: Snow Warning|[of] p2a: Ninetales
|turn|1
|
|t:|1665942687
|switch|p2a: Landorus|Landorus-Therian, M|100/100
|-ability|p2a: Landorus|Intimidate|boost
|-unboost|p1a: Slowking|atk|1
|move|p1a: Slowking|Future Sight|p2a: Landorus
|-start|p1a: Slowking|move: Future Sight
|
|-weather|Hail|[upkeep]
|-damage|p2a: Landorus|94/100|[from] Hail
|-damage|p1a: Slowking|94/100|[from] Hail
|-heal|p2a: Landorus|100/100|[from] item: Leftovers
|upkeep
|turn|2
|
|t:|1665942690
|switch|p1a: Landorus|Landorus-Therian, M|100/100
|-ability|p1a: Landorus|Intimidate|boost
|-unboost|p2a: Landorus|atk|1
|move|p2a: Landorus|Stealth Rock|p1a: Landorus
|-sidestart|p1: cockit rocket|move: Stealth Rock
|
|-weather|Hail|[upkeep]
|-damage|p2a: Landorus|94/100|[from] Hail
|-damage|p1a: Landorus|94/100|[from] Hail
|-heal|p2a: Landorus|100/100|[from] item: Leftovers
|-heal|p1a: Landorus|100/100|[from] item: Leftovers
|upkeep
|turn|3
|
|t:|1665942692
|move|p2a: Landorus|Toxic|p1a: Landorus
|-status|p1a: Landorus|tox
|move|p1a: Landorus|U-turn|p2a: Landorus
|-resisted|p2a: Landorus
|-damage|p2a: Landorus|89/100
|
|t:|1665942699
|switch|p1a: Urshifu|Urshifu-Rapid-Strike, F|100/100|[from]move: U-turn
|-damage|p1a: Urshifu|94/100|[from] Stealth Rock
|
|-weather|Hail|[upkeep]
|-damage|p1a: Urshifu|88/100|[from] Hail
|-damage|p2a: Landorus|83/100|[from] Hail
|-end|p2a: Landorus|move: Future Sight
|-damage|p2a: Landorus|49/100
|-heal|p2a: Landorus|55/100|[from] item: Leftovers
|upkeep
|turn|4
|
|t:|1665942704
|switch|p2a: Rotom|Rotom-Wash|100/100
|move|p1a: Urshifu|Surging Strikes|p2a: Rotom
|-resisted|p2a: Rotom
|-crit|p2a: Rotom
|-damage|p2a: Rotom|86/100
|-resisted|p2a: Rotom
|-crit|p2a: Rotom
|-damage|p2a: Rotom|71/100
|-resisted|p2a: Rotom
|-crit|p2a: Rotom
|-damage|p2a: Rotom|56/100
|-hitcount|p2a: Rotom|3
|
|-weather|Hail|[upkeep]
|-damage|p1a: Urshifu|82/100|[from] Hail
|-damage|p2a: Rotom|50/100|[from] Hail
|-heal|p2a: Rotom|56/100|[from] item: Leftovers
|upkeep
|turn|5
|
|t:|1665942708
|switch|p1a: Ferrothorn|Ferrothorn, M|100/100
|-damage|p1a: Ferrothorn|94/100|[from] Stealth Rock
|move|p2a: Rotom|Pain Split|p1a: Ferrothorn
|-sethp|p1a: Ferrothorn|71/100|[from] move: Pain Split|[silent]
|-sethp|p2a: Rotom|82/100|[from] move: Pain Split
|
|-weather|none
|-heal|p2a: Rotom|89/100|[from] item: Leftovers
|-heal|p1a: Ferrothorn|77/100|[from] item: Leftovers
|upkeep
|turn|6
|
|t:|1665942713
|move|p2a: Rotom|Volt Switch|p1a: Ferrothorn
|-resisted|p1a: Ferrothorn
|-damage|p1a: Ferrothorn|67/100
|
|t:|1665942715
|switch|p2a: Mienshao|Mienshao, M, shiny|100/100|[from]move: Volt Switch
|move|p1a: Ferrothorn|Spikes|p2a: Mienshao
|-sidestart|p2: ty-tyui↻|Spikes
|
|-heal|p1a: Ferrothorn|74/100|[from] item: Leftovers
|upkeep
|turn|7
|
|t:|1665942719
|switch|p1a: Clefable|Clefable, M|100/100
|move|p2a: Mienshao|Poison Jab|p1a: Clefable
|-supereffective|p1a: Clefable
|-damage|p1a: Clefable|37/100
|-damage|p2a: Mienshao|91/100|[from] item: Life Orb
|
|-heal|p1a: Clefable|43/100|[from] item: Leftovers
|upkeep
|turn|8
|
|t:|1665942722
|switch|p1a: Landorus|Landorus-Therian, M|100/100 tox
|-damage|p1a: Landorus|88/100 tox|[from] Stealth Rock
|-ability|p1a: Landorus|Intimidate|boost
|-unboost|p2a: Mienshao|atk|1
|move|p2a: Mienshao|Knock Off|p1a: Landorus
|-damage|p1a: Landorus|58/100 tox
|-enditem|p1a: Landorus|Leftovers|[from] move: Knock Off|[of] p2a: Mienshao
|-damage|p2a: Mienshao|81/100|[from] item: Life Orb
|
|-damage|p1a: Landorus|52/100 tox|[from] psn
|upkeep
|turn|9
|
|t:|1665942725
|move|p2a: Mienshao|U-turn|p1a: Landorus
|-resisted|p1a: Landorus
|-damage|p1a: Landorus|43/100 tox
|-damage|p2a: Mienshao|71/100|[from] item: Life Orb
|
|t:|1665942726
|switch|p2a: Corviknight|Corviknight, F|100/100|[from]move: U-turn
|-ability|p2a: Corviknight|Pressure
|move|p1a: Landorus|U-turn|p2a: Corviknight
|-resisted|p2a: Corviknight
|-damage|p2a: Corviknight|97/100
|-damage|p1a: Landorus|26/100 tox|[from] item: Rocky Helmet|[of] p2a: Corviknight
|inactive|Battle timer is ON: inactive players will automatically lose when time's up. (requested by ty-tyui↻)
|
|t:|1665942737
|switch|p1a: Clefable|Clefable, M|43/100|[from]move: U-turn
|
|-heal|p1a: Clefable|49/100|[from] item: Leftovers
|upkeep
|turn|10
|
|t:|1665942740
|move|p2a: Corviknight|Brave Bird|p1a: Clefable
|-damage|p1a: Clefable|15/100
|-damage|p2a: Corviknight|86/100|[from] Recoil
|move|p1a: Clefable|Stealth Rock|p2a: Corviknight
|-sidestart|p2: ty-tyui↻|move: Stealth Rock
|
|-heal|p1a: Clefable|21/100|[from] item: Leftovers
|upkeep
|turn|11
|
|t:|1665942745
|move|p2a: Corviknight|Defog|p1a: Clefable
|-unboost|p1a: Clefable|evasion|1
|-sideend|p1: cockit rocket|Stealth Rock|[from] move: Defog|[of] p2a: Corviknight
|-sideend|p2: ty-tyui↻|Spikes|[from] move: Defog|[of] p2a: Corviknight
|-sideend|p2: ty-tyui↻|Stealth Rock|[from] move: Defog|[of] p2a: Corviknight
|move|p1a: Clefable|Soft-Boiled|p1a: Clefable
|-heal|p1a: Clefable|71/100
|
|-heal|p1a: Clefable|77/100|[from] item: Leftovers
|upkeep
|turn|12
|
|t:|1665942747
|move|p2a: Corviknight|U-turn|p1a: Clefable
|-resisted|p1a: Clefable
|-damage|p1a: Clefable|71/100
|
|t:|1665942749
|switch|p2a: Ninetales|Ninetales-Alola, M|100/100|[from]move: U-turn
|-weather|Hail|[from] ability: Snow Warning|[of] p2a: Ninetales
|move|p1a: Clefable|Stealth Rock|p2a: Ninetales
|-sidestart|p2: ty-tyui↻|move: Stealth Rock
|
|-weather|Hail|[upkeep]
|-heal|p1a: Clefable|77/100|[from] item: Leftovers
|upkeep
|turn|13
|
|t:|1665942753
|switch|p1a: Slowking|Slowking-Galar, F|100/100
|move|p2a: Ninetales|Blizzard|p1a: Slowking
|-damage|p1a: Slowking|75/100
|
|-weather|Hail|[upkeep]
|-damage|p1a: Slowking|69/100|[from] Hail
|upkeep
|turn|14
|
|t:|1665942759
|switch|p2a: Corviknight|Corviknight, F|86/100
|-damage|p2a: Corviknight|73/100|[from] Stealth Rock
|-ability|p2a: Corviknight|Pressure
|move|p1a: Slowking|Future Sight|p2a: Corviknight
|-start|p1a: Slowking|move: Future Sight
|
|-weather|Hail|[upkeep]
|-damage|p2a: Corviknight|67/100|[from] Hail
|-damage|p1a: Slowking|62/100|[from] Hail
|upkeep
|turn|15
|
|t:|1665942762
|move|p2a: Corviknight|Defog|p1a: Slowking
|-unboost|p1a: Slowking|evasion|1
|-sideend|p2: ty-tyui↻|Stealth Rock|[from] move: Defog|[of] p2a: Corviknight
|move|p1a: Slowking|Flamethrower|p2a: Corviknight
|-supereffective|p2a: Corviknight
|-damage|p2a: Corviknight|24/100
|
|-weather|Hail|[upkeep]
|-damage|p2a: Corviknight|17/100|[from] Hail
|-damage|p1a: Slowking|56/100|[from] Hail
|upkeep
|turn|16
|
|t:|1665942765
|move|p2a: Corviknight|Roost|p2a: Corviknight
|-heal|p2a: Corviknight|67/100
|-singleturn|p2a: Corviknight|move: Roost
|move|p1a: Slowking|Flamethrower|p2a: Corviknight
|-supereffective|p2a: Corviknight
|-damage|p2a: Corviknight|25/100
|
|-weather|none
|-end|p2a: Corviknight|move: Future Sight
|-resisted|p2a: Corviknight
|-damage|p2a: Corviknight|6/100
|upkeep
|turn|17
|
|t:|1665942771
|move|p2a: Corviknight|Roost|p2a: Corviknight
|-heal|p2a: Corviknight|56/100
|-singleturn|p2a: Corviknight|move: Roost
|move|p1a: Slowking|Flamethrower|p2a: Corviknight
|-supereffective|p2a: Corviknight
|-damage|p2a: Corviknight|19/100
|-status|p2a: Corviknight|brn
|
|-damage|p2a: Corviknight|12/100 brn|[from] brn
|upkeep
|turn|18
|
|t:|1665942784
|move|p2a: Corviknight|Roost|p2a: Corviknight
|-heal|p2a: Corviknight|62/100 brn
|-singleturn|p2a: Corviknight|move: Roost
|move|p1a: Slowking|Future Sight|p2a: Corviknight
|-start|p1a: Slowking|move: Future Sight
|
|-damage|p2a: Corviknight|56/100 brn|[from] brn
|upkeep
|turn|19
|
|t:|1665942793
|switch|p1a: Ferrothorn|Ferrothorn, M|74/100
|move|p2a: Corviknight|U-turn|p1a: Ferrothorn
|-damage|p1a: Ferrothorn|69/100
|-damage|p2a: Corviknight|44/100 brn|[from] ability: Iron Barbs|[of] p1a: Ferrothorn
|
|t:|1665942799
|switch|p2a: Blacephalon|Blacephalon, shiny|100/100|[from]move: U-turn
|
|-heal|p1a: Ferrothorn|75/100|[from] item: Leftovers
|upkeep
|turn|20
|
|t:|1665942802
|switch|p2a: Corviknight|Corviknight, F|44/100 brn
|-ability|p2a: Corviknight|Pressure
|switch|p1a: Slowking|Slowking-Galar, F|90/100
|
|-end|p2a: Corviknight|move: Future Sight
|-resisted|p2a: Corviknight
|-damage|p2a: Corviknight|25/100 brn
|-damage|p2a: Corviknight|19/100 brn|[from] brn
|upkeep
|turn|21
|
|t:|1665942807
|switch|p1a: Ferrothorn|Ferrothorn, M|75/100
|move|p2a: Corviknight|Roost|p2a: Corviknight
|-heal|p2a: Corviknight|69/100 brn
|-singleturn|p2a: Corviknight|move: Roost
|
|-heal|p1a: Ferrothorn|82/100|[from] item: Leftovers
|-damage|p2a: Corviknight|62/100 brn|[from] brn
|upkeep
|turn|22
|
|t:|1665942812
|switch|p2a: Mienshao|Mienshao, M, shiny|100/100
|move|p1a: Ferrothorn|Spikes|p2a: Mienshao
|-sidestart|p2: ty-tyui↻|Spikes
|
|-heal|p1a: Ferrothorn|88/100|[from] item: Leftovers
|upkeep
|turn|23
|
|t:|1665942821
|switch|p1a: Landorus|Landorus-Therian, M|26/100 tox
|-ability|p1a: Landorus|Intimidate|boost
|-unboost|p2a: Mienshao|atk|1
|move|p2a: Mienshao|Close Combat|p1a: Landorus
|-resisted|p1a: Landorus
|-damage|p1a: Landorus|1/100 tox
|-unboost|p2a: Mienshao|def|1
|-unboost|p2a: Mienshao|spd|1
|-damage|p2a: Mienshao|91/100|[from] item: Life Orb
|
|-damage|p1a: Landorus|0 fnt|[from] psn
|faint|p1a: Landorus
|upkeep
|
|t:|1665942833
|switch|p1a: Urshifu|Urshifu-Rapid-Strike, F|82/100
|turn|24
|
|t:|1665942837
|switch|p2a: Corviknight|Corviknight, F|62/100 brn
|-ability|p2a: Corviknight|Pressure
|move|p1a: Urshifu|Surging Strikes|p2a: Corviknight
|-crit|p2a: Corviknight
|-damage|p2a: Corviknight|42/100 brn
|-damage|p1a: Urshifu|66/100|[from] item: Rocky Helmet|[of] p2a: Corviknight
|-crit|p2a: Corviknight
|-damage|p2a: Corviknight|21/100 brn
|-damage|p1a: Urshifu|49/100|[from] item: Rocky Helmet|[of] p2a: Corviknight
|-crit|p2a: Corviknight
|-damage|p2a: Corviknight|0 fnt
|-damage|p1a: Urshifu|33/100|[from] item: Rocky Helmet|[of] p2a: Corviknight
|faint|p2a: Corviknight
|-hitcount|p2: Corviknight|3
|
|upkeep
|
|t:|1665942844
|switch|p2a: Blacephalon|Blacephalon, shiny|100/100
|-damage|p2a: Blacephalon|88/100|[from] Spikes
|turn|25
|
|t:|1665942847
|switch|p1a: Slowking|Slowking-Galar, F|100/100
|move|p2a: Blacephalon|Shadow Ball|p1a: Slowking
|-supereffective|p1a: Slowking
|-crit|p1a: Slowking
|-damage|p1a: Slowking|42/100
|-unboost|p1a: Slowking|spd|1
|
|upkeep
|turn|26
|
|t:|1665942859
|switch|p1a: Clefable|Clefable, M|77/100
|move|p2a: Blacephalon|Shadow Ball|p1a: Clefable
|-crit|p1a: Clefable
|-damage|p1a: Clefable|15/100
|
|-heal|p1a: Clefable|22/100|[from] item: Leftovers
|upkeep
|turn|27
|
|t:|1665942863
|move|p2a: Blacephalon|Shadow Ball|p1a: Clefable
|-damage|p1a: Clefable|0 fnt
|faint|p1a: Clefable
|-ability|p2a: Blacephalon|Beast Boost|boost
|-boost|p2a: Blacephalon|spa|1
|
|upkeep
|
|t:|1665942869
|switch|p1a: Urshifu|Urshifu-Rapid-Strike, F|33/100
|turn|28
|
|t:|1665942871
|switch|p2a: Rotom|Rotom-Wash|89/100
|move|p1a: Urshifu|Aqua Jet|p2a: Rotom
|-resisted|p2a: Rotom
|-crit|p2a: Rotom
|-damage|p2a: Rotom|65/100
|
|-heal|p2a: Rotom|72/100|[from] item: Leftovers
|upkeep
|turn|29
|
|t:|1665942877
|switch|p1a: Dragapult|Dragapult, M|100/100
|move|p2a: Rotom|Volt Switch|p1a: Dragapult
|-resisted|p1a: Dragapult
|-damage|p1a: Dragapult|85/100
|
|t:|1665942880
|switch|p2a: Blacephalon|Blacephalon, shiny|88/100|[from]move: Volt Switch
|-damage|p2a: Blacephalon|76/100|[from] Spikes
|
|upkeep
|turn|30
|
|t:|1665942886
|switch|p1a: Ferrothorn|Ferrothorn, M|88/100
|move|p2a: Blacephalon|Shadow Ball|p1a: Ferrothorn
|-damage|p1a: Ferrothorn|51/100
|-unboost|p1a: Ferrothorn|spd|1
|
|-heal|p1a: Ferrothorn|58/100|[from] item: Leftovers
|upkeep
|turn|31
|c|☆cockit rocket|jesus
|c|☆cockit rocket|serene grace blace
|
|t:|1665942903
|move|p2a: Blacephalon|Shadow Ball|p1a: Ferrothorn
|-damage|p1a: Ferrothorn|0 fnt
|faint|p1a: Ferrothorn
|-ability|p2a: Blacephalon|Beast Boost|boost
|-boost|p2a: Blacephalon|spa|1
|
|upkeep
|
|t:|1665942911
|switch|p1a: Urshifu|Urshifu-Rapid-Strike, F|33/100
|turn|32
|c|☆ty-tyui↻|yes i hacked the game
|
|t:|1665942922
|switch|p2a: Landorus|Landorus-Therian, M|55/100
|-ability|p2a: Landorus|Intimidate|boost
|-unboost|p1a: Urshifu|atk|1
|move|p1a: Urshifu|Close Combat|p2a: Landorus
|-resisted|p2a: Landorus
|-damage|p2a: Landorus|22/100
|-unboost|p1a: Urshifu|def|1
|-unboost|p1a: Urshifu|spd|1
|
|-heal|p2a: Landorus|28/100|[from] item: Leftovers
|upkeep
|turn|33
|
|t:|1665942930
|switch|p2a: Blacephalon|Blacephalon, shiny|76/100
|-damage|p2a: Blacephalon|64/100|[from] Spikes
|move|p1a: Urshifu|Close Combat|p2a: Blacephalon
|-immune|p2a: Blacephalon
|
|upkeep
|turn|34
|
|t:|1665942934
|switch|p1a: Slowking|Slowking-Galar, F|75/100
|move|p2a: Blacephalon|Shadow Ball|p1a: Slowking
|-supereffective|p1a: Slowking
|-damage|p1a: Slowking|37/100
|
|upkeep
|turn|35
|
|t:|1665942938
|move|p2a: Blacephalon|Shadow Ball|p1a: Slowking
|-supereffective|p1a: Slowking
|-damage|p1a: Slowking|0 fnt
|faint|p1a: Slowking
|-ability|p2a: Blacephalon|Beast Boost|boost
|-boost|p2a: Blacephalon|spa|1
|
|upkeep
|
|t:|1665942943
|switch|p1a: Urshifu|Urshifu-Rapid-Strike, F|33/100
|turn|36
|
|t:|1665942947
|switch|p2a: Landorus|Landorus-Therian, M|28/100
|-ability|p2a: Landorus|Intimidate|boost
|-unboost|p1a: Urshifu|atk|1
|move|p1a: Urshifu|Aqua Jet|p2a: Landorus
|-supereffective|p2a: Landorus
|-damage|p2a: Landorus|0 fnt
|faint|p2a: Landorus
|
|upkeep
|
|t:|1665942951
|switch|p2a: Rotom|Rotom-Wash|72/100
|turn|37
|
|t:|1665942957
|switch|p1a: Dragapult|Dragapult, M|85/100
|move|p2a: Rotom|Volt Switch|p1a: Dragapult
|-resisted|p1a: Dragapult
|-damage|p1a: Dragapult|67/100
|
|t:|1665942959
|switch|p2a: Blacephalon|Blacephalon, shiny|64/100|[from]move: Volt Switch
|-damage|p2a: Blacephalon|52/100|[from] Spikes
|
|upkeep
|turn|38
|
|t:|1665942961
|move|p2a: Blacephalon|Shadow Ball|p1a: Dragapult
|-supereffective|p1a: Dragapult
|-damage|p1a: Dragapult|0 fnt
|faint|p1a: Dragapult
|-ability|p2a: Blacephalon|Beast Boost|boost
|-boost|p2a: Blacephalon|spa|1
|
|upkeep
|
|t:|1665942964
|switch|p1a: Urshifu|Urshifu-Rapid-Strike, F|33/100
|turn|39
|c|☆ty-tyui↻|blace >>
|
|t:|1665942972
|move|p1a: Urshifu|Aqua Jet|p2a: Blacephalon
|-supereffective|p2a: Blacephalon
|-damage|p2a: Blacephalon|0 fnt
|faint|p2a: Blacephalon
|
|upkeep
|
|t:|1665942974
|switch|p2a: Rotom|Rotom-Wash|72/100
|turn|40
|j| Oricorioisthebest
|c|☆cockit rocket|yeah dude dropped my spdef on everything i couldnt even check it lol
|
|t:|1665942991
|move|p1a: Urshifu|Aqua Jet|p2a: Rotom
|-resisted|p2a: Rotom
|-damage|p2a: Rotom|53/100
|move|p2a: Rotom|Volt Switch|p1a: Urshifu
|-supereffective|p1a: Urshifu
|-damage|p1a: Urshifu|0 fnt
|faint|p1a: Urshifu
|
|win|ty-tyui↻
|raw|cockit rocket's rating: 1639 &rarr; <strong>1624</strong><br />(-15 for losing)
|raw|ty-tyui↻'s rating: 1721 &rarr; <strong>1736</strong><br />(+15 for winning)
|c|☆ty-tyui↻|and crit
|c|☆cockit rocket|gg
||Ladder isn't responding, score probably updated but might not have (Request timeout).
