|raw|<div class="broadcast-blue"><strong>This battle is required to be public due to a player having a name starting with 'lt91bb'.</div>
|j|☆wolfwarrior
|j|☆lt91bb FJ2K
|t:|1659555489
|gametype|singles
|player|p1|wolfwarrior|red|1726
|player|p2|lt91bb FJ2K|2|1897
|teamsize|p1|6
|teamsize|p2|6
|gen|8
|tier|[Gen 8] OU
|rated|
|rule|Sleep Clause Mod: Limit one foe put to sleep
|rule|Species Clause: Limit one of each Pokémon
|rule|OHKO Clause: OHKO moves are banned
|rule|Evasion Moves Clause: Evasion moves are banned
|rule|Endless Battle Clause: Forcing endless battles is banned
|rule|HP Percentage Mod: HP is shown in percentages
|rule|Dynamax Clause: You cannot dynamax
|clearpoke
|poke|p1|Ferrothorn, M|
|poke|p1|Hippowdon, F|
|poke|p1|Excadrill, M|
|poke|p1|Landorus-Therian, M|
|poke|p1|Tapu Fini|
|poke|p1|Tyranitar, M|
|poke|p2|Tyranitar, F|
|poke|p2|Rotom-Wash|
|poke|p2|Ferrothorn, F|
|poke|p2|Excadrill, M|
|poke|p2|Dragapult, M|
|poke|p2|Clefable, M|
|teampreview
|inactive|Battle timer is ON: inactive players will automatically lose when time's up. (requested by wolfwarrior)
|
|t:|1659555500
|start
|switch|p1a: Tapu Fini|Tapu Fini|100/100
|switch|p2a: Clefable|Clefable, M|100/100
|-fieldstart|move: Misty Terrain|[from] ability: Misty Surge|[of] p1a: Tapu Fini
|turn|1
|
|t:|1659555507
|switch|p1a: Ferrothorn|Ferrothorn, M|100/100
|move|p2a: Clefable|Moonblast|p1a: Ferrothorn
|-resisted|p1a: Ferrothorn
|-damage|p1a: Ferrothorn|90/100
|
|upkeep
|turn|2
|
|t:|1659555515
|switch|p2a: Ferrothorn|Ferrothorn, F|100/100
|move|p1a: Ferrothorn|Gravity|p1a: Ferrothorn
|-fieldstart|move: Gravity
|
|upkeep
|turn|3
|
|t:|1659555521
|move|p2a: Ferrothorn|Knock Off|p1a: Ferrothorn
|-damage|p1a: Ferrothorn|75/100
|-damage|p2a: Ferrothorn|88/100|[from] ability: Iron Barbs|[of] p1a: Ferrothorn
|-damage|p2a: Ferrothorn|72/100|[from] item: Rocky Helmet|[of] p1a: Ferrothorn
|-enditem|p1a: Ferrothorn|Rocky Helmet|[from] move: Knock Off|[of] p2a: Ferrothorn
|move|p1a: Ferrothorn|Spikes|p2a: Ferrothorn
|-sidestart|p2: lt91bb FJ2K|Spikes
|
|-heal|p2a: Ferrothorn|78/100|[from] item: Leftovers
|upkeep
|turn|4
|
|t:|1659555524
|move|p1a: Ferrothorn|Knock Off|p2a: Ferrothorn
|-damage|p2a: Ferrothorn|62/100
|-damage|p1a: Ferrothorn|63/100|[from] ability: Iron Barbs|[of] p2a: Ferrothorn
|-enditem|p2a: Ferrothorn|Leftovers|[from] move: Knock Off|[of] p1a: Ferrothorn
|move|p2a: Ferrothorn|Spikes|p1a: Ferrothorn
|-sidestart|p1: wolfwarrior|Spikes
|
|upkeep
|turn|5
|
|t:|1659555528
|move|p2a: Ferrothorn|Spikes|p1a: Ferrothorn
|-sidestart|p1: wolfwarrior|Spikes
|move|p1a: Ferrothorn|Spikes|p2a: Ferrothorn
|-sidestart|p2: lt91bb FJ2K|Spikes
|
|-fieldend|Misty Terrain
|upkeep
|turn|6
|
|t:|1659555530
|move|p1a: Ferrothorn|Spikes|p2a: Ferrothorn
|-sidestart|p2: lt91bb FJ2K|Spikes
|move|p2a: Ferrothorn|Spikes|p1a: Ferrothorn
|-sidestart|p1: wolfwarrior|Spikes
|
|-fieldend|move: Gravity
|upkeep
|turn|7
|
|t:|1659555534
|move|p1a: Ferrothorn|Gravity|p1a: Ferrothorn
|-fieldstart|move: Gravity
|move|p2a: Ferrothorn|Body Press|p1a: Ferrothorn
|-supereffective|p1a: Ferrothorn
|-damage|p1a: Ferrothorn|29/100
|-damage|p2a: Ferrothorn|49/100|[from] ability: Iron Barbs|[of] p1a: Ferrothorn
|
|upkeep
|turn|8
|
|t:|1659555540
|move|p2a: Ferrothorn|Leech Seed|p1a: Ferrothorn
|-immune|p1a: Ferrothorn
|move|p1a: Ferrothorn|Knock Off|p2a: Ferrothorn
|-damage|p2a: Ferrothorn|38/100
|-damage|p1a: Ferrothorn|16/100|[from] ability: Iron Barbs|[of] p2a: Ferrothorn
|
|upkeep
|turn|9
|
|t:|1659555552
|move|p1a: Ferrothorn|Knock Off|p2a: Ferrothorn
|-damage|p2a: Ferrothorn|27/100
|-damage|p1a: Ferrothorn|4/100|[from] ability: Iron Barbs|[of] p2a: Ferrothorn
|move|p2a: Ferrothorn|Body Press|p1a: Ferrothorn
|-supereffective|p1a: Ferrothorn
|-damage|p1a: Ferrothorn|0 fnt
|-damage|p2a: Ferrothorn|14/100|[from] ability: Iron Barbs|[of] p1a: Ferrothorn
|faint|p1a: Ferrothorn
|
|upkeep
|
|t:|1659555578
|switch|p1a: Landorus|Landorus-Therian, M|100/100
|-damage|p1a: Landorus|76/100|[from] Spikes
|-ability|p1a: Landorus|Intimidate|boost
|-unboost|p2a: Ferrothorn|atk|1
|turn|10
|
|t:|1659555582
|move|p1a: Landorus|Earthquake|p2a: Ferrothorn
|-damage|p2a: Ferrothorn|0 fnt
|faint|p2a: Ferrothorn
|
|-heal|p1a: Landorus|82/100|[from] item: Leftovers
|upkeep
|
|t:|1659555589
|switch|p2a: Clefable|Clefable, M|100/100
|turn|11
|
|t:|1659555593
|switch|p1a: Tyranitar|Tyranitar, M|100/100
|-damage|p1a: Tyranitar|75/100|[from] Spikes
|-weather|Sandstorm|[from] ability: Sand Stream|[of] p1a: Tyranitar
|move|p2a: Clefable|Soft-Boiled||[still]
|-fail|p2a: Clefable|heal
|
|-weather|Sandstorm|[upkeep]
|-fieldend|move: Gravity
|upkeep
|turn|12
|
|t:|1659555602
|move|p1a: Tyranitar|Toxic|p2a: Clefable
|-status|p2a: Clefable|tox
|move|p2a: Clefable|Thunder Wave|p1a: Tyranitar
|-status|p1a: Tyranitar|par
|
|-weather|Sandstorm|[upkeep]
|upkeep
|turn|13
|
|t:|1659555614
|move|p2a: Clefable|Moonblast|p1a: Tyranitar
|-supereffective|p1a: Tyranitar
|-damage|p1a: Tyranitar|50/100 par
|-enditem|p1a: Tyranitar|Eject Button
|
|t:|1659555624
|switch|p1a: Excadrill|Excadrill, M|100/100
|-damage|p1a: Excadrill|76/100|[from] Spikes
|
|-weather|Sandstorm|[upkeep]
|upkeep
|turn|14
|
|t:|1659555630
|switch|p2a: Rotom|Rotom-Wash|100/100
|move|p1a: Excadrill|Iron Head|p2a: Rotom
|-resisted|p2a: Rotom
|-damage|p2a: Rotom|83/100
|
|-weather|Sandstorm|[upkeep]
|-damage|p2a: Rotom|76/100|[from] Sandstorm
|-heal|p2a: Rotom|83/100|[from] item: Leftovers
|upkeep
|turn|15
|
|t:|1659555636
|switch|p1a: Tapu Fini|Tapu Fini|100/100
|-damage|p1a: Tapu Fini|76/100|[from] Spikes
|-fieldstart|move: Misty Terrain|[from] ability: Misty Surge|[of] p1a: Tapu Fini
|move|p2a: Rotom|Hydro Pump|p1a: Tapu Fini
|-resisted|p1a: Tapu Fini
|-damage|p1a: Tapu Fini|57/100
|
|-weather|none
|-heal|p2a: Rotom|89/100|[from] item: Leftovers
|-heal|p1a: Tapu Fini|63/100|[from] item: Leftovers
|upkeep
|turn|16
|
|t:|1659555642
|move|p2a: Rotom|Volt Switch|p1a: Tapu Fini
|-supereffective|p1a: Tapu Fini
|-damage|p1a: Tapu Fini|16/100
|
|t:|1659555644
|switch|p2a: Excadrill|Excadrill, M|100/100|[from]move: Volt Switch
|-damage|p2a: Excadrill|76/100|[from] Spikes
|move|p1a: Tapu Fini|Gravity|p1a: Tapu Fini
|-fieldstart|move: Gravity
|
|-heal|p2a: Excadrill|82/100|[from] item: Leftovers
|-heal|p1a: Tapu Fini|22/100|[from] item: Leftovers
|upkeep
|turn|17
|
|t:|1659555653
|switch|p1a: Hippowdon|Hippowdon, F|100/100
|-damage|p1a: Hippowdon|76/100|[from] Spikes
|-weather|Sandstorm|[from] ability: Sand Stream|[of] p1a: Hippowdon
|move|p2a: Excadrill|Iron Head|p1a: Hippowdon
|-damage|p1a: Hippowdon|52/100
|-enditem|p1a: Hippowdon|Eject Button
|
|t:|1659555659
|switch|p1a: Excadrill|Excadrill, M|76/100
|-damage|p1a: Excadrill|51/100|[from] Spikes
|
|-weather|Sandstorm|[upkeep]
|-heal|p2a: Excadrill|88/100|[from] item: Leftovers
|upkeep
|turn|18
|
|t:|1659555688
|move|p2a: Excadrill|Earthquake|p1a: Excadrill
|-supereffective|p1a: Excadrill
|-damage|p1a: Excadrill|0 fnt
|faint|p1a: Excadrill
|
|-weather|Sandstorm|[upkeep]
|-heal|p2a: Excadrill|94/100|[from] item: Leftovers
|upkeep
|-message|wolfwarrior forfeited.
|
|win|lt91bb FJ2K
|raw|wolfwarrior's rating: 1726 &rarr; <strong>1715</strong><br />(-11 for losing)
|raw|lt91bb FJ2K's rating: 1897 &rarr; <strong>1908</strong><br />(+11 for winning)
|l|☆wolfwarrior
||Ladder isn't responding, score probably updated but might not have (Request timeout).
