|html|<div class="broadcast-blue"><strong>[Gen 8] OU is currently suspecting Melmetal! For information on how to participate check out the <a href="https://www.smogon.com/forums/threads/np-ss-ou-suspect-process-round-12-monster-mash.3709234/">suspect thread</a>.</strong></div>
|j|☆minimax_ai
|j|☆A3720
|t:|1666475403
|gametype|singles
|player|p1|minimax_ai|lusamine-nihilego|1476
|player|p2|A3720|2|1499
|teamsize|p1|6
|teamsize|p2|6
|gen|8
|tier|[Gen 8] OU
|rated|
|rule|Sleep Clause Mod: Limit one foe put to sleep
|rule|Species Clause: Limit one of each Pokémon
|rule|OHKO Clause: OHKO moves are banned
|rule|Evasion Items Clause: Evasion items are banned
|rule|Evasion Moves Clause: Evasion moves are banned
|rule|Endless Battle Clause: Forcing endless battles is banned
|rule|HP Percentage Mod: HP is shown in percentages
|rule|Dynamax Clause: You cannot dynamax
|clearpoke
|poke|p1|Rotom-Wash|
|poke|p1|Weavile, F|
|poke|p1|Landorus-Therian, M|
|poke|p1|Heatran, M|
|poke|p1|Tangrowth, M|
|poke|p1|Melmetal|
|poke|p2|Vanilluxe, M|
|poke|p2|Arctozolt|
|poke|p2|Toxapex, M|
|poke|p2|Magnezone|
|poke|p2|Landorus-Therian, M|
|poke|p2|Tornadus-Therian, M|
|teampreview
|c|☆minimax_ai|hf
|inactive|Battle timer is ON: inactive players will automatically lose when time's up. (requested by minimax_ai)
|
|t:|1666475413
|start
|switch|p1a: Heatran|Heatran, M|100/100
|switch|p2a: Vanilluxe|Vanilluxe, M|100/100
|-item|p1a: Heatran|Air Balloon
|-weather|Hail|[from] ability: Snow Warning|[of] p2a: Vanilluxe
|turn|1
|
|t:|1666475419
|switch|p2a: Toxapex|Toxapex, M, shiny|100/100
|move|p1a: Heatran|Magma Storm|p2a: Toxapex
|-resisted|p2a: Toxapex
|-damage|p2a: Toxapex|79/100
|-activate|p2a: Toxapex|move: Magma Storm|[of] p1a: Heatran
|-enditem|p2a: Toxapex|Eject Button
|
|t:|1666475422
|switch|p2a: Magnezone|Magnezone|100/100
|
|-weather|Hail|[upkeep]
|-damage|p1a: Heatran|94/100|[from] Hail
|-damage|p2a: Magnezone|94/100|[from] Hail
|upkeep
|turn|2
|
|t:|1666475425
|move|p1a: Heatran|Eruption|p2a: Magnezone
|-supereffective|p2a: Magnezone
|-damage|p2a: Magnezone|4/100
|move|p2a: Magnezone|Mirror Coat|p1a: Heatran
|-damage|p1a: Heatran|0 fnt
|-enditem|p1a: Heatran|Air Balloon
|faint|p1a: Heatran
|
|-weather|Hail|[upkeep]
|-damage|p2a: Magnezone|0 fnt|[from] Hail
|faint|p2a: Magnezone
|upkeep
|
|t:|1666475437
|switch|p1a: Melmetal|Melmetal|100/100
|switch|p2a: Arctozolt|Arctozolt|100/100
|turn|3
|
|t:|1666475457
|switch|p2a: Toxapex|Toxapex, M, shiny|100/100
|move|p1a: Melmetal|Double Iron Bash|p2a: Toxapex
|-resisted|p2a: Toxapex
|-damage|p2a: Toxapex|89/100
|-resisted|p2a: Toxapex
|-damage|p2a: Toxapex|77/100
|-hitcount|p2a: Toxapex|2
|
|-weather|Hail|[upkeep]
|-damage|p2a: Toxapex|71/100|[from] Hail
|-damage|p1a: Melmetal|94/100|[from] Hail
|upkeep
|turn|4
|
|t:|1666475463
|move|p2a: Toxapex|Knock Off|p1a: Melmetal
|-damage|p1a: Melmetal|86/100
|-enditem|p1a: Melmetal|Assault Vest|[from] move: Knock Off|[of] p2a: Toxapex
|move|p1a: Melmetal|Double Iron Bash|p2a: Toxapex
|-resisted|p2a: Toxapex
|-damage|p2a: Toxapex|57/100
|-resisted|p2a: Toxapex
|-damage|p2a: Toxapex|44/100
|-hitcount|p2a: Toxapex|2
|
|-weather|Hail|[upkeep]
|-damage|p2a: Toxapex|37/100|[from] Hail
|-damage|p1a: Melmetal|80/100|[from] Hail
|upkeep
|turn|5
|
|t:|1666475466
|move|p2a: Toxapex|Recover|p2a: Toxapex
|-heal|p2a: Toxapex|87/100
|move|p1a: Melmetal|Double Iron Bash|p2a: Toxapex
|-resisted|p2a: Toxapex
|-damage|p2a: Toxapex|75/100
|-resisted|p2a: Toxapex
|-damage|p2a: Toxapex|62/100
|-hitcount|p2a: Toxapex|2
|
|-weather|none
|upkeep
|turn|6
|
|t:|1666475471
|move|p2a: Toxapex|Knock Off|p1a: Melmetal
|-damage|p1a: Melmetal|75/100
|move|p1a: Melmetal|Ice Punch|p2a: Toxapex
|-resisted|p2a: Toxapex
|-damage|p2a: Toxapex|52/100
|
|upkeep
|turn|7
|
|t:|1666475474
|move|p2a: Toxapex|Recover|p2a: Toxapex
|-heal|p2a: Toxapex|100/100
|move|p1a: Melmetal|Ice Punch|p2a: Toxapex
|-resisted|p2a: Toxapex
|-damage|p2a: Toxapex|89/100
|
|upkeep
|turn|8
|
|t:|1666475477
|move|p2a: Toxapex|Knock Off|p1a: Melmetal
|-damage|p1a: Melmetal|69/100
|move|p1a: Melmetal|Ice Punch|p2a: Toxapex
|-resisted|p2a: Toxapex
|-damage|p2a: Toxapex|79/100
|
|upkeep
|turn|9
|
|t:|1666475479
|move|p2a: Toxapex|Knock Off|p1a: Melmetal
|-damage|p1a: Melmetal|64/100
|move|p1a: Melmetal|Double Iron Bash|p2a: Toxapex
|-resisted|p2a: Toxapex
|-crit|p2a: Toxapex
|-damage|p2a: Toxapex|62/100
|-resisted|p2a: Toxapex
|-damage|p2a: Toxapex|49/100
|-hitcount|p2a: Toxapex|2
|
|upkeep
|turn|10
|
|t:|1666475482
|move|p2a: Toxapex|Recover|p2a: Toxapex
|-heal|p2a: Toxapex|99/100
|move|p1a: Melmetal|Ice Punch|p2a: Toxapex
|-resisted|p2a: Toxapex
|-damage|p2a: Toxapex|89/100
|
|upkeep
|turn|11
|
|t:|1666475486
|move|p2a: Toxapex|Knock Off|p1a: Melmetal
|-damage|p1a: Melmetal|58/100
|move|p1a: Melmetal|Ice Punch|p2a: Toxapex
|-resisted|p2a: Toxapex
|-damage|p2a: Toxapex|78/100
|
|upkeep
|turn|12
|
|t:|1666475489
|move|p2a: Toxapex|Knock Off|p1a: Melmetal
|-damage|p1a: Melmetal|52/100
|move|p1a: Melmetal|Double Iron Bash|p2a: Toxapex
|-resisted|p2a: Toxapex
|-damage|p2a: Toxapex|67/100
|-resisted|p2a: Toxapex
|-damage|p2a: Toxapex|54/100
|-hitcount|p2a: Toxapex|2
|
|upkeep
|turn|13
|
|t:|1666475491
|move|p2a: Toxapex|Recover|p2a: Toxapex
|-heal|p2a: Toxapex|100/100
|move|p1a: Melmetal|Ice Punch|p2a: Toxapex
|-resisted|p2a: Toxapex
|-damage|p2a: Toxapex|90/100
|
|upkeep
|turn|14
|
|t:|1666475495
|move|p2a: Toxapex|Knock Off|p1a: Melmetal
|-damage|p1a: Melmetal|47/100
|move|p1a: Melmetal|Ice Punch|p2a: Toxapex
|-resisted|p2a: Toxapex
|-damage|p2a: Toxapex|81/100
|
|upkeep
|turn|15
|
|t:|1666475498
|move|p2a: Toxapex|Knock Off|p1a: Melmetal
|-damage|p1a: Melmetal|42/100
|move|p1a: Melmetal|Ice Punch|p2a: Toxapex
|-resisted|p2a: Toxapex
|-damage|p2a: Toxapex|71/100
|
|upkeep
|turn|16
|
|t:|1666475501
|move|p2a: Toxapex|Knock Off|p1a: Melmetal
|-damage|p1a: Melmetal|36/100
|move|p1a: Melmetal|Ice Punch|p2a: Toxapex
|-resisted|p2a: Toxapex
|-damage|p2a: Toxapex|61/100
|
|upkeep
|turn|17
|
|t:|1666475504
|move|p2a: Toxapex|Knock Off|p1a: Melmetal
|-damage|p1a: Melmetal|31/100
|move|p1a: Melmetal|Double Iron Bash|p2a: Toxapex
|-resisted|p2a: Toxapex
|-damage|p2a: Toxapex|49/100
|-resisted|p2a: Toxapex
|-damage|p2a: Toxapex|37/100
|-hitcount|p2a: Toxapex|2
|
|upkeep
|turn|18
|
|t:|1666475506
|move|p2a: Toxapex|Recover|p2a: Toxapex
|-heal|p2a: Toxapex|87/100
|move|p1a: Melmetal|Double Iron Bash|p2a: Toxapex
|-resisted|p2a: Toxapex
|-damage|p2a: Toxapex|76/100
|-resisted|p2a: Toxapex
|-damage|p2a: Toxapex|64/100
|-hitcount|p2a: Toxapex|2
|
|upkeep
|turn|19
|
|t:|1666475512
|move|p2a: Toxapex|Knock Off|p1a: Melmetal
|-damage|p1a: Melmetal|26/100
|move|p1a: Melmetal|Double Iron Bash|p2a: Toxapex
|-resisted|p2a: Toxapex
|-damage|p2a: Toxapex|53/100
|-resisted|p2a: Toxapex
|-crit|p2a: Toxapex
|-damage|p2a: Toxapex|33/100
|-hitcount|p2a: Toxapex|2
|
|upkeep
|turn|20
|
|t:|1666475515
|move|p2a: Toxapex|Recover|p2a: Toxapex
|-heal|p2a: Toxapex|83/100
|move|p1a: Melmetal|Earthquake|p2a: Toxapex
|-supereffective|p2a: Toxapex
|-damage|p2a: Toxapex|39/100
|
|upkeep
|turn|21
|
|t:|1666475531
|move|p2a: Toxapex|Recover|p2a: Toxapex
|-heal|p2a: Toxapex|89/100
|move|p1a: Melmetal|Earthquake|p2a: Toxapex
|-supereffective|p2a: Toxapex
|-damage|p2a: Toxapex|43/100
|
|upkeep
|turn|22
|
|t:|1666475533
|switch|p2a: Tornadus|Tornadus-Therian, M|100/100
|move|p1a: Melmetal|Earthquake|p2a: Tornadus
|-immune|p2a: Tornadus
|
|upkeep
|turn|23
|
|t:|1666475537
|switch|p1a: rotomwash|Rotom-Wash|100/100
|move|p2a: Tornadus|Heat Wave|p1a: rotomwash
|-resisted|p1a: rotomwash
|-damage|p1a: rotomwash|88/100
|
|-heal|p1a: rotomwash|94/100|[from] item: Leftovers
|upkeep
|turn|24
|
|t:|1666475546
|move|p2a: Tornadus|U-turn|p1a: rotomwash
|-damage|p1a: rotomwash|78/100
|
|t:|1666475549
|switch|p2a: Vanilluxe|Vanilluxe, M|100/100|[from]move: U-turn
|-weather|Hail|[from] ability: Snow Warning|[of] p2a: Vanilluxe
|move|p1a: rotomwash|Nasty Plot|p1a: rotomwash
|-boost|p1a: rotomwash|spa|2
|
|-weather|Hail|[upkeep]
|-damage|p1a: rotomwash|72/100|[from] Hail
|-heal|p1a: rotomwash|78/100|[from] item: Leftovers
|upkeep
|turn|25
|
|t:|1666475565
|switch|p2a: Landorus|Landorus-Therian, M|100/100
|-ability|p2a: Landorus|Intimidate|boost
|-unboost|p1a: rotomwash|atk|1
|move|p1a: rotomwash|Hydro Pump|p2a: Landorus
|-supereffective|p2a: Landorus
|-damage|p2a: Landorus|0 fnt
|faint|p2a: Landorus
|
|-weather|Hail|[upkeep]
|-damage|p1a: rotomwash|72/100|[from] Hail
|-heal|p1a: rotomwash|78/100|[from] item: Leftovers
|upkeep
|
|t:|1666475568
|switch|p2a: Arctozolt|Arctozolt|100/100
|turn|26
|
|t:|1666475571
|switch|p1a: Melmetal|Melmetal|26/100
|move|p2a: Arctozolt|Freeze-Dry|p1a: Melmetal
|-resisted|p1a: Melmetal
|-damage|p1a: Melmetal|8/100
|
|-weather|Hail|[upkeep]
|-damage|p1a: Melmetal|2/100|[from] Hail
|upkeep
|turn|27
|
|t:|1666475573
|switch|p1a: Weavile|Weavile, F|100/100
|-ability|p1a: Weavile|Pressure
|move|p2a: Arctozolt|Freeze-Dry|p1a: Weavile
|-resisted|p1a: Weavile
|-damage|p1a: Weavile|70/100
|
|-weather|Hail|[upkeep]
|upkeep
|turn|28
|
|t:|1666475576
|switch|p2a: Toxapex|Toxapex, M, shiny|76/100
|move|p1a: Weavile|Knock Off|p2a: Toxapex
|-damage|p2a: Toxapex|44/100
|
|-weather|none
|upkeep
|turn|29
|
|t:|1666475592
|move|p1a: Weavile|Knock Off|p2a: Toxapex
|-damage|p2a: Toxapex|16/100
|move|p2a: Toxapex|Recover|p2a: Toxapex
|-heal|p2a: Toxapex|66/100
|
|upkeep
|turn|30
|
|t:|1666475594
|move|p1a: Weavile|Knock Off|p2a: Toxapex
|-damage|p2a: Toxapex|39/100
|move|p2a: Toxapex|Toxic|p1a: Weavile
|-status|p1a: Weavile|tox
|
|-damage|p1a: Weavile|64/100 tox|[from] psn
|upkeep
|turn|31
|
|t:|1666475597
|move|p1a: Weavile|Knock Off|p2a: Toxapex
|-damage|p2a: Toxapex|7/100
|move|p2a: Toxapex|Recover|p2a: Toxapex
|-heal|p2a: Toxapex|57/100
|
|-damage|p1a: Weavile|52/100 tox|[from] psn
|upkeep
|turn|32
|
|t:|1666475599
|move|p1a: Weavile|Knock Off|p2a: Toxapex
|-damage|p2a: Toxapex|30/100
|move|p2a: Toxapex|Recover|p2a: Toxapex
|-heal|p2a: Toxapex|80/100
|
|-damage|p1a: Weavile|34/100 tox|[from] psn
|upkeep
|turn|33
|
|t:|1666475606
|move|p1a: Weavile|Knock Off|p2a: Toxapex
|-damage|p2a: Toxapex|50/100
|move|p2a: Toxapex|Knock Off|p1a: Weavile
|-resisted|p1a: Weavile
|-damage|p1a: Weavile|22/100 tox
|-enditem|p1a: Weavile|Choice Band|[from] move: Knock Off|[of] p2a: Toxapex
|
|-damage|p1a: Weavile|0 fnt|[from] psn
|faint|p1a: Weavile
|upkeep
|
|t:|1666475606
|switch|p1a: rotomwash|Rotom-Wash|78/100
|turn|34
|
|t:|1666475616
|switch|p2a: Vanilluxe|Vanilluxe, M|100/100
|-weather|Hail|[from] ability: Snow Warning|[of] p2a: Vanilluxe
|move|p1a: rotomwash|Nasty Plot|p1a: rotomwash
|-boost|p1a: rotomwash|spa|2
|
|-weather|Hail|[upkeep]
|-damage|p1a: rotomwash|72/100|[from] Hail
|-heal|p1a: rotomwash|78/100|[from] item: Leftovers
|upkeep
|turn|35
|
|t:|1666475627
|switch|p2a: Toxapex|Toxapex, M, shiny|83/100
|move|p1a: rotomwash|Hydro Pump|p2a: Toxapex
|-resisted|p2a: Toxapex
|-damage|p2a: Toxapex|50/100
|
|-weather|Hail|[upkeep]
|-damage|p1a: rotomwash|72/100|[from] Hail
|-damage|p2a: Toxapex|44/100|[from] Hail
|-heal|p1a: rotomwash|78/100|[from] item: Leftovers
|upkeep
|turn|36
|
|t:|1666475635
|switch|p2a: Arctozolt|Arctozolt|100/100
|move|p1a: rotomwash|Hydro Pump|p2a: Arctozolt
|-damage|p2a: Arctozolt|0 fnt
|faint|p2a: Arctozolt
|
|-weather|Hail|[upkeep]
|-damage|p1a: rotomwash|72/100|[from] Hail
|-heal|p1a: rotomwash|78/100|[from] item: Leftovers
|upkeep
|
|t:|1666475649
|switch|p2a: Vanilluxe|Vanilluxe, M|100/100
|turn|37
|
|t:|1666475651
|move|p1a: rotomwash|Hydro Pump|p2a: Vanilluxe
|-crit|p2a: Vanilluxe
|-damage|p2a: Vanilluxe|0 fnt
|faint|p2a: Vanilluxe
|
|-weather|Hail|[upkeep]
|-damage|p1a: rotomwash|72/100|[from] Hail
|-heal|p1a: rotomwash|78/100|[from] item: Leftovers
|upkeep
|
|t:|1666475655
|switch|p2a: Toxapex|Toxapex, M, shiny|77/100
|turn|38
|
|t:|1666475657
|move|p1a: rotomwash|Thunderbolt|p2a: Toxapex
|-supereffective|p2a: Toxapex
|-damage|p2a: Toxapex|0 fnt
|faint|p2a: Toxapex
|
|-weather|none
|-heal|p1a: rotomwash|84/100|[from] item: Leftovers
|upkeep
|
|t:|1666475660
|switch|p2a: Tornadus|Tornadus-Therian, M|100/100
|turn|39
|
|t:|1666475666
|move|p2a: Tornadus|U-turn|p1a: rotomwash
|-damage|p1a: rotomwash|70/100
|move|p1a: rotomwash|Thunderbolt|p2a: Tornadus
|-supereffective|p2a: Tornadus
|-damage|p2a: Tornadus|0 fnt
|faint|p2a: Tornadus
|
|win|minimax_ai
|raw|minimax_ai's rating: 1476 &rarr; <strong>1497</strong><br />(+21 for winning)
|raw|A3720's rating: 1499 &rarr; <strong>1478</strong><br />(-21 for losing)
|c|☆minimax_ai|gg
