|j|☆Stads
|j|☆lt94je whyaddicted
|t:|1661178623
|gametype|singles
|player|p1|Stads|102|1717
|player|p2|lt94je whyaddicted|102|1888
|teamsize|p1|6
|teamsize|p2|6
|gen|8
|tier|[Gen 8] OU
|rated|
|rule|Sleep Clause Mod: Limit one foe put to sleep
|rule|Species Clause: Limit one of each Pokémon
|rule|OHKO Clause: OHKO moves are banned
|rule|Evasion Items Clause: Evasion items are banned
|rule|Evasion Moves Clause: Evasion moves are banned
|rule|Endless Battle Clause: Forcing endless battles is banned
|rule|HP Percentage Mod: HP is shown in percentages
|rule|Dynamax Clause: You cannot dynamax
|clearpoke
|poke|p1|Tornadus-Therian, M|
|poke|p1|Corviknight, M|
|poke|p1|Kartana|
|poke|p1|Toxapex, M|
|poke|p1|Hippowdon, M|
|poke|p1|Heatran, F|
|poke|p2|Slowking-Galar, M|
|poke|p2|Buzzwole|
|poke|p2|Ferrothorn, M|
|poke|p2|Rotom-Wash|
|poke|p2|Landorus-Therian, M|
|poke|p2|Moltres-Galar|
|teampreview
|inactive|Battle timer is ON: inactive players will automatically lose when time's up. (requested by Stads)
|
|t:|1661178636
|start
|switch|p1a: Heatran|Heatran, F|100/100
|switch|p2a: Slowking|Slowking-Galar, M|100/100
|turn|1
|
|t:|1661178639
|switch|p1a: Hippowdon|Hippowdon, M|100/100
|-weather|Sandstorm|[from] ability: Sand Stream|[of] p1a: Hippowdon
|switch|p2a: Rotom|Rotom-Wash|100/100
|
|-weather|Sandstorm|[upkeep]
|-damage|p2a: Rotom|94/100|[from] Sandstorm
|-heal|p2a: Rotom|100/100|[from] item: Leftovers
|upkeep
|turn|2
|
|t:|1661178644
|switch|p2a: Ferrothorn|Ferrothorn, M|100/100
|move|p1a: Hippowdon|Stealth Rock|p2a: Ferrothorn
|-sidestart|p2: lt94je whyaddicted|move: Stealth Rock
|
|-weather|Sandstorm|[upkeep]
|upkeep
|turn|3
|
|t:|1661178647
|switch|p1a: Tornadus|Tornadus-Therian, M|100/100
|move|p2a: Ferrothorn|Stealth Rock|p1a: Tornadus
|-sidestart|p1: Stads|move: Stealth Rock
|
|-weather|Sandstorm|[upkeep]
|-damage|p1a: Tornadus|94/100|[from] Sandstorm
|upkeep
|turn|4
|
|t:|1661178651
|switch|p2a: Rotom|Rotom-Wash|100/100
|-damage|p2a: Rotom|88/100|[from] Stealth Rock
|move|p1a: Tornadus|Heat Wave|p2a: Rotom|[miss]
|-miss|p1a: Tornadus|p2a: Rotom
|
|-weather|Sandstorm|[upkeep]
|-damage|p1a: Tornadus|88/100|[from] Sandstorm
|-damage|p2a: Rotom|82/100|[from] Sandstorm
|-heal|p2a: Rotom|88/100|[from] item: Leftovers
|upkeep
|turn|5
|
|t:|1661178657
|move|p1a: Tornadus|Knock Off|p2a: Rotom
|-damage|p2a: Rotom|67/100
|-enditem|p2a: Rotom|Leftovers|[from] move: Knock Off|[of] p1a: Tornadus
|move|p2a: Rotom|Will-O-Wisp|p1a: Tornadus
|-status|p1a: Tornadus|brn
|
|-weather|none
|-damage|p1a: Tornadus|82/100 brn|[from] brn
|upkeep
|turn|6
|
|t:|1661178664
|move|p1a: Tornadus|Hurricane|p2a: Rotom
|-resisted|p2a: Rotom
|-damage|p2a: Rotom|48/100
|-start|p2a: Rotom|confusion
|-activate|p2a: Rotom|confusion
|-damage|p2a: Rotom|42/100|[from] confusion
|
|-damage|p1a: Tornadus|76/100 brn|[from] brn
|upkeep
|turn|7
|
|t:|1661178667
|move|p1a: Tornadus|U-turn|p2a: Rotom
|-damage|p2a: Rotom|35/100
|
|t:|1661178669
|switch|p1a: Toxapex|Toxapex, M|100/100|[from]move: U-turn
|-damage|p1a: Toxapex|88/100|[from] Stealth Rock
|-end|p2a: Rotom|confusion
|move|p2a: Rotom|Pain Split|p1a: Toxapex
|-sethp|p1a: Toxapex|61/100|[from] move: Pain Split|[silent]
|-sethp|p2a: Rotom|61/100|[from] move: Pain Split
|
|upkeep
|turn|8
|
|t:|1661178672
|switch|p1a: Hippowdon|Hippowdon, M|100/100
|-damage|p1a: Hippowdon|94/100|[from] Stealth Rock
|-weather|Sandstorm|[from] ability: Sand Stream|[of] p1a: Hippowdon
|move|p2a: Rotom|Will-O-Wisp|p1a: Hippowdon
|-status|p1a: Hippowdon|brn
|
|-weather|Sandstorm|[upkeep]
|-damage|p2a: Rotom|55/100|[from] Sandstorm
|-heal|p1a: Hippowdon|100/100 brn|[from] item: Leftovers
|-damage|p1a: Hippowdon|94/100 brn|[from] brn
|upkeep
|turn|9
|j| lt93oq fenomeno
|
|t:|1661178682
|switch|p1a: Tornadus|Tornadus-Therian, M|100/100 brn
|-damage|p1a: Tornadus|76/100 brn|[from] Stealth Rock
|move|p2a: Rotom|Pain Split|p1a: Tornadus
|-sethp|p1a: Tornadus|65/100 brn|[from] move: Pain Split|[silent]
|-sethp|p2a: Rotom|66/100|[from] move: Pain Split
|
|-weather|Sandstorm|[upkeep]
|-damage|p1a: Tornadus|59/100 brn|[from] Sandstorm
|-damage|p2a: Rotom|59/100|[from] Sandstorm
|-damage|p1a: Tornadus|53/100 brn|[from] brn
|upkeep
|turn|10
|
|t:|1661178686
|move|p1a: Tornadus|U-turn|p2a: Rotom
|-damage|p2a: Rotom|51/100
|
|t:|1661178689
|switch|p1a: Toxapex|Toxapex, M|95/100|[from]move: U-turn
|-damage|p1a: Toxapex|82/100|[from] Stealth Rock
|move|p2a: Rotom|Pain Split|p1a: Toxapex
|-sethp|p1a: Toxapex|67/100|[from] move: Pain Split|[silent]
|-sethp|p2a: Rotom|67/100|[from] move: Pain Split
|
|-weather|Sandstorm|[upkeep]
|-damage|p2a: Rotom|60/100|[from] Sandstorm
|-damage|p1a: Toxapex|60/100|[from] Sandstorm
|upkeep
|turn|11
|
|t:|1661178693
|switch|p1a: Hippowdon|Hippowdon, M|94/100 brn
|-damage|p1a: Hippowdon|88/100 brn|[from] Stealth Rock
|move|p2a: Rotom|Will-O-Wisp|p1a: Hippowdon
|-fail|p1a: Hippowdon|brn
|
|-weather|Sandstorm|[upkeep]
|-damage|p2a: Rotom|54/100|[from] Sandstorm
|-heal|p1a: Hippowdon|94/100 brn|[from] item: Leftovers
|-damage|p1a: Hippowdon|88/100 brn|[from] brn
|upkeep
|turn|12
|j| Not Daki
|
|t:|1661178697
|switch|p2a: Slowking|Slowking-Galar, M|100/100
|-damage|p2a: Slowking|88/100|[from] Stealth Rock
|move|p1a: Hippowdon|Toxic|p2a: Slowking
|-immune|p2a: Slowking
|
|-weather|none
|-heal|p1a: Hippowdon|94/100 brn|[from] item: Leftovers
|-heal|p2a: Slowking|94/100|[from] item: Black Sludge
|-damage|p1a: Hippowdon|88/100 brn|[from] brn
|upkeep
|turn|13
|
|t:|1661178700
|move|p1a: Hippowdon|Earthquake|p2a: Slowking
|-supereffective|p2a: Slowking
|-crit|p2a: Slowking
|-damage|p2a: Slowking|53/100
|move|p2a: Slowking|Trick|p1a: Hippowdon
|-activate|p2a: Slowking|move: Trick|[of] p1a: Hippowdon
|-item|p1a: Hippowdon|Black Sludge|[from] move: Trick
|-item|p2a: Slowking|Leftovers|[from] move: Trick
|
|-damage|p1a: Hippowdon|76/100 brn|[from] item: Black Sludge
|-heal|p2a: Slowking|59/100|[from] item: Leftovers
|-damage|p1a: Hippowdon|70/100 brn|[from] brn
|upkeep
|turn|14
|
|t:|1661178708
|switch|p1a: Heatran|Heatran, F|100/100
|-damage|p1a: Heatran|88/100|[from] Stealth Rock
|switch|p2a: Landorus|Landorus-Therian, M|100/100
|-damage|p2a: Landorus|88/100|[from] Stealth Rock
|-ability|p2a: Landorus|Intimidate|boost
|-unboost|p1a: Heatran|atk|1
|
|-heal|p2a: Landorus|94/100|[from] item: Leftovers
|-heal|p1a: Heatran|94/100|[from] item: Leftovers
|upkeep
|turn|15
|
|t:|1661178712
|move|p1a: Heatran|Protect|p1a: Heatran
|-singleturn|p1a: Heatran|Protect
|move|p2a: Landorus|Knock Off|p1a: Heatran
|-activate|p1a: Heatran|move: Protect
|
|-heal|p2a: Landorus|99/100|[from] item: Leftovers
|-heal|p1a: Heatran|100/100|[from] item: Leftovers
|upkeep
|turn|16
|
|t:|1661178714
|switch|p1a: Corviknight|Corviknight, M|100/100
|-damage|p1a: Corviknight|88/100|[from] Stealth Rock
|-ability|p1a: Corviknight|Pressure
|move|p2a: Landorus|Knock Off|p1a: Corviknight
|-damage|p1a: Corviknight|69/100
|-enditem|p1a: Corviknight|Leftovers|[from] move: Knock Off|[of] p2a: Landorus
|
|-heal|p2a: Landorus|100/100|[from] item: Leftovers
|upkeep
|turn|17
|
|t:|1661178718
|move|p2a: Landorus|U-turn|p1a: Corviknight
|-resisted|p1a: Corviknight
|-damage|p1a: Corviknight|66/100
|j| rfdsevcrd
|
|t:|1661178721
|switch|p2a: Ferrothorn|Ferrothorn, M|100/100|[from]move: U-turn
|-damage|p2a: Ferrothorn|94/100|[from] Stealth Rock
|move|p1a: Corviknight|Roost|p1a: Corviknight
|-heal|p1a: Corviknight|100/100
|-singleturn|p1a: Corviknight|move: Roost
|
|-heal|p2a: Ferrothorn|100/100|[from] item: Leftovers
|upkeep
|turn|18
|
|t:|1661178729
|switch|p1a: Toxapex|Toxapex, M|94/100
|-damage|p1a: Toxapex|81/100|[from] Stealth Rock
|move|p2a: Ferrothorn|Leech Seed|p1a: Toxapex
|-start|p1a: Toxapex|move: Leech Seed
|
|-damage|p1a: Toxapex|69/100|[from] Leech Seed|[of] p2a: Ferrothorn
|upkeep
|turn|19
|
|t:|1661178732
|switch|p1a: Tornadus|Tornadus-Therian, M|86/100 brn
|-damage|p1a: Tornadus|61/100 brn|[from] Stealth Rock
|switch|p2a: Rotom|Rotom-Wash|54/100
|-damage|p2a: Rotom|42/100|[from] Stealth Rock
|
|-damage|p1a: Tornadus|55/100 brn|[from] brn
|upkeep
|turn|20
|
|t:|1661178736
|move|p1a: Tornadus|U-turn|p2a: Rotom
|-damage|p2a: Rotom|34/100
|
|t:|1661178738
|switch|p1a: Hippowdon|Hippowdon, M|70/100 brn|[from]move: U-turn
|-damage|p1a: Hippowdon|63/100 brn|[from] Stealth Rock
|-weather|Sandstorm|[from] ability: Sand Stream|[of] p1a: Hippowdon
|move|p2a: Rotom|Pain Split|p1a: Hippowdon
|-sethp|p1a: Hippowdon|44/100 brn|[from] move: Pain Split|[silent]
|-sethp|p2a: Rotom|61/100|[from] move: Pain Split
|
|-weather|Sandstorm|[upkeep]
|-damage|p2a: Rotom|54/100|[from] Sandstorm
|-damage|p1a: Hippowdon|32/100 brn|[from] item: Black Sludge
|-damage|p1a: Hippowdon|25/100 brn|[from] brn
|upkeep
|turn|21
|
|t:|1661178741
|move|p2a: Rotom|Hydro Pump|p1a: Hippowdon
|-supereffective|p1a: Hippowdon
|-damage|p1a: Hippowdon|0 fnt
|faint|p1a: Hippowdon
|
|-weather|Sandstorm|[upkeep]
|-damage|p2a: Rotom|48/100|[from] Sandstorm
|upkeep
|j| Hikawa Kyoka
|
|t:|1661178743
|switch|p1a: Heatran|Heatran, F|100/100
|-damage|p1a: Heatran|88/100|[from] Stealth Rock
|turn|22
|
|t:|1661178746
|move|p2a: Rotom|Pain Split|p1a: Heatran
|-sethp|p1a: Heatran|63/100|[from] move: Pain Split|[silent]
|-sethp|p2a: Rotom|80/100|[from] move: Pain Split
|move|p1a: Heatran|Magma Storm|p2a: Rotom
|-resisted|p2a: Rotom
|-damage|p2a: Rotom|60/100
|-activate|p2a: Rotom|move: Magma Storm|[of] p1a: Heatran
|
|-weather|Sandstorm|[upkeep]
|-damage|p2a: Rotom|54/100|[from] Sandstorm
|-heal|p1a: Heatran|69/100|[from] item: Leftovers
|-damage|p2a: Rotom|42/100|[from] move: Magma Storm|[partiallytrapped]
|upkeep
|turn|23
|
|t:|1661178751
|move|p2a: Rotom|Pain Split|p1a: Heatran
|-sethp|p1a: Heatran|51/100|[from] move: Pain Split|[silent]
|-sethp|p2a: Rotom|65/100|[from] move: Pain Split
|move|p1a: Heatran|Toxic|p2a: Rotom
|-status|p2a: Rotom|tox
|
|-weather|Sandstorm|[upkeep]
|-damage|p2a: Rotom|58/100 tox|[from] Sandstorm
|-heal|p1a: Heatran|57/100|[from] item: Leftovers
|-damage|p2a: Rotom|52/100 tox|[from] psn
|-damage|p2a: Rotom|40/100 tox|[from] move: Magma Storm|[partiallytrapped]
|upkeep
|turn|24
|
|t:|1661178756
|move|p1a: Heatran|Protect|p1a: Heatran
|-singleturn|p1a: Heatran|Protect
|move|p2a: Rotom|Hydro Pump|p1a: Heatran
|-activate|p1a: Heatran|move: Protect
|
|-weather|none
|-heal|p1a: Heatran|63/100|[from] item: Leftovers
|-damage|p2a: Rotom|27/100 tox|[from] psn
|-damage|p2a: Rotom|15/100 tox|[from] move: Magma Storm|[partiallytrapped]
|upkeep
|turn|25
|
|t:|1661178760
|move|p1a: Heatran|Protect||[still]
|-fail|p1a: Heatran
|move|p2a: Rotom|Pain Split|p1a: Heatran
|-sethp|p1a: Heatran|38/100|[from] move: Pain Split|[silent]
|-sethp|p2a: Rotom|48/100 tox|[from] move: Pain Split
|
|-heal|p1a: Heatran|44/100|[from] item: Leftovers
|-damage|p2a: Rotom|29/100 tox|[from] psn
|-damage|p2a: Rotom|16/100 tox|[from] move: Magma Storm|[partiallytrapped]
|upkeep
|turn|26
|
|t:|1661178765
|move|p1a: Heatran|Protect|p1a: Heatran
|-singleturn|p1a: Heatran|Protect
|move|p2a: Rotom|Volt Switch|p1a: Heatran
|-activate|p1a: Heatran|move: Protect
|
|-heal|p1a: Heatran|50/100|[from] item: Leftovers
|-damage|p2a: Rotom|0 fnt|[from] psn
|faint|p2a: Rotom
|upkeep
|j| trumps convoy
|
|t:|1661178779
|switch|p2a: Landorus|Landorus-Therian, M|100/100
|-damage|p2a: Landorus|88/100|[from] Stealth Rock
|-ability|p2a: Landorus|Intimidate|boost
|-unboost|p1a: Heatran|atk|1
|turn|27
|
|t:|1661178784
|switch|p1a: Corviknight|Corviknight, M|100/100
|-damage|p1a: Corviknight|88/100|[from] Stealth Rock
|-ability|p1a: Corviknight|Pressure
|move|p2a: Landorus|Knock Off|p1a: Corviknight
|-damage|p1a: Corviknight|74/100
|
|-heal|p2a: Landorus|94/100|[from] item: Leftovers
|upkeep
|turn|28
|
|t:|1661178788
|move|p2a: Landorus|Earthquake|p1a: Corviknight
|-immune|p1a: Corviknight
|move|p1a: Corviknight|Roost|p1a: Corviknight
|-heal|p1a: Corviknight|100/100
|-singleturn|p1a: Corviknight|move: Roost
|
|-heal|p2a: Landorus|99/100|[from] item: Leftovers
|upkeep
|turn|29
|
|t:|1661178790
|move|p2a: Landorus|Knock Off|p1a: Corviknight
|-damage|p1a: Corviknight|86/100
|move|p1a: Corviknight|Body Press|p2a: Landorus
|-resisted|p2a: Landorus
|-damage|p2a: Landorus|88/100
|
|-heal|p2a: Landorus|94/100|[from] item: Leftovers
|upkeep
|turn|30
|
|t:|1661178795
|move|p2a: Landorus|Knock Off|p1a: Corviknight
|-damage|p1a: Corviknight|72/100
|move|p1a: Corviknight|U-turn|p2a: Landorus
|-resisted|p2a: Landorus
|-damage|p2a: Landorus|86/100
|
|t:|1661178798
|switch|p1a: Tornadus|Tornadus-Therian, M|88/100 brn|[from]move: U-turn
|-damage|p1a: Tornadus|63/100 brn|[from] Stealth Rock
|
|-heal|p2a: Landorus|92/100|[from] item: Leftovers
|-damage|p1a: Tornadus|57/100 brn|[from] brn
|upkeep
|turn|31
|
|t:|1661178809
|move|p1a: Tornadus|Knock Off|p2a: Landorus
|-damage|p2a: Landorus|82/100
|-enditem|p2a: Landorus|Leftovers|[from] move: Knock Off|[of] p1a: Tornadus
|move|p2a: Landorus|U-turn|p1a: Tornadus
|-resisted|p1a: Tornadus
|-damage|p1a: Tornadus|41/100 brn
|j| LT94JE Tace
|
|t:|1661178810
|switch|p2a: Moltres|Moltres-Galar|100/100|[from]move: U-turn
|
|-damage|p1a: Tornadus|35/100 brn|[from] brn
|upkeep
|turn|32
|
|t:|1661178815
|move|p1a: Tornadus|Hurricane|p2a: Moltres
|-damage|p2a: Moltres|58/100
|move|p2a: Moltres|Nasty Plot|p2a: Moltres
|-boost|p2a: Moltres|spa|2
|
|-damage|p1a: Tornadus|29/100 brn|[from] brn
|upkeep
|turn|33
|
|t:|1661178824
|move|p1a: Tornadus|Hurricane|p2a: Moltres|[miss]
|-miss|p1a: Tornadus|p2a: Moltres
|move|p2a: Moltres|Agility|p2a: Moltres
|-boost|p2a: Moltres|spe|2
|
|-damage|p1a: Tornadus|23/100 brn|[from] brn
|upkeep
|turn|34
|
|t:|1661178834
|move|p2a: Moltres|Fiery Wrath|p1a: Tornadus
|-damage|p1a: Tornadus|0 fnt
|faint|p1a: Tornadus
|
|upkeep
|-message|Stads forfeited.
|
|win|lt94je whyaddicted
|raw|Stads's rating: 1717 &rarr; <strong>1706</strong><br />(-11 for losing)
|raw|lt94je whyaddicted's rating: 1888 &rarr; <strong>1899</strong><br />(+11 for winning)
|l|☆Stads
||Ladder isn't responding, score probably updated but might not have (Request timeout).
|l| Not Daki
|l| LT94JE Tace
|j| Bird of belief ❀
|l| rfdsevcrd
|l| Bird of belief ❀
|j| Bird of belief ❀
