|j|‽Omari P
|j|☆ultimategoogolplex
|t:|1667262255
|gametype|singles
|player|p1|Omari P|pokemonrangerf|1645
|player|p2|ultimategoogolplex|1|1720
|teamsize|p1|6
|teamsize|p2|6
|gen|8
|tier|[Gen 8] OU
|rated|
|rule|Sleep Clause Mod: Limit one foe put to sleep
|rule|Species Clause: Limit one of each Pokémon
|rule|OHKO Clause: OHKO moves are banned
|rule|Evasion Items Clause: Evasion items are banned
|rule|Evasion Moves Clause: Evasion moves are banned
|rule|Endless Battle Clause: Forcing endless battles is banned
|rule|HP Percentage Mod: HP is shown in percentages
|rule|Dynamax Clause: You cannot dynamax
|clearpoke
|poke|p1|Porygon-Z|
|poke|p1|Tapu Lele|
|poke|p1|Darmanitan, F|
|poke|p1|Mandibuzz, F|
|poke|p1|Nidoking, M|
|poke|p1|Dragapult, M|
|poke|p2|Weavile, F|
|poke|p2|Volcanion|
|poke|p2|Zapdos|
|poke|p2|Landorus-Therian, M|
|poke|p2|Kartana|
|poke|p2|Melmetal|
|teampreview
|inactive|Battle timer is ON: inactive players will automatically lose when time's up. (requested by ultimategoogolplex)
|
|t:|1667262271
|start
|switch|p1a: Nidoking|Nidoking, M, shiny|100/100
|switch|p2a: Landorus|Landorus-Therian, M|100/100
|-ability|p2a: Landorus|Intimidate|boost
|-unboost|p1a: Nidoking|atk|1
|turn|1
|inactive|Omari P has 120 seconds left.
|inactive|Omari P has 90 seconds left.
|
|t:|1667262354
|switch|p2a: Melmetal|Melmetal|100/100
|move|p1a: Nidoking|Ice Beam|p2a: Melmetal
|-resisted|p2a: Melmetal
|-crit|p2a: Melmetal
|-damage|p2a: Melmetal|87/100
|
|upkeep
|turn|2
|
|t:|1667262360
|move|p1a: Nidoking|Stealth Rock|p2a: Melmetal
|-sidestart|p2: ultimategoogolplex|move: Stealth Rock
|move|p2a: Melmetal|Double Iron Bash|p1a: Nidoking
|-damage|p1a: Nidoking|46/100
|-damage|p1a: Nidoking|0 fnt
|faint|p1a: Nidoking
|-hitcount|p1: Nidoking|2
|
|upkeep
|
|t:|1667262364
|switch|p1a: Darmanitan|Darmanitan, F|100/100
|turn|3
|
|t:|1667262369
|switch|p2a: Landorus|Landorus-Therian, M|100/100
|-damage|p2a: Landorus|88/100|[from] Stealth Rock
|-ability|p2a: Landorus|Intimidate|boost
|-unboost|p1a: Darmanitan|atk|1
|move|p1a: Darmanitan|Flare Blitz|p2a: Landorus
|-damage|p2a: Landorus|32/100
|-damage|p1a: Darmanitan|80/100|[from] Recoil
|
|-heal|p2a: Landorus|38/100|[from] item: Leftovers
|upkeep
|turn|4
|
|t:|1667262380
|move|p1a: Darmanitan|Flare Blitz|p2a: Landorus
|-damage|p2a: Landorus|0 fnt
|faint|p2a: Landorus
|-damage|p1a: Darmanitan|67/100|[from] Recoil
|
|upkeep
|
|t:|1667262389
|switch|p2a: Weavile|Weavile, F|100/100
|-damage|p2a: Weavile|76/100|[from] Stealth Rock
|-ability|p2a: Weavile|Pressure
|turn|5
|
|t:|1667262397
|move|p2a: Weavile|Knock Off|p1a: Darmanitan
|-damage|p1a: Darmanitan|0 fnt
|-enditem|p1a: Darmanitan|Life Orb|[from] move: Knock Off|[of] p2a: Weavile
|faint|p1a: Darmanitan
|
|upkeep
|
|t:|1667262399
|switch|p1a: Tapu Lele|Tapu Lele|100/100
|-fieldstart|move: Psychic Terrain|[from] ability: Psychic Surge|[of] p1a: Tapu Lele
|turn|6
|
|t:|1667262405
|switch|p2a: Melmetal|Melmetal|87/100
|-damage|p2a: Melmetal|81/100|[from] Stealth Rock
|move|p1a: Tapu Lele|Focus Blast|p2a: Melmetal
|-supereffective|p2a: Melmetal
|-damage|p2a: Melmetal|35/100
|
|upkeep
|turn|7
|
|t:|1667262414
|switch|p2a: Zapdos|Zapdos|100/100
|move|p1a: Tapu Lele|Focus Blast|p2a: Zapdos
|-resisted|p2a: Zapdos
|-damage|p2a: Zapdos|79/100
|
|upkeep
|turn|8
|
|t:|1667262420
|switch|p1a: Porygon-Z|Porygon-Z, shiny|100/100
|move|p2a: Zapdos|Defog|p1a: Porygon-Z
|-unboost|p1a: Porygon-Z|evasion|1
|-sideend|p2: ultimategoogolplex|Stealth Rock|[from] move: Defog|[of] p2a: Zapdos
|-fieldend|move: Psychic Terrain
|
|upkeep
|turn|9
|j| kLuGbiYaT
|
|t:|1667262427
|switch|p2a: Melmetal|Melmetal|35/100
|move|p1a: Porygon-Z|Tri Attack|p2a: Melmetal
|-resisted|p2a: Melmetal
|-damage|p2a: Melmetal|12/100
|-damage|p1a: Porygon-Z|91/100|[from] item: Life Orb
|
|upkeep
|turn|10
|
|t:|1667262435
|move|p1a: Porygon-Z|Tri Attack|p2a: Melmetal
|-resisted|p2a: Melmetal
|-damage|p2a: Melmetal|0 fnt
|faint|p2a: Melmetal
|-damage|p1a: Porygon-Z|81/100|[from] item: Life Orb
|
|upkeep
|
|t:|1667262441
|switch|p2a: Weavile|Weavile, F|76/100
|-ability|p2a: Weavile|Pressure
|turn|11
|
|t:|1667262454
|move|p2a: Weavile|Triple Axel|p1a: Porygon-Z
|-damage|p1a: Porygon-Z|58/100
|-damage|p1a: Porygon-Z|14/100
|-damage|p1a: Porygon-Z|0 fnt
|faint|p1a: Porygon-Z
|-hitcount|p1: Porygon-Z|3
|
|upkeep
|
|t:|1667262456
|switch|p1a: Tapu Lele|Tapu Lele|100/100
|-fieldstart|move: Psychic Terrain|[from] ability: Psychic Surge|[of] p1a: Tapu Lele
|turn|12
|
|t:|1667262470
|switch|p1a: Dragapult|Dragapult, M|100/100
|switch|p2a: Volcanion|Volcanion|100/100
|
|upkeep
|turn|13
|
|t:|1667262484
|switch|p2a: Zapdos|Zapdos|79/100
|move|p1a: Dragapult|Dragon Dance|p1a: Dragapult
|-boost|p1a: Dragapult|atk|1
|-boost|p1a: Dragapult|spe|1
|
|upkeep
|turn|14
|
|t:|1667262490
|move|p1a: Dragapult|Dragon Darts|p2a: Zapdos
|-damage|p2a: Zapdos|33/100
|-anim|p1a: Dragapult|Dragon Darts|p2a: Zapdos
|-damage|p2a: Zapdos|0 fnt
|faint|p2a: Zapdos
|-damage|p1a: Dragapult|91/100|[from] item: Life Orb
|
|upkeep
|
|t:|1667262497
|switch|p2a: Weavile|Weavile, F|76/100
|-ability|p2a: Weavile|Pressure
|turn|15
|
|t:|1667262508
|switch|p2a: Kartana|Kartana|100/100
|move|p1a: Dragapult|Dragon Darts|p2a: Kartana
|-resisted|p2a: Kartana
|-damage|p2a: Kartana|70/100
|-anim|p1a: Dragapult|Dragon Darts|p2a: Kartana
|-resisted|p2a: Kartana
|-damage|p2a: Kartana|42/100
|-damage|p1a: Dragapult|81/100|[from] item: Life Orb
|
|upkeep
|turn|16
|
|t:|1667262517
|move|p1a: Dragapult|Dragon Darts|p2a: Kartana
|-resisted|p2a: Kartana
|-damage|p2a: Kartana|14/100
|-anim|p1a: Dragapult|Dragon Darts|p2a: Kartana
|-resisted|p2a: Kartana
|-damage|p2a: Kartana|0 fnt
|faint|p2a: Kartana
|-damage|p1a: Dragapult|71/100|[from] item: Life Orb
|
|-fieldend|move: Psychic Terrain
|upkeep
|
|t:|1667262527
|switch|p2a: Weavile|Weavile, F|76/100
|-ability|p2a: Weavile|Pressure
|turn|17
|
|t:|1667262531
|switch|p1a: Tapu Lele|Tapu Lele|100/100
|-fieldstart|move: Psychic Terrain|[from] ability: Psychic Surge|[of] p1a: Tapu Lele
|move|p2a: Weavile|Knock Off|p1a: Tapu Lele
|-damage|p1a: Tapu Lele|0 fnt
|-enditem|p1a: Tapu Lele|Choice Scarf|[from] move: Knock Off|[of] p2a: Weavile
|faint|p1a: Tapu Lele
|
|upkeep
|
|t:|1667262534
|switch|p1a: Dragapult|Dragapult, M|71/100
|turn|18
|j| Shotintheheart
|
|t:|1667262546
|move|p1a: Dragapult|Dragon Darts|p2a: Weavile
|-damage|p2a: Weavile|13/100
|-anim|p1a: Dragapult|Dragon Darts|p2a: Weavile
|-crit|p2a: Weavile
|-damage|p2a: Weavile|0 fnt
|faint|p2a: Weavile
|-damage|p1a: Dragapult|61/100|[from] item: Life Orb
|
|upkeep
|
|t:|1667262553
|switch|p2a: Volcanion|Volcanion|100/100
|turn|19
|
|t:|1667262557
|move|p1a: Dragapult|Dragon Darts|p2a: Volcanion
|-damage|p2a: Volcanion|66/100
|-anim|p1a: Dragapult|Dragon Darts|p2a: Volcanion
|-damage|p2a: Volcanion|34/100
|-damage|p1a: Dragapult|52/100|[from] item: Life Orb
|move|p2a: Volcanion|Steam Eruption|p1a: Dragapult
|-resisted|p1a: Dragapult
|-damage|p1a: Dragapult|0 fnt
|faint|p1a: Dragapult
|
|upkeep
|
|t:|1667262559
|switch|p1a: Mandibuzz|Mandibuzz, F, shiny|100/100
|turn|20
|
|t:|1667262567
|move|p2a: Volcanion|Steam Eruption|p1a: Mandibuzz
|-damage|p1a: Mandibuzz|31/100
|move|p1a: Mandibuzz|Toxic|p2a: Volcanion
|-status|p2a: Volcanion|tox
|
|-damage|p2a: Volcanion|28/100 tox|[from] psn
|upkeep
|turn|21
|
|t:|1667262575
|move|p2a: Volcanion|Steam Eruption|p1a: Mandibuzz
|-damage|p1a: Mandibuzz|0 fnt
|faint|p1a: Mandibuzz
|
|win|ultimategoogolplex
|raw|Omari P's rating: 1645 &rarr; <strong>1629</strong><br />(-16 for losing)
|raw|ultimategoogolplex's rating: 1720 &rarr; <strong>1736</strong><br />(+16 for winning)
