|html|<div class="broadcast-blue"><strong>[Gen 8] OU is currently suspecting Melmetal! For information on how to participate check out the <a href="https://www.smogon.com/forums/threads/np-ss-ou-suspect-process-round-12-monster-mash.3709234/">suspect thread</a>.</strong></div>
|j|☆Celistesting
|j|☆brettfavreinnocent
|t:|1666310293
|gametype|singles
|player|p1|Celistesting|nate|1663
|player|p2|brettfavreinnocent|harlequin|1690
|teamsize|p1|6
|teamsize|p2|6
|gen|8
|tier|[Gen 8] OU
|rated|
|rule|Sleep Clause Mod: Limit one foe put to sleep
|rule|Species Clause: Limit one of each Pokémon
|rule|OHKO Clause: OHKO moves are banned
|rule|Evasion Items Clause: Evasion items are banned
|rule|Evasion Moves Clause: Evasion moves are banned
|rule|Endless Battle Clause: Forcing endless battles is banned
|rule|HP Percentage Mod: HP is shown in percentages
|rule|Dynamax Clause: You cannot dynamax
|clearpoke
|poke|p1|Dragapult, M|
|poke|p1|Blaziken, F|
|poke|p1|Hatterene, F|
|poke|p1|Mew|
|poke|p1|Kartana|
|poke|p1|Krookodile, F|
|poke|p2|Pelipper, F|
|poke|p2|Zapdos|
|poke|p2|Inteleon, F|
|poke|p2|Ferrothorn, M|
|poke|p2|Barraskewda, F|
|poke|p2|Seismitoad, M|
|teampreview
|inactive|Battle timer is ON: inactive players will automatically lose when time's up. (requested by brettfavreinnocent)
|
|t:|1666310303
|start
|switch|p1a: Mew|Mew|100/100
|switch|p2a: Pelipper|Pelipper, F|100/100
|-weather|RainDance|[from] ability: Drizzle|[of] p2a: Pelipper
|turn|1
|
|t:|1666310307
|move|p1a: Mew|Spikes|p2a: Pelipper
|-sidestart|p2: brettfavreinnocent|Spikes
|move|p2a: Pelipper|Scald|p1a: Mew
|-damage|p1a: Mew|68/100
|
|-weather|RainDance|[upkeep]
|-heal|p1a: Mew|75/100|[from] item: Leftovers
|upkeep
|turn|2
|
|t:|1666310310
|move|p1a: Mew|Spikes|p2a: Pelipper
|-sidestart|p2: brettfavreinnocent|Spikes
|move|p2a: Pelipper|Defog|p1a: Mew
|-unboost|p1a: Mew|evasion|1
|-sideend|p2: brettfavreinnocent|Spikes|[from] move: Defog|[of] p2a: Pelipper
|
|-weather|RainDance|[upkeep]
|-heal|p1a: Mew|81/100|[from] item: Leftovers
|upkeep
|turn|3
|
|t:|1666310314
|move|p1a: Mew|Will-O-Wisp|p2a: Pelipper
|-status|p2a: Pelipper|brn
|move|p2a: Pelipper|U-turn|p1a: Mew
|-supereffective|p1a: Mew
|-damage|p1a: Mew|73/100
|
|t:|1666310319
|switch|p2a: Barraskewda|Barraskewda, F|100/100|[from]move: U-turn
|
|-weather|RainDance|[upkeep]
|-heal|p1a: Mew|79/100|[from] item: Leftovers
|upkeep
|turn|4
|
|t:|1666310323
|move|p2a: Barraskewda|Liquidation|p1a: Mew
|-damage|p1a: Mew|0 fnt
|faint|p1a: Mew
|
|-weather|RainDance|[upkeep]
|upkeep
|
|t:|1666310330
|switch|p1a: Kartana|Kartana|100/100
|turn|5
|
|t:|1666310335
|switch|p2a: Zapdos|Zapdos|100/100
|move|p1a: Kartana|Swords Dance|p1a: Kartana
|-boost|p1a: Kartana|atk|2
|
|-weather|RainDance|[upkeep]
|upkeep
|turn|6
|
|t:|1666310340
|move|p1a: Kartana|Knock Off|p2a: Zapdos
|-damage|p2a: Zapdos|21/100
|-enditem|p2a: Zapdos|Heavy-Duty Boots|[from] move: Knock Off|[of] p1a: Kartana
|move|p2a: Zapdos|Hurricane|p1a: Kartana
|-damage|p1a: Kartana|0 fnt
|faint|p1a: Kartana
|
|-weather|RainDance|[upkeep]
|upkeep
|
|t:|1666310344
|switch|p1a: Krookodile|Krookodile, F|100/100
|-ability|p1a: Krookodile|Intimidate|boost
|-unboost|p2a: Zapdos|atk|1
|turn|7
|
|t:|1666310351
|switch|p1a: Hatterene|Hatterene, F|100/100
|switch|p2a: Ferrothorn|Ferrothorn, M|100/100
|
|-weather|RainDance|[upkeep]
|upkeep
|turn|8
|
|t:|1666310356
|move|p1a: Hatterene|Calm Mind|p1a: Hatterene
|-boost|p1a: Hatterene|spa|1
|-boost|p1a: Hatterene|spd|1
|move|p2a: Ferrothorn|Gyro Ball|p1a: Hatterene
|-supereffective|p1a: Hatterene
|-damage|p1a: Hatterene|70/100
|
|-weather|none
|-heal|p1a: Hatterene|76/100|[from] item: Leftovers
|upkeep
|turn|9
|
|t:|1666310363
|switch|p2a: Pelipper|Pelipper, F|100/100 brn
|-weather|RainDance|[from] ability: Drizzle|[of] p2a: Pelipper
|move|p1a: Hatterene|Calm Mind|p1a: Hatterene
|-boost|p1a: Hatterene|spa|1
|-boost|p1a: Hatterene|spd|1
|
|-weather|RainDance|[upkeep]
|-heal|p1a: Hatterene|82/100|[from] item: Leftovers
|-damage|p2a: Pelipper|94/100 brn|[from] brn
|upkeep
|turn|10
|
|t:|1666310371
|switch|p2a: Ferrothorn|Ferrothorn, M|100/100
|move|p1a: Hatterene|Draining Kiss|p2a: Ferrothorn
|-resisted|p2a: Ferrothorn
|-damage|p2a: Ferrothorn|85/100
|-heal|p1a: Hatterene|95/100|[from] drain|[of] p2a: Ferrothorn
|-damage|p1a: Hatterene|82/100|[from] ability: Iron Barbs|[of] p2a: Ferrothorn
|
|-weather|RainDance|[upkeep]
|-heal|p1a: Hatterene|88/100|[from] item: Leftovers
|-heal|p2a: Ferrothorn|91/100|[from] item: Leftovers
|upkeep
|turn|11
|
|t:|1666310376
|move|p1a: Hatterene|Calm Mind|p1a: Hatterene
|-boost|p1a: Hatterene|spa|1
|-boost|p1a: Hatterene|spd|1
|move|p2a: Ferrothorn|Knock Off|p1a: Hatterene
|-damage|p1a: Hatterene|70/100
|-enditem|p1a: Hatterene|Leftovers|[from] move: Knock Off|[of] p2a: Ferrothorn
|
|-weather|RainDance|[upkeep]
|-heal|p2a: Ferrothorn|97/100|[from] item: Leftovers
|upkeep
|turn|12
|
|t:|1666310382
|move|p1a: Hatterene|Protect|p1a: Hatterene
|-singleturn|p1a: Hatterene|Protect
|move|p2a: Ferrothorn|Gyro Ball|p1a: Hatterene
|-activate|p1a: Hatterene|move: Protect
|
|-weather|RainDance|[upkeep]
|-heal|p2a: Ferrothorn|100/100|[from] item: Leftovers
|upkeep
|turn|13
|
|t:|1666310388
|move|p1a: Hatterene|Draining Kiss|p2a: Ferrothorn
|-resisted|p2a: Ferrothorn
|-damage|p2a: Ferrothorn|81/100
|-heal|p1a: Hatterene|86/100|[from] drain|[of] p2a: Ferrothorn
|-damage|p1a: Hatterene|73/100|[from] ability: Iron Barbs|[of] p2a: Ferrothorn
|move|p2a: Ferrothorn|Gyro Ball|p1a: Hatterene
|-supereffective|p1a: Hatterene
|-damage|p1a: Hatterene|45/100
|
|-weather|RainDance|[upkeep]
|-heal|p2a: Ferrothorn|87/100|[from] item: Leftovers
|upkeep
|turn|14
|j| TwilitIris N
|
|t:|1666310391
|move|p1a: Hatterene|Mystical Fire|p2a: Ferrothorn
|-supereffective|p2a: Ferrothorn
|-damage|p2a: Ferrothorn|14/100
|-unboost|p2a: Ferrothorn|spa|1
|move|p2a: Ferrothorn|Knock Off|p1a: Hatterene
|-crit|p1a: Hatterene
|-damage|p1a: Hatterene|27/100
|
|-weather|RainDance|[upkeep]
|-heal|p2a: Ferrothorn|20/100|[from] item: Leftovers
|upkeep
|turn|15
|
|t:|1666310396
|move|p1a: Hatterene|Protect|p1a: Hatterene
|-singleturn|p1a: Hatterene|Protect
|move|p2a: Ferrothorn|Gyro Ball|p1a: Hatterene
|-activate|p1a: Hatterene|move: Protect
|
|-weather|RainDance|[upkeep]
|-heal|p2a: Ferrothorn|26/100|[from] item: Leftovers
|upkeep
|turn|16
|
|t:|1666310399
|move|p1a: Hatterene|Mystical Fire|p2a: Ferrothorn
|-supereffective|p2a: Ferrothorn
|-damage|p2a: Ferrothorn|0 fnt
|faint|p2a: Ferrothorn
|
|-weather|none
|upkeep
|
|t:|1666310400
|switch|p2a: Barraskewda|Barraskewda, F|100/100
|turn|17
|
|t:|1666310403
|move|p1a: Hatterene|Protect|p1a: Hatterene
|-singleturn|p1a: Hatterene|Protect
|move|p2a: Barraskewda|Flip Turn|p1a: Hatterene
|-activate|p1a: Hatterene|move: Protect
|
|upkeep
|turn|18
|
|t:|1666310407
|move|p2a: Barraskewda|Flip Turn|p1a: Hatterene
|-damage|p1a: Hatterene|0 fnt
|faint|p1a: Hatterene
|
|t:|1666310412
|switch|p2a: Pelipper|Pelipper, F|94/100 brn|[from]move: Flip Turn
|-weather|RainDance|[from] ability: Drizzle|[of] p2a: Pelipper
|
|-weather|RainDance|[upkeep]
|-damage|p2a: Pelipper|88/100 brn|[from] brn
|upkeep
|
|t:|1666310415
|switch|p1a: Krookodile|Krookodile, F|100/100
|-ability|p1a: Krookodile|Intimidate|boost
|-unboost|p2a: Pelipper|atk|1
|turn|19
|
|t:|1666310419
|move|p1a: Krookodile|Stealth Rock|p2a: Pelipper
|-sidestart|p2: brettfavreinnocent|move: Stealth Rock
|move|p2a: Pelipper|U-turn|p1a: Krookodile
|-supereffective|p1a: Krookodile
|-damage|p1a: Krookodile|94/100
|
|t:|1666310426
|switch|p2a: Barraskewda|Barraskewda, F|100/100|[from]move: U-turn
|-damage|p2a: Barraskewda|88/100|[from] Stealth Rock
|
|-weather|RainDance|[upkeep]
|-heal|p1a: Krookodile|99/100|[from] item: Leftovers
|upkeep
|turn|20
|
|t:|1666310430
|move|p2a: Barraskewda|Flip Turn|p1a: Krookodile
|-supereffective|p1a: Krookodile
|-damage|p1a: Krookodile|0 fnt
|faint|p1a: Krookodile
|
|t:|1666310432
|switch|p2a: Seismitoad|Seismitoad, M|100/100|[from]move: Flip Turn
|-damage|p2a: Seismitoad|95/100|[from] Stealth Rock
|
|-weather|RainDance|[upkeep]
|upkeep
|
|t:|1666310436
|switch|p1a: Dragapult|Dragapult, M|100/100
|turn|21
|
|t:|1666310439
|move|p2a: Seismitoad|Earth Power|p1a: Dragapult
|-damage|p1a: Dragapult|35/100
|-damage|p2a: Seismitoad|85/100|[from] item: Life Orb
|move|p1a: Dragapult|Dragon Dance|p1a: Dragapult
|-boost|p1a: Dragapult|atk|1
|-boost|p1a: Dragapult|spe|1
|
|-weather|RainDance|[upkeep]
|upkeep
|turn|22
|
|t:|1666310442
|move|p1a: Dragapult|Dragon Darts|p2a: Seismitoad
|-damage|p2a: Seismitoad|18/100
|-anim|p1a: Dragapult|Dragon Darts|p2a: Seismitoad
|-damage|p2a: Seismitoad|0 fnt
|faint|p2a: Seismitoad
|
|-weather|RainDance|[upkeep]
|upkeep
|
|t:|1666310444
|switch|p2a: Barraskewda|Barraskewda, F|88/100
|-damage|p2a: Barraskewda|76/100|[from] Stealth Rock
|turn|23
|
|t:|1666310446
|move|p2a: Barraskewda|Liquidation|p1a: Dragapult
|-resisted|p1a: Dragapult
|-damage|p1a: Dragapult|0 fnt
|faint|p1a: Dragapult
|
|-weather|RainDance|[upkeep]
|upkeep
|j| jmac95
|c|☆Celistesting|gg
|inactive|Celistesting has 120 seconds left.
|inactive|Celistesting has 90 seconds left.
|
|t:|1666310513
|switch|p1a: Blaziken|Blaziken, F|100/100
|turn|24
|
|t:|1666310518
|move|p1a: Blaziken|Protect|p1a: Blaziken
|-singleturn|p1a: Blaziken|Protect
|move|p2a: Barraskewda|Liquidation|p1a: Blaziken
|-activate|p1a: Blaziken|move: Protect
|
|-weather|RainDance|[upkeep]
|-ability|p1a: Blaziken|Speed Boost|boost
|-boost|p1a: Blaziken|spe|1
|upkeep
|turn|25
|
|t:|1666310525
|move|p1a: Blaziken|Protect|p1a: Blaziken
|-singleturn|p1a: Blaziken|Protect
|move|p2a: Barraskewda|Liquidation|p1a: Blaziken
|-activate|p1a: Blaziken|move: Protect
|
|-weather|none
|-ability|p1a: Blaziken|Speed Boost|boost
|-boost|p1a: Blaziken|spe|1
|upkeep
|turn|26
|
|t:|1666310530
|move|p1a: Blaziken|Thunder Punch|p2a: Barraskewda
|-supereffective|p2a: Barraskewda
|-damage|p2a: Barraskewda|0 fnt
|faint|p2a: Barraskewda
|
|-ability|p1a: Blaziken|Speed Boost|boost
|-boost|p1a: Blaziken|spe|1
|upkeep
|
|t:|1666310536
|switch|p2a: Inteleon|Inteleon, F|100/100
|-damage|p2a: Inteleon|88/100|[from] Stealth Rock
|turn|27
|
|t:|1666310539
|move|p1a: Blaziken|Thunder Punch|p2a: Inteleon
|-supereffective|p2a: Inteleon
|-damage|p2a: Inteleon|0 fnt
|faint|p2a: Inteleon
|
|-ability|p1a: Blaziken|Speed Boost|boost
|-boost|p1a: Blaziken|spe|1
|upkeep
|
|t:|1666310547
|switch|p2a: Zapdos|Zapdos|21/100
|-damage|p2a: Zapdos|0 fnt|[from] Stealth Rock
|faint|p2a: Zapdos
|
|t:|1666310549
|switch|p2a: Pelipper|Pelipper, F|88/100 brn
|-damage|p2a: Pelipper|63/100 brn|[from] Stealth Rock
|-weather|RainDance|[from] ability: Drizzle|[of] p2a: Pelipper
|turn|28
|j| xandrey
|
|t:|1666310551
|move|p1a: Blaziken|Thunder Punch|p2a: Pelipper
|-supereffective|p2a: Pelipper
|-damage|p2a: Pelipper|0 fnt
|faint|p2a: Pelipper
|
|win|Celistesting
|raw|Celistesting's rating: 1663 &rarr; <strong>1685</strong><br />(+22 for winning)
|raw|brettfavreinnocent's rating: 1690 &rarr; <strong>1668</strong><br />(-22 for losing)
|l|☆brettfavreinnocent
|c|☆Celistesting|lol
