|j|☆Rinnka4479
|j|☆Gotmyvanson
|t:|1660715811
|gametype|singles
|player|p1|Rinnka4479|265|1602
|player|p2|Gotmyvanson|ghetsis|1579
|teamsize|p1|6
|teamsize|p2|6
|gen|8
|tier|[Gen 8] OU
|rated|
|rule|Sleep Clause Mod: Limit one foe put to sleep
|rule|Species Clause: Limit one of each Pokémon
|rule|OHKO Clause: OHKO moves are banned
|rule|Evasion Items Clause: Evasion items are banned
|rule|Evasion Moves Clause: Evasion moves are banned
|rule|Endless Battle Clause: Forcing endless battles is banned
|rule|HP Percentage Mod: HP is shown in percentages
|rule|Dynamax Clause: You cannot dynamax
|clearpoke
|poke|p1|Clefable, M|
|poke|p1|Marowak-Alola, M|
|poke|p1|Ferrothorn, M|
|poke|p1|Garchomp, F|
|poke|p1|Rotom-Wash|
|poke|p1|Tornadus-Therian, M|
|poke|p2|Tornadus-Therian, M|
|poke|p2|Nidoking, M|
|poke|p2|Urshifu-*, F|
|poke|p2|Buzzwole|
|poke|p2|Blissey, F|
|poke|p2|Slowbro, F|
|teampreview
|
|t:|1660715828
|start
|switch|p1a: Rotom|Rotom-Wash|100/100
|switch|p2a: Tornadus|Tornadus-Therian, M|100/100
|turn|1
|
|t:|1660715831
|move|p1a: Rotom|Trick|p2a: Tornadus
|-activate|p1a: Rotom|move: Trick|[of] p2a: Tornadus
|-item|p2a: Tornadus|Choice Scarf|[from] move: Trick
|-item|p1a: Rotom|Heavy-Duty Boots|[from] move: Trick
|move|p2a: Tornadus|Knock Off|p1a: Rotom
|-damage|p1a: Rotom|71/100
|-enditem|p1a: Rotom|Heavy-Duty Boots|[from] move: Knock Off|[of] p2a: Tornadus
|
|upkeep
|turn|2
|
|t:|1660715836
|switch|p2a: Nidoking|Nidoking, M, shiny|100/100
|move|p1a: Rotom|Volt Switch|p2a: Nidoking
|-immune|p2a: Nidoking
|
|upkeep
|turn|3
|
|t:|1660715841
|switch|p2a: Blissey|Blissey, F|100/100
|move|p1a: Rotom|Volt Switch|p2a: Blissey
|-damage|p2a: Blissey|89/100
|
|t:|1660715843
|switch|p1a: Marowak|Marowak-Alola, M|100/100|[from]move: Volt Switch
|
|upkeep
|turn|4
|
|t:|1660715847
|switch|p2a: Buzzwole|Buzzwole|100/100
|move|p1a: Marowak|Poltergeist|p2a: Buzzwole
|-activate|p2a: Buzzwole|move: Poltergeist|Rocky Helmet
|-damage|p2a: Buzzwole|58/100
|
|upkeep
|turn|5
|
|t:|1660715859
|switch|p2a: Tornadus|Tornadus-Therian, M|100/100
|move|p1a: Marowak|Flare Blitz|p2a: Tornadus
|-damage|p2a: Tornadus|6/100
|-status|p2a: Tornadus|brn
|
|-damage|p2a: Tornadus|0 fnt|[from] brn
|faint|p2a: Tornadus
|upkeep
|
|t:|1660715863
|switch|p2a: Nidoking|Nidoking, M, shiny|100/100
|turn|6
|
|t:|1660715867
|switch|p1a: Garchomp|Garchomp, F|100/100
|move|p2a: Nidoking|Sludge Wave|p1a: Garchomp
|-resisted|p1a: Garchomp
|-damage|p1a: Garchomp|67/100
|
|-heal|p1a: Garchomp|74/100|[from] item: Leftovers
|upkeep
|turn|7
|
|t:|1660715871
|move|p1a: Garchomp|Earthquake|p2a: Nidoking
|-supereffective|p2a: Nidoking
|-damage|p2a: Nidoking|0 fnt
|faint|p2a: Nidoking
|
|-heal|p1a: Garchomp|80/100|[from] item: Leftovers
|upkeep
|
|t:|1660715874
|switch|p2a: Urshifu|Urshifu-Rapid-Strike, F|100/100
|turn|8
|
|t:|1660715876
|move|p1a: Garchomp|Earthquake|p2a: Urshifu
|-damage|p2a: Urshifu|57/100
|move|p2a: Urshifu|Surging Strikes|p1a: Garchomp
|-crit|p1a: Garchomp
|-damage|p1a: Garchomp|56/100
|-damage|p2a: Urshifu|45/100|[from] ability: Rough Skin|[of] p1a: Garchomp
|-crit|p1a: Garchomp
|-damage|p1a: Garchomp|31/100
|-damage|p2a: Urshifu|33/100|[from] ability: Rough Skin|[of] p1a: Garchomp
|-crit|p1a: Garchomp
|-damage|p1a: Garchomp|5/100
|-damage|p2a: Urshifu|20/100|[from] ability: Rough Skin|[of] p1a: Garchomp
|-hitcount|p1a: Garchomp|3
|
|-heal|p1a: Garchomp|11/100|[from] item: Leftovers
|upkeep
|turn|9
|
|t:|1660715879
|switch|p2a: Buzzwole|Buzzwole|58/100
|move|p1a: Garchomp|Earthquake|p2a: Buzzwole
|-resisted|p2a: Buzzwole
|-damage|p2a: Buzzwole|46/100
|
|-heal|p1a: Garchomp|17/100|[from] item: Leftovers
|upkeep
|turn|10
|
|t:|1660715881
|move|p1a: Garchomp|Toxic|p2a: Buzzwole
|-status|p2a: Buzzwole|tox
|move|p2a: Buzzwole|Ice Punch|p1a: Garchomp
|-supereffective|p1a: Garchomp
|-damage|p1a: Garchomp|0 fnt
|-damage|p2a: Buzzwole|34/100 tox|[from] ability: Rough Skin|[of] p1a: Garchomp
|faint|p1a: Garchomp
|-ability|p2a: Buzzwole|Beast Boost|boost
|-boost|p2a: Buzzwole|def|1
|
|-damage|p2a: Buzzwole|28/100 tox|[from] psn
|upkeep
|
|t:|1660715887
|switch|p1a: Rotom|Rotom-Wash|71/100
|turn|11
|
|t:|1660715890
|move|p1a: Rotom|Volt Switch|p2a: Buzzwole
|-damage|p2a: Buzzwole|0 fnt
|faint|p2a: Buzzwole
|
|t:|1660715893
|switch|p1a: Tornadus|Tornadus-Therian, M|100/100|[from]move: Volt Switch
|
|upkeep
|-message|Gotmyvanson forfeited.
|
|win|Rinnka4479
|raw|Rinnka4479's rating: 1602 &rarr; <strong>1621</strong><br />(+19 for winning)
|raw|Gotmyvanson's rating: 1579 &rarr; <strong>1560</strong><br />(-19 for losing)
|l|☆Gotmyvanson
