|j|☆Galacman
|j|☆Sp0oNl0rD
|t:|1642960056
|gametype|singles
|player|p1|Galacman|sage|1652
|player|p2|Sp0oNl0rD|blackbelt|1694
|teamsize|p1|6
|teamsize|p2|6
|gen|8
|tier|[Gen 8] OU
|rated|
|rule|Sleep Clause Mod: Limit one foe put to sleep
|rule|Species Clause: Limit one of each Pokémon
|rule|OHKO Clause: OHKO moves are banned
|rule|Evasion Moves Clause: Evasion moves are banned
|rule|Endless Battle Clause: Forcing endless battles is banned
|rule|HP Percentage Mod: HP is shown in percentages
|rule|Dynamax Clause: You cannot dynamax
|clearpoke
|poke|p1|Landorus-Therian, M|
|poke|p1|Gengar, F|
|poke|p1|Ferrothorn, F|
|poke|p1|Zapdos|
|poke|p1|Urshifu-*, M|
|poke|p1|Clefable, M|
|poke|p2|Glastrier|
|poke|p2|Tapu Fini|
|poke|p2|Scizor, F|
|poke|p2|Garchomp, M|
|poke|p2|Grimmsnarl, M|
|poke|p2|Necrozma|
|teampreview
|inactive|Battle timer is ON: inactive players will automatically lose when time's up. (requested by Sp0oNl0rD)
|
|t:|1642960080
|start
|switch|p1a: Ferrothorn|Ferrothorn, F|100/100
|switch|p2a: Grimmsnarl|Grimmsnarl, M|100/100
|turn|1
|
|t:|1642960085
|move|p2a: Grimmsnarl|Taunt|p1a: Ferrothorn
|-start|p1a: Ferrothorn|move: Taunt
|move|p1a: Ferrothorn|Gyro Ball|p2a: Grimmsnarl
|-supereffective|p2a: Grimmsnarl
|-damage|p2a: Grimmsnarl|0 fnt
|faint|p2a: Grimmsnarl
|
|upkeep
|j| DA COME UP
|
|t:|1642960088
|switch|p2a: Glastrier|Glastrier|100/100
|turn|2
|
|t:|1642960094
|move|p2a: Glastrier|Swords Dance|p2a: Glastrier
|-boost|p2a: Glastrier|atk|2
|move|p1a: Ferrothorn|Gyro Ball|p2a: Glastrier
|-supereffective|p2a: Glastrier
|-damage|p2a: Glastrier|74/100
|
|upkeep
|turn|3
|j| Nesnot
|
|t:|1642960105
|switch|p1a: Urshifu|Urshifu-Rapid-Strike, M|100/100
|move|p2a: Glastrier|Icicle Spear|p1a: Urshifu
|-resisted|p1a: Urshifu
|-damage|p1a: Urshifu|84/100
|-resisted|p1a: Urshifu
|-damage|p1a: Urshifu|68/100
|-resisted|p1a: Urshifu
|-damage|p1a: Urshifu|53/100
|-hitcount|p1a: Urshifu|3
|
|upkeep
|turn|4
|
|t:|1642960116
|switch|p2a: Tapu Fini|Tapu Fini|100/100
|-fieldstart|move: Misty Terrain|[from] ability: Misty Surge|[of] p2a: Tapu Fini
|move|p1a: Urshifu|Close Combat|p2a: Tapu Fini
|-resisted|p2a: Tapu Fini
|-damage|p2a: Tapu Fini|69/100
|-unboost|p1a: Urshifu|def|1
|-unboost|p1a: Urshifu|spd|1
|
|-heal|p2a: Tapu Fini|75/100|[from] item: Leftovers
|upkeep
|turn|5
|
|t:|1642960142
|switch|p1a: Ferrothorn|Ferrothorn, F|100/100
|switch|p2a: Glastrier|Glastrier|74/100
|
|upkeep
|turn|6
|
|t:|1642960153
|switch|p1a: Urshifu|Urshifu-Rapid-Strike, M|53/100
|move|p2a: Glastrier|Close Combat|p1a: Urshifu
|-damage|p1a: Urshifu|7/100
|-unboost|p2a: Glastrier|def|1
|-unboost|p2a: Glastrier|spd|1
|
|upkeep
|turn|7
|
|t:|1642960160
|switch|p2a: Garchomp|Garchomp, M|100/100
|move|p1a: Urshifu|Close Combat|p2a: Garchomp
|-damage|p2a: Garchomp|10/100
|-unboost|p1a: Urshifu|def|1
|-unboost|p1a: Urshifu|spd|1
|-damage|p1a: Urshifu|0 fnt|[from] ability: Rough Skin|[of] p2a: Garchomp
|faint|p1a: Urshifu
|
|upkeep
|
|t:|1642960172
|switch|p1a: Gengar|Gengar, F|100/100
|turn|8
|
|t:|1642960175
|move|p1a: Gengar|Shadow Ball|p2a: Garchomp
|-damage|p2a: Garchomp|0 fnt
|faint|p2a: Garchomp
|
|-fieldend|Misty Terrain
|upkeep
|
|t:|1642960180
|switch|p2a: Glastrier|Glastrier|74/100
|turn|9
|
|t:|1642960193
|switch|p1a: Clefable|Clefable, M|100/100
|move|p2a: Glastrier|High Horsepower|p1a: Clefable
|-damage|p1a: Clefable|65/100
|
|upkeep
|turn|10
|l| Nesnot
|
|t:|1642960198
|move|p1a: Clefable|Trick|p2a: Glastrier
|-activate|p1a: Clefable|move: Trick|[of] p2a: Glastrier
|-item|p2a: Glastrier|Sticky Barb|[from] move: Trick
|-item|p1a: Clefable|Custap Berry|[from] move: Trick
|move|p2a: Glastrier|Icicle Spear|p1a: Clefable
|-damage|p1a: Clefable|49/100
|-damage|p1a: Clefable|32/100
|-damage|p1a: Clefable|16/100
|-damage|p1a: Clefable|2/100
|-damage|p1a: Clefable|0 fnt
|faint|p1a: Clefable
|-ability|p2a: Glastrier|Chilling Neigh|boost
|-boost|p2a: Glastrier|atk|1
|-hitcount|p1: Clefable|5
|
|-damage|p2a: Glastrier|62/100|[from] item: Sticky Barb
|upkeep
|j| snsdlive
|
|t:|1642960215
|switch|p1a: Ferrothorn|Ferrothorn, F|100/100
|turn|11
|
|t:|1642960222
|move|p2a: Glastrier|Icicle Spear|p1a: Ferrothorn
|-damage|p1a: Ferrothorn|84/100
|-damage|p1a: Ferrothorn|69/100
|-hitcount|p1a: Ferrothorn|2
|move|p1a: Ferrothorn|Leech Seed|p2a: Glastrier
|-start|p2a: Glastrier|move: Leech Seed
|
|-heal|p1a: Ferrothorn|75/100|[from] item: Leftovers
|-damage|p2a: Glastrier|49/100|[from] Leech Seed|[of] p1a: Ferrothorn
|-heal|p1a: Ferrothorn|89/100|[silent]
|-damage|p2a: Glastrier|37/100|[from] item: Sticky Barb
|upkeep
|turn|12
|
|t:|1642960232
|move|p2a: Glastrier|Swords Dance|p2a: Glastrier
|-boost|p2a: Glastrier|atk|2
|move|p1a: Ferrothorn|Spikes|p2a: Glastrier
|-sidestart|p2: Sp0oNl0rD|Spikes
|
|-heal|p1a: Ferrothorn|95/100|[from] item: Leftovers
|-damage|p2a: Glastrier|24/100|[from] Leech Seed|[of] p1a: Ferrothorn
|-heal|p1a: Ferrothorn|100/100|[silent]
|-damage|p2a: Glastrier|12/100|[from] item: Sticky Barb
|upkeep
|turn|13
|
|t:|1642960246
|move|p2a: Glastrier|Icicle Spear|p1a: Ferrothorn
|-damage|p1a: Ferrothorn|71/100
|-damage|p1a: Ferrothorn|45/100
|-damage|p1a: Ferrothorn|20/100
|-hitcount|p1a: Ferrothorn|3
|move|p1a: Ferrothorn|Spikes|p2a: Glastrier
|-sidestart|p2: Sp0oNl0rD|Spikes
|
|-heal|p1a: Ferrothorn|26/100|[from] item: Leftovers
|-damage|p2a: Glastrier|0 fnt|[from] Leech Seed|[of] p1a: Ferrothorn
|-heal|p1a: Ferrothorn|39/100|[silent]
|faint|p2a: Glastrier
|upkeep
|
|t:|1642960250
|switch|p2a: Necrozma|Necrozma|100/100
|-damage|p2a: Necrozma|84/100|[from] Spikes
|turn|14
|j| gloibib
|inactive|Galacman has 120 seconds left.
|
|t:|1642960291
|move|p2a: Necrozma|Heat Wave|p1a: Ferrothorn
|-supereffective|p1a: Ferrothorn
|-damage|p1a: Ferrothorn|0 fnt
|faint|p1a: Ferrothorn
|
|upkeep
|
|t:|1642960299
|switch|p1a: Gengar|Gengar, F|100/100
|turn|15
|
|t:|1642960302
|move|p1a: Gengar|Shadow Ball|p2a: Necrozma
|-supereffective|p2a: Necrozma
|-damage|p2a: Necrozma|25/100
|move|p2a: Necrozma|Photon Geyser|p1a: Gengar
|-supereffective|p1a: Gengar
|-damage|p1a: Gengar|0 fnt
|faint|p1a: Gengar
|
|upkeep
|inactive|Galacman has 120 seconds left.
|
|t:|1642960325
|switch|p1a: Landorus|Landorus-Therian, M|100/100
|-ability|p1a: Landorus|Intimidate|boost
|-unboost|p2a: Necrozma|atk|1
|turn|16
|
|t:|1642960330
|move|p1a: Landorus|Earthquake|p2a: Necrozma
|-damage|p2a: Necrozma|0 fnt
|faint|p2a: Necrozma
|
|upkeep
|l| gloibib
|
|t:|1642960333
|switch|p2a: Tapu Fini|Tapu Fini|75/100
|-damage|p2a: Tapu Fini|58/100|[from] Spikes
|-fieldstart|move: Misty Terrain|[from] ability: Misty Surge|[of] p2a: Tapu Fini
|turn|17
|l| DA COME UP
|
|t:|1642960341
|move|p1a: Landorus|Earthquake|p2a: Tapu Fini
|-damage|p2a: Tapu Fini|14/100
|move|p2a: Tapu Fini|Scald|p1a: Landorus
|-supereffective|p1a: Landorus
|-damage|p1a: Landorus|40/100
|
|-heal|p1a: Landorus|46/100|[from] item: Leftovers
|-heal|p2a: Tapu Fini|21/100|[from] item: Leftovers
|upkeep
|turn|18
|
|t:|1642960350
|move|p1a: Landorus|Earthquake|p2a: Tapu Fini
|-damage|p2a: Tapu Fini|0 fnt
|faint|p2a: Tapu Fini
|
|-heal|p1a: Landorus|52/100|[from] item: Leftovers
|upkeep
|
|t:|1642960351
|switch|p2a: Scizor|Scizor, F|100/100
|-damage|p2a: Scizor|84/100|[from] Spikes
|turn|19
|
|t:|1642960358
|move|p1a: Landorus|Earthquake|p2a: Scizor
|-damage|p2a: Scizor|5/100
|move|p2a: Scizor|Swords Dance|p2a: Scizor
|-boost|p2a: Scizor|atk|2
|
|-heal|p1a: Landorus|58/100|[from] item: Leftovers
|upkeep
|turn|20
|l| snsdlive
|-message|Sp0oNl0rD forfeited.
|
|win|Galacman
|raw|Galacman's rating: 1652 &rarr; <strong>1674</strong><br />(+22 for winning)
|raw|Sp0oNl0rD's rating: 1694 &rarr; <strong>1672</strong><br />(-22 for losing)
|l|☆Sp0oNl0rD
||Ladder isn't responding, score probably updated but might not have (Request timeout).
