|raw|<div class="broadcast-blue"><strong>This battle is required to be public due to a player having a name starting with 'lt93oq'.</div>
|j|☆LT93OQ Eeveeolence
|j|☆Trainer Aggron
|t:|1660675625
|gametype|singles
|player|p1|LT93OQ Eeveeolence|acetrainersnow|1846
|player|p2|Trainer Aggron|102|1780
|teamsize|p1|6
|teamsize|p2|6
|gen|8
|tier|[Gen 8] OU
|rated|
|rule|Sleep Clause Mod: Limit one foe put to sleep
|rule|Species Clause: Limit one of each Pokémon
|rule|OHKO Clause: OHKO moves are banned
|rule|Evasion Items Clause: Evasion items are banned
|rule|Evasion Moves Clause: Evasion moves are banned
|rule|Endless Battle Clause: Forcing endless battles is banned
|rule|HP Percentage Mod: HP is shown in percentages
|rule|Dynamax Clause: You cannot dynamax
|clearpoke
|poke|p1|Volcanion|
|poke|p1|Landorus-Therian, M|
|poke|p1|Primarina, F|
|poke|p1|Scizor, M|
|poke|p1|Weavile, F|
|poke|p1|Zapdos|
|poke|p2|Arcanine, M|
|poke|p2|Tornadus-Therian, M|
|poke|p2|Zeraora|
|poke|p2|Corviknight, M|
|poke|p2|Blissey, F|
|poke|p2|Buzzwole|
|teampreview
|j| cypherstests
|j| LT93OQ Bee
|j| LT93OQ Black Lotus
|inactive|Battle timer is ON: inactive players will automatically lose when time's up. (requested by LT93OQ Eeveeolence)
|j| Zoraah
|j| just nimmemja
|j| I DONT REPLY
|
|t:|1660675665
|start
|switch|p1a: Hefesto|Volcanion|100/100
|switch|p2a: Buzzwole|Buzzwole|100/100
|turn|1
|
|t:|1660675669
|switch|p2a: Blissey|Blissey, F|100/100
|move|p1a: Hefesto|Steam Eruption|p2a: Blissey
|-damage|p2a: Blissey|76/100
|
|upkeep
|turn|2
|
|t:|1660675672
|switch|p1a: Sr. Recortes|Scizor, M|100/100
|move|p2a: Blissey|Stealth Rock|p1a: Sr. Recortes
|-sidestart|p1: LT93OQ Eeveeolence|move: Stealth Rock
|
|upkeep
|turn|3
|
|t:|1660675676
|switch|p2a: Arcanine|Arcanine, M|100/100
|-ability|p2a: Arcanine|Intimidate|boost
|-unboost|p1a: Sr. Recortes|atk|1
|move|p1a: Sr. Recortes|Defog|p2a: Arcanine
|-unboost|p2a: Arcanine|evasion|1
|-sideend|p1: LT93OQ Eeveeolence|Stealth Rock|[from] move: Defog|[of] p1a: Sr. Recortes
|
|upkeep
|turn|4
|j| neck or da face
|
|t:|1660675682
|switch|p1a: Ashirene|Primarina, F|100/100
|move|p2a: Arcanine|Teleport|p2a: Arcanine
|
|t:|1660675686
|switch|p2a: Zeraora|Zeraora, shiny|100/100|[from]move: Teleport
|
|upkeep
|turn|5
|l| I DONT REPLY
|
|t:|1660675688
|move|p2a: Zeraora|Plasma Fists|p1a: Ashirene
|-supereffective|p1a: Ashirene
|-crit|p1a: Ashirene
|-damage|p1a: Ashirene|0 fnt
|-fieldactivate|move: Ion Deluge
|-hint|Normal-type moves become Electric-type after using Plasma Fists.
|-damage|p2a: Zeraora|84/100|[from] item: Rocky Helmet|[of] p1a: Ashirene
|faint|p1a: Ashirene
|
|upkeep
|
|t:|1660675708
|switch|p1a: Landlord|Landorus-Therian, M|100/100
|-ability|p1a: Landlord|Intimidate|boost
|-unboost|p2a: Zeraora|atk|1
|turn|6
|j| ShiddoModeNoob
|
|t:|1660675716
|switch|p2a: Corviknight|Corviknight, M|100/100
|-ability|p2a: Corviknight|Pressure
|move|p1a: Landlord|U-turn|p2a: Corviknight
|-resisted|p2a: Corviknight
|-damage|p2a: Corviknight|97/100
|
|t:|1660675719
|switch|p1a: Zapdosorio|Zapdos|100/100|[from]move: U-turn
|
|-heal|p2a: Corviknight|100/100|[from] item: Leftovers
|upkeep
|turn|7
|
|t:|1660675721
|switch|p2a: Blissey|Blissey, F|76/100
|move|p1a: Zapdosorio|Volt Switch|p2a: Blissey
|-crit|p2a: Blissey
|-damage|p2a: Blissey|46/100
|
|t:|1660675726
|switch|p1a: Comaligna|Weavile, F|100/100|[from]move: Volt Switch
|-ability|p1a: Comaligna|Pressure
|
|upkeep
|turn|8
|
|t:|1660675730
|switch|p2a: Arcanine|Arcanine, M|100/100
|-ability|p2a: Arcanine|Intimidate|boost
|-unboost|p1a: Comaligna|atk|1
|move|p1a: Comaligna|Knock Off|p2a: Arcanine
|-damage|p2a: Arcanine|63/100
|-enditem|p2a: Arcanine|Heavy-Duty Boots|[from] move: Knock Off|[of] p1a: Comaligna
|
|upkeep
|turn|9
|
|t:|1660675737
|switch|p1a: Landlord|Landorus-Therian, M|100/100
|-ability|p1a: Landlord|Intimidate|boost
|-unboost|p2a: Arcanine|atk|1
|move|p2a: Arcanine|Teleport|p2a: Arcanine
|
|t:|1660675745
|switch|p2a: Buzzwole|Buzzwole|100/100|[from]move: Teleport
|
|upkeep
|turn|10
|
|t:|1660675754
|switch|p2a: Blissey|Blissey, F|46/100
|switch|p1a: Hefesto|Volcanion|100/100
|
|upkeep
|turn|11
|
|t:|1660675757
|switch|p1a: Comaligna|Weavile, F|100/100
|-ability|p1a: Comaligna|Pressure
|move|p2a: Blissey|Soft-Boiled|p2a: Blissey
|-heal|p2a: Blissey|96/100
|
|upkeep
|turn|12
|
|t:|1660675763
|switch|p2a: Arcanine|Arcanine, M|63/100
|-ability|p2a: Arcanine|Intimidate|boost
|-unboost|p1a: Comaligna|atk|1
|move|p1a: Comaligna|Triple Axel|p2a: Arcanine
|-resisted|p2a: Arcanine
|-damage|p2a: Arcanine|60/100
|-resisted|p2a: Arcanine
|-damage|p2a: Arcanine|52/100
|-resisted|p2a: Arcanine
|-damage|p2a: Arcanine|41/100
|-hitcount|p2a: Arcanine|3
|
|upkeep
|turn|13
|
|t:|1660675769
|switch|p1a: Hefesto|Volcanion|100/100
|move|p2a: Arcanine|Morning Sun|p2a: Arcanine
|-heal|p2a: Arcanine|91/100
|
|upkeep
|turn|14
|l| LT93OQ Black Lotus
|
|t:|1660675775
|switch|p2a: Blissey|Blissey, F|96/100
|switch|p1a: Comaligna|Weavile, F|100/100
|-ability|p1a: Comaligna|Pressure
|
|upkeep
|turn|15
|
|t:|1660675779
|switch|p1a: Zapdosorio|Zapdos|100/100
|switch|p2a: Arcanine|Arcanine, M|91/100
|-ability|p2a: Arcanine|Intimidate|boost
|-unboost|p1a: Zapdosorio|atk|1
|
|upkeep
|turn|16
|
|t:|1660675784
|switch|p2a: Zeraora|Zeraora, shiny|84/100
|move|p1a: Zapdosorio|Volt Switch|p2a: Zeraora
|-heal|p2a: Zeraora|100/100|[from] ability: Volt Absorb|[of] p1a: Zapdosorio
|
|upkeep
|turn|17
|
|t:|1660675788
|switch|p1a: Sr. Recortes|Scizor, M|100/100
|move|p2a: Zeraora|Knock Off|p1a: Sr. Recortes
|-damage|p1a: Sr. Recortes|73/100
|-enditem|p1a: Sr. Recortes|Heavy-Duty Boots|[from] move: Knock Off|[of] p2a: Zeraora
|
|upkeep
|turn|18
|
|t:|1660675793
|move|p2a: Zeraora|Knock Off|p1a: Sr. Recortes
|-damage|p1a: Sr. Recortes|54/100
|move|p1a: Sr. Recortes|U-turn|p2a: Zeraora
|-damage|p2a: Zeraora|56/100
|
|t:|1660675796
|switch|p1a: Landlord|Landorus-Therian, M|100/100|[from]move: U-turn
|-ability|p1a: Landlord|Intimidate|boost
|-unboost|p2a: Zeraora|atk|1
|
|upkeep
|turn|19
|
|t:|1660675804
|switch|p2a: Buzzwole|Buzzwole|100/100
|move|p1a: Landlord|U-turn|p2a: Buzzwole
|-resisted|p2a: Buzzwole
|-damage|p2a: Buzzwole|93/100
|-damage|p1a: Landlord|84/100|[from] item: Rocky Helmet|[of] p2a: Buzzwole
|
|t:|1660675807
|switch|p1a: Zapdosorio|Zapdos|100/100|[from]move: U-turn
|
|upkeep
|turn|20
|j| whoghohou
|
|t:|1660675810
|switch|p2a: Blissey|Blissey, F|96/100
|move|p1a: Zapdosorio|Volt Switch|p2a: Blissey
|-damage|p2a: Blissey|77/100
|l| whoghohou
|
|t:|1660675813
|switch|p1a: Comaligna|Weavile, F|100/100|[from]move: Volt Switch
|-ability|p1a: Comaligna|Pressure
|
|upkeep
|turn|21
|
|t:|1660675816
|switch|p1a: Zapdosorio|Zapdos|100/100
|switch|p2a: Arcanine|Arcanine, M|91/100
|-ability|p2a: Arcanine|Intimidate|boost
|-unboost|p1a: Zapdosorio|atk|1
|
|upkeep
|turn|22
|
|t:|1660675820
|switch|p2a: Blissey|Blissey, F|77/100
|move|p1a: Zapdosorio|Hurricane|p2a: Blissey|[miss]
|-miss|p1a: Zapdosorio|p2a: Blissey
|
|upkeep
|turn|23
|
|t:|1660675824
|switch|p1a: Sr. Recortes|Scizor, M|54/100
|move|p2a: Blissey|Stealth Rock|p1a: Sr. Recortes
|-sidestart|p1: LT93OQ Eeveeolence|move: Stealth Rock
|
|upkeep
|turn|24
|
|t:|1660675835
|switch|p2a: Arcanine|Arcanine, M|91/100
|-ability|p2a: Arcanine|Intimidate|boost
|-unboost|p1a: Sr. Recortes|atk|1
|move|p1a: Sr. Recortes|Defog|p2a: Arcanine
|-unboost|p2a: Arcanine|evasion|1
|-sideend|p1: LT93OQ Eeveeolence|Stealth Rock|[from] move: Defog|[of] p1a: Sr. Recortes
|
|upkeep
|turn|25
|
|t:|1660675839
|switch|p1a: Hefesto|Volcanion|100/100
|move|p2a: Arcanine|Flamethrower|p1a: Hefesto
|-resisted|p1a: Hefesto
|-damage|p1a: Hefesto|95/100
|
|upkeep
|turn|26
|
|t:|1660675843
|switch|p2a: Blissey|Blissey, F|77/100
|switch|p1a: Comaligna|Weavile, F|100/100
|-ability|p1a: Comaligna|Pressure
|
|upkeep
|turn|27
|
|t:|1660675846
|switch|p2a: Arcanine|Arcanine, M|91/100
|-ability|p2a: Arcanine|Intimidate|boost
|-unboost|p1a: Comaligna|atk|1
|move|p1a: Comaligna|Knock Off|p2a: Arcanine
|-damage|p2a: Arcanine|68/100
|
|upkeep
|turn|28
|
|t:|1660675851
|switch|p1a: Hefesto|Volcanion|95/100
|move|p2a: Arcanine|Morning Sun|p2a: Arcanine
|-heal|p2a: Arcanine|100/100
|
|upkeep
|turn|29
|
|t:|1660675855
|switch|p2a: Blissey|Blissey, F|77/100
|move|p1a: Hefesto|Steam Eruption|p2a: Blissey
|-damage|p2a: Blissey|53/100
|
|upkeep
|turn|30
|
|t:|1660675858
|switch|p1a: Comaligna|Weavile, F|100/100
|-ability|p1a: Comaligna|Pressure
|move|p2a: Blissey|Soft-Boiled|p2a: Blissey
|-heal|p2a: Blissey|100/100
|
|upkeep
|turn|31
|
|t:|1660675863
|switch|p2a: Arcanine|Arcanine, M|100/100
|-ability|p2a: Arcanine|Intimidate|boost
|-unboost|p1a: Comaligna|atk|1
|move|p1a: Comaligna|Knock Off|p2a: Arcanine
|-damage|p2a: Arcanine|75/100
|
|upkeep
|turn|32
|
|t:|1660675865
|switch|p1a: Hefesto|Volcanion|95/100
|move|p2a: Arcanine|Teleport|p2a: Arcanine
|
|t:|1660675892
|switch|p2a: Zeraora|Zeraora, shiny|56/100|[from]move: Teleport
|
|upkeep
|turn|33
|
|t:|1660675898
|move|p2a: Zeraora|Plasma Fists|p1a: Hefesto
|-supereffective|p1a: Hefesto
|-damage|p1a: Hefesto|13/100
|-fieldactivate|move: Ion Deluge
|-hint|Normal-type moves become Electric-type after using Plasma Fists.
|move|p1a: Hefesto|Earth Power|p2a: Zeraora
|-supereffective|p2a: Zeraora
|-damage|p2a: Zeraora|0 fnt
|faint|p2a: Zeraora
|
|upkeep
|inactive|Trainer Aggron has 120 seconds left.
|
|t:|1660675919
|switch|p2a: Blissey|Blissey, F|100/100
|turn|34
|
|t:|1660675923
|switch|p1a: Sr. Recortes|Scizor, M|54/100
|move|p2a: Blissey|Stealth Rock|p1a: Sr. Recortes
|-sidestart|p1: LT93OQ Eeveeolence|move: Stealth Rock
|
|upkeep
|turn|35
|
|t:|1660675926
|switch|p2a: Arcanine|Arcanine, M|75/100
|-ability|p2a: Arcanine|Intimidate|boost
|-unboost|p1a: Sr. Recortes|atk|1
|move|p1a: Sr. Recortes|Defog|p2a: Arcanine
|-unboost|p2a: Arcanine|evasion|1
|-sideend|p1: LT93OQ Eeveeolence|Stealth Rock|[from] move: Defog|[of] p1a: Sr. Recortes
|
|upkeep
|turn|36
|l| ShiddoModeNoob
|
|t:|1660675931
|switch|p1a: Landlord|Landorus-Therian, M|84/100
|-ability|p1a: Landlord|Intimidate|boost
|-unboost|p2a: Arcanine|atk|1
|move|p2a: Arcanine|Teleport|p2a: Arcanine
|
|t:|1660675950
|switch|p2a: Blissey|Blissey, F|100/100|[from]move: Teleport
|
|-heal|p1a: Landlord|90/100|[from] item: Leftovers
|upkeep
|turn|37
|
|t:|1660675958
|move|p1a: Landlord|Earthquake|p2a: Blissey
|-damage|p2a: Blissey|62/100
|move|p2a: Blissey|Stealth Rock|p1a: Landlord
|-sidestart|p1: LT93OQ Eeveeolence|move: Stealth Rock
|
|-heal|p1a: Landlord|96/100|[from] item: Leftovers
|upkeep
|turn|38
|
|t:|1660675968
|switch|p2a: Tornadus|Tornadus-Therian, M|100/100
|move|p1a: Landlord|Defog|p2a: Tornadus
|-unboost|p2a: Tornadus|evasion|1
|-sideend|p1: LT93OQ Eeveeolence|Stealth Rock|[from] move: Defog|[of] p1a: Landlord
|
|-heal|p1a: Landlord|100/100|[from] item: Leftovers
|upkeep
|turn|39
|l| Zoraah
|
|t:|1660675979
|switch|p2a: Corviknight|Corviknight, M|100/100
|-ability|p2a: Corviknight|Pressure
|move|p1a: Landlord|Toxic|p2a: Corviknight
|-immune|p2a: Corviknight
|
|upkeep
|turn|40
|
|t:|1660675984
|move|p1a: Landlord|U-turn|p2a: Corviknight
|-resisted|p2a: Corviknight
|-damage|p2a: Corviknight|97/100
|
|t:|1660675985
|switch|p1a: Sr. Recortes|Scizor, M|54/100|[from]move: U-turn
|move|p2a: Corviknight|U-turn|p1a: Sr. Recortes
|-resisted|p1a: Sr. Recortes
|-damage|p1a: Sr. Recortes|47/100
|
|t:|1660675994
|switch|p2a: Tornadus|Tornadus-Therian, M|100/100|[from]move: U-turn
|
|upkeep
|turn|41
|
|t:|1660676001
|switch|p1a: Landlord|Landorus-Therian, M|100/100
|-ability|p1a: Landlord|Intimidate|boost
|-unboost|p2a: Tornadus|atk|1
|move|p2a: Tornadus|Heat Wave|p1a: Landlord
|-damage|p1a: Landlord|79/100
|
|-heal|p1a: Landlord|85/100|[from] item: Leftovers
|upkeep
|turn|42
|
|t:|1660676013
|switch|p2a: Buzzwole|Buzzwole|93/100
|move|p1a: Landlord|U-turn|p2a: Buzzwole
|-resisted|p2a: Buzzwole
|-damage|p2a: Buzzwole|85/100
|-damage|p1a: Landlord|68/100|[from] item: Rocky Helmet|[of] p2a: Buzzwole
|
|t:|1660676015
|switch|p1a: Zapdosorio|Zapdos|100/100|[from]move: U-turn
|
|upkeep
|turn|43
|j| Rich Minion
|
|t:|1660676031
|switch|p2a: Blissey|Blissey, F|62/100
|move|p1a: Zapdosorio|Volt Switch|p2a: Blissey
|-damage|p2a: Blissey|42/100
|
|t:|1660676035
|switch|p1a: Comaligna|Weavile, F|100/100|[from]move: Volt Switch
|-ability|p1a: Comaligna|Pressure
|
|upkeep
|turn|44
|
|t:|1660676038
|switch|p1a: Zapdosorio|Zapdos|100/100
|switch|p2a: Arcanine|Arcanine, M|75/100
|-ability|p2a: Arcanine|Intimidate|boost
|-unboost|p1a: Zapdosorio|atk|1
|
|upkeep
|turn|45
|inactive|Trainer Aggron has 120 seconds left.
|inactive|Trainer Aggron has 90 seconds left.
|
|t:|1660676119
|move|p1a: Zapdosorio|Volt Switch|p2a: Arcanine
|-damage|p2a: Arcanine|23/100
|
|t:|1660676123
|switch|p1a: Landlord|Landorus-Therian, M|68/100|[from]move: Volt Switch
|-ability|p1a: Landlord|Intimidate|boost
|-unboost|p2a: Arcanine|atk|1
|move|p2a: Arcanine|Will-O-Wisp|p1a: Landlord
|-status|p1a: Landlord|brn
|
|-heal|p1a: Landlord|75/100 brn|[from] item: Leftovers
|-damage|p1a: Landlord|68/100 brn|[from] brn
|upkeep
|turn|46
|inactive|Trainer Aggron has 60 seconds left.
|
|t:|1660676159
|switch|p2a: Corviknight|Corviknight, M|97/100
|-ability|p2a: Corviknight|Pressure
|move|p1a: Landlord|Toxic|p2a: Corviknight
|-immune|p2a: Corviknight
|
|-heal|p1a: Landlord|75/100 brn|[from] item: Leftovers
|-heal|p2a: Corviknight|100/100|[from] item: Leftovers
|-damage|p1a: Landlord|68/100 brn|[from] brn
|upkeep
|turn|47
|inactive|Trainer Aggron has 60 seconds left.
|
|t:|1660676166
|switch|p1a: Sr. Recortes|Scizor, M|47/100
|move|p2a: Corviknight|U-turn|p1a: Sr. Recortes
|-resisted|p1a: Sr. Recortes
|-damage|p1a: Sr. Recortes|40/100
|inactive|Trainer Aggron has 60 seconds left.
|
|t:|1660676192
|switch|p2a: Arcanine|Arcanine, M|23/100|[from]move: U-turn
|-ability|p2a: Arcanine|Intimidate|boost
|-unboost|p1a: Sr. Recortes|atk|1
|
|upkeep
|turn|48
|
|t:|1660676197
|move|p2a: Arcanine|Flamethrower|p1a: Sr. Recortes
|-supereffective|p1a: Sr. Recortes
|-damage|p1a: Sr. Recortes|0 fnt
|faint|p1a: Sr. Recortes
|
|upkeep
|
|t:|1660676200
|switch|p1a: Zapdosorio|Zapdos|100/100
|turn|49
|inactive|Trainer Aggron has 60 seconds left.
|n| neck or da face|neckordaface
|l| LT93OQ Bee
|
|t:|1660676226
|move|p1a: Zapdosorio|Volt Switch|p2a: Arcanine
|-damage|p2a: Arcanine|0 fnt
|faint|p2a: Arcanine
|
|t:|1660676229
|switch|p1a: Comaligna|Weavile, F|100/100|[from]move: Volt Switch
|-ability|p1a: Comaligna|Pressure
|
|upkeep
|l| Rich Minion
|inactive|Trainer Aggron has 30 seconds left.
|inactive|Trainer Aggron has 20 seconds left.
|inactive|Trainer Aggron has 15 seconds left.
|inactive|Trainer Aggron has 10 seconds left.
|
|t:|1660676270
|switch|p2a: Buzzwole|Buzzwole|85/100
|turn|50
|inactive|Trainer Aggron has 20 seconds left this turn.
|inactive|Trainer Aggron has 15 seconds left.
|
|t:|1660676278
|switch|p1a: Hefesto|Volcanion|13/100
|move|p2a: Buzzwole|Ice Punch|p1a: Hefesto
|-resisted|p1a: Hefesto
|-damage|p1a: Hefesto|7/100
|-status|p1a: Hefesto|frz
|
|upkeep
|turn|51
|inactive|Trainer Aggron has 25 seconds left this turn.
|
|t:|1660676283
|switch|p2a: Blissey|Blissey, F|42/100
|-curestatus|p1a: Hefesto|frz|[from] move: Steam Eruption
|move|p1a: Hefesto|Steam Eruption|p2a: Blissey
|-damage|p2a: Blissey|20/100
|
|upkeep
|turn|52
|
|t:|1660676285
|move|p1a: Hefesto|Steam Eruption|p2a: Blissey
|-damage|p2a: Blissey|0 fnt
|faint|p2a: Blissey
|
|upkeep
|inactive|Trainer Aggron has 30 seconds left.
|
|t:|1660676301
|switch|p2a: Tornadus|Tornadus-Therian, M|100/100
|turn|53
|inactive|Trainer Aggron has 30 seconds left.
|
|t:|1660676309
|move|p2a: Tornadus|Heat Wave|p1a: Hefesto
|-resisted|p1a: Hefesto
|-damage|p1a: Hefesto|2/100
|move|p1a: Hefesto|Steam Eruption|p2a: Tornadus
|-damage|p2a: Tornadus|20/100
|
|upkeep
|turn|54
|
|t:|1660676314
|move|p2a: Tornadus|Hurricane|p1a: Hefesto
|-damage|p1a: Hefesto|0 fnt
|faint|p1a: Hefesto
|
|upkeep
|
|t:|1660676321
|switch|p1a: Comaligna|Weavile, F|100/100
|-ability|p1a: Comaligna|Pressure
|turn|55
|
|t:|1660676325
|move|p1a: Comaligna|Triple Axel|p2a: Tornadus
|-supereffective|p2a: Tornadus
|-damage|p2a: Tornadus|0 fnt
|faint|p2a: Tornadus
|-hitcount|p2: Tornadus|1
|
|upkeep
|l| cypherstests
|
|t:|1660676331
|switch|p2a: Buzzwole|Buzzwole|85/100
|turn|56
|inactive|Trainer Aggron has 60 seconds left.
|
|t:|1660676340
|move|p1a: Comaligna|Triple Axel|p2a: Buzzwole
|-damage|p2a: Buzzwole|75/100
|-damage|p1a: Comaligna|84/100|[from] item: Rocky Helmet|[of] p2a: Buzzwole
|-damage|p2a: Buzzwole|55/100
|-damage|p1a: Comaligna|68/100|[from] item: Rocky Helmet|[of] p2a: Buzzwole
|-damage|p2a: Buzzwole|26/100
|-damage|p1a: Comaligna|51/100|[from] item: Rocky Helmet|[of] p2a: Buzzwole
|-hitcount|p2a: Buzzwole|3
|move|p2a: Buzzwole|Leech Life|p1a: Comaligna
|-supereffective|p1a: Comaligna
|-damage|p1a: Comaligna|0 fnt
|-heal|p2a: Buzzwole|44/100|[from] drain|[of] p1a: Comaligna
|faint|p1a: Comaligna
|-ability|p2a: Buzzwole|Beast Boost|boost
|-boost|p2a: Buzzwole|atk|1
|
|upkeep
|
|t:|1660676343
|switch|p1a: Zapdosorio|Zapdos|100/100
|turn|57
|
|t:|1660676351
|move|p1a: Zapdosorio|Thunderbolt|p2a: Buzzwole
|-damage|p2a: Buzzwole|0 fnt
|faint|p2a: Buzzwole
|
|upkeep
|
|t:|1660676354
|switch|p2a: Corviknight|Corviknight, M|100/100
|-ability|p2a: Corviknight|Pressure
|turn|58
|
|t:|1660676358
|move|p1a: Zapdosorio|Thunderbolt|p2a: Corviknight
|-supereffective|p2a: Corviknight
|-damage|p2a: Corviknight|0 fnt
|faint|p2a: Corviknight
|
|win|LT93OQ Eeveeolence
|raw|LT93OQ Eeveeolence's rating: 1846 &rarr; <strong>1862</strong><br />(+16 for winning)
|raw|Trainer Aggron's rating: 1780 &rarr; <strong>1764</strong><br />(-16 for losing)
