|j|☆Taiki12123
|j|☆bramitoboy
|t:|1647167045
|gametype|singles
|player|p1|Taiki12123|101|1686
|player|p2|bramitoboy|102|1739
|teamsize|p1|6
|teamsize|p2|6
|gen|8
|tier|[Gen 8] OU
|rated|
|rule|Sleep Clause Mod: Limit one foe put to sleep
|rule|Species Clause: Limit one of each Pokémon
|rule|OHKO Clause: OHKO moves are banned
|rule|Evasion Moves Clause: Evasion moves are banned
|rule|Endless Battle Clause: Forcing endless battles is banned
|rule|HP Percentage Mod: HP is shown in percentages
|rule|Dynamax Clause: You cannot dynamax
|clearpoke
|poke|p1|Landorus-Therian, M|
|poke|p1|Aegislash, M|
|poke|p1|Regieleki|
|poke|p1|Tapu Fini|
|poke|p1|Hydreigon, F|
|poke|p1|Victini|
|poke|p2|Zarude-Dada|
|poke|p2|Keldeo-Resolute|
|poke|p2|Tapu Lele|
|poke|p2|Tapu Koko|
|poke|p2|Heatran, F|
|poke|p2|Landorus-Therian, M|
|teampreview
|inactive|Battle timer is ON: inactive players will automatically lose when time's up. (requested by Taiki12123)
|
|t:|1647167054
|start
|switch|p1a: Victini|Victini|100/100
|switch|p2a: Tapu Koko|Tapu Koko|100/100
|-fieldstart|move: Electric Terrain|[from] ability: Electric Surge|[of] p2a: Tapu Koko
|turn|1
|
|t:|1647167073
|move|p2a: Tapu Koko|Thunderbolt|p1a: Victini
|-damage|p1a: Victini|55/100
|move|p1a: Victini|Final Gambit|p2a: Tapu Koko
|-damage|p2a: Tapu Koko|22/100
|faint|p1a: Victini
|
|upkeep
|j| klihjuz
|
|t:|1647167080
|switch|p1a: Hydreigon|Hydreigon, F|100/100
|turn|2
|j| LT_Alt1
|j| waraha
|
|t:|1647167086
|switch|p2a: Keldeo|Keldeo-Resolute|100/100
|move|p1a: Hydreigon|Dark Pulse|p2a: Keldeo
|-resisted|p2a: Keldeo
|-damage|p2a: Keldeo|76/100
|-ability|p2a: Keldeo|Justified|boost
|-boost|p2a: Keldeo|atk|1
|
|-heal|p2a: Keldeo|82/100|[from] item: Leftovers
|upkeep
|turn|3
|
|t:|1647167092
|switch|p1a: Tapu Fini|Tapu Fini|100/100
|-fieldstart|move: Misty Terrain|[from] ability: Misty Surge|[of] p1a: Tapu Fini
|switch|p2a: Zarude|Zarude-Dada|100/100
|
|upkeep
|turn|4
|
|t:|1647167099
|switch|p1a: Hydreigon|Hydreigon, F|100/100
|move|p2a: Zarude|Power Whip|p1a: Hydreigon
|-resisted|p1a: Hydreigon
|-damage|p1a: Hydreigon|60/100
|-damage|p2a: Zarude|91/100|[from] item: Life Orb
|
|upkeep
|turn|5
|
|t:|1647167115
|switch|p2a: Heatran|Heatran, F|100/100
|-item|p2a: Heatran|Air Balloon
|move|p1a: Hydreigon|Draco Meteor|p2a: Heatran
|-resisted|p2a: Heatran
|-damage|p2a: Heatran|71/100
|-unboost|p1a: Hydreigon|spa|2
|-enditem|p2a: Heatran|Air Balloon
|
|upkeep
|turn|6
|
|t:|1647167125
|switch|p1a: Tapu Fini|Tapu Fini|100/100
|switch|p2a: Zarude|Zarude-Dada|91/100
|
|upkeep
|turn|7
|j| 9o5p23
|
|t:|1647167132
|switch|p1a: Aegislash|Aegislash, M|100/100
|move|p2a: Zarude|Power Whip|p1a: Aegislash
|-resisted|p1a: Aegislash
|-damage|p1a: Aegislash|69/100
|-damage|p2a: Zarude|81/100|[from] item: Life Orb
|
|-heal|p1a: Aegislash|75/100|[from] item: Leftovers
|-fieldend|Misty Terrain
|upkeep
|turn|8
|
|t:|1647167137
|move|p1a: Aegislash|King's Shield|p1a: Aegislash
|-singleturn|p1a: Aegislash|Protect
|move|p2a: Zarude|Bulk Up|p2a: Zarude
|-boost|p2a: Zarude|atk|1
|-boost|p2a: Zarude|def|1
|
|-heal|p1a: Aegislash|82/100|[from] item: Leftovers
|upkeep
|turn|9
|
|t:|1647167144
|move|p2a: Zarude|Darkest Lariat|p1a: Aegislash
|-supereffective|p1a: Aegislash
|-damage|p1a: Aegislash|0 fnt
|faint|p1a: Aegislash
|-damage|p2a: Zarude|71/100|[from] item: Life Orb
|
|upkeep
|
|t:|1647167147
|switch|p1a: Landorus|Landorus-Therian, M|100/100
|-ability|p1a: Landorus|Intimidate|boost
|-unboost|p2a: Zarude|atk|1
|turn|10
|
|t:|1647167153
|switch|p2a: Landorus|Landorus-Therian, M|100/100
|-ability|p2a: Landorus|Intimidate|boost
|-unboost|p1a: Landorus|atk|1
|move|p1a: Landorus|U-turn|p2a: Landorus
|-resisted|p2a: Landorus
|-damage|p2a: Landorus|95/100
|-damage|p1a: Landorus|84/100|[from] item: Rocky Helmet|[of] p2a: Landorus
|
|t:|1647167159
|switch|p1a: Tapu Fini|Tapu Fini|100/100|[from]move: U-turn
|-fieldstart|move: Misty Terrain|[from] ability: Misty Surge|[of] p1a: Tapu Fini
|
|upkeep
|turn|11
|
|t:|1647167165
|switch|p2a: Tapu Lele|Tapu Lele|100/100
|-fieldstart|move: Psychic Terrain|[from] ability: Psychic Surge|[of] p2a: Tapu Lele
|move|p1a: Tapu Fini|Moonblast|p2a: Tapu Lele
|-damage|p2a: Tapu Lele|77/100
|
|upkeep
|turn|12
|
|t:|1647167179
|move|p2a: Tapu Lele|Psyshock|p1a: Tapu Fini
|-damage|p1a: Tapu Fini|61/100
|move|p1a: Tapu Fini|Nature's Madness|p2a: Tapu Lele
|-damage|p2a: Tapu Lele|39/100
|
|-heal|p1a: Tapu Fini|67/100|[from] item: Leftovers
|upkeep
|turn|13
|
|t:|1647167186
|move|p2a: Tapu Lele|Moonblast|p1a: Tapu Fini
|-damage|p1a: Tapu Fini|21/100
|-unboost|p1a: Tapu Fini|spa|1
|move|p1a: Tapu Fini|Moonblast|p2a: Tapu Lele
|-damage|p2a: Tapu Lele|22/100
|
|-heal|p1a: Tapu Fini|28/100|[from] item: Leftovers
|upkeep
|turn|14
|
|t:|1647167195
|move|p2a: Tapu Lele|Moonblast|p1a: Tapu Fini
|-damage|p1a: Tapu Fini|0 fnt
|faint|p1a: Tapu Fini
|
|upkeep
|
|t:|1647167197
|switch|p1a: Hydreigon|Hydreigon, F|60/100
|turn|15
|
|t:|1647167208
|switch|p2a: Keldeo|Keldeo-Resolute|82/100
|move|p1a: Hydreigon|Hydro Pump|p2a: Keldeo
|-resisted|p2a: Keldeo
|-damage|p2a: Keldeo|61/100
|
|-heal|p2a: Keldeo|67/100|[from] item: Leftovers
|-fieldend|move: Psychic Terrain
|upkeep
|turn|16
|
|t:|1647167213
|switch|p1a: Regieleki|Regieleki|100/100
|move|p2a: Keldeo|Substitute|p2a: Keldeo
|-start|p2a: Keldeo|Substitute
|-damage|p2a: Keldeo|42/100
|
|-heal|p2a: Keldeo|48/100|[from] item: Leftovers
|upkeep
|turn|17
|
|t:|1647167218
|move|p1a: Regieleki|Volt Switch|p2a: Keldeo
|-supereffective|p2a: Keldeo
|-end|p2a: Keldeo|Substitute
|
|t:|1647167224
|switch|p1a: Hydreigon|Hydreigon, F|60/100|[from]move: Volt Switch
|move|p2a: Keldeo|Substitute|p2a: Keldeo
|-start|p2a: Keldeo|Substitute
|-damage|p2a: Keldeo|23/100
|
|-heal|p2a: Keldeo|30/100|[from] item: Leftovers
|upkeep
|turn|18
|
|t:|1647167230
|switch|p1a: Landorus|Landorus-Therian, M|84/100
|-ability|p1a: Landorus|Intimidate|boost
|-immune|p2a: Keldeo
|move|p2a: Keldeo|Secret Sword|p1a: Landorus
|-resisted|p1a: Landorus
|-damage|p1a: Landorus|68/100
|
|-heal|p2a: Keldeo|36/100|[from] item: Leftovers
|-heal|p1a: Landorus|74/100|[from] item: Leftovers
|upkeep
|turn|19
|
|t:|1647167241
|move|p2a: Keldeo|Scald|p1a: Landorus
|-supereffective|p1a: Landorus
|-damage|p1a: Landorus|0 fnt
|faint|p1a: Landorus
|
|-heal|p2a: Keldeo|42/100|[from] item: Leftovers
|upkeep
|
|t:|1647167245
|switch|p1a: Regieleki|Regieleki|100/100
|turn|20
|
|t:|1647167257
|move|p1a: Regieleki|Thunder Cage|p2a: Keldeo
|-supereffective|p2a: Keldeo
|-end|p2a: Keldeo|Substitute
|move|p2a: Keldeo|Secret Sword|p1a: Regieleki
|-damage|p1a: Regieleki|20/100
|
|-heal|p2a: Keldeo|48/100|[from] item: Leftovers
|upkeep
|turn|21
|l| LT_Alt1
|j| LT_Alt1
|
|t:|1647167265
|switch|p2a: Landorus|Landorus-Therian, M|95/100
|-ability|p2a: Landorus|Intimidate|boost
|-unboost|p1a: Regieleki|atk|1
|move|p1a: Regieleki|Explosion|p2a: Landorus
|-damage|p2a: Landorus|70/100
|faint|p1a: Regieleki
|
|upkeep
|
|t:|1647167267
|switch|p1a: Hydreigon|Hydreigon, F|60/100
|turn|22
|l| LT_Alt1
|
|t:|1647167273
|switch|p2a: Keldeo|Keldeo-Resolute|48/100
|move|p1a: Hydreigon|Dark Pulse|p2a: Keldeo
|-resisted|p2a: Keldeo
|-damage|p2a: Keldeo|26/100
|-ability|p2a: Keldeo|Justified|boost
|-boost|p2a: Keldeo|atk|1
|
|-heal|p2a: Keldeo|33/100|[from] item: Leftovers
|upkeep
|turn|23
|j| Soldier Of Jesus
|l| Soldier Of Jesus
|
|t:|1647167281
|move|p1a: Hydreigon|Dark Pulse|p2a: Keldeo
|-resisted|p2a: Keldeo
|-damage|p2a: Keldeo|10/100
|-ability|p2a: Keldeo|Justified|boost
|-boost|p2a: Keldeo|atk|1
|cant|p2a: Keldeo|flinch
|
|-heal|p2a: Keldeo|17/100|[from] item: Leftovers
|upkeep
|turn|24
|c|☆bramitoboy|noooo
|j| Fitzcarraldo
|c|☆bramitoboy|I wanted 6 0
|
|t:|1647167297
|switch|p2a: Zarude|Zarude-Dada|71/100
|move|p1a: Hydreigon|Dark Pulse|p2a: Zarude
|-resisted|p2a: Zarude
|-damage|p2a: Zarude|51/100
|
|upkeep
|turn|25
|
|t:|1647167302
|move|p1a: Hydreigon|Dark Pulse|p2a: Zarude
|-resisted|p2a: Zarude
|-damage|p2a: Zarude|32/100
|move|p2a: Zarude|Synthesis|p2a: Zarude
|-heal|p2a: Zarude|82/100
|
|upkeep
|turn|26
|
|t:|1647167310
|move|p1a: Hydreigon|Dark Pulse|p2a: Zarude
|-resisted|p2a: Zarude
|-damage|p2a: Zarude|62/100
|move|p2a: Zarude|Darkest Lariat|p1a: Hydreigon
|-resisted|p1a: Hydreigon
|-damage|p1a: Hydreigon|27/100
|-damage|p2a: Zarude|52/100|[from] item: Life Orb
|
|upkeep
|turn|27
|l| 9o5p23
|
|t:|1647167318
|move|p1a: Hydreigon|Dark Pulse|p2a: Zarude
|-resisted|p2a: Zarude
|-damage|p2a: Zarude|33/100
|move|p2a: Zarude|Darkest Lariat|p1a: Hydreigon
|-resisted|p1a: Hydreigon
|-damage|p1a: Hydreigon|0 fnt
|faint|p1a: Hydreigon
|-damage|p2a: Zarude|23/100|[from] item: Life Orb
|
|win|bramitoboy
|raw|Taiki12123's rating: 1686 &rarr; <strong>1669</strong><br />(-17 for losing)
|raw|bramitoboy's rating: 1739 &rarr; <strong>1756</strong><br />(+17 for winning)
|l|☆Taiki12123
