|j|☆TheonReekGreyjoy
|j|☆HYper
|t:|1652127494
|gametype|singles
|player|p1|TheonReekGreyjoy|265|1811
|player|p2|HYper|calaba|1869
|teamsize|p1|6
|teamsize|p2|6
|gen|8
|tier|[Gen 8] OU
|rated|
|rule|Sleep Clause Mod: Limit one foe put to sleep
|rule|Species Clause: Limit one of each Pokémon
|rule|OHKO Clause: OHKO moves are banned
|rule|Evasion Moves Clause: Evasion moves are banned
|rule|Endless Battle Clause: Forcing endless battles is banned
|rule|HP Percentage Mod: HP is shown in percentages
|rule|Dynamax Clause: You cannot dynamax
|clearpoke
|poke|p1|Hatterene, F|
|poke|p1|Tornadus-Therian, M|
|poke|p1|Vanilluxe, M|
|poke|p1|Heatran, F|
|poke|p1|Arctozolt|
|poke|p1|Landorus-Therian, M|
|poke|p2|Roselia, M|
|poke|p2|Regidrago|
|poke|p2|Nidoking, M|
|poke|p2|Urshifu-*, M|
|poke|p2|Landorus-Therian, M|
|poke|p2|Melmetal|
|teampreview
|inactive|Battle timer is ON: inactive players will automatically lose when time's up. (requested by HYper)
|j| LastYoungster
|inactive|TheonReekGreyjoy has 120 seconds left.
|j| chanceara
|
|t:|1652127557
|start
|switch|p1a: Tornadus|Tornadus-Therian, M|100/100
|switch|p2a: Urshifu|Urshifu-Rapid-Strike, M|100/100
|turn|1
|
|t:|1652127562
|move|p2a: Urshifu|U-turn|p1a: Tornadus
|-resisted|p1a: Tornadus
|-damage|p1a: Tornadus|88/100
|
|t:|1652127563
|switch|p2a: Landorus|Landorus-Therian, M|100/100|[from]move: U-turn
|-ability|p2a: Landorus|Intimidate|boost
|-unboost|p1a: Tornadus|atk|1
|move|p1a: Tornadus|U-turn|p2a: Landorus
|-resisted|p2a: Landorus
|-damage|p2a: Landorus|96/100
|
|t:|1652127568
|switch|p1a: Vanilluxe|Vanilluxe, M|100/100|[from]move: U-turn
|-weather|Hail|[from] ability: Snow Warning|[of] p1a: Vanilluxe
|
|-weather|Hail|[upkeep]
|-damage|p2a: Landorus|90/100|[from] Hail
|-heal|p2a: Landorus|96/100|[from] item: Leftovers
|upkeep
|turn|2
|
|t:|1652127575
|move|p1a: Vanilluxe|Blizzard|p2a: Landorus
|-supereffective|p2a: Landorus
|-damage|p2a: Landorus|0 fnt
|faint|p2a: Landorus
|
|-weather|Hail|[upkeep]
|upkeep
|
|t:|1652127577
|switch|p2a: Urshifu|Urshifu-Rapid-Strike, M|100/100
|turn|3
|
|t:|1652127596
|switch|p1a: Hatterene|Hatterene, F|100/100
|move|p2a: Urshifu|Surging Strikes|p1a: Hatterene
|-crit|p1a: Hatterene
|-damage|p1a: Hatterene|85/100
|-crit|p1a: Hatterene
|-damage|p1a: Hatterene|69/100
|-crit|p1a: Hatterene
|-damage|p1a: Hatterene|55/100
|-hitcount|p1a: Hatterene|3
|
|-weather|Hail|[upkeep]
|-damage|p2a: Urshifu|94/100|[from] Hail
|-damage|p1a: Hatterene|49/100|[from] Hail
|-heal|p1a: Hatterene|55/100|[from] item: Leftovers
|upkeep
|turn|4
|
|t:|1652127607
|switch|p2a: Roselia|Roselia, M|100/100
|move|p1a: Hatterene|Mystical Fire|p2a: Roselia
|-supereffective|p2a: Roselia
|-damage|p2a: Roselia|61/100
|-unboost|p2a: Roselia|spa|1
|
|-weather|Hail|[upkeep]
|-damage|p2a: Roselia|55/100|[from] Hail
|-damage|p1a: Hatterene|49/100|[from] Hail
|-heal|p1a: Hatterene|55/100|[from] item: Leftovers
|upkeep
|turn|5
|j| loolllool
|
|t:|1652127620
|switch|p1a: Heatran|Heatran, F|100/100
|move|p2a: Roselia|Sludge Bomb|p1a: Heatran
|-immune|p1a: Heatran
|
|-weather|none
|upkeep
|turn|6
|
|t:|1652127629
|move|p1a: Heatran|Stealth Rock|p2a: Roselia
|-sidestart|p2: HYper|move: Stealth Rock
|move|p2a: Roselia|Sleep Powder|p1a: Heatran
|-status|p1a: Heatran|slp|[from] move: Sleep Powder
|
|upkeep
|turn|7
|
|t:|1652127637
|switch|p1a: Hatterene|Hatterene, F|55/100
|move|p2a: Roselia|Spikes|p1a: Hatterene
|move|p1a: Hatterene|Spikes|p2a: Roselia|[from]ability: Magic Bounce
|-sidestart|p2: HYper|Spikes
|
|-heal|p1a: Hatterene|61/100|[from] item: Leftovers
|upkeep
|turn|8
|j| sdfhbjshdf
|
|t:|1652127646
|switch|p1a: Tornadus|Tornadus-Therian, M|100/100
|move|p2a: Roselia|Sludge Bomb|p1a: Tornadus
|-damage|p1a: Tornadus|85/100
|
|upkeep
|turn|9
|
|t:|1652127651
|move|p1a: Tornadus|Hurricane|p2a: Roselia
|-supereffective|p2a: Roselia
|-damage|p2a: Roselia|0 fnt
|faint|p2a: Roselia
|
|upkeep
|
|t:|1652127654
|switch|p2a: Regidrago|Regidrago|100/100
|-damage|p2a: Regidrago|88/100|[from] Spikes
|-damage|p2a: Regidrago|76/100|[from] Stealth Rock
|turn|10
|inactive|TheonReekGreyjoy has 120 seconds left.
|
|t:|1652127684
|move|p1a: Tornadus|U-turn|p2a: Regidrago
|-crit|p2a: Regidrago
|-damage|p2a: Regidrago|51/100
|
|t:|1652127688
|switch|p1a: Hatterene|Hatterene, F|61/100|[from]move: U-turn
|move|p2a: Regidrago|Ancient Power|p1a: Hatterene
|-damage|p1a: Hatterene|29/100
|
|-heal|p1a: Hatterene|35/100|[from] item: Leftovers
|upkeep
|turn|11
|
|t:|1652127697
|move|p2a: Regidrago|Ancient Power|p1a: Hatterene
|-damage|p1a: Hatterene|3/100
|move|p1a: Hatterene|Draining Kiss|p2a: Regidrago
|-supereffective|p2a: Regidrago
|-damage|p2a: Regidrago|4/100
|-heal|p1a: Hatterene|62/100|[from] drain|[of] p2a: Regidrago
|
|-heal|p1a: Hatterene|68/100|[from] item: Leftovers
|upkeep
|turn|12
|c|☆HYper|oh
|c|☆HYper|im big hp
|
|t:|1652127711
|switch|p1a: Tornadus|Tornadus-Therian, M|100/100
|move|p2a: Regidrago|Ancient Power|p1a: Tornadus
|-supereffective|p1a: Tornadus
|-damage|p1a: Tornadus|61/100
|
|upkeep
|turn|13
|
|t:|1652127715
|move|p1a: Tornadus|U-turn|p2a: Regidrago
|-damage|p2a: Regidrago|0 fnt
|faint|p2a: Regidrago
|j| pikablu007
|
|t:|1652127719
|switch|p1a: Vanilluxe|Vanilluxe, M|100/100|[from]move: U-turn
|-weather|Hail|[from] ability: Snow Warning|[of] p1a: Vanilluxe
|
|-weather|Hail|[upkeep]
|upkeep
|
|t:|1652127725
|switch|p2a: Urshifu|Urshifu-Rapid-Strike, M|94/100
|-damage|p2a: Urshifu|88/100|[from] Stealth Rock
|-damage|p2a: Urshifu|76/100|[from] Spikes
|turn|14
|
|t:|1652127738
|switch|p1a: Heatran|Heatran, F|100/100 slp
|move|p2a: Urshifu|Surging Strikes|p1a: Heatran
|-supereffective|p1a: Heatran
|-crit|p1a: Heatran
|-damage|p1a: Heatran|69/100 slp
|-status|p2a: Urshifu|brn|[from] ability: Flame Body|[of] p1a: Heatran
|-supereffective|p1a: Heatran
|-crit|p1a: Heatran
|-damage|p1a: Heatran|54/100 slp
|-supereffective|p1a: Heatran
|-crit|p1a: Heatran
|-damage|p1a: Heatran|40/100 slp
|-hitcount|p1a: Heatran|3
|
|-weather|Hail|[upkeep]
|-damage|p2a: Urshifu|70/100 brn|[from] Hail
|-damage|p1a: Heatran|33/100 slp|[from] Hail
|-heal|p1a: Heatran|40/100 slp|[from] item: Leftovers
|-damage|p2a: Urshifu|64/100 brn|[from] brn
|upkeep
|turn|15
|l| pikablu007
|
|t:|1652127757
|switch|p1a: Tornadus|Tornadus-Therian, M|94/100
|move|p2a: Urshifu|Surging Strikes|p1a: Tornadus
|-crit|p1a: Tornadus
|-damage|p1a: Tornadus|83/100
|-crit|p1a: Tornadus
|-damage|p1a: Tornadus|73/100
|-crit|p1a: Tornadus
|-damage|p1a: Tornadus|63/100
|-hitcount|p1a: Tornadus|3
|
|-weather|Hail|[upkeep]
|-damage|p2a: Urshifu|57/100 brn|[from] Hail
|-damage|p1a: Tornadus|57/100|[from] Hail
|-damage|p2a: Urshifu|51/100 brn|[from] brn
|upkeep
|turn|16
|
|t:|1652127763
|move|p2a: Urshifu|Surging Strikes|p1a: Tornadus
|-crit|p1a: Tornadus
|-damage|p1a: Tornadus|47/100
|-crit|p1a: Tornadus
|-damage|p1a: Tornadus|37/100
|-crit|p1a: Tornadus
|-damage|p1a: Tornadus|27/100
|-hitcount|p1a: Tornadus|3
|move|p1a: Tornadus|U-turn|p2a: Urshifu
|-resisted|p2a: Urshifu
|-damage|p2a: Urshifu|44/100 brn
|
|t:|1652127766
|switch|p1a: Hatterene|Hatterene, F|68/100|[from]move: U-turn
|
|-weather|Hail|[upkeep]
|-damage|p2a: Urshifu|38/100 brn|[from] Hail
|-damage|p1a: Hatterene|62/100|[from] Hail
|-heal|p1a: Hatterene|68/100|[from] item: Leftovers
|-damage|p2a: Urshifu|32/100 brn|[from] brn
|upkeep
|turn|17
|
|t:|1652127769
|switch|p2a: Nidoking|Nidoking, M|100/100
|-damage|p2a: Nidoking|95/100|[from] Stealth Rock
|-damage|p2a: Nidoking|82/100|[from] Spikes
|move|p1a: Hatterene|Draining Kiss|p2a: Nidoking
|-resisted|p2a: Nidoking
|-crit|p2a: Nidoking
|-damage|p2a: Nidoking|60/100
|-heal|p1a: Hatterene|84/100|[from] drain|[of] p2a: Nidoking
|
|-weather|none
|-heal|p1a: Hatterene|90/100|[from] item: Leftovers
|upkeep
|turn|18
|
|t:|1652127774
|switch|p1a: Vanilluxe|Vanilluxe, M|100/100
|-weather|Hail|[from] ability: Snow Warning|[of] p1a: Vanilluxe
|move|p2a: Nidoking|Sludge Wave|p1a: Vanilluxe
|-damage|p1a: Vanilluxe|21/100
|
|-weather|Hail|[upkeep]
|-damage|p2a: Nidoking|54/100|[from] Hail
|upkeep
|turn|19
|
|t:|1652127787
|move|p1a: Vanilluxe|Ice Shard|p2a: Nidoking
|-supereffective|p2a: Nidoking
|-damage|p2a: Nidoking|17/100
|move|p2a: Nidoking|Sludge Wave|p1a: Vanilluxe
|-damage|p1a: Vanilluxe|0 fnt
|faint|p1a: Vanilluxe
|
|-weather|Hail|[upkeep]
|-damage|p2a: Nidoking|11/100|[from] Hail
|upkeep
|j| mtr gope
|
|t:|1652127793
|switch|p1a: Tornadus|Tornadus-Therian, M|61/100
|turn|20
|
|t:|1652127798
|move|p1a: Tornadus|Knock Off|p2a: Nidoking
|-damage|p2a: Nidoking|0 fnt
|-enditem|p2a: Nidoking|Life Orb|[from] move: Knock Off|[of] p1a: Tornadus
|faint|p2a: Nidoking
|
|-weather|Hail|[upkeep]
|-damage|p1a: Tornadus|55/100|[from] Hail
|upkeep
|
|t:|1652127799
|switch|p2a: Melmetal|Melmetal|100/100
|-damage|p2a: Melmetal|94/100|[from] Stealth Rock
|-damage|p2a: Melmetal|82/100|[from] Spikes
|turn|21
|
|t:|1652127803
|move|p1a: Tornadus|U-turn|p2a: Melmetal
|-resisted|p2a: Melmetal
|-damage|p2a: Melmetal|78/100
|
|t:|1652127806
|switch|p1a: Heatran|Heatran, F|40/100 slp|[from]move: U-turn
|move|p2a: Melmetal|Superpower|p1a: Heatran
|-supereffective|p1a: Heatran
|-damage|p1a: Heatran|0 fnt
|-unboost|p2a: Melmetal|atk|1
|-unboost|p2a: Melmetal|def|1
|faint|p1a: Heatran
|
|-weather|Hail|[upkeep]
|-damage|p2a: Melmetal|72/100|[from] Hail
|upkeep
|
|t:|1652127818
|switch|p1a: Landorus|Landorus-Therian, M|100/100
|-ability|p1a: Landorus|Intimidate|boost
|-unboost|p2a: Melmetal|atk|1
|turn|22
|
|t:|1652127821
|switch|p2a: Urshifu|Urshifu-Rapid-Strike, M|32/100 brn
|-damage|p2a: Urshifu|25/100 brn|[from] Stealth Rock
|-damage|p2a: Urshifu|13/100 brn|[from] Spikes
|move|p1a: Landorus|Earthquake|p2a: Urshifu
|-damage|p2a: Urshifu|0 fnt
|faint|p2a: Urshifu
|
|-weather|none
|upkeep
|l| LastYoungster
|
|t:|1652127822
|switch|p2a: Melmetal|Melmetal|72/100
|-damage|p2a: Melmetal|59/100|[from] Spikes
|-damage|p2a: Melmetal|53/100|[from] Stealth Rock
|turn|23
|
|t:|1652127830
|move|p1a: Landorus|Earthquake|p2a: Melmetal
|-supereffective|p2a: Melmetal
|-damage|p2a: Melmetal|0 fnt
|faint|p2a: Melmetal
|
|win|TheonReekGreyjoy
|raw|TheonReekGreyjoy's rating: 1811 &rarr; <strong>1834</strong><br />(+23 for winning)
|raw|HYper's rating: 1869 &rarr; <strong>1846</strong><br />(-23 for losing)
|l|☆HYper
|l| sdfhbjshdf
||Ladder isn't responding, score probably updated but might not have (Request timeout).
|l| chanceara
