|html|<div class="broadcast-blue"><strong>[Gen 8] OU is currently suspecting Melmetal! For information on how to participate check out the <a href="https://www.smogon.com/forums/threads/np-ss-ou-suspect-process-round-12-monster-mash.3709234/">suspect thread</a>.</strong></div>
|j|☆Spectre Ace
|j|‽wax rig
|t:|1666736678
|gametype|singles
|player|p1|Spectre Ace|juggler|1775
|player|p2|wax rig|kimonogirl-gen2|1755
|teamsize|p1|6
|teamsize|p2|6
|gen|8
|tier|[Gen 8] OU
|rated|
|rule|Sleep Clause Mod: Limit one foe put to sleep
|rule|Species Clause: Limit one of each Pokémon
|rule|OHKO Clause: OHKO moves are banned
|rule|Evasion Items Clause: Evasion items are banned
|rule|Evasion Moves Clause: Evasion moves are banned
|rule|Endless Battle Clause: Forcing endless battles is banned
|rule|HP Percentage Mod: HP is shown in percentages
|rule|Dynamax Clause: You cannot dynamax
|clearpoke
|poke|p1|Landorus-Therian, M|
|poke|p1|Ferrothorn, M|
|poke|p1|Raichu-Alola, F|
|poke|p1|Tapu Koko|
|poke|p1|Weavile, F|
|poke|p1|Toxapex, F|
|poke|p2|Blacephalon|
|poke|p2|Bisharp, M|
|poke|p2|Tapu Bulu|
|poke|p2|Garchomp, F|
|poke|p2|Skarmory, F|
|poke|p2|Tornadus-Therian, M|
|teampreview
|
|t:|1666736687
|start
|switch|p1a: Tapu Koko|Tapu Koko|100/100
|switch|p2a: Skarmory|Skarmory, F|100/100
|-fieldstart|move: Electric Terrain|[from] ability: Electric Surge|[of] p1a: Tapu Koko
|turn|1
|
|t:|1666736695
|move|p1a: Tapu Koko|Dazzling Gleam|p2a: Skarmory
|-resisted|p2a: Skarmory
|-damage|p2a: Skarmory|71/100
|move|p2a: Skarmory|Stealth Rock|p1a: Tapu Koko
|-sidestart|p1: Spectre Ace|move: Stealth Rock
|
|upkeep
|turn|2
|
|t:|1666736698
|move|p1a: Tapu Koko|Thunderbolt|p2a: Skarmory
|-supereffective|p2a: Skarmory
|-damage|p2a: Skarmory|0 fnt
|faint|p2a: Skarmory
|
|upkeep
|inactive|Battle timer is ON: inactive players will automatically lose when time's up. (requested by wax rig)
|
|t:|1666736704
|switch|p2a: Tapu Bulu|Tapu Bulu|100/100
|-fieldstart|move: Grassy Terrain|[from] ability: Grassy Surge|[of] p2a: Tapu Bulu
|turn|3
|
|t:|1666736707
|move|p1a: Tapu Koko|U-turn|p2a: Tapu Bulu
|-crit|p2a: Tapu Bulu
|-damage|p2a: Tapu Bulu|74/100
|
|t:|1666736709
|switch|p1a: Landorus|Landorus-Therian, M|100/100|[from]move: U-turn
|-damage|p1a: Landorus|88/100|[from] Stealth Rock
|-ability|p1a: Landorus|Intimidate|boost
|-unboost|p2a: Tapu Bulu|atk|1
|move|p2a: Tapu Bulu|Swords Dance|p2a: Tapu Bulu
|-boost|p2a: Tapu Bulu|atk|2
|
|-heal|p2a: Tapu Bulu|80/100|[from] Grassy Terrain
|-heal|p2a: Tapu Bulu|86/100|[from] item: Leftovers
|-heal|p1a: Landorus|94/100|[from] item: Leftovers
|upkeep
|turn|4
|
|t:|1666736713
|move|p2a: Tapu Bulu|Horn Leech|p1a: Landorus
|-damage|p1a: Landorus|12/100
|-heal|p2a: Tapu Bulu|100/100|[from] drain|[of] p1a: Landorus
|move|p1a: Landorus|Toxic|p2a: Tapu Bulu|[miss]
|-miss|p1a: Landorus|p2a: Tapu Bulu
|
|-heal|p1a: Landorus|18/100|[from] item: Leftovers
|upkeep
|turn|5
|
|t:|1666736719
|move|p2a: Tapu Bulu|Horn Leech|p1a: Landorus
|-damage|p1a: Landorus|0 fnt
|faint|p1a: Landorus
|
|upkeep
|
|t:|1666736721
|switch|p1a: Weavile|Weavile, F|100/100
|-damage|p1a: Weavile|76/100|[from] Stealth Rock
|-ability|p1a: Weavile|Pressure
|turn|6
|
|t:|1666736726
|switch|p2a: Bisharp|Bisharp, M|100/100
|move|p1a: Weavile|Triple Axel|p2a: Bisharp
|-resisted|p2a: Bisharp
|-damage|p2a: Bisharp|90/100
|-resisted|p2a: Bisharp
|-damage|p2a: Bisharp|68/100
|-resisted|p2a: Bisharp
|-damage|p2a: Bisharp|35/100
|-hitcount|p2a: Bisharp|3
|
|-heal|p1a: Weavile|82/100|[from] Grassy Terrain
|-heal|p2a: Bisharp|41/100|[from] Grassy Terrain
|upkeep
|turn|7
|
|t:|1666736732
|move|p2a: Bisharp|Sucker Punch|p1a: Weavile
|-resisted|p1a: Weavile
|-damage|p1a: Weavile|37/100
|-damage|p2a: Bisharp|31/100|[from] item: Life Orb
|move|p1a: Weavile|Triple Axel|p2a: Bisharp
|-resisted|p2a: Bisharp
|-damage|p2a: Bisharp|20/100
|-resisted|p2a: Bisharp
|-damage|p2a: Bisharp|0 fnt
|faint|p2a: Bisharp
|-hitcount|p2: Bisharp|2
|
|-heal|p1a: Weavile|43/100|[from] Grassy Terrain
|-fieldend|move: Grassy Terrain
|upkeep
|
|t:|1666736739
|switch|p2a: Blacephalon|Blacephalon, shiny|100/100
|turn|8
|
|t:|1666736743
|switch|p2a: Tornadus|Tornadus-Therian, M|100/100
|switch|p1a: Toxapex|Toxapex, F|100/100
|-damage|p1a: Toxapex|88/100|[from] Stealth Rock
|
|upkeep
|turn|9
|
|t:|1666736746
|move|p2a: Tornadus|Nasty Plot|p2a: Tornadus
|-boost|p2a: Tornadus|spa|2
|move|p1a: Toxapex|Knock Off|p2a: Tornadus
|-damage|p2a: Tornadus|80/100
|-enditem|p2a: Tornadus|Wide Lens|[from] move: Knock Off|[of] p1a: Toxapex
|
|upkeep
|turn|10
|
|t:|1666736748
|move|p2a: Tornadus|Hurricane|p1a: Toxapex
|-damage|p1a: Toxapex|25/100
|-start|p1a: Toxapex|confusion
|-activate|p1a: Toxapex|confusion
|move|p1a: Toxapex|Haze|p1a: Toxapex
|-clearallboost
|
|upkeep
|turn|11
|j| Jongruenwald
|
|t:|1666736757
|switch|p2a: Garchomp|Garchomp, F|100/100
|switch|p1a: Tapu Koko|Tapu Koko|100/100
|-damage|p1a: Tapu Koko|88/100|[from] Stealth Rock
|-fieldstart|move: Electric Terrain|[from] ability: Electric Surge|[of] p1a: Tapu Koko
|
|upkeep
|turn|12
|
|t:|1666736760
|switch|p1a: Ferrothorn|Ferrothorn, M|100/100
|-damage|p1a: Ferrothorn|94/100|[from] Stealth Rock
|move|p2a: Garchomp|Earthquake|p1a: Ferrothorn
|-damage|p1a: Ferrothorn|47/100
|-damage|p2a: Garchomp|91/100|[from] item: Life Orb
|
|-heal|p1a: Ferrothorn|53/100|[from] item: Leftovers
|upkeep
|turn|13
|
|t:|1666736766
|move|p2a: Garchomp|Fire Fang|p1a: Ferrothorn
|-supereffective|p1a: Ferrothorn
|-damage|p1a: Ferrothorn|0 fnt
|-damage|p2a: Garchomp|78/100|[from] ability: Iron Barbs|[of] p1a: Ferrothorn
|faint|p1a: Ferrothorn
|-damage|p2a: Garchomp|69/100|[from] item: Life Orb
|
|upkeep
|
|t:|1666736771
|switch|p1a: Tapu Koko|Tapu Koko|88/100
|-damage|p1a: Tapu Koko|76/100|[from] Stealth Rock
|turn|14
|
|t:|1666736786
|switch|p2a: Tapu Bulu|Tapu Bulu|100/100
|-fieldstart|move: Grassy Terrain|[from] ability: Grassy Surge|[of] p2a: Tapu Bulu
|move|p1a: Tapu Koko|Dazzling Gleam|p2a: Tapu Bulu
|-damage|p2a: Tapu Bulu|62/100
|
|-heal|p1a: Tapu Koko|82/100|[from] Grassy Terrain
|-heal|p2a: Tapu Bulu|68/100|[from] Grassy Terrain
|-heal|p2a: Tapu Bulu|74/100|[from] item: Leftovers
|upkeep
|turn|15
|
|t:|1666736793
|move|p1a: Tapu Koko|U-turn|p2a: Tapu Bulu
|-damage|p2a: Tapu Bulu|55/100
|
|t:|1666736794
|switch|p1a: Toxapex|Toxapex, F|59/100|[from]move: U-turn
|-damage|p1a: Toxapex|46/100|[from] Stealth Rock
|move|p2a: Tapu Bulu|Horn Leech|p1a: Toxapex
|-damage|p1a: Toxapex|4/100
|-heal|p2a: Tapu Bulu|78/100|[from] drain|[of] p1a: Toxapex
|
|-heal|p2a: Tapu Bulu|84/100|[from] Grassy Terrain
|-heal|p2a: Tapu Bulu|90/100|[from] item: Leftovers
|-heal|p1a: Toxapex|10/100|[from] Grassy Terrain
|upkeep
|turn|16
|
|t:|1666736797
|move|p2a: Tapu Bulu|Horn Leech|p1a: Toxapex
|-damage|p1a: Toxapex|0 fnt
|-heal|p2a: Tapu Bulu|96/100|[from] drain|[of] p1a: Toxapex
|faint|p1a: Toxapex
|
|-heal|p2a: Tapu Bulu|100/100|[from] Grassy Terrain
|upkeep
|
|t:|1666736799
|switch|p1a: Weavile|Weavile, F|43/100
|-damage|p1a: Weavile|18/100|[from] Stealth Rock
|-ability|p1a: Weavile|Pressure
|turn|17
|
|t:|1666736803
|switch|p2a: Tornadus|Tornadus-Therian, M|100/100
|move|p1a: Weavile|Ice Shard|p2a: Tornadus
|-supereffective|p2a: Tornadus
|-damage|p2a: Tornadus|12/100
|
|-heal|p1a: Weavile|24/100|[from] Grassy Terrain
|upkeep
|turn|18
|
|t:|1666736805
|move|p1a: Weavile|Ice Shard|p2a: Tornadus
|-supereffective|p2a: Tornadus
|-damage|p2a: Tornadus|0 fnt
|faint|p2a: Tornadus
|
|-heal|p1a: Weavile|30/100|[from] Grassy Terrain
|-fieldend|move: Grassy Terrain
|upkeep
|
|t:|1666736810
|switch|p2a: Blacephalon|Blacephalon, shiny|100/100
|turn|19
|
|t:|1666736812
|switch|p1a: Tapu Koko|Tapu Koko|82/100
|-damage|p1a: Tapu Koko|69/100|[from] Stealth Rock
|-fieldstart|move: Electric Terrain|[from] ability: Electric Surge|[of] p1a: Tapu Koko
|move|p2a: Blacephalon|Flamethrower|p1a: Tapu Koko
|-damage|p1a: Tapu Koko|0 fnt
|faint|p1a: Tapu Koko
|-ability|p2a: Blacephalon|Beast Boost|boost
|-boost|p2a: Blacephalon|spa|1
|
|upkeep
|
|t:|1666736814
|switch|p1a: Raichu|Raichu-Alola, F, shiny|100/100
|-damage|p1a: Raichu|88/100|[from] Stealth Rock
|turn|20
|
|t:|1666736826
|switch|p2a: Garchomp|Garchomp, F|69/100
|move|p1a: Raichu|Psyshock|p2a: Garchomp
|-damage|p2a: Garchomp|21/100
|-damage|p1a: Raichu|78/100|[from] item: Life Orb
|
|upkeep
|turn|21
|
|t:|1666736828
|move|p1a: Raichu|Psyshock|p2a: Garchomp
|-damage|p2a: Garchomp|0 fnt
|faint|p2a: Garchomp
|-damage|p1a: Raichu|68/100|[from] item: Life Orb
|
|upkeep
|
|t:|1666736831
|switch|p2a: Tapu Bulu|Tapu Bulu|100/100
|-fieldstart|move: Grassy Terrain|[from] ability: Grassy Surge|[of] p2a: Tapu Bulu
|turn|22
|
|t:|1666736833
|move|p1a: Raichu|Psyshock|p2a: Tapu Bulu
|-damage|p2a: Tapu Bulu|47/100
|-damage|p1a: Raichu|58/100|[from] item: Life Orb
|move|p2a: Tapu Bulu|Horn Leech|p1a: Raichu
|-damage|p1a: Raichu|0 fnt
|-heal|p2a: Tapu Bulu|74/100|[from] drain|[of] p1a: Raichu
|faint|p1a: Raichu
|
|-heal|p2a: Tapu Bulu|80/100|[from] Grassy Terrain
|-heal|p2a: Tapu Bulu|86/100|[from] item: Leftovers
|upkeep
|
|t:|1666736835
|switch|p1a: Weavile|Weavile, F|30/100
|-damage|p1a: Weavile|5/100|[from] Stealth Rock
|-ability|p1a: Weavile|Pressure
|turn|23
|
|t:|1666736837
|move|p1a: Weavile|Ice Shard|p2a: Tapu Bulu
|-supereffective|p2a: Tapu Bulu
|-damage|p2a: Tapu Bulu|20/100
|move|p2a: Tapu Bulu|Horn Leech|p1a: Weavile
|-crit|p1a: Weavile
|-damage|p1a: Weavile|0 fnt
|-heal|p2a: Tapu Bulu|22/100|[from] drain|[of] p1a: Weavile
|faint|p1a: Weavile
|
|win|wax rig
|raw|Spectre Ace's rating: 1775 &rarr; <strong>1754</strong><br />(-21 for losing)
|raw|wax rig's rating: 1755 &rarr; <strong>1776</strong><br />(+21 for winning)
|l|☆Spectre Ace
||Ladder isn't responding, score probably updated but might not have (Request timeout).
