|raw|<div class="broadcast-blue"><strong>This battle is required to be public due to a player having a name starting with 'lt94je'.</div>
|j|☆cute pink team
|j|☆LT94JenPlsComeBack
|t:|1661094536
|gametype|singles
|player|p1|cute pink team|misty-gen1|1895
|player|p2|LT94JenPlsComeBack|korrina-masters|1835
|teamsize|p1|6
|teamsize|p2|6
|gen|8
|tier|[Gen 8] OU
|rated|
|rule|Sleep Clause Mod: Limit one foe put to sleep
|rule|Species Clause: Limit one of each Pokémon
|rule|OHKO Clause: OHKO moves are banned
|rule|Evasion Items Clause: Evasion items are banned
|rule|Evasion Moves Clause: Evasion moves are banned
|rule|Endless Battle Clause: Forcing endless battles is banned
|rule|HP Percentage Mod: HP is shown in percentages
|rule|Dynamax Clause: You cannot dynamax
|clearpoke
|poke|p1|Tyranitar, M|
|poke|p1|Corviknight, F|
|poke|p1|Volcanion|
|poke|p1|Zapdos|
|poke|p1|Dragapult, M|
|poke|p1|Quagsire, M|
|poke|p2|Pelipper, F|
|poke|p2|Barraskewda, M|
|poke|p2|Regieleki|
|poke|p2|Tapu Lele|
|poke|p2|Landorus-Therian, M|
|poke|p2|Ferrothorn, M|
|teampreview
|j| Bullsharkrr
|
|t:|1661094552
|start
|switch|p1a: Dragapult|Dragapult, M|100/100
|switch|p2a: Landorus|Landorus-Therian, M|100/100
|-ability|p2a: Landorus|Intimidate|boost
|-unboost|p1a: Dragapult|atk|1
|turn|1
|j| havefun507
|
|t:|1661094561
|move|p1a: Dragapult|Hydro Pump|p2a: Landorus
|-supereffective|p2a: Landorus
|-damage|p2a: Landorus|21/100
|move|p2a: Landorus|Stealth Rock|p1a: Dragapult
|-sidestart|p1: cute pink team|move: Stealth Rock
|
|-heal|p2a: Landorus|27/100|[from] item: Leftovers
|upkeep
|turn|2
|
|t:|1661094564
|switch|p1a: Corviknight|Corviknight, F|100/100
|-damage|p1a: Corviknight|88/100|[from] Stealth Rock
|-ability|p1a: Corviknight|Pressure
|switch|p2a: Ferrothorn|Ferrothorn, M|100/100
|
|-heal|p1a: Corviknight|94/100|[from] item: Leftovers
|upkeep
|turn|3
|
|t:|1661094568
|move|p1a: Corviknight|Defog|p2a: Ferrothorn
|-unboost|p2a: Ferrothorn|evasion|1
|-sideend|p1: cute pink team|Stealth Rock|[from] move: Defog|[of] p1a: Corviknight
|move|p2a: Ferrothorn|Knock Off|p1a: Corviknight
|-damage|p1a: Corviknight|76/100
|-enditem|p1a: Corviknight|Leftovers|[from] move: Knock Off|[of] p2a: Ferrothorn
|
|upkeep
|turn|4
|j| lt94je ACII
|
|t:|1661094574
|move|p1a: Corviknight|Roost|p1a: Corviknight
|-heal|p1a: Corviknight|100/100
|-singleturn|p1a: Corviknight|move: Roost
|move|p2a: Ferrothorn|Spikes|p1a: Corviknight
|-sidestart|p1: cute pink team|Spikes
|
|upkeep
|turn|5
|
|t:|1661094577
|move|p1a: Corviknight|Defog|p2a: Ferrothorn
|-unboost|p2a: Ferrothorn|evasion|1
|-sideend|p1: cute pink team|Spikes|[from] move: Defog|[of] p1a: Corviknight
|move|p2a: Ferrothorn|Leech Seed|p1a: Corviknight
|-start|p1a: Corviknight|move: Leech Seed
|
|-damage|p1a: Corviknight|88/100|[from] Leech Seed|[of] p2a: Ferrothorn
|upkeep
|turn|6
|
|t:|1661094579
|move|p1a: Corviknight|U-turn|p2a: Ferrothorn
|-damage|p2a: Ferrothorn|89/100
|-damage|p1a: Corviknight|75/100|[from] ability: Iron Barbs|[of] p2a: Ferrothorn
|j| ProXXDev
|
|t:|1661094581
|switch|p1a: Zapdos|Zapdos|100/100|[from]move: U-turn
|move|p2a: Ferrothorn|Spikes|p1a: Zapdos
|-sidestart|p1: cute pink team|Spikes
|
|-heal|p2a: Ferrothorn|96/100|[from] item: Leftovers
|upkeep
|turn|7
|l| ProXXDev
|
|t:|1661094586
|switch|p2a: Regieleki|Regieleki|100/100
|move|p1a: Zapdos|Hurricane|p2a: Regieleki|[miss]
|-miss|p1a: Zapdos|p2a: Regieleki
|
|upkeep
|turn|8
|j| LT94JE dort
|
|t:|1661094590
|move|p2a: Regieleki|Volt Switch|p1a: Zapdos
|-damage|p1a: Zapdos|44/100
|
|t:|1661094593
|switch|p2a: Landorus|Landorus-Therian, M|27/100|[from]move: Volt Switch
|-ability|p2a: Landorus|Intimidate|boost
|-unboost|p1a: Zapdos|atk|1
|move|p1a: Zapdos|Hurricane|p2a: Landorus
|-damage|p2a: Landorus|0 fnt
|faint|p2a: Landorus
|
|upkeep
|
|t:|1661094600
|switch|p2a: Regieleki|Regieleki|100/100
|turn|9
|
|t:|1661094602
|switch|p1a: Quagsire|Quagsire, M|100/100
|-damage|p1a: Quagsire|88/100|[from] Spikes
|move|p2a: Regieleki|Electro Ball|p1a: Quagsire
|-immune|p1a: Quagsire
|
|-heal|p1a: Quagsire|94/100|[from] item: Leftovers
|upkeep
|turn|10
|
|t:|1661094606
|switch|p2a: Pelipper|Pelipper, F|100/100
|-weather|RainDance|[from] ability: Drizzle|[of] p2a: Pelipper
|move|p1a: Quagsire|Toxic|p2a: Pelipper
|-status|p2a: Pelipper|tox
|
|-weather|RainDance|[upkeep]
|-heal|p1a: Quagsire|99/100|[from] item: Leftovers
|-damage|p2a: Pelipper|94/100 tox|[from] psn
|upkeep
|turn|11
|
|t:|1661094608
|switch|p1a: Corviknight|Corviknight, F|75/100
|-ability|p1a: Corviknight|Pressure
|move|p2a: Pelipper|Hurricane|p1a: Corviknight
|-resisted|p1a: Corviknight
|-damage|p1a: Corviknight|48/100
|
|-weather|RainDance|[upkeep]
|-damage|p2a: Pelipper|82/100 tox|[from] psn
|upkeep
|turn|12
|
|t:|1661094614
|switch|p2a: Barraskewda|Barraskewda, M|100/100
|move|p1a: Corviknight|Roost|p1a: Corviknight
|-heal|p1a: Corviknight|98/100
|-singleturn|p1a: Corviknight|move: Roost
|
|-weather|RainDance|[upkeep]
|upkeep
|turn|13
|
|t:|1661094617
|move|p2a: Barraskewda|Liquidation|p1a: Corviknight
|-damage|p1a: Corviknight|11/100
|move|p1a: Corviknight|Roost|p1a: Corviknight
|-heal|p1a: Corviknight|61/100
|-singleturn|p1a: Corviknight|move: Roost
|
|-weather|RainDance|[upkeep]
|upkeep
|turn|14
|
|t:|1661094623
|move|p2a: Barraskewda|Liquidation|p1a: Corviknight
|-damage|p1a: Corviknight|0 fnt
|faint|p1a: Corviknight
|
|-weather|none
|upkeep
|
|t:|1661094625
|switch|p1a: Volcanion|Volcanion|100/100
|-damage|p1a: Volcanion|88/100|[from] Spikes
|turn|15
|
|t:|1661094632
|switch|p2a: Ferrothorn|Ferrothorn, M|96/100
|move|p1a: Volcanion|Overheat|p2a: Ferrothorn
|-supereffective|p2a: Ferrothorn
|-damage|p2a: Ferrothorn|0 fnt
|-unboost|p1a: Volcanion|spa|2
|faint|p2a: Ferrothorn
|
|upkeep
|
|t:|1661094635
|switch|p2a: Tapu Lele|Tapu Lele|100/100
|-fieldstart|move: Psychic Terrain|[from] ability: Psychic Surge|[of] p2a: Tapu Lele
|turn|16
|j| tapu moxo
|
|t:|1661094640
|move|p2a: Tapu Lele|Moonblast|p1a: Volcanion
|-resisted|p1a: Volcanion
|-damage|p1a: Volcanion|52/100
|move|p1a: Volcanion|Overheat|p2a: Tapu Lele
|-damage|p2a: Tapu Lele|37/100
|-unboost|p1a: Volcanion|spa|2
|
|upkeep
|turn|17
|l| lt94je ACII
|
|t:|1661094676
|switch|p2a: Pelipper|Pelipper, F|82/100 tox
|-weather|RainDance|[from] ability: Drizzle|[of] p2a: Pelipper
|switch|p1a: Zapdos|Zapdos|44/100
|
|-weather|RainDance|[upkeep]
|-damage|p2a: Pelipper|76/100 tox|[from] psn
|upkeep
|turn|18
|j| cypherstest
|l| LT94JE dort
|
|t:|1661094684
|switch|p2a: Regieleki|Regieleki|100/100
|move|p1a: Zapdos|Volt Switch|p2a: Regieleki
|-resisted|p2a: Regieleki
|-damage|p2a: Regieleki|51/100
|j| michael13412
|
|t:|1661094686
|switch|p1a: Tyranitar|Tyranitar, M|100/100|[from]move: Volt Switch
|-damage|p1a: Tyranitar|88/100|[from] Spikes
|-weather|Sandstorm|[from] ability: Sand Stream|[of] p1a: Tyranitar
|
|-weather|Sandstorm|[upkeep]
|-damage|p2a: Regieleki|45/100|[from] Sandstorm
|upkeep
|turn|19
|j| PuchuSmash
|
|t:|1661094712
|move|p2a: Regieleki|Electro Ball|p1a: Tyranitar
|-damage|p1a: Tyranitar|54/100
|move|p1a: Tyranitar|Crunch|p2a: Regieleki
|-damage|p2a: Regieleki|0 fnt
|faint|p2a: Regieleki
|
|-weather|Sandstorm|[upkeep]
|upkeep
|
|t:|1661094721
|switch|p2a: Pelipper|Pelipper, F|76/100 tox
|-weather|RainDance|[from] ability: Drizzle|[of] p2a: Pelipper
|turn|20
|
|t:|1661094729
|move|p2a: Pelipper|Hurricane|p1a: Tyranitar
|-resisted|p1a: Tyranitar
|-damage|p1a: Tyranitar|18/100
|move|p1a: Tyranitar|Crunch|p2a: Pelipper
|-damage|p2a: Pelipper|0 fnt
|faint|p2a: Pelipper
|
|-weather|RainDance|[upkeep]
|-fieldend|move: Psychic Terrain
|upkeep
|
|t:|1661094733
|switch|p2a: Tapu Lele|Tapu Lele|37/100
|-fieldstart|move: Psychic Terrain|[from] ability: Psychic Surge|[of] p2a: Tapu Lele
|turn|21
|
|t:|1661094742
|switch|p1a: Zapdos|Zapdos|44/100
|move|p2a: Tapu Lele|Moonblast|p1a: Zapdos
|-damage|p1a: Zapdos|0 fnt
|faint|p1a: Zapdos
|
|-weather|RainDance|[upkeep]
|upkeep
|j| lt94je ACII
|
|t:|1661094755
|switch|p1a: Tyranitar|Tyranitar, M|18/100
|-damage|p1a: Tyranitar|5/100|[from] Spikes
|-weather|Sandstorm|[from] ability: Sand Stream|[of] p1a: Tyranitar
|turn|22
|
|t:|1661094758
|move|p2a: Tapu Lele|Moonblast|p1a: Tyranitar
|-supereffective|p1a: Tyranitar
|-damage|p1a: Tyranitar|0 fnt
|faint|p1a: Tyranitar
|
|-weather|Sandstorm|[upkeep]
|-damage|p2a: Tapu Lele|31/100|[from] Sandstorm
|upkeep
|
|t:|1661094762
|switch|p1a: Volcanion|Volcanion|52/100
|-damage|p1a: Volcanion|40/100|[from] Spikes
|turn|23
|
|t:|1661094765
|move|p2a: Tapu Lele|Moonblast|p1a: Volcanion
|-resisted|p1a: Volcanion
|-damage|p1a: Volcanion|5/100
|move|p1a: Volcanion|Steam Eruption|p2a: Tapu Lele
|-damage|p2a: Tapu Lele|0 fnt
|faint|p2a: Tapu Lele
|
|-weather|Sandstorm|[upkeep]
|-damage|p1a: Volcanion|0 fnt|[from] Sandstorm
|faint|p1a: Volcanion
|upkeep
|-message|LT94JenPlsComeBack forfeited.
|
|win|cute pink team
|raw|cute pink team's rating: 1895 &rarr; <strong>1912</strong><br />(+17 for winning)
|raw|LT94JenPlsComeBack's rating: 1835 &rarr; <strong>1818</strong><br />(-17 for losing)
|l|☆LT94JenPlsComeBack
|j| just nimmemja
|l| havefun507
|l| just nimmemja
|l| michael13412
|l| PuchuSmash
|l| Bullsharkrr
||Ladder isn't responding, score probably updated but might not have (Request timeout).
