|j|☆BIG DEE ENERGY
|j|☆yung_iznamakin
|t:|1663538357
|gametype|singles
|player|p1|BIG DEE ENERGY|cyclist|1633
|player|p2|yung_iznamakin|chase|1661
|teamsize|p1|6
|teamsize|p2|6
|gen|8
|tier|[Gen 8] OU
|rated|
|rule|Sleep Clause Mod: Limit one foe put to sleep
|rule|Species Clause: Limit one of each Pokémon
|rule|OHKO Clause: OHKO moves are banned
|rule|Evasion Items Clause: Evasion items are banned
|rule|Evasion Moves Clause: Evasion moves are banned
|rule|Endless Battle Clause: Forcing endless battles is banned
|rule|HP Percentage Mod: HP is shown in percentages
|rule|Dynamax Clause: You cannot dynamax
|clearpoke
|poke|p1|Kommo-o, M|
|poke|p1|Latios, M|
|poke|p1|Blaziken, M|
|poke|p1|Weavile, M|
|poke|p1|Tapu Koko|
|poke|p1|Mew|
|poke|p2|Ferrothorn, F|
|poke|p2|Rotom-Wash|
|poke|p2|Tyranitar, M|
|poke|p2|Excadrill, M|
|poke|p2|Clefable, F|
|poke|p2|Dragapult, M|
|teampreview
|inactive|Battle timer is ON: inactive players will automatically lose when time's up. (requested by BIG DEE ENERGY)
|
|t:|1663538384
|start
|switch|p1a: Mew|Mew|100/100
|switch|p2a: Clefable|Clefable, F|100/100
|turn|1
|
|t:|1663538388
|move|p1a: Mew|Taunt|p2a: Clefable
|-start|p2a: Clefable|move: Taunt
|move|p2a: Clefable|Knock Off|p1a: Mew
|-supereffective|p1a: Mew
|-damage|p1a: Mew|77/100
|-enditem|p1a: Mew|Red Card|[from] move: Knock Off|[of] p2a: Clefable
|
|upkeep
|turn|2
|
|t:|1663538394
|move|p1a: Mew|Stealth Rock|p2a: Clefable
|-sidestart|p2: yung_iznamakin|move: Stealth Rock
|move|p2a: Clefable|Moonblast|p1a: Mew
|-damage|p1a: Mew|52/100
|
|upkeep
|turn|3
|
|t:|1663538399
|move|p1a: Mew|Spikes|p2a: Clefable
|-sidestart|p2: yung_iznamakin|Spikes
|move|p2a: Clefable|Moonblast|p1a: Mew
|-damage|p1a: Mew|25/100
|
|-end|p2a: Clefable|move: Taunt
|upkeep
|turn|4
|
|t:|1663538407
|move|p1a: Mew|Explosion|p2a: Clefable
|-damage|p2a: Clefable|59/100
|faint|p1a: Mew
|move|p2a: Clefable|Moonblast|p1: Mew|[notarget]
|-fail|p2a: Clefable
|
|upkeep
|
|t:|1663538417
|switch|p1a: Blaziken|Blaziken, M|100/100
|turn|5
|
|t:|1663538421
|switch|p2a: Rotom|Rotom-Wash|100/100
|-damage|p2a: Rotom|88/100|[from] Stealth Rock
|move|p1a: Blaziken|Swords Dance|p1a: Blaziken
|-boost|p1a: Blaziken|atk|2
|
|-heal|p2a: Rotom|94/100|[from] item: Leftovers
|-ability|p1a: Blaziken|Speed Boost|boost
|-boost|p1a: Blaziken|spe|1
|upkeep
|turn|6
|
|t:|1663538427
|move|p1a: Blaziken|Close Combat|p2a: Rotom
|-damage|p2a: Rotom|0 fnt
|-unboost|p1a: Blaziken|def|1
|-unboost|p1a: Blaziken|spd|1
|faint|p2a: Rotom
|-damage|p1a: Blaziken|91/100|[from] item: Life Orb
|
|-ability|p1a: Blaziken|Speed Boost|boost
|-boost|p1a: Blaziken|spe|1
|upkeep
|-message|yung_iznamakin forfeited.
|
|win|BIG DEE ENERGY
|raw|BIG DEE ENERGY's rating: 1633 &rarr; <strong>1655</strong><br />(+22 for winning)
|raw|yung_iznamakin's rating: 1661 &rarr; <strong>1639</strong><br />(-22 for losing)
|l|☆yung_iznamakin
