|j|☆Saimasseuh
|j|☆LolzMachine
|t:|1611157960
|player|p1|Saimasseuh|102|1757
|player|p2|LolzMachine|294|1747
|teamsize|p1|6
|teamsize|p2|6
|gametype|singles
|gen|8
|tier|[Gen 8] OU
|rated|
|clearpoke
|poke|p1|Landorus-Therian, M|
|poke|p1|Ferrothorn, F|
|poke|p1|Heatran, M|
|poke|p1|Toxapex, F|
|poke|p1|Cinderace, F|
|poke|p1|Spectrier|
|poke|p2|Blaziken, F|
|poke|p2|Garchomp, F|
|poke|p2|Salamence, M|
|poke|p2|Melmetal|
|poke|p2|Zarude|
|poke|p2|Regieleki|
|rule|Sleep Clause Mod: Limit one foe put to sleep
|rule|Species Clause: Limit one of each Pokémon
|rule|OHKO Clause: OHKO moves are banned
|rule|Evasion Moves Clause: Evasion moves are banned
|rule|Endless Battle Clause: Forcing endless battles is banned
|rule|HP Percentage Mod: HP is shown in percentages
|rule|Dynamax Clause: You cannot dynamax
|teampreview
|j| I'M AT MY LIMIT!
|inactive|Battle timer is ON: inactive players will automatically lose when time's up. (requested by LolzMachine)
|j| My Hommies Mistyyy
|
|t:|1611157987
|start
|switch|p1a: Landorus|Landorus-Therian, M|100/100
|switch|p2a: Salamence|Salamence, M|100/100
|-ability|p2a: Salamence|Intimidate|boost
|-unboost|p1a: Landorus|atk|1
|-ability|p1a: Landorus|Intimidate|boost
|-unboost|p2a: Salamence|atk|1
|turn|1
|
|t:|1611157990
|move|p2a: Salamence|Hurricane|p1a: Landorus
|-crit|p1a: Landorus
|-damage|p1a: Landorus|0 fnt
|-damage|p2a: Salamence|91/100|[from] item: Life Orb
|faint|p1a: Landorus
|
|upkeep
|
|t:|1611158002
|switch|p1a: Heatran|Heatran, M|100/100
|-item|p1a: Heatran|Air Balloon
|turn|2
|
|t:|1611158006
|move|p2a: Salamence|Hurricane|p1a: Heatran
|-resisted|p1a: Heatran
|-damage|p1a: Heatran|80/100
|-start|p1a: Heatran|confusion
|-enditem|p1a: Heatran|Air Balloon
|-damage|p2a: Salamence|81/100|[from] item: Life Orb
|-activate|p1a: Heatran|confusion
|move|p1a: Heatran|Toxic|p2a: Salamence
|-status|p2a: Salamence|tox
|
|-damage|p2a: Salamence|75/100 tox|[from] psn
|upkeep
|turn|3
|j| AwesomeAdams
|
|t:|1611158016
|switch|p1a: Ferrothorn|Ferrothorn, F|100/100
|move|p2a: Salamence|Earthquake|p1a: Ferrothorn
|-damage|p1a: Ferrothorn|85/100
|-damage|p2a: Salamence|65/100 tox|[from] item: Life Orb
|
|-heal|p1a: Ferrothorn|91/100|[from] item: Leftovers
|-damage|p2a: Salamence|52/100 tox|[from] psn
|upkeep
|turn|4
|
|t:|1611158023
|switch|p1a: Heatran|Heatran, M|80/100
|move|p2a: Salamence|Earthquake|p1a: Heatran
|-supereffective|p1a: Heatran
|-damage|p1a: Heatran|0 fnt
|-damage|p2a: Salamence|42/100 tox|[from] item: Life Orb
|faint|p1a: Heatran
|
|-damage|p2a: Salamence|24/100 tox|[from] psn
|upkeep
|
|t:|1611158032
|switch|p1a: Spectrier|Spectrier|100/100
|turn|5
|
|t:|1611158035
|switch|p2a: Zarude|Zarude|100/100
|move|p1a: Spectrier|Shadow Ball|p2a: Zarude
|-resisted|p2a: Zarude
|-damage|p2a: Zarude|83/100
|
|-heal|p2a: Zarude|89/100|[from] item: Leftovers
|upkeep
|turn|6
|c| I'M AT MY LIMIT!|Salamence for the win
|
|t:|1611158041
|switch|p1a: Cinderace|Cinderace, F|100/100
|switch|p2a: Salamence|Salamence, M|24/100 tox
|-ability|p2a: Salamence|Intimidate|boost
|-unboost|p1a: Cinderace|atk|1
|
|-damage|p2a: Salamence|18/100 tox|[from] psn
|upkeep
|turn|7
|
|t:|1611158047
|switch|p2a: Garchomp|Garchomp, F|100/100
|move|p1a: Cinderace|High Jump Kick|p2a: Garchomp
|-start|p1a: Cinderace|typechange|Fighting|[from] ability: Libero
|-damage|p2a: Garchomp|64/100
|-damage|p1a: Cinderace|88/100|[from] ability: Rough Skin|[of] p2a: Garchomp
|-damage|p1a: Cinderace|72/100|[from] item: Rocky Helmet|[of] p2a: Garchomp
|
|upkeep
|turn|8
|
|t:|1611158054
|switch|p1a: Ferrothorn|Ferrothorn, F|91/100
|move|p2a: Garchomp|Earthquake|p1a: Ferrothorn
|-damage|p1a: Ferrothorn|65/100
|
|-heal|p1a: Ferrothorn|71/100|[from] item: Leftovers
|upkeep
|turn|9
|
|t:|1611158058
|move|p2a: Garchomp|Fire Blast|p1a: Ferrothorn|[miss]
|-miss|p2a: Garchomp|p1a: Ferrothorn
|move|p1a: Ferrothorn|Knock Off|p2a: Garchomp
|-damage|p2a: Garchomp|45/100
|-damage|p1a: Ferrothorn|59/100|[from] ability: Rough Skin|[of] p2a: Garchomp
|-damage|p1a: Ferrothorn|42/100|[from] item: Rocky Helmet|[of] p2a: Garchomp
|-enditem|p2a: Garchomp|Rocky Helmet|[from] move: Knock Off|[of] p1a: Ferrothorn
|
|-heal|p1a: Ferrothorn|49/100|[from] item: Leftovers
|upkeep
|turn|10
|
|t:|1611158065
|move|p2a: Garchomp|Stealth Rock|p1a: Ferrothorn
|-sidestart|p1: Saimasseuh|move: Stealth Rock
|move|p1a: Ferrothorn|Leech Seed|p2a: Garchomp
|-start|p2a: Garchomp|move: Leech Seed
|
|-heal|p1a: Ferrothorn|55/100|[from] item: Leftovers
|-damage|p2a: Garchomp|32/100|[from] Leech Seed|[of] p1a: Ferrothorn
|-heal|p1a: Ferrothorn|70/100|[silent]
|upkeep
|turn|11
|
|t:|1611158070
|switch|p2a: Salamence|Salamence, M|18/100 tox
|-ability|p2a: Salamence|Intimidate|boost
|-unboost|p1a: Ferrothorn|atk|1
|move|p1a: Ferrothorn|Protect||[still]
|-fail|p1a: Ferrothorn
|
|-heal|p1a: Ferrothorn|76/100|[from] item: Leftovers
|-damage|p2a: Salamence|12/100 tox|[from] psn
|upkeep
|turn|12
|
|t:|1611158078
|move|p2a: Salamence|Fire Blast|p1a: Ferrothorn
|-supereffective|p1a: Ferrothorn
|-damage|p1a: Ferrothorn|0 fnt
|-damage|p2a: Salamence|2/100 tox|[from] item: Life Orb
|faint|p1a: Ferrothorn
|
|-damage|p2a: Salamence|0 fnt|[from] psn
|faint|p2a: Salamence
|upkeep
|
|t:|1611158082
|switch|p2a: Regieleki|Regieleki|100/100
|switch|p1a: Cinderace|Cinderace, F|72/100
|turn|13
|j| xImWorthy
|l| I'M AT MY LIMIT!
|
|t:|1611158100
|move|p1a: Cinderace|Sucker Punch|p2a: Regieleki
|-start|p1a: Cinderace|typechange|Dark|[from] ability: Libero
|-damage|p2a: Regieleki|33/100
|move|p2a: Regieleki|Volt Switch|p1a: Cinderace
|-damage|p1a: Cinderace|0 fnt
|faint|p1a: Cinderace
|-message|Saimasseuh forfeited.
|
|win|LolzMachine
|l|☆Saimasseuh
||Ladder (probably) updated, but score could not be retrieved (Request timeout).
|l| xImWorthy
