|j|☆critlord14
|j|☆Pok et glace
|inactive|Battle timer is ON: inactive players will automatically lose when time's up.
|t:|1662857742
|gametype|singles
|player|p1|critlord14|red|
|player|p2|Pok et glace|cynthia-masters|
|teamsize|p1|6
|teamsize|p2|6
|gen|8
|tier|[Gen 8] OU
|rated|Tournament battle
|rule|Sleep Clause Mod: Limit one foe put to sleep
|rule|Species Clause: Limit one of each Pokémon
|rule|OHKO Clause: OHKO moves are banned
|rule|Evasion Items Clause: Evasion items are banned
|rule|Evasion Moves Clause: Evasion moves are banned
|rule|Endless Battle Clause: Forcing endless battles is banned
|rule|HP Percentage Mod: HP is shown in percentages
|rule|Dynamax Clause: You cannot dynamax
|clearpoke
|poke|p1|Meowstic, M|
|poke|p1|Salazzle, F|
|poke|p1|Chandelure, M|
|poke|p1|Primarina, F|
|poke|p1|Tapu Koko|
|poke|p1|Abomasnow, F|
|poke|p2|Tapu Koko|
|poke|p2|Abomasnow, F|
|poke|p2|Chandelure, M|
|poke|p2|Salazzle, F|
|poke|p2|Primarina, M|
|poke|p2|Meowstic, M|
|teampreview
|j|*Lady Monita
|c|☆Pok et glace|hf
|j| MichaelDestroyedU
|c|☆critlord14|gl
|
|t:|1662857767
|start
|switch|p1a: Meowstic|Meowstic, M|100/100
|switch|p2a: Tapu Koko|Tapu Koko|100/100
|-fieldstart|move: Electric Terrain|[from] ability: Electric Surge|[of] p2a: Tapu Koko
|turn|1
|j| Enalios Davi
|
|t:|1662857780
|move|p1a: Meowstic|Light Screen|p1a: Meowstic
|-sidestart|p1: critlord14|move: Light Screen
|move|p2a: Tapu Koko|Toxic|p1a: Meowstic
|-status|p1a: Meowstic|tox
|
|-damage|p1a: Meowstic|95/100 tox|[from] psn
|upkeep
|turn|2
|j| tomas1982
|j| PULT4V4 MultiPoke
|j| iityphlosion
|j| W0lfThecraizy
|l| Enalios Davi
|inactive|critlord14 has 120 seconds left.
|l| MichaelDestroyedU
|
|t:|1662857818
|move|p1a: Meowstic|Reflect|p1a: Meowstic
|-sidestart|p1: critlord14|Reflect
|move|p2a: Tapu Koko|Wild Charge|p1a: Meowstic
|-damage|p1a: Meowstic|55/100 tox
|-damage|p2a: Tapu Koko|88/100|[from] Recoil
|
|-damage|p1a: Meowstic|43/100 tox|[from] psn
|upkeep
|turn|3
|j| 360kun
|
|t:|1662857824
|move|p2a: Tapu Koko|U-turn|p1a: Meowstic
|-supereffective|p1a: Meowstic
|-damage|p1a: Meowstic|16/100 tox
|
|t:|1662857828
|switch|p2a: Meowstic|Meowstic, M|100/100|[from]move: U-turn
|move|p1a: Meowstic|Psychic|p2a: Meowstic
|-resisted|p2a: Meowstic
|-damage|p2a: Meowstic|89/100
|
|-damage|p1a: Meowstic|0 fnt|[from] psn
|faint|p1a: Meowstic
|upkeep
|
|t:|1662857838
|switch|p1a: Chandelure|Chandelure, M|100/100
|turn|4
|
|t:|1662857842
|move|p2a: Meowstic|Thunder Wave|p1a: Chandelure
|-status|p1a: Chandelure|par
|move|p1a: Chandelure|Shadow Ball|p2a: Meowstic
|-supereffective|p2a: Meowstic
|-enditem|p2a: Meowstic|Kasib Berry|[eat]
|-enditem|p2a: Meowstic|Kasib Berry|[weaken]
|-damage|p2a: Meowstic|53/100
|
|upkeep
|turn|5
|j| Xydz
|l| Xydz
|
|t:|1662857855
|switch|p2a: Primarina|Primarina, M|100/100
|move|p1a: Chandelure|Shadow Ball|p2a: Primarina
|-damage|p2a: Primarina|71/100
|
|-heal|p2a: Primarina|77/100|[from] item: Leftovers
|-fieldend|move: Electric Terrain
|upkeep
|turn|6
|l| 360kun
|
|t:|1662857863
|cant|p1a: Chandelure|par
|move|p2a: Primarina|Scald|p1a: Chandelure
|-supereffective|p1a: Chandelure
|-damage|p1a: Chandelure|51/100 par
|
|-heal|p2a: Primarina|83/100|[from] item: Leftovers
|upkeep
|turn|7
|
|t:|1662857868
|move|p1a: Chandelure|Shadow Ball|p2a: Primarina
|-damage|p2a: Primarina|58/100
|move|p2a: Primarina|Calm Mind|p2a: Primarina
|-boost|p2a: Primarina|spa|1
|-boost|p2a: Primarina|spd|1
|
|-heal|p2a: Primarina|64/100|[from] item: Leftovers
|upkeep
|turn|8
|
|t:|1662857872
|move|p1a: Chandelure|Shadow Ball|p2a: Primarina
|-damage|p2a: Primarina|45/100
|move|p2a: Primarina|Scald|p1a: Chandelure
|-supereffective|p1a: Chandelure
|-damage|p1a: Chandelure|0 fnt
|faint|p1a: Chandelure
|
|-heal|p2a: Primarina|51/100|[from] item: Leftovers
|-sideend|p1: critlord14|move: Light Screen
|upkeep
|
|t:|1662857881
|switch|p1a: Tapu Koko|Tapu Koko|100/100
|-fieldstart|move: Electric Terrain|[from] ability: Electric Surge|[of] p1a: Tapu Koko
|turn|9
|
|t:|1662857886
|switch|p2a: Abomasnow|Abomasnow, F|100/100
|-weather|Hail|[from] ability: Snow Warning|[of] p2a: Abomasnow
|move|p1a: Tapu Koko|Agility|p1a: Tapu Koko
|-boost|p1a: Tapu Koko|spe|2
|
|-weather|Hail|[upkeep]
|-damage|p1a: Tapu Koko|94/100|[from] Hail
|-sideend|p1: critlord14|Reflect
|upkeep
|turn|10
|
|t:|1662857898
|move|p1a: Tapu Koko|Electro Ball|p2a: Abomasnow
|-resisted|p2a: Abomasnow
|-damage|p2a: Abomasnow|68/100
|move|p2a: Abomasnow|Leech Seed|p1a: Tapu Koko
|-start|p1a: Tapu Koko|move: Leech Seed
|
|-weather|Hail|[upkeep]
|-damage|p1a: Tapu Koko|88/100|[from] Hail
|-damage|p1a: Tapu Koko|76/100|[from] Leech Seed|[of] p2a: Abomasnow
|-heal|p2a: Abomasnow|77/100|[silent]
|upkeep
|turn|11
|
|t:|1662857905
|move|p1a: Tapu Koko|Agility|p1a: Tapu Koko
|-boost|p1a: Tapu Koko|spe|2
|move|p2a: Abomasnow|Earthquake|p1a: Tapu Koko
|-supereffective|p1a: Tapu Koko
|-damage|p1a: Tapu Koko|12/100
|
|-weather|Hail|[upkeep]
|-damage|p1a: Tapu Koko|6/100|[from] Hail
|-damage|p1a: Tapu Koko|0 fnt|[from] Leech Seed|[of] p2a: Abomasnow
|-heal|p2a: Abomasnow|81/100|[silent]
|faint|p1a: Tapu Koko
|upkeep
|
|t:|1662857914
|switch|p1a: Salazzle|Salazzle, F|100/100
|turn|12
|
|t:|1662857918
|move|p1a: Salazzle|Fire Blast|p2a: Abomasnow
|-supereffective|p2a: Abomasnow
|-enditem|p2a: Abomasnow|Occa Berry|[eat]
|-enditem|p2a: Abomasnow|Occa Berry|[weaken]
|-damage|p2a: Abomasnow|4/100
|move|p2a: Abomasnow|Earthquake|p1a: Salazzle
|-supereffective|p1a: Salazzle
|-damage|p1a: Salazzle|0 fnt
|faint|p1a: Salazzle
|
|-weather|Hail|[upkeep]
|upkeep
|
|t:|1662857923
|switch|p1a: Abomasnow|Abomasnow, F|100/100
|turn|13
|
|t:|1662857929
|move|p1a: Abomasnow|Ice Shard|p2a: Abomasnow
|-damage|p2a: Abomasnow|0 fnt
|faint|p2a: Abomasnow
|
|-weather|none
|-fieldend|move: Electric Terrain
|upkeep
|
|t:|1662857935
|switch|p2a: Tapu Koko|Tapu Koko|88/100
|-fieldstart|move: Electric Terrain|[from] ability: Electric Surge|[of] p2a: Tapu Koko
|turn|14
|
|t:|1662857939
|move|p2a: Tapu Koko|U-turn|p1a: Abomasnow
|-supereffective|p1a: Abomasnow
|-damage|p1a: Abomasnow|47/100
|
|t:|1662857945
|switch|p2a: Primarina|Primarina, M|51/100|[from]move: U-turn
|move|p1a: Abomasnow|Earthquake|p2a: Primarina
|-damage|p2a: Primarina|15/100
|
|-heal|p2a: Primarina|21/100|[from] item: Leftovers
|upkeep
|turn|15
|
|t:|1662857952
|move|p2a: Primarina|Draining Kiss|p1a: Abomasnow
|-damage|p1a: Abomasnow|24/100
|-heal|p2a: Primarina|39/100|[from] drain|[of] p1a: Abomasnow
|move|p1a: Abomasnow|Wood Hammer|p2a: Primarina
|-supereffective|p2a: Primarina
|-damage|p2a: Primarina|0 fnt
|faint|p2a: Primarina
|-damage|p1a: Abomasnow|12/100|[from] Recoil
|
|upkeep
|
|t:|1662857956
|switch|p2a: Salazzle|Salazzle, F|100/100
|turn|16
|
|t:|1662857968
|move|p1a: Abomasnow|Ice Shard|p2a: Salazzle
|-resisted|p2a: Salazzle
|-damage|p2a: Salazzle|86/100
|move|p2a: Salazzle|Sludge Bomb|p1a: Abomasnow
|-supereffective|p1a: Abomasnow
|-damage|p1a: Abomasnow|0 fnt
|faint|p1a: Abomasnow
|
|-heal|p2a: Salazzle|92/100|[from] item: Black Sludge
|upkeep
|
|t:|1662857971
|switch|p1a: Primarina|Primarina, F|100/100
|turn|17
|
|t:|1662857974
|move|p2a: Salazzle|Sludge Bomb|p1a: Primarina
|-supereffective|p1a: Primarina
|-damage|p1a: Primarina|44/100
|move|p1a: Primarina|Hyper Voice|p2a: Salazzle
|-supereffective|p2a: Salazzle
|-damage|p2a: Salazzle|0 fnt
|faint|p2a: Salazzle
|
|-heal|p1a: Primarina|50/100|[from] item: Leftovers
|upkeep
|
|t:|1662857981
|switch|p2a: Tapu Koko|Tapu Koko|88/100
|turn|18
|c|☆critlord14|gg
|c|☆Pok et glace|gg
|
|t:|1662857989
|move|p2a: Tapu Koko|Wild Charge|p1a: Primarina
|-supereffective|p1a: Primarina
|-damage|p1a: Primarina|0 fnt
|faint|p1a: Primarina
|-damage|p2a: Tapu Koko|72/100|[from] Recoil
|
|win|Pok et glace
|n|☆critlord14|critlord14
|n|☆Pok et glace|poketglace
|n|*Lady Monita|ladymonita
|n| tomas1982|tomas1982
|n| PULT4V4 MultiPoke|pult4v4multipoke
|n| iityphlosion|iityphlosion
|n| W0lfThecraizy|w0lfthecraizy
