|j|☆Stimo96
|j|☆Ruizera
|t:|1654122337
|gametype|singles
|player|p1|Stimo96|alder|1316
|player|p2|Ruizera|veteran|1274
|teamsize|p1|6
|teamsize|p2|6
|gen|8
|tier|[Gen 8] OU
|rated|
|rule|Sleep Clause Mod: Limit one foe put to sleep
|rule|Species Clause: Limit one of each Pokémon
|rule|OHKO Clause: OHKO moves are banned
|rule|Evasion Moves Clause: Evasion moves are banned
|rule|Endless Battle Clause: Forcing endless battles is banned
|rule|HP Percentage Mod: HP is shown in percentages
|rule|Dynamax Clause: You cannot dynamax
|clearpoke
|poke|p1|Garchomp, F|
|poke|p1|Ferrothorn, M|
|poke|p1|Heatran, M|
|poke|p1|Zapdos|
|poke|p1|Tapu Fini|
|poke|p1|Weavile, M|
|poke|p2|Heatran, F|
|poke|p2|Landorus-Therian, M|
|poke|p2|Tapu Koko|
|poke|p2|Dragapult, F|
|poke|p2|Tapu Fini|
|poke|p2|Melmetal|
|teampreview
|inactive|Battle timer is ON: inactive players will automatically lose when time's up. (requested by Ruizera)
|inactive|Stimo96 has 120 seconds left.
|
|t:|1654122372
|start
|switch|p1a: Heatran|Heatran, M|100/100
|switch|p2a: Tapu Koko|Tapu Koko|100/100
|-fieldstart|move: Electric Terrain|[from] ability: Electric Surge|[of] p2a: Tapu Koko
|-item|p1a: Heatran|Air Balloon
|turn|1
|
|t:|1654122385
|switch|p1a: Ferrothorn|Ferrothorn, M|100/100
|move|p2a: Tapu Koko|U-turn|p1a: Ferrothorn
|-damage|p1a: Ferrothorn|90/100
|-damage|p2a: Tapu Koko|88/100|[from] ability: Iron Barbs|[of] p1a: Ferrothorn
|
|t:|1654122396
|switch|p2a: Heatran|Heatran, F|100/100|[from]move: U-turn
|
|-heal|p1a: Ferrothorn|97/100|[from] item: Leftovers
|upkeep
|turn|2
|
|t:|1654122403
|switch|p1a: Garchomp|Garchomp, F|100/100
|move|p2a: Heatran|Toxic|p1a: Garchomp
|-status|p1a: Garchomp|tox
|
|-damage|p1a: Garchomp|94/100 tox|[from] psn
|upkeep
|turn|3
|
|t:|1654122417
|switch|p1a: Tapu Fini|Tapu Fini|100/100
|-fieldstart|move: Misty Terrain|[from] ability: Misty Surge|[of] p1a: Tapu Fini
|switch|p2a: Landorus|Landorus-Therian, M|100/100
|-ability|p2a: Landorus|Intimidate|boost
|-unboost|p1a: Tapu Fini|atk|1
|
|upkeep
|turn|4
|
|t:|1654122428
|switch|p2a: Tapu Fini|Tapu Fini|100/100
|move|p1a: Tapu Fini|Nature's Madness|p2a: Tapu Fini|[miss]
|-miss|p1a: Tapu Fini|p2a: Tapu Fini
|
|upkeep
|turn|5
|
|t:|1654122436
|switch|p1a: Ferrothorn|Ferrothorn, M|97/100
|move|p2a: Tapu Fini|Trick|p1a: Ferrothorn
|-activate|p2a: Tapu Fini|move: Trick|[of] p1a: Ferrothorn
|-item|p1a: Ferrothorn|Choice Scarf|[from] move: Trick
|-item|p2a: Tapu Fini|Leftovers|[from] move: Trick
|
|upkeep
|turn|6
|
|t:|1654122451
|switch|p2a: Dragapult|Dragapult, F|100/100
|move|p1a: Ferrothorn|Knock Off|p2a: Dragapult
|-supereffective|p2a: Dragapult
|-damage|p2a: Dragapult|38/100
|-enditem|p2a: Dragapult|Choice Specs|[from] move: Knock Off|[of] p1a: Ferrothorn
|
|upkeep
|turn|7
|
|t:|1654122465
|switch|p1a: Heatran|Heatran, M|100/100
|-item|p1a: Heatran|Air Balloon
|move|p2a: Dragapult|U-turn|p1a: Heatran
|-resisted|p1a: Heatran
|-damage|p1a: Heatran|96/100
|-enditem|p1a: Heatran|Air Balloon
|
|t:|1654122472
|switch|p2a: Landorus|Landorus-Therian, M|100/100|[from]move: U-turn
|-ability|p2a: Landorus|Intimidate|boost
|-unboost|p1a: Heatran|atk|1
|
|-fieldend|Misty Terrain
|upkeep
|turn|8
|
|t:|1654122479
|switch|p1a: Zapdos|Zapdos|100/100
|move|p2a: Landorus|Stealth Rock|p1a: Zapdos
|-sidestart|p1: Stimo96|move: Stealth Rock
|
|upkeep
|turn|9
|
|t:|1654122484
|move|p1a: Zapdos|Defog|p2a: Landorus
|-unboost|p2a: Landorus|evasion|1
|-sideend|p1: Stimo96|Stealth Rock|[from] move: Defog|[of] p1a: Zapdos
|move|p2a: Landorus|Toxic|p1a: Zapdos
|-status|p1a: Zapdos|tox
|
|-damage|p1a: Zapdos|94/100 tox|[from] psn
|upkeep
|turn|10
|
|t:|1654122492
|move|p1a: Zapdos|Hurricane|p2a: Landorus
|-damage|p2a: Landorus|40/100
|move|p2a: Landorus|Stealth Rock|p1a: Zapdos
|-sidestart|p1: Stimo96|move: Stealth Rock
|
|-heal|p2a: Landorus|46/100|[from] item: Leftovers
|-damage|p1a: Zapdos|82/100 tox|[from] psn
|upkeep
|turn|11
|
|t:|1654122510
|switch|p1a: Ferrothorn|Ferrothorn, M|97/100
|-damage|p1a: Ferrothorn|90/100|[from] Stealth Rock
|switch|p2a: Melmetal|Melmetal|100/100
|
|upkeep
|turn|12
|
|t:|1654122523
|switch|p1a: Tapu Fini|Tapu Fini|100/100
|-damage|p1a: Tapu Fini|88/100|[from] Stealth Rock
|-fieldstart|move: Misty Terrain|[from] ability: Misty Surge|[of] p1a: Tapu Fini
|switch|p2a: Landorus|Landorus-Therian, M|46/100
|-ability|p2a: Landorus|Intimidate|boost
|-unboost|p1a: Tapu Fini|atk|1
|
|-heal|p2a: Landorus|52/100|[from] item: Leftovers
|-heal|p1a: Tapu Fini|94/100|[from] item: Leftovers
|upkeep
|turn|13
|
|t:|1654122539
|switch|p2a: Tapu Fini|Tapu Fini|100/100
|move|p1a: Tapu Fini|Moonblast|p2a: Tapu Fini
|-damage|p2a: Tapu Fini|79/100
|
|-heal|p2a: Tapu Fini|85/100|[from] item: Leftovers
|-heal|p1a: Tapu Fini|99/100|[from] item: Leftovers
|upkeep
|turn|14
|
|t:|1654122558
|switch|p1a: Ferrothorn|Ferrothorn, M|90/100
|-damage|p1a: Ferrothorn|84/100|[from] Stealth Rock
|move|p2a: Tapu Fini|Moonblast|p1a: Ferrothorn
|-resisted|p1a: Ferrothorn
|-damage|p1a: Ferrothorn|71/100
|
|-heal|p2a: Tapu Fini|91/100|[from] item: Leftovers
|upkeep
|turn|15
|inactive|Stimo96 has 120 seconds left.
|
|t:|1654122574
|move|p2a: Tapu Fini|Scald|p1a: Ferrothorn
|-resisted|p1a: Ferrothorn
|-damage|p1a: Ferrothorn|61/100
|move|p1a: Ferrothorn|Spikes|p2a: Tapu Fini
|-sidestart|p2: Ruizera|Spikes
|
|-heal|p2a: Tapu Fini|98/100|[from] item: Leftovers
|upkeep
|turn|16
|
|t:|1654122582
|move|p2a: Tapu Fini|Scald|p1a: Ferrothorn
|-resisted|p1a: Ferrothorn
|-damage|p1a: Ferrothorn|50/100
|move|p1a: Ferrothorn|Spikes|p2a: Tapu Fini
|-sidestart|p2: Ruizera|Spikes
|
|-heal|p2a: Tapu Fini|100/100|[from] item: Leftovers
|-fieldend|Misty Terrain
|upkeep
|turn|17
|
|t:|1654122595
|switch|p1a: Zapdos|Zapdos|82/100 tox
|move|p2a: Tapu Fini|Scald|p1a: Zapdos
|-damage|p1a: Zapdos|53/100 tox
|
|-damage|p1a: Zapdos|47/100 tox|[from] psn
|upkeep
|turn|18
|
|t:|1654122602
|switch|p2a: Landorus|Landorus-Therian, M|52/100
|-ability|p2a: Landorus|Intimidate|boost
|-unboost|p1a: Zapdos|atk|1
|move|p1a: Zapdos|Roost|p1a: Zapdos
|-heal|p1a: Zapdos|97/100 tox
|-singleturn|p1a: Zapdos|move: Roost
|
|-heal|p2a: Landorus|58/100|[from] item: Leftovers
|-damage|p1a: Zapdos|84/100 tox|[from] psn
|upkeep
|turn|19
|
|t:|1654122613
|switch|p2a: Melmetal|Melmetal|100/100
|-damage|p2a: Melmetal|84/100|[from] Spikes
|move|p1a: Zapdos|Hurricane|p2a: Melmetal
|-resisted|p2a: Melmetal
|-damage|p2a: Melmetal|70/100
|-start|p2a: Melmetal|confusion
|
|-damage|p1a: Zapdos|66/100 tox|[from] psn
|upkeep
|turn|20
|
|t:|1654122626
|switch|p1a: Ferrothorn|Ferrothorn, M|50/100
|-damage|p1a: Ferrothorn|43/100|[from] Stealth Rock
|-activate|p2a: Melmetal|confusion
|move|p2a: Melmetal|Ice Punch|p1a: Ferrothorn
|-damage|p1a: Ferrothorn|25/100
|-damage|p2a: Melmetal|57/100|[from] ability: Iron Barbs|[of] p1a: Ferrothorn
|
|upkeep
|turn|21
|
|t:|1654122641
|switch|p1a: Weavile|Weavile, M|100/100
|-damage|p1a: Weavile|76/100|[from] Stealth Rock
|-ability|p1a: Weavile|Pressure
|switch|p2a: Tapu Fini|Tapu Fini|100/100
|-damage|p2a: Tapu Fini|84/100|[from] Spikes
|-fieldstart|move: Misty Terrain|[from] ability: Misty Surge|[of] p2a: Tapu Fini
|
|-heal|p2a: Tapu Fini|90/100|[from] item: Leftovers
|upkeep
|turn|22
|
|t:|1654122656
|switch|p1a: Ferrothorn|Ferrothorn, M|25/100
|-damage|p1a: Ferrothorn|18/100|[from] Stealth Rock
|move|p2a: Tapu Fini|Moonblast|p1a: Ferrothorn
|-resisted|p1a: Ferrothorn
|-damage|p1a: Ferrothorn|7/100
|
|-heal|p2a: Tapu Fini|96/100|[from] item: Leftovers
|upkeep
|turn|23
|
|t:|1654122665
|move|p2a: Tapu Fini|Scald|p1a: Ferrothorn
|-resisted|p1a: Ferrothorn
|-damage|p1a: Ferrothorn|0 fnt
|faint|p1a: Ferrothorn
|
|-heal|p2a: Tapu Fini|100/100|[from] item: Leftovers
|upkeep
|
|t:|1654122675
|switch|p1a: Zapdos|Zapdos|66/100 tox
|turn|24
|
|t:|1654122685
|move|p2a: Tapu Fini|Defog|p1a: Zapdos
|-unboost|p1a: Zapdos|evasion|1
|-sideend|p1: Stimo96|Stealth Rock|[from] move: Defog|[of] p2a: Tapu Fini
|-sideend|p2: Ruizera|Spikes|[from] move: Defog|[of] p2a: Tapu Fini
|-fieldend|Misty Terrain
|move|p1a: Zapdos|Roost|p1a: Zapdos
|-heal|p1a: Zapdos|100/100 tox
|-singleturn|p1a: Zapdos|move: Roost
|
|-damage|p1a: Zapdos|94/100 tox|[from] psn
|upkeep
|turn|25
|
|t:|1654122696
|move|p2a: Tapu Fini|Moonblast|p1a: Zapdos
|-damage|p1a: Zapdos|61/100 tox
|move|p1a: Zapdos|Hurricane|p2a: Tapu Fini|[miss]
|-miss|p1a: Zapdos|p2a: Tapu Fini
|
|-damage|p1a: Zapdos|48/100 tox|[from] psn
|upkeep
|turn|26
|
|t:|1654122703
|move|p2a: Tapu Fini|Moonblast|p1a: Zapdos
|-damage|p1a: Zapdos|14/100 tox
|-unboost|p1a: Zapdos|spa|1
|move|p1a: Zapdos|Volt Switch|p2a: Tapu Fini
|-supereffective|p2a: Tapu Fini
|-damage|p2a: Tapu Fini|63/100
|-message|Stimo96 forfeited.
|
|win|Ruizera
|raw|Stimo96's rating: 1316 &rarr; <strong>1294</strong><br />(-22 for losing)
|raw|Ruizera's rating: 1274 &rarr; <strong>1302</strong><br />(+28 for winning)
|l|☆Stimo96
||Ladder isn't responding, score probably updated but might not have (Request timeout).
