|html|<div class="broadcast-blue"><strong>[Gen 8] OU is currently suspecting Melmetal! For information on how to participate check out the <a href="https://www.smogon.com/forums/threads/np-ss-ou-suspect-process-round-12-monster-mash.3709234/">suspect thread</a>.</strong></div>
|j|☆dark.neons
|j|☆Elite4donovan
|t:|1666655828
|gametype|singles
|player|p1|dark.neons|benga|1636
|player|p2|Elite4donovan|lucas|1750
|teamsize|p1|6
|teamsize|p2|6
|gen|8
|tier|[Gen 8] OU
|rated|
|rule|Sleep Clause Mod: Limit one foe put to sleep
|rule|Species Clause: Limit one of each Pokémon
|rule|OHKO Clause: OHKO moves are banned
|rule|Evasion Items Clause: Evasion items are banned
|rule|Evasion Moves Clause: Evasion moves are banned
|rule|Endless Battle Clause: Forcing endless battles is banned
|rule|HP Percentage Mod: HP is shown in percentages
|rule|Dynamax Clause: You cannot dynamax
|clearpoke
|poke|p1|Heatran, F|
|poke|p1|Landorus-Therian, M|
|poke|p1|Dragapult, F|
|poke|p1|Corviknight, M|
|poke|p1|Tapu Lele|
|poke|p1|Ferrothorn, M|
|poke|p2|Swampert, M|
|poke|p2|Obstagoon, M|
|poke|p2|Landorus-Therian, M|
|poke|p2|Regieleki|
|poke|p2|Ferrothorn, F|
|poke|p2|Clefable, F|
|teampreview
|
|t:|1666655866
|start
|switch|p1a: Ferrothorn|Ferrothorn, M|100/100
|switch|p2a: Landorus|Landorus-Therian, M|100/100
|-ability|p2a: Landorus|Intimidate|boost
|-unboost|p1a: Ferrothorn|atk|1
|turn|1
|j| Jongruenwald
|
|t:|1666655873
|move|p2a: Landorus|Stealth Rock|p1a: Ferrothorn
|-sidestart|p1: dark.neons|move: Stealth Rock
|move|p1a: Ferrothorn|Spikes|p2a: Landorus
|-sidestart|p2: Elite4donovan|Spikes
|
|upkeep
|turn|2
|j| Meow Tse Tung
|
|t:|1666655878
|switch|p2a: Clefable|Clefable, F|100/100
|move|p1a: Ferrothorn|Leech Seed|p2a: Clefable
|-start|p2a: Clefable|move: Leech Seed
|
|upkeep
|turn|3
|j| monkaSaur
|
|t:|1666655898
|move|p2a: Clefable|Thunder Wave|p1a: Ferrothorn
|-status|p1a: Ferrothorn|par
|move|p1a: Ferrothorn|Knock Off|p2a: Clefable
|-resisted|p2a: Clefable
|-damage|p2a: Clefable|95/100
|-damage|p1a: Ferrothorn|84/100 par|[from] item: Rocky Helmet|[of] p2a: Clefable
|-enditem|p2a: Clefable|Rocky Helmet|[from] move: Knock Off|[of] p1a: Ferrothorn
|
|-heal|p1a: Ferrothorn|90/100 par|[from] item: Leftovers
|upkeep
|turn|4
|
|t:|1666655909
|move|p2a: Clefable|Moonblast|p1a: Ferrothorn
|-resisted|p1a: Ferrothorn
|-damage|p1a: Ferrothorn|76/100 par
|cant|p1a: Ferrothorn|par
|
|-heal|p1a: Ferrothorn|82/100 par|[from] item: Leftovers
|upkeep
|turn|5
|
|t:|1666655921
|switch|p2a: Swampert|Swampert, M|100/100
|-damage|p2a: Swampert|88/100|[from] Spikes
|move|p1a: Ferrothorn|Spikes|p2a: Swampert
|-sidestart|p2: Elite4donovan|Spikes
|
|-heal|p2a: Swampert|94/100|[from] item: Leftovers
|-heal|p1a: Ferrothorn|89/100 par|[from] item: Leftovers
|upkeep
|turn|6
|
|t:|1666655931
|move|p2a: Swampert|Substitute|p2a: Swampert
|-start|p2a: Swampert|Substitute
|-damage|p2a: Swampert|69/100
|move|p1a: Ferrothorn|Power Whip|p2a: Swampert
|-supereffective|p2a: Swampert
|-end|p2a: Swampert|Substitute
|
|-heal|p2a: Swampert|75/100|[from] item: Leftovers
|-heal|p1a: Ferrothorn|95/100 par|[from] item: Leftovers
|upkeep
|turn|7
|
|t:|1666655942
|switch|p2a: Ferrothorn|Ferrothorn, F|100/100
|-damage|p2a: Ferrothorn|84/100|[from] Spikes
|move|p1a: Ferrothorn|Power Whip|p2a: Ferrothorn
|-resisted|p2a: Ferrothorn
|-damage|p2a: Ferrothorn|81/100
|-damage|p1a: Ferrothorn|82/100 par|[from] ability: Iron Barbs|[of] p2a: Ferrothorn
|
|-heal|p1a: Ferrothorn|89/100 par|[from] item: Leftovers
|upkeep
|turn|8
|
|t:|1666655955
|move|p2a: Ferrothorn|Spikes|p1a: Ferrothorn
|-sidestart|p1: dark.neons|Spikes
|cant|p1a: Ferrothorn|par
|
|-heal|p1a: Ferrothorn|95/100 par|[from] item: Leftovers
|upkeep
|turn|9
|
|t:|1666655962
|move|p2a: Ferrothorn|Body Press|p1a: Ferrothorn
|-supereffective|p1a: Ferrothorn
|-damage|p1a: Ferrothorn|60/100 par
|-damage|p2a: Ferrothorn|68/100|[from] ability: Iron Barbs|[of] p1a: Ferrothorn
|move|p1a: Ferrothorn|Knock Off|p2a: Ferrothorn
|-damage|p2a: Ferrothorn|60/100
|-damage|p1a: Ferrothorn|47/100 par|[from] ability: Iron Barbs|[of] p2a: Ferrothorn
|-enditem|p2a: Ferrothorn|Chople Berry|[from] move: Knock Off|[of] p1a: Ferrothorn
|
|-heal|p1a: Ferrothorn|53/100 par|[from] item: Leftovers
|upkeep
|turn|10
|
|t:|1666655975
|move|p2a: Ferrothorn|Leech Seed|p1a: Ferrothorn
|-immune|p1a: Ferrothorn
|move|p1a: Ferrothorn|Spikes|p2a: Ferrothorn
|-sidestart|p2: Elite4donovan|Spikes
|
|-heal|p1a: Ferrothorn|60/100 par|[from] item: Leftovers
|upkeep
|turn|11
|l| monkaSaur
|
|t:|1666655994
|switch|p1a: Landorus|Landorus-Therian, M|100/100
|-damage|p1a: Landorus|88/100|[from] Stealth Rock
|-ability|p1a: Landorus|Intimidate|boost
|-unboost|p2a: Ferrothorn|atk|1
|move|p2a: Ferrothorn|Body Press|p1a: Landorus
|-resisted|p1a: Landorus
|-damage|p1a: Landorus|73/100
|
|-heal|p1a: Landorus|79/100|[from] item: Leftovers
|upkeep
|turn|12
|
|t:|1666656005
|move|p1a: Landorus|Earthquake|p2a: Ferrothorn
|-damage|p2a: Ferrothorn|34/100
|move|p2a: Ferrothorn|Leech Seed|p1a: Landorus
|-start|p1a: Landorus|move: Leech Seed
|
|-heal|p1a: Landorus|85/100|[from] item: Leftovers
|-damage|p1a: Landorus|73/100|[from] Leech Seed|[of] p2a: Ferrothorn
|-heal|p2a: Ferrothorn|48/100|[silent]
|upkeep
|turn|13
|
|t:|1666656016
|move|p1a: Landorus|U-turn|p2a: Ferrothorn
|-damage|p2a: Ferrothorn|35/100
|-damage|p1a: Landorus|60/100|[from] ability: Iron Barbs|[of] p2a: Ferrothorn
|j| marietee
|
|t:|1666656022
|switch|p1a: Dragapult|Dragapult, F|100/100|[from]move: U-turn
|move|p2a: Ferrothorn|Power Whip|p1a: Dragapult
|-resisted|p1a: Dragapult
|-damage|p1a: Dragapult|82/100
|
|upkeep
|turn|14
|
|t:|1666656033
|move|p1a: Dragapult|Hex|p2a: Ferrothorn
|-damage|p2a: Ferrothorn|12/100
|move|p2a: Ferrothorn|Leech Seed|p1a: Dragapult
|-start|p1a: Dragapult|move: Leech Seed
|
|-damage|p1a: Dragapult|70/100|[from] Leech Seed|[of] p2a: Ferrothorn
|-heal|p2a: Ferrothorn|23/100|[silent]
|upkeep
|turn|15
|
|t:|1666656041
|move|p1a: Dragapult|U-turn|p2a: Ferrothorn
|-damage|p2a: Ferrothorn|13/100
|-damage|p1a: Dragapult|58/100|[from] ability: Iron Barbs|[of] p2a: Ferrothorn
|
|t:|1666656045
|switch|p1a: Ferrothorn|Ferrothorn, M|60/100 par|[from]move: U-turn
|-damage|p1a: Ferrothorn|53/100 par|[from] Stealth Rock
|-damage|p1a: Ferrothorn|41/100 par|[from] Spikes
|move|p2a: Ferrothorn|Spikes|p1a: Ferrothorn
|-sidestart|p1: dark.neons|Spikes
|
|-heal|p1a: Ferrothorn|47/100 par|[from] item: Leftovers
|upkeep
|turn|16
|
|t:|1666656057
|move|p2a: Ferrothorn|Body Press|p1a: Ferrothorn
|-supereffective|p1a: Ferrothorn
|-damage|p1a: Ferrothorn|14/100 par
|-damage|p2a: Ferrothorn|0 fnt|[from] ability: Iron Barbs|[of] p1a: Ferrothorn
|faint|p2a: Ferrothorn
|move|p1a: Ferrothorn|Knock Off|p2: Ferrothorn|[notarget]
|-fail|p1a: Ferrothorn
|
|-heal|p1a: Ferrothorn|20/100 par|[from] item: Leftovers
|upkeep
|
|t:|1666656062
|switch|p2a: Regieleki|Regieleki|100/100
|turn|17
|
|t:|1666656070
|move|p2a: Regieleki|Rapid Spin|p1a: Ferrothorn
|-resisted|p1a: Ferrothorn
|-damage|p1a: Ferrothorn|18/100 par
|-boost|p2a: Regieleki|spe|1
|-damage|p2a: Regieleki|88/100|[from] ability: Iron Barbs|[of] p1a: Ferrothorn
|-sideend|p2: Elite4donovan|Spikes|[from] move: Rapid Spin|[of] p2a: Regieleki
|move|p1a: Ferrothorn|Power Whip|p2a: Regieleki
|-damage|p2a: Regieleki|14/100
|
|-heal|p1a: Ferrothorn|24/100 par|[from] item: Leftovers
|upkeep
|turn|18
|
|t:|1666656082
|switch|p1a: Landorus|Landorus-Therian, M|60/100
|-damage|p1a: Landorus|48/100|[from] Stealth Rock
|-ability|p1a: Landorus|Intimidate|boost
|-unboost|p2a: Regieleki|atk|1
|move|p2a: Regieleki|Thunderbolt|p1a: Landorus
|-immune|p1a: Landorus
|
|-heal|p1a: Landorus|54/100|[from] item: Leftovers
|upkeep
|turn|19
|
|t:|1666656098
|switch|p2a: Swampert|Swampert, M|75/100
|move|p1a: Landorus|U-turn|p2a: Swampert
|-damage|p2a: Swampert|55/100
|
|t:|1666656104
|switch|p1a: Corviknight|Corviknight, M|100/100|[from]move: U-turn
|-damage|p1a: Corviknight|88/100|[from] Stealth Rock
|-ability|p1a: Corviknight|Pressure
|
|-heal|p2a: Swampert|62/100|[from] item: Leftovers
|upkeep
|turn|20
|
|t:|1666656113
|move|p2a: Swampert|Bulk Up|p2a: Swampert
|-boost|p2a: Swampert|atk|1
|-boost|p2a: Swampert|def|1
|move|p1a: Corviknight|Defog|p2a: Swampert
|-unboost|p2a: Swampert|evasion|1
|-sideend|p1: dark.neons|Spikes|[from] move: Defog|[of] p1a: Corviknight
|-sideend|p1: dark.neons|Stealth Rock|[from] move: Defog|[of] p1a: Corviknight
|
|-heal|p2a: Swampert|68/100|[from] item: Leftovers
|upkeep
|turn|21
|
|t:|1666656123
|move|p2a: Swampert|Substitute|p2a: Swampert
|-start|p2a: Swampert|Substitute
|-damage|p2a: Swampert|43/100
|move|p1a: Corviknight|U-turn|p2a: Swampert
|-activate|p2a: Swampert|move: Substitute|[damage]
|
|t:|1666656130
|switch|p1a: Dragapult|Dragapult, F|58/100|[from]move: U-turn
|
|-heal|p2a: Swampert|49/100|[from] item: Leftovers
|upkeep
|turn|22
|
|t:|1666656138
|switch|p2a: Clefable|Clefable, F|95/100
|move|p1a: Dragapult|Draco Meteor|p2a: Clefable
|-immune|p2a: Clefable
|
|upkeep
|turn|23
|
|t:|1666656154
|move|p1a: Dragapult|U-turn|p2a: Clefable
|-resisted|p2a: Clefable
|-damage|p2a: Clefable|88/100
|
|t:|1666656161
|switch|p1a: Heatran|Heatran, F|100/100|[from]move: U-turn
|-item|p1a: Heatran|Air Balloon
|move|p2a: Clefable|Moonblast|p1a: Heatran
|-resisted|p1a: Heatran
|-damage|p1a: Heatran|93/100
|-enditem|p1a: Heatran|Air Balloon
|
|upkeep
|turn|24
|
|t:|1666656172
|switch|p2a: Obstagoon|Obstagoon, M|100/100
|move|p1a: Heatran|Flash Cannon|p2a: Obstagoon
|-damage|p2a: Obstagoon|45/100
|
|-status|p2a: Obstagoon|brn|[from] item: Flame Orb
|upkeep
|turn|25
|j| KappaHalo
|
|t:|1666656182
|switch|p1a: Ferrothorn|Ferrothorn, M|24/100 par
|move|p2a: Obstagoon|Parting Shot|p1a: Ferrothorn
|-unboost|p1a: Ferrothorn|atk|1
|-unboost|p1a: Ferrothorn|spa|1
|
|t:|1666656190
|switch|p2a: Landorus|Landorus-Therian, M|100/100|[from]move: Parting Shot
|-ability|p2a: Landorus|Intimidate|boost
|-unboost|p1a: Ferrothorn|atk|1
|
|-heal|p1a: Ferrothorn|30/100 par|[from] item: Leftovers
|upkeep
|turn|26
|l| Jongruenwald
|
|t:|1666656197
|move|p2a: Landorus|Stealth Rock|p1a: Ferrothorn
|-sidestart|p1: dark.neons|move: Stealth Rock
|move|p1a: Ferrothorn|Leech Seed|p2a: Landorus|[miss]
|-miss|p1a: Ferrothorn|p2a: Landorus
|
|-heal|p1a: Ferrothorn|36/100 par|[from] item: Leftovers
|upkeep
|turn|27
|
|t:|1666656205
|move|p2a: Landorus|U-turn|p1a: Ferrothorn
|-damage|p1a: Ferrothorn|24/100 par
|-damage|p2a: Landorus|88/100|[from] ability: Iron Barbs|[of] p1a: Ferrothorn
|
|t:|1666656208
|switch|p2a: Clefable|Clefable, F|88/100|[from]move: U-turn
|cant|p1a: Ferrothorn|par
|
|-heal|p1a: Ferrothorn|30/100 par|[from] item: Leftovers
|upkeep
|turn|28
|
|t:|1666656217
|switch|p2a: Obstagoon|Obstagoon, M|45/100 brn
|move|p1a: Ferrothorn|Spikes|p2a: Obstagoon
|-sidestart|p2: Elite4donovan|Spikes
|
|-heal|p1a: Ferrothorn|37/100 par|[from] item: Leftovers
|-damage|p2a: Obstagoon|39/100 brn|[from] brn
|upkeep
|turn|29
|
|t:|1666656229
|move|p2a: Obstagoon|Knock Off|p1a: Ferrothorn
|-damage|p1a: Ferrothorn|5/100 par
|-damage|p2a: Obstagoon|27/100 brn|[from] ability: Iron Barbs|[of] p1a: Ferrothorn
|-enditem|p1a: Ferrothorn|Leftovers|[from] move: Knock Off|[of] p2a: Obstagoon
|move|p1a: Ferrothorn|Power Whip|p2a: Obstagoon
|-damage|p2a: Obstagoon|5/100 brn
|
|-damage|p2a: Obstagoon|0 fnt|[from] brn
|faint|p2a: Obstagoon
|upkeep
|
|t:|1666656233
|switch|p2a: Regieleki|Regieleki|14/100
|turn|30
|
|t:|1666656247
|move|p2a: Regieleki|Rapid Spin|p1a: Ferrothorn
|-resisted|p1a: Ferrothorn
|-damage|p1a: Ferrothorn|2/100 par
|-boost|p2a: Regieleki|spe|1
|-damage|p2a: Regieleki|2/100|[from] ability: Iron Barbs|[of] p1a: Ferrothorn
|-sideend|p2: Elite4donovan|Spikes|[from] move: Rapid Spin|[of] p2a: Regieleki
|move|p1a: Ferrothorn|Knock Off|p2a: Regieleki
|-damage|p2a: Regieleki|0 fnt
|-enditem|p2a: Regieleki|Heavy-Duty Boots|[from] move: Knock Off|[of] p1a: Ferrothorn
|faint|p2a: Regieleki
|
|upkeep
|c|☆Elite4donovan|gg
|-message|Elite4donovan forfeited.
|
|win|dark.neons
|raw|dark.neons's rating: 1636 &rarr; <strong>1662</strong><br />(+26 for winning)
|raw|Elite4donovan's rating: 1750 &rarr; <strong>1724</strong><br />(-26 for losing)
|l|☆Elite4donovan
|l|☆dark.neons
|l| marietee
||Ladder isn't responding, score probably updated but might not have (Request timeout).
|l| KappaHalo
|l| Meow Tse Tung
|j| marietee
