|j|☆jeandonis02
|j|☆bizarman
|t:|1663878225
|gametype|singles
|player|p1|jeandonis02|lucas|1707
|player|p2|bizarman|scientist-gen4|1686
|teamsize|p1|6
|teamsize|p2|6
|gen|8
|tier|[Gen 8] OU
|rated|
|rule|Sleep Clause Mod: Limit one foe put to sleep
|rule|Species Clause: Limit one of each Pokémon
|rule|OHKO Clause: OHKO moves are banned
|rule|Evasion Items Clause: Evasion items are banned
|rule|Evasion Moves Clause: Evasion moves are banned
|rule|Endless Battle Clause: Forcing endless battles is banned
|rule|HP Percentage Mod: HP is shown in percentages
|rule|Dynamax Clause: You cannot dynamax
|clearpoke
|poke|p1|Zeraora|
|poke|p1|Toxapex, F|
|poke|p1|Garchomp, M|
|poke|p1|Rotom-Wash|
|poke|p1|Ferrothorn, M|
|poke|p1|Charizard, M|
|poke|p2|Glastrier|
|poke|p2|Zapdos|
|poke|p2|Dragapult, F|
|poke|p2|Landorus-Therian, M|
|poke|p2|Tapu Fini|
|poke|p2|Heatran, F|
|teampreview
|inactive|Battle timer is ON: inactive players will automatically lose when time's up. (requested by jeandonis02)
|j| Jongruenwald
|
|t:|1663878247
|start
|switch|p1a: Garchomp|Garchomp, M|100/100
|switch|p2a: Glastrier|Glastrier|100/100
|turn|1
|
|t:|1663878257
|move|p1a: Garchomp|Iron Head|p2a: Glastrier
|-supereffective|p2a: Glastrier
|-damage|p2a: Glastrier|38/100
|cant|p2a: Glastrier|flinch
|
|upkeep
|turn|2
|
|t:|1663878267
|switch|p2a: Landorus|Landorus-Therian, M|100/100
|-ability|p2a: Landorus|Intimidate|boost
|-unboost|p1a: Garchomp|atk|1
|move|p1a: Garchomp|Iron Head|p2a: Landorus
|-damage|p2a: Landorus|75/100
|
|-heal|p2a: Landorus|81/100|[from] item: Leftovers
|upkeep
|turn|3
|c|☆bizarman|lol
|j| fdghsfgsdfd
|
|t:|1663878275
|move|p1a: Garchomp|Iron Head|p2a: Landorus
|-damage|p2a: Landorus|55/100
|move|p2a: Landorus|Toxic|p1a: Garchomp
|-status|p1a: Garchomp|tox
|
|-heal|p2a: Landorus|61/100|[from] item: Leftovers
|-damage|p1a: Garchomp|94/100 tox|[from] psn
|upkeep
|turn|4
|
|t:|1663878283
|switch|p1a: Ferrothorn|Ferrothorn, M|100/100
|move|p2a: Landorus|Knock Off|p1a: Ferrothorn
|-damage|p1a: Ferrothorn|83/100
|-damage|p2a: Landorus|49/100|[from] ability: Iron Barbs|[of] p1a: Ferrothorn
|-damage|p2a: Landorus|32/100|[from] item: Rocky Helmet|[of] p1a: Ferrothorn
|-enditem|p1a: Ferrothorn|Rocky Helmet|[from] move: Knock Off|[of] p2a: Landorus
|
|-heal|p2a: Landorus|38/100|[from] item: Leftovers
|upkeep
|turn|5
|
|t:|1663878295
|switch|p2a: Glastrier|Glastrier|38/100
|move|p1a: Ferrothorn|Leech Seed|p2a: Glastrier
|-start|p2a: Glastrier|move: Leech Seed
|
|-damage|p2a: Glastrier|26/100|[from] Leech Seed|[of] p1a: Ferrothorn
|-heal|p1a: Ferrothorn|96/100|[silent]
|upkeep
|turn|6
|
|t:|1663878302
|switch|p1a: Rotom|Rotom-Wash|100/100
|move|p2a: Glastrier|Close Combat|p1a: Rotom
|-damage|p1a: Rotom|56/100
|-unboost|p2a: Glastrier|def|1
|-unboost|p2a: Glastrier|spd|1
|
|-heal|p1a: Rotom|62/100|[from] item: Leftovers
|-damage|p2a: Glastrier|14/100|[from] Leech Seed|[of] p1a: Rotom
|-heal|p1a: Rotom|78/100|[silent]
|upkeep
|turn|7
|j| NDHB
|
|t:|1663878313
|switch|p2a: Dragapult|Dragapult, F|100/100
|move|p1a: Rotom|Volt Switch|p2a: Dragapult
|-resisted|p2a: Dragapult
|-damage|p2a: Dragapult|83/100
|
|t:|1663878315
|switch|p1a: Zeraora|Zeraora|100/100|[from]move: Volt Switch
|
|upkeep
|turn|8
|
|t:|1663878337
|switch|p2a: Landorus|Landorus-Therian, M|38/100
|-ability|p2a: Landorus|Intimidate|boost
|-unboost|p1a: Zeraora|atk|1
|move|p1a: Zeraora|Knock Off|p2a: Landorus
|-damage|p2a: Landorus|18/100
|-enditem|p2a: Landorus|Leftovers|[from] move: Knock Off|[of] p1a: Zeraora
|
|upkeep
|turn|9
|
|t:|1663878345
|move|p1a: Zeraora|Play Rough|p2a: Landorus
|-damage|p2a: Landorus|0 fnt
|faint|p2a: Landorus
|
|upkeep
|
|t:|1663878351
|switch|p2a: Glastrier|Glastrier|14/100
|turn|10
|-enditem|p2a: Glastrier|Custap Berry|[eat]
|-activate|p2a: Glastrier|item: Custap Berry|[consumed]
|
|t:|1663878372
|move|p2a: Glastrier|High Horsepower|p1a: Zeraora
|-supereffective|p1a: Zeraora
|-crit|p1a: Zeraora
|-enditem|p1a: Zeraora|Focus Sash
|-damage|p1a: Zeraora|1/100
|move|p1a: Zeraora|Close Combat|p2a: Glastrier
|-supereffective|p2a: Glastrier
|-damage|p2a: Glastrier|0 fnt
|-unboost|p1a: Zeraora|def|1
|-unboost|p1a: Zeraora|spd|1
|faint|p2a: Glastrier
|
|upkeep
|j| Alexlch
|
|t:|1663878389
|switch|p2a: Zapdos|Zapdos|100/100
|turn|11
|
|t:|1663878392
|switch|p1a: Toxapex|Toxapex, F|100/100
|move|p2a: Zapdos|Hurricane|p1a: Toxapex|[miss]
|-miss|p2a: Zapdos|p1a: Toxapex
|
|upkeep
|turn|12
|
|t:|1663878398
|switch|p1a: Zeraora|Zeraora|1/100
|move|p2a: Zapdos|Volt Switch|p1a: Zeraora
|-heal|p1a: Zeraora|26/100|[from] ability: Volt Absorb|[of] p2a: Zapdos
|
|upkeep
|turn|13
|
|t:|1663878406
|switch|p1a: Ferrothorn|Ferrothorn, M|96/100
|move|p2a: Zapdos|Hurricane|p1a: Ferrothorn
|-damage|p1a: Ferrothorn|57/100
|
|upkeep
|turn|14
|
|t:|1663878430
|switch|p2a: Heatran|Heatran, F|100/100
|switch|p1a: Toxapex|Toxapex, F|100/100
|
|upkeep
|turn|15
|
|t:|1663878437
|switch|p1a: Garchomp|Garchomp, M|94/100 tox
|move|p2a: Heatran|Stealth Rock|p1a: Garchomp
|-sidestart|p1: jeandonis02|move: Stealth Rock
|
|-damage|p1a: Garchomp|88/100 tox|[from] psn
|upkeep
|turn|16
|
|t:|1663878447
|switch|p2a: Zapdos|Zapdos|100/100
|move|p1a: Garchomp|Outrage|p2a: Zapdos
|-damage|p2a: Zapdos|34/100
|
|-damage|p1a: Garchomp|76/100 tox|[from] psn
|upkeep
|turn|17
|
|t:|1663878455
|switch|p2a: Tapu Fini|Tapu Fini|100/100
|-fieldstart|move: Misty Terrain|[from] ability: Misty Surge|[of] p2a: Tapu Fini
|move|p1a: Garchomp|Outrage|p2a: Tapu Fini|[from]lockedmove
|-immune|p2a: Tapu Fini
|
|-damage|p1a: Garchomp|57/100 tox|[from] psn
|upkeep
|turn|18
|c|☆bizarman|why is this 1400 team in the 1700s
|
|t:|1663878475
|switch|p1a: Ferrothorn|Ferrothorn, M|57/100
|-damage|p1a: Ferrothorn|50/100|[from] Stealth Rock
|switch|p2a: Dragapult|Dragapult, F|83/100
|
|upkeep
|turn|19
|
|t:|1663878487
|move|p2a: Dragapult|Flamethrower|p1a: Ferrothorn
|-supereffective|p1a: Ferrothorn
|-damage|p1a: Ferrothorn|0 fnt
|faint|p1a: Ferrothorn
|
|upkeep
|
|t:|1663878491
|switch|p1a: Rotom|Rotom-Wash|78/100
|-damage|p1a: Rotom|65/100|[from] Stealth Rock
|turn|20
|
|t:|1663878495
|switch|p2a: Zapdos|Zapdos|34/100
|move|p1a: Rotom|Defog|p2a: Zapdos
|-unboost|p2a: Zapdos|evasion|1
|-sideend|p1: jeandonis02|Stealth Rock|[from] move: Defog|[of] p1a: Rotom
|-fieldend|Misty Terrain
|
|-heal|p1a: Rotom|72/100|[from] item: Leftovers
|upkeep
|turn|21
|
|t:|1663878503
|move|p2a: Zapdos|Roost|p2a: Zapdos
|-heal|p2a: Zapdos|84/100
|-singleturn|p2a: Zapdos|move: Roost
|move|p1a: Rotom|Hydro Pump|p2a: Zapdos
|-damage|p2a: Zapdos|43/100
|
|-heal|p1a: Rotom|78/100|[from] item: Leftovers
|upkeep
|turn|22
|
|t:|1663878510
|move|p2a: Zapdos|Roost|p2a: Zapdos
|-heal|p2a: Zapdos|93/100
|-singleturn|p2a: Zapdos|move: Roost
|move|p1a: Rotom|Hydro Pump|p2a: Zapdos
|-damage|p2a: Zapdos|57/100
|
|-heal|p1a: Rotom|84/100|[from] item: Leftovers
|upkeep
|turn|23
|
|t:|1663878518
|move|p2a: Zapdos|Roost|p2a: Zapdos
|-heal|p2a: Zapdos|100/100
|-singleturn|p2a: Zapdos|move: Roost
|move|p1a: Rotom|Hydro Pump|p2a: Zapdos
|-damage|p2a: Zapdos|61/100
|
|-heal|p1a: Rotom|90/100|[from] item: Leftovers
|upkeep
|turn|24
|
|t:|1663878526
|switch|p1a: Zeraora|Zeraora|26/100
|move|p2a: Zapdos|Roost|p2a: Zapdos
|-heal|p2a: Zapdos|100/100
|-singleturn|p2a: Zapdos|move: Roost
|
|upkeep
|turn|25
|
|t:|1663878532
|switch|p1a: Toxapex|Toxapex, F|100/100
|move|p2a: Zapdos|Hurricane|p1a: Toxapex
|-damage|p1a: Toxapex|74/100
|
|-heal|p1a: Toxapex|80/100|[from] item: Black Sludge
|upkeep
|turn|26
|
|t:|1663878540
|switch|p2a: Heatran|Heatran, F|100/100
|move|p1a: Toxapex|Toxic|p2a: Heatran
|-immune|p2a: Heatran
|
|-heal|p1a: Toxapex|86/100|[from] item: Black Sludge
|upkeep
|turn|27
|
|t:|1663878547
|move|p2a: Heatran|Magma Storm|p1a: Toxapex
|-resisted|p1a: Toxapex
|-damage|p1a: Toxapex|72/100
|-activate|p1a: Toxapex|move: Magma Storm|[of] p2a: Heatran
|move|p1a: Toxapex|Scald|p2a: Heatran
|-supereffective|p2a: Heatran
|-damage|p2a: Heatran|80/100
|
|-heal|p2a: Heatran|87/100|[from] item: Leftovers
|-heal|p1a: Toxapex|78/100|[from] item: Black Sludge
|-damage|p1a: Toxapex|66/100|[from] move: Magma Storm|[partiallytrapped]
|upkeep
|turn|28
|
|t:|1663878558
|move|p2a: Heatran|Stealth Rock|p1a: Toxapex
|-sidestart|p1: jeandonis02|move: Stealth Rock
|move|p1a: Toxapex|Scald|p2a: Heatran
|-supereffective|p2a: Heatran
|-damage|p2a: Heatran|64/100
|
|-heal|p2a: Heatran|70/100|[from] item: Leftovers
|-heal|p1a: Toxapex|72/100|[from] item: Black Sludge
|-damage|p1a: Toxapex|60/100|[from] move: Magma Storm|[partiallytrapped]
|upkeep
|turn|29
|
|t:|1663878567
|move|p2a: Heatran|Earth Power|p1a: Toxapex
|-supereffective|p1a: Toxapex
|-damage|p1a: Toxapex|28/100
|move|p1a: Toxapex|Scald|p2a: Heatran
|-supereffective|p2a: Heatran
|-crit|p2a: Heatran
|-damage|p2a: Heatran|39/100
|
|-heal|p2a: Heatran|46/100|[from] item: Leftovers
|-heal|p1a: Toxapex|34/100|[from] item: Black Sludge
|-damage|p1a: Toxapex|22/100|[from] move: Magma Storm|[partiallytrapped]
|upkeep
|turn|30
|
|t:|1663878578
|move|p2a: Heatran|Earth Power|p1a: Toxapex
|-supereffective|p1a: Toxapex
|-damage|p1a: Toxapex|0 fnt
|faint|p1a: Toxapex
|
|-heal|p2a: Heatran|52/100|[from] item: Leftovers
|upkeep
|
|t:|1663878580
|switch|p1a: Rotom|Rotom-Wash|90/100
|-damage|p1a: Rotom|78/100|[from] Stealth Rock
|turn|31
|
|t:|1663878587
|switch|p2a: Dragapult|Dragapult, F|83/100
|move|p1a: Rotom|Defog|p2a: Dragapult
|-unboost|p2a: Dragapult|evasion|1
|-sideend|p1: jeandonis02|Stealth Rock|[from] move: Defog|[of] p1a: Rotom
|
|-heal|p1a: Rotom|84/100|[from] item: Leftovers
|upkeep
|turn|32
|
|t:|1663878594
|move|p2a: Dragapult|Shadow Ball|p1a: Rotom
|-damage|p1a: Rotom|39/100
|-unboost|p1a: Rotom|spd|1
|move|p1a: Rotom|Volt Switch|p2a: Dragapult
|-resisted|p2a: Dragapult
|-damage|p2a: Dragapult|65/100
|
|t:|1663878597
|switch|p1a: Zeraora|Zeraora|26/100|[from]move: Volt Switch
|
|upkeep
|turn|33
|
|t:|1663878603
|switch|p2a: Zapdos|Zapdos|100/100
|move|p1a: Zeraora|Knock Off|p2a: Zapdos
|-damage|p2a: Zapdos|76/100
|-enditem|p2a: Zapdos|Heavy-Duty Boots|[from] move: Knock Off|[of] p1a: Zeraora
|
|upkeep
|turn|34
|
|t:|1663878609
|move|p1a: Zeraora|Plasma Fists|p2a: Zapdos
|-damage|p2a: Zapdos|44/100
|-fieldactivate|move: Ion Deluge
|-hint|Normal-type moves become Electric-type after using Plasma Fists.
|move|p2a: Zapdos|Hurricane|p1a: Zeraora
|-resisted|p1a: Zeraora
|-damage|p1a: Zeraora|0 fnt
|faint|p1a: Zeraora
|
|upkeep
|
|t:|1663878614
|switch|p1a: Garchomp|Garchomp, M|57/100 tox
|turn|35
|
|t:|1663878623
|move|p1a: Garchomp|Earthquake|p2a: Zapdos
|-immune|p2a: Zapdos
|move|p2a: Zapdos|Roost|p2a: Zapdos
|-heal|p2a: Zapdos|94/100
|-singleturn|p2a: Zapdos|move: Roost
|
|-damage|p1a: Garchomp|51/100 tox|[from] psn
|upkeep
|turn|36
|
|t:|1663878631
|switch|p1a: Rotom|Rotom-Wash|39/100
|move|p2a: Zapdos|Hurricane|p1a: Rotom
|-resisted|p1a: Rotom
|-damage|p1a: Rotom|18/100
|-start|p1a: Rotom|confusion
|
|-heal|p1a: Rotom|24/100|[from] item: Leftovers
|upkeep
|turn|37
|
|t:|1663878640
|switch|p1a: Garchomp|Garchomp, M|51/100 tox
|move|p2a: Zapdos|Volt Switch|p1a: Garchomp
|-immune|p1a: Garchomp
|
|-damage|p1a: Garchomp|45/100 tox|[from] psn
|upkeep
|turn|38
|
|t:|1663878667
|move|p1a: Garchomp|Outrage|p2a: Zapdos
|-damage|p2a: Zapdos|24/100
|move|p2a: Zapdos|Hurricane|p1a: Garchomp
|-damage|p1a: Garchomp|0 fnt
|faint|p1a: Garchomp
|
|upkeep
|
|t:|1663878674
|switch|p1a: Charizard|Charizard, M|100/100
|turn|39
|
|t:|1663878677
|move|p1a: Charizard|Belly Drum|p1a: Charizard
|-damage|p1a: Charizard|50/100
|-setboost|p1a: Charizard|atk|6|[from] move: Belly Drum
|-enditem|p1a: Charizard|Sitrus Berry|[eat]
|-heal|p1a: Charizard|75/100|[from] item: Sitrus Berry
|move|p2a: Zapdos|Volt Switch|p1a: Charizard
|-supereffective|p1a: Charizard
|-damage|p1a: Charizard|10/100
|-message|jeandonis02 forfeited.
|
|win|bizarman
|raw|jeandonis02's rating: 1707 &rarr; <strong>1686</strong><br />(-21 for losing)
|raw|bizarman's rating: 1686 &rarr; <strong>1707</strong><br />(+21 for winning)
|l|☆jeandonis02
|l| Jongruenwald
|c|☆bizarman|gg
|l|☆bizarman
||Ladder isn't responding, score probably updated but might not have (Request timeout).
|l| Alexlch
