|j|☆twin flame bruise
|j|☆NeoNaruto®++
|t:|1640757027
|gametype|singles
|player|p1|twin flame bruise|1|1761
|player|p2|NeoNaruto®++|medium|1611
|teamsize|p1|6
|teamsize|p2|6
|gen|8
|tier|[Gen 8] OU
|rated|
|rule|Sleep Clause Mod: Limit one foe put to sleep
|rule|Species Clause: Limit one of each Pokémon
|rule|OHKO Clause: OHKO moves are banned
|rule|Evasion Moves Clause: Evasion moves are banned
|rule|Endless Battle Clause: Forcing endless battles is banned
|rule|HP Percentage Mod: HP is shown in percentages
|rule|Dynamax Clause: You cannot dynamax
|clearpoke
|poke|p1|Kartana|
|poke|p1|Blacephalon|
|poke|p1|Tyranitar, F|
|poke|p1|Dragapult, M|
|poke|p1|Melmetal|
|poke|p1|Landorus-Therian, M|
|poke|p2|Landorus-Therian, M|
|poke|p2|Slowbro, M|
|poke|p2|Tapu Koko|
|poke|p2|Dragonite, M|
|poke|p2|Darmanitan, F|
|poke|p2|Tyranitar, M|
|teampreview
|inactive|Battle timer is ON: inactive players will automatically lose when time's up. (requested by NeoNaruto®++)
|
|t:|1640757047
|start
|switch|p1a: Landorus|Landorus-Therian, M|100/100
|switch|p2a: Bernie Landers|Landorus-Therian, M|100/100
|-ability|p2a: Bernie Landers|Intimidate|boost
|-unboost|p1a: Landorus|atk|1
|-ability|p1a: Landorus|Intimidate|boost
|-unboost|p2a: Bernie Landers|atk|1
|turn|1
|
|t:|1640757049
|move|p2a: Bernie Landers|Toxic|p1a: Landorus
|-status|p1a: Landorus|tox
|move|p1a: Landorus|Knock Off|p2a: Bernie Landers
|-damage|p2a: Bernie Landers|87/100
|-damage|p1a: Landorus|84/100 tox|[from] item: Rocky Helmet|[of] p2a: Bernie Landers
|-enditem|p2a: Bernie Landers|Rocky Helmet|[from] move: Knock Off|[of] p1a: Landorus
|
|-damage|p1a: Landorus|78/100 tox|[from] psn
|upkeep
|turn|2
|
|t:|1640757051
|move|p2a: Bernie Landers|Knock Off|p1a: Landorus
|-damage|p1a: Landorus|60/100 tox
|-enditem|p1a: Landorus|Heavy-Duty Boots|[from] move: Knock Off|[of] p2a: Bernie Landers
|move|p1a: Landorus|Stealth Rock|p2a: Bernie Landers
|-sidestart|p2: NeoNaruto®++|move: Stealth Rock
|
|-damage|p1a: Landorus|48/100 tox|[from] psn
|upkeep
|turn|3
|
|t:|1640757053
|move|p2a: Bernie Landers|Stealth Rock|p1a: Landorus
|-sidestart|p1: twin flame bruise|move: Stealth Rock
|move|p1a: Landorus|U-turn|p2a: Bernie Landers
|-resisted|p2a: Bernie Landers
|-damage|p2a: Bernie Landers|82/100
|
|t:|1640757059
|switch|p1a: Melmetal|Melmetal|100/100|[from]move: U-turn
|-damage|p1a: Melmetal|94/100|[from] Stealth Rock
|
|upkeep
|turn|4
|j| B4tt1enet
|
|t:|1640757061
|move|p2a: Bernie Landers|U-turn|p1a: Melmetal
|-resisted|p1a: Melmetal
|-damage|p1a: Melmetal|91/100
|
|t:|1640757063
|switch|p2a: spvceghvstpvrrp|Slowbro, M, shiny|100/100|[from]move: U-turn
|-damage|p2a: spvceghvstpvrrp|88/100|[from] Stealth Rock
|move|p1a: Melmetal|Ice Punch|p2a: spvceghvstpvrrp
|-resisted|p2a: spvceghvstpvrrp
|-damage|p2a: spvceghvstpvrrp|78/100
|-damage|p1a: Melmetal|74/100|[from] item: Rocky Helmet|[of] p2a: spvceghvstpvrrp
|
|upkeep
|turn|5
|
|t:|1640757065
|move|p1a: Melmetal|Thunder Punch|p2a: spvceghvstpvrrp
|-supereffective|p2a: spvceghvstpvrrp
|-damage|p2a: spvceghvstpvrrp|32/100
|-damage|p1a: Melmetal|57/100|[from] item: Rocky Helmet|[of] p2a: spvceghvstpvrrp
|move|p2a: spvceghvstpvrrp|Teleport|p2a: spvceghvstpvrrp
|
|t:|1640757068
|switch|p2a: PURRP FOR SALE|Darmanitan, F|100/100|[from]move: Teleport
|
|upkeep
|turn|6
|
|t:|1640757072
|move|p2a: PURRP FOR SALE|Flare Blitz|p1a: Melmetal
|-supereffective|p1a: Melmetal
|-damage|p1a: Melmetal|0 fnt
|faint|p1a: Melmetal
|-damage|p2a: PURRP FOR SALE|75/100|[from] Recoil
|
|upkeep
|
|t:|1640757076
|switch|p1a: Dragapult|Dragapult, M|100/100
|-damage|p1a: Dragapult|88/100|[from] Stealth Rock
|turn|7
|
|t:|1640757079
|move|p1a: Dragapult|Draco Meteor|p2a: PURRP FOR SALE
|-damage|p2a: PURRP FOR SALE|0 fnt
|-unboost|p1a: Dragapult|spa|2
|faint|p2a: PURRP FOR SALE
|
|upkeep
|
|t:|1640757082
|switch|p2a: VODECi|Tapu Koko|100/100
|-damage|p2a: VODECi|88/100|[from] Stealth Rock
|-fieldstart|move: Electric Terrain|[from] ability: Electric Surge|[of] p2a: VODECi
|turn|8
|
|t:|1640757086
|switch|p1a: Landorus|Landorus-Therian, M|48/100 tox
|-damage|p1a: Landorus|35/100 tox|[from] Stealth Rock
|-ability|p1a: Landorus|Intimidate|boost
|-unboost|p2a: VODECi|atk|1
|move|p2a: VODECi|Dazzling Gleam|p1a: Landorus
|-damage|p1a: Landorus|0 fnt
|faint|p1a: Landorus
|
|upkeep
|
|t:|1640757096
|switch|p1a: Kartana|Kartana|100/100
|-damage|p1a: Kartana|94/100|[from] Stealth Rock
|turn|9
|
|t:|1640757101
|switch|p2a: Bernie Landers|Landorus-Therian, M|82/100
|-damage|p2a: Bernie Landers|70/100|[from] Stealth Rock
|-ability|p2a: Bernie Landers|Intimidate|boost
|-unboost|p1a: Kartana|atk|1
|move|p1a: Kartana|Leaf Blade|p2a: Bernie Landers
|-damage|p2a: Bernie Landers|42/100
|
|upkeep
|turn|10
|
|t:|1640757111
|move|p1a: Kartana|Leaf Blade|p2a: Bernie Landers
|-damage|p2a: Bernie Landers|11/100
|move|p2a: Bernie Landers|U-turn|p1a: Kartana
|-damage|p1a: Kartana|71/100
|
|t:|1640757114
|switch|p2a: Fat Charizard|Dragonite, M, shiny|100/100|[from]move: U-turn
|
|upkeep
|turn|11
|
|t:|1640757120
|switch|p1a: Tyranitar|Tyranitar, F|100/100
|-damage|p1a: Tyranitar|88/100|[from] Stealth Rock
|-weather|Sandstorm|[from] ability: Sand Stream|[of] p1a: Tyranitar
|move|p2a: Fat Charizard|Earthquake|p1a: Tyranitar
|-supereffective|p1a: Tyranitar
|-damage|p1a: Tyranitar|17/100
|
|-weather|Sandstorm|[upkeep]
|-damage|p2a: Fat Charizard|94/100|[from] Sandstorm
|upkeep
|turn|12
|
|t:|1640757124
|move|p2a: Fat Charizard|Earthquake|p1a: Tyranitar
|-supereffective|p1a: Tyranitar
|-damage|p1a: Tyranitar|0 fnt
|faint|p1a: Tyranitar
|
|-weather|Sandstorm|[upkeep]
|-damage|p2a: Fat Charizard|88/100|[from] Sandstorm
|-fieldend|move: Electric Terrain
|upkeep
|
|t:|1640757132
|switch|p1a: Blacephalon|Blacephalon|100/100
|-damage|p1a: Blacephalon|76/100|[from] Stealth Rock
|turn|13
|
|t:|1640757137
|switch|p1a: Kartana|Kartana|71/100
|-damage|p1a: Kartana|65/100|[from] Stealth Rock
|switch|p2a: DA LAST REX(3005)|Tyranitar, M|100/100
|-damage|p2a: DA LAST REX(3005)|88/100|[from] Stealth Rock
|
|-weather|Sandstorm|[upkeep]
|upkeep
|turn|14
|
|t:|1640757151
|switch|p2a: Bernie Landers|Landorus-Therian, M|11/100
|-damage|p2a: Bernie Landers|0 fnt|[from] Stealth Rock
|faint|p2a: Bernie Landers
|move|p1a: Kartana|Leaf Blade|p2: Bernie Landers|[notarget]
|-fail|p1a: Kartana
|
|-weather|Sandstorm|[upkeep]
|upkeep
|
|t:|1640757155
|switch|p2a: Fat Charizard|Dragonite, M, shiny|88/100
|turn|15
|
|t:|1640757158
|switch|p1a: Dragapult|Dragapult, M|88/100
|-damage|p1a: Dragapult|76/100|[from] Stealth Rock
|move|p2a: Fat Charizard|Earthquake|p1a: Dragapult
|-damage|p1a: Dragapult|23/100
|
|-weather|none
|upkeep
|turn|16
|inactive|NeoNaruto®++ has 120 seconds left.
|
|t:|1640757205
|switch|p2a: DA LAST REX(3005)|Tyranitar, M|88/100
|-damage|p2a: DA LAST REX(3005)|76/100|[from] Stealth Rock
|-weather|Sandstorm|[from] ability: Sand Stream|[of] p2a: DA LAST REX(3005)
|move|p1a: Dragapult|U-turn|p2a: DA LAST REX(3005)
|-supereffective|p2a: DA LAST REX(3005)
|-damage|p2a: DA LAST REX(3005)|50/100
|
|t:|1640757210
|switch|p1a: Kartana|Kartana|65/100|[from]move: U-turn
|-damage|p1a: Kartana|59/100|[from] Stealth Rock
|
|-weather|Sandstorm|[upkeep]
|upkeep
|turn|17
|inactive|NeoNaruto®++ has 90 seconds left.
|
|t:|1640757261
|switch|p2a: Fat Charizard|Dragonite, M, shiny|88/100
|move|p1a: Kartana|Smart Strike|p2a: Fat Charizard
|-damage|p2a: Fat Charizard|31/100
|
|-weather|Sandstorm|[upkeep]
|-damage|p2a: Fat Charizard|25/100|[from] Sandstorm
|upkeep
|turn|18
|
|t:|1640757277
|switch|p1a: Blacephalon|Blacephalon|76/100
|-damage|p1a: Blacephalon|51/100|[from] Stealth Rock
|switch|p2a: spvceghvstpvrrp|Slowbro, M, shiny|65/100
|-damage|p2a: spvceghvstpvrrp|53/100|[from] Stealth Rock
|
|-weather|Sandstorm|[upkeep]
|-damage|p1a: Blacephalon|45/100|[from] Sandstorm
|-damage|p2a: spvceghvstpvrrp|47/100|[from] Sandstorm
|upkeep
|turn|19
|
|t:|1640757291
|switch|p1a: Kartana|Kartana|59/100
|-damage|p1a: Kartana|53/100|[from] Stealth Rock
|switch|p2a: DA LAST REX(3005)|Tyranitar, M|50/100
|-damage|p2a: DA LAST REX(3005)|38/100|[from] Stealth Rock
|
|-weather|Sandstorm|[upkeep]
|upkeep
|turn|20
|
|t:|1640757302
|switch|p2a: Fat Charizard|Dragonite, M, shiny|25/100
|move|p1a: Kartana|Leaf Blade|p2a: Fat Charizard
|-resisted|p2a: Fat Charizard
|-damage|p2a: Fat Charizard|5/100
|
|-weather|none
|upkeep
|turn|21
|
|t:|1640757310
|move|p2a: Fat Charizard|Extreme Speed|p1a: Kartana
|-resisted|p1a: Kartana
|-damage|p1a: Kartana|36/100
|move|p1a: Kartana|Leaf Blade|p2a: Fat Charizard
|-resisted|p2a: Fat Charizard
|-damage|p2a: Fat Charizard|0 fnt
|faint|p2a: Fat Charizard
|-ability|p1a: Kartana|Beast Boost|boost
|-boost|p1a: Kartana|atk|1
|
|upkeep
|
|t:|1640757311
|switch|p2a: VODECi|Tapu Koko|88/100
|-damage|p2a: VODECi|76/100|[from] Stealth Rock
|-fieldstart|move: Electric Terrain|[from] ability: Electric Surge|[of] p2a: VODECi
|turn|22
|
|t:|1640757313
|move|p1a: Kartana|Leaf Blade|p2a: VODECi
|-damage|p2a: VODECi|0 fnt
|faint|p2a: VODECi
|-ability|p1a: Kartana|Beast Boost|boost
|-boost|p1a: Kartana|atk|1
|
|upkeep
|-message|NeoNaruto®++ forfeited.
|
|win|twin flame bruise
|raw|twin flame bruise's rating: 1761 &rarr; <strong>1773</strong><br />(+12 for winning)
|raw|NeoNaruto®++'s rating: 1611 &rarr; <strong>1599</strong><br />(-12 for losing)
|l|☆NeoNaruto®++
