|html|<div class="broadcast-blue"><strong>[Gen 8] OU is currently suspecting Melmetal! For information on how to participate check out the <a href="https://www.smogon.com/forums/threads/np-ss-ou-suspect-process-round-12-monster-mash.3709234/">suspect thread</a>.</strong></div>
|j|☆IIIodyne
|j|☆g2 fyssure
|inactive|Battle timer is ON: inactive players will automatically lose when time's up.
|t:|1666638234
|gametype|singles
|player|p1|IIIodyne|2|
|player|p2|g2 fyssure|266|
|teamsize|p1|6
|teamsize|p2|6
|gen|8
|tier|[Gen 8] OU
|rated|Tournament battle
|rule|Sleep Clause Mod: Limit one foe put to sleep
|rule|Species Clause: Limit one of each Pokémon
|rule|OHKO Clause: OHKO moves are banned
|rule|Evasion Items Clause: Evasion items are banned
|rule|Evasion Moves Clause: Evasion moves are banned
|rule|Endless Battle Clause: Forcing endless battles is banned
|rule|HP Percentage Mod: HP is shown in percentages
|rule|Dynamax Clause: You cannot dynamax
|clearpoke
|poke|p1|Snorlax, M|
|poke|p1|Suicune|
|poke|p1|Melmetal|
|poke|p1|Victini|
|poke|p1|Landorus-Therian, M|
|poke|p1|Zapdos|
|poke|p2|Tornadus-Therian, M|
|poke|p2|Bisharp, M|
|poke|p2|Rillaboom, M|
|poke|p2|Victini|
|poke|p2|Swampert, F|
|poke|p2|Kartana|
|teampreview
|c|☆IIIodyne|hf
|c|☆g2 fyssure|u2
|c|☆g2 fyssure|nice team
|j|%moondazing
|c|☆IIIodyne|thx
|c|☆IIIodyne|u2
|inactive|g2 fyssure has 120 seconds left.
|
|t:|1666638288
|start
|switch|p1a: Zapdos|Zapdos|100/100
|switch|p2a: Swampert|Swampert, F|100/100
|turn|1
|c|%moondazing|you guys are too nice
|c|%moondazing|where's the banter
|c|☆IIIodyne|*bisharp is trash*
|inactive|IIIodyne has 120 seconds left.
|c|☆IIIodyne|hows that?
|
|t:|1666638323
|move|p1a: Zapdos|Hurricane|p2a: Swampert
|-damage|p2a: Swampert|62/100
|-start|p2a: Swampert|confusion
|-activate|p2a: Swampert|confusion
|-damage|p2a: Swampert|52/100|[from] confusion
|
|-heal|p2a: Swampert|59/100|[from] item: Leftovers
|upkeep
|turn|2
|c|☆g2 fyssure|yo pert is trash
|c|☆IIIodyne|i mean...
|inactive|g2 fyssure has 120 seconds left.
|c|☆IIIodyne|if someone has grass yeah
|
|t:|1666638378
|switch|p2a: Victini|Victini|100/100
|move|p1a: Zapdos|Hurricane|p2a: Victini
|-damage|p2a: Victini|35/100
|-start|p2a: Victini|confusion
|
|upkeep
|turn|3
|
|t:|1666638390
|switch|p1a: Snorlax|Snorlax, M|100/100
|-activate|p2a: Victini|confusion
|move|p2a: Victini|V-create|p1a: Snorlax
|-damage|p1a: Snorlax|61/100
|-unboost|p2a: Victini|spe|1
|-unboost|p2a: Victini|def|1
|-unboost|p2a: Victini|spd|1
|
|-heal|p1a: Snorlax|67/100|[from] item: Leftovers
|upkeep
|turn|4
|j| TheLogImusPrime
|c| TheLogImusPrime|gl
|j| JoeDirtt
|inactive|g2 fyssure has 90 seconds left.
|
|t:|1666638428
|switch|p2a: Rillaboom|Rillaboom, M|100/100
|-fieldstart|move: Grassy Terrain|[from] ability: Grassy Surge|[of] p2a: Rillaboom
|move|p1a: Snorlax|Body Slam|p2a: Rillaboom
|-damage|p2a: Rillaboom|63/100
|
|-heal|p2a: Rillaboom|69/100|[from] Grassy Terrain
|-heal|p1a: Snorlax|74/100|[from] Grassy Terrain
|-heal|p1a: Snorlax|80/100|[from] item: Leftovers
|upkeep
|turn|5
|
|t:|1666638437
|switch|p1a: Zapdos|Zapdos|100/100
|move|p2a: Rillaboom|Wood Hammer|p1a: Zapdos
|-resisted|p1a: Zapdos
|-damage|p1a: Zapdos|35/100
|-damage|p2a: Rillaboom|47/100|[from] Recoil
|
|-heal|p2a: Rillaboom|53/100|[from] Grassy Terrain
|upkeep
|turn|6
|j| testingteams888
|j| cypherstest
|inactive|g2 fyssure has 90 seconds left.
|
|t:|1666638451
|switch|p2a: Victini|Victini|35/100
|move|p1a: Zapdos|Heat Wave|p2a: Victini
|-resisted|p2a: Victini
|-damage|p2a: Victini|19/100
|
|-heal|p2a: Victini|25/100|[from] Grassy Terrain
|upkeep
|turn|7
|j| Blod_Skat
|inactive|g2 fyssure has 90 seconds left.
|
|t:|1666638458
|switch|p1a: Suicune|Suicune|100/100
|-ability|p1a: Suicune|Pressure
|move|p2a: Victini|Will-O-Wisp|p1a: Suicune
|-status|p1a: Suicune|brn
|
|-heal|p2a: Victini|31/100|[from] Grassy Terrain
|-damage|p1a: Suicune|94/100 brn|[from] brn
|upkeep
|turn|8
|
|t:|1666638468
|move|p2a: Victini|Bolt Strike|p1a: Suicune
|-supereffective|p1a: Suicune
|-damage|p1a: Suicune|54/100 brn
|move|p1a: Suicune|Scald|p2a: Victini
|-supereffective|p2a: Victini
|-crit|p2a: Victini
|-damage|p2a: Victini|0 fnt
|faint|p2a: Victini
|
|-heal|p1a: Suicune|61/100 brn|[from] Grassy Terrain
|-heal|p1a: Suicune|67/100 brn|[from] item: Leftovers
|-damage|p1a: Suicune|61/100 brn|[from] brn
|-fieldend|move: Grassy Terrain
|upkeep
|l| Blod_Skat
|inactive|g2 fyssure has 90 seconds left.
|c| TheLogImusPrime|hmm
|c| TheLogImusPrime|maybe i should try wisp tini
|
|t:|1666638495
|switch|p2a: Bisharp|Bisharp, M|100/100
|turn|9
|
|t:|1666638500
|move|p2a: Bisharp|Beat Up|p1a: Suicune
|-damage|p1a: Suicune|53/100 brn
|-damage|p1a: Suicune|45/100 brn
|-damage|p1a: Suicune|36/100 brn
|-damage|p1a: Suicune|29/100 brn
|-damage|p1a: Suicune|18/100 brn
|-hitcount|p1a: Suicune|5
|move|p1a: Suicune|Scald|p2a: Bisharp
|-damage|p2a: Bisharp|58/100
|-status|p2a: Bisharp|brn
|
|-heal|p1a: Suicune|24/100 brn|[from] item: Leftovers
|-damage|p2a: Bisharp|52/100 brn|[from] brn
|-damage|p1a: Suicune|18/100 brn|[from] brn
|upkeep
|turn|10
|c|☆g2 fyssure|well that did nothing
|
|t:|1666638517
|move|p2a: Bisharp|Beat Up|p1a: Suicune
|-damage|p1a: Suicune|14/100 brn
|-damage|p1a: Suicune|10/100 brn
|-damage|p1a: Suicune|6/100 brn
|-damage|p1a: Suicune|3/100 brn
|-damage|p1a: Suicune|0 fnt
|faint|p1a: Suicune
|-hitcount|p1: Suicune|5
|
|-damage|p2a: Bisharp|46/100 brn|[from] brn
|upkeep
|c| TheLogImusPrime|scald has a 100% burn rate
|
|t:|1666638544
|switch|p1a: Zapdos|Zapdos|35/100
|turn|11
|
|t:|1666638553
|move|p1a: Zapdos|Heat Wave|p2a: Bisharp
|-supereffective|p2a: Bisharp
|-damage|p2a: Bisharp|0 fnt
|faint|p2a: Bisharp
|
|upkeep
|
|t:|1666638563
|switch|p2a: Kartana|Kartana|100/100
|turn|12
|
|t:|1666638565
|move|p2a: Kartana|Knock Off|p1a: Zapdos
|-damage|p1a: Zapdos|0 fnt
|-enditem|p1a: Zapdos|Heavy-Duty Boots|[from] move: Knock Off|[of] p2a: Kartana
|faint|p1a: Zapdos
|-ability|p2a: Kartana|Beast Boost|boost
|-boost|p2a: Kartana|atk|1
|
|upkeep
|
|t:|1666638568
|switch|p1a: Landorus|Landorus-Therian, M|100/100
|-ability|p1a: Landorus|Intimidate|boost
|-unboost|p2a: Kartana|atk|1
|turn|13
|
|t:|1666638573
|switch|p2a: Rillaboom|Rillaboom, M|53/100
|-fieldstart|move: Grassy Terrain|[from] ability: Grassy Surge|[of] p2a: Rillaboom
|move|p1a: Landorus|Earthquake|p2a: Rillaboom
|-resisted|p2a: Rillaboom
|-damage|p2a: Rillaboom|39/100
|
|-heal|p2a: Rillaboom|45/100|[from] Grassy Terrain
|upkeep
|turn|14
|
|t:|1666638586
|switch|p1a: Melmetal|Melmetal|100/100
|move|p2a: Rillaboom|U-turn|p1a: Melmetal
|-resisted|p1a: Melmetal
|-damage|p1a: Melmetal|89/100
|
|t:|1666638597
|switch|p2a: Swampert|Swampert, F|59/100|[from]move: U-turn
|
|-heal|p1a: Melmetal|95/100|[from] Grassy Terrain
|-heal|p2a: Swampert|65/100|[from] Grassy Terrain
|-heal|p2a: Swampert|71/100|[from] item: Leftovers
|upkeep
|turn|15
|
|t:|1666638601
|move|p1a: Melmetal|Double Iron Bash|p2a: Swampert
|-resisted|p2a: Swampert
|-damage|p2a: Swampert|50/100
|-resisted|p2a: Swampert
|-damage|p2a: Swampert|29/100
|-hitcount|p2a: Swampert|2
|cant|p2a: Swampert|flinch
|
|-heal|p1a: Melmetal|100/100|[from] Grassy Terrain
|-heal|p2a: Swampert|35/100|[from] Grassy Terrain
|-heal|p2a: Swampert|41/100|[from] item: Leftovers
|upkeep
|turn|16
|inactive|g2 fyssure has 120 seconds left.
|c|☆g2 fyssure|wit im slower
|
|t:|1666638613
|move|p1a: Melmetal|Double Iron Bash|p2a: Swampert
|-resisted|p2a: Swampert
|-damage|p2a: Swampert|22/100
|-resisted|p2a: Swampert
|-crit|p2a: Swampert
|-damage|p2a: Swampert|0 fnt
|faint|p2a: Swampert
|-hitcount|p2: Swampert|2
|
|upkeep
|inactive|g2 fyssure has 120 seconds left.
|
|t:|1666638619
|switch|p2a: Rillaboom|Rillaboom, M|45/100
|turn|17
|
|t:|1666638627
|switch|p1a: Victini|Victini|100/100
|move|p2a: Rillaboom|Superpower|p1a: Victini
|-resisted|p1a: Victini
|-damage|p1a: Victini|66/100
|-unboost|p2a: Rillaboom|atk|1
|-unboost|p2a: Rillaboom|def|1
|
|-heal|p1a: Victini|72/100|[from] Grassy Terrain
|-heal|p2a: Rillaboom|51/100|[from] Grassy Terrain
|-fieldend|move: Grassy Terrain
|upkeep
|turn|18
|
|t:|1666638633
|switch|p2a: Tornadus|Tornadus-Therian, M|100/100
|move|p1a: Victini|U-turn|p2a: Tornadus
|-resisted|p2a: Tornadus
|-damage|p2a: Tornadus|86/100
|
|t:|1666638635
|switch|p1a: Melmetal|Melmetal|100/100|[from]move: U-turn
|
|upkeep
|turn|19
|
|t:|1666638642
|move|p2a: Tornadus|Heat Wave|p1a: Melmetal|[miss]
|-miss|p2a: Tornadus|p1a: Melmetal
|move|p1a: Melmetal|Double Iron Bash|p2a: Tornadus
|-damage|p2a: Tornadus|39/100
|-damage|p2a: Tornadus|0 fnt
|faint|p2a: Tornadus
|-hitcount|p2: Tornadus|2
|
|upkeep
|
|t:|1666638651
|switch|p2a: Rillaboom|Rillaboom, M|51/100
|-fieldstart|move: Grassy Terrain|[from] ability: Grassy Surge|[of] p2a: Rillaboom
|turn|20
|
|t:|1666638658
|switch|p1a: Victini|Victini|72/100
|move|p2a: Rillaboom|Superpower|p1a: Victini
|-resisted|p1a: Victini
|-damage|p1a: Victini|36/100
|-unboost|p2a: Rillaboom|atk|1
|-unboost|p2a: Rillaboom|def|1
|
|-heal|p1a: Victini|42/100|[from] Grassy Terrain
|-heal|p2a: Rillaboom|57/100|[from] Grassy Terrain
|upkeep
|turn|21
|
|t:|1666638667
|move|p1a: Victini|U-turn|p2a: Rillaboom
|-supereffective|p2a: Rillaboom
|-damage|p2a: Rillaboom|0 fnt
|faint|p2a: Rillaboom
|
|t:|1666638673
|switch|p1a: Melmetal|Melmetal|100/100|[from]move: U-turn
|
|upkeep
|
|t:|1666638677
|switch|p2a: Kartana|Kartana|100/100
|turn|22
|c| TheLogImusPrime|fyssure you are getting absolutely meemd on by rng this game
|
|t:|1666638693
|switch|p1a: Landorus|Landorus-Therian, M|100/100
|-ability|p1a: Landorus|Intimidate|boost
|-unboost|p2a: Kartana|atk|1
|move|p2a: Kartana|Sacred Sword|p1a: Landorus
|-resisted|p1a: Landorus
|-damage|p1a: Landorus|84/100
|
|upkeep
|turn|23
|c|☆g2 fyssure|kinda
|
|t:|1666638698
|move|p2a: Kartana|Sacred Sword|p1a: Landorus
|-resisted|p1a: Landorus
|-damage|p1a: Landorus|69/100
|move|p1a: Landorus|Earthquake|p2a: Kartana
|-damage|p2a: Kartana|72/100
|
|-heal|p2a: Kartana|78/100|[from] Grassy Terrain
|upkeep
|turn|24
|
|t:|1666638703
|switch|p1a: Victini|Victini|42/100
|move|p2a: Kartana|Sacred Sword|p1a: Victini
|-resisted|p1a: Victini
|-damage|p1a: Victini|29/100
|
|-heal|p2a: Kartana|85/100|[from] Grassy Terrain
|-heal|p1a: Victini|35/100|[from] Grassy Terrain
|-fieldend|move: Grassy Terrain
|upkeep
|turn|25
|c|☆g2 fyssure|kinda played like garabge too
|
|t:|1666638708
|move|p2a: Kartana|Sacred Sword|p1a: Victini
|-resisted|p1a: Victini
|-damage|p1a: Victini|21/100
|move|p1a: Victini|V-create|p2a: Kartana
|-supereffective|p2a: Kartana
|-damage|p2a: Kartana|0 fnt
|-unboost|p1a: Victini|spe|1
|-unboost|p1a: Victini|def|1
|-unboost|p1a: Victini|spd|1
|faint|p2a: Kartana
|
|win|IIIodyne
|n|☆IIIodyne|iiiodyne
|n|☆g2 fyssure|g2fyssure
|n|+moondazing|moondazing
|n| TheLogImusPrime|thelogimusprime
|n| JoeDirtt|joedirtt
|n| testingteams888|testingteams888
|n| cypherstest|cypherstest
|c|☆g2 fyssure|g
|c|☆g2 fyssure|g
|c|☆IIIodyne|true gg
|c|☆IIIodyne|i mean mel was AV
|c|☆IIIodyne|if that mattered
|l| cypherstest
