|j|‽minimax_ai
|j|☆Red Rushun
|t:|1667356074
|gametype|singles
|player|p1|minimax_ai|266|1587
|player|p2|Red Rushun|clair|1595
|teamsize|p1|6
|teamsize|p2|6
|gen|8
|tier|[Gen 8] OU
|rated|
|rule|Sleep Clause Mod: Limit one foe put to sleep
|rule|Species Clause: Limit one of each Pokémon
|rule|OHKO Clause: OHKO moves are banned
|rule|Evasion Items Clause: Evasion items are banned
|rule|Evasion Moves Clause: Evasion moves are banned
|rule|Endless Battle Clause: Forcing endless battles is banned
|rule|HP Percentage Mod: HP is shown in percentages
|rule|Dynamax Clause: You cannot dynamax
|clearpoke
|poke|p1|Rotom-Wash|
|poke|p1|Weavile, M|
|poke|p1|Landorus-Therian, M|
|poke|p1|Heatran, M|
|poke|p1|Tangrowth, M|
|poke|p1|Melmetal|
|poke|p2|Dragapult, F|
|poke|p2|Blastoise, F|
|poke|p2|Tapu Lele|
|poke|p2|Cobalion|
|poke|p2|Grimmsnarl, M|
|poke|p2|Landorus-Therian, M|
|teampreview
|inactive|Battle timer is ON: inactive players will automatically lose when time's up. (requested by minimax_ai)
|
|t:|1667356084
|start
|switch|p1a: Rotom|Rotom-Wash|100/100
|switch|p2a: Cobalion|Cobalion, shiny|100/100
|turn|1
|
|t:|1667356089
|move|p2a: Cobalion|Toxic|p1a: Rotom
|-status|p1a: Rotom|tox
|move|p1a: Rotom|Hydro Pump|p2a: Cobalion
|-damage|p2a: Cobalion|54/100
|
|-damage|p1a: Rotom|94/100 tox|[from] psn
|upkeep
|turn|2
|
|t:|1667356100
|move|p2a: Cobalion|Stealth Rock|p1a: Rotom
|-sidestart|p1: minimax_ai|move: Stealth Rock
|move|p1a: Rotom|Hydro Pump|p2a: Cobalion
|-damage|p2a: Cobalion|5/100
|
|-heal|p1a: Rotom|100/100 tox|[from] item: Leftovers
|-damage|p1a: Rotom|88/100 tox|[from] psn
|upkeep
|turn|3
|
|t:|1667356114
|switch|p2a: Dragapult|Dragapult, F|100/100
|move|p1a: Rotom|Hydro Pump|p2a: Dragapult|[miss]
|-miss|p1a: Rotom|p2a: Dragapult
|
|-heal|p1a: Rotom|94/100 tox|[from] item: Leftovers
|-damage|p1a: Rotom|75/100 tox|[from] psn
|upkeep
|turn|4
|
|t:|1667356125
|switch|p1a: Melmetal|Melmetal|100/100
|-damage|p1a: Melmetal|94/100|[from] Stealth Rock
|move|p2a: Dragapult|Dragon Dance|p2a: Dragapult
|-boost|p2a: Dragapult|atk|1
|-boost|p2a: Dragapult|spe|1
|
|upkeep
|turn|5
|
|t:|1667356135
|move|p2a: Dragapult|Phantom Force||[still]
|-prepare|p2a: Dragapult|Phantom Force
|move|p1a: Melmetal|Double Iron Bash|p2a: Dragapult|[miss]
|-miss|p1a: Melmetal|p2a: Dragapult
|
|upkeep
|turn|6
|
|t:|1667356139
|move|p2a: Dragapult|Phantom Force|p1a: Melmetal|[from]lockedmove
|-damage|p1a: Melmetal|41/100
|-damage|p2a: Dragapult|91/100|[from] item: Life Orb
|move|p1a: Melmetal|Double Iron Bash|p2a: Dragapult
|-damage|p2a: Dragapult|31/100
|-damage|p2a: Dragapult|0 fnt
|faint|p2a: Dragapult
|-hitcount|p2: Dragapult|2
|
|upkeep
|
|t:|1667356154
|switch|p2a: Landorus|Landorus-Therian, M, shiny|100/100
|-ability|p2a: Landorus|Intimidate|boost
|-unboost|p1a: Melmetal|atk|1
|turn|7
|
|t:|1667356160
|switch|p1a: Tangrowth|Tangrowth, M|100/100
|-damage|p1a: Tangrowth|88/100|[from] Stealth Rock
|move|p2a: Landorus|Substitute|p2a: Landorus
|-start|p2a: Landorus|Substitute
|-damage|p2a: Landorus|76/100
|
|-heal|p2a: Landorus|82/100|[from] item: Leftovers
|upkeep
|turn|8
|
|t:|1667356163
|move|p2a: Landorus|Swords Dance|p2a: Landorus
|-boost|p2a: Landorus|atk|2
|move|p1a: Tangrowth|Giga Drain|p2a: Landorus
|-end|p2a: Landorus|Substitute
|-heal|p1a: Tangrowth|98/100|[from] drain|[of] p2a: Landorus
|
|-heal|p2a: Landorus|88/100|[from] item: Leftovers
|upkeep
|turn|9
|
|t:|1667356170
|move|p2a: Landorus|Swords Dance|p2a: Landorus
|-boost|p2a: Landorus|atk|2
|move|p1a: Tangrowth|Giga Drain|p2a: Landorus
|-damage|p2a: Landorus|54/100
|-heal|p1a: Tangrowth|100/100|[from] drain|[of] p2a: Landorus
|
|-heal|p2a: Landorus|60/100|[from] item: Leftovers
|upkeep
|turn|10
|
|t:|1667356176
|move|p2a: Landorus|Stone Edge|p1a: Tangrowth
|-damage|p1a: Tangrowth|41/100
|move|p1a: Tangrowth|Giga Drain|p2a: Landorus
|-damage|p2a: Landorus|26/100
|-heal|p1a: Tangrowth|54/100|[from] drain|[of] p2a: Landorus
|
|-heal|p2a: Landorus|32/100|[from] item: Leftovers
|upkeep
|turn|11
|
|t:|1667356184
|move|p2a: Landorus|Stone Edge|p1a: Tangrowth
|-damage|p1a: Tangrowth|0 fnt
|faint|p1a: Tangrowth
|
|-heal|p2a: Landorus|38/100|[from] item: Leftovers
|upkeep
|
|t:|1667356184
|switch|p1a: Weavile|Weavile, M|100/100
|-damage|p1a: Weavile|76/100|[from] Stealth Rock
|-ability|p1a: Weavile|Pressure
|turn|12
|
|t:|1667356203
|switch|p2a: Cobalion|Cobalion, shiny|5/100
|move|p1a: Weavile|Knock Off|p2a: Cobalion
|-resisted|p2a: Cobalion
|-damage|p2a: Cobalion|0 fnt
|-enditem|p2a: Cobalion|Occa Berry|[from] move: Knock Off|[of] p1a: Weavile
|faint|p2a: Cobalion
|
|upkeep
|
|t:|1667356213
|switch|p2a: Landorus|Landorus-Therian, M, shiny|38/100
|-ability|p2a: Landorus|Intimidate|boost
|-unboost|p1a: Weavile|atk|1
|turn|13
|
|t:|1667356217
|move|p1a: Weavile|Knock Off|p2a: Landorus
|-damage|p2a: Landorus|0 fnt
|-enditem|p2a: Landorus|Leftovers|[from] move: Knock Off|[of] p1a: Weavile
|faint|p2a: Landorus
|
|upkeep
|
|t:|1667356226
|switch|p2a: Blastoise|Blastoise, F, shiny|100/100
|turn|14
|
|t:|1667356228
|move|p1a: Weavile|Knock Off|p2a: Blastoise
|-damage|p2a: Blastoise|42/100
|-enditem|p2a: Blastoise|White Herb|[from] move: Knock Off|[of] p1a: Weavile
|move|p2a: Blastoise|Shell Smash|p2a: Blastoise
|-unboost|p2a: Blastoise|def|1
|-unboost|p2a: Blastoise|spd|1
|-boost|p2a: Blastoise|atk|2
|-boost|p2a: Blastoise|spa|2
|-boost|p2a: Blastoise|spe|2
|
|upkeep
|turn|15
|
|t:|1667356238
|switch|p1a: Melmetal|Melmetal|41/100
|-damage|p1a: Melmetal|35/100|[from] Stealth Rock
|move|p2a: Blastoise|Surf|p1a: Melmetal
|-damage|p1a: Melmetal|0 fnt
|faint|p1a: Melmetal
|
|upkeep
|
|t:|1667356238
|switch|p1a: Rotom|Rotom-Wash|75/100 tox
|-damage|p1a: Rotom|63/100 tox|[from] Stealth Rock
|turn|16
|
|t:|1667356244
|move|p2a: Blastoise|Dark Pulse|p1a: Rotom
|-damage|p1a: Rotom|13/100 tox
|move|p1a: Rotom|Thunderbolt|p2a: Blastoise
|-supereffective|p2a: Blastoise
|-damage|p2a: Blastoise|0 fnt
|faint|p2a: Blastoise
|
|-heal|p1a: Rotom|19/100 tox|[from] item: Leftovers
|-damage|p1a: Rotom|13/100 tox|[from] psn
|upkeep
|
|t:|1667356252
|switch|p2a: Grimmsnarl|Grimmsnarl, M|100/100
|turn|17
|
|t:|1667356257
|switch|p1a: Landorus|Landorus-Therian, M|100/100
|-damage|p1a: Landorus|88/100|[from] Stealth Rock
|-ability|p1a: Landorus|Intimidate|boost
|-unboost|p2a: Grimmsnarl|atk|1
|move|p2a: Grimmsnarl|Light Screen|p2a: Grimmsnarl
|-sidestart|p2: Red Rushun|move: Light Screen
|
|-heal|p1a: Landorus|94/100|[from] item: Leftovers
|upkeep
|turn|18
|
|t:|1667356263
|move|p2a: Grimmsnarl|Reflect|p2a: Grimmsnarl
|-sidestart|p2: Red Rushun|Reflect
|move|p1a: Landorus|Defog|p2a: Grimmsnarl
|-unboost|p2a: Grimmsnarl|evasion|1
|-sideend|p2: Red Rushun|Reflect
|-sideend|p2: Red Rushun|move: Light Screen
|-sideend|p1: minimax_ai|Stealth Rock|[from] move: Defog|[of] p1a: Landorus
|
|-heal|p1a: Landorus|99/100|[from] item: Leftovers
|upkeep
|turn|19
|
|t:|1667356273
|move|p2a: Grimmsnarl|Reflect|p2a: Grimmsnarl
|-sidestart|p2: Red Rushun|Reflect
|move|p1a: Landorus|U-turn|p2a: Grimmsnarl
|-damage|p2a: Grimmsnarl|87/100
|
|t:|1667356273
|switch|p1a: Heatran|Heatran, M|100/100|[from]move: U-turn
|-item|p1a: Heatran|Air Balloon
|
|upkeep
|turn|20
|
|t:|1667356286
|move|p2a: Grimmsnarl|Light Screen|p2a: Grimmsnarl
|-sidestart|p2: Red Rushun|move: Light Screen
|move|p1a: Heatran|Magma Storm|p2a: Grimmsnarl
|-damage|p2a: Grimmsnarl|69/100
|-activate|p2a: Grimmsnarl|move: Magma Storm|[of] p1a: Heatran
|
|-damage|p2a: Grimmsnarl|56/100|[from] move: Magma Storm|[partiallytrapped]
|upkeep
|turn|21
|
|t:|1667356290
|move|p1a: Heatran|Eruption|p2a: Grimmsnarl
|-damage|p2a: Grimmsnarl|28/100
|move|p2a: Grimmsnarl|Spirit Break|p1a: Heatran
|-resisted|p1a: Heatran
|-damage|p1a: Heatran|96/100
|-unboost|p1a: Heatran|spa|1
|-enditem|p1a: Heatran|Air Balloon
|
|-damage|p2a: Grimmsnarl|15/100|[from] move: Magma Storm|[partiallytrapped]
|upkeep
|turn|22
|
|t:|1667356295
|move|p2a: Grimmsnarl|Thunder Wave|p1a: Heatran
|-status|p1a: Heatran|par
|move|p1a: Heatran|Magma Storm|p2a: Grimmsnarl
|-damage|p2a: Grimmsnarl|3/100
|
|-damage|p2a: Grimmsnarl|0 fnt|[from] move: Magma Storm|[partiallytrapped]
|faint|p2a: Grimmsnarl
|upkeep
|
|t:|1667356303
|switch|p2a: Tapu Lele|Tapu Lele|100/100
|-fieldstart|move: Psychic Terrain|[from] ability: Psychic Surge|[of] p2a: Tapu Lele
|turn|23
|
|t:|1667356308
|switch|p1a: Rotom|Rotom-Wash|13/100 tox
|move|p2a: Tapu Lele|Focus Blast|p1a: Rotom
|-damage|p1a: Rotom|0 fnt
|faint|p1a: Rotom
|
|upkeep
|
|t:|1667356308
|switch|p1a: Landorus|Landorus-Therian, M|99/100
|-ability|p1a: Landorus|Intimidate|boost
|-unboost|p2a: Tapu Lele|atk|1
|turn|24
|
|t:|1667356314
|move|p2a: Tapu Lele|Psychic|p1a: Landorus
|-damage|p1a: Landorus|58/100
|move|p1a: Landorus|Defog|p2a: Tapu Lele
|-unboost|p2a: Tapu Lele|evasion|1
|-sideend|p2: Red Rushun|Reflect
|-sideend|p2: Red Rushun|move: Light Screen
|-fieldend|move: Psychic Terrain
|
|-heal|p1a: Landorus|64/100|[from] item: Leftovers
|upkeep
|turn|25
|
|t:|1667356319
|move|p2a: Tapu Lele|Psyshock|p1a: Landorus
|-damage|p1a: Landorus|25/100
|move|p1a: Landorus|U-turn|p2a: Tapu Lele
|-damage|p2a: Tapu Lele|65/100
|
|t:|1667356319
|switch|p1a: Weavile|Weavile, M|76/100|[from]move: U-turn
|-ability|p1a: Weavile|Pressure
|
|upkeep
|turn|26
|
|t:|1667356323
|move|p1a: Weavile|Triple Axel|p2a: Tapu Lele
|-damage|p2a: Tapu Lele|44/100
|-damage|p2a: Tapu Lele|0 fnt
|faint|p2a: Tapu Lele
|-hitcount|p2: Tapu Lele|2
|
|win|minimax_ai
|raw|minimax_ai's rating: 1587 &rarr; <strong>1607</strong><br />(+20 for winning)
|raw|Red Rushun's rating: 1595 &rarr; <strong>1575</strong><br />(-20 for losing)
