|j|☆vagmak
|j|☆baby come back c
|t:|1607469176
|player|p1|vagmak|brawly|1694
|player|p2|baby come back c|170|1660
|teamsize|p1|6
|teamsize|p2|6
|gametype|singles
|gen|8
|tier|[Gen 8] OU
|rated|
|clearpoke
|poke|p1|Kartana|
|poke|p1|Azumarill, F|
|poke|p1|Garchomp, F|
|poke|p1|Zapdos|
|poke|p1|Nidoking, M|
|poke|p1|Melmetal|
|poke|p2|Slowking-Galar, M|
|poke|p2|Urshifu-*, F|
|poke|p2|Toxapex, F|
|poke|p2|Clefable, M|
|poke|p2|Corviknight, M|
|poke|p2|Chansey, F|
|rule|Sleep Clause Mod: Limit one foe put to sleep
|rule|Species Clause: Limit one of each Pokémon
|rule|OHKO Clause: OHKO moves are banned
|rule|Evasion Moves Clause: Evasion moves are banned
|rule|Endless Battle Clause: Forcing endless battles is banned
|rule|HP Percentage Mod: HP is shown in percentages
|rule|Dynamax Clause: You cannot dynamax
|teampreview
|
|t:|1607469184
|start
|switch|p1a: Zapdos|Zapdos|100/100
|switch|p2a: Slowking|Slowking-Galar, M|100/100
|turn|1
|inactive|Battle timer is ON: inactive players will automatically lose when time's up. (requested by baby come back c)
|
|t:|1607469192
|switch|p1a: Garchomp|Garchomp, F|100/100
|move|p2a: Slowking|Future Sight|p1a: Garchomp
|-start|p2a: Slowking|move: Future Sight
|
|upkeep
|turn|2
|
|t:|1607469197
|switch|p2a: Clefable|Clefable, M|100/100
|move|p1a: Garchomp|Stealth Rock|p2a: Clefable
|-sidestart|p2: baby come back c|move: Stealth Rock
|
|upkeep
|turn|3
|
|t:|1607469203
|switch|p1a: Melmetal|Melmetal|100/100
|move|p2a: Clefable|Moonblast|p1a: Melmetal
|-resisted|p1a: Melmetal
|-damage|p1a: Melmetal|91/100
|
|-end|p1a: Melmetal|move: Future Sight
|-resisted|p1a: Melmetal
|-damage|p1a: Melmetal|73/100
|upkeep
|turn|4
|
|t:|1607469215
|switch|p2a: Corviknight|Corviknight, M|100/100
|-damage|p2a: Corviknight|88/100|[from] Stealth Rock
|-ability|p2a: Corviknight|Pressure
|move|p1a: Melmetal|Thunder Punch|p2a: Corviknight
|-supereffective|p2a: Corviknight
|-damage|p2a: Corviknight|45/100
|
|-heal|p2a: Corviknight|51/100|[from] item: Leftovers
|upkeep
|turn|5
|
|t:|1607469224
|move|p2a: Corviknight|Roost|p2a: Corviknight
|-heal|p2a: Corviknight|100/100
|-singleturn|p2a: Corviknight|move: Roost
|move|p1a: Melmetal|Thunder Punch|p2a: Corviknight
|-damage|p2a: Corviknight|78/100
|-status|p2a: Corviknight|par
|
|-heal|p2a: Corviknight|84/100 par|[from] item: Leftovers
|upkeep
|turn|6
|j| movies arent real
|
|t:|1607469233
|move|p1a: Melmetal|Thunder Punch|p2a: Corviknight
|-supereffective|p2a: Corviknight
|-crit|p2a: Corviknight
|-damage|p2a: Corviknight|20/100 par
|cant|p2a: Corviknight|par
|
|-heal|p2a: Corviknight|27/100 par|[from] item: Leftovers
|upkeep
|turn|7
|l| movies arent real
|
|t:|1607469241
|switch|p2a: Toxapex|Toxapex, F|100/100
|-damage|p2a: Toxapex|88/100|[from] Stealth Rock
|move|p1a: Melmetal|Thunder Punch|p2a: Toxapex
|-supereffective|p2a: Toxapex
|-damage|p2a: Toxapex|41/100
|-status|p2a: Toxapex|par
|-damage|p1a: Melmetal|57/100|[from] item: Rocky Helmet|[of] p2a: Toxapex
|
|upkeep
|turn|8
|
|t:|1607469251
|switch|p2a: Clefable|Clefable, M|100/100
|-damage|p2a: Clefable|88/100|[from] Stealth Rock
|move|p1a: Melmetal|Thunder Punch|p2a: Clefable
|-damage|p2a: Clefable|58/100
|
|-heal|p2a: Clefable|64/100|[from] item: Leftovers
|upkeep
|turn|9
|
|t:|1607469259
|switch|p2a: Toxapex|Toxapex, F|74/100 par
|-damage|p2a: Toxapex|61/100 par|[from] Stealth Rock
|move|p1a: Melmetal|Double Iron Bash|p2a: Toxapex
|-resisted|p2a: Toxapex
|-damage|p2a: Toxapex|48/100 par
|-damage|p1a: Melmetal|40/100|[from] item: Rocky Helmet|[of] p2a: Toxapex
|-resisted|p2a: Toxapex
|-damage|p2a: Toxapex|34/100 par
|-damage|p1a: Melmetal|24/100|[from] item: Rocky Helmet|[of] p2a: Toxapex
|-hitcount|p2a: Toxapex|2
|
|upkeep
|turn|10
|
|t:|1607469272
|switch|p2a: Corviknight|Corviknight, M|27/100 par
|-damage|p2a: Corviknight|14/100 par|[from] Stealth Rock
|-ability|p2a: Corviknight|Pressure
|move|p1a: Melmetal|Earthquake|p2a: Corviknight
|-immune|p2a: Corviknight
|
|-heal|p2a: Corviknight|20/100 par|[from] item: Leftovers
|upkeep
|turn|11
|
|t:|1607469281
|move|p1a: Melmetal|Thunder Punch|p2a: Corviknight
|-supereffective|p2a: Corviknight
|-crit|p2a: Corviknight
|-damage|p2a: Corviknight|0 fnt
|faint|p2a: Corviknight
|
|upkeep
|
|t:|1607469284
|switch|p2a: Urshifu|Urshifu, F|100/100
|-damage|p2a: Urshifu|94/100|[from] Stealth Rock
|turn|12
|
|t:|1607469295
|switch|p1a: Azumarill|Azumarill, F|100/100
|move|p2a: Urshifu|Wicked Blow|p1a: Azumarill
|-resisted|p1a: Azumarill
|-crit|p1a: Azumarill
|-damage|p1a: Azumarill|50/100
|-enditem|p1a: Azumarill|Sitrus Berry|[eat]
|-heal|p1a: Azumarill|75/100|[from] item: Sitrus Berry
|
|upkeep
|turn|13
|
|t:|1607469314
|switch|p2a: Clefable|Clefable, M|64/100
|-damage|p2a: Clefable|51/100|[from] Stealth Rock
|move|p1a: Azumarill|Play Rough|p2a: Clefable
|-damage|p2a: Clefable|10/100
|-unboost|p2a: Clefable|atk|1
|
|-heal|p2a: Clefable|16/100|[from] item: Leftovers
|upkeep
|turn|14
|
|t:|1607469329
|switch|p2a: Slowking|Slowking-Galar, M|100/100
|-damage|p2a: Slowking|88/100|[from] Stealth Rock
|move|p1a: Azumarill|Belly Drum|p1a: Azumarill
|-damage|p1a: Azumarill|25/100
|-setboost|p1a: Azumarill|atk|6|[from] move: Belly Drum
|
|upkeep
|turn|15
|
|t:|1607469338
|switch|p2a: Clefable|Clefable, M|16/100
|-damage|p2a: Clefable|4/100|[from] Stealth Rock
|move|p1a: Azumarill|Play Rough|p2a: Clefable
|-damage|p2a: Clefable|0 fnt
|faint|p2a: Clefable
|
|upkeep
|
|t:|1607469339
|switch|p2a: Urshifu|Urshifu, F|94/100
|-damage|p2a: Urshifu|88/100|[from] Stealth Rock
|turn|16
|
|t:|1607469350
|move|p2a: Urshifu|Sucker Punch|p1a: Azumarill
|-resisted|p1a: Azumarill
|-damage|p1a: Azumarill|0 fnt
|faint|p1a: Azumarill
|
|upkeep
|
|t:|1607469359
|switch|p1a: Kartana|Kartana|100/100
|turn|17
|
|t:|1607469365
|switch|p2a: Toxapex|Toxapex, F|67/100 par
|-damage|p2a: Toxapex|54/100 par|[from] Stealth Rock
|move|p1a: Kartana|Sacred Sword|p2a: Toxapex
|-resisted|p2a: Toxapex
|-damage|p2a: Toxapex|39/100 par
|-damage|p1a: Kartana|84/100|[from] item: Rocky Helmet|[of] p2a: Toxapex
|-damage|p1a: Kartana|74/100|[from] item: Life Orb
|
|upkeep
|turn|18
|
|t:|1607469375
|switch|p2a: Slowking|Slowking-Galar, M|100/100
|-damage|p2a: Slowking|88/100|[from] Stealth Rock
|move|p1a: Kartana|Leaf Blade|p2a: Slowking
|-resisted|p2a: Slowking
|-crit|p2a: Slowking
|-damage|p2a: Slowking|29/100
|-damage|p1a: Kartana|65/100|[from] item: Life Orb
|
|upkeep
|turn|19
|
|t:|1607469385
|switch|p2a: Toxapex|Toxapex, F|72/100 par
|-damage|p2a: Toxapex|60/100 par|[from] Stealth Rock
|move|p1a: Kartana|Knock Off|p2a: Toxapex
|-damage|p2a: Toxapex|27/100 par
|-damage|p1a: Kartana|48/100|[from] item: Rocky Helmet|[of] p2a: Toxapex
|-enditem|p2a: Toxapex|Rocky Helmet|[from] move: Knock Off|[of] p1a: Kartana
|-damage|p1a: Kartana|38/100|[from] item: Life Orb
|
|upkeep
|turn|20
|
|t:|1607469395
|switch|p2a: Slowking|Slowking-Galar, M|63/100
|-damage|p2a: Slowking|50/100|[from] Stealth Rock
|move|p1a: Kartana|Knock Off|p2a: Slowking
|-supereffective|p2a: Slowking
|-damage|p2a: Slowking|0 fnt
|-enditem|p2a: Slowking|Assault Vest|[from] move: Knock Off|[of] p1a: Kartana
|-damage|p1a: Kartana|29/100|[from] item: Life Orb
|faint|p2a: Slowking
|-ability|p1a: Kartana|Beast Boost|boost
|-boost|p1a: Kartana|atk|1
|
|upkeep
|
|t:|1607469401
|switch|p2a: Urshifu|Urshifu, F|88/100
|-damage|p2a: Urshifu|82/100|[from] Stealth Rock
|turn|21
|
|t:|1607469412
|move|p2a: Urshifu|Sucker Punch|p1a: Kartana
|-damage|p1a: Kartana|0 fnt
|faint|p1a: Kartana
|
|upkeep
|
|t:|1607469417
|switch|p1a: Garchomp|Garchomp, F|100/100
|turn|22
|
|t:|1607469420
|move|p2a: Urshifu|Sucker Punch|p1a: Garchomp
|-damage|p1a: Garchomp|47/100
|-damage|p2a: Urshifu|70/100|[from] ability: Rough Skin|[of] p1a: Garchomp
|-damage|p2a: Urshifu|53/100|[from] item: Rocky Helmet|[of] p1a: Garchomp
|move|p1a: Garchomp|Earthquake|p2a: Urshifu
|-damage|p2a: Urshifu|0 fnt
|faint|p2a: Urshifu
|
|upkeep
|
|t:|1607469426
|switch|p2a: Toxapex|Toxapex, F|60/100 par
|-damage|p2a: Toxapex|48/100 par|[from] Stealth Rock
|turn|23
|-message|baby come back c forfeited.
|
|win|vagmak
|l|☆baby come back c
