|j|☆tesla roadster
|j|☆ono oh no
|inactive|Battle timer is ON: inactive players will automatically lose when time's up.
|t:|1667130750
|gametype|singles
|player|p1|tesla roadster|2|
|player|p2|ono oh no|teamrocket|
|teamsize|p1|6
|teamsize|p2|6
|gen|8
|tier|[Gen 8] OU
|rated|Tournament battle
|rule|Sleep Clause Mod: Limit one foe put to sleep
|rule|Species Clause: Limit one of each Pokémon
|rule|OHKO Clause: OHKO moves are banned
|rule|Evasion Items Clause: Evasion items are banned
|rule|Evasion Moves Clause: Evasion moves are banned
|rule|Endless Battle Clause: Forcing endless battles is banned
|rule|HP Percentage Mod: HP is shown in percentages
|rule|Dynamax Clause: You cannot dynamax
|clearpoke
|poke|p1|Ninetales-Alola, M|
|poke|p1|Heatran, M|
|poke|p1|Landorus-Therian, M|
|poke|p1|Tapu Fini|
|poke|p1|Arctozolt|
|poke|p1|Kartana|
|poke|p2|Rotom-Wash|
|poke|p2|Weavile, M|
|poke|p2|Landorus-Therian, M|
|poke|p2|Heatran, M|
|poke|p2|Tangrowth, M|
|poke|p2|Melmetal|
|teampreview
|j|%moondazing
|inactive|tesla roadster has 120 seconds left.
|inactive|ono oh no has 120 seconds left.
|j| Aftx
|inactive|tesla roadster has 90 seconds left.
|j| TheNewBrends11
|
|t:|1667130825
|start
|switch|p1a: Frozen Soul|Ninetales-Alola, M, shiny|100/100
|switch|p2a: Melmetal|Melmetal|100/100
|-weather|Hail|[from] ability: Snow Warning|[of] p1a: Frozen Soul
|turn|1
|
|t:|1667130831
|switch|p1a: Deathstroke|Kartana, shiny|100/100
|move|p2a: Melmetal|Double Iron Bash|p1a: Deathstroke
|-resisted|p1a: Deathstroke
|-damage|p1a: Deathstroke|81/100
|-resisted|p1a: Deathstroke
|-crit|p1a: Deathstroke
|-damage|p1a: Deathstroke|46/100
|-hitcount|p1a: Deathstroke|2
|
|-weather|Hail|[upkeep]
|-damage|p1a: Deathstroke|40/100|[from] Hail
|-damage|p2a: Melmetal|94/100|[from] Hail
|upkeep
|turn|2
|inactive|tesla roadster has 120 seconds left.
|
|t:|1667130881
|switch|p2a: Tangrowth|Tangrowth, M|100/100
|move|p1a: Deathstroke|Knock Off|p2a: Tangrowth
|-damage|p2a: Tangrowth|77/100
|-damage|p1a: Deathstroke|23/100|[from] item: Rocky Helmet|[of] p2a: Tangrowth
|-enditem|p2a: Tangrowth|Rocky Helmet|[from] move: Knock Off|[of] p1a: Deathstroke
|
|-weather|Hail|[upkeep]
|-damage|p1a: Deathstroke|17/100|[from] Hail
|-damage|p2a: Tangrowth|71/100|[from] Hail
|upkeep
|turn|3
|
|t:|1667130897
|move|p1a: Deathstroke|Knock Off|p2a: Tangrowth
|-damage|p2a: Tangrowth|57/100
|move|p2a: Tangrowth|Knock Off|p1a: Deathstroke
|-crit|p1a: Deathstroke
|-damage|p1a: Deathstroke|0 fnt
|-enditem|p1a: Deathstroke|Choice Scarf|[from] move: Knock Off|[of] p2a: Tangrowth
|faint|p1a: Deathstroke
|
|-weather|Hail|[upkeep]
|-damage|p2a: Tangrowth|51/100|[from] Hail
|upkeep
|inactive|tesla roadster has 90 seconds left.
|
|t:|1667130920
|switch|p1a: Chaos|Heatran, M|100/100
|-item|p1a: Chaos|Air Balloon
|turn|4
|
|t:|1667130928
|switch|p2a: Heatran|Heatran, M|100/100
|-item|p2a: Heatran|Air Balloon
|move|p1a: Chaos|Stealth Rock|p2a: Heatran
|-sidestart|p2: ono oh no|move: Stealth Rock
|
|-weather|Hail|[upkeep]
|-damage|p1a: Chaos|94/100|[from] Hail
|-damage|p2a: Heatran|94/100|[from] Hail
|upkeep
|turn|5
|
|t:|1667130934
|switch|p1a: Enten|Landorus-Therian, M, shiny|100/100
|-ability|p1a: Enten|Intimidate|boost
|-unboost|p2a: Heatran|atk|1
|move|p2a: Heatran|Stealth Rock|p1a: Enten
|-sidestart|p1: tesla roadster|move: Stealth Rock
|
|-weather|Hail|[upkeep]
|-damage|p2a: Heatran|88/100|[from] Hail
|-damage|p1a: Enten|94/100|[from] Hail
|-heal|p1a: Enten|100/100|[from] item: Leftovers
|upkeep
|turn|6
|j| josema_09
|inactive|ono oh no has 120 seconds left.
|
|t:|1667130972
|switch|p2a: Landorus|Landorus-Therian, M|100/100
|-damage|p2a: Landorus|88/100|[from] Stealth Rock
|-ability|p2a: Landorus|Intimidate|boost
|-unboost|p1a: Enten|atk|1
|move|p1a: Enten|U-turn|p2a: Landorus
|-resisted|p2a: Landorus
|-damage|p2a: Landorus|80/100
|
|t:|1667130984
|switch|p1a: Destroyer|Arctozolt, shiny|100/100|[from]move: U-turn
|
|-weather|Hail|[upkeep]
|-damage|p2a: Landorus|74/100|[from] Hail
|-heal|p2a: Landorus|80/100|[from] item: Leftovers
|upkeep
|turn|7
|inactive|ono oh no has 120 seconds left.
|inactive|ono oh no has 90 seconds left.
|
|t:|1667131039
|switch|p2a: Tangrowth|Tangrowth, M|84/100
|-damage|p2a: Tangrowth|72/100|[from] Stealth Rock
|move|p1a: Destroyer|Blizzard|p2a: Tangrowth
|-supereffective|p2a: Tangrowth
|-damage|p2a: Tangrowth|0 fnt
|faint|p2a: Tangrowth
|
|-weather|Hail|[upkeep]
|upkeep
|
|t:|1667131058
|switch|p2a: Melmetal|Melmetal|94/100
|-damage|p2a: Melmetal|88/100|[from] Stealth Rock
|turn|8
|inactive|tesla roadster has 120 seconds left.
|
|t:|1667131072
|move|p1a: Destroyer|Bolt Beak|p2a: Melmetal
|-damage|p2a: Melmetal|43/100
|move|p2a: Melmetal|Double Iron Bash|p1a: Destroyer
|-damage|p1a: Destroyer|51/100
|-crit|p1a: Destroyer
|-damage|p1a: Destroyer|0 fnt
|faint|p1a: Destroyer
|-hitcount|p1: Destroyer|2
|
|-weather|none
|upkeep
|inactive|tesla roadster has 120 seconds left.
|
|t:|1667131085
|switch|p1a: Enten|Landorus-Therian, M, shiny|100/100
|-damage|p1a: Enten|88/100|[from] Stealth Rock
|-ability|p1a: Enten|Intimidate|boost
|-unboost|p2a: Melmetal|atk|1
|turn|9
|inactive|tesla roadster has 120 seconds left.
|inactive|ono oh no has 60 seconds left.
|
|t:|1667131122
|switch|p2a: Rotom|Rotom-Wash|100/100
|-damage|p2a: Rotom|88/100|[from] Stealth Rock
|move|p1a: Enten|Knock Off|p2a: Rotom
|-damage|p2a: Rotom|55/100
|-enditem|p2a: Rotom|Leftovers|[from] move: Knock Off|[of] p1a: Enten
|
|-heal|p1a: Enten|94/100|[from] item: Leftovers
|upkeep
|turn|10
|inactive|ono oh no has 60 seconds left.
|
|t:|1667131129
|move|p2a: Rotom|Pain Split|p1a: Enten
|-sethp|p1a: Enten|69/100|[from] move: Pain Split|[silent]
|-sethp|p2a: Rotom|86/100|[from] move: Pain Split
|move|p1a: Enten|U-turn|p2a: Rotom
|-damage|p2a: Rotom|62/100
|j| jirachi0997
|
|t:|1667131134
|switch|p1a: Frozen Soul|Ninetales-Alola, M, shiny|100/100|[from]move: U-turn
|-damage|p1a: Frozen Soul|76/100|[from] Stealth Rock
|-weather|Hail|[from] ability: Snow Warning|[of] p1a: Frozen Soul
|
|-weather|Hail|[upkeep]
|-damage|p2a: Rotom|56/100|[from] Hail
|upkeep
|turn|11
|inactive|tesla roadster has 120 seconds left.
|
|t:|1667131147
|switch|p2a: Melmetal|Melmetal|43/100
|-damage|p2a: Melmetal|37/100|[from] Stealth Rock
|move|p1a: Frozen Soul|Hypnosis|p2a: Melmetal
|-status|p2a: Melmetal|slp|[from] move: Hypnosis
|
|-weather|Hail|[upkeep]
|-damage|p2a: Melmetal|31/100 slp|[from] Hail
|upkeep
|turn|12
|
|t:|1667131160
|switch|p1a: Enten|Landorus-Therian, M, shiny|69/100
|-damage|p1a: Enten|57/100|[from] Stealth Rock
|-ability|p1a: Enten|Intimidate|boost
|-unboost|p2a: Melmetal|atk|1
|switch|p2a: Rotom|Rotom-Wash|56/100
|-damage|p2a: Rotom|43/100|[from] Stealth Rock
|
|-weather|Hail|[upkeep]
|-damage|p2a: Rotom|37/100|[from] Hail
|-damage|p1a: Enten|51/100|[from] Hail
|-heal|p1a: Enten|57/100|[from] item: Leftovers
|upkeep
|turn|13
|
|t:|1667131172
|move|p2a: Rotom|Pain Split|p1a: Enten
|-sethp|p1a: Enten|43/100|[from] move: Pain Split|[silent]
|-sethp|p2a: Rotom|54/100|[from] move: Pain Split
|move|p1a: Enten|U-turn|p2a: Rotom
|-damage|p2a: Rotom|31/100
|
|t:|1667131177
|switch|p1a: Frozen Soul|Ninetales-Alola, M, shiny|76/100|[from]move: U-turn
|-damage|p1a: Frozen Soul|51/100|[from] Stealth Rock
|
|-weather|Hail|[upkeep]
|-damage|p2a: Rotom|25/100|[from] Hail
|upkeep
|turn|14
|inactive|ono oh no has 60 seconds left.
|
|t:|1667131226
|switch|p2a: Melmetal|Melmetal|31/100 slp
|-damage|p2a: Melmetal|25/100 slp|[from] Stealth Rock
|move|p1a: Frozen Soul|Freeze-Dry|p2a: Melmetal
|-resisted|p2a: Melmetal
|-damage|p2a: Melmetal|20/100 slp
|
|-weather|Hail|[upkeep]
|-damage|p2a: Melmetal|14/100 slp|[from] Hail
|upkeep
|turn|15
|
|t:|1667131235
|move|p1a: Frozen Soul|Freeze-Dry|p2a: Melmetal
|-resisted|p2a: Melmetal
|-damage|p2a: Melmetal|8/100 slp
|cant|p2a: Melmetal|slp
|
|-weather|Hail|[upkeep]
|-damage|p2a: Melmetal|2/100 slp|[from] Hail
|upkeep
|turn|16
|
|t:|1667131239
|move|p1a: Frozen Soul|Freeze-Dry|p2a: Melmetal
|-resisted|p2a: Melmetal
|-damage|p2a: Melmetal|0 fnt
|faint|p2a: Melmetal
|
|-weather|Hail|[upkeep]
|upkeep
|inactive|ono oh no has 60 seconds left.
|inactive|ono oh no has 30 seconds left.
|inactive|ono oh no has 20 seconds left.
|
|t:|1667131290
|switch|p2a: Weavile|Weavile, M|100/100
|-damage|p2a: Weavile|76/100|[from] Stealth Rock
|-ability|p2a: Weavile|Pressure
|turn|17
|inactive|ono oh no has 30 seconds left this turn.
|
|t:|1667131307
|move|p2a: Weavile|Triple Axel|p1a: Frozen Soul
|-resisted|p1a: Frozen Soul
|-damage|p1a: Frozen Soul|42/100
|-resisted|p1a: Frozen Soul
|-damage|p1a: Frozen Soul|23/100
|-hitcount|p1a: Frozen Soul|2
|move|p1a: Frozen Soul|Aurora Veil|p1a: Frozen Soul
|-sidestart|p1: tesla roadster|move: Aurora Veil
|
|-weather|none
|upkeep
|turn|18
|
|t:|1667131321
|move|p2a: Weavile|Triple Axel|p1a: Frozen Soul
|-resisted|p1a: Frozen Soul
|-damage|p1a: Frozen Soul|19/100
|-resisted|p1a: Frozen Soul
|-damage|p1a: Frozen Soul|10/100
|-resisted|p1a: Frozen Soul
|-damage|p1a: Frozen Soul|0 fnt
|faint|p1a: Frozen Soul
|-hitcount|p1: Frozen Soul|3
|
|upkeep
|
|t:|1667131324
|switch|p1a: Raven|Tapu Fini, shiny|100/100
|-damage|p1a: Raven|88/100|[from] Stealth Rock
|-fieldstart|move: Misty Terrain|[from] ability: Misty Surge|[of] p1a: Raven
|turn|19
|inactive|ono oh no has 30 seconds left.
|j| sufy512
|
|t:|1667131346
|switch|p2a: Heatran|Heatran, M|88/100
|-damage|p2a: Heatran|76/100|[from] Stealth Rock
|-item|p2a: Heatran|Air Balloon
|move|p1a: Raven|Calm Mind|p1a: Raven
|-boost|p1a: Raven|spa|1
|-boost|p1a: Raven|spd|1
|
|-heal|p1a: Raven|94/100|[from] item: Leftovers
|upkeep
|turn|20
|inactive|ono oh no has 30 seconds left.
|
|t:|1667131357
|switch|p2a: Landorus|Landorus-Therian, M|80/100
|-damage|p2a: Landorus|68/100|[from] Stealth Rock
|-ability|p2a: Landorus|Intimidate|boost
|-unboost|p1a: Raven|atk|1
|move|p1a: Raven|Surf|p2a: Landorus
|-supereffective|p2a: Landorus
|-damage|p2a: Landorus|1/100
|
|-heal|p1a: Raven|100/100|[from] item: Leftovers
|-heal|p2a: Landorus|7/100|[from] item: Leftovers
|upkeep
|turn|21
|
|t:|1667131376
|move|p1a: Raven|Surf|p2a: Landorus
|-supereffective|p2a: Landorus
|-damage|p2a: Landorus|0 fnt
|faint|p2a: Landorus
|
|-sideend|p1: tesla roadster|move: Aurora Veil
|upkeep
|l| sufy512
|inactive|ono oh no has 30 seconds left.
|inactive|ono oh no has 20 seconds left.
|
|t:|1667131404
|switch|p2a: Rotom|Rotom-Wash|25/100
|-damage|p2a: Rotom|12/100|[from] Stealth Rock
|turn|22
|inactive|ono oh no has 30 seconds left this turn.
|
|t:|1667131413
|move|p2a: Rotom|Pain Split|p1a: Raven
|-sethp|p1a: Raven|56/100|[from] move: Pain Split|[silent]
|-sethp|p2a: Rotom|57/100|[from] move: Pain Split
|move|p1a: Raven|Calm Mind|p1a: Raven
|-boost|p1a: Raven|spa|1
|-boost|p1a: Raven|spd|1
|
|-heal|p1a: Raven|62/100|[from] item: Leftovers
|upkeep
|turn|23
|
|t:|1667131419
|move|p2a: Rotom|Thunderbolt|p1a: Raven
|-supereffective|p1a: Raven
|-damage|p1a: Raven|27/100
|move|p1a: Raven|Draining Kiss|p2a: Rotom
|-damage|p2a: Rotom|23/100
|-heal|p1a: Raven|53/100|[from] drain|[of] p2a: Rotom
|
|-heal|p1a: Raven|59/100|[from] item: Leftovers
|-fieldend|Misty Terrain
|upkeep
|turn|24
|
|t:|1667131425
|move|p2a: Rotom|Thunderbolt|p1a: Raven
|-supereffective|p1a: Raven
|-damage|p1a: Raven|28/100
|move|p1a: Raven|Draining Kiss|p2a: Rotom
|-damage|p2a: Rotom|0 fnt
|-heal|p1a: Raven|44/100|[from] drain|[of] p2a: Rotom
|faint|p2a: Rotom
|
|-heal|p1a: Raven|50/100|[from] item: Leftovers
|upkeep
|
|t:|1667131429
|switch|p2a: Weavile|Weavile, M|76/100
|-damage|p2a: Weavile|51/100|[from] Stealth Rock
|-ability|p2a: Weavile|Pressure
|turn|25
|
|t:|1667131432
|move|p2a: Weavile|Triple Axel|p1a: Raven
|-resisted|p1a: Raven
|-damage|p1a: Raven|45/100
|-resisted|p1a: Raven
|-damage|p1a: Raven|33/100
|-resisted|p1a: Raven
|-damage|p1a: Raven|16/100
|-hitcount|p1a: Raven|3
|move|p1a: Raven|Draining Kiss|p2a: Weavile
|-supereffective|p2a: Weavile
|-damage|p2a: Weavile|0 fnt
|-heal|p1a: Raven|51/100|[from] drain|[of] p2a: Weavile
|faint|p2a: Weavile
|
|-heal|p1a: Raven|57/100|[from] item: Leftovers
|upkeep
|c|☆ono oh no|fuck gg
|
|t:|1667131436
|switch|p2a: Heatran|Heatran, M|76/100
|-damage|p2a: Heatran|63/100|[from] Stealth Rock
|-item|p2a: Heatran|Air Balloon
|turn|26
|c|☆tesla roadster|gg
|
|t:|1667131441
|move|p2a: Heatran|Magma Storm|p1a: Raven
|-resisted|p1a: Raven
|-damage|p1a: Raven|45/100
|-activate|p1a: Raven|move: Magma Storm|[of] p2a: Heatran
|move|p1a: Raven|Surf|p2a: Heatran
|-supereffective|p2a: Heatran
|-damage|p2a: Heatran|0 fnt
|-enditem|p2a: Heatran|Air Balloon
|faint|p2a: Heatran
|
|win|tesla roadster
|n|☆tesla roadster|teslaroadster
|n|☆ono oh no|onoohno
|n|+moondazing|moondazing
|n| Aftx|aftx
|n| TheNewBrends11|thenewbrends11
|n| josema_09|josema09
|n| jirachi0997|jirachi0997
|l|+moondazing
|l|☆tesla roadster
|l| josema_09
|l| Aftx
|l|☆ono oh no
|l| jirachi0997
