|j|☆cxcould
|j|☆Stunfisk2140
|t:|1645891919
|gametype|singles
|player|p1|cxcould|dawn|1506
|player|p2|Stunfisk2140|169|1588
|teamsize|p1|6
|teamsize|p2|6
|gen|8
|tier|[Gen 8] OU
|rated|
|rule|Sleep Clause Mod: Limit one foe put to sleep
|rule|Species Clause: Limit one of each Pokémon
|rule|OHKO Clause: OHKO moves are banned
|rule|Evasion Moves Clause: Evasion moves are banned
|rule|Endless Battle Clause: Forcing endless battles is banned
|rule|HP Percentage Mod: HP is shown in percentages
|rule|Dynamax Clause: You cannot dynamax
|clearpoke
|poke|p1|Bisharp, F|
|poke|p1|Blacephalon|
|poke|p1|Tapu Koko|
|poke|p1|Landorus-Therian, M|
|poke|p1|Toxapex, M|
|poke|p1|Mandibuzz, F|
|poke|p2|Aegislash, M|
|poke|p2|Garchomp, M|
|poke|p2|Mandibuzz, F|
|poke|p2|Ferrothorn, F|
|poke|p2|Buzzwole|
|poke|p2|Tapu Lele|
|teampreview
|inactive|Battle timer is ON: inactive players will automatically lose when time's up. (requested by Stunfisk2140)
|l|☆Stunfisk2140
|inactive|Stunfisk2140 disconnected and has a minute to reconnect!
|player|p2|
|j|☆Stunfisk2140
|inactive|Stunfisk2140 reconnected and has 105 seconds left.
|player|p2|Stunfisk2140|169
|
|t:|1645891984
|start
|switch|p1a: Bisharp|Bisharp, F|100/100
|switch|p2a: Georgie's Waifu|Tapu Lele|100/100
|-fieldstart|move: Psychic Terrain|[from] ability: Psychic Surge|[of] p2a: Georgie's Waifu
|turn|1
|
|t:|1645891992
|switch|p2a: NachoThighJuice|Buzzwole, shiny|100/100
|move|p1a: Bisharp|Iron Head|p2a: NachoThighJuice
|-damage|p2a: NachoThighJuice|71/100
|-damage|p1a: Bisharp|84/100|[from] item: Rocky Helmet|[of] p2a: NachoThighJuice
|
|upkeep
|turn|2
|
|t:|1645891999
|switch|p2a: Georgie's Waifu|Tapu Lele|100/100
|switch|p1a: Tapu Koko|Tapu Koko|100/100
|-fieldstart|move: Electric Terrain|[from] ability: Electric Surge|[of] p1a: Tapu Koko
|
|upkeep
|turn|3
|inactive|Stunfisk2140 has 120 seconds left.
|
|t:|1645892030
|move|p2a: Georgie's Waifu|Moonblast|p1a: Tapu Koko
|-damage|p1a: Tapu Koko|13/100
|move|p1a: Tapu Koko|U-turn|p2a: Georgie's Waifu
|-damage|p2a: Georgie's Waifu|74/100
|
|t:|1645892035
|switch|p1a: Blacephalon|Blacephalon|100/100|[from]move: U-turn
|
|upkeep
|turn|4
|
|t:|1645892043
|switch|p2a: Ruffian Scavenger|Mandibuzz, F, shiny|100/100
|move|p1a: Blacephalon|Flamethrower|p2a: Ruffian Scavenger
|-damage|p2a: Ruffian Scavenger|47/100
|
|upkeep
|turn|5
|
|t:|1645892049
|switch|p2a: Kisame|Garchomp, M|100/100
|move|p1a: Blacephalon|Flamethrower|p2a: Kisame
|-resisted|p2a: Kisame
|-damage|p2a: Kisame|54/100
|
|-heal|p2a: Kisame|60/100|[from] item: Leftovers
|upkeep
|turn|6
|
|t:|1645892060
|switch|p1a: Landorus|Landorus-Therian, M|100/100
|-ability|p1a: Landorus|Intimidate|boost
|-unboost|p2a: Kisame|atk|1
|move|p2a: Kisame|Stealth Rock|p1a: Landorus
|-sidestart|p1: cxcould|move: Stealth Rock
|
|-heal|p2a: Kisame|67/100|[from] item: Leftovers
|-fieldend|move: Electric Terrain
|upkeep
|turn|7
|
|t:|1645892068
|switch|p2a: Pain|Ferrothorn, F|100/100
|move|p1a: Landorus|Knock Off|p2a: Pain
|-damage|p2a: Pain|81/100
|-damage|p1a: Landorus|88/100|[from] ability: Iron Barbs|[of] p2a: Pain
|-enditem|p2a: Pain|Leftovers|[from] move: Knock Off|[of] p1a: Landorus
|
|-heal|p1a: Landorus|94/100|[from] item: Leftovers
|upkeep
|turn|8
|
|t:|1645892077
|move|p1a: Landorus|U-turn|p2a: Pain
|-damage|p2a: Pain|66/100
|-damage|p1a: Landorus|82/100|[from] ability: Iron Barbs|[of] p2a: Pain
|
|t:|1645892083
|switch|p1a: Bisharp|Bisharp, F|84/100|[from]move: U-turn
|-damage|p1a: Bisharp|78/100|[from] Stealth Rock
|move|p2a: Pain|Knock Off|p1a: Bisharp
|-resisted|p1a: Bisharp
|-damage|p1a: Bisharp|64/100
|-enditem|p1a: Bisharp|Focus Sash|[from] move: Knock Off|[of] p2a: Pain
|
|upkeep
|turn|9
|
|t:|1645892094
|switch|p2a: NachoThighJuice|Buzzwole, shiny|71/100
|move|p1a: Bisharp|Swords Dance|p1a: Bisharp
|-boost|p1a: Bisharp|atk|2
|
|upkeep
|turn|10
|
|t:|1645892103
|switch|p1a: Toxapex|Toxapex, M|100/100
|-damage|p1a: Toxapex|88/100|[from] Stealth Rock
|move|p2a: NachoThighJuice|Roost|p2a: NachoThighJuice
|-heal|p2a: NachoThighJuice|100/100
|-singleturn|p2a: NachoThighJuice|move: Roost
|
|upkeep
|turn|11
|
|t:|1645892110
|switch|p2a: Pain|Ferrothorn, F|66/100
|switch|p1a: Blacephalon|Blacephalon|100/100
|-damage|p1a: Blacephalon|75/100|[from] Stealth Rock
|
|upkeep
|turn|12
|
|t:|1645892124
|switch|p2a: Kisame|Garchomp, M|67/100
|move|p1a: Blacephalon|Flamethrower|p2a: Kisame
|-resisted|p2a: Kisame
|-damage|p2a: Kisame|24/100
|
|-heal|p2a: Kisame|30/100|[from] item: Leftovers
|upkeep
|turn|13
|
|t:|1645892131
|move|p1a: Blacephalon|Flamethrower|p2a: Kisame
|-resisted|p2a: Kisame
|-damage|p2a: Kisame|0 fnt
|faint|p2a: Kisame
|-ability|p1a: Blacephalon|Beast Boost|boost
|-boost|p1a: Blacephalon|spa|1
|
|upkeep
|
|t:|1645892138
|switch|p2a: Georgie's Waifu|Tapu Lele|74/100
|-fieldstart|move: Psychic Terrain|[from] ability: Psychic Surge|[of] p2a: Georgie's Waifu
|turn|14
|
|t:|1645892143
|switch|p1a: Bisharp|Bisharp, F|64/100
|-damage|p1a: Bisharp|58/100|[from] Stealth Rock
|move|p2a: Georgie's Waifu|Psyshock|p1a: Bisharp
|-immune|p1a: Bisharp
|
|upkeep
|turn|15
|
|t:|1645892151
|switch|p2a: NachoThighJuice|Buzzwole, shiny|100/100
|switch|p1a: Blacephalon|Blacephalon|75/100
|-damage|p1a: Blacephalon|50/100|[from] Stealth Rock
|
|upkeep
|turn|16
|
|t:|1645892162
|move|p1a: Blacephalon|Flamethrower|p2a: NachoThighJuice
|-supereffective|p2a: NachoThighJuice
|-damage|p2a: NachoThighJuice|0 fnt
|faint|p2a: NachoThighJuice
|-ability|p1a: Blacephalon|Beast Boost|boost
|-boost|p1a: Blacephalon|spa|1
|
|upkeep
|
|t:|1645892167
|switch|p2a: Georgie's Waifu|Tapu Lele|74/100
|turn|17
|
|t:|1645892171
|switch|p1a: Toxapex|Toxapex, M|100/100
|-damage|p1a: Toxapex|88/100|[from] Stealth Rock
|move|p2a: Georgie's Waifu|Moonblast|p1a: Toxapex
|-resisted|p1a: Toxapex
|-damage|p1a: Toxapex|66/100
|
|upkeep
|turn|18
|
|t:|1645892182
|switch|p2a: Pain|Ferrothorn, F|66/100
|switch|p1a: Mandibuzz|Mandibuzz, F|100/100
|
|-fieldend|move: Psychic Terrain
|upkeep
|turn|19
|
|t:|1645892188
|move|p1a: Mandibuzz|Defog|p2a: Pain
|-unboost|p2a: Pain|evasion|1
|-sideend|p1: cxcould|Stealth Rock|[from] move: Defog|[of] p1a: Mandibuzz
|move|p2a: Pain|Leech Seed|p1a: Mandibuzz
|-start|p1a: Mandibuzz|move: Leech Seed
|
|-damage|p1a: Mandibuzz|88/100|[from] Leech Seed|[of] p2a: Pain
|-heal|p2a: Pain|81/100|[silent]
|upkeep
|turn|20
|
|t:|1645892197
|switch|p1a: Blacephalon|Blacephalon|50/100
|move|p2a: Pain|Knock Off|p1a: Blacephalon
|-supereffective|p1a: Blacephalon
|-damage|p1a: Blacephalon|0 fnt
|-enditem|p1a: Blacephalon|Choice Specs|[from] move: Knock Off|[of] p2a: Pain
|faint|p1a: Blacephalon
|
|upkeep
|
|t:|1645892211
|switch|p1a: Bisharp|Bisharp, F|58/100
|turn|21
|
|t:|1645892217
|move|p1a: Bisharp|Swords Dance|p1a: Bisharp
|-boost|p1a: Bisharp|atk|2
|move|p2a: Pain|Leech Seed|p1a: Bisharp
|-start|p1a: Bisharp|move: Leech Seed
|
|-damage|p1a: Bisharp|45/100|[from] Leech Seed|[of] p2a: Pain
|-heal|p2a: Pain|90/100|[silent]
|upkeep
|turn|22
|
|t:|1645892224
|move|p1a: Bisharp|Knock Off|p2a: Pain
|-crit|p2a: Pain
|-damage|p2a: Pain|28/100
|-damage|p1a: Bisharp|33/100|[from] ability: Iron Barbs|[of] p2a: Pain
|move|p2a: Pain|Gyro Ball|p1a: Bisharp
|-resisted|p1a: Bisharp
|-damage|p1a: Bisharp|3/100
|
|-damage|p1a: Bisharp|0 fnt|[from] Leech Seed|[of] p2a: Pain
|-heal|p2a: Pain|29/100|[silent]
|faint|p1a: Bisharp
|upkeep
|
|t:|1645892229
|switch|p1a: Landorus|Landorus-Therian, M|82/100
|-ability|p1a: Landorus|Intimidate|boost
|-unboost|p2a: Pain|atk|1
|turn|23
|
|t:|1645892243
|switch|p2a: Ruffian Scavenger|Mandibuzz, F, shiny|47/100
|move|p1a: Landorus|Earthquake|p2a: Ruffian Scavenger
|-immune|p2a: Ruffian Scavenger
|
|-heal|p1a: Landorus|88/100|[from] item: Leftovers
|upkeep
|turn|24
|
|t:|1645892250
|move|p1a: Landorus|U-turn|p2a: Ruffian Scavenger
|-damage|p2a: Ruffian Scavenger|28/100
|
|t:|1645892253
|switch|p1a: Tapu Koko|Tapu Koko|13/100|[from]move: U-turn
|-fieldstart|move: Electric Terrain|[from] ability: Electric Surge|[of] p1a: Tapu Koko
|move|p2a: Ruffian Scavenger|U-turn|p1a: Tapu Koko
|-resisted|p1a: Tapu Koko
|-damage|p1a: Tapu Koko|5/100
|
|t:|1645892262
|switch|p2a: Georgie's Waifu|Tapu Lele|74/100|[from]move: U-turn
|-fieldstart|move: Psychic Terrain|[from] ability: Psychic Surge|[of] p2a: Georgie's Waifu
|
|upkeep
|turn|25
|
|t:|1645892270
|switch|p1a: Mandibuzz|Mandibuzz, F|88/100
|move|p2a: Georgie's Waifu|Thunderbolt|p1a: Mandibuzz
|-supereffective|p1a: Mandibuzz
|-damage|p1a: Mandibuzz|32/100
|
|upkeep
|turn|26
|
|t:|1645892280
|switch|p2a: Ruffian Scavenger|Mandibuzz, F, shiny|28/100
|switch|p1a: Landorus|Landorus-Therian, M|88/100
|-ability|p1a: Landorus|Intimidate|boost
|-unboost|p2a: Ruffian Scavenger|atk|1
|
|-heal|p1a: Landorus|94/100|[from] item: Leftovers
|upkeep
|turn|27
|
|t:|1645892289
|move|p2a: Ruffian Scavenger|Roost|p2a: Ruffian Scavenger
|-heal|p2a: Ruffian Scavenger|78/100
|-singleturn|p2a: Ruffian Scavenger|move: Roost
|move|p1a: Landorus|Knock Off|p2a: Ruffian Scavenger
|-resisted|p2a: Ruffian Scavenger
|-damage|p2a: Ruffian Scavenger|65/100
|-enditem|p2a: Ruffian Scavenger|Heavy-Duty Boots|[from] move: Knock Off|[of] p1a: Landorus
|
|-heal|p1a: Landorus|100/100|[from] item: Leftovers
|upkeep
|turn|28
|
|t:|1645892299
|move|p2a: Ruffian Scavenger|Foul Play|p1a: Landorus
|-damage|p1a: Landorus|38/100
|move|p1a: Landorus|Stealth Rock|p2a: Ruffian Scavenger
|-sidestart|p2: Stunfisk2140|move: Stealth Rock
|
|-heal|p1a: Landorus|45/100|[from] item: Leftovers
|-fieldend|move: Psychic Terrain
|upkeep
|turn|29
|
|t:|1645892308
|switch|p1a: Toxapex|Toxapex, M|99/100
|move|p2a: Ruffian Scavenger|Foul Play|p1a: Toxapex
|-damage|p1a: Toxapex|84/100
|-damage|p2a: Ruffian Scavenger|48/100|[from] item: Rocky Helmet|[of] p1a: Toxapex
|
|upkeep
|turn|30
|
|t:|1645892316
|move|p2a: Ruffian Scavenger|Roost|p2a: Ruffian Scavenger
|-heal|p2a: Ruffian Scavenger|98/100
|-singleturn|p2a: Ruffian Scavenger|move: Roost
|move|p1a: Toxapex|Scald|p2a: Ruffian Scavenger
|-damage|p2a: Ruffian Scavenger|87/100
|
|upkeep
|turn|31
|
|t:|1645892325
|switch|p1a: Mandibuzz|Mandibuzz, F|32/100
|move|p2a: Ruffian Scavenger|Defog|p1a: Mandibuzz
|-unboost|p1a: Mandibuzz|evasion|1
|-sideend|p2: Stunfisk2140|Stealth Rock|[from] move: Defog|[of] p2a: Ruffian Scavenger
|
|upkeep
|turn|32
|
|t:|1645892331
|switch|p2a: Georgie's Waifu|Tapu Lele|74/100
|-fieldstart|move: Psychic Terrain|[from] ability: Psychic Surge|[of] p2a: Georgie's Waifu
|move|p1a: Mandibuzz|Roost|p1a: Mandibuzz
|-heal|p1a: Mandibuzz|82/100
|-singleturn|p1a: Mandibuzz|move: Roost
|
|upkeep
|turn|33
|
|t:|1645892340
|move|p2a: Georgie's Waifu|Psyshock|p1a: Mandibuzz
|-immune|p1a: Mandibuzz
|move|p1a: Mandibuzz|Foul Play|p2a: Georgie's Waifu
|-damage|p2a: Georgie's Waifu|40/100
|
|upkeep
|turn|34
|
|t:|1645892347
|switch|p2a: Ruffian Scavenger|Mandibuzz, F, shiny|87/100
|move|p1a: Mandibuzz|U-turn|p2a: Ruffian Scavenger
|-damage|p2a: Ruffian Scavenger|80/100
|
|t:|1645892350
|switch|p1a: Tapu Koko|Tapu Koko|5/100|[from]move: U-turn
|-fieldstart|move: Electric Terrain|[from] ability: Electric Surge|[of] p1a: Tapu Koko
|
|upkeep
|turn|35
|
|t:|1645892355
|move|p1a: Tapu Koko|Thunderbolt|p2a: Ruffian Scavenger
|-supereffective|p2a: Ruffian Scavenger
|-damage|p2a: Ruffian Scavenger|18/100
|move|p2a: Ruffian Scavenger|Foul Play|p1a: Tapu Koko
|-resisted|p1a: Tapu Koko
|-damage|p1a: Tapu Koko|0 fnt
|faint|p1a: Tapu Koko
|
|upkeep
|
|t:|1645892369
|switch|p1a: Mandibuzz|Mandibuzz, F|82/100
|turn|36
|
|t:|1645892374
|move|p2a: Ruffian Scavenger|Roost|p2a: Ruffian Scavenger
|-heal|p2a: Ruffian Scavenger|68/100
|-singleturn|p2a: Ruffian Scavenger|move: Roost
|move|p1a: Mandibuzz|Foul Play|p2a: Ruffian Scavenger
|-resisted|p2a: Ruffian Scavenger
|-damage|p2a: Ruffian Scavenger|60/100
|
|upkeep
|turn|37
|c|☆Stunfisk2140|ur good
|c|☆Stunfisk2140|im better
|
|t:|1645892383
|move|p2a: Ruffian Scavenger|Roost|p2a: Ruffian Scavenger
|-heal|p2a: Ruffian Scavenger|100/100
|-singleturn|p2a: Ruffian Scavenger|move: Roost
|move|p1a: Mandibuzz|U-turn|p2a: Ruffian Scavenger
|-supereffective|p2a: Ruffian Scavenger
|-damage|p2a: Ruffian Scavenger|84/100
|
|t:|1645892387
|switch|p1a: Landorus|Landorus-Therian, M|45/100|[from]move: U-turn
|-ability|p1a: Landorus|Intimidate|boost
|-unboost|p2a: Ruffian Scavenger|atk|1
|
|-heal|p1a: Landorus|51/100|[from] item: Leftovers
|upkeep
|turn|38
|
|t:|1645892395
|switch|p1a: Mandibuzz|Mandibuzz, F|82/100
|move|p2a: Ruffian Scavenger|U-turn|p1a: Mandibuzz
|-damage|p1a: Mandibuzz|77/100
|
|t:|1645892400
|switch|p2a: Georgie's Waifu|Tapu Lele|40/100|[from]move: U-turn
|-fieldstart|move: Psychic Terrain|[from] ability: Psychic Surge|[of] p2a: Georgie's Waifu
|
|upkeep
|turn|39
|
|t:|1645892405
|switch|p1a: Toxapex|Toxapex, M|100/100
|move|p2a: Georgie's Waifu|Future Sight|p1a: Toxapex
|-start|p2a: Georgie's Waifu|move: Future Sight
|
|upkeep
|turn|40
|
|t:|1645892414
|switch|p2a: Hexcalibur|Aegislash, M, shiny|100/100
|move|p1a: Toxapex|Scald|p2a: Hexcalibur
|-damage|p2a: Hexcalibur|85/100
|
|upkeep
|turn|41
|
|t:|1645892421
|switch|p1a: Mandibuzz|Mandibuzz, F|77/100
|-formechange|p2a: Hexcalibur|Aegislash-Blade||[from] ability: Stance Change
|move|p2a: Hexcalibur|Flash Cannon|p1a: Mandibuzz
|-damage|p1a: Mandibuzz|22/100
|
|-end|p1a: Mandibuzz|move: Future Sight
|-immune|p1a: Mandibuzz
|upkeep
|turn|42
|
|t:|1645892430
|switch|p2a: Georgie's Waifu|Tapu Lele|40/100
|move|p1a: Mandibuzz|Roost|p1a: Mandibuzz
|-heal|p1a: Mandibuzz|72/100
|-singleturn|p1a: Mandibuzz|move: Roost
|
|-fieldend|move: Psychic Terrain
|upkeep
|turn|43
|
|t:|1645892438
|switch|p1a: Toxapex|Toxapex, M|100/100
|move|p2a: Georgie's Waifu|Moonblast|p1a: Toxapex
|-resisted|p1a: Toxapex
|-damage|p1a: Toxapex|80/100
|-unboost|p1a: Toxapex|spa|1
|
|upkeep
|turn|44
|
|t:|1645892446
|switch|p2a: Pain|Ferrothorn, F|29/100
|switch|p1a: Mandibuzz|Mandibuzz, F|72/100
|
|upkeep
|turn|45
|
|t:|1645892455
|move|p1a: Mandibuzz|Foul Play|p2a: Pain
|-damage|p2a: Pain|10/100
|-damage|p1a: Mandibuzz|60/100|[from] ability: Iron Barbs|[of] p2a: Pain
|move|p2a: Pain|Leech Seed|p1a: Mandibuzz
|-start|p1a: Mandibuzz|move: Leech Seed
|
|-damage|p1a: Mandibuzz|47/100|[from] Leech Seed|[of] p2a: Pain
|-heal|p2a: Pain|25/100|[silent]
|upkeep
|turn|46
|
|t:|1645892463
|move|p1a: Mandibuzz|Roost|p1a: Mandibuzz
|-heal|p1a: Mandibuzz|98/100
|-singleturn|p1a: Mandibuzz|move: Roost
|move|p2a: Pain|Spikes|p1a: Mandibuzz
|-sidestart|p1: cxcould|Spikes
|
|-damage|p1a: Mandibuzz|85/100|[from] Leech Seed|[of] p2a: Pain
|-heal|p2a: Pain|39/100|[silent]
|upkeep
|turn|47
|
|t:|1645892473
|switch|p1a: Landorus|Landorus-Therian, M|51/100
|-ability|p1a: Landorus|Intimidate|boost
|-unboost|p2a: Pain|atk|1
|move|p2a: Pain|Spikes|p1a: Landorus
|-sidestart|p1: cxcould|Spikes
|
|-heal|p1a: Landorus|57/100|[from] item: Leftovers
|upkeep
|turn|48
|
|t:|1645892480
|move|p1a: Landorus|Earthquake|p2a: Pain
|-damage|p2a: Pain|5/100
|move|p2a: Pain|Leech Seed|p1a: Landorus|[miss]
|-miss|p2a: Pain|p1a: Landorus
|
|-heal|p1a: Landorus|63/100|[from] item: Leftovers
|upkeep
|turn|49
|
|t:|1645892487
|move|p1a: Landorus|U-turn|p2a: Pain
|-damage|p2a: Pain|0 fnt
|-damage|p1a: Landorus|51/100|[from] ability: Iron Barbs|[of] p2a: Pain
|faint|p2a: Pain
|
|t:|1645892494
|switch|p1a: Toxapex|Toxapex, M|100/100|[from]move: U-turn
|-damage|p1a: Toxapex|84/100|[from] Spikes
|
|upkeep
|
|t:|1645892499
|switch|p2a: Georgie's Waifu|Tapu Lele|40/100
|-fieldstart|move: Psychic Terrain|[from] ability: Psychic Surge|[of] p2a: Georgie's Waifu
|turn|50
|
|t:|1645892510
|move|p2a: Georgie's Waifu|Psyshock|p1a: Toxapex
|-supereffective|p1a: Toxapex
|-damage|p1a: Toxapex|17/100
|move|p1a: Toxapex|Scald|p2a: Georgie's Waifu
|-damage|p2a: Georgie's Waifu|21/100
|
|upkeep
|turn|51
|
|t:|1645892519
|switch|p2a: Hexcalibur|Aegislash, M, shiny|85/100
|switch|p1a: Mandibuzz|Mandibuzz, F|85/100
|
|upkeep
|turn|52
|
|t:|1645892524
|move|p1a: Mandibuzz|Defog|p2a: Hexcalibur
|-unboost|p2a: Hexcalibur|evasion|1
|-sideend|p1: cxcould|Spikes|[from] move: Defog|[of] p1a: Mandibuzz
|-fieldend|move: Psychic Terrain
|-formechange|p2a: Hexcalibur|Aegislash-Blade||[from] ability: Stance Change
|move|p2a: Hexcalibur|Flash Cannon|p1a: Mandibuzz
|-damage|p1a: Mandibuzz|23/100
|
|upkeep
|turn|53
|
|t:|1645892539
|switch|p2a: Ruffian Scavenger|Mandibuzz, F, shiny|84/100
|move|p1a: Mandibuzz|Foul Play|p2a: Ruffian Scavenger
|-resisted|p2a: Ruffian Scavenger
|-damage|p2a: Ruffian Scavenger|76/100
|
|upkeep
|turn|54
|
|t:|1645892545
|move|p2a: Ruffian Scavenger|U-turn|p1a: Mandibuzz
|-damage|p1a: Mandibuzz|17/100
|
|t:|1645892552
|switch|p2a: Georgie's Waifu|Tapu Lele|21/100|[from]move: U-turn
|-fieldstart|move: Psychic Terrain|[from] ability: Psychic Surge|[of] p2a: Georgie's Waifu
|move|p1a: Mandibuzz|Roost|p1a: Mandibuzz
|-heal|p1a: Mandibuzz|67/100
|-singleturn|p1a: Mandibuzz|move: Roost
|
|upkeep
|turn|55
|
|t:|1645892561
|switch|p1a: Landorus|Landorus-Therian, M|51/100
|-ability|p1a: Landorus|Intimidate|boost
|-unboost|p2a: Georgie's Waifu|atk|1
|move|p2a: Georgie's Waifu|Moonblast|p1a: Landorus
|-damage|p1a: Landorus|4/100
|
|-heal|p1a: Landorus|10/100|[from] item: Leftovers
|upkeep
|turn|56
|
|t:|1645892571
|move|p2a: Georgie's Waifu|Moonblast|p1a: Landorus
|-damage|p1a: Landorus|0 fnt
|faint|p1a: Landorus
|
|upkeep
|
|t:|1645892574
|switch|p1a: Toxapex|Toxapex, M|50/100
|turn|57
|
|t:|1645892587
|switch|p2a: Hexcalibur|Aegislash, M, shiny|85/100
|move|p1a: Toxapex|Knock Off|p2a: Hexcalibur
|-supereffective|p2a: Hexcalibur
|-damage|p2a: Hexcalibur|54/100
|-enditem|p2a: Hexcalibur|Choice Specs|[from] move: Knock Off|[of] p1a: Toxapex
|
|upkeep
|turn|58
|
|t:|1645892594
|switch|p1a: Mandibuzz|Mandibuzz, F|67/100
|-formechange|p2a: Hexcalibur|Aegislash-Blade||[from] ability: Stance Change
|move|p2a: Hexcalibur|Shadow Ball|p1a: Mandibuzz
|-resisted|p1a: Mandibuzz
|-damage|p1a: Mandibuzz|48/100
|-unboost|p1a: Mandibuzz|spd|1
|
|-fieldend|move: Psychic Terrain
|upkeep
|turn|59
|
|t:|1645892603
|move|p1a: Mandibuzz|Foul Play|p2a: Hexcalibur
|-supereffective|p2a: Hexcalibur
|-damage|p2a: Hexcalibur|0 fnt
|faint|p2a: Hexcalibur
|
|upkeep
|
|t:|1645892608
|switch|p2a: Georgie's Waifu|Tapu Lele|21/100
|-fieldstart|move: Psychic Terrain|[from] ability: Psychic Surge|[of] p2a: Georgie's Waifu
|turn|60
|
|t:|1645892618
|switch|p1a: Toxapex|Toxapex, M|83/100
|move|p2a: Georgie's Waifu|Thunderbolt|p1a: Toxapex
|-supereffective|p1a: Toxapex
|-damage|p1a: Toxapex|24/100
|
|upkeep
|turn|61
|
|t:|1645892623
|move|p2a: Georgie's Waifu|Thunderbolt|p1a: Toxapex
|-supereffective|p1a: Toxapex
|-damage|p1a: Toxapex|0 fnt
|faint|p1a: Toxapex
|
|upkeep
|
|t:|1645892625
|switch|p1a: Mandibuzz|Mandibuzz, F|48/100
|turn|62
|c|☆Stunfisk2140|gg
|
|t:|1645892629
|move|p2a: Georgie's Waifu|Thunderbolt|p1a: Mandibuzz
|-supereffective|p1a: Mandibuzz
|-damage|p1a: Mandibuzz|0 fnt
|faint|p1a: Mandibuzz
|
|win|Stunfisk2140
|raw|cxcould's rating: 1506 &rarr; <strong>1491</strong><br />(-15 for losing)
|raw|Stunfisk2140's rating: 1588 &rarr; <strong>1603</strong><br />(+15 for winning)
|l|☆cxcould
