|raw|<div class="broadcast-blue"><strong>This battle is required to be public due to a player having a name prefixed by 'LT72MS'.</div>
|j|☆LT72MS Nova
|j|☆isheavydead
|t:|1597432625
|player|p1|LT72MS Nova|steven|1652
|player|p2|isheavydead|265|1728
|teamsize|p1|6
|teamsize|p2|6
|gametype|singles
|gen|8
|tier|[Gen 8] OU
|rated|
|clearpoke
|poke|p1|Toxtricity, F|
|poke|p1|Bisharp, M|
|poke|p1|Mamoswine, M|
|poke|p1|Rillaboom, F|
|poke|p1|Hawlucha, F|
|poke|p1|Dragapult, F|
|poke|p2|Haxorus, M|
|poke|p2|Volcarona, M|
|poke|p2|Ninetales-Alola, F|
|poke|p2|Excadrill, M|
|poke|p2|Urshifu-*, M|
|poke|p2|Azumarill, F|
|rule|Sleep Clause Mod: Limit one foe put to sleep
|rule|Species Clause: Limit one of each Pokémon
|rule|OHKO Clause: OHKO moves are banned
|rule|Evasion Moves Clause: Evasion moves are banned
|rule|Endless Battle Clause: Forcing endless battles is banned
|rule|HP Percentage Mod: HP is shown in percentages
|rule|Dynamax Clause: You cannot dynamax
|teampreview
|inactive|Battle timer is ON: inactive players will automatically lose when time's up. (requested by LT72MS Nova)
|
|t:|1597432637
|start
|switch|p1a: Mamoswine|Mamoswine, M|100/100
|switch|p2a: Excadrill|Excadrill, M, shiny|100/100
|-ability|p2a: Excadrill|Mold Breaker
|turn|1
|
|t:|1597432643
|move|p2a: Excadrill|Stealth Rock|p1a: Mamoswine
|-sidestart|p1: LT72MS Nova|move: Stealth Rock
|move|p1a: Mamoswine|Earthquake|p2a: Excadrill
|-supereffective|p2a: Excadrill
|-enditem|p2a: Excadrill|Focus Sash
|-damage|p2a: Excadrill|1/100
|
|upkeep
|turn|2
|
|t:|1597432648
|move|p1a: Mamoswine|Ice Shard|p2a: Excadrill
|-damage|p2a: Excadrill|0 fnt
|faint|p2a: Excadrill
|
|upkeep
|
|t:|1597432652
|switch|p2a: Urshifu|Urshifu, M|100/100
|turn|3
|
|t:|1597432657
|move|p2a: Urshifu|Bulk Up|p2a: Urshifu
|-boost|p2a: Urshifu|atk|1
|-boost|p2a: Urshifu|def|1
|move|p1a: Mamoswine|Stealth Rock|p2a: Urshifu
|-sidestart|p2: isheavydead|move: Stealth Rock
|
|upkeep
|turn|4
|
|t:|1597432662
|move|p2a: Urshifu|Bulk Up|p2a: Urshifu
|-boost|p2a: Urshifu|atk|1
|-boost|p2a: Urshifu|def|1
|move|p1a: Mamoswine|Endeavor|p2a: Urshifu
|-immune|p2a: Urshifu
|
|upkeep
|turn|5
|
|t:|1597432675
|move|p2a: Urshifu|Bulk Up|p2a: Urshifu
|-boost|p2a: Urshifu|atk|1
|-boost|p2a: Urshifu|def|1
|move|p1a: Mamoswine|Endeavor|p2a: Urshifu
|-immune|p2a: Urshifu
|
|upkeep
|turn|6
|
|t:|1597432681
|move|p2a: Urshifu|Bulk Up|p2a: Urshifu
|-boost|p2a: Urshifu|atk|1
|-boost|p2a: Urshifu|def|1
|move|p1a: Mamoswine|Endeavor|p2a: Urshifu
|-immune|p2a: Urshifu
|
|upkeep
|turn|7
|
|t:|1597432685
|move|p2a: Urshifu|Bulk Up|p2a: Urshifu
|-boost|p2a: Urshifu|atk|1
|-boost|p2a: Urshifu|def|1
|move|p1a: Mamoswine|Earthquake|p2a: Urshifu
|-damage|p2a: Urshifu|85/100
|
|upkeep
|turn|8
|
|t:|1597432689
|move|p2a: Urshifu|Bulk Up|p2a: Urshifu
|-boost|p2a: Urshifu|atk|1
|-boost|p2a: Urshifu|def|1
|move|p1a: Mamoswine|Endeavor|p2a: Urshifu
|-immune|p2a: Urshifu
|
|upkeep
|turn|9
|
|t:|1597432696
|move|p2a: Urshifu|Drain Punch|p1a: Mamoswine
|-supereffective|p1a: Mamoswine
|-enditem|p1a: Mamoswine|Focus Sash
|-damage|p1a: Mamoswine|1/100
|-heal|p2a: Urshifu|100/100|[from] drain|[of] p1a: Mamoswine
|move|p1a: Mamoswine|Endeavor|p2a: Urshifu
|-damage|p2a: Urshifu|1/100
|
|upkeep
|turn|10
|
|t:|1597432704
|move|p2a: Urshifu|Sucker Punch|p1a: Mamoswine
|-damage|p1a: Mamoswine|0 fnt
|faint|p1a: Mamoswine
|
|upkeep
|inactive|LT72MS Nova has 120 seconds left.
|
|t:|1597432735
|switch|p1a: Hawlucha|Hawlucha, F|100/100
|-damage|p1a: Hawlucha|88/100|[from] Stealth Rock
|turn|11
|
|t:|1597432738
|move|p2a: Urshifu|Wicked Blow|p1a: Hawlucha
|-resisted|p1a: Hawlucha
|-crit|p1a: Hawlucha
|-damage|p1a: Hawlucha|0 fnt
|faint|p1a: Hawlucha
|
|upkeep
|
|t:|1597432752
|switch|p1a: Dragapult|Dragapult, F|100/100
|-damage|p1a: Dragapult|88/100|[from] Stealth Rock
|turn|12
|
|t:|1597432758
|move|p2a: Urshifu|Sucker Punch||[still]
|-fail|p2a: Urshifu
|move|p1a: Dragapult|Dragon Dance|p1a: Dragapult
|-boost|p1a: Dragapult|atk|1
|-boost|p1a: Dragapult|spe|1
|
|upkeep
|turn|13
|
|t:|1597432760
|move|p2a: Urshifu|Sucker Punch||[still]
|-fail|p2a: Urshifu
|move|p1a: Dragapult|Dragon Dance|p1a: Dragapult
|-boost|p1a: Dragapult|atk|1
|-boost|p1a: Dragapult|spe|1
|
|upkeep
|turn|14
|
|t:|1597432764
|move|p1a: Dragapult|Dragon Dance|p1a: Dragapult
|-boost|p1a: Dragapult|atk|1
|-boost|p1a: Dragapult|spe|1
|move|p2a: Urshifu|Wicked Blow|p1a: Dragapult
|-supereffective|p1a: Dragapult
|-crit|p1a: Dragapult
|-damage|p1a: Dragapult|0 fnt
|faint|p1a: Dragapult
|
|upkeep
|
|t:|1597432770
|switch|p1a: Bisharp|Bisharp, M|100/100
|-damage|p1a: Bisharp|95/100|[from] Stealth Rock
|turn|15
|
|t:|1597432775
|move|p2a: Urshifu|Sucker Punch|p1a: Bisharp
|-resisted|p1a: Bisharp
|-damage|p1a: Bisharp|0 fnt
|faint|p1a: Bisharp
|
|upkeep
|
|t:|1597432781
|switch|p1a: Rillaboom|Rillaboom, F|100/100
|-damage|p1a: Rillaboom|88/100|[from] Stealth Rock
|-fieldstart|move: Grassy Terrain|[from] ability: Grassy Surge|[of] p1a: Rillaboom
|turn|16
|
|t:|1597432784
|move|p2a: Urshifu|Sucker Punch||[still]
|-fail|p2a: Urshifu
|move|p1a: Rillaboom|Swords Dance|p1a: Rillaboom
|-boost|p1a: Rillaboom|atk|2
|
|-heal|p2a: Urshifu|7/100|[from] Grassy Terrain
|-heal|p1a: Rillaboom|94/100|[from] Grassy Terrain
|upkeep
|turn|17
|
|t:|1597432787
|move|p2a: Urshifu|Wicked Blow|p1a: Rillaboom
|-crit|p1a: Rillaboom
|-damage|p1a: Rillaboom|0 fnt
|faint|p1a: Rillaboom
|
|-heal|p2a: Urshifu|13/100|[from] Grassy Terrain
|upkeep
|-message|LT72MS Nova forfeited.
|
|win|isheavydead
|l|☆LT72MS Nova
|c|☆isheavydead|gg
|l|☆isheavydead
|raw|LT72MS Nova's rating: 1653 &rarr; <strong>1638</strong><br />(-15 for losing)
|raw|isheavydead's rating: 1753 &rarr; <strong>1767</strong><br />(+14 for winning)
|j| Greninja Turb0水
