|j|☆mamaw31180
|j|☆bapu nono
|t:|1665176323
|gametype|singles
|player|p1|mamaw31180|169|1663
|player|p2|bapu nono|firebreather|1647
|teamsize|p1|6
|teamsize|p2|6
|gen|8
|tier|[Gen 8] OU
|rated|
|rule|Sleep Clause Mod: Limit one foe put to sleep
|rule|Species Clause: Limit one of each Pokémon
|rule|OHKO Clause: OHKO moves are banned
|rule|Evasion Items Clause: Evasion items are banned
|rule|Evasion Moves Clause: Evasion moves are banned
|rule|Endless Battle Clause: Forcing endless battles is banned
|rule|HP Percentage Mod: HP is shown in percentages
|rule|Dynamax Clause: You cannot dynamax
|clearpoke
|poke|p1|Kartana|
|poke|p1|Blacephalon|
|poke|p1|Garchomp, M|
|poke|p1|Toxapex, M|
|poke|p1|Corviknight, M|
|poke|p1|Tyranitar, F|
|poke|p2|Clefable, M|
|poke|p2|Melmetal|
|poke|p2|Zapdos|
|poke|p2|Blacephalon|
|poke|p2|Garchomp, F|
|poke|p2|Toxapex, M|
|teampreview
|inactive|Battle timer is ON: inactive players will automatically lose when time's up. (requested by mamaw31180)
|
|t:|1665176332
|start
|switch|p1a: Blacephalon|Blacephalon|100/100
|switch|p2a: Clefable|Clefable, M|100/100
|turn|1
|
|t:|1665176346
|move|p1a: Blacephalon|Overheat|p2a: Clefable
|-damage|p2a: Clefable|0 fnt
|-unboost|p1a: Blacephalon|spa|2
|faint|p2a: Clefable
|-ability|p1a: Blacephalon|Beast Boost|boost
|-boost|p1a: Blacephalon|spa|1
|
|upkeep
|
|t:|1665176350
|switch|p2a: Garchomp|Garchomp, F|100/100
|turn|2
|
|t:|1665176352
|switch|p1a: Corviknight|Corviknight, M|100/100
|-ability|p1a: Corviknight|Pressure
|move|p2a: Garchomp|Swords Dance|p2a: Garchomp
|-boost|p2a: Garchomp|atk|2
|
|upkeep
|turn|3
|
|t:|1665176355
|move|p2a: Garchomp|Swords Dance|p2a: Garchomp
|-boost|p2a: Garchomp|atk|2
|move|p1a: Corviknight|U-turn|p2a: Garchomp
|-damage|p2a: Garchomp|86/100
|-damage|p1a: Corviknight|88/100|[from] ability: Rough Skin|[of] p2a: Garchomp
|
|t:|1665176366
|switch|p1a: Kartana|Kartana|100/100|[from]move: U-turn
|
|-heal|p2a: Garchomp|92/100|[from] item: Leftovers
|upkeep
|turn|4
|
|t:|1665176371
|move|p1a: Kartana|Leaf Blade|p2a: Garchomp
|-damage|p2a: Garchomp|34/100
|-damage|p1a: Kartana|88/100|[from] ability: Rough Skin|[of] p2a: Garchomp
|move|p2a: Garchomp|Earthquake|p1a: Kartana
|-damage|p1a: Kartana|0 fnt
|faint|p1a: Kartana
|
|-heal|p2a: Garchomp|41/100|[from] item: Leftovers
|upkeep
|
|t:|1665176374
|switch|p1a: Corviknight|Corviknight, M|88/100
|-ability|p1a: Corviknight|Pressure
|turn|5
|
|t:|1665176376
|move|p2a: Garchomp|Aqua Tail|p1a: Corviknight
|-damage|p1a: Corviknight|32/100
|move|p1a: Corviknight|Body Press|p2a: Garchomp
|-damage|p2a: Garchomp|14/100
|-damage|p1a: Corviknight|19/100|[from] ability: Rough Skin|[of] p2a: Garchomp
|
|-heal|p2a: Garchomp|20/100|[from] item: Leftovers
|-heal|p1a: Corviknight|25/100|[from] item: Leftovers
|upkeep
|turn|6
|
|t:|1665176380
|switch|p1a: Toxapex|Toxapex, M|100/100
|move|p2a: Garchomp|Scale Shot|p1a: Toxapex
|-damage|p1a: Toxapex|78/100
|-damage|p1a: Toxapex|56/100
|-hitcount|p1a: Toxapex|2
|-unboost|p2a: Garchomp|def|1
|-boost|p2a: Garchomp|spe|1
|
|-heal|p2a: Garchomp|27/100|[from] item: Leftovers
|upkeep
|turn|7
|
|t:|1665176390
|switch|p1a: Corviknight|Corviknight, M|25/100
|-ability|p1a: Corviknight|Pressure
|move|p2a: Garchomp|Earthquake|p1a: Corviknight
|-immune|p1a: Corviknight
|
|-heal|p2a: Garchomp|33/100|[from] item: Leftovers
|-heal|p1a: Corviknight|32/100|[from] item: Leftovers
|upkeep
|turn|8
|
|t:|1665176394
|switch|p1a: Toxapex|Toxapex, M|90/100
|move|p2a: Garchomp|Aqua Tail|p1a: Toxapex
|-resisted|p1a: Toxapex
|-damage|p1a: Toxapex|63/100
|-damage|p2a: Garchomp|16/100|[from] item: Rocky Helmet|[of] p1a: Toxapex
|
|-heal|p2a: Garchomp|22/100|[from] item: Leftovers
|upkeep
|turn|9
|
|t:|1665176399
|move|p2a: Garchomp|Earthquake|p1a: Toxapex
|-supereffective|p1a: Toxapex
|-damage|p1a: Toxapex|0 fnt
|faint|p1a: Toxapex
|
|-heal|p2a: Garchomp|29/100|[from] item: Leftovers
|upkeep
|
|t:|1665176411
|switch|p1a: Corviknight|Corviknight, M|32/100
|-ability|p1a: Corviknight|Pressure
|turn|10
|
|t:|1665176416
|move|p2a: Garchomp|Aqua Tail|p1a: Corviknight|[miss]
|-miss|p2a: Garchomp|p1a: Corviknight
|move|p1a: Corviknight|Body Press|p2a: Garchomp
|-damage|p2a: Garchomp|0 fnt
|-damage|p1a: Corviknight|19/100|[from] ability: Rough Skin|[of] p2a: Garchomp
|faint|p2a: Garchomp
|
|-heal|p1a: Corviknight|25/100|[from] item: Leftovers
|upkeep
|
|t:|1665176420
|switch|p2a: Blacephalon|Blacephalon|100/100
|turn|11
|
|t:|1665176423
|switch|p2a: Melmetal|Melmetal|100/100
|switch|p1a: Tyranitar|Tyranitar, F|100/100
|-weather|Sandstorm|[from] ability: Sand Stream|[of] p1a: Tyranitar
|
|-weather|Sandstorm|[upkeep]
|upkeep
|turn|12
|
|t:|1665176429
|switch|p1a: Corviknight|Corviknight, M|25/100
|-ability|p1a: Corviknight|Pressure
|move|p2a: Melmetal|Double Iron Bash|p1a: Corviknight
|-resisted|p1a: Corviknight
|-damage|p1a: Corviknight|11/100
|-resisted|p1a: Corviknight
|-damage|p1a: Corviknight|0 fnt
|faint|p1a: Corviknight
|-hitcount|p1: Corviknight|2
|
|-weather|Sandstorm|[upkeep]
|upkeep
|
|t:|1665176432
|switch|p1a: Garchomp|Garchomp, M|100/100
|turn|13
|
|t:|1665176435
|move|p1a: Garchomp|Earthquake|p2a: Melmetal
|-supereffective|p2a: Melmetal
|-damage|p2a: Melmetal|34/100
|move|p2a: Melmetal|Toxic|p1a: Garchomp
|-status|p1a: Garchomp|tox
|
|-weather|Sandstorm|[upkeep]
|-heal|p2a: Melmetal|40/100|[from] item: Leftovers
|-damage|p1a: Garchomp|94/100 tox|[from] psn
|upkeep
|turn|14
|
|t:|1665176439
|move|p2a: Melmetal|Protect|p2a: Melmetal
|-singleturn|p2a: Melmetal|Protect
|move|p1a: Garchomp|Swords Dance|p1a: Garchomp
|-boost|p1a: Garchomp|atk|2
|
|-weather|Sandstorm|[upkeep]
|-heal|p1a: Garchomp|100/100 tox|[from] item: Leftovers
|-heal|p2a: Melmetal|46/100|[from] item: Leftovers
|-damage|p1a: Garchomp|88/100 tox|[from] psn
|upkeep
|turn|15
|
|t:|1665176444
|switch|p2a: Zapdos|Zapdos|100/100
|move|p1a: Garchomp|Fire Fang|p2a: Zapdos
|-damage|p2a: Zapdos|61/100
|
|-weather|none
|-heal|p1a: Garchomp|94/100 tox|[from] item: Leftovers
|-damage|p1a: Garchomp|76/100 tox|[from] psn
|upkeep
|turn|16
|
|t:|1665176448
|switch|p2a: Melmetal|Melmetal|46/100
|move|p1a: Garchomp|Scale Shot|p2a: Melmetal
|-resisted|p2a: Melmetal
|-damage|p2a: Melmetal|38/100
|-resisted|p2a: Melmetal
|-damage|p2a: Melmetal|31/100
|-hitcount|p2a: Melmetal|2
|-unboost|p1a: Garchomp|def|1
|-boost|p1a: Garchomp|spe|1
|
|-heal|p1a: Garchomp|82/100 tox|[from] item: Leftovers
|-heal|p2a: Melmetal|37/100|[from] item: Leftovers
|-damage|p1a: Garchomp|57/100 tox|[from] psn
|upkeep
|turn|17
|
|t:|1665176454
|move|p2a: Melmetal|Protect|p2a: Melmetal
|-singleturn|p2a: Melmetal|Protect
|move|p1a: Garchomp|Fire Fang|p2a: Melmetal
|-activate|p2a: Melmetal|move: Protect
|
|-heal|p1a: Garchomp|64/100 tox|[from] item: Leftovers
|-heal|p2a: Melmetal|43/100|[from] item: Leftovers
|-damage|p1a: Garchomp|33/100 tox|[from] psn
|upkeep
|turn|18
|
|t:|1665176458
|switch|p2a: Zapdos|Zapdos|61/100
|move|p1a: Garchomp|Fire Fang|p2a: Zapdos
|-damage|p2a: Zapdos|25/100
|
|-heal|p1a: Garchomp|39/100 tox|[from] item: Leftovers
|-damage|p1a: Garchomp|2/100 tox|[from] psn
|upkeep
|turn|19
|
|t:|1665176465
|move|p1a: Garchomp|Earthquake|p2a: Zapdos
|-immune|p2a: Zapdos
|move|p2a: Zapdos|Roost|p2a: Zapdos
|-heal|p2a: Zapdos|75/100
|-singleturn|p2a: Zapdos|move: Roost
|
|-heal|p1a: Garchomp|8/100 tox|[from] item: Leftovers
|-damage|p1a: Garchomp|0 fnt|[from] psn
|faint|p1a: Garchomp
|upkeep
|
|t:|1665176467
|switch|p1a: Blacephalon|Blacephalon|100/100
|turn|20
|
|t:|1665176470
|move|p1a: Blacephalon|Shadow Ball|p2a: Zapdos
|-damage|p2a: Zapdos|3/100
|move|p2a: Zapdos|Discharge|p1a: Blacephalon
|-damage|p1a: Blacephalon|47/100
|
|upkeep
|turn|21
|
|t:|1665176473
|switch|p2a: Toxapex|Toxapex, M|100/100
|move|p1a: Blacephalon|Shadow Ball|p2a: Toxapex
|-damage|p2a: Toxapex|59/100
|
|-heal|p2a: Toxapex|65/100|[from] item: Black Sludge
|upkeep
|turn|22
|
|t:|1665176479
|switch|p1a: Tyranitar|Tyranitar, F|100/100
|-weather|Sandstorm|[from] ability: Sand Stream|[of] p1a: Tyranitar
|move|p2a: Toxapex|Scald|p1a: Tyranitar
|-supereffective|p1a: Tyranitar
|-damage|p1a: Tyranitar|79/100
|-status|p1a: Tyranitar|brn
|
|-weather|Sandstorm|[upkeep]
|-damage|p2a: Toxapex|59/100|[from] Sandstorm
|-heal|p2a: Toxapex|65/100|[from] item: Black Sludge
|-damage|p1a: Tyranitar|73/100 brn|[from] brn
|upkeep
|turn|23
|
|t:|1665176483
|move|p1a: Tyranitar|Crunch|p2a: Toxapex
|-damage|p2a: Toxapex|39/100
|move|p2a: Toxapex|Recover|p2a: Toxapex
|-heal|p2a: Toxapex|89/100
|
|-weather|Sandstorm|[upkeep]
|-damage|p2a: Toxapex|83/100|[from] Sandstorm
|-heal|p2a: Toxapex|89/100|[from] item: Black Sludge
|-damage|p1a: Tyranitar|66/100 brn|[from] brn
|upkeep
|turn|24
|
|t:|1665176487
|move|p1a: Tyranitar|Crunch|p2a: Toxapex
|-damage|p2a: Toxapex|60/100
|move|p2a: Toxapex|Scald|p1a: Tyranitar
|-supereffective|p1a: Tyranitar
|-crit|p1a: Tyranitar
|-damage|p1a: Tyranitar|35/100 brn
|
|-weather|Sandstorm|[upkeep]
|-damage|p2a: Toxapex|54/100|[from] Sandstorm
|-heal|p2a: Toxapex|60/100|[from] item: Black Sludge
|-damage|p1a: Tyranitar|29/100 brn|[from] brn
|upkeep
|turn|25
|
|t:|1665176489
|move|p1a: Tyranitar|Crunch|p2a: Toxapex
|-damage|p2a: Toxapex|36/100
|-unboost|p2a: Toxapex|def|1
|move|p2a: Toxapex|Recover|p2a: Toxapex
|-heal|p2a: Toxapex|86/100
|
|-weather|Sandstorm|[upkeep]
|-damage|p2a: Toxapex|80/100|[from] Sandstorm
|-heal|p2a: Toxapex|86/100|[from] item: Black Sludge
|-damage|p1a: Tyranitar|22/100 brn|[from] brn
|upkeep
|turn|26
|
|t:|1665176492
|switch|p2a: Zapdos|Zapdos|3/100
|move|p1a: Tyranitar|Crunch|p2a: Zapdos
|-damage|p2a: Zapdos|0 fnt
|faint|p2a: Zapdos
|
|-weather|none
|-damage|p1a: Tyranitar|16/100 brn|[from] brn
|upkeep
|
|t:|1665176497
|switch|p2a: Melmetal|Melmetal|43/100
|turn|27
|
|t:|1665176502
|move|p1a: Tyranitar|Crunch|p2a: Melmetal
|-damage|p2a: Melmetal|23/100
|move|p2a: Melmetal|Earthquake|p1a: Tyranitar
|-supereffective|p1a: Tyranitar
|-damage|p1a: Tyranitar|0 fnt
|faint|p1a: Tyranitar
|
|-heal|p2a: Melmetal|29/100|[from] item: Leftovers
|upkeep
|
|t:|1665176505
|switch|p1a: Blacephalon|Blacephalon|47/100
|turn|28
|
|t:|1665176508
|move|p2a: Melmetal|Protect|p2a: Melmetal
|-singleturn|p2a: Melmetal|Protect
|move|p1a: Blacephalon|Shadow Ball|p2a: Melmetal
|-activate|p2a: Melmetal|move: Protect
|
|-heal|p2a: Melmetal|35/100|[from] item: Leftovers
|upkeep
|turn|29
|
|t:|1665176511
|switch|p2a: Toxapex|Toxapex, M|100/100
|move|p1a: Blacephalon|Shadow Ball|p2a: Toxapex
|-damage|p2a: Toxapex|53/100
|
|-heal|p2a: Toxapex|59/100|[from] item: Black Sludge
|upkeep
|turn|30
|
|t:|1665176514
|move|p1a: Blacephalon|Shadow Ball|p2a: Toxapex
|-damage|p2a: Toxapex|14/100
|move|p2a: Toxapex|Scald|p1a: Blacephalon
|-supereffective|p1a: Blacephalon
|-damage|p1a: Blacephalon|0 fnt
|faint|p1a: Blacephalon
|
|win|bapu nono
|raw|mamaw31180's rating: 1663 &rarr; <strong>1642</strong><br />(-21 for losing)
|raw|bapu nono's rating: 1647 &rarr; <strong>1668</strong><br />(+21 for winning)
|l|☆mamaw31180
||Ladder isn't responding, score probably updated but might not have (Request timeout).
