|raw|<div class="broadcast-blue"><strong>This battle is required to be public due to a player having a name starting with 'lt91bb'.</div>
|j|☆LT91BB MDB2
|j|☆lt91bb mind
|t:|1659604890
|gametype|singles
|player|p1|LT91BB MDB2|1|2075
|player|p2|lt91bb mind|hilbert|2120
|teamsize|p1|6
|teamsize|p2|6
|gen|8
|tier|[Gen 8] OU
|rated|
|rule|Sleep Clause Mod: Limit one foe put to sleep
|rule|Species Clause: Limit one of each Pokémon
|rule|OHKO Clause: OHKO moves are banned
|rule|Evasion Items Clause: Evasion items are banned
|rule|Evasion Moves Clause: Evasion moves are banned
|rule|Endless Battle Clause: Forcing endless battles is banned
|rule|HP Percentage Mod: HP is shown in percentages
|rule|Dynamax Clause: You cannot dynamax
|clearpoke
|poke|p1|Weavile, M|
|poke|p1|Blacephalon|
|poke|p1|Cobalion|
|poke|p1|Garchomp, F|
|poke|p1|Kartana|
|poke|p1|Rillaboom, F|
|poke|p2|Slowbro, M|
|poke|p2|Heatran, F|
|poke|p2|Tornadus-Therian, M|
|poke|p2|Landorus-Therian, M|
|poke|p2|Tapu Lele|
|poke|p2|Urshifu-*, M|
|teampreview
|j| ripreckful
|j| Yvtycyctc
|j| Chaitanya
|j| irgendwasmitmeeem
|j| Zirpurze
|j| eblurb
|j| lt91bbez
|j| Foutaise.1
|j| LT91BB Lennart
|j| Leo
|j| RaiZen1704
|l| lt91bbez
|c| LT91BB Lennart|nooo
|j| LT91BBe
|j| playinq
|j| DJ CRIB DEF
|j| Phxo'
|c| LT91BB Lennart|german civil war
|j| LT91BB Ox
|j| Seleukus
|c| LT91BBe|Folge 2
|j|+Pissog
|j|+pastagirl
|j| sup kid
|j| dragonitenb
|c|☆LT91BB MDB2|hf
|j| Ekzykes
|j| Curryisnotgood
|j| Newal
|c|☆lt91bb mind|u2
|j| erfdvdv
|j| kind of liked it
|j| THE PDC SHOW
|j|@Quite Quiet
|j| Fusien
|j| Isza
|j| Ernstbusch
|l| erfdvdv
|l| Newal
|
|t:|1659604980
|start
|switch|p1a: Cobalion|Cobalion|100/100
|switch|p2a: Landorus|Landorus-Therian, M|100/100
|-ability|p2a: Landorus|Intimidate|boost
|-unboost|p1a: Cobalion|atk|1
|turn|1
|j| MrCatastropheee.
|
|t:|1659604985
|move|p1a: Cobalion|Stealth Rock|p2a: Landorus
|-sidestart|p2: lt91bb mind|move: Stealth Rock
|move|p2a: Landorus|Earthquake|p1a: Cobalion
|-supereffective|p1a: Cobalion
|-enditem|p1a: Cobalion|Focus Sash
|-damage|p1a: Cobalion|1/100
|
|upkeep
|turn|2
|j| Blinkboy
|j| Hayburner
|j| Enoryu
|j| lnternal
|l| Hayburner
|
|t:|1659605002
|switch|p2a: Heatran|Heatran, F|100/100
|-damage|p2a: Heatran|88/100|[from] Stealth Rock
|move|p1a: Cobalion|Steel Beam|p2a: Heatran
|-resisted|p2a: Heatran
|-damage|p2a: Heatran|80/100
|-damage|p1a: Cobalion|0 fnt|[from] mindblown
|faint|p1a: Cobalion
|
|-heal|p2a: Heatran|86/100|[from] item: Leftovers
|upkeep
|j| CM Reuniclus
|j| LT91BB Ur Doomed
|j| hot_dogs666
|
|t:|1659605016
|switch|p1a: Garchomp|Garchomp, F|100/100
|turn|3
|
|t:|1659605019
|switch|p2a: Slowbro|Slowbro, M|100/100
|-damage|p2a: Slowbro|88/100|[from] Stealth Rock
|move|p1a: Garchomp|Swords Dance|p1a: Garchomp
|-boost|p1a: Garchomp|atk|2
|
|upkeep
|turn|4
|j| LT91BB Tace
|
|t:|1659605023
|move|p1a: Garchomp|Earthquake|p2a: Slowbro
|-damage|p2a: Slowbro|0 fnt
|faint|p2a: Slowbro
|-damage|p1a: Garchomp|91/100|[from] item: Life Orb
|
|upkeep
|
|t:|1659605027
|switch|p2a: Urshifu|Urshifu-Rapid-Strike, M|100/100
|-damage|p2a: Urshifu|94/100|[from] Stealth Rock
|turn|5
|j| lst369
|
|t:|1659605038
|move|p2a: Urshifu|Ice Punch|p1a: Garchomp
|-supereffective|p1a: Garchomp
|-damage|p1a: Garchomp|0 fnt
|-damage|p2a: Urshifu|82/100|[from] ability: Rough Skin|[of] p1a: Garchomp
|faint|p1a: Garchomp
|
|upkeep
|
|t:|1659605041
|switch|p1a: Weavile|Weavile, M|100/100
|turn|6
|j| egal★vanc
|j| RNN YasuKe
|j| Mara Sattei
|j| gg gg ez ez
|j| Lunarr
|j| Revenge Killer
|
|t:|1659605064
|switch|p2a: Landorus|Landorus-Therian, M|100/100
|-damage|p2a: Landorus|88/100|[from] Stealth Rock
|-ability|p2a: Landorus|Intimidate|boost
|-unboost|p1a: Weavile|atk|1
|move|p1a: Weavile|Swords Dance|p1a: Weavile
|-boost|p1a: Weavile|atk|2
|
|-heal|p2a: Landorus|94/100|[from] item: Leftovers
|upkeep
|turn|7
|j| pinkdragontamer
|j| odin77
|
|t:|1659605084
|move|p1a: Weavile|Triple Axel|p2a: Landorus
|-supereffective|p2a: Landorus
|-damage|p2a: Landorus|0 fnt
|faint|p2a: Landorus
|-hitcount|p2: Landorus|1
|-damage|p1a: Weavile|91/100|[from] item: Life Orb
|
|upkeep
|j| LT91BB xray
|
|t:|1659605088
|switch|p2a: Urshifu|Urshifu-Rapid-Strike, M|82/100
|-damage|p2a: Urshifu|76/100|[from] Stealth Rock
|turn|8
|j| Newal
|
|t:|1659605107
|switch|p1a: Rillaboom|Rillaboom, F|100/100
|-fieldstart|move: Grassy Terrain|[from] ability: Grassy Surge|[of] p1a: Rillaboom
|move|p2a: Urshifu|Surging Strikes|p1a: Rillaboom
|-resisted|p1a: Rillaboom
|-crit|p1a: Rillaboom
|-damage|p1a: Rillaboom|91/100
|-resisted|p1a: Rillaboom
|-crit|p1a: Rillaboom
|-damage|p1a: Rillaboom|81/100
|-resisted|p1a: Rillaboom
|-crit|p1a: Rillaboom
|-damage|p1a: Rillaboom|71/100
|-hitcount|p1a: Rillaboom|3
|
|-heal|p2a: Urshifu|82/100|[from] Grassy Terrain
|-heal|p1a: Rillaboom|78/100|[from] Grassy Terrain
|upkeep
|turn|9
|j| Oily man
|l| MrCatastropheee.
|j| Aj_Sc0tt
|
|t:|1659605142
|switch|p2a: Tornadus|Tornadus-Therian, M|100/100
|move|p1a: Rillaboom|Grassy Glide|p2a: Tornadus
|-resisted|p2a: Tornadus
|-damage|p2a: Tornadus|66/100
|-damage|p1a: Rillaboom|68/100|[from] item: Life Orb
|
|-heal|p1a: Rillaboom|74/100|[from] Grassy Terrain
|upkeep
|turn|10
|j| Crunchman
|j| LT91BB Livio
|
|t:|1659605162
|move|p1a: Rillaboom|Grassy Glide|p2a: Tornadus
|-resisted|p2a: Tornadus
|-damage|p2a: Tornadus|30/100
|-damage|p1a: Rillaboom|64/100|[from] item: Life Orb
|move|p2a: Tornadus|U-turn|p1a: Rillaboom
|-supereffective|p1a: Rillaboom
|-damage|p1a: Rillaboom|39/100
|l| LT91BB Ur Doomed
|
|t:|1659605166
|switch|p2a: Tapu Lele|Tapu Lele|100/100|[from]move: U-turn
|-damage|p2a: Tapu Lele|88/100|[from] Stealth Rock
|-fieldstart|move: Psychic Terrain|[from] ability: Psychic Surge|[of] p2a: Tapu Lele
|
|upkeep
|turn|11
|l| Aj_Sc0tt
|l| lst369
|j| Aj_Sc0tt
|j| LT91BB ScarW
|l| LT91BB ScarW
|j| Froggy my Goat
|
|t:|1659605206
|move|p2a: Tapu Lele|Moonblast|p1a: Rillaboom
|-damage|p1a: Rillaboom|0 fnt
|faint|p1a: Rillaboom
|
|upkeep
|
|t:|1659605210
|switch|p1a: Blacephalon|Blacephalon|100/100
|turn|12
|l| Froggy my Goat
|
|t:|1659605238
|move|p1a: Blacephalon|Shadow Ball|p2a: Tapu Lele
|-supereffective|p2a: Tapu Lele
|-damage|p2a: Tapu Lele|0 fnt
|faint|p2a: Tapu Lele
|-ability|p1a: Blacephalon|Beast Boost|boost
|-boost|p1a: Blacephalon|spa|1
|
|upkeep
|
|t:|1659605244
|switch|p2a: Heatran|Heatran, F|86/100
|-damage|p2a: Heatran|74/100|[from] Stealth Rock
|turn|13
|
|t:|1659605251
|move|p1a: Blacephalon|Shadow Ball|p2a: Heatran
|-damage|p2a: Heatran|23/100
|move|p2a: Heatran|Earth Power|p1a: Blacephalon
|-supereffective|p1a: Blacephalon
|-damage|p1a: Blacephalon|15/100
|
|-heal|p2a: Heatran|29/100|[from] item: Leftovers
|upkeep
|turn|14
|l| Newal
|j| LT91BB Ur Doomed
|l| LT91BB Ur Doomed
|j| ydk916
|
|t:|1659605283
|move|p1a: Blacephalon|Shadow Ball|p2a: Heatran
|-damage|p2a: Heatran|0 fnt
|faint|p2a: Heatran
|-ability|p1a: Blacephalon|Beast Boost|boost
|-boost|p1a: Blacephalon|spa|1
|
|-fieldend|move: Psychic Terrain
|upkeep
|l| Seleukus
|
|t:|1659605289
|switch|p2a: Urshifu|Urshifu-Rapid-Strike, M|82/100
|-damage|p2a: Urshifu|76/100|[from] Stealth Rock
|turn|15
|l| THE PDC SHOW
|
|t:|1659605301
|move|p2a: Urshifu|Surging Strikes|p1a: Blacephalon
|-supereffective|p1a: Blacephalon
|-crit|p1a: Blacephalon
|-damage|p1a: Blacephalon|0 fnt
|faint|p1a: Blacephalon
|-hitcount|p1: Blacephalon|1
|
|upkeep
|j| Avic
|c|☆LT91BB MDB2|achja
|c|☆LT91BB MDB2|bin ja modest
|c|☆LT91BB MDB2|oops
|j| RanSableyeRui
|
|t:|1659605329
|switch|p1a: Kartana|Kartana|100/100
|turn|16
|l| Fusien
|
|t:|1659605339
|switch|p2a: Tornadus|Tornadus-Therian, M|63/100
|move|p1a: Kartana|Smart Strike|p2a: Tornadus
|-damage|p2a: Tornadus|9/100
|
|upkeep
|turn|17
|j| uberweisung
|
|t:|1659605358
|switch|p2a: Urshifu|Urshifu-Rapid-Strike, M|76/100
|-damage|p2a: Urshifu|70/100|[from] Stealth Rock
|move|p1a: Kartana|Smart Strike|p2a: Urshifu
|-resisted|p2a: Urshifu
|-damage|p2a: Urshifu|47/100
|
|upkeep
|turn|18
|l| dragonitenb
|j| Jj Esturi
|l| RaiZen1704
|j| The Delta Maybca☆〜
|
|t:|1659605388
|switch|p1a: Weavile|Weavile, M|91/100
|move|p2a: Urshifu|U-turn|p1a: Weavile
|-supereffective|p1a: Weavile
|-damage|p1a: Weavile|0 fnt
|faint|p1a: Weavile
|j| Newal
|j| Fusien
|c|☆LT91BB MDB2|ich bin bad
|c|☆lt91bb mind|fuck
|j| THE PDC SHOW
|j| LT91BB ScarW
|c|☆LT91BB MDB2|ich wusste dass genau die turn kommt
|c| LT91BB Lennart|passiert den besten
|l| LT91BB ScarW
|c| LT91BB Lennart|und dem besten2
|j| pokemh
|c| Leo|lmao
|c|☆lt91bb mind|hatte so ne gute chance nicht killen und for free 2 regen zu kriegen
|l| The Delta Maybca☆〜
|j|+Ox the Fox
|c| pinkdragontamer|ich bin pdt
|l|+Ox the Fox
|
|t:|1659605436
|switch|p2a: Tornadus|Tornadus-Therian, M|43/100|[from]move: U-turn
|
|upkeep
|j|+Ox the Fox
|
|t:|1659605438
|switch|p1a: Kartana|Kartana|100/100
|turn|19
|l|+Ox the Fox
|l| RanSableyeRui
|l| Oily man
|j| LT91BB Empo
|c| LT91BBe|Hurri oder wave
|
|t:|1659605460
|move|p1a: Kartana|Leaf Blade|p2a: Tornadus
|-resisted|p2a: Tornadus
|-crit|p2a: Tornadus
|-damage|p2a: Tornadus|0 fnt
|faint|p2a: Tornadus
|-ability|p1a: Kartana|Beast Boost|boost
|-boost|p1a: Kartana|atk|1
|
|upkeep
|j| Artificial Wood
|c| LT91BBe|Nvm
|c| LT91BB Lennart|ugh
|c|☆LT91BB MDB2|bailed
|c|☆LT91BB MDB2|gg ig
|l| uberweisung
|c| irgendwasmitmeeem|SUIIIIIIIIIIIIIIIIIIIIIIIIIIIIIIIIIIIIIIIIIIIIII
|j| dragonitenb
|l| Newal
|j| d18l
|j| ian_yo
|l| Aj_Sc0tt
|l| Blinkboy
|c| LT91BB Lennart|mach punch urshifu sofort
|c|☆LT91BB MDB2|also der hatte doch safe
|c|☆LT91BB MDB2|jeaz wave
|c|☆LT91BB MDB2|heat*
|c|☆LT91BB MDB2|oder knock
|c|☆lt91bb mind|knock
|c|☆lt91bb mind|into cc
|c|☆LT91BB MDB2|ye
|c| LT91BBe|Jo true
|c|☆LT91BB MDB2|wie gesagt wollte die uturn turn eig stayen
|l| DJ CRIB DEF
|c|☆LT91BB MDB2|weil wenn du ccst verlierst du zu blade
|c|☆LT91BB MDB2|aber dachte bist vllt so in clicker mode
|c|☆LT91BB MDB2|wegen der zeit
|l| Chaitanya
|inactive|Battle timer is ON: inactive players will automatically lose when time's up. (requested by LT91BB MDB2)
|
|t:|1659605613
|switch|p2a: Urshifu|Urshifu-Rapid-Strike, M|47/100
|-damage|p2a: Urshifu|41/100|[from] Stealth Rock
|turn|20
|c|☆lt91bb mind|gg
|
|t:|1659605618
|move|p1a: Kartana|Leaf Blade|p2a: Urshifu
|-supereffective|p2a: Urshifu
|-damage|p2a: Urshifu|0 fnt
|faint|p2a: Urshifu
|
|win|LT91BB MDB2
|raw|LT91BB MDB2's rating: 2089 &rarr; <strong>2111</strong><br />(+22 for winning)
|raw|lt91bb mind's rating: 2120 &rarr; <strong>2098</strong><br />(-22 for losing)
|c|☆LT91BB MDB2|gg
|l| Mara Sattei
|l| Revenge Killer
|l| kind of liked it
|l| Phxo'
|l| Avic
|l|☆LT91BB MDB2
|l| ydk916
|l| sup kid
|l| hot_dogs666
|l| THE PDC SHOW
|l| pinkdragontamer
|l| LT91BB Empo
|l| gg gg ez ez
|l| Artificial Wood
|l|+Pissog
|l|☆lt91bb mind
|l| dragonitenb
|l| RNN YasuKe
|l| Curryisnotgood
|l| Enoryu
|l| Jj Esturi
|l| d18l
|j| Chaitanya
|l| Zirpurze
|l| LT91BBe
|l| LT91BB Livio
|l| playinq
|l| Lunarr
|j|+Ox the Fox
|l| ripreckful
|l| Leo
|l| LT91BB Lennart
|l|+Ox the Fox
|l| Yvtycyctc
|l| LT91BB Ox
|l| CM Reuniclus
