|j|☆Oryen
|j|☆Butter Pancakes
|inactive|Battle timer is ON: inactive players will automatically lose when time's up.
|t:|1658865614
|gametype|singles
|player|p1|Oryen|bruno-gen1|
|player|p2|Butter Pancakes|caitlin|
|teamsize|p1|6
|teamsize|p2|6
|gen|8
|tier|[Gen 8] OU
|rated|Tournament battle
|rule|Sleep Clause Mod: Limit one foe put to sleep
|rule|Species Clause: Limit one of each Pokémon
|rule|OHKO Clause: OHKO moves are banned
|rule|Evasion Moves Clause: Evasion moves are banned
|rule|Endless Battle Clause: Forcing endless battles is banned
|rule|HP Percentage Mod: HP is shown in percentages
|rule|Dynamax Clause: You cannot dynamax
|clearpoke
|poke|p1|Clefable, F|
|poke|p1|Hippowdon, F|
|poke|p1|Tornadus-Therian, M|
|poke|p1|Rotom-Wash|
|poke|p1|Rillaboom, F|
|poke|p1|Melmetal|
|poke|p2|Dragapult, F|
|poke|p2|Zapdos|
|poke|p2|Landorus-Therian, M|
|poke|p2|Slowbro, F|
|poke|p2|Melmetal|
|poke|p2|Hatterene, F|
|teampreview
|j|*Lady Monita ☀
|j| jfebhjbeebhjf
|inactive|Oryen has 120 seconds left.
|inactive|Butter Pancakes has 120 seconds left.
|j| ULTRANOOB21
|j| CanuckChum
|
|t:|1658865652
|start
|switch|p1a: Tornadus|Tornadus-Therian, M|100/100
|switch|p2a: Zapdos|Zapdos|100/100
|turn|1
|
|t:|1658865660
|move|p1a: Tornadus|Knock Off|p2a: Zapdos
|-damage|p2a: Zapdos|81/100
|-status|p1a: Tornadus|par|[from] ability: Static|[of] p2a: Zapdos
|-enditem|p2a: Zapdos|Heavy-Duty Boots|[from] move: Knock Off|[of] p1a: Tornadus
|move|p2a: Zapdos|Hurricane|p1a: Tornadus
|-damage|p1a: Tornadus|53/100 par
|-start|p1a: Tornadus|confusion
|
|upkeep
|turn|2
|j| Theking2169
|
|t:|1658865671
|switch|p1a: Hippowdon|Hippowdon, F|100/100
|-weather|Sandstorm|[from] ability: Sand Stream|[of] p1a: Hippowdon
|move|p2a: Zapdos|Hurricane|p1a: Hippowdon
|-damage|p1a: Hippowdon|67/100
|
|-weather|Sandstorm|[upkeep]
|-damage|p2a: Zapdos|75/100|[from] Sandstorm
|-heal|p1a: Hippowdon|73/100|[from] item: Leftovers
|upkeep
|turn|3
|l| Theking2169
|
|t:|1658865681
|switch|p2a: Slowbro|Slowbro, F|100/100
|move|p1a: Hippowdon|Slack Off|p1a: Hippowdon
|-heal|p1a: Hippowdon|100/100
|
|-weather|Sandstorm|[upkeep]
|-damage|p2a: Slowbro|94/100|[from] Sandstorm
|upkeep
|turn|4
|j| arnavgupta
|c| ULTRANOOB21|rooting for you pancakes
|
|t:|1658865692
|move|p1a: Hippowdon|Toxic|p2a: Slowbro
|-status|p2a: Slowbro|tox
|move|p2a: Slowbro|Teleport|p2a: Slowbro
|j| towd47
|
|t:|1658865703
|switch|p2a: Landorus|Landorus-Therian, M|100/100|[from]move: Teleport
|-ability|p2a: Landorus|Intimidate|boost
|-unboost|p1a: Hippowdon|atk|1
|
|-weather|Sandstorm|[upkeep]
|upkeep
|turn|5
|
|t:|1658865724
|move|p2a: Landorus|U-turn|p1a: Hippowdon
|-damage|p1a: Hippowdon|85/100
|
|t:|1658865727
|switch|p2a: Hatterene|Hatterene, F|100/100|[from]move: U-turn
|move|p1a: Hippowdon|Earthquake|p2a: Hatterene
|-damage|p2a: Hatterene|70/100
|
|-weather|Sandstorm|[upkeep]
|-damage|p2a: Hatterene|64/100|[from] Sandstorm
|-heal|p1a: Hippowdon|91/100|[from] item: Leftovers
|upkeep
|turn|6
|j| ihavebestsandteam
|j| Nait02
|
|t:|1658865741
|switch|p2a: Slowbro|Slowbro, F|100/100 tox
|move|p1a: Hippowdon|Earthquake|p2a: Slowbro
|-damage|p2a: Slowbro|86/100 tox
|
|-weather|none
|-heal|p1a: Hippowdon|97/100|[from] item: Leftovers
|-damage|p2a: Slowbro|80/100 tox|[from] psn
|upkeep
|turn|7
|l| Nait02
|j| Team to Beat
|
|t:|1658865754
|move|p1a: Hippowdon|Stealth Rock|p2a: Slowbro
|-sidestart|p2: Butter Pancakes|move: Stealth Rock
|move|p2a: Slowbro|Scald|p1a: Hippowdon
|-supereffective|p1a: Hippowdon
|-damage|p1a: Hippowdon|54/100
|-status|p1a: Hippowdon|brn
|
|-heal|p1a: Hippowdon|60/100 brn|[from] item: Leftovers
|-damage|p2a: Slowbro|68/100 tox|[from] psn
|-damage|p1a: Hippowdon|54/100 brn|[from] brn
|upkeep
|turn|8
|
|t:|1658865766
|move|p1a: Hippowdon|Slack Off|p1a: Hippowdon
|-heal|p1a: Hippowdon|100/100 brn
|move|p2a: Slowbro|Thunder Wave|p1a: Hippowdon
|-immune|p1a: Hippowdon
|
|-damage|p2a: Slowbro|49/100 tox|[from] psn
|-damage|p1a: Hippowdon|94/100 brn|[from] brn
|upkeep
|turn|9
|
|t:|1658865779
|switch|p1a: Rotom|Rotom-Wash, shiny|100/100
|switch|p2a: Zapdos|Zapdos|75/100
|-damage|p2a: Zapdos|50/100|[from] Stealth Rock
|
|upkeep
|turn|10
|
|t:|1658865787
|move|p1a: Rotom|Volt Switch|p2a: Zapdos
|-damage|p2a: Zapdos|32/100
|
|t:|1658865791
|switch|p1a: Clefable|Clefable, F|100/100|[from]move: Volt Switch
|move|p2a: Zapdos|Roost|p2a: Zapdos
|-heal|p2a: Zapdos|82/100
|-singleturn|p2a: Zapdos|move: Roost
|
|upkeep
|turn|11
|
|t:|1658865799
|move|p2a: Zapdos|Volt Switch|p1a: Clefable
|-damage|p1a: Clefable|74/100
|
|t:|1658865802
|switch|p2a: Slowbro|Slowbro, F|82/100 tox|[from]move: Volt Switch
|-damage|p2a: Slowbro|70/100 tox|[from] Stealth Rock
|move|p1a: Clefable|Aromatherapy|p1a: Clefable
|-activate|p1a: Clefable|move: Aromatherapy
|-curestatus|p1: Tornadus|par|[msg]
|-curestatus|p1: Hippowdon|brn|[msg]
|
|-damage|p2a: Slowbro|64/100 tox|[from] psn
|upkeep
|turn|12
|
|t:|1658865808
|move|p1a: Clefable|Soft-Boiled|p1a: Clefable
|-heal|p1a: Clefable|100/100
|move|p2a: Slowbro|Teleport|p2a: Slowbro
|
|t:|1658865811
|switch|p2a: Melmetal|Melmetal|100/100|[from]move: Teleport
|-damage|p2a: Melmetal|94/100|[from] Stealth Rock
|
|upkeep
|turn|13
|
|t:|1658865826
|switch|p1a: Rotom|Rotom-Wash, shiny|100/100
|move|p2a: Melmetal|Toxic|p1a: Rotom
|-status|p1a: Rotom|tox
|
|-damage|p1a: Rotom|95/100 tox|[from] psn
|upkeep
|turn|14
|l| CanuckChum
|inactive|Butter Pancakes has 120 seconds left.
|
|t:|1658865858
|switch|p2a: Slowbro|Slowbro, F|97/100 tox
|-damage|p2a: Slowbro|85/100 tox|[from] Stealth Rock
|move|p1a: Rotom|Will-O-Wisp|p2a: Slowbro|[miss]
|-miss|p1a: Rotom|p2a: Slowbro
|
|-heal|p1a: Rotom|100/100 tox|[from] item: Leftovers
|-damage|p1a: Rotom|89/100 tox|[from] psn
|-damage|p2a: Slowbro|79/100 tox|[from] psn
|upkeep
|turn|15
|inactive|Butter Pancakes has 120 seconds left.
|
|t:|1658865871
|switch|p2a: Landorus|Landorus-Therian, M|100/100
|-damage|p2a: Landorus|88/100|[from] Stealth Rock
|-ability|p2a: Landorus|Intimidate|boost
|-unboost|p1a: Rotom|atk|1
|move|p1a: Rotom|Volt Switch|p2a: Landorus
|-immune|p2a: Landorus
|
|-heal|p1a: Rotom|95/100 tox|[from] item: Leftovers
|-heal|p2a: Landorus|94/100|[from] item: Leftovers
|-damage|p1a: Rotom|77/100 tox|[from] psn
|upkeep
|turn|16
|inactive|Butter Pancakes has 120 seconds left.
|
|t:|1658865885
|switch|p1a: Tornadus|Tornadus-Therian, M|86/100
|switch|p2a: Slowbro|Slowbro, F|100/100 tox
|-damage|p2a: Slowbro|88/100 tox|[from] Stealth Rock
|
|-damage|p2a: Slowbro|82/100 tox|[from] psn
|upkeep
|turn|17
|inactive|Butter Pancakes has 120 seconds left.
|
|t:|1658865898
|move|p1a: Tornadus|Knock Off|p2a: Slowbro
|-supereffective|p2a: Slowbro
|-enditem|p2a: Slowbro|Colbur Berry|[eat]
|-enditem|p2a: Slowbro|Colbur Berry|[weaken]
|-damage|p2a: Slowbro|71/100 tox
|move|p2a: Slowbro|Thunder Wave|p1a: Tornadus
|-status|p1a: Tornadus|par
|
|-damage|p2a: Slowbro|59/100 tox|[from] psn
|upkeep
|turn|18
|inactive|Butter Pancakes has 120 seconds left.
|
|t:|1658865905
|cant|p1a: Tornadus|par
|move|p2a: Slowbro|Teleport|p2a: Slowbro
|inactive|Butter Pancakes has 120 seconds left.
|
|t:|1658865916
|switch|p2a: Zapdos|Zapdos|82/100|[from]move: Teleport
|-damage|p2a: Zapdos|57/100|[from] Stealth Rock
|
|upkeep
|turn|19
|inactive|Butter Pancakes has 120 seconds left.
|
|t:|1658865930
|switch|p1a: Clefable|Clefable, F|100/100
|move|p2a: Zapdos|Roost|p2a: Zapdos
|-heal|p2a: Zapdos|100/100
|-singleturn|p2a: Zapdos|move: Roost
|
|upkeep
|turn|20
|
|t:|1658865939
|move|p2a: Zapdos|Volt Switch|p1a: Clefable
|-damage|p1a: Clefable|75/100
|
|t:|1658865942
|switch|p2a: Melmetal|Melmetal|94/100|[from]move: Volt Switch
|-damage|p2a: Melmetal|88/100|[from] Stealth Rock
|move|p1a: Clefable|Aromatherapy|p1a: Clefable
|-activate|p1a: Clefable|move: Aromatherapy
|-curestatus|p1: Rotom|tox|[msg]
|-curestatus|p1: Tornadus|par|[msg]
|
|upkeep
|turn|21
|
|t:|1658865959
|switch|p1a: Melmetal|Melmetal|100/100
|move|p2a: Melmetal|Double Iron Bash|p1a: Melmetal
|-resisted|p1a: Melmetal
|-damage|p1a: Melmetal|87/100
|-resisted|p1a: Melmetal
|-damage|p1a: Melmetal|74/100
|-hitcount|p1a: Melmetal|2
|
|-heal|p1a: Melmetal|80/100|[from] item: Leftovers
|upkeep
|turn|22
|
|t:|1658865972
|switch|p1a: Rotom|Rotom-Wash, shiny|77/100
|switch|p2a: Landorus|Landorus-Therian, M|94/100
|-damage|p2a: Landorus|82/100|[from] Stealth Rock
|-ability|p2a: Landorus|Intimidate|boost
|-unboost|p1a: Rotom|atk|1
|
|-heal|p1a: Rotom|83/100|[from] item: Leftovers
|-heal|p2a: Landorus|88/100|[from] item: Leftovers
|upkeep
|turn|23
|j| Sprayz
|
|t:|1658865985
|switch|p2a: Slowbro|Slowbro, F|92/100 tox
|-damage|p2a: Slowbro|79/100 tox|[from] Stealth Rock
|move|p1a: Rotom|Volt Switch|p2a: Slowbro
|-supereffective|p2a: Slowbro
|-damage|p2a: Slowbro|25/100 tox
|
|t:|1658865989
|switch|p1a: Rillaboom|Rillaboom, F|100/100|[from]move: Volt Switch
|-fieldstart|move: Grassy Terrain|[from] ability: Grassy Surge|[of] p1a: Rillaboom
|
|-heal|p2a: Slowbro|31/100 tox|[from] Grassy Terrain
|-damage|p2a: Slowbro|25/100 tox|[from] psn
|upkeep
|turn|24
|c|☆Butter Pancakes|the wash is really annoying wont even lie
|
|t:|1658866004
|switch|p1a: Melmetal|Melmetal|80/100
|switch|p2a: Zapdos|Zapdos|100/100
|-damage|p2a: Zapdos|75/100|[from] Stealth Rock
|
|-heal|p1a: Melmetal|86/100|[from] Grassy Terrain
|-heal|p1a: Melmetal|92/100|[from] item: Leftovers
|upkeep
|turn|25
|j| aslo6541
|l| towd47
|l| aslo6541
|
|t:|1658866025
|move|p2a: Zapdos|Hurricane|p1a: Melmetal
|-resisted|p1a: Melmetal
|-damage|p1a: Melmetal|71/100
|-start|p1a: Melmetal|confusion
|-activate|p1a: Melmetal|confusion
|-damage|p1a: Melmetal|61/100|[from] confusion
|
|-heal|p1a: Melmetal|68/100|[from] Grassy Terrain
|-heal|p1a: Melmetal|74/100|[from] item: Leftovers
|upkeep
|turn|26
|
|t:|1658866035
|move|p2a: Zapdos|Volt Switch|p1a: Melmetal
|-damage|p1a: Melmetal|47/100
|
|t:|1658866044
|switch|p2a: Landorus|Landorus-Therian, M|88/100|[from]move: Volt Switch
|-damage|p2a: Landorus|76/100|[from] Stealth Rock
|-ability|p2a: Landorus|Intimidate|boost
|-unboost|p1a: Melmetal|atk|1
|-activate|p1a: Melmetal|confusion
|move|p1a: Melmetal|Toxic|p2a: Landorus
|-status|p2a: Landorus|tox
|
|-heal|p2a: Landorus|82/100 tox|[from] item: Leftovers
|-heal|p1a: Melmetal|54/100|[from] Grassy Terrain
|-heal|p1a: Melmetal|60/100|[from] item: Leftovers
|-damage|p2a: Landorus|76/100 tox|[from] psn
|upkeep
|turn|27
|c| arnavgupta|what actually is annoying is regular aromatherapy
|
|t:|1658866060
|-activate|p1a: Melmetal|confusion
|move|p1a: Melmetal|Protect|p1a: Melmetal
|-singleturn|p1a: Melmetal|Protect
|move|p2a: Landorus|Stealth Rock|p1a: Melmetal
|-sidestart|p1: Oryen|move: Stealth Rock
|
|-heal|p2a: Landorus|82/100 tox|[from] item: Leftovers
|-heal|p1a: Melmetal|66/100|[from] Grassy Terrain
|-heal|p1a: Melmetal|72/100|[from] item: Leftovers
|-damage|p2a: Landorus|70/100 tox|[from] psn
|-fieldend|move: Grassy Terrain
|upkeep
|turn|28
|c| ULTRANOOB21|im sure he knows about the pain of aromatherapy by now xD
|
|t:|1658866078
|move|p2a: Landorus|U-turn|p1a: Melmetal
|-resisted|p1a: Melmetal
|-damage|p1a: Melmetal|66/100
|c|☆Butter Pancakes|only 6 left
|
|t:|1658866085
|switch|p2a: Slowbro|Slowbro, F|58/100 tox|[from]move: U-turn
|-damage|p2a: Slowbro|45/100 tox|[from] Stealth Rock
|-end|p1a: Melmetal|confusion
|move|p1a: Melmetal|Double Iron Bash|p2a: Slowbro
|-resisted|p2a: Slowbro
|-damage|p2a: Slowbro|36/100 tox
|-resisted|p2a: Slowbro
|-damage|p2a: Slowbro|27/100 tox
|-hitcount|p2a: Slowbro|2
|
|-heal|p1a: Melmetal|72/100|[from] item: Leftovers
|-damage|p2a: Slowbro|21/100 tox|[from] psn
|upkeep
|turn|29
|j| Arcanine1929
|l| Sprayz
|inactive|Butter Pancakes has 120 seconds left.
|
|t:|1658866113
|switch|p2a: Landorus|Landorus-Therian, M|70/100 tox
|-damage|p2a: Landorus|57/100 tox|[from] Stealth Rock
|-ability|p2a: Landorus|Intimidate|boost
|-unboost|p1a: Melmetal|atk|1
|move|p1a: Melmetal|Toxic|p2a: Landorus
|-fail|p2a: Landorus|tox
|
|-heal|p2a: Landorus|63/100 tox|[from] item: Leftovers
|-heal|p1a: Melmetal|78/100|[from] item: Leftovers
|-damage|p2a: Landorus|57/100 tox|[from] psn
|upkeep
|turn|30
|l| Arcanine1929
|inactive|Butter Pancakes has 120 seconds left.
|
|t:|1658866129
|switch|p2a: Slowbro|Slowbro, F|55/100 tox
|-damage|p2a: Slowbro|42/100 tox|[from] Stealth Rock
|move|p1a: Melmetal|Protect||[still]
|-fail|p1a: Melmetal
|
|-heal|p1a: Melmetal|84/100|[from] item: Leftovers
|-damage|p2a: Slowbro|36/100 tox|[from] psn
|upkeep
|turn|31
|inactive|Butter Pancakes has 120 seconds left.
|
|t:|1658866135
|switch|p2a: Landorus|Landorus-Therian, M|57/100 tox
|-damage|p2a: Landorus|45/100 tox|[from] Stealth Rock
|-ability|p2a: Landorus|Intimidate|boost
|-unboost|p1a: Melmetal|atk|1
|move|p1a: Melmetal|Double Iron Bash|p2a: Landorus
|-damage|p2a: Landorus|29/100 tox
|-damage|p2a: Landorus|11/100 tox
|-hitcount|p2a: Landorus|2
|
|-heal|p2a: Landorus|17/100 tox|[from] item: Leftovers
|-heal|p1a: Melmetal|90/100|[from] item: Leftovers
|-damage|p2a: Landorus|11/100 tox|[from] psn
|upkeep
|turn|32
|j| Blastfury0614
|inactive|Butter Pancakes has 120 seconds left.
|
|t:|1658866164
|switch|p2a: Melmetal|Melmetal|88/100
|-damage|p2a: Melmetal|82/100|[from] Stealth Rock
|switch|p1a: Tornadus|Tornadus-Therian, M|100/100
|
|upkeep
|turn|33
|
|t:|1658866175
|move|p1a: Tornadus|Knock Off|p2a: Melmetal
|-damage|p2a: Melmetal|72/100
|-enditem|p2a: Melmetal|Protective Pads|[from] move: Knock Off|[of] p1a: Tornadus
|move|p2a: Melmetal|Double Iron Bash|p1a: Tornadus
|-damage|p1a: Tornadus|51/100
|-damage|p1a: Tornadus|10/100
|-hitcount|p1a: Tornadus|2
|
|upkeep
|turn|34
|
|t:|1658866188
|switch|p1a: Melmetal|Melmetal|90/100
|-damage|p1a: Melmetal|84/100|[from] Stealth Rock
|move|p2a: Melmetal|Superpower|p1a: Melmetal
|-supereffective|p1a: Melmetal
|-damage|p1a: Melmetal|25/100
|-unboost|p2a: Melmetal|atk|1
|-unboost|p2a: Melmetal|def|1
|
|-heal|p1a: Melmetal|31/100|[from] item: Leftovers
|upkeep
|turn|35
|
|t:|1658866199
|move|p1a: Melmetal|Earthquake|p2a: Melmetal
|-supereffective|p2a: Melmetal
|-damage|p2a: Melmetal|5/100
|move|p2a: Melmetal|Superpower|p1a: Melmetal
|-supereffective|p1a: Melmetal
|-damage|p1a: Melmetal|0 fnt
|-unboost|p2a: Melmetal|atk|1
|-unboost|p2a: Melmetal|def|1
|faint|p1a: Melmetal
|
|upkeep
|c|☆Butter Pancakes|tie :(
|c|☆Butter Pancakes|never lucky
|
|t:|1658866214
|switch|p1a: Rotom|Rotom-Wash, shiny|83/100
|-damage|p1a: Rotom|70/100|[from] Stealth Rock
|turn|36
|j| bigboigamer66784
|inactive|Butter Pancakes has 120 seconds left.
|
|t:|1658866240
|switch|p2a: Zapdos|Zapdos|75/100
|-damage|p2a: Zapdos|50/100|[from] Stealth Rock
|move|p1a: Rotom|Volt Switch|p2a: Zapdos
|-damage|p2a: Zapdos|33/100
|
|t:|1658866245
|switch|p1a: Clefable|Clefable, F|75/100|[from]move: Volt Switch
|
|upkeep
|turn|37
|
|t:|1658866252
|move|p2a: Zapdos|Roost|p2a: Zapdos
|-heal|p2a: Zapdos|83/100
|-singleturn|p2a: Zapdos|move: Roost
|move|p1a: Clefable|Moonblast|p2a: Zapdos
|-damage|p2a: Zapdos|62/100
|-unboost|p2a: Zapdos|spa|1
|
|upkeep
|turn|38
|
|t:|1658866271
|move|p2a: Zapdos|Roost|p2a: Zapdos
|-heal|p2a: Zapdos|100/100
|-singleturn|p2a: Zapdos|move: Roost
|move|p1a: Clefable|Moonblast|p2a: Zapdos
|-damage|p2a: Zapdos|78/100
|-unboost|p2a: Zapdos|spa|1
|
|upkeep
|turn|39
|c| Blastfury0614|two drops in a row
|
|t:|1658866284
|move|p2a: Zapdos|Defog|p1a: Clefable
|-unboost|p1a: Clefable|evasion|1
|-sideend|p1: Oryen|Stealth Rock|[from] move: Defog|[of] p2a: Zapdos
|-sideend|p2: Butter Pancakes|Stealth Rock|[from] move: Defog|[of] p2a: Zapdos
|move|p1a: Clefable|Moonblast|p2a: Zapdos
|-damage|p2a: Zapdos|56/100
|
|upkeep
|turn|40
|c| Blastfury0614|unlucky
|
|t:|1658866293
|move|p2a: Zapdos|Hurricane|p1a: Clefable
|-damage|p1a: Clefable|54/100
|move|p1a: Clefable|Moonblast|p2a: Zapdos
|-damage|p2a: Zapdos|36/100
|-unboost|p2a: Zapdos|spa|1
|
|upkeep
|turn|41
|j| darnell1009p
|c|☆Butter Pancakes|what are these drops hello
|c|☆Butter Pancakes|doesnt matter
|c| Blastfury0614|lucky clef
|c|☆Butter Pancakes|just kind of maf
|
|t:|1658866312
|move|p2a: Zapdos|Roost|p2a: Zapdos
|-heal|p2a: Zapdos|86/100
|-singleturn|p2a: Zapdos|move: Roost
|move|p1a: Clefable|Soft-Boiled|p1a: Clefable
|-heal|p1a: Clefable|100/100
|
|upkeep
|turn|42
|
|t:|1658866319
|move|p2a: Zapdos|Volt Switch|p1a: Clefable
|-damage|p1a: Clefable|90/100
|
|t:|1658866323
|switch|p2a: Hatterene|Hatterene, F|64/100|[from]move: Volt Switch
|move|p1a: Clefable|Moonblast|p2a: Hatterene
|-damage|p2a: Hatterene|33/100
|
|upkeep
|turn|43
|inactive|Butter Pancakes has 120 seconds left.
|
|t:|1658866334
|move|p1a: Clefable|Moonblast|p2a: Hatterene
|-damage|p2a: Hatterene|1/100
|move|p2a: Hatterene|Trick Room|p2a: Hatterene
|-fieldstart|move: Trick Room|[of] p2a: Hatterene
|
|upkeep
|turn|44
|inactive|Butter Pancakes has 120 seconds left.
|
|t:|1658866353
|switch|p1a: Rotom|Rotom-Wash, shiny|70/100
|move|p2a: Hatterene|Healing Wish|p2a: Hatterene
|faint|p2a: Hatterene
|
|-heal|p1a: Rotom|76/100|[from] item: Leftovers
|upkeep
|inactive|Butter Pancakes has 120 seconds left.
|
|t:|1658866360
|switch|p2a: Melmetal|Melmetal|5/100
|-heal|p2a: Melmetal|100/100|[from] move: Healing Wish
|turn|45
|
|t:|1658866368
|move|p2a: Melmetal|Double Iron Bash|p1a: Rotom
|-resisted|p1a: Rotom
|-damage|p1a: Rotom|65/100
|-resisted|p1a: Rotom
|-damage|p1a: Rotom|53/100
|-hitcount|p1a: Rotom|2
|move|p1a: Rotom|Will-O-Wisp|p2a: Melmetal
|-status|p2a: Melmetal|brn
|
|-heal|p1a: Rotom|59/100|[from] item: Leftovers
|-damage|p2a: Melmetal|94/100 brn|[from] brn
|upkeep
|turn|46
|c| Blastfury0614|here it comes again
|inactive|Butter Pancakes has 120 seconds left.
|
|t:|1658866386
|move|p2a: Melmetal|Toxic|p1a: Rotom
|-status|p1a: Rotom|tox
|move|p1a: Rotom|Hydro Pump|p2a: Melmetal
|-crit|p2a: Melmetal
|-damage|p2a: Melmetal|39/100 brn
|
|-heal|p1a: Rotom|65/100 tox|[from] item: Leftovers
|-damage|p1a: Rotom|59/100 tox|[from] psn
|-damage|p2a: Melmetal|33/100 brn|[from] brn
|upkeep
|turn|47
|inactive|Butter Pancakes has 120 seconds left.
|c|☆Butter Pancakes|i cant break the wash
|
|t:|1658866405
|switch|p2a: Zapdos|Zapdos|86/100
|move|p1a: Rotom|Hydro Pump|p2a: Zapdos
|-damage|p2a: Zapdos|59/100
|
|-heal|p1a: Rotom|65/100 tox|[from] item: Leftovers
|-damage|p1a: Rotom|53/100 tox|[from] psn
|-fieldend|move: Trick Room
|upkeep
|turn|48
|
|t:|1658866418
|move|p1a: Rotom|Pain Split|p2a: Zapdos
|-sethp|p2a: Zapdos|50/100|[from] move: Pain Split|[silent]
|-sethp|p1a: Rotom|64/100 tox|[from] move: Pain Split
|move|p2a: Zapdos|Hurricane|p1a: Rotom
|-resisted|p1a: Rotom
|-damage|p1a: Rotom|43/100 tox
|
|-heal|p1a: Rotom|49/100 tox|[from] item: Leftovers
|-damage|p1a: Rotom|31/100 tox|[from] psn
|upkeep
|turn|49
|j| Smitty517
|
|t:|1658866429
|switch|p1a: Hippowdon|Hippowdon, F|94/100
|-weather|Sandstorm|[from] ability: Sand Stream|[of] p1a: Hippowdon
|move|p2a: Zapdos|Hurricane|p1a: Hippowdon
|-damage|p1a: Hippowdon|60/100
|-start|p1a: Hippowdon|confusion
|
|-weather|Sandstorm|[upkeep]
|-damage|p2a: Zapdos|44/100|[from] Sandstorm
|-heal|p1a: Hippowdon|67/100|[from] item: Leftovers
|upkeep
|turn|50
|
|t:|1658866448
|move|p2a: Zapdos|Hurricane|p1a: Hippowdon|[miss]
|-miss|p2a: Zapdos|p1a: Hippowdon
|-activate|p1a: Hippowdon|confusion
|move|p1a: Hippowdon|Earthquake|p2a: Zapdos
|-immune|p2a: Zapdos
|
|-weather|Sandstorm|[upkeep]
|-damage|p2a: Zapdos|38/100|[from] Sandstorm
|-heal|p1a: Hippowdon|73/100|[from] item: Leftovers
|upkeep
|turn|51
|
|t:|1658866458
|move|p2a: Zapdos|Hurricane|p1a: Hippowdon|[miss]
|-miss|p2a: Zapdos|p1a: Hippowdon
|-activate|p1a: Hippowdon|confusion
|-damage|p1a: Hippowdon|65/100|[from] confusion
|
|-weather|Sandstorm|[upkeep]
|-damage|p2a: Zapdos|32/100|[from] Sandstorm
|-heal|p1a: Hippowdon|71/100|[from] item: Leftovers
|upkeep
|turn|52
|
|t:|1658866464
|move|p2a: Zapdos|Roost|p2a: Zapdos
|-heal|p2a: Zapdos|82/100
|-singleturn|p2a: Zapdos|move: Roost
|-end|p1a: Hippowdon|confusion
|move|p1a: Hippowdon|Earthquake|p2a: Zapdos
|-supereffective|p2a: Zapdos
|-damage|p2a: Zapdos|2/100
|
|-weather|Sandstorm|[upkeep]
|-damage|p2a: Zapdos|0 fnt|[from] Sandstorm
|faint|p2a: Zapdos
|-heal|p1a: Hippowdon|78/100|[from] item: Leftovers
|upkeep
|
|t:|1658866475
|switch|p2a: Slowbro|Slowbro, F|69/100 tox
|turn|53
|j| Lenoxum
|
|t:|1658866491
|move|p1a: Hippowdon|Stealth Rock|p2a: Slowbro
|-sidestart|p2: Butter Pancakes|move: Stealth Rock
|move|p2a: Slowbro|Body Press|p1a: Hippowdon
|-damage|p1a: Hippowdon|58/100
|
|-weather|none
|-heal|p1a: Hippowdon|64/100|[from] item: Leftovers
|-damage|p2a: Slowbro|63/100 tox|[from] psn
|upkeep
|turn|54
|
|t:|1658866498
|switch|p1a: Clefable|Clefable, F|90/100
|move|p2a: Slowbro|Scald|p1a: Clefable
|-damage|p1a: Clefable|64/100
|
|-damage|p2a: Slowbro|51/100 tox|[from] psn
|upkeep
|turn|55
|c| arnavgupta|like to run specs trick slowro in cloak and dagger sometimes
|
|t:|1658866506
|move|p1a: Clefable|Moonblast|p2a: Slowbro
|-damage|p2a: Slowbro|18/100 tox
|move|p2a: Slowbro|Thunder Wave|p1a: Clefable
|-status|p1a: Clefable|par
|
|-damage|p2a: Slowbro|0 fnt|[from] psn
|faint|p2a: Slowbro
|upkeep
|c|☆Butter Pancakes|need to get lucky on the dice
|c| arnavgupta|really messes up opponent teams
|
|t:|1658866523
|switch|p2a: Melmetal|Melmetal|33/100 brn
|-damage|p2a: Melmetal|27/100 brn|[from] Stealth Rock
|turn|56
|j| Theking2169
|l| ihavebestsandteam
|
|t:|1658866534
|switch|p1a: Rotom|Rotom-Wash, shiny|31/100 tox
|move|p2a: Melmetal|Superpower|p1a: Rotom
|-damage|p1a: Rotom|5/100 tox
|-unboost|p2a: Melmetal|atk|1
|-unboost|p2a: Melmetal|def|1
|
|-heal|p1a: Rotom|11/100 tox|[from] item: Leftovers
|-damage|p1a: Rotom|5/100 tox|[from] psn
|-damage|p2a: Melmetal|21/100 brn|[from] brn
|upkeep
|turn|57
|l| Theking2169
|
|t:|1658866547
|switch|p2a: Landorus|Landorus-Therian, M|11/100 tox
|-damage|p2a: Landorus|0 fnt|[from] Stealth Rock
|faint|p2a: Landorus
|move|p1a: Rotom|Volt Switch|p2: Landorus|[notarget]
|-fail|p1a: Rotom
|
|-heal|p1a: Rotom|11/100 tox|[from] item: Leftovers
|-damage|p1a: Rotom|0 fnt|[from] psn
|faint|p1a: Rotom
|upkeep
|
|t:|1658866561
|switch|p1a: Hippowdon|Hippowdon, F|64/100
|switch|p2a: Dragapult|Dragapult, F|100/100
|-damage|p2a: Dragapult|88/100|[from] Stealth Rock
|-weather|Sandstorm|[from] ability: Sand Stream|[of] p1a: Hippowdon
|turn|58
|
|t:|1658866567
|move|p2a: Dragapult|Draco Meteor|p1a: Hippowdon
|-crit|p1a: Hippowdon
|-damage|p1a: Hippowdon|0 fnt
|-unboost|p2a: Dragapult|spa|2
|faint|p1a: Hippowdon
|
|-weather|Sandstorm|[upkeep]
|-damage|p2a: Dragapult|82/100|[from] Sandstorm
|upkeep
|
|t:|1658866577
|switch|p1a: Rillaboom|Rillaboom, F|100/100
|-fieldstart|move: Grassy Terrain|[from] ability: Grassy Surge|[of] p1a: Rillaboom
|turn|59
|l| ULTRANOOB21
|
|t:|1658866606
|switch|p2a: Melmetal|Melmetal|21/100 brn
|-damage|p2a: Melmetal|15/100 brn|[from] Stealth Rock
|move|p1a: Rillaboom|Swords Dance|p1a: Rillaboom
|-boost|p1a: Rillaboom|atk|2
|
|-weather|Sandstorm|[upkeep]
|-damage|p1a: Rillaboom|94/100|[from] Sandstorm
|-heal|p1a: Rillaboom|100/100|[from] Grassy Terrain
|-heal|p2a: Melmetal|21/100 brn|[from] Grassy Terrain
|-damage|p2a: Melmetal|15/100 brn|[from] brn
|upkeep
|turn|60
|
|t:|1658866617
|move|p1a: Rillaboom|Knock Off|p2a: Melmetal
|-damage|p2a: Melmetal|0 fnt
|faint|p2a: Melmetal
|
|-weather|Sandstorm|[upkeep]
|-damage|p1a: Rillaboom|94/100|[from] Sandstorm
|-heal|p1a: Rillaboom|100/100|[from] Grassy Terrain
|upkeep
|
|t:|1658866626
|switch|p2a: Dragapult|Dragapult, F|82/100
|-damage|p2a: Dragapult|70/100|[from] Stealth Rock
|turn|61
|c|☆Butter Pancakes|ggs
|
|t:|1658866648
|switch|p1a: Tornadus|Tornadus-Therian, M|43/100
|move|p2a: Dragapult|Flamethrower|p1a: Tornadus
|-damage|p1a: Tornadus|1/100
|
|-weather|Sandstorm|[upkeep]
|-damage|p2a: Dragapult|64/100|[from] Sandstorm
|-damage|p1a: Tornadus|0 fnt|[from] Sandstorm
|faint|p1a: Tornadus
|-heal|p2a: Dragapult|70/100|[from] Grassy Terrain
|upkeep
|c|☆Butter Pancakes|im a dead boy
|
|t:|1658866652
|switch|p1a: Clefable|Clefable, F|64/100 par
|turn|62
|
|t:|1658866661
|move|p2a: Dragapult|Flamethrower|p1a: Clefable
|-damage|p1a: Clefable|27/100 par
|move|p1a: Clefable|Moonblast|p2a: Dragapult
|-supereffective|p2a: Dragapult
|-damage|p2a: Dragapult|0 fnt
|faint|p2a: Dragapult
|
|win|Oryen
|n|☆Oryen|oryen
|n|☆Butter Pancakes|butterpancakes
|n|*Lady Monita ☀|ladymonita
|n| jfebhjbeebhjf|jfebhjbeebhjf
|n| arnavgupta|arnavgupta
|n| Team to Beat|teamtobeat
|n| Blastfury0614|blastfury0614
|n| bigboigamer66784|bigboigamer66784
|n| darnell1009p|darnell1009p
|n| Smitty517|smitty517
|n| Lenoxum|lenoxum
