|j|☆Yonics
|j|☆gaijineagle
|t:|1596382414
|player|p1|Yonics|170|1126
|player|p2|gaijineagle|2|1147
|teamsize|p1|6
|teamsize|p2|6
|gametype|singles
|gen|8
|tier|[Gen 8] OU
|rated|
|html|<div class="broadcast-blue"><strong>OU is currently suspecting Magearna! For information on how to participate check out the <a href="https://www.smogon.com/forums/threads/3667669/">suspect thread</a>.</strong></div>
|clearpoke
|poke|p1|Tauros, M|
|poke|p1|Vikavolt, M|
|poke|p1|Turtonator, F|
|poke|p1|Seaking, M|
|poke|p1|Dusknoir, F|
|poke|p1|Mr. Rime, F|
|poke|p2|Shuckle, M|
|poke|p2|Urshifu-*, F|
|poke|p2|Lycanroc-Dusk, M|
|poke|p2|Alakazam, M|
|poke|p2|Cinderace, F|
|poke|p2|Dragapult, M|
|rule|Sleep Clause Mod: Limit one foe put to sleep
|rule|Species Clause: Limit one of each Pokémon
|rule|OHKO Clause: OHKO moves are banned
|rule|Evasion Moves Clause: Evasion moves are banned
|rule|Endless Battle Clause: Forcing endless battles is banned
|rule|HP Percentage Mod: HP is shown in percentages
|rule|Dynamax Clause: You cannot dynamax
|teampreview
|inactive|Battle timer is ON: inactive players will automatically lose when time's up. (requested by gaijineagle)
|inactive|gaijineagle has 120 seconds left.
|inactive|gaijineagle has 90 seconds left.
|inactive|gaijineagle has 60 seconds left.
|
|t:|1596382513
|start
|switch|p1a: Dusknoir|Dusknoir, F|100/100
|switch|p2a: Shuckle|Shuckle, M|100/100
|-ability|p1a: Dusknoir|Pressure
|turn|1
|inactive|gaijineagle has 120 seconds left.
|
|t:|1596382531
|move|p1a: Dusknoir|Trick|p2a: Shuckle
|-activate|p1a: Dusknoir|move: Trick|[of] p2a: Shuckle
|-item|p2a: Shuckle|Choice Band|[from] move: Trick
|-item|p1a: Dusknoir|Mental Herb|[from] move: Trick
|move|p2a: Shuckle|Sticky Web|p1a: Dusknoir
|-sidestart|p1: Yonics|move: Sticky Web
|
|upkeep
|turn|2
|inactive|gaijineagle has 90 seconds left.
|
|t:|1596382561
|switch|p2a: Urshifu|Urshifu, F|100/100
|move|p1a: Dusknoir|Poltergeist|p2a: Urshifu
|-activate|p2a: Urshifu|move: Poltergeist|Life Orb
|-resisted|p2a: Urshifu
|-damage|p2a: Urshifu|73/100
|
|upkeep
|turn|3
|
|t:|1596382573
|switch|p1a: Turtonator|Turtonator, F|100/100
|-activate|p1a: Turtonator|move: Sticky Web
|-unboost|p1a: Turtonator|spe|1
|move|p2a: Urshifu|Wicked Blow|p1a: Turtonator
|-damage|p1a: Turtonator|66/100
|-damage|p2a: Urshifu|56/100|[from] item: Rocky Helmet|[of] p1a: Turtonator
|-damage|p2a: Urshifu|46/100|[from] item: Life Orb
|
|upkeep
|turn|4
|inactive|gaijineagle has 90 seconds left.
|
|t:|1596382592
|move|p2a: Urshifu|Close Combat|p1a: Turtonator
|-damage|p1a: Turtonator|13/100
|-unboost|p2a: Urshifu|def|1
|-unboost|p2a: Urshifu|spd|1
|-damage|p2a: Urshifu|30/100|[from] item: Rocky Helmet|[of] p1a: Turtonator
|-damage|p2a: Urshifu|20/100|[from] item: Life Orb
|move|p1a: Turtonator|Will-O-Wisp|p2a: Urshifu|[miss]
|-miss|p1a: Turtonator|p2a: Urshifu
|
|upkeep
|turn|5
|inactive|gaijineagle has 90 seconds left.
|
|t:|1596382616
|move|p2a: Urshifu|Wicked Blow|p1a: Turtonator
|-damage|p1a: Turtonator|0 fnt
|-damage|p2a: Urshifu|3/100|[from] item: Rocky Helmet|[of] p1a: Turtonator
|-damage|p2a: Urshifu|0 fnt|[from] item: Life Orb
|faint|p1a: Turtonator
|faint|p2a: Urshifu
|
|upkeep
|
|t:|1596382645
|switch|p2a: Dragapult|Dragapult, M|100/100
|switch|p1a: Mr. Rime|Mr. Rime, F, shiny|100/100
|turn|6
|inactive|gaijineagle has 60 seconds left.
|
|t:|1596382670
|move|p2a: Dragapult|Dragon Darts|p1a: Mr. Rime
|-damage|p1a: Mr. Rime|47/100
|-anim|p2a: Dragapult|Dragon Darts|p1a: Mr. Rime
|-damage|p1a: Mr. Rime|0 fnt
|-damage|p2a: Dragapult|91/100|[from] item: Life Orb
|faint|p1a: Mr. Rime
|
|upkeep
|-message|Yonics forfeited.
|
|win|gaijineagle
|l|☆Yonics
|c|☆gaijineagle|gg
|raw|Yonics's rating: 1126 &rarr; <strong>1103</strong><br />(-23 for losing)
|raw|gaijineagle's rating: 1147 &rarr; <strong>1170</strong><br />(+23 for winning)
