|raw|<div class="broadcast-blue"><strong>This battle is required to be public due to a player having a name starting with 'lt91bb'.</div>
|j|☆I am zero hero
|j|☆LT91BB Mimi
|t:|1659513598
|gametype|singles
|player|p1|I am zero hero|unknown|1878
|player|p2|LT91BB Mimi|dawn-masters2|1824
|teamsize|p1|6
|teamsize|p2|6
|gen|8
|tier|[Gen 8] OU
|rated|
|rule|Sleep Clause Mod: Limit one foe put to sleep
|rule|Species Clause: Limit one of each Pokémon
|rule|OHKO Clause: OHKO moves are banned
|rule|Evasion Moves Clause: Evasion moves are banned
|rule|Endless Battle Clause: Forcing endless battles is banned
|rule|HP Percentage Mod: HP is shown in percentages
|rule|Dynamax Clause: You cannot dynamax
|clearpoke
|poke|p1|Mew|
|poke|p1|Tapu Fini|
|poke|p1|Necrozma|
|poke|p1|Landorus-Therian, M|
|poke|p1|Bisharp, F|
|poke|p1|Hawlucha, F|
|poke|p2|Pelipper, M|
|poke|p2|Barraskewda, F|
|poke|p2|Regieleki|
|poke|p2|Tapu Lele|
|poke|p2|Landorus-Therian, M|
|poke|p2|Ferrothorn, F|
|teampreview
|inactive|Battle timer is ON: inactive players will automatically lose when time's up. (requested by I am zero hero)
|
|t:|1659513629
|start
|switch|p1a: Mew|Mew|100/100
|switch|p2a: Lando Calrissian|Landorus-Therian, M|100/100
|-ability|p2a: Lando Calrissian|Intimidate|boost
|-unboost|p1a: Mew|atk|1
|turn|1
|inactive|LT91BB Mimi has 120 seconds left.
|
|t:|1659513670
|switch|p2a: Pelipprime|Pelipper, M|100/100
|-weather|RainDance|[from] ability: Drizzle|[of] p2a: Pelipprime
|move|p1a: Mew|Cosmic Power|p1a: Mew
|-boost|p1a: Mew|def|1
|-boost|p1a: Mew|spd|1
|
|-weather|RainDance|[upkeep]
|upkeep
|turn|2
|
|t:|1659513673
|move|p1a: Mew|Cosmic Power|p1a: Mew
|-boost|p1a: Mew|def|1
|-boost|p1a: Mew|spd|1
|move|p2a: Pelipprime|Surf|p1a: Mew
|-damage|p1a: Mew|63/100
|
|-weather|RainDance|[upkeep]
|upkeep
|turn|3
|j| Heiwa June
|
|t:|1659513677
|switch|p2a: Barrack Obama|Barraskewda, F|100/100
|move|p1a: Mew|Cosmic Power|p1a: Mew
|-boost|p1a: Mew|def|1
|-boost|p1a: Mew|spd|1
|
|-weather|RainDance|[upkeep]
|upkeep
|turn|4
|inactive|LT91BB Mimi has 120 seconds left.
|
|t:|1659513712
|move|p2a: Barrack Obama|Flip Turn|p1a: Mew
|-damage|p1a: Mew|39/100
|
|t:|1659513714
|switch|p2a: Tapu Lele Pons|Tapu Lele|100/100|[from]move: Flip Turn
|-fieldstart|move: Psychic Terrain|[from] ability: Psychic Surge|[of] p2a: Tapu Lele Pons
|move|p1a: Mew|Roost|p1a: Mew
|-heal|p1a: Mew|89/100
|-singleturn|p1a: Mew|move: Roost
|
|-weather|RainDance|[upkeep]
|upkeep
|turn|5
|
|t:|1659513717
|move|p2a: Tapu Lele Pons|Moonblast|p1a: Mew
|-damage|p1a: Mew|69/100
|move|p1a: Mew|Cosmic Power|p1a: Mew
|-boost|p1a: Mew|def|1
|-boost|p1a: Mew|spd|1
|
|-weather|none
|upkeep
|turn|6
|inactive|LT91BB Mimi has 120 seconds left.
|
|t:|1659513760
|move|p2a: Tapu Lele Pons|Moonblast|p1a: Mew
|-damage|p1a: Mew|54/100
|move|p1a: Mew|Roost|p1a: Mew
|-heal|p1a: Mew|100/100
|-singleturn|p1a: Mew|move: Roost
|
|upkeep
|turn|7
|
|t:|1659513769
|move|p2a: Tapu Lele Pons|Moonblast|p1a: Mew
|-damage|p1a: Mew|86/100
|move|p1a: Mew|Cosmic Power|p1a: Mew
|-boost|p1a: Mew|def|1
|-boost|p1a: Mew|spd|1
|
|upkeep
|turn|8
|
|t:|1659513782
|move|p2a: Tapu Lele Pons|Moonblast|p1a: Mew
|-damage|p1a: Mew|73/100
|move|p1a: Mew|Cosmic Power|p1a: Mew
|-boost|p1a: Mew|def|1
|-boost|p1a: Mew|spd|1
|
|-fieldend|move: Psychic Terrain
|upkeep
|turn|9
|
|t:|1659513786
|move|p2a: Tapu Lele Pons|Moonblast|p1a: Mew
|-damage|p1a: Mew|61/100
|move|p1a: Mew|Roost|p1a: Mew
|-heal|p1a: Mew|100/100
|-singleturn|p1a: Mew|move: Roost
|
|upkeep
|turn|10
|
|t:|1659513790
|move|p2a: Tapu Lele Pons|Moonblast|p1a: Mew
|-damage|p1a: Mew|88/100
|move|p1a: Mew|Stored Power|p2a: Tapu Lele Pons
|-resisted|p2a: Tapu Lele Pons
|-damage|p2a: Tapu Lele Pons|49/100
|
|upkeep
|turn|11
|
|t:|1659513797
|move|p2a: Tapu Lele Pons|Moonblast|p1a: Mew
|-damage|p1a: Mew|76/100
|move|p1a: Mew|Stored Power|p2a: Tapu Lele Pons
|-resisted|p2a: Tapu Lele Pons
|-damage|p2a: Tapu Lele Pons|4/100
|
|upkeep
|turn|12
|
|t:|1659513805
|move|p2a: Tapu Lele Pons|Moonblast|p1a: Mew
|-damage|p1a: Mew|64/100
|-unboost|p1a: Mew|spa|1
|move|p1a: Mew|Roost|p1a: Mew
|-heal|p1a: Mew|100/100
|-singleturn|p1a: Mew|move: Roost
|
|upkeep
|turn|13
|j| jootun
|
|t:|1659513819
|switch|p2a: Ferro Thornberry|Ferrothorn, F|100/100
|move|p1a: Mew|Stored Power|p2a: Ferro Thornberry
|-resisted|p2a: Ferro Thornberry
|-damage|p2a: Ferro Thornberry|83/100
|
|-heal|p2a: Ferro Thornberry|89/100|[from] item: Leftovers
|upkeep
|turn|14
|
|t:|1659513836
|move|p1a: Mew|Body Press|p2a: Ferro Thornberry
|-supereffective|p2a: Ferro Thornberry
|-damage|p2a: Ferro Thornberry|0 fnt
|-damage|p1a: Mew|88/100|[from] ability: Iron Barbs|[of] p2a: Ferro Thornberry
|faint|p2a: Ferro Thornberry
|
|upkeep
|-message|LT91BB Mimi forfeited.
|
|win|I am zero hero
|raw|I am zero hero's rating: 1878 &rarr; <strong>1894</strong><br />(+16 for winning)
|raw|LT91BB Mimi's rating: 1801 &rarr; <strong>1785</strong><br />(-16 for losing)
|l|☆LT91BB Mimi
|l|☆I am zero hero
|j|☆I am zero hero
|player|p1|I am zero hero|unknown
