|html|<div class="broadcast-blue"><strong>[Gen 8] OU is currently suspecting Melmetal! For information on how to participate check out the <a href="https://www.smogon.com/forums/threads/np-ss-ou-suspect-process-round-12-monster-mash.3709234/">suspect thread</a>.</strong></div>
|j|☆Raimei Hakkei 2
|j|☆minimax_ai
|t:|1666221765
|gametype|singles
|player|p1|Raimei Hakkei 2|102|1571
|player|p2|minimax_ai|lusamine-nihilego|1545
|teamsize|p1|6
|teamsize|p2|6
|gen|8
|tier|[Gen 8] OU
|rated|
|rule|Sleep Clause Mod: Limit one foe put to sleep
|rule|Species Clause: Limit one of each Pokémon
|rule|OHKO Clause: OHKO moves are banned
|rule|Evasion Items Clause: Evasion items are banned
|rule|Evasion Moves Clause: Evasion moves are banned
|rule|Endless Battle Clause: Forcing endless battles is banned
|rule|HP Percentage Mod: HP is shown in percentages
|rule|Dynamax Clause: You cannot dynamax
|clearpoke
|poke|p1|Landorus-Therian, M|
|poke|p1|Urshifu-*, M|
|poke|p1|Dragonite, F|
|poke|p1|Tyrantrum, F|
|poke|p1|Aegislash, F|
|poke|p1|Chansey, F|
|poke|p2|Rotom-Wash|
|poke|p2|Weavile, F|
|poke|p2|Landorus-Therian, M|
|poke|p2|Heatran, M|
|poke|p2|Tangrowth, M|
|poke|p2|Melmetal|
|teampreview
|inactive|Battle timer is ON: inactive players will automatically lose when time's up. (requested by Raimei Hakkei 2)
|c|☆minimax_ai|hf
|inactive|minimax_ai also wants the timer to be on.
|
|t:|1666221771
|start
|switch|p1a: Gundari: Ryuseigun|Urshifu-Rapid-Strike, M|100/100
|switch|p2a: landorustherian|Landorus-Therian, M|100/100
|-ability|p2a: landorustherian|Intimidate|boost
|-unboost|p1a: Gundari: Ryuseigun|atk|1
|turn|1
|
|t:|1666221774
|move|p1a: Gundari: Ryuseigun|Close Combat|p2a: landorustherian
|-resisted|p2a: landorustherian
|-damage|p2a: landorustherian|71/100
|-unboost|p1a: Gundari: Ryuseigun|def|1
|-unboost|p1a: Gundari: Ryuseigun|spd|1
|move|p2a: landorustherian|Defog|p1a: Gundari: Ryuseigun
|-unboost|p1a: Gundari: Ryuseigun|evasion|1
|
|-heal|p2a: landorustherian|77/100|[from] item: Leftovers
|upkeep
|turn|2
|
|t:|1666221779
|switch|p1a: Raging Drunk|Landorus-Therian, M|100/100
|-ability|p1a: Raging Drunk|Intimidate|boost
|-unboost|p2a: landorustherian|atk|1
|move|p2a: landorustherian|Defog|p1a: Raging Drunk
|-unboost|p1a: Raging Drunk|evasion|1
|
|-heal|p2a: landorustherian|83/100|[from] item: Leftovers
|upkeep
|turn|3
|
|t:|1666221784
|move|p1a: Raging Drunk|Toxic|p2a: landorustherian
|-status|p2a: landorustherian|tox
|move|p2a: landorustherian|Toxic|p1a: Raging Drunk
|-status|p1a: Raging Drunk|tox
|-enditem|p1a: Raging Drunk|Lum Berry|[eat]
|-curestatus|p1a: Raging Drunk|tox|[msg]
|
|-heal|p2a: landorustherian|89/100 tox|[from] item: Leftovers
|-damage|p2a: landorustherian|83/100 tox|[from] psn
|upkeep
|turn|4
|
|t:|1666221790
|switch|p1a: Gundari: Ryuseigun|Urshifu-Rapid-Strike, M|100/100
|switch|p2a: Heatran|Heatran, M|100/100
|-item|p2a: Heatran|Air Balloon
|
|upkeep
|turn|5
|
|t:|1666221795
|switch|p2a: Tangrowth|Tangrowth, M|100/100
|move|p1a: Gundari: Ryuseigun|Close Combat|p2a: Tangrowth
|-damage|p2a: Tangrowth|52/100
|-unboost|p1a: Gundari: Ryuseigun|def|1
|-unboost|p1a: Gundari: Ryuseigun|spd|1
|-damage|p1a: Gundari: Ryuseigun|84/100|[from] item: Rocky Helmet|[of] p2a: Tangrowth
|
|upkeep
|turn|6
|
|t:|1666221803
|switch|p1a: Flirty Drunk|Chansey, F|100/100
|move|p2a: Tangrowth|Sleep Powder|p1a: Flirty Drunk
|-status|p1a: Flirty Drunk|slp|[from] move: Sleep Powder
|
|upkeep
|turn|7
|
|t:|1666221806
|-curestatus|p1a: Flirty Drunk|slp|[from] ability: Natural Cure
|switch|p1a: Horai Hakke|Tyrantrum, F|100/100
|switch|p2a: landorustherian|Landorus-Therian, M|83/100 tox
|-ability|p2a: landorustherian|Intimidate|boost
|-unboost|p1a: Horai Hakke|atk|1
|
|-heal|p2a: landorustherian|89/100 tox|[from] item: Leftovers
|-damage|p2a: landorustherian|83/100 tox|[from] psn
|upkeep
|turn|8
|
|t:|1666221813
|switch|p1a: Raging Drunk|Landorus-Therian, M|100/100
|-ability|p1a: Raging Drunk|Intimidate|boost
|-unboost|p2a: landorustherian|atk|1
|move|p2a: landorustherian|Defog|p1a: Raging Drunk
|-unboost|p1a: Raging Drunk|evasion|1
|
|-heal|p2a: landorustherian|89/100 tox|[from] item: Leftovers
|-damage|p2a: landorustherian|77/100 tox|[from] psn
|upkeep
|turn|9
|
|t:|1666221818
|switch|p1a: Gundari: Ryuseigun|Urshifu-Rapid-Strike, M|84/100
|switch|p2a: Heatran|Heatran, M|100/100
|-item|p2a: Heatran|Air Balloon
|
|upkeep
|turn|10
|
|t:|1666221822
|switch|p2a: landorustherian|Landorus-Therian, M|77/100 tox
|-ability|p2a: landorustherian|Intimidate|boost
|-unboost|p1a: Gundari: Ryuseigun|atk|1
|move|p1a: Gundari: Ryuseigun|U-turn|p2a: landorustherian
|-resisted|p2a: landorustherian
|-damage|p2a: landorustherian|66/100 tox
|
|t:|1666221826
|switch|p1a: Raging Drunk|Landorus-Therian, M|100/100|[from]move: U-turn
|-ability|p1a: Raging Drunk|Intimidate|boost
|-unboost|p2a: landorustherian|atk|1
|
|-heal|p2a: landorustherian|72/100 tox|[from] item: Leftovers
|-damage|p2a: landorustherian|66/100 tox|[from] psn
|upkeep
|turn|11
|
|t:|1666221829
|switch|p1a: Gundari: Ryuseigun|Urshifu-Rapid-Strike, M|84/100
|switch|p2a: Heatran|Heatran, M|100/100
|-item|p2a: Heatran|Air Balloon
|
|upkeep
|turn|12
|
|t:|1666221832
|switch|p2a: landorustherian|Landorus-Therian, M|66/100 tox
|-ability|p2a: landorustherian|Intimidate|boost
|-unboost|p1a: Gundari: Ryuseigun|atk|1
|move|p1a: Gundari: Ryuseigun|Surging Strikes|p2a: landorustherian
|-supereffective|p2a: landorustherian
|-crit|p2a: landorustherian
|-damage|p2a: landorustherian|12/100 tox
|-supereffective|p2a: landorustherian
|-crit|p2a: landorustherian
|-damage|p2a: landorustherian|0 fnt
|faint|p2a: landorustherian
|-hitcount|p2: landorustherian|2
|
|upkeep
|
|t:|1666221832
|switch|p2a: rotomwash|Rotom-Wash|100/100
|turn|13
|
|t:|1666221834
|switch|p1a: Flirty Drunk|Chansey, F|100/100
|move|p2a: rotomwash|Hydro Pump|p1a: Flirty Drunk
|-damage|p1a: Flirty Drunk|87/100
|
|upkeep
|turn|14
|
|t:|1666221837
|move|p2a: rotomwash|Hydro Pump|p1a: Flirty Drunk
|-damage|p1a: Flirty Drunk|73/100
|move|p1a: Flirty Drunk|Teleport|p1a: Flirty Drunk
|
|t:|1666221841
|switch|p1a: Gundari: Ryuseigun|Urshifu-Rapid-Strike, M|84/100|[from]move: Teleport
|
|upkeep
|turn|15
|
|t:|1666221843
|move|p1a: Gundari: Ryuseigun|Close Combat|p2a: rotomwash
|-crit|p2a: rotomwash
|-damage|p2a: rotomwash|0 fnt
|-unboost|p1a: Gundari: Ryuseigun|def|1
|-unboost|p1a: Gundari: Ryuseigun|spd|1
|faint|p2a: rotomwash
|
|upkeep
|
|t:|1666221843
|switch|p2a: Tangrowth|Tangrowth, M|85/100
|turn|16
|
|t:|1666221850
|switch|p1a: Raging Drunk|Landorus-Therian, M|100/100
|-ability|p1a: Raging Drunk|Intimidate|boost
|-unboost|p2a: Tangrowth|atk|1
|move|p2a: Tangrowth|Sleep Powder|p1a: Raging Drunk
|-status|p1a: Raging Drunk|slp|[from] move: Sleep Powder
|
|upkeep
|turn|17
|
|t:|1666221854
|switch|p2a: Heatran|Heatran, M|100/100
|-item|p2a: Heatran|Air Balloon
|cant|p1a: Raging Drunk|slp
|
|upkeep
|turn|18
|
|t:|1666221858
|switch|p1a: Horai Hakke|Tyrantrum, F|100/100
|move|p2a: Heatran|Stealth Rock|p1a: Horai Hakke
|-sidestart|p1: Raimei Hakkei 2|move: Stealth Rock
|
|upkeep
|turn|19
|
|t:|1666221864
|move|p2a: Heatran|Magma Storm|p1a: Horai Hakke
|-resisted|p1a: Horai Hakke
|-damage|p1a: Horai Hakke|79/100
|-activate|p1a: Horai Hakke|move: Magma Storm|[of] p2a: Heatran
|move|p1a: Horai Hakke|Head Smash|p2a: Heatran|[miss]
|-miss|p1a: Horai Hakke|p2a: Heatran
|
|-damage|p1a: Horai Hakke|67/100|[from] move: Magma Storm|[partiallytrapped]
|upkeep
|turn|20
|
|t:|1666221871
|move|p2a: Heatran|Magma Storm|p1a: Horai Hakke
|-resisted|p1a: Horai Hakke
|-damage|p1a: Horai Hakke|45/100
|move|p1a: Horai Hakke|Head Smash|p2a: Heatran
|-damage|p2a: Heatran|0 fnt
|-enditem|p2a: Heatran|Air Balloon
|faint|p2a: Heatran
|
|-end|p1a: Horai Hakke|Magma Storm|[partiallytrapped]|[silent]
|upkeep
|
|t:|1666221871
|switch|p2a: Melmetal|Melmetal|100/100
|turn|21
|
|t:|1666221874
|switch|p1a: Raging Drunk|Landorus-Therian, M|100/100 slp
|-damage|p1a: Raging Drunk|88/100 slp|[from] Stealth Rock
|-ability|p1a: Raging Drunk|Intimidate|boost
|-unboost|p2a: Melmetal|atk|1
|move|p2a: Melmetal|Double Iron Bash|p1a: Raging Drunk
|-damage|p1a: Raging Drunk|69/100 slp
|-damage|p1a: Raging Drunk|48/100 slp
|-hitcount|p1a: Raging Drunk|2
|
|upkeep
|turn|22
|
|t:|1666221878
|cant|p1a: Raging Drunk|slp
|move|p2a: Melmetal|Double Iron Bash|p1a: Raging Drunk
|-damage|p1a: Raging Drunk|29/100 slp
|-damage|p1a: Raging Drunk|9/100 slp
|-hitcount|p1a: Raging Drunk|2
|
|upkeep
|turn|23
|
|t:|1666221882
|cant|p1a: Raging Drunk|slp
|move|p2a: Melmetal|Ice Punch|p1a: Raging Drunk
|-supereffective|p1a: Raging Drunk
|-damage|p1a: Raging Drunk|0 fnt
|faint|p1a: Raging Drunk
|
|upkeep
|
|t:|1666221884
|switch|p1a: Gundari: Ryuseigun|Urshifu-Rapid-Strike, M|84/100
|-damage|p1a: Gundari: Ryuseigun|78/100|[from] Stealth Rock
|turn|24
|
|t:|1666221886
|switch|p2a: Tangrowth|Tangrowth, M|100/100
|move|p1a: Gundari: Ryuseigun|Close Combat|p2a: Tangrowth
|-damage|p2a: Tangrowth|53/100
|-unboost|p1a: Gundari: Ryuseigun|def|1
|-unboost|p1a: Gundari: Ryuseigun|spd|1
|-damage|p1a: Gundari: Ryuseigun|61/100|[from] item: Rocky Helmet|[of] p2a: Tangrowth
|
|upkeep
|turn|25
|
|t:|1666221890
|switch|p1a: Death Destroyer|Aegislash, F|100/100
|-damage|p1a: Death Destroyer|94/100|[from] Stealth Rock
|move|p2a: Tangrowth|Giga Drain|p1a: Death Destroyer
|-resisted|p1a: Death Destroyer
|-damage|p1a: Death Destroyer|82/100
|-heal|p2a: Tangrowth|57/100|[from] drain|[of] p1a: Death Destroyer
|
|upkeep
|turn|26
|
|t:|1666221894
|switch|p2a: Melmetal|Melmetal|100/100
|-formechange|p1a: Death Destroyer|Aegislash-Blade||[from] ability: Stance Change
|move|p1a: Death Destroyer|Shadow Ball|p2a: Melmetal
|-damage|p2a: Melmetal|71/100
|
|upkeep
|turn|27
|
|t:|1666221898
|move|p1a: Death Destroyer|Close Combat|p2a: Melmetal
|-supereffective|p2a: Melmetal
|-damage|p2a: Melmetal|24/100
|-unboost|p1a: Death Destroyer|def|1
|-unboost|p1a: Death Destroyer|spd|1
|move|p2a: Melmetal|Thunder Punch|p1a: Death Destroyer
|-damage|p1a: Death Destroyer|0 fnt
|faint|p1a: Death Destroyer
|
|upkeep
|
|t:|1666221903
|switch|p1a: Thieving Drunk|Dragonite, F|100/100
|turn|28
|
|t:|1666221905
|switch|p2a: Tangrowth|Tangrowth, M|90/100
|move|p1a: Thieving Drunk|Dragon Dance|p1a: Thieving Drunk
|-boost|p1a: Thieving Drunk|atk|1
|-boost|p1a: Thieving Drunk|spe|1
|
|upkeep
|turn|29
|
|t:|1666221909
|move|p1a: Thieving Drunk|Dual Wingbeat|p2a: Tangrowth
|-supereffective|p2a: Tangrowth
|-damage|p2a: Tangrowth|55/100
|-damage|p1a: Thieving Drunk|84/100|[from] item: Rocky Helmet|[of] p2a: Tangrowth
|-supereffective|p2a: Tangrowth
|-damage|p2a: Tangrowth|21/100
|-damage|p1a: Thieving Drunk|68/100|[from] item: Rocky Helmet|[of] p2a: Tangrowth
|-hitcount|p2a: Tangrowth|2
|move|p2a: Tangrowth|Knock Off|p1a: Thieving Drunk
|-damage|p1a: Thieving Drunk|45/100
|-enditem|p1a: Thieving Drunk|Heavy-Duty Boots|[from] move: Knock Off|[of] p2a: Tangrowth
|
|upkeep
|turn|30
|
|t:|1666221915
|move|p1a: Thieving Drunk|Dual Wingbeat|p2a: Tangrowth
|-supereffective|p2a: Tangrowth
|-crit|p2a: Tangrowth
|-damage|p2a: Tangrowth|0 fnt
|-damage|p1a: Thieving Drunk|29/100|[from] item: Rocky Helmet|[of] p2a: Tangrowth
|faint|p2a: Tangrowth
|-hitcount|p2: Tangrowth|1
|
|upkeep
|
|t:|1666221915
|switch|p2a: Weavile|Weavile, F|100/100
|-ability|p2a: Weavile|Pressure
|turn|31
|
|t:|1666221918
|move|p2a: Weavile|Ice Shard|p1a: Thieving Drunk
|-supereffective|p1a: Thieving Drunk
|-damage|p1a: Thieving Drunk|0 fnt
|faint|p1a: Thieving Drunk
|
|upkeep
|
|t:|1666221920
|switch|p1a: Gundari: Ryuseigun|Urshifu-Rapid-Strike, M|61/100
|-damage|p1a: Gundari: Ryuseigun|55/100|[from] Stealth Rock
|turn|32
|
|t:|1666221922
|switch|p2a: Melmetal|Melmetal|24/100
|move|p1a: Gundari: Ryuseigun|Close Combat|p2a: Melmetal
|-supereffective|p2a: Melmetal
|-damage|p2a: Melmetal|0 fnt
|-unboost|p1a: Gundari: Ryuseigun|def|1
|-unboost|p1a: Gundari: Ryuseigun|spd|1
|faint|p2a: Melmetal
|
|upkeep
|
|t:|1666221922
|switch|p2a: Weavile|Weavile, F|100/100
|-ability|p2a: Weavile|Pressure
|turn|33
|
|t:|1666221925
|move|p2a: Weavile|Low Kick|p1a: Gundari: Ryuseigun
|-damage|p1a: Gundari: Ryuseigun|0 fnt
|faint|p1a: Gundari: Ryuseigun
|
|upkeep
|
|t:|1666221928
|switch|p1a: Flirty Drunk|Chansey, F|73/100
|-damage|p1a: Flirty Drunk|61/100|[from] Stealth Rock
|turn|34
|
|t:|1666221930
|move|p2a: Weavile|Low Kick|p1a: Flirty Drunk
|-supereffective|p1a: Flirty Drunk
|-crit|p1a: Flirty Drunk
|-damage|p1a: Flirty Drunk|0 fnt
|faint|p1a: Flirty Drunk
|
|upkeep
|
|t:|1666221933
|switch|p1a: Horai Hakke|Tyrantrum, F|45/100
|-damage|p1a: Horai Hakke|32/100|[from] Stealth Rock
|turn|35
|
|t:|1666221935
|move|p2a: Weavile|Low Kick|p1a: Horai Hakke
|-supereffective|p1a: Horai Hakke
|-damage|p1a: Horai Hakke|0 fnt
|faint|p1a: Horai Hakke
|
|win|minimax_ai
|raw|Raimei Hakkei 2's rating: 1571 &rarr; <strong>1550</strong><br />(-21 for losing)
|raw|minimax_ai's rating: 1545 &rarr; <strong>1566</strong><br />(+21 for winning)
|c|☆minimax_ai|gg
