|j|☆El Stefano
|j|☆omegablitz
|t:|1658778336
|gametype|singles
|player|p1|El Stefano|102|1772
|player|p2|omegablitz|clown|1666
|teamsize|p1|6
|teamsize|p2|6
|gen|8
|tier|[Gen 8] OU
|rated|
|rule|Sleep Clause Mod: Limit one foe put to sleep
|rule|Species Clause: Limit one of each Pokémon
|rule|OHKO Clause: OHKO moves are banned
|rule|Evasion Moves Clause: Evasion moves are banned
|rule|Endless Battle Clause: Forcing endless battles is banned
|rule|HP Percentage Mod: HP is shown in percentages
|rule|Dynamax Clause: You cannot dynamax
|clearpoke
|poke|p1|Pelipper, F|
|poke|p1|Melmetal|
|poke|p1|Tapu Bulu|
|poke|p1|Zapdos|
|poke|p1|Gastrodon, F|
|poke|p1|Magnezone|
|poke|p2|Volcarona, F|
|poke|p2|Moltres-Galar|
|poke|p2|Zeraora|
|poke|p2|Rillaboom, M|
|poke|p2|Azumarill, M|
|poke|p2|Dragapult, F|
|teampreview
|
|t:|1658778348
|start
|switch|p1a: Melmetal|Melmetal|100/100
|switch|p2a: Zeraora|Zeraora|100/100
|turn|1
|
|t:|1658778354
|move|p2a: Zeraora|Bulk Up|p2a: Zeraora
|-boost|p2a: Zeraora|atk|1
|-boost|p2a: Zeraora|def|1
|move|p1a: Melmetal|Earthquake|p2a: Zeraora
|-supereffective|p2a: Zeraora
|-damage|p2a: Zeraora|24/100
|
|-heal|p2a: Zeraora|30/100|[from] item: Leftovers
|upkeep
|turn|2
|
|t:|1658778359
|move|p2a: Zeraora|Close Combat|p1a: Melmetal
|-supereffective|p1a: Melmetal
|-damage|p1a: Melmetal|45/100
|-unboost|p2a: Zeraora|def|1
|-unboost|p2a: Zeraora|spd|1
|move|p1a: Melmetal|Earthquake|p2a: Zeraora
|-supereffective|p2a: Zeraora
|-damage|p2a: Zeraora|0 fnt
|faint|p2a: Zeraora
|
|-heal|p1a: Melmetal|51/100|[from] item: Leftovers
|upkeep
|
|t:|1658778370
|switch|p2a: Moltres|Moltres-Galar|100/100
|turn|3
|
|t:|1658778378
|move|p2a: Moltres|Nasty Plot|p2a: Moltres
|-boost|p2a: Moltres|spa|2
|move|p1a: Melmetal|Toxic|p2a: Moltres
|-status|p2a: Moltres|tox
|
|-heal|p1a: Melmetal|57/100|[from] item: Leftovers
|-damage|p2a: Moltres|94/100 tox|[from] psn
|upkeep
|turn|4
|
|t:|1658778386
|move|p1a: Melmetal|Protect|p1a: Melmetal
|-singleturn|p1a: Melmetal|Protect
|move|p2a: Moltres|Agility|p2a: Moltres
|-boost|p2a: Moltres|spe|2
|
|-heal|p1a: Melmetal|64/100|[from] item: Leftovers
|-damage|p2a: Moltres|82/100 tox|[from] psn
|upkeep
|turn|5
|
|t:|1658778401
|switch|p1a: Magnezone|Magnezone|100/100
|move|p2a: Moltres|Fiery Wrath|p1a: Magnezone
|-damage|p1a: Magnezone|3/100
|
|-heal|p1a: Magnezone|9/100|[from] item: Leftovers
|-damage|p2a: Moltres|63/100 tox|[from] psn
|upkeep
|turn|6
|
|t:|1658778407
|switch|p1a: Tapu Bulu|Tapu Bulu|100/100
|-fieldstart|move: Grassy Terrain|[from] ability: Grassy Surge|[of] p1a: Tapu Bulu
|move|p2a: Moltres|Fiery Wrath|p1a: Tapu Bulu
|-resisted|p1a: Tapu Bulu
|-damage|p1a: Tapu Bulu|55/100
|
|-heal|p1a: Tapu Bulu|61/100|[from] Grassy Terrain
|-damage|p2a: Moltres|38/100 tox|[from] psn
|upkeep
|turn|7
|
|t:|1658778410
|switch|p1a: Magnezone|Magnezone|9/100
|move|p2a: Moltres|Hurricane|p1a: Magnezone
|-resisted|p1a: Magnezone
|-damage|p1a: Magnezone|0 fnt
|faint|p1a: Magnezone
|
|-damage|p2a: Moltres|7/100 tox|[from] psn
|upkeep
|
|t:|1658778413
|switch|p1a: Melmetal|Melmetal|64/100
|turn|8
|
|t:|1658778417
|switch|p2a: Volcarona|Volcarona, F|100/100
|move|p1a: Melmetal|Protect||[still]
|-fail|p1a: Melmetal
|
|-heal|p1a: Melmetal|70/100|[from] Grassy Terrain
|-heal|p1a: Melmetal|76/100|[from] item: Leftovers
|upkeep
|turn|9
|
|t:|1658778422
|switch|p1a: Pelipper|Pelipper, F|100/100
|-weather|RainDance|[from] ability: Drizzle|[of] p1a: Pelipper
|move|p2a: Volcarona|Quiver Dance|p2a: Volcarona
|-boost|p2a: Volcarona|spa|1
|-boost|p2a: Volcarona|spd|1
|-boost|p2a: Volcarona|spe|1
|
|-weather|RainDance|[upkeep]
|upkeep
|turn|10
|
|t:|1658778425
|move|p2a: Volcarona|Psychic|p1a: Pelipper
|-damage|p1a: Pelipper|17/100
|move|p1a: Pelipper|Weather Ball|p2a: Volcarona
|-supereffective|p2a: Volcarona
|-damage|p2a: Volcarona|0 fnt
|faint|p2a: Volcarona
|
|-weather|RainDance|[upkeep]
|-fieldend|move: Grassy Terrain
|upkeep
|
|t:|1658778446
|switch|p2a: Moltres|Moltres-Galar|7/100 tox
|turn|11
|
|t:|1658778450
|switch|p1a: Gastrodon|Gastrodon, F|100/100
|move|p2a: Moltres|Fiery Wrath|p1a: Gastrodon
|-damage|p1a: Gastrodon|70/100
|
|-weather|RainDance|[upkeep]
|-damage|p2a: Moltres|1/100 tox|[from] psn
|upkeep
|turn|12
|
|t:|1658778456
|move|p2a: Moltres|Fiery Wrath|p1a: Gastrodon
|-damage|p1a: Gastrodon|43/100
|cant|p1a: Gastrodon|flinch
|
|-weather|RainDance|[upkeep]
|-damage|p2a: Moltres|0 fnt|[from] psn
|faint|p2a: Moltres
|upkeep
|
|t:|1658778468
|switch|p2a: Azumarill|Azumarill, M|100/100
|turn|13
|
|t:|1658778486
|switch|p1a: Zapdos|Zapdos|100/100
|move|p2a: Azumarill|Belly Drum|p2a: Azumarill
|-damage|p2a: Azumarill|50/100
|-setboost|p2a: Azumarill|atk|6|[from] move: Belly Drum
|-enditem|p2a: Azumarill|Sitrus Berry|[eat]
|-heal|p2a: Azumarill|75/100|[from] item: Sitrus Berry
|
|-weather|none
|upkeep
|turn|14
|
|t:|1658778491
|move|p2a: Azumarill|Aqua Jet|p1a: Zapdos
|-damage|p1a: Zapdos|32/100
|move|p1a: Zapdos|Discharge|p2a: Azumarill
|-supereffective|p2a: Azumarill
|-damage|p2a: Azumarill|0 fnt
|faint|p2a: Azumarill
|
|upkeep
|
|t:|1658778497
|switch|p2a: Dragapult|Dragapult, F|100/100
|turn|15
|
|t:|1658778511
|switch|p1a: Tapu Bulu|Tapu Bulu|61/100
|-fieldstart|move: Grassy Terrain|[from] ability: Grassy Surge|[of] p1a: Tapu Bulu
|move|p2a: Dragapult|Substitute|p2a: Dragapult
|-start|p2a: Dragapult|Substitute
|-damage|p2a: Dragapult|76/100
|
|-heal|p2a: Dragapult|82/100|[from] Grassy Terrain
|-heal|p2a: Dragapult|88/100|[from] item: Leftovers
|-heal|p1a: Tapu Bulu|67/100|[from] Grassy Terrain
|upkeep
|turn|16
|
|t:|1658778516
|switch|p1a: Melmetal|Melmetal|76/100
|move|p2a: Dragapult|Dragon Dance|p2a: Dragapult
|-boost|p2a: Dragapult|atk|1
|-boost|p2a: Dragapult|spe|1
|
|-heal|p2a: Dragapult|94/100|[from] Grassy Terrain
|-heal|p2a: Dragapult|99/100|[from] item: Leftovers
|-heal|p1a: Melmetal|82/100|[from] Grassy Terrain
|-heal|p1a: Melmetal|88/100|[from] item: Leftovers
|upkeep
|turn|17
|
|t:|1658778522
|move|p2a: Dragapult|Phantom Force||[still]
|-prepare|p2a: Dragapult|Phantom Force
|move|p1a: Melmetal|Double Iron Bash|p2a: Dragapult|[miss]
|-miss|p1a: Melmetal|p2a: Dragapult
|
|-heal|p2a: Dragapult|100/100|[from] item: Leftovers
|-heal|p1a: Melmetal|94/100|[from] Grassy Terrain
|-heal|p1a: Melmetal|99/100|[from] item: Leftovers
|upkeep
|turn|18
|
|t:|1658778527
|move|p2a: Dragapult|Phantom Force|p1a: Melmetal|[from]lockedmove
|-damage|p1a: Melmetal|60/100
|move|p1a: Melmetal|Double Iron Bash|p2a: Dragapult
|-end|p2a: Dragapult|Substitute
|-damage|p2a: Dragapult|41/100
|-hitcount|p2a: Dragapult|2
|
|-heal|p2a: Dragapult|47/100|[from] Grassy Terrain
|-heal|p2a: Dragapult|53/100|[from] item: Leftovers
|-heal|p1a: Melmetal|66/100|[from] Grassy Terrain
|-heal|p1a: Melmetal|72/100|[from] item: Leftovers
|upkeep
|turn|19
|
|t:|1658778541
|switch|p2a: Rillaboom|Rillaboom, M|100/100
|-enditem|p2a: Rillaboom|Grassy Seed
|-boost|p2a: Rillaboom|def|1|[from] item: Grassy Seed
|move|p1a: Melmetal|Protect||[still]
|-fail|p1a: Melmetal
|
|-heal|p1a: Melmetal|79/100|[from] Grassy Terrain
|-heal|p1a: Melmetal|85/100|[from] item: Leftovers
|-fieldend|move: Grassy Terrain
|upkeep
|turn|20
|
|t:|1658778549
|move|p2a: Rillaboom|Swords Dance|p2a: Rillaboom
|-boost|p2a: Rillaboom|atk|2
|move|p1a: Melmetal|Double Iron Bash|p2a: Rillaboom
|-damage|p2a: Rillaboom|67/100
|-damage|p2a: Rillaboom|32/100
|-hitcount|p2a: Rillaboom|2
|
|-heal|p1a: Melmetal|91/100|[from] item: Leftovers
|upkeep
|turn|21
|
|t:|1658778560
|switch|p1a: Zapdos|Zapdos|32/100
|move|p2a: Rillaboom|Superpower|p1a: Zapdos
|-resisted|p1a: Zapdos
|-damage|p1a: Zapdos|3/100
|-unboost|p2a: Rillaboom|atk|1
|-unboost|p2a: Rillaboom|def|1
|
|upkeep
|turn|22
|
|t:|1658778573
|switch|p1a: Pelipper|Pelipper, F|17/100
|-weather|RainDance|[from] ability: Drizzle|[of] p1a: Pelipper
|move|p2a: Rillaboom|Grassy Glide|p1a: Pelipper
|-damage|p1a: Pelipper|0 fnt
|faint|p1a: Pelipper
|
|-weather|RainDance|[upkeep]
|upkeep
|
|t:|1658778576
|switch|p1a: Melmetal|Melmetal|91/100
|turn|23
|
|t:|1658778579
|switch|p1a: Zapdos|Zapdos|3/100
|move|p2a: Rillaboom|Superpower|p1a: Zapdos
|-resisted|p1a: Zapdos
|-damage|p1a: Zapdos|0 fnt
|-unboost|p2a: Rillaboom|atk|1
|-unboost|p2a: Rillaboom|def|1
|faint|p1a: Zapdos
|
|-weather|RainDance|[upkeep]
|upkeep
|
|t:|1658778583
|switch|p1a: Melmetal|Melmetal|91/100
|turn|24
|
|t:|1658778585
|move|p2a: Rillaboom|Superpower|p1a: Melmetal
|-supereffective|p1a: Melmetal
|-damage|p1a: Melmetal|40/100
|-unboost|p2a: Rillaboom|atk|1
|-unboost|p2a: Rillaboom|def|1
|move|p1a: Melmetal|Double Iron Bash|p2a: Rillaboom
|-damage|p2a: Rillaboom|0 fnt
|faint|p2a: Rillaboom
|-hitcount|p2: Rillaboom|1
|
|-weather|RainDance|[upkeep]
|-heal|p1a: Melmetal|46/100|[from] item: Leftovers
|upkeep
|
|t:|1658778587
|switch|p2a: Dragapult|Dragapult, F|53/100
|turn|25
|
|t:|1658778592
|move|p2a: Dragapult|Phantom Force||[still]
|-prepare|p2a: Dragapult|Phantom Force
|move|p1a: Melmetal|Double Iron Bash|p2a: Dragapult|[miss]
|-miss|p1a: Melmetal|p2a: Dragapult
|
|-weather|RainDance|[upkeep]
|-heal|p2a: Dragapult|59/100|[from] item: Leftovers
|-heal|p1a: Melmetal|52/100|[from] item: Leftovers
|upkeep
|turn|26
|
|t:|1658778595
|move|p2a: Dragapult|Phantom Force|p1a: Melmetal|[from]lockedmove
|-damage|p1a: Melmetal|27/100
|move|p1a: Melmetal|Double Iron Bash|p2a: Dragapult
|-damage|p2a: Dragapult|0 fnt
|faint|p2a: Dragapult
|-hitcount|p2: Dragapult|1
|
|win|El Stefano
|raw|El Stefano's rating: 1772 &rarr; <strong>1786</strong><br />(+14 for winning)
|raw|omegablitz's rating: 1666 &rarr; <strong>1652</strong><br />(-14 for losing)
|l|☆omegablitz
||Ladder isn't responding, score probably updated but might not have (Request timeout).
