|j|☆dender5
|j|☆BeastyJ157
|t:|1633765679
|gametype|singles
|player|p1|dender5|101|1654
|player|p2|BeastyJ157|red|1647
|teamsize|p1|6
|teamsize|p2|6
|gen|8
|tier|[Gen 8] OU
|rated|
|rule|Sleep Clause Mod: Limit one foe put to sleep
|rule|Species Clause: Limit one of each Pokémon
|rule|OHKO Clause: OHKO moves are banned
|rule|Evasion Moves Clause: Evasion moves are banned
|rule|Endless Battle Clause: Forcing endless battles is banned
|rule|HP Percentage Mod: HP is shown in percentages
|rule|Dynamax Clause: You cannot dynamax
|clearpoke
|poke|p1|Magnezone|
|poke|p1|Mandibuzz, F|
|poke|p1|Slowking-Galar, F|
|poke|p1|Clefable, F|
|poke|p1|Keldeo-Resolute|
|poke|p1|Landorus-Therian, M|
|poke|p2|Weavile, F|
|poke|p2|Dragapult, M|
|poke|p2|Landorus-Therian, M|
|poke|p2|Heatran, F|
|poke|p2|Ferrothorn, F|
|poke|p2|Zapdos|
|teampreview
|c|☆BeastyJ157|Hf
|inactive|Battle timer is ON: inactive players will automatically lose when time's up. (requested by dender5)
|
|t:|1633765715
|start
|switch|p1a: Keldeo|Keldeo-Resolute|100/100
|switch|p2a: Dpult|Dragapult, M|100/100
|turn|1
|
|t:|1633765732
|switch|p1a: Mandibuzz|Mandibuzz, F|100/100
|move|p2a: Dpult|U-turn|p1a: Mandibuzz
|-damage|p1a: Mandibuzz|91/100
|
|t:|1633765746
|switch|p2a: Calamity|Weavile, F|100/100|[from]move: U-turn
|-ability|p2a: Calamity|Pressure
|
|-heal|p1a: Mandibuzz|97/100|[from] item: Leftovers
|upkeep
|turn|2
|
|t:|1633765753
|switch|p1a: Keldeo|Keldeo-Resolute|100/100
|move|p2a: Calamity|Triple Axel|p1a: Keldeo
|-resisted|p1a: Keldeo
|-damage|p1a: Keldeo|94/100
|-resisted|p1a: Keldeo
|-damage|p1a: Keldeo|82/100
|-resisted|p1a: Keldeo
|-damage|p1a: Keldeo|64/100
|-hitcount|p1a: Keldeo|3
|
|-heal|p1a: Keldeo|70/100|[from] item: Leftovers
|upkeep
|turn|3
|
|t:|1633765769
|switch|p2a: Dpult|Dragapult, M|100/100
|move|p1a: Keldeo|Icy Wind|p2a: Dpult
|-supereffective|p2a: Dpult
|-damage|p2a: Dpult|49/100
|-unboost|p2a: Dpult|spe|1
|
|-heal|p1a: Keldeo|76/100|[from] item: Leftovers
|upkeep
|turn|4
|
|t:|1633765785
|switch|p2a: Ferro|Ferrothorn, F|100/100
|move|p1a: Keldeo|Icy Wind|p2a: Ferro|[miss]
|-miss|p1a: Keldeo|p2a: Ferro
|
|-heal|p1a: Keldeo|82/100|[from] item: Leftovers
|upkeep
|turn|5
|inactive|BeastyJ157 has 120 seconds left.
|inactive|dender5 has 120 seconds left.
|j| theredcordial
|
|t:|1633765838
|switch|p2a: Lando|Landorus-Therian, M|100/100
|-ability|p2a: Lando|Intimidate|boost
|-unboost|p1a: Keldeo|atk|1
|move|p1a: Keldeo|Substitute|p1a: Keldeo
|-start|p1a: Keldeo|Substitute
|-damage|p1a: Keldeo|57/100
|
|-heal|p1a: Keldeo|63/100|[from] item: Leftovers
|upkeep
|turn|6
|inactive|dender5 has 120 seconds left.
|
|t:|1633765856
|switch|p2a: Ferro|Ferrothorn, F|100/100
|move|p1a: Keldeo|Icy Wind|p2a: Ferro
|-damage|p2a: Ferro|85/100
|-unboost|p2a: Ferro|spe|1
|
|-heal|p1a: Keldeo|69/100|[from] item: Leftovers
|-heal|p2a: Ferro|91/100|[from] item: Leftovers
|upkeep
|turn|7
|
|t:|1633765866
|move|p1a: Keldeo|Secret Sword|p2a: Ferro
|-supereffective|p2a: Ferro
|-damage|p2a: Ferro|40/100
|move|p2a: Ferro|Power Whip|p1a: Keldeo
|-supereffective|p1a: Keldeo
|-end|p1a: Keldeo|Substitute
|
|-heal|p1a: Keldeo|76/100|[from] item: Leftovers
|-heal|p2a: Ferro|46/100|[from] item: Leftovers
|upkeep
|turn|8
|
|t:|1633765877
|move|p1a: Keldeo|Substitute|p1a: Keldeo
|-start|p1a: Keldeo|Substitute
|-damage|p1a: Keldeo|51/100
|move|p2a: Ferro|Power Whip|p1a: Keldeo
|-supereffective|p1a: Keldeo
|-end|p1a: Keldeo|Substitute
|
|-heal|p1a: Keldeo|57/100|[from] item: Leftovers
|-heal|p2a: Ferro|52/100|[from] item: Leftovers
|upkeep
|turn|9
|
|t:|1633765889
|switch|p1a: Magnezone|Magnezone|100/100
|move|p2a: Ferro|Power Whip|p1a: Magnezone
|-resisted|p1a: Magnezone
|-damage|p1a: Magnezone|83/100
|
|-heal|p1a: Magnezone|89/100|[from] item: Leftovers
|-heal|p2a: Ferro|58/100|[from] item: Leftovers
|upkeep
|turn|10
|
|t:|1633765898
|move|p1a: Magnezone|Substitute|p1a: Magnezone
|-start|p1a: Magnezone|Substitute
|-damage|p1a: Magnezone|64/100
|move|p2a: Ferro|Spikes|p1a: Magnezone
|-sidestart|p1: dender5|Spikes
|
|-heal|p1a: Magnezone|70/100|[from] item: Leftovers
|-heal|p2a: Ferro|65/100|[from] item: Leftovers
|upkeep
|turn|11
|inactive|BeastyJ157 has 120 seconds left.
|
|t:|1633765904
|move|p1a: Magnezone|Iron Defense|p1a: Magnezone
|-boost|p1a: Magnezone|def|2
|move|p2a: Ferro|Spikes|p1a: Magnezone
|-sidestart|p1: dender5|Spikes
|
|-heal|p1a: Magnezone|76/100|[from] item: Leftovers
|-heal|p2a: Ferro|71/100|[from] item: Leftovers
|upkeep
|turn|12
|
|t:|1633765911
|move|p1a: Magnezone|Iron Defense|p1a: Magnezone
|-boost|p1a: Magnezone|def|2
|move|p2a: Ferro|Spikes|p1a: Magnezone
|-sidestart|p1: dender5|Spikes
|
|-heal|p1a: Magnezone|82/100|[from] item: Leftovers
|-heal|p2a: Ferro|77/100|[from] item: Leftovers
|upkeep
|turn|13
|
|t:|1633765922
|move|p1a: Magnezone|Thunderbolt|p2a: Ferro
|-resisted|p2a: Ferro
|-damage|p2a: Ferro|55/100
|move|p2a: Ferro|Knock Off|p1a: Magnezone
|-activate|p1a: Magnezone|move: Substitute|[damage]
|
|-heal|p1a: Magnezone|88/100|[from] item: Leftovers
|-heal|p2a: Ferro|61/100|[from] item: Leftovers
|upkeep
|turn|14
|
|t:|1633765925
|move|p1a: Magnezone|Body Press|p2a: Ferro
|-supereffective|p2a: Ferro
|-damage|p2a: Ferro|0 fnt
|-damage|p1a: Magnezone|76/100|[from] ability: Iron Barbs|[of] p2a: Ferro
|faint|p2a: Ferro
|
|-heal|p1a: Magnezone|82/100|[from] item: Leftovers
|upkeep
|
|t:|1633765930
|switch|p2a: Dpult|Dragapult, M|49/100
|turn|15
|j| Endeavorment
|
|t:|1633765936
|move|p2a: Dpult|Flamethrower|p1a: Magnezone
|-supereffective|p1a: Magnezone
|-damage|p1a: Magnezone|0 fnt
|faint|p1a: Magnezone
|
|upkeep
|
|t:|1633765940
|switch|p1a: Mandibuzz|Mandibuzz, F|97/100
|turn|16
|c|☆BeastyJ157|This opens up alot no
|
|t:|1633765951
|switch|p2a: Zappy|Zapdos|100/100
|move|p1a: Mandibuzz|Defog|p2a: Zappy
|-unboost|p2a: Zappy|evasion|1
|-sideend|p1: dender5|Spikes|[from] move: Defog|[of] p1a: Mandibuzz
|
|-heal|p1a: Mandibuzz|100/100|[from] item: Leftovers
|upkeep
|turn|17
|
|t:|1633765959
|switch|p1a: Landorus|Landorus-Therian, M|100/100
|-ability|p1a: Landorus|Intimidate|boost
|-unboost|p2a: Zappy|atk|1
|move|p2a: Zappy|Hurricane|p1a: Landorus
|-damage|p1a: Landorus|45/100
|-start|p1a: Landorus|confusion
|
|-heal|p1a: Landorus|51/100|[from] item: Leftovers
|upkeep
|turn|18
|j| meatybawls
|j| Dogerunner
|
|t:|1633765967
|-activate|p1a: Landorus|confusion
|-damage|p1a: Landorus|33/100|[from] confusion
|move|p2a: Zappy|Hurricane|p1a: Landorus
|-damage|p1a: Landorus|0 fnt
|faint|p1a: Landorus
|
|upkeep
|
|t:|1633765970
|switch|p1a: Slowking|Slowking-Galar, F|100/100
|turn|19
|
|t:|1633765980
|move|p2a: Zappy|Discharge|p1a: Slowking
|-damage|p1a: Slowking|82/100
|move|p1a: Slowking|Future Sight|p2a: Zappy
|-start|p1a: Slowking|move: Future Sight
|
|upkeep
|turn|20
|
|t:|1633765989
|move|p2a: Zappy|Discharge|p1a: Slowking
|-damage|p1a: Slowking|62/100
|move|p1a: Slowking|Ice Beam|p2a: Zappy
|-supereffective|p2a: Zappy
|-damage|p2a: Zappy|43/100
|
|upkeep
|turn|21
|
|t:|1633765996
|switch|p1a: Clefable|Clefable, F|100/100
|move|p2a: Zappy|Roost|p2a: Zappy
|-heal|p2a: Zappy|93/100
|-singleturn|p2a: Zappy|move: Roost
|
|-end|p2a: Zappy|move: Future Sight
|-damage|p2a: Zappy|32/100
|upkeep
|turn|22
|
|t:|1633766003
|switch|p2a: Tran|Heatran, F|100/100
|move|p1a: Clefable|Stealth Rock|p2a: Tran
|-sidestart|p2: BeastyJ157|move: Stealth Rock
|
|upkeep
|turn|23
|
|t:|1633766007
|switch|p1a: Keldeo|Keldeo-Resolute|57/100
|move|p2a: Tran|Magma Storm|p1a: Keldeo
|-resisted|p1a: Keldeo
|-crit|p1a: Keldeo
|-damage|p1a: Keldeo|19/100
|-activate|p1a: Keldeo|move: Magma Storm|[of] p2a: Tran
|
|-heal|p1a: Keldeo|25/100|[from] item: Leftovers
|-damage|p1a: Keldeo|12/100|[from] move: Magma Storm|[partiallytrapped]
|upkeep
|turn|24
|j| LT71LX KAI
|inactive|BeastyJ157 has 120 seconds left.
|
|t:|1633766037
|move|p1a: Keldeo|Scald|p2a: Tran
|-supereffective|p2a: Tran
|-damage|p2a: Tran|51/100
|move|p2a: Tran|Earth Power|p1a: Keldeo
|-crit|p1a: Keldeo
|-damage|p1a: Keldeo|0 fnt
|faint|p1a: Keldeo
|
|-heal|p2a: Tran|57/100|[from] item: Leftovers
|upkeep
|
|t:|1633766049
|switch|p1a: Slowking|Slowking-Galar, F|96/100
|turn|25
|
|t:|1633766059
|switch|p2a: Zappy|Zapdos|32/100
|move|p1a: Slowking|Future Sight|p2a: Zappy
|-start|p1a: Slowking|move: Future Sight
|
|upkeep
|turn|26
|
|t:|1633766063
|move|p2a: Zappy|Roost|p2a: Zappy
|-heal|p2a: Zappy|82/100
|-singleturn|p2a: Zappy|move: Roost
|move|p1a: Slowking|Ice Beam|p2a: Zappy
|-damage|p2a: Zappy|51/100
|
|upkeep
|turn|27
|
|t:|1633766069
|move|p2a: Zappy|Roost|p2a: Zappy
|-heal|p2a: Zappy|100/100
|-singleturn|p2a: Zappy|move: Roost
|move|p1a: Slowking|Sludge Wave|p2a: Zappy
|-damage|p2a: Zappy|52/100
|
|-end|p2a: Zappy|move: Future Sight
|-crit|p2a: Zappy
|-damage|p2a: Zappy|0 fnt
|faint|p2a: Zappy
|upkeep
|
|t:|1633766075
|switch|p2a: Calamity|Weavile, F|100/100
|-ability|p2a: Calamity|Pressure
|turn|28
|
|t:|1633766087
|switch|p1a: Clefable|Clefable, F|100/100
|move|p2a: Calamity|Knock Off|p1a: Clefable
|-resisted|p1a: Clefable
|-damage|p1a: Clefable|73/100
|-enditem|p1a: Clefable|Life Orb|[from] move: Knock Off|[of] p2a: Calamity
|
|upkeep
|turn|29
|
|t:|1633766110
|switch|p1a: Slowking|Slowking-Galar, F|100/100
|move|p2a: Calamity|Swords Dance|p2a: Calamity
|-boost|p2a: Calamity|atk|2
|
|upkeep
|turn|30
|-message|dender5 forfeited.
|
|win|BeastyJ157
|raw|dender5's rating: 1654 &rarr; <strong>1634</strong><br />(-20 for losing)
|raw|BeastyJ157's rating: 1647 &rarr; <strong>1667</strong><br />(+20 for winning)
|l|☆dender5
|c|☆BeastyJ157|Arent i too big brain
|l| theredcordial
|c|☆BeastyJ157|Aw no gg
|l| Dogerunner
|l| meatybawls
|l|☆BeastyJ157
|j|☆BeastyJ157
|player|p2|BeastyJ157|red
