|j|☆ThedebatableReaper
|j|☆fasterfaster88
|t:|1607020537
|player|p1|ThedebatableReaper|170|1825
|player|p2|fasterfaster88|swimmer-gen4dp|1724
|teamsize|p1|6
|teamsize|p2|6
|gametype|singles
|gen|8
|tier|[Gen 8] OU
|rated|
|clearpoke
|poke|p1|Magearna|
|poke|p1|Zapdos-Galar|
|poke|p1|Heatran, M|
|poke|p1|Tapu Fini|
|poke|p1|Kartana|
|poke|p1|Nidoking, M|
|poke|p2|Toxapex, M|
|poke|p2|Urshifu-*, F|
|poke|p2|Mamoswine, F|
|poke|p2|Aegislash, M|
|poke|p2|Clefable, M|
|poke|p2|Moltres|
|rule|Sleep Clause Mod: Limit one foe put to sleep
|rule|Species Clause: Limit one of each Pokémon
|rule|OHKO Clause: OHKO moves are banned
|rule|Evasion Moves Clause: Evasion moves are banned
|rule|Endless Battle Clause: Forcing endless battles is banned
|rule|HP Percentage Mod: HP is shown in percentages
|rule|Dynamax Clause: You cannot dynamax
|teampreview
|inactive|Battle timer is ON: inactive players will automatically lose when time's up. (requested by fasterfaster88)
|
|t:|1607020558
|start
|switch|p1a: Zapdos|Zapdos-Galar|100/100
|switch|p2a: Toxapex|Toxapex, M|100/100
|turn|1
|j| im back in the 3rd
|j| jdcomix
|
|t:|1607020576
|switch|p1a: Heatran|Heatran, M|100/100
|move|p2a: Toxapex|Knock Off|p1a: Heatran
|-damage|p1a: Heatran|86/100
|-enditem|p1a: Heatran|Leftovers|[from] move: Knock Off|[of] p2a: Toxapex
|
|upkeep
|turn|2
|
|t:|1607020601
|move|p1a: Heatran|Stealth Rock|p2a: Toxapex
|-sidestart|p2: fasterfaster88|move: Stealth Rock
|move|p2a: Toxapex|Scald|p1a: Heatran
|-supereffective|p1a: Heatran
|-damage|p1a: Heatran|64/100
|
|upkeep
|turn|3
|
|t:|1607020606
|switch|p2a: Moltres|Moltres|100/100
|move|p1a: Heatran|Magma Storm|p2a: Moltres
|-resisted|p2a: Moltres
|-damage|p2a: Moltres|78/100
|-activate|p2a: Moltres|move: Magma Storm|[of] p1a: Heatran
|
|-damage|p2a: Moltres|66/100|[from] move: Magma Storm|[partiallytrapped]
|upkeep
|turn|4
|j| irgendwasmitmeeem
|
|t:|1607020620
|move|p2a: Moltres|Defog|p1a: Heatran
|-unboost|p1a: Heatran|evasion|1
|-sideend|p2: fasterfaster88|Stealth Rock|[from] move: Defog|[of] p2a: Moltres
|move|p1a: Heatran|Magma Storm|p2a: Moltres
|-resisted|p2a: Moltres
|-damage|p2a: Moltres|43/100
|
|-damage|p2a: Moltres|31/100|[from] move: Magma Storm|[partiallytrapped]
|upkeep
|turn|5
|j| Bulbatran
|
|t:|1607020627
|move|p2a: Moltres|U-turn|p1a: Heatran
|-resisted|p1a: Heatran
|-damage|p1a: Heatran|61/100
|
|t:|1607020634
|switch|p2a: Urshifu|Urshifu, F|100/100|[from]move: U-turn
|move|p1a: Heatran|Earth Power|p2a: Urshifu
|-damage|p2a: Urshifu|64/100
|
|upkeep
|turn|6
|
|t:|1607020640
|switch|p1a: Tapu Fini|Tapu Fini|100/100
|-fieldstart|move: Misty Terrain|[from] ability: Misty Surge|[of] p1a: Tapu Fini
|move|p2a: Urshifu|U-turn|p1a: Tapu Fini
|-resisted|p1a: Tapu Fini
|-damage|p1a: Tapu Fini|88/100
|
|t:|1607020661
|switch|p2a: Toxapex|Toxapex, M|100/100|[from]move: U-turn
|
|-heal|p1a: Tapu Fini|94/100|[from] item: Leftovers
|upkeep
|turn|7
|
|t:|1607020668
|switch|p1a: Heatran|Heatran, M|61/100
|move|p2a: Toxapex|Knock Off|p1a: Heatran
|-damage|p1a: Heatran|52/100
|
|upkeep
|turn|8
|
|t:|1607020679
|switch|p2a: Moltres|Moltres|31/100
|move|p1a: Heatran|Magma Storm|p2a: Moltres|[miss]
|-miss|p1a: Heatran|p2a: Moltres
|
|upkeep
|turn|9
|
|t:|1607020687
|move|p2a: Moltres|Roost|p2a: Moltres
|-heal|p2a: Moltres|81/100
|-singleturn|p2a: Moltres|move: Roost
|move|p1a: Heatran|Magma Storm|p2a: Moltres
|-resisted|p2a: Moltres
|-damage|p2a: Moltres|60/100
|-activate|p2a: Moltres|move: Magma Storm|[of] p1a: Heatran
|
|-damage|p2a: Moltres|48/100|[from] move: Magma Storm|[partiallytrapped]
|upkeep
|turn|10
|j| sagdgagsad
|
|t:|1607020695
|move|p2a: Moltres|U-turn|p1a: Heatran
|-resisted|p1a: Heatran
|-damage|p1a: Heatran|49/100
|
|t:|1607020699
|switch|p2a: Mamoswine|Mamoswine, F|100/100|[from]move: U-turn
|move|p1a: Heatran|Stealth Rock|p2a: Mamoswine
|-sidestart|p2: fasterfaster88|move: Stealth Rock
|
|-fieldend|Misty Terrain
|upkeep
|turn|11
|
|t:|1607020711
|switch|p1a: Tapu Fini|Tapu Fini|94/100
|-fieldstart|move: Misty Terrain|[from] ability: Misty Surge|[of] p1a: Tapu Fini
|move|p2a: Mamoswine|Earthquake|p1a: Tapu Fini
|-damage|p1a: Tapu Fini|58/100
|
|-heal|p1a: Tapu Fini|64/100|[from] item: Leftovers
|upkeep
|turn|12
|
|t:|1607020722
|switch|p1a: Heatran|Heatran, M|49/100
|move|p2a: Mamoswine|Knock Off|p1a: Heatran
|-damage|p1a: Heatran|29/100
|
|upkeep
|turn|13
|
|t:|1607020731
|move|p1a: Heatran|Magma Storm|p2a: Mamoswine
|-supereffective|p2a: Mamoswine
|-damage|p2a: Mamoswine|65/100
|-activate|p2a: Mamoswine|move: Magma Storm|[of] p1a: Heatran
|move|p2a: Mamoswine|Earthquake|p1a: Heatran
|-supereffective|p1a: Heatran
|-damage|p1a: Heatran|0 fnt
|faint|p1a: Heatran
|
|-end|p2a: Mamoswine|Magma Storm|[partiallytrapped]|[silent]
|upkeep
|c|☆fasterfaster88|hi all
|
|t:|1607020751
|switch|p1a: Zapdos|Zapdos-Galar|100/100
|turn|14
|c|☆fasterfaster88|https://www.youtube.com/watch?v=5r_DxlD6mjM&ab_channel=LemonTae
|
|t:|1607020767
|switch|p2a: Toxapex|Toxapex, M|100/100
|-damage|p2a: Toxapex|88/100|[from] Stealth Rock
|move|p1a: Zapdos|U-turn|p2a: Toxapex
|-resisted|p2a: Toxapex
|-crit|p2a: Toxapex
|-damage|p2a: Toxapex|71/100
|inactive|ThedebatableReaper has 120 seconds left.
|
|t:|1607020778
|switch|p1a: Nidoking|Nidoking, M|100/100|[from]move: U-turn
|
|-heal|p2a: Toxapex|77/100|[from] item: Black Sludge
|upkeep
|turn|15
|
|t:|1607020789
|switch|p2a: Moltres|Moltres|48/100
|move|p1a: Nidoking|Earth Power|p2a: Moltres
|-immune|p2a: Moltres
|
|-fieldend|Misty Terrain
|upkeep
|turn|16
|
|t:|1607020795
|switch|p2a: Mamoswine|Mamoswine, F|65/100
|-damage|p2a: Mamoswine|53/100|[from] Stealth Rock
|move|p1a: Nidoking|Sludge Wave|p2a: Mamoswine
|-resisted|p2a: Mamoswine
|-damage|p2a: Mamoswine|26/100
|
|upkeep
|turn|17
|
|t:|1607020804
|move|p2a: Mamoswine|Ice Shard|p1a: Nidoking
|-supereffective|p1a: Nidoking
|-damage|p1a: Nidoking|27/100
|move|p1a: Nidoking|Sludge Wave|p2a: Mamoswine
|-resisted|p2a: Mamoswine
|-damage|p2a: Mamoswine|2/100
|
|upkeep
|turn|18
|
|t:|1607020810
|switch|p1a: Tapu Fini|Tapu Fini|64/100
|-fieldstart|move: Misty Terrain|[from] ability: Misty Surge|[of] p1a: Tapu Fini
|move|p2a: Mamoswine|Ice Shard|p1a: Tapu Fini
|-resisted|p1a: Tapu Fini
|-damage|p1a: Tapu Fini|56/100
|
|-heal|p1a: Tapu Fini|62/100|[from] item: Leftovers
|upkeep
|turn|19
|
|t:|1607020819
|switch|p2a: Toxapex|Toxapex, M|100/100
|-damage|p2a: Toxapex|88/100|[from] Stealth Rock
|move|p1a: Tapu Fini|Scald|p2a: Toxapex
|-resisted|p2a: Toxapex
|-damage|p2a: Toxapex|77/100
|
|-heal|p1a: Tapu Fini|69/100|[from] item: Leftovers
|-heal|p2a: Toxapex|83/100|[from] item: Black Sludge
|upkeep
|turn|20
|
|t:|1607020844
|switch|p1a: Magearna|Magearna|100/100
|move|p2a: Toxapex|Knock Off|p1a: Magearna
|-resisted|p1a: Magearna
|-crit|p1a: Magearna
|-damage|p1a: Magearna|90/100
|-enditem|p1a: Magearna|Choice Specs|[from] move: Knock Off|[of] p2a: Toxapex
|
|-heal|p2a: Toxapex|90/100|[from] item: Black Sludge
|upkeep
|turn|21
|
|t:|1607020856
|move|p1a: Magearna|Volt Switch|p2a: Toxapex
|-supereffective|p2a: Toxapex
|-crit|p2a: Toxapex
|-damage|p2a: Toxapex|22/100
|
|t:|1607020864
|switch|p1a: Kartana|Kartana|100/100|[from]move: Volt Switch
|move|p2a: Toxapex|Knock Off|p1a: Kartana
|-damage|p1a: Kartana|85/100
|-enditem|p1a: Kartana|Choice Scarf|[from] move: Knock Off|[of] p2a: Toxapex
|
|-heal|p2a: Toxapex|28/100|[from] item: Black Sludge
|upkeep
|turn|22
|
|t:|1607020872
|switch|p2a: Moltres|Moltres|48/100
|move|p1a: Kartana|Knock Off|p2a: Moltres
|-damage|p2a: Moltres|11/100
|-enditem|p2a: Moltres|Heavy-Duty Boots|[from] move: Knock Off|[of] p1a: Kartana
|
|-fieldend|Misty Terrain
|upkeep
|turn|23
|j| Shade Limit
|
|t:|1607020880
|move|p1a: Kartana|Knock Off|p2a: Moltres
|-damage|p2a: Moltres|0 fnt
|faint|p2a: Moltres
|-ability|p1a: Kartana|Beast Boost|boost
|-boost|p1a: Kartana|atk|1
|
|upkeep
|
|t:|1607020898
|switch|p2a: Urshifu|Urshifu, F|64/100
|-damage|p2a: Urshifu|58/100|[from] Stealth Rock
|turn|24
|inactive|ThedebatableReaper has 120 seconds left.
|
|t:|1607020938
|move|p1a: Kartana|Sacred Sword|p2a: Urshifu
|-supereffective|p2a: Urshifu
|-damage|p2a: Urshifu|0 fnt
|faint|p2a: Urshifu
|-ability|p1a: Kartana|Beast Boost|boost
|-boost|p1a: Kartana|atk|1
|
|upkeep
|j| junipling
|c|☆fasterfaster88|https://www.youtube.com/watch?v=5r_DxlD6mjM&ab_channel=LemonTae
|c|☆fasterfaster88|gg
|c|☆ThedebatableReaper|gg
|l| jdcomix
|c|☆fasterfaster88|subscribe to my friend
|inactive|fasterfaster88 has 120 seconds left.
|c|☆fasterfaster88|ty man
|j| HYRTFH
|c|☆ThedebatableReaper|np
|
|t:|1607020987
|switch|p2a: Aegislash|Aegislash, M|100/100
|-damage|p2a: Aegislash|94/100|[from] Stealth Rock
|turn|25
|
|t:|1607020994
|move|p2a: Aegislash|King's Shield|p2a: Aegislash
|-singleturn|p2a: Aegislash|Protect
|move|p1a: Kartana|Knock Off|p2a: Aegislash
|-activate|p2a: Aegislash|move: Protect
|-unboost|p1a: Kartana|atk|1
|
|upkeep
|turn|26
|
|t:|1607021000
|move|p1a: Kartana|Knock Off|p2a: Aegislash
|-supereffective|p2a: Aegislash
|-damage|p2a: Aegislash|0 fnt
|-enditem|p2a: Aegislash|Spell Tag|[from] move: Knock Off|[of] p1a: Kartana
|faint|p2a: Aegislash
|-ability|p1a: Kartana|Beast Boost|boost
|-boost|p1a: Kartana|atk|1
|
|upkeep
|-message|fasterfaster88 forfeited.
|
|win|ThedebatableReaper
|l|☆fasterfaster88
