|j|☆Go b4 it gets dark
|j|☆SetsuStsna
|inactive|Battle timer is ON: inactive players will automatically lose when time's up.
|t:|1649553086
|gametype|singles
|player|p1|Go b4 it gets dark|gloria|
|player|p2|SetsuStsna|dawn-gen4pt|
|teamsize|p1|6
|teamsize|p2|6
|gen|8
|tier|[Gen 8] OU
|rated|Tournament battle
|rule|Sleep Clause Mod: Limit one foe put to sleep
|rule|Species Clause: Limit one of each Pokémon
|rule|OHKO Clause: OHKO moves are banned
|rule|Evasion Moves Clause: Evasion moves are banned
|rule|Endless Battle Clause: Forcing endless battles is banned
|rule|HP Percentage Mod: HP is shown in percentages
|rule|Dynamax Clause: You cannot dynamax
|clearpoke
|poke|p1|Landorus-Therian, M|
|poke|p1|Toxapex, M|
|poke|p1|Kartana|
|poke|p1|Heatran, M|
|poke|p1|Blacephalon|
|poke|p1|Dragapult, F|
|poke|p2|Nihilego|
|poke|p2|Tapu Bulu|
|poke|p2|Kartana|
|poke|p2|Landorus-Therian, M|
|poke|p2|Dragonite, F|
|poke|p2|Melmetal|
|teampreview
|c|☆SetsuStsna|hf
|c|☆Go b4 it gets dark|hf
|inactive|SetsuStsna has 120 seconds left.
|
|t:|1649553117
|start
|switch|p1a: Leviathan|Dragapult, F, shiny|100/100
|switch|p2a: Landorus|Landorus-Therian, M|100/100
|-ability|p2a: Landorus|Intimidate|boost
|-unboost|p1a: Leviathan|atk|1
|turn|1
|
|t:|1649553121
|move|p1a: Leviathan|Surf|p2a: Landorus
|-supereffective|p2a: Landorus
|-damage|p2a: Landorus|31/100
|move|p2a: Landorus|Earthquake|p1a: Leviathan
|-damage|p1a: Leviathan|31/100
|
|-heal|p2a: Landorus|37/100|[from] item: Leftovers
|upkeep
|turn|2
|
|t:|1649553130
|switch|p1a: Hyperspace|Blacephalon, shiny|100/100
|switch|p2a: Tapu Bulu|Tapu Bulu|100/100
|-fieldstart|move: Grassy Terrain|[from] ability: Grassy Surge|[of] p2a: Tapu Bulu
|
|upkeep
|turn|3
|
|t:|1649553141
|switch|p2a: Nihilego|Nihilego|100/100
|move|p1a: Hyperspace|Flamethrower|p2a: Nihilego
|-resisted|p2a: Nihilego
|-damage|p2a: Nihilego|81/100
|
|-heal|p2a: Nihilego|87/100|[from] Grassy Terrain
|upkeep
|turn|4
|
|t:|1649553150
|switch|p1a: Serpentine|Toxapex, M, shiny|100/100
|move|p2a: Nihilego|Meteor Beam||[still]
|-prepare|p2a: Nihilego|Meteor Beam
|-boost|p2a: Nihilego|spa|1
|-enditem|p2a: Nihilego|Power Herb
|-anim|p2a: Nihilego|Meteor Beam|p1a: Serpentine
|-damage|p1a: Serpentine|42/100
|-enditem|p1a: Serpentine|Eject Button
|
|t:|1649553157
|switch|p1a: Deathstroke|Kartana, shiny|100/100
|
|-heal|p2a: Nihilego|93/100|[from] Grassy Terrain
|upkeep
|turn|5
|
|t:|1649553164
|move|p1a: Deathstroke|Knock Off|p2a: Nihilego
|-damage|p2a: Nihilego|28/100
|-damage|p1a: Deathstroke|90/100|[from] item: Life Orb
|move|p2a: Nihilego|Power Gem|p1a: Deathstroke
|-resisted|p1a: Deathstroke
|-damage|p1a: Deathstroke|4/100
|
|-heal|p1a: Deathstroke|10/100|[from] Grassy Terrain
|-heal|p2a: Nihilego|34/100|[from] Grassy Terrain
|upkeep
|turn|6
|
|t:|1649553171
|move|p1a: Deathstroke|Smart Strike|p2a: Nihilego
|-supereffective|p2a: Nihilego
|-damage|p2a: Nihilego|0 fnt
|faint|p2a: Nihilego
|-ability|p1a: Deathstroke|Beast Boost|boost
|-boost|p1a: Deathstroke|atk|1
|-damage|p1a: Deathstroke|0 fnt|[from] item: Life Orb
|faint|p1a: Deathstroke
|
|-fieldend|move: Grassy Terrain
|upkeep
|
|t:|1649553187
|switch|p1a: Leviathan|Dragapult, F, shiny|31/100
|switch|p2a: Yuki|Melmetal|100/100
|turn|7
|
|t:|1649553192
|switch|p1a: Chaos|Heatran, M, shiny|100/100
|-item|p1a: Chaos|Air Balloon
|move|p2a: Yuki|Double Iron Bash|p1a: Chaos
|-resisted|p1a: Chaos
|-damage|p1a: Chaos|93/100
|-enditem|p1a: Chaos|Air Balloon
|-resisted|p1a: Chaos
|-crit|p1a: Chaos
|-damage|p1a: Chaos|84/100
|-hitcount|p1a: Chaos|2
|
|upkeep
|turn|8
|
|t:|1649553200
|move|p1a: Chaos|Stealth Rock|p2a: Yuki
|-sidestart|p2: SetsuStsna|move: Stealth Rock
|move|p2a: Yuki|Thunder Wave|p1a: Chaos
|-status|p1a: Chaos|par
|
|upkeep
|turn|9
|
|t:|1649553211
|switch|p1a: Hyperspace|Blacephalon, shiny|100/100
|move|p2a: Yuki|Superpower|p1a: Hyperspace
|-immune|p1a: Hyperspace
|
|upkeep
|turn|10
|
|t:|1649553221
|switch|p2a: Landorus|Landorus-Therian, M|37/100
|-damage|p2a: Landorus|25/100|[from] Stealth Rock
|-ability|p2a: Landorus|Intimidate|boost
|-unboost|p1a: Hyperspace|atk|1
|move|p1a: Hyperspace|Flamethrower|p2a: Landorus
|-damage|p2a: Landorus|0 fnt
|faint|p2a: Landorus
|-ability|p1a: Hyperspace|Beast Boost|boost
|-boost|p1a: Hyperspace|spa|1
|
|upkeep
|
|t:|1649553226
|switch|p2a: Dragonite|Dragonite, F|100/100
|turn|11
|
|t:|1649553229
|move|p1a: Hyperspace|Flamethrower|p2a: Dragonite
|-resisted|p2a: Dragonite
|-crit|p2a: Dragonite
|-damage|p2a: Dragonite|76/100
|move|p2a: Dragonite|Dragon Dance|p2a: Dragonite
|-boost|p2a: Dragonite|atk|1
|-boost|p2a: Dragonite|spe|1
|
|upkeep
|turn|12
|
|t:|1649553234
|switch|p1a: Enten|Landorus-Therian, M, shiny|100/100
|-ability|p1a: Enten|Intimidate|boost
|-unboost|p2a: Dragonite|atk|1
|move|p2a: Dragonite|Roost|p2a: Dragonite
|-heal|p2a: Dragonite|100/100
|-singleturn|p2a: Dragonite|move: Roost
|
|upkeep
|turn|13
|
|t:|1649553240
|move|p2a: Dragonite|Substitute|p2a: Dragonite
|-start|p2a: Dragonite|Substitute
|-damage|p2a: Dragonite|76/100
|move|p1a: Enten|Toxic||[still]
|-fail|p1a: Enten
|
|upkeep
|turn|14
|
|t:|1649553244
|move|p2a: Dragonite|Dragon Dance|p2a: Dragonite
|-boost|p2a: Dragonite|atk|1
|-boost|p2a: Dragonite|spe|1
|move|p1a: Enten|U-turn|p2a: Dragonite
|-resisted|p2a: Dragonite
|-activate|p2a: Dragonite|move: Substitute|[damage]
|
|t:|1649553249
|switch|p1a: Serpentine|Toxapex, M, shiny|75/100|[from]move: U-turn
|
|upkeep
|turn|15
|
|t:|1649553269
|move|p2a: Dragonite|Dual Wingbeat|p1a: Serpentine
|-damage|p1a: Serpentine|53/100
|-damage|p1a: Serpentine|31/100
|-hitcount|p1a: Serpentine|2
|move|p1a: Serpentine|Haze|p1a: Serpentine
|-clearallboost
|
|upkeep
|turn|16
|inactive|Go b4 it gets dark has 120 seconds left.
|l|☆Go b4 it gets dark
|inactive|Go b4 it gets dark disconnected and has a minute to reconnect!
|player|p1|
|j|☆Go b4 it gets dark
|inactive|Go b4 it gets dark reconnected and has 100 seconds left.
|player|p1|Go b4 it gets dark|gloria
|
|t:|1649553312
|switch|p1a: Chaos|Heatran, M, shiny|84/100 par
|move|p2a: Dragonite|Roost|p2a: Dragonite
|-heal|p2a: Dragonite|100/100
|-singleturn|p2a: Dragonite|move: Roost
|
|upkeep
|turn|17
|
|t:|1649553318
|switch|p1a: Serpentine|Toxapex, M, shiny|64/100
|move|p2a: Dragonite|Dragon Dance|p2a: Dragonite
|-boost|p2a: Dragonite|atk|1
|-boost|p2a: Dragonite|spe|1
|
|upkeep
|turn|18
|
|t:|1649553327
|switch|p2a: Tapu Bulu|Tapu Bulu|100/100
|-damage|p2a: Tapu Bulu|88/100|[from] Stealth Rock
|-fieldstart|move: Grassy Terrain|[from] ability: Grassy Surge|[of] p2a: Tapu Bulu
|move|p1a: Serpentine|Recover|p1a: Serpentine
|-heal|p1a: Serpentine|100/100
|
|-heal|p2a: Tapu Bulu|94/100|[from] Grassy Terrain
|upkeep
|turn|19
|inactive|Go b4 it gets dark has 120 seconds left.
|
|t:|1649553332
|move|p2a: Tapu Bulu|Substitute|p2a: Tapu Bulu
|-start|p2a: Tapu Bulu|Substitute
|-damage|p2a: Tapu Bulu|70/100
|move|p1a: Serpentine|Poison Jab|p2a: Tapu Bulu
|-supereffective|p2a: Tapu Bulu
|-end|p2a: Tapu Bulu|Substitute
|
|-heal|p2a: Tapu Bulu|76/100|[from] Grassy Terrain
|upkeep
|turn|20
|
|t:|1649553336
|switch|p2a: Yuki|Melmetal|100/100
|-damage|p2a: Yuki|94/100|[from] Stealth Rock
|move|p1a: Serpentine|Poison Jab|p2a: Yuki
|-immune|p2a: Yuki
|
|-heal|p2a: Yuki|100/100|[from] Grassy Terrain
|upkeep
|turn|21
|
|t:|1649553344
|switch|p1a: Chaos|Heatran, M, shiny|84/100 par
|move|p2a: Yuki|Double Iron Bash|p1a: Chaos
|-resisted|p1a: Chaos
|-damage|p1a: Chaos|77/100 par
|-resisted|p1a: Chaos
|-damage|p1a: Chaos|70/100 par
|-hitcount|p1a: Chaos|2
|
|-heal|p1a: Chaos|76/100 par|[from] Grassy Terrain
|upkeep
|turn|22
|
|t:|1649553351
|move|p2a: Yuki|Superpower|p1a: Chaos
|-supereffective|p1a: Chaos
|-damage|p1a: Chaos|16/100 par
|-unboost|p2a: Yuki|atk|1
|-unboost|p2a: Yuki|def|1
|move|p1a: Chaos|Magma Storm|p2a: Yuki|[miss]
|-miss|p1a: Chaos|p2a: Yuki
|
|-heal|p1a: Chaos|23/100 par|[from] Grassy Terrain
|-fieldend|move: Grassy Terrain
|upkeep
|turn|23
|
|t:|1649553357
|switch|p1a: Hyperspace|Blacephalon, shiny|100/100
|move|p2a: Yuki|Superpower|p1a: Hyperspace
|-immune|p1a: Hyperspace
|
|upkeep
|turn|24
|inactive|Go b4 it gets dark has 120 seconds left.
|
|t:|1649553414
|move|p1a: Hyperspace|Trick|p2a: Yuki
|-activate|p1a: Hyperspace|move: Trick|[of] p2a: Yuki
|-item|p2a: Yuki|Choice Scarf|[from] move: Trick
|-item|p1a: Hyperspace|Protective Pads|[from] move: Trick
|move|p2a: Yuki|Thunder Wave|p1a: Hyperspace|[miss]
|-miss|p2a: Yuki|p1a: Hyperspace
|
|upkeep
|turn|25
|
|t:|1649553428
|switch|p1a: Enten|Landorus-Therian, M, shiny|100/100
|-ability|p1a: Enten|Intimidate|boost
|-unboost|p2a: Yuki|atk|1
|move|p2a: Yuki|Thunder Wave|p1a: Enten
|-immune|p1a: Enten
|
|upkeep
|turn|26
|
|t:|1649553436
|switch|p2a: Tapu Bulu|Tapu Bulu|76/100
|-damage|p2a: Tapu Bulu|63/100|[from] Stealth Rock
|-fieldstart|move: Grassy Terrain|[from] ability: Grassy Surge|[of] p2a: Tapu Bulu
|move|p1a: Enten|U-turn|p2a: Tapu Bulu
|-damage|p2a: Tapu Bulu|40/100
|
|t:|1649553439
|switch|p1a: Hyperspace|Blacephalon, shiny|100/100|[from]move: U-turn
|
|-heal|p2a: Tapu Bulu|47/100|[from] Grassy Terrain
|upkeep
|turn|27
|
|t:|1649553444
|switch|p2a: Dragonite|Dragonite, F|100/100
|move|p1a: Hyperspace|Shadow Ball|p2a: Dragonite
|-damage|p2a: Dragonite|82/100
|
|upkeep
|turn|28
|
|t:|1649553455
|move|p1a: Hyperspace|Taunt|p2a: Dragonite
|-start|p2a: Dragonite|move: Taunt
|cant|p2a: Dragonite|move: Taunt|Dragon Dance
|
|upkeep
|turn|29
|
|t:|1649553458
|move|p1a: Hyperspace|Shadow Ball|p2a: Dragonite
|-damage|p2a: Dragonite|48/100
|move|p2a: Dragonite|Dual Wingbeat|p1a: Hyperspace
|-damage|p1a: Hyperspace|58/100
|-damage|p1a: Hyperspace|15/100
|-hitcount|p1a: Hyperspace|2
|
|-heal|p1a: Hyperspace|21/100|[from] Grassy Terrain
|upkeep
|turn|30
|
|t:|1649553465
|switch|p1a: Chaos|Heatran, M, shiny|23/100 par
|move|p2a: Dragonite|Dual Wingbeat|p1a: Chaos
|-resisted|p1a: Chaos
|-damage|p1a: Chaos|17/100 par
|-resisted|p1a: Chaos
|-damage|p1a: Chaos|12/100 par
|-status|p2a: Dragonite|brn|[from] ability: Flame Body|[of] p1a: Chaos
|-hitcount|p1a: Chaos|2
|
|-heal|p1a: Chaos|18/100 par|[from] Grassy Terrain
|-damage|p2a: Dragonite|42/100 brn|[from] brn
|-end|p2a: Dragonite|move: Taunt
|-fieldend|move: Grassy Terrain
|upkeep
|turn|31
|
|t:|1649553474
|switch|p1a: Enten|Landorus-Therian, M, shiny|100/100
|-ability|p1a: Enten|Intimidate|boost
|-unboost|p2a: Dragonite|atk|1
|move|p2a: Dragonite|Roost|p2a: Dragonite
|-heal|p2a: Dragonite|92/100 brn
|-singleturn|p2a: Dragonite|move: Roost
|
|-damage|p2a: Dragonite|86/100 brn|[from] brn
|upkeep
|turn|32
|
|t:|1649553484
|move|p2a: Dragonite|Dragon Dance|p2a: Dragonite
|-boost|p2a: Dragonite|atk|1
|-boost|p2a: Dragonite|spe|1
|move|p1a: Enten|U-turn|p2a: Dragonite
|-resisted|p2a: Dragonite
|-damage|p2a: Dragonite|75/100 brn
|
|t:|1649553492
|switch|p1a: Serpentine|Toxapex, M, shiny|100/100|[from]move: U-turn
|
|-damage|p2a: Dragonite|69/100 brn|[from] brn
|upkeep
|turn|33
|
|t:|1649553499
|move|p2a: Dragonite|Substitute|p2a: Dragonite
|-start|p2a: Dragonite|Substitute
|-damage|p2a: Dragonite|44/100 brn
|move|p1a: Serpentine|Poison Jab|p2a: Dragonite
|-activate|p2a: Dragonite|move: Substitute|[damage]
|
|-damage|p2a: Dragonite|38/100 brn|[from] brn
|upkeep
|turn|34
|
|t:|1649553508
|move|p2a: Dragonite|Roost|p2a: Dragonite
|-heal|p2a: Dragonite|88/100 brn
|-singleturn|p2a: Dragonite|move: Roost
|move|p1a: Serpentine|Poison Jab|p2a: Dragonite
|-end|p2a: Dragonite|Substitute
|
|-damage|p2a: Dragonite|82/100 brn|[from] brn
|upkeep
|turn|35
|
|t:|1649553513
|switch|p1a: Enten|Landorus-Therian, M, shiny|100/100
|-ability|p1a: Enten|Intimidate|boost
|-unboost|p2a: Dragonite|atk|1
|move|p2a: Dragonite|Substitute|p2a: Dragonite
|-start|p2a: Dragonite|Substitute
|-damage|p2a: Dragonite|57/100 brn
|
|-damage|p2a: Dragonite|51/100 brn|[from] brn
|upkeep
|turn|36
|c|☆Go b4 it gets dark|test
|
|t:|1649553518
|move|p2a: Dragonite|Dragon Dance|p2a: Dragonite
|-boost|p2a: Dragonite|atk|1
|-boost|p2a: Dragonite|spe|1
|move|p1a: Enten|U-turn|p2a: Dragonite
|-resisted|p2a: Dragonite
|-activate|p2a: Dragonite|move: Substitute|[damage]
|
|t:|1649553524
|switch|p1a: Leviathan|Dragapult, F, shiny|31/100|[from]move: U-turn
|
|-damage|p2a: Dragonite|45/100 brn|[from] brn
|upkeep
|turn|37
|
|t:|1649553528
|switch|p1a: Serpentine|Toxapex, M, shiny|100/100
|move|p2a: Dragonite|Dual Wingbeat|p1a: Serpentine
|-damage|p1a: Serpentine|93/100
|-damage|p1a: Serpentine|86/100
|-hitcount|p1a: Serpentine|2
|
|-damage|p2a: Dragonite|39/100 brn|[from] brn
|upkeep
|turn|38
|
|t:|1649553531
|move|p2a: Dragonite|Roost|p2a: Dragonite
|-heal|p2a: Dragonite|89/100 brn
|-singleturn|p2a: Dragonite|move: Roost
|move|p1a: Serpentine|Haze|p1a: Serpentine
|-clearallboost
|
|-damage|p2a: Dragonite|83/100 brn|[from] brn
|upkeep
|turn|39
|
|t:|1649553535
|move|p2a: Dragonite|Dragon Dance|p2a: Dragonite
|-boost|p2a: Dragonite|atk|1
|-boost|p2a: Dragonite|spe|1
|move|p1a: Serpentine|Poison Jab|p2a: Dragonite
|-end|p2a: Dragonite|Substitute
|
|-damage|p2a: Dragonite|77/100 brn|[from] brn
|upkeep
|turn|40
|
|t:|1649553540
|switch|p1a: Enten|Landorus-Therian, M, shiny|100/100
|-ability|p1a: Enten|Intimidate|boost
|-unboost|p2a: Dragonite|atk|1
|move|p2a: Dragonite|Substitute|p2a: Dragonite
|-start|p2a: Dragonite|Substitute
|-damage|p2a: Dragonite|52/100 brn
|
|-damage|p2a: Dragonite|46/100 brn|[from] brn
|upkeep
|turn|41
|
|t:|1649553550
|move|p2a: Dragonite|Dual Wingbeat|p1a: Enten
|-crit|p1a: Enten
|-damage|p1a: Enten|88/100
|-damage|p1a: Enten|80/100
|-hitcount|p1a: Enten|2
|move|p1a: Enten|U-turn|p2a: Dragonite
|-resisted|p2a: Dragonite
|-activate|p2a: Dragonite|move: Substitute|[damage]
|c|☆Go b4 it gets dark|tes
|
|t:|1649553558
|switch|p1a: Leviathan|Dragapult, F, shiny|31/100|[from]move: U-turn
|
|-damage|p2a: Dragonite|40/100 brn|[from] brn
|upkeep
|turn|42
|
|t:|1649553564
|switch|p1a: Serpentine|Toxapex, M, shiny|100/100
|move|p2a: Dragonite|Roost|p2a: Dragonite
|-heal|p2a: Dragonite|90/100 brn
|-singleturn|p2a: Dragonite|move: Roost
|
|-damage|p2a: Dragonite|84/100 brn|[from] brn
|upkeep
|turn|43
|
|t:|1649553570
|move|p2a: Dragonite|Dragon Dance|p2a: Dragonite
|-boost|p2a: Dragonite|atk|1
|-boost|p2a: Dragonite|spe|1
|move|p1a: Serpentine|Poison Jab|p2a: Dragonite
|-end|p2a: Dragonite|Substitute
|
|-damage|p2a: Dragonite|78/100 brn|[from] brn
|upkeep
|turn|44
|
|t:|1649553573
|move|p2a: Dragonite|Substitute|p2a: Dragonite
|-start|p2a: Dragonite|Substitute
|-damage|p2a: Dragonite|53/100 brn
|move|p1a: Serpentine|Haze|p1a: Serpentine
|-clearallboost
|
|-damage|p2a: Dragonite|47/100 brn|[from] brn
|upkeep
|turn|45
|
|t:|1649553577
|move|p2a: Dragonite|Dragon Dance|p2a: Dragonite
|-boost|p2a: Dragonite|atk|1
|-boost|p2a: Dragonite|spe|1
|move|p1a: Serpentine|Poison Jab|p2a: Dragonite
|-activate|p2a: Dragonite|move: Substitute|[damage]
|
|-damage|p2a: Dragonite|41/100 brn|[from] brn
|upkeep
|turn|46
|
|t:|1649553580
|move|p2a: Dragonite|Roost|p2a: Dragonite
|-heal|p2a: Dragonite|91/100 brn
|-singleturn|p2a: Dragonite|move: Roost
|move|p1a: Serpentine|Poison Jab|p2a: Dragonite
|-end|p2a: Dragonite|Substitute
|
|-damage|p2a: Dragonite|85/100 brn|[from] brn
|upkeep
|turn|47
|
|t:|1649553583
|move|p2a: Dragonite|Substitute|p2a: Dragonite
|-start|p2a: Dragonite|Substitute
|-damage|p2a: Dragonite|60/100 brn
|move|p1a: Serpentine|Haze|p1a: Serpentine
|-clearallboost
|
|-damage|p2a: Dragonite|54/100 brn|[from] brn
|upkeep
|turn|48
|
|t:|1649553587
|move|p2a: Dragonite|Dragon Dance|p2a: Dragonite
|-boost|p2a: Dragonite|atk|1
|-boost|p2a: Dragonite|spe|1
|move|p1a: Serpentine|Poison Jab|p2a: Dragonite
|-activate|p2a: Dragonite|move: Substitute|[damage]
|
|-damage|p2a: Dragonite|48/100 brn|[from] brn
|upkeep
|turn|49
|
|t:|1649553591
|move|p2a: Dragonite|Roost|p2a: Dragonite
|-heal|p2a: Dragonite|98/100 brn
|-singleturn|p2a: Dragonite|move: Roost
|move|p1a: Serpentine|Poison Jab|p2a: Dragonite
|-end|p2a: Dragonite|Substitute
|
|-damage|p2a: Dragonite|92/100 brn|[from] brn
|upkeep
|turn|50
|
|t:|1649553594
|move|p2a: Dragonite|Substitute|p2a: Dragonite
|-start|p2a: Dragonite|Substitute
|-damage|p2a: Dragonite|68/100 brn
|move|p1a: Serpentine|Haze|p1a: Serpentine
|-clearallboost
|
|-damage|p2a: Dragonite|62/100 brn|[from] brn
|upkeep
|turn|51
|
|t:|1649553599
|move|p2a: Dragonite|Dragon Dance|p2a: Dragonite
|-boost|p2a: Dragonite|atk|1
|-boost|p2a: Dragonite|spe|1
|move|p1a: Serpentine|Poison Jab|p2a: Dragonite
|-activate|p2a: Dragonite|move: Substitute|[damage]
|
|-damage|p2a: Dragonite|56/100 brn|[from] brn
|upkeep
|turn|52
|
|t:|1649553603
|move|p2a: Dragonite|Roost|p2a: Dragonite
|-heal|p2a: Dragonite|100/100 brn
|-singleturn|p2a: Dragonite|move: Roost
|move|p1a: Serpentine|Haze|p1a: Serpentine
|-clearallboost
|
|-damage|p2a: Dragonite|94/100 brn|[from] brn
|upkeep
|turn|53
|
|t:|1649553609
|switch|p2a: Yuki|Melmetal|100/100
|-damage|p2a: Yuki|94/100|[from] Stealth Rock
|move|p1a: Serpentine|Poison Jab|p2a: Yuki
|-immune|p2a: Yuki
|
|upkeep
|turn|54
|
|t:|1649553621
|move|p2a: Yuki|Thunder Wave|p1a: Serpentine
|-status|p1a: Serpentine|par
|move|p1a: Serpentine|Recover||[still]
|-fail|p1a: Serpentine|heal
|
|upkeep
|turn|55
|
|t:|1649553631
|switch|p2a: Dragonite|Dragonite, F|94/100 brn
|switch|p1a: Hyperspace|Blacephalon, shiny|21/100
|
|-damage|p2a: Dragonite|88/100 brn|[from] brn
|upkeep
|turn|56
|
|t:|1649553636
|switch|p1a: Enten|Landorus-Therian, M, shiny|80/100
|-ability|p1a: Enten|Intimidate|boost
|-unboost|p2a: Dragonite|atk|1
|move|p2a: Dragonite|Dual Wingbeat|p1a: Enten
|-damage|p1a: Enten|74/100
|-damage|p1a: Enten|69/100
|-hitcount|p1a: Enten|2
|
|-heal|p1a: Enten|75/100|[from] item: Leftovers
|-damage|p2a: Dragonite|82/100 brn|[from] brn
|upkeep
|turn|57
|
|t:|1649553640
|move|p2a: Dragonite|Dragon Dance|p2a: Dragonite
|-boost|p2a: Dragonite|atk|1
|-boost|p2a: Dragonite|spe|1
|move|p1a: Enten|U-turn|p2a: Dragonite
|-resisted|p2a: Dragonite
|-damage|p2a: Dragonite|71/100 brn
|
|t:|1649553643
|switch|p1a: Hyperspace|Blacephalon, shiny|21/100|[from]move: U-turn
|
|-damage|p2a: Dragonite|65/100 brn|[from] brn
|upkeep
|turn|58
|
|t:|1649553647
|switch|p1a: Enten|Landorus-Therian, M, shiny|75/100
|-ability|p1a: Enten|Intimidate|boost
|-unboost|p2a: Dragonite|atk|1
|move|p2a: Dragonite|Dual Wingbeat|p1a: Enten
|-damage|p1a: Enten|69/100
|-damage|p1a: Enten|63/100
|-hitcount|p1a: Enten|2
|
|-heal|p1a: Enten|70/100|[from] item: Leftovers
|-damage|p2a: Dragonite|59/100 brn|[from] brn
|upkeep
|turn|59
|
|t:|1649553652
|move|p2a: Dragonite|Substitute|p2a: Dragonite
|-start|p2a: Dragonite|Substitute
|-damage|p2a: Dragonite|34/100 brn
|move|p1a: Enten|U-turn|p2a: Dragonite
|-resisted|p2a: Dragonite
|-activate|p2a: Dragonite|move: Substitute|[damage]
|
|t:|1649553654
|switch|p1a: Leviathan|Dragapult, F, shiny|31/100|[from]move: U-turn
|
|-damage|p2a: Dragonite|28/100 brn|[from] brn
|upkeep
|turn|60
|
|t:|1649553660
|move|p1a: Leviathan|Shadow Ball|p2a: Dragonite
|-damage|p2a: Dragonite|0 fnt
|faint|p2a: Dragonite
|
|upkeep
|
|t:|1649553664
|switch|p2a: Kartana|Kartana|100/100
|-damage|p2a: Kartana|94/100|[from] Stealth Rock
|turn|61
|
|t:|1649553667
|switch|p2a: Tapu Bulu|Tapu Bulu|47/100
|-damage|p2a: Tapu Bulu|34/100|[from] Stealth Rock
|-fieldstart|move: Grassy Terrain|[from] ability: Grassy Surge|[of] p2a: Tapu Bulu
|switch|p1a: Serpentine|Toxapex, M, shiny|100/100 par
|
|-heal|p2a: Tapu Bulu|40/100|[from] Grassy Terrain
|upkeep
|turn|62
|
|t:|1649553675
|move|p2a: Tapu Bulu|Horn Leech|p1a: Serpentine
|-damage|p1a: Serpentine|51/100 par
|-heal|p2a: Tapu Bulu|65/100|[from] drain|[of] p1a: Serpentine
|-damage|p2a: Tapu Bulu|55/100|[from] item: Life Orb
|move|p1a: Serpentine|Poison Jab|p2a: Tapu Bulu
|-supereffective|p2a: Tapu Bulu
|-damage|p2a: Tapu Bulu|0 fnt
|faint|p2a: Tapu Bulu
|
|-heal|p1a: Serpentine|57/100 par|[from] Grassy Terrain
|upkeep
|
|t:|1649553682
|switch|p2a: Kartana|Kartana|94/100
|-damage|p2a: Kartana|88/100|[from] Stealth Rock
|turn|63
|
|t:|1649553684
|switch|p1a: Chaos|Heatran, M, shiny|18/100 par
|move|p2a: Kartana|Leaf Blade|p1a: Chaos
|-resisted|p1a: Chaos
|-damage|p1a: Chaos|5/100 par
|
|-heal|p2a: Kartana|94/100|[from] Grassy Terrain
|-heal|p1a: Chaos|11/100 par|[from] Grassy Terrain
|upkeep
|turn|64
|
|t:|1649553690
|move|p1a: Chaos|Protect|p1a: Chaos
|-singleturn|p1a: Chaos|Protect
|move|p2a: Kartana|Leaf Blade|p1a: Chaos
|-activate|p1a: Chaos|move: Protect
|
|-heal|p2a: Kartana|100/100|[from] Grassy Terrain
|-heal|p1a: Chaos|17/100 par|[from] Grassy Terrain
|upkeep
|turn|65
|
|t:|1649553693
|switch|p2a: Yuki|Melmetal|94/100
|-damage|p2a: Yuki|88/100|[from] Stealth Rock
|move|p1a: Chaos|Magma Storm|p2a: Yuki
|-supereffective|p2a: Yuki
|-damage|p2a: Yuki|1/100
|-activate|p2a: Yuki|move: Magma Storm|[of] p1a: Chaos
|
|-heal|p2a: Yuki|7/100|[from] Grassy Terrain
|-heal|p1a: Chaos|24/100 par|[from] Grassy Terrain
|-damage|p2a: Yuki|0 fnt|[from] move: Magma Storm|[partiallytrapped]
|faint|p2a: Yuki
|-fieldend|move: Grassy Terrain
|upkeep
|
|t:|1649553695
|switch|p2a: Kartana|Kartana|100/100
|-damage|p2a: Kartana|94/100|[from] Stealth Rock
|turn|66
|
|t:|1649553697
|move|p1a: Chaos|Protect|p1a: Chaos
|-singleturn|p1a: Chaos|Protect
|move|p2a: Kartana|Knock Off|p1a: Chaos
|-activate|p1a: Chaos|move: Protect
|
|upkeep
|turn|67
|
|t:|1649553700
|switch|p1a: Serpentine|Toxapex, M, shiny|91/100 par
|move|p2a: Kartana|Knock Off|p1a: Serpentine
|-damage|p1a: Serpentine|70/100 par
|
|upkeep
|turn|68
|
|t:|1649553702
|move|p2a: Kartana|Knock Off|p1a: Serpentine
|-crit|p1a: Serpentine
|-damage|p1a: Serpentine|35/100 par
|move|p1a: Serpentine|Recover|p1a: Serpentine
|-heal|p1a: Serpentine|86/100 par
|
|upkeep
|turn|69
|c|☆SetsuStsna|gg
|
|t:|1649553706
|move|p2a: Kartana|Knock Off|p1a: Serpentine
|-damage|p1a: Serpentine|61/100 par
|move|p1a: Serpentine|Knock Off|p2a: Kartana
|-damage|p2a: Kartana|79/100
|-enditem|p2a: Kartana|Choice Scarf|[from] move: Knock Off|[of] p1a: Serpentine
|
|upkeep
|turn|70
|c|☆Go b4 it gets dark|gg
|
|t:|1649553711
|switch|p1a: Hyperspace|Blacephalon, shiny|21/100
|move|p2a: Kartana|Leaf Blade|p1a: Hyperspace
|-resisted|p1a: Hyperspace
|-damage|p1a: Hyperspace|0 fnt
|faint|p1a: Hyperspace
|-ability|p2a: Kartana|Beast Boost|boost
|-boost|p2a: Kartana|atk|1
|
|upkeep
|
|t:|1649553712
|switch|p1a: Leviathan|Dragapult, F, shiny|31/100
|turn|71
|
|t:|1649553714
|move|p1a: Leviathan|Flamethrower|p2a: Kartana
|-supereffective|p2a: Kartana
|-damage|p2a: Kartana|0 fnt
|faint|p2a: Kartana
|
|win|Go b4 it gets dark
|n|☆SetsuStsna|setsustsna
|n|☆Go b4 it gets dark|gob4itgetsdark
|l|☆SetsuStsna
