|j|☆Thedebatablereaper
|j|☆minimax_ai
|t:|1665586006
|gametype|singles
|player|p1|Thedebatablereaper|102|1708
|player|p2|minimax_ai|lusamine-nihilego|1635
|teamsize|p1|6
|teamsize|p2|6
|gen|8
|tier|[Gen 8] OU
|rated|
|rule|Sleep Clause Mod: Limit one foe put to sleep
|rule|Species Clause: Limit one of each Pokémon
|rule|OHKO Clause: OHKO moves are banned
|rule|Evasion Items Clause: Evasion items are banned
|rule|Evasion Moves Clause: Evasion moves are banned
|rule|Endless Battle Clause: Forcing endless battles is banned
|rule|HP Percentage Mod: HP is shown in percentages
|rule|Dynamax Clause: You cannot dynamax
|clearpoke
|poke|p1|Tapu Lele|
|poke|p1|Volcarona, M|
|poke|p1|Sharpedo, F|
|poke|p1|Slowking-Galar, F|
|poke|p1|Landorus-Therian, M|
|poke|p1|Kartana|
|poke|p2|Rotom-Wash|
|poke|p2|Weavile, F|
|poke|p2|Landorus-Therian, M|
|poke|p2|Heatran, M|
|poke|p2|Tangrowth, M|
|poke|p2|Melmetal|
|teampreview
|c|☆minimax_ai|hf
|inactive|Battle timer is ON: inactive players will automatically lose when time's up. (requested by minimax_ai)
|c|☆Thedebatablereaper|thx u2
|
|t:|1665586021
|start
|switch|p1a: Tapu Lele|Tapu Lele|100/100
|switch|p2a: Tangrowth|Tangrowth, M|100/100
|-fieldstart|move: Psychic Terrain|[from] ability: Psychic Surge|[of] p1a: Tapu Lele
|turn|1
|
|t:|1665586028
|switch|p2a: Melmetal|Melmetal|100/100
|move|p1a: Tapu Lele|Psychic|p2a: Melmetal
|-resisted|p2a: Melmetal
|-damage|p2a: Melmetal|77/100
|
|upkeep
|turn|2
|
|t:|1665586034
|switch|p1a: Volcarona|Volcarona, M|100/100
|move|p2a: Melmetal|Double Iron Bash|p1a: Volcarona
|-resisted|p1a: Volcarona
|-damage|p1a: Volcarona|82/100
|-resisted|p1a: Volcarona
|-damage|p1a: Volcarona|63/100
|-status|p2a: Melmetal|brn|[from] ability: Flame Body|[of] p1a: Volcarona
|-hitcount|p1a: Volcarona|2
|
|-damage|p2a: Melmetal|71/100 brn|[from] brn
|upkeep
|turn|3
|j| Ran Kob
|
|t:|1665586043
|switch|p2a: landorustherian|Landorus-Therian, M|100/100
|-ability|p2a: landorustherian|Intimidate|boost
|-unboost|p1a: Volcarona|atk|1
|move|p1a: Volcarona|Roost|p1a: Volcarona
|-heal|p1a: Volcarona|100/100
|-singleturn|p1a: Volcarona|move: Roost
|
|upkeep
|turn|4
|
|t:|1665586054
|switch|p1a: Landorus|Landorus-Therian, M|100/100
|-ability|p1a: Landorus|Intimidate|boost
|-unboost|p2a: landorustherian|atk|1
|move|p2a: landorustherian|Toxic|p1a: Landorus
|-status|p1a: Landorus|tox
|
|-damage|p1a: Landorus|94/100 tox|[from] psn
|upkeep
|turn|5
|
|t:|1665586062
|move|p1a: Landorus|Stealth Rock|p2a: landorustherian
|-sidestart|p2: minimax_ai|move: Stealth Rock
|move|p2a: landorustherian|U-turn|p1a: Landorus
|-resisted|p1a: Landorus
|-damage|p1a: Landorus|89/100 tox
|
|t:|1665586062
|switch|p2a: Heatran|Heatran, M|100/100|[from]move: U-turn
|-damage|p2a: Heatran|88/100|[from] Stealth Rock
|-item|p2a: Heatran|Air Balloon
|
|-heal|p1a: Landorus|95/100 tox|[from] item: Leftovers
|-damage|p1a: Landorus|83/100 tox|[from] psn
|-fieldend|move: Psychic Terrain
|upkeep
|turn|6
|
|t:|1665586073
|move|p2a: Heatran|Eruption|p1a: Landorus
|-damage|p1a: Landorus|13/100 tox
|move|p1a: Landorus|U-turn|p2a: Heatran
|-resisted|p2a: Heatran
|-damage|p2a: Heatran|82/100
|-enditem|p2a: Heatran|Air Balloon
|
|t:|1665586083
|switch|p1a: Kartana|Kartana|100/100|[from]move: U-turn
|
|upkeep
|turn|7
|
|t:|1665586088
|switch|p1a: Tapu Lele|Tapu Lele|100/100
|-fieldstart|move: Psychic Terrain|[from] ability: Psychic Surge|[of] p1a: Tapu Lele
|switch|p2a: Tangrowth|Tangrowth, M|100/100
|-damage|p2a: Tangrowth|88/100|[from] Stealth Rock
|
|upkeep
|turn|8
|
|t:|1665586097
|switch|p2a: Melmetal|Melmetal|71/100 brn
|-damage|p2a: Melmetal|65/100 brn|[from] Stealth Rock
|move|p1a: Tapu Lele|Psychic|p2a: Melmetal
|-resisted|p2a: Melmetal
|-damage|p2a: Melmetal|39/100 brn
|
|-damage|p2a: Melmetal|33/100 brn|[from] brn
|upkeep
|turn|9
|
|t:|1665586106
|switch|p1a: Landorus|Landorus-Therian, M|13/100 tox
|-ability|p1a: Landorus|Intimidate|boost
|-unboost|p2a: Melmetal|atk|1
|move|p2a: Melmetal|Thunder Punch|p1a: Landorus
|-immune|p1a: Landorus
|
|-heal|p1a: Landorus|19/100 tox|[from] item: Leftovers
|-damage|p1a: Landorus|13/100 tox|[from] psn
|-damage|p2a: Melmetal|27/100 brn|[from] brn
|upkeep
|turn|10
|
|t:|1665586118
|move|p1a: Landorus|Earthquake|p2a: Melmetal
|-supereffective|p2a: Melmetal
|-damage|p2a: Melmetal|0 fnt
|faint|p2a: Melmetal
|
|-heal|p1a: Landorus|19/100 tox|[from] item: Leftovers
|-damage|p1a: Landorus|7/100 tox|[from] psn
|upkeep
|
|t:|1665586118
|switch|p2a: Heatran|Heatran, M|82/100
|-damage|p2a: Heatran|70/100|[from] Stealth Rock
|turn|11
|
|t:|1665586127
|move|p2a: Heatran|Eruption|p1a: Landorus
|-damage|p1a: Landorus|0 fnt
|faint|p1a: Landorus
|
|-fieldend|move: Psychic Terrain
|upkeep
|
|t:|1665586132
|switch|p1a: Sharpedo|Sharpedo, F|100/100
|turn|12
|
|t:|1665586137
|move|p1a: Sharpedo|Dark Pulse|p2a: Heatran
|-damage|p2a: Heatran|18/100
|-damage|p1a: Sharpedo|91/100|[from] item: Life Orb
|move|p2a: Heatran|Earth Power|p1a: Sharpedo
|-damage|p1a: Sharpedo|20/100
|
|-ability|p1a: Sharpedo|Speed Boost|boost
|-boost|p1a: Sharpedo|spe|1
|upkeep
|turn|13
|
|t:|1665586145
|switch|p2a: rotomwash|Rotom-Wash|100/100
|-damage|p2a: rotomwash|88/100|[from] Stealth Rock
|move|p1a: Sharpedo|Dark Pulse|p2a: rotomwash
|-damage|p2a: rotomwash|37/100
|-damage|p1a: Sharpedo|10/100|[from] item: Life Orb
|
|-heal|p2a: rotomwash|43/100|[from] item: Leftovers
|-ability|p1a: Sharpedo|Speed Boost|boost
|-boost|p1a: Sharpedo|spe|1
|upkeep
|turn|14
|
|t:|1665586156
|move|p1a: Sharpedo|Dark Pulse|p2a: rotomwash
|-damage|p2a: rotomwash|0 fnt
|faint|p2a: rotomwash
|-damage|p1a: Sharpedo|0 fnt|[from] item: Life Orb
|faint|p1a: Sharpedo
|
|upkeep
|
|t:|1665586170
|switch|p1a: Slowking|Slowking-Galar, F|100/100
|switch|p2a: landorustherian|Landorus-Therian, M|100/100
|-damage|p2a: landorustherian|88/100|[from] Stealth Rock
|-ability|p2a: landorustherian|Intimidate|boost
|-unboost|p1a: Slowking|atk|1
|turn|15
|
|t:|1665586177
|move|p2a: landorustherian|Earthquake|p1a: Slowking
|-supereffective|p1a: Slowking
|-damage|p1a: Slowking|6/100
|move|p1a: Slowking|Scald|p2a: landorustherian
|-supereffective|p2a: landorustherian
|-damage|p2a: landorustherian|55/100
|
|-heal|p2a: landorustherian|61/100|[from] item: Leftovers
|upkeep
|turn|16
|
|t:|1665586185
|move|p2a: landorustherian|Defog|p1a: Slowking
|-unboost|p1a: Slowking|evasion|1
|-sideend|p2: minimax_ai|Stealth Rock|[from] move: Defog|[of] p2a: landorustherian
|move|p1a: Slowking|Scald|p2a: landorustherian
|-supereffective|p2a: landorustherian
|-damage|p2a: landorustherian|29/100
|
|-heal|p2a: landorustherian|35/100|[from] item: Leftovers
|upkeep
|turn|17
|
|t:|1665586192
|move|p2a: landorustherian|Earthquake|p1a: Slowking
|-supereffective|p1a: Slowking
|-damage|p1a: Slowking|0 fnt
|faint|p1a: Slowking
|
|-heal|p2a: landorustherian|41/100|[from] item: Leftovers
|upkeep
|
|t:|1665586198
|switch|p1a: Kartana|Kartana|100/100
|turn|18
|
|t:|1665586201
|switch|p2a: Tangrowth|Tangrowth, M|100/100
|move|p1a: Kartana|Knock Off|p2a: Tangrowth
|-damage|p2a: Tangrowth|69/100
|-damage|p1a: Kartana|84/100|[from] item: Rocky Helmet|[of] p2a: Tangrowth
|-enditem|p2a: Tangrowth|Rocky Helmet|[from] move: Knock Off|[of] p1a: Kartana
|
|upkeep
|turn|19
|
|t:|1665586215
|switch|p1a: Tapu Lele|Tapu Lele|100/100
|-fieldstart|move: Psychic Terrain|[from] ability: Psychic Surge|[of] p1a: Tapu Lele
|move|p2a: Tangrowth|Sleep Powder|p1a: Tapu Lele
|-status|p1a: Tapu Lele|slp|[from] move: Sleep Powder
|
|upkeep
|turn|20
|
|t:|1665586223
|switch|p2a: landorustherian|Landorus-Therian, M|41/100
|-ability|p2a: landorustherian|Intimidate|boost
|-unboost|p1a: Tapu Lele|atk|1
|cant|p1a: Tapu Lele|slp
|
|-heal|p2a: landorustherian|47/100|[from] item: Leftovers
|upkeep
|turn|21
|
|t:|1665586230
|cant|p1a: Tapu Lele|slp
|move|p2a: landorustherian|Earthquake|p1a: Tapu Lele
|-damage|p1a: Tapu Lele|23/100 slp
|
|-heal|p2a: landorustherian|53/100|[from] item: Leftovers
|upkeep
|turn|22
|
|t:|1665586237
|-curestatus|p1a: Tapu Lele|slp|[msg]
|move|p1a: Tapu Lele|Moonblast|p2a: landorustherian
|-damage|p2a: landorustherian|0 fnt
|faint|p2a: landorustherian
|
|upkeep
|
|t:|1665586237
|switch|p2a: Weavile|Weavile, F|100/100
|-ability|p2a: Weavile|Pressure
|turn|23
|
|t:|1665586245
|switch|p1a: Volcarona|Volcarona, M|100/100
|move|p2a: Weavile|Knock Off|p1a: Volcarona
|-damage|p1a: Volcarona|31/100
|-enditem|p1a: Volcarona|Heavy-Duty Boots|[from] move: Knock Off|[of] p2a: Weavile
|
|-fieldend|move: Psychic Terrain
|upkeep
|turn|24
|
|t:|1665586264
|switch|p1a: Tapu Lele|Tapu Lele|23/100
|-fieldstart|move: Psychic Terrain|[from] ability: Psychic Surge|[of] p1a: Tapu Lele
|move|p2a: Weavile|Knock Off|p1a: Tapu Lele
|-damage|p1a: Tapu Lele|0 fnt
|-enditem|p1a: Tapu Lele|Choice Specs|[from] move: Knock Off|[of] p2a: Weavile
|faint|p1a: Tapu Lele
|
|upkeep
|
|t:|1665586271
|switch|p1a: Kartana|Kartana|84/100
|turn|25
|l| Ran Kob
|
|t:|1665586276
|switch|p2a: Tangrowth|Tangrowth, M|100/100
|switch|p1a: Volcarona|Volcarona, M|31/100
|
|upkeep
|turn|26
|
|t:|1665586283
|switch|p2a: Heatran|Heatran, M|18/100
|move|p1a: Volcarona|Flamethrower|p2a: Heatran
|-start|p2a: Heatran|ability: Flash Fire
|
|upkeep
|turn|27
|
|t:|1665586289
|move|p2a: Heatran|Magma Storm|p1a: Volcarona
|-damage|p1a: Volcarona|0 fnt
|faint|p1a: Volcarona
|
|upkeep
|
|t:|1665586293
|switch|p1a: Kartana|Kartana|84/100
|turn|28
|
|t:|1665586297
|-end|p2a: Heatran|ability: Flash Fire|[silent]
|switch|p2a: Tangrowth|Tangrowth, M|100/100
|move|p1a: Kartana|Smart Strike|p2a: Tangrowth
|-damage|p2a: Tangrowth|64/100
|
|-fieldend|move: Psychic Terrain
|upkeep
|turn|29
|
|t:|1665586303
|move|p1a: Kartana|Smart Strike|p2a: Tangrowth
|-damage|p2a: Tangrowth|29/100
|move|p2a: Tangrowth|Focus Blast|p1a: Kartana|[miss]
|-miss|p2a: Tangrowth|p1a: Kartana
|
|upkeep
|turn|30
|
|t:|1665586309
|switch|p2a: Heatran|Heatran, M|18/100
|move|p1a: Kartana|Smart Strike|p2a: Heatran
|-resisted|p2a: Heatran
|-damage|p2a: Heatran|1/100
|
|upkeep
|turn|31
|
|t:|1665586315
|move|p1a: Kartana|Smart Strike|p2a: Heatran
|-resisted|p2a: Heatran
|-damage|p2a: Heatran|0 fnt
|faint|p2a: Heatran
|-ability|p1a: Kartana|Beast Boost|boost
|-boost|p1a: Kartana|atk|1
|
|upkeep
|
|t:|1665586315
|switch|p2a: Tangrowth|Tangrowth, M|62/100
|turn|32
|
|t:|1665586322
|move|p1a: Kartana|Smart Strike|p2a: Tangrowth
|-damage|p2a: Tangrowth|5/100
|move|p2a: Tangrowth|Focus Blast|p1a: Kartana
|-supereffective|p1a: Kartana
|-damage|p1a: Kartana|0 fnt
|faint|p1a: Kartana
|
|win|minimax_ai
|raw|Thedebatablereaper's rating: 1708 &rarr; <strong>1684</strong><br />(-24 for losing)
|raw|minimax_ai's rating: 1635 &rarr; <strong>1659</strong><br />(+24 for winning)
|c|☆minimax_ai|gg
