|j|☆iqpweqorhqrowipe1
|j|☆stantlerdude63
|inactive|Battle timer is ON: inactive players will automatically lose when time's up.
|t:|1667171294
|gametype|singles
|player|p1|iqpweqorhqrowipe1|gambler|
|player|p2|stantlerdude63|swimmer-gen4dp|
|teamsize|p1|6
|teamsize|p2|6
|gen|8
|tier|[Gen 8] OU
|rated|Tournament battle
|rule|Sleep Clause Mod: Limit one foe put to sleep
|rule|Species Clause: Limit one of each Pokémon
|rule|OHKO Clause: OHKO moves are banned
|rule|Evasion Items Clause: Evasion items are banned
|rule|Evasion Moves Clause: Evasion moves are banned
|rule|Endless Battle Clause: Forcing endless battles is banned
|rule|HP Percentage Mod: HP is shown in percentages
|rule|Dynamax Clause: You cannot dynamax
|clearpoke
|poke|p1|Rillaboom, F|
|poke|p1|Zapdos|
|poke|p1|Heatran, F|
|poke|p1|Kommo-o, F|
|poke|p1|Urshifu-*, M|
|poke|p1|Mew|
|poke|p2|Melmetal|
|poke|p2|Tapu Koko|
|poke|p2|Rotom-Wash|
|poke|p2|Slowking-Galar, M|
|poke|p2|Hippowdon, M|
|poke|p2|Corviknight, F|
|teampreview
|j| Pikablu007
|j| SpookElekiElectric
|l| Pikablu007
|
|t:|1667171302
|start
|switch|p1a: Mew|Mew|100/100
|switch|p2a: Tapu Koko|Tapu Koko|100/100
|-fieldstart|move: Electric Terrain|[from] ability: Electric Surge|[of] p2a: Tapu Koko
|turn|1
|c| SpookElekiElectric|;legendary stantler dude 63
|c|☆iqpweqorhqrowipe1|gl
|l| SpookElekiElectric
|c|☆stantlerdude63|gl
|
|t:|1667171311
|move|p2a: Tapu Koko|Thunderbolt|p1a: Mew
|-damage|p1a: Mew|60/100
|move|p1a: Mew|Light Screen|p1a: Mew
|-sidestart|p1: iqpweqorhqrowipe1|move: Light Screen
|
|upkeep
|turn|2
|j| Inter27
|
|t:|1667171319
|move|p2a: Tapu Koko|U-turn|p1a: Mew
|-supereffective|p1a: Mew
|-damage|p1a: Mew|35/100
|l| Inter27
|
|t:|1667171329
|switch|p2a: Corviknight|Corviknight, F|100/100|[from]move: U-turn
|-ability|p2a: Corviknight|Pressure
|move|p1a: Mew|Reflect|p1a: Mew
|-sidestart|p1: iqpweqorhqrowipe1|Reflect
|
|upkeep
|turn|3
|
|t:|1667171332
|move|p1a: Mew|Taunt|p2a: Corviknight
|-start|p2a: Corviknight|move: Taunt
|move|p2a: Corviknight|U-turn|p1a: Mew
|-supereffective|p1a: Mew
|-damage|p1a: Mew|24/100
|
|t:|1667171337
|switch|p2a: Hippowdon|Hippowdon, M|100/100|[from]move: U-turn
|-weather|Sandstorm|[from] ability: Sand Stream|[of] p2a: Hippowdon
|
|-weather|Sandstorm|[upkeep]
|-damage|p1a: Mew|18/100|[from] Sandstorm
|upkeep
|turn|4
|
|t:|1667171340
|move|p2a: Hippowdon|Stealth Rock|p1a: Mew
|-sidestart|p1: iqpweqorhqrowipe1|move: Stealth Rock
|move|p1a: Mew|Teleport|p1a: Mew
|
|t:|1667171343
|switch|p1a: i demand rocks|Kommo-o, F|100/100|[from]move: Teleport
|-damage|p1a: i demand rocks|94/100|[from] Stealth Rock
|
|-weather|Sandstorm|[upkeep]
|-damage|p1a: i demand rocks|88/100|[from] Sandstorm
|upkeep
|turn|5
|inactive|stantlerdude63 has 120 seconds left.
|
|t:|1667171391
|move|p1a: i demand rocks|Substitute|p1a: i demand rocks
|-start|p1a: i demand rocks|Substitute
|-damage|p1a: i demand rocks|63/100
|move|p2a: Hippowdon|Toxic||[still]
|-fail|p2a: Hippowdon
|
|-weather|Sandstorm|[upkeep]
|-damage|p1a: i demand rocks|57/100|[from] Sandstorm
|-fieldend|move: Electric Terrain
|upkeep
|turn|6
|
|t:|1667171401
|move|p1a: i demand rocks|Belly Drum|p1a: i demand rocks
|-damage|p1a: i demand rocks|7/100
|-setboost|p1a: i demand rocks|atk|6|[from] move: Belly Drum
|-enditem|p1a: i demand rocks|Salac Berry|[eat]
|-boost|p1a: i demand rocks|spe|1|[from] item: Salac Berry
|move|p2a: Hippowdon|Earthquake|p1a: i demand rocks
|-activate|p1a: i demand rocks|move: Substitute|[damage]
|
|-weather|Sandstorm|[upkeep]
|-damage|p1a: i demand rocks|1/100|[from] Sandstorm
|upkeep
|turn|7
|c|☆iqpweqorhqrowipe1|oh god
|
|t:|1667171420
|switch|p2a: Slowking|Slowking-Galar, M|100/100
|move|p1a: i demand rocks|Drain Punch|p2a: Slowking
|-resisted|p2a: Slowking
|-damage|p2a: Slowking|66/100
|-heal|p1a: i demand rocks|25/100|[from] drain|[of] p2a: Slowking
|
|-weather|none
|upkeep
|turn|8
|c|☆iqpweqorhqrowipe1|slight miscalulation
|
|t:|1667171428
|switch|p2a: Corviknight|Corviknight, F|100/100
|-ability|p2a: Corviknight|Pressure
|move|p1a: i demand rocks|Poison Jab|p2a: Corviknight
|-immune|p2a: Corviknight
|
|-sideend|p1: iqpweqorhqrowipe1|move: Light Screen
|upkeep
|turn|9
|
|t:|1667171436
|switch|p2a: Slowking|Slowking-Galar, M|99/100
|move|p1a: i demand rocks|Drain Punch|p2a: Slowking
|-resisted|p2a: Slowking
|-damage|p2a: Slowking|61/100
|-heal|p1a: i demand rocks|53/100|[from] drain|[of] p2a: Slowking
|
|-sideend|p1: iqpweqorhqrowipe1|Reflect
|upkeep
|turn|10
|inactive|stantlerdude63 has 120 seconds left.
|
|t:|1667171444
|switch|p2a: Corviknight|Corviknight, F|100/100
|-ability|p2a: Corviknight|Pressure
|move|p1a: i demand rocks|Poison Jab|p2a: Corviknight
|-immune|p2a: Corviknight
|
|upkeep
|turn|11
|
|t:|1667171447
|switch|p2a: Slowking|Slowking-Galar, M|94/100
|move|p1a: i demand rocks|Drain Punch|p2a: Slowking
|-resisted|p2a: Slowking
|-damage|p2a: Slowking|57/100
|-heal|p1a: i demand rocks|79/100|[from] drain|[of] p2a: Slowking
|
|upkeep
|turn|12
|
|t:|1667171450
|move|p1a: i demand rocks|Drain Punch|p2a: Slowking
|-resisted|p2a: Slowking
|-damage|p2a: Slowking|23/100
|-heal|p1a: i demand rocks|100/100|[from] drain|[of] p2a: Slowking
|move|p2a: Slowking|Future Sight|p1a: i demand rocks
|-start|p2a: Slowking|move: Future Sight
|
|upkeep
|turn|13
|
|t:|1667171459
|switch|p2a: Corviknight|Corviknight, F|100/100
|-ability|p2a: Corviknight|Pressure
|move|p1a: i demand rocks|Poison Jab|p2a: Corviknight
|-immune|p2a: Corviknight
|
|upkeep
|turn|14
|
|t:|1667171472
|move|p1a: i demand rocks|Drain Punch|p2a: Corviknight
|-damage|p2a: Corviknight|16/100
|-damage|p1a: i demand rocks|84/100|[from] item: Rocky Helmet|[of] p2a: Corviknight
|move|p2a: Corviknight|U-turn|p1a: i demand rocks
|-resisted|p1a: i demand rocks
|-activate|p1a: i demand rocks|move: Substitute|[damage]
|
|t:|1667171474
|switch|p2a: Slowking|Slowking-Galar, M|56/100|[from]move: U-turn
|
|-end|p1a: i demand rocks|move: Future Sight
|-supereffective|p1a: i demand rocks
|-crit|p1a: i demand rocks
|-end|p1a: i demand rocks|Substitute
|upkeep
|turn|15
|c|☆iqpweqorhqrowipe1|fs doesnt hit through sub?
|
|t:|1667171493
|move|p1a: i demand rocks|Substitute|p1a: i demand rocks
|-start|p1a: i demand rocks|Substitute
|-damage|p1a: i demand rocks|59/100
|move|p2a: Slowking|Future Sight|p1a: i demand rocks
|-start|p2a: Slowking|move: Future Sight
|
|upkeep
|turn|16
|
|t:|1667171501
|switch|p2a: Corviknight|Corviknight, F|16/100
|-ability|p2a: Corviknight|Pressure
|move|p1a: i demand rocks|Drain Punch|p2a: Corviknight
|-damage|p2a: Corviknight|0 fnt
|-heal|p1a: i demand rocks|70/100|[from] drain|[of] p2a: Corviknight
|-damage|p1a: i demand rocks|54/100|[from] item: Rocky Helmet|[of] p2a: Corviknight
|faint|p2a: Corviknight
|
|upkeep
|
|t:|1667171504
|switch|p2a: Slowking|Slowking-Galar, M|90/100
|turn|17
|
|t:|1667171526
|move|p1a: i demand rocks|Poison Jab|p2a: Slowking
|-resisted|p2a: Slowking
|-damage|p2a: Slowking|34/100
|move|p2a: Slowking|Flamethrower|p1a: i demand rocks
|-resisted|p1a: i demand rocks
|-activate|p1a: i demand rocks|move: Substitute|[damage]
|
|-end|p1a: i demand rocks|move: Future Sight
|-supereffective|p1a: i demand rocks
|-end|p1a: i demand rocks|Substitute
|upkeep
|turn|18
|c|☆iqpweqorhqrowipe1|no ice beam sad
|
|t:|1667171543
|move|p1a: i demand rocks|Substitute|p1a: i demand rocks
|-start|p1a: i demand rocks|Substitute
|-damage|p1a: i demand rocks|29/100
|move|p2a: Slowking|Future Sight|p1a: i demand rocks
|-start|p2a: Slowking|move: Future Sight
|
|upkeep
|turn|19
|
|t:|1667171553
|move|p1a: i demand rocks|Drain Punch|p2a: Slowking
|-resisted|p2a: Slowking
|-damage|p2a: Slowking|0 fnt
|-heal|p1a: i demand rocks|53/100|[from] drain|[of] p2a: Slowking
|faint|p2a: Slowking
|
|upkeep
|
|t:|1667171554
|switch|p2a: Hippowdon|Hippowdon, M|100/100
|-weather|Sandstorm|[from] ability: Sand Stream|[of] p2a: Hippowdon
|turn|20
|
|t:|1667171562
|move|p1a: i demand rocks|Poison Jab|p2a: Hippowdon
|-resisted|p2a: Hippowdon
|-damage|p2a: Hippowdon|69/100
|-status|p2a: Hippowdon|psn
|move|p2a: Hippowdon|Earthquake|p1a: i demand rocks
|-end|p1a: i demand rocks|Substitute
|
|-weather|Sandstorm|[upkeep]
|-damage|p1a: i demand rocks|47/100|[from] Sandstorm
|-end|p1a: i demand rocks|move: Future Sight
|-supereffective|p1a: i demand rocks
|-damage|p1a: i demand rocks|0 fnt
|faint|p1a: i demand rocks
|-heal|p2a: Hippowdon|75/100 psn|[from] item: Leftovers
|-damage|p2a: Hippowdon|62/100 psn|[from] psn
|upkeep
|
|t:|1667171573
|switch|p1a: Mew|Mew|18/100
|-damage|p1a: Mew|5/100|[from] Stealth Rock
|turn|21
|
|t:|1667171577
|move|p1a: Mew|Reflect|p1a: Mew
|-sidestart|p1: iqpweqorhqrowipe1|Reflect
|move|p2a: Hippowdon|Slack Off|p2a: Hippowdon
|-heal|p2a: Hippowdon|100/100 psn
|
|-weather|Sandstorm|[upkeep]
|-damage|p1a: Mew|0 fnt|[from] Sandstorm
|faint|p1a: Mew
|-damage|p2a: Hippowdon|88/100 psn|[from] psn
|upkeep
|
|t:|1667171587
|switch|p1a: Rillaboom|Rillaboom, F|100/100
|-damage|p1a: Rillaboom|88/100|[from] Stealth Rock
|-fieldstart|move: Grassy Terrain|[from] ability: Grassy Surge|[of] p1a: Rillaboom
|turn|22
|
|t:|1667171596
|move|p1a: Rillaboom|High Horsepower|p2a: Hippowdon
|-damage|p2a: Hippowdon|54/100 psn
|-damage|p1a: Rillaboom|78/100|[from] item: Life Orb
|move|p2a: Hippowdon|Toxic|p1a: Rillaboom|[miss]
|-miss|p2a: Hippowdon|p1a: Rillaboom
|
|-weather|Sandstorm|[upkeep]
|-damage|p1a: Rillaboom|72/100|[from] Sandstorm
|-heal|p1a: Rillaboom|78/100|[from] Grassy Terrain
|-heal|p2a: Hippowdon|60/100 psn|[from] Grassy Terrain
|-heal|p2a: Hippowdon|66/100 psn|[from] item: Leftovers
|-damage|p2a: Hippowdon|54/100 psn|[from] psn
|upkeep
|turn|23
|
|t:|1667171601
|switch|p2a: Melmetal|Melmetal|100/100
|move|p1a: Rillaboom|Grassy Glide|p2a: Melmetal
|-resisted|p2a: Melmetal
|-damage|p2a: Melmetal|80/100
|-damage|p1a: Rillaboom|68/100|[from] item: Life Orb
|
|-weather|Sandstorm|[upkeep]
|-damage|p1a: Rillaboom|62/100|[from] Sandstorm
|-heal|p1a: Rillaboom|68/100|[from] Grassy Terrain
|-heal|p2a: Melmetal|86/100|[from] Grassy Terrain
|upkeep
|turn|24
|
|t:|1667171612
|move|p1a: Rillaboom|Knock Off|p2a: Melmetal
|-damage|p2a: Melmetal|58/100
|-enditem|p2a: Melmetal|Protective Pads|[from] move: Knock Off|[of] p1a: Rillaboom
|-damage|p1a: Rillaboom|58/100|[from] item: Life Orb
|move|p2a: Melmetal|Double Iron Bash|p1a: Rillaboom
|-damage|p1a: Rillaboom|38/100
|-crit|p1a: Rillaboom
|-damage|p1a: Rillaboom|0 fnt
|faint|p1a: Rillaboom
|-hitcount|p1: Rillaboom|2
|
|-weather|none
|-heal|p2a: Melmetal|64/100|[from] Grassy Terrain
|upkeep
|c|☆iqpweqorhqrowipe1|big damage
|
|t:|1667171626
|switch|p1a: Zapdos|Zapdos|100/100
|turn|25
|
|t:|1667171637
|switch|p1a: Urshifu|Urshifu-Rapid-Strike, M|100/100
|-damage|p1a: Urshifu|94/100|[from] Stealth Rock
|move|p2a: Melmetal|Protect||[still]
|-fail|p2a: Melmetal
|
|-heal|p1a: Urshifu|100/100|[from] Grassy Terrain
|-heal|p2a: Melmetal|71/100|[from] Grassy Terrain
|upkeep
|turn|26
|
|t:|1667171649
|move|p1a: Urshifu|Close Combat|p2a: Melmetal
|-supereffective|p2a: Melmetal
|-damage|p2a: Melmetal|0 fnt
|-unboost|p1a: Urshifu|def|1
|-unboost|p1a: Urshifu|spd|1
|faint|p2a: Melmetal
|
|-fieldend|move: Grassy Terrain
|upkeep
|
|t:|1667171654
|switch|p2a: Tapu Koko|Tapu Koko|100/100
|-fieldstart|move: Electric Terrain|[from] ability: Electric Surge|[of] p2a: Tapu Koko
|turn|27
|c|☆iqpweqorhqrowipe1|yo melm actually died
|
|t:|1667171665
|switch|p1a: Zapdos|Zapdos|100/100
|move|p2a: Tapu Koko|Thunderbolt|p1a: Zapdos
|-damage|p1a: Zapdos|50/100
|
|upkeep
|turn|28
|
|t:|1667171669
|move|p2a: Tapu Koko|Thunderbolt|p1a: Zapdos
|-damage|p1a: Zapdos|6/100
|move|p1a: Zapdos|Roost|p1a: Zapdos
|-heal|p1a: Zapdos|56/100
|-singleturn|p1a: Zapdos|move: Roost
|
|-sideend|p1: iqpweqorhqrowipe1|Reflect
|upkeep
|turn|29
|
|t:|1667171672
|move|p2a: Tapu Koko|U-turn|p1a: Zapdos
|-resisted|p1a: Zapdos
|-damage|p1a: Zapdos|50/100
|
|t:|1667171673
|switch|p2a: Hippowdon|Hippowdon, M|54/100 psn|[from]move: U-turn
|-weather|Sandstorm|[from] ability: Sand Stream|[of] p2a: Hippowdon
|move|p1a: Zapdos|Roost|p1a: Zapdos
|-heal|p1a: Zapdos|100/100
|-singleturn|p1a: Zapdos|move: Roost
|
|-weather|Sandstorm|[upkeep]
|-damage|p1a: Zapdos|94/100|[from] Sandstorm
|-heal|p2a: Hippowdon|60/100 psn|[from] item: Leftovers
|-damage|p2a: Hippowdon|48/100 psn|[from] psn
|upkeep
|turn|30
|
|t:|1667171680
|move|p1a: Zapdos|Defog|p2a: Hippowdon
|-unboost|p2a: Hippowdon|evasion|1
|-sideend|p1: iqpweqorhqrowipe1|Stealth Rock|[from] move: Defog|[of] p1a: Zapdos
|-fieldend|move: Electric Terrain
|move|p2a: Hippowdon|Toxic|p1a: Zapdos
|-status|p1a: Zapdos|tox
|
|-weather|Sandstorm|[upkeep]
|-damage|p1a: Zapdos|88/100 tox|[from] Sandstorm
|-heal|p2a: Hippowdon|54/100 psn|[from] item: Leftovers
|-damage|p1a: Zapdos|82/100 tox|[from] psn
|-damage|p2a: Hippowdon|41/100 psn|[from] psn
|upkeep
|turn|31
|
|t:|1667171687
|switch|p1a: Urshifu|Urshifu-Rapid-Strike, M|100/100
|switch|p2a: Tapu Koko|Tapu Koko|100/100
|-fieldstart|move: Electric Terrain|[from] ability: Electric Surge|[of] p2a: Tapu Koko
|
|-weather|Sandstorm|[upkeep]
|-damage|p2a: Tapu Koko|94/100|[from] Sandstorm
|-damage|p1a: Urshifu|94/100|[from] Sandstorm
|upkeep
|turn|32
|
|t:|1667171693
|switch|p1a: Heatran|Heatran, F|100/100
|move|p2a: Tapu Koko|Thunderbolt|p1a: Heatran
|-damage|p1a: Heatran|70/100
|
|-weather|Sandstorm|[upkeep]
|-damage|p2a: Tapu Koko|88/100|[from] Sandstorm
|-heal|p1a: Heatran|76/100|[from] item: Leftovers
|upkeep
|turn|33
|
|t:|1667171699
|switch|p2a: Rotom|Rotom-Wash|100/100
|move|p1a: Heatran|Toxic|p2a: Rotom
|-status|p2a: Rotom|tox
|
|-weather|none
|-heal|p1a: Heatran|83/100|[from] item: Leftovers
|-damage|p2a: Rotom|95/100 tox|[from] psn
|upkeep
|turn|34
|
|t:|1667171715
|move|p2a: Rotom|Hydro Pump|p1a: Heatran
|-supereffective|p1a: Heatran
|-damage|p1a: Heatran|38/100
|move|p1a: Heatran|Magma Storm|p2a: Rotom|[miss]
|-miss|p1a: Heatran|p2a: Rotom
|
|-heal|p2a: Rotom|100/100 tox|[from] item: Leftovers
|-heal|p1a: Heatran|45/100|[from] item: Leftovers
|-damage|p2a: Rotom|89/100 tox|[from] psn
|upkeep
|turn|35
|inactive|iqpweqorhqrowipe1 has 120 seconds left.
|c|☆iqpweqorhqrowipe1|if only i could beat koko
|
|t:|1667171762
|switch|p1a: Urshifu|Urshifu-Rapid-Strike, M|94/100
|move|p2a: Rotom|Volt Switch|p1a: Urshifu
|-supereffective|p1a: Urshifu
|-damage|p1a: Urshifu|18/100
|
|t:|1667171764
|switch|p2a: Tapu Koko|Tapu Koko|88/100|[from]move: Volt Switch
|
|-fieldend|move: Electric Terrain
|upkeep
|turn|36
|
|t:|1667171770
|move|p2a: Tapu Koko|Thunderbolt|p1a: Urshifu
|-supereffective|p1a: Urshifu
|-damage|p1a: Urshifu|0 fnt
|faint|p1a: Urshifu
|
|upkeep
|
|t:|1667171773
|switch|p1a: Zapdos|Zapdos|82/100 tox
|turn|37
|
|t:|1667171775
|move|p2a: Tapu Koko|U-turn|p1a: Zapdos
|-resisted|p1a: Zapdos
|-damage|p1a: Zapdos|76/100 tox
|
|t:|1667171777
|switch|p2a: Hippowdon|Hippowdon, M|41/100 psn|[from]move: U-turn
|-weather|Sandstorm|[from] ability: Sand Stream|[of] p2a: Hippowdon
|move|p1a: Zapdos|Volt Switch|p2a: Hippowdon
|-immune|p2a: Hippowdon
|
|-weather|Sandstorm|[upkeep]
|-damage|p1a: Zapdos|70/100 tox|[from] Sandstorm
|-heal|p2a: Hippowdon|48/100 psn|[from] item: Leftovers
|-damage|p1a: Zapdos|64/100 tox|[from] psn
|-damage|p2a: Hippowdon|35/100 psn|[from] psn
|upkeep
|turn|38
|
|t:|1667171780
|move|p1a: Zapdos|Roost|p1a: Zapdos
|-heal|p1a: Zapdos|100/100 tox
|-singleturn|p1a: Zapdos|move: Roost
|move|p2a: Hippowdon|Slack Off|p2a: Hippowdon
|-heal|p2a: Hippowdon|85/100 psn
|
|-weather|Sandstorm|[upkeep]
|-damage|p1a: Zapdos|94/100 tox|[from] Sandstorm
|-heal|p2a: Hippowdon|91/100 psn|[from] item: Leftovers
|-damage|p1a: Zapdos|82/100 tox|[from] psn
|-damage|p2a: Hippowdon|79/100 psn|[from] psn
|upkeep
|turn|39
|-message|iqpweqorhqrowipe1 forfeited.
|
|win|stantlerdude63
