|j|☆GalarianN00b2
|j|☆Candice
|t:|1639840222
|gametype|singles
|player|p1|GalarianN00b2|ethan|1556
|player|p2|Candice|madame-gen4dp|1639
|teamsize|p1|6
|teamsize|p2|6
|gen|8
|tier|[Gen 8] OU
|rated|
|rule|Sleep Clause Mod: Limit one foe put to sleep
|rule|Species Clause: Limit one of each Pokémon
|rule|OHKO Clause: OHKO moves are banned
|rule|Evasion Moves Clause: Evasion moves are banned
|rule|Endless Battle Clause: Forcing endless battles is banned
|rule|HP Percentage Mod: HP is shown in percentages
|rule|Dynamax Clause: You cannot dynamax
|clearpoke
|poke|p1|Pelipper, F|
|poke|p1|Kingdra, F|
|poke|p1|Seismitoad, M|
|poke|p1|Tapu Koko|
|poke|p1|Hawlucha, M|
|poke|p1|Moltres-Galar|
|poke|p2|Landorus-Therian, M|
|poke|p2|Tornadus-Therian, M|
|poke|p2|Urshifu-*, M|
|poke|p2|Tyranitar, M|
|poke|p2|Excadrill, F|
|poke|p2|Ferrothorn, F|
|teampreview
|inactive|Battle timer is ON: inactive players will automatically lose when time's up. (requested by GalarianN00b2)
|
|t:|1639840231
|start
|switch|p1a: Tapu Koko|Tapu Koko|100/100
|switch|p2a: Tyranitar|Tyranitar, M|100/100
|-fieldstart|move: Electric Terrain|[from] ability: Electric Surge|[of] p1a: Tapu Koko
|-weather|Sandstorm|[from] ability: Sand Stream|[of] p2a: Tyranitar
|turn|1
|
|t:|1639840237
|move|p1a: Tapu Koko|Taunt|p2a: Tyranitar
|-start|p2a: Tyranitar|move: Taunt
|cant|p2a: Tyranitar|move: Taunt|Stealth Rock
|
|-weather|Sandstorm|[upkeep]
|-damage|p1a: Tapu Koko|94/100|[from] Sandstorm
|upkeep
|turn|2
|
|t:|1639840243
|move|p1a: Tapu Koko|Reflect|p1a: Tapu Koko
|-sidestart|p1: GalarianN00b2|Reflect
|move|p2a: Tyranitar|Rock Blast|p1a: Tapu Koko
|-damage|p1a: Tapu Koko|88/100
|-damage|p1a: Tapu Koko|81/100
|-damage|p1a: Tapu Koko|75/100
|-damage|p1a: Tapu Koko|68/100
|-damage|p1a: Tapu Koko|62/100
|-hitcount|p1a: Tapu Koko|5
|
|-weather|Sandstorm|[upkeep]
|-damage|p1a: Tapu Koko|56/100|[from] Sandstorm
|upkeep
|turn|3
|
|t:|1639840254
|move|p1a: Tapu Koko|Light Screen|p1a: Tapu Koko
|-sidestart|p1: GalarianN00b2|move: Light Screen
|move|p2a: Tyranitar|Earthquake|p1a: Tapu Koko
|-supereffective|p1a: Tapu Koko
|-damage|p1a: Tapu Koko|22/100
|
|-weather|Sandstorm|[upkeep]
|-damage|p1a: Tapu Koko|16/100|[from] Sandstorm
|-end|p2a: Tyranitar|move: Taunt
|upkeep
|turn|4
|
|t:|1639840261
|move|p1a: Tapu Koko|Taunt|p2a: Tyranitar
|-start|p2a: Tyranitar|move: Taunt
|cant|p2a: Tyranitar|move: Taunt|Stealth Rock
|
|-weather|Sandstorm|[upkeep]
|-damage|p1a: Tapu Koko|10/100|[from] Sandstorm
|upkeep
|turn|5
|
|t:|1639840266
|move|p1a: Tapu Koko|U-turn|p2a: Tyranitar
|-supereffective|p2a: Tyranitar
|-damage|p2a: Tyranitar|71/100
|
|t:|1639840269
|switch|p1a: Hawlucha|Hawlucha, M|100/100|[from]move: U-turn
|-enditem|p1a: Hawlucha|Electric Seed
|-boost|p1a: Hawlucha|def|1|[from] item: Electric Seed
|move|p2a: Tyranitar|Rock Blast|p1a: Hawlucha
|-damage|p1a: Hawlucha|95/100
|-damage|p1a: Hawlucha|90/100
|-hitcount|p1a: Hawlucha|2
|
|-weather|Sandstorm|[upkeep]
|-damage|p1a: Hawlucha|84/100|[from] Sandstorm
|-fieldend|move: Electric Terrain
|upkeep
|turn|6
|
|t:|1639840288
|switch|p2a: Tornadus|Tornadus-Therian, M|100/100
|move|p1a: Hawlucha|Swords Dance|p1a: Hawlucha
|-boost|p1a: Hawlucha|atk|2
|
|-weather|Sandstorm|[upkeep]
|-damage|p1a: Hawlucha|78/100|[from] Sandstorm
|-damage|p2a: Tornadus|94/100|[from] Sandstorm
|upkeep
|turn|7
|
|t:|1639840295
|move|p1a: Hawlucha|Acrobatics|p2a: Tornadus
|-damage|p2a: Tornadus|0 fnt
|faint|p2a: Tornadus
|
|-weather|Sandstorm|[upkeep]
|-damage|p1a: Hawlucha|72/100|[from] Sandstorm
|upkeep
|
|t:|1639840302
|switch|p2a: Landorus|Landorus-Therian, M|100/100
|-ability|p2a: Landorus|Intimidate|boost
|-unboost|p1a: Hawlucha|atk|1
|turn|8
|
|t:|1639840307
|move|p1a: Hawlucha|Swords Dance|p1a: Hawlucha
|-boost|p1a: Hawlucha|atk|2
|move|p2a: Landorus|Stone Edge|p1a: Hawlucha
|-damage|p1a: Hawlucha|53/100
|
|-weather|none
|upkeep
|turn|9
|
|t:|1639840313
|switch|p2a: Tyranitar|Tyranitar, M|71/100
|-weather|Sandstorm|[from] ability: Sand Stream|[of] p2a: Tyranitar
|move|p1a: Hawlucha|Acrobatics|p2a: Tyranitar
|-resisted|p2a: Tyranitar
|-damage|p2a: Tyranitar|21/100
|
|-weather|Sandstorm|[upkeep]
|-damage|p1a: Hawlucha|47/100|[from] Sandstorm
|-sideend|p1: GalarianN00b2|Reflect
|upkeep
|turn|10
|
|t:|1639840322
|switch|p2a: Ferrothorn|Ferrothorn, F|100/100
|move|p1a: Hawlucha|Acrobatics|p2a: Ferrothorn
|-damage|p2a: Ferrothorn|32/100
|-damage|p1a: Hawlucha|35/100|[from] ability: Iron Barbs|[of] p2a: Ferrothorn
|
|-weather|Sandstorm|[upkeep]
|-damage|p1a: Hawlucha|29/100|[from] Sandstorm
|-heal|p2a: Ferrothorn|39/100|[from] item: Leftovers
|-sideend|p1: GalarianN00b2|move: Light Screen
|upkeep
|turn|11
|
|t:|1639840333
|move|p1a: Hawlucha|Acrobatics|p2a: Ferrothorn
|-damage|p2a: Ferrothorn|0 fnt
|-damage|p1a: Hawlucha|16/100|[from] ability: Iron Barbs|[of] p2a: Ferrothorn
|faint|p2a: Ferrothorn
|
|-weather|Sandstorm|[upkeep]
|-damage|p1a: Hawlucha|10/100|[from] Sandstorm
|upkeep
|
|t:|1639840336
|switch|p2a: Urshifu|Urshifu-Rapid-Strike, M|100/100
|turn|12
|j| Roiman980
|
|t:|1639840342
|switch|p1a: Pelipper|Pelipper, F|100/100
|-weather|RainDance|[from] ability: Drizzle|[of] p1a: Pelipper
|move|p2a: Urshifu|Aqua Jet|p1a: Pelipper
|-resisted|p1a: Pelipper
|-damage|p1a: Pelipper|83/100
|
|-weather|RainDance|[upkeep]
|upkeep
|turn|13
|
|t:|1639840350
|switch|p2a: Tyranitar|Tyranitar, M|21/100
|-weather|Sandstorm|[from] ability: Sand Stream|[of] p2a: Tyranitar
|move|p1a: Pelipper|U-turn|p2a: Tyranitar
|-supereffective|p2a: Tyranitar
|-damage|p2a: Tyranitar|6/100
|
|t:|1639840356
|switch|p1a: Kingdra|Kingdra, F|100/100|[from]move: U-turn
|
|-weather|Sandstorm|[upkeep]
|-damage|p1a: Kingdra|94/100|[from] Sandstorm
|upkeep
|turn|14
|
|t:|1639840369
|switch|p2a: Urshifu|Urshifu-Rapid-Strike, M|100/100
|move|p1a: Kingdra|Surf|p2a: Urshifu
|-resisted|p2a: Urshifu
|-damage|p2a: Urshifu|57/100
|
|-weather|Sandstorm|[upkeep]
|-damage|p2a: Urshifu|51/100|[from] Sandstorm
|-damage|p1a: Kingdra|88/100|[from] Sandstorm
|upkeep
|turn|15
|j| whatdoiclick
|
|t:|1639840379
|switch|p1a: Hawlucha|Hawlucha, M|10/100
|move|p2a: Urshifu|Close Combat|p1a: Hawlucha
|-resisted|p1a: Hawlucha
|-damage|p1a: Hawlucha|0 fnt
|-unboost|p2a: Urshifu|def|1
|-unboost|p2a: Urshifu|spd|1
|faint|p1a: Hawlucha
|
|-weather|Sandstorm|[upkeep]
|-damage|p2a: Urshifu|44/100|[from] Sandstorm
|upkeep
|
|t:|1639840390
|switch|p1a: Pelipper|Pelipper, F|83/100
|-weather|RainDance|[from] ability: Drizzle|[of] p1a: Pelipper
|turn|16
|
|t:|1639840399
|switch|p2a: Tyranitar|Tyranitar, M|6/100
|-weather|Sandstorm|[from] ability: Sand Stream|[of] p2a: Tyranitar
|move|p1a: Pelipper|U-turn|p2a: Tyranitar
|-supereffective|p2a: Tyranitar
|-damage|p2a: Tyranitar|0 fnt
|faint|p2a: Tyranitar
|
|t:|1639840411
|switch|p1a: Tapu Koko|Tapu Koko|10/100|[from]move: U-turn
|-fieldstart|move: Electric Terrain|[from] ability: Electric Surge|[of] p1a: Tapu Koko
|
|-weather|Sandstorm|[upkeep]
|-damage|p1a: Tapu Koko|3/100|[from] Sandstorm
|upkeep
|
|t:|1639840417
|switch|p2a: Excadrill|Excadrill, F|100/100
|turn|17
|
|t:|1639840422
|switch|p1a: Pelipper|Pelipper, F|83/100
|-weather|RainDance|[from] ability: Drizzle|[of] p1a: Pelipper
|move|p2a: Excadrill|Iron Head|p1a: Pelipper
|-resisted|p1a: Pelipper
|-damage|p1a: Pelipper|66/100
|
|-weather|RainDance|[upkeep]
|upkeep
|turn|18
|j| AndreThaGiiant
|
|t:|1639840432
|move|p2a: Excadrill|Toxic|p1a: Pelipper|[miss]
|-miss|p2a: Excadrill|p1a: Pelipper
|move|p1a: Pelipper|U-turn|p2a: Excadrill
|-resisted|p2a: Excadrill
|-damage|p2a: Excadrill|94/100
|l| whatdoiclick
|
|t:|1639840437
|switch|p1a: Kingdra|Kingdra, F|88/100|[from]move: U-turn
|
|-weather|RainDance|[upkeep]
|-heal|p2a: Excadrill|99/100|[from] item: Leftovers
|upkeep
|turn|19
|
|t:|1639840442
|move|p1a: Kingdra|Surf|p2a: Excadrill
|-supereffective|p2a: Excadrill
|-damage|p2a: Excadrill|0 fnt
|faint|p2a: Excadrill
|
|-weather|RainDance|[upkeep]
|upkeep
|
|t:|1639840445
|switch|p2a: Urshifu|Urshifu-Rapid-Strike, M|44/100
|turn|20
|
|t:|1639840449
|move|p1a: Kingdra|Surf|p2a: Urshifu
|-resisted|p2a: Urshifu
|-damage|p2a: Urshifu|0 fnt
|faint|p2a: Urshifu
|
|-weather|RainDance|[upkeep]
|-fieldend|move: Electric Terrain
|upkeep
|
|t:|1639840450
|switch|p2a: Landorus|Landorus-Therian, M|100/100
|-ability|p2a: Landorus|Intimidate|boost
|-unboost|p1a: Kingdra|atk|1
|turn|21
|
|t:|1639840456
|move|p1a: Kingdra|Surf|p2a: Landorus
|-supereffective|p2a: Landorus
|-damage|p2a: Landorus|0 fnt
|faint|p2a: Landorus
|
|win|GalarianN00b2
|raw|GalarianN00b2's rating: 1556 &rarr; <strong>1581</strong><br />(+25 for winning)
|raw|Candice's rating: 1639 &rarr; <strong>1614</strong><br />(-25 for losing)
|l|☆Candice
