|j|☆Princessjosie
|j|☆ultimategoogolplex
|t:|1668146515
|gametype|singles
|player|p1|Princessjosie|caitlin|1589
|player|p2|ultimategoogolplex|265|1728
|teamsize|p1|6
|teamsize|p2|6
|gen|8
|tier|[Gen 8] OU
|rated|
|rule|Sleep Clause Mod: Limit one foe put to sleep
|rule|Species Clause: Limit one of each Pokémon
|rule|OHKO Clause: OHKO moves are banned
|rule|Evasion Items Clause: Evasion items are banned
|rule|Evasion Moves Clause: Evasion moves are banned
|rule|Endless Battle Clause: Forcing endless battles is banned
|rule|HP Percentage Mod: HP is shown in percentages
|rule|Dynamax Clause: You cannot dynamax
|clearpoke
|poke|p1|Espeon, M|
|poke|p1|Polteageist|
|poke|p1|Cloyster, F|
|poke|p1|Xatu, F|
|poke|p1|Blaziken, M|
|poke|p1|Omastar, F|
|poke|p2|Weavile, F|
|poke|p2|Volcanion|
|poke|p2|Zapdos|
|poke|p2|Landorus-Therian, M|
|poke|p2|Kartana|
|poke|p2|Melmetal|
|teampreview
|inactive|Battle timer is ON: inactive players will automatically lose when time's up. (requested by ultimategoogolplex)
|inactive|ultimategoogolplex has 120 seconds left.
|
|t:|1668146550
|start
|switch|p1a: Espeon|Espeon, M|100/100
|switch|p2a: Weavile|Weavile, F|100/100
|-ability|p2a: Weavile|Pressure
|turn|1
|
|t:|1668146563
|move|p1a: Espeon|Dazzling Gleam|p2a: Weavile
|-supereffective|p2a: Weavile
|-damage|p2a: Weavile|11/100
|move|p2a: Weavile|Knock Off|p1a: Espeon
|-supereffective|p1a: Espeon
|-damage|p1a: Espeon|0 fnt
|-enditem|p1a: Espeon|Choice Scarf|[from] move: Knock Off|[of] p2a: Weavile
|faint|p1a: Espeon
|
|upkeep
|
|t:|1668146573
|switch|p1a: Cloyster|Cloyster, F|100/100
|turn|2
|
|t:|1668146590
|switch|p2a: Melmetal|Melmetal|100/100
|move|p1a: Cloyster|Shell Smash|p1a: Cloyster
|-unboost|p1a: Cloyster|def|1
|-unboost|p1a: Cloyster|spd|1
|-boost|p1a: Cloyster|atk|2
|-boost|p1a: Cloyster|spa|2
|-boost|p1a: Cloyster|spe|2
|
|upkeep
|turn|3
|
|t:|1668146598
|move|p1a: Cloyster|Icicle Spear|p2a: Melmetal
|-resisted|p2a: Melmetal
|-damage|p2a: Melmetal|94/100
|-resisted|p2a: Melmetal
|-damage|p2a: Melmetal|88/100
|-resisted|p2a: Melmetal
|-damage|p2a: Melmetal|81/100
|-resisted|p2a: Melmetal
|-damage|p2a: Melmetal|75/100
|-resisted|p2a: Melmetal
|-damage|p2a: Melmetal|68/100
|-hitcount|p2a: Melmetal|5
|move|p2a: Melmetal|Double Iron Bash|p1a: Cloyster
|-damage|p1a: Cloyster|46/100
|-damage|p1a: Cloyster|0 fnt
|faint|p1a: Cloyster
|-hitcount|p1: Cloyster|2
|
|upkeep
|
|t:|1668146611
|switch|p1a: Xatu|Xatu, F|100/100
|turn|4
|
|t:|1668146615
|move|p1a: Xatu|Trick|p2a: Melmetal
|-activate|p1a: Xatu|move: Trick|[of] p2a: Melmetal
|-item|p2a: Melmetal|Choice Scarf|[from] move: Trick
|-item|p1a: Xatu|Assault Vest|[from] move: Trick
|move|p2a: Melmetal|Double Iron Bash|p1a: Xatu
|-damage|p1a: Xatu|33/100
|-damage|p1a: Xatu|0 fnt
|faint|p1a: Xatu
|-hitcount|p1: Xatu|2
|
|upkeep
|
|t:|1668146626
|switch|p1a: Blaziken|Blaziken, M|100/100
|turn|5
|j| Pokemon Perfection
|
|t:|1668146633
|switch|p2a: Landorus|Landorus-Therian, M|100/100
|-ability|p2a: Landorus|Intimidate|boost
|-unboost|p1a: Blaziken|atk|1
|move|p1a: Blaziken|Swords Dance|p1a: Blaziken
|-boost|p1a: Blaziken|atk|2
|
|-ability|p1a: Blaziken|Speed Boost|boost
|-boost|p1a: Blaziken|spe|1
|upkeep
|turn|6
|
|t:|1668146641
|move|p1a: Blaziken|Swords Dance|p1a: Blaziken
|-boost|p1a: Blaziken|atk|2
|move|p2a: Landorus|Earthquake|p1a: Blaziken
|-supereffective|p1a: Blaziken
|-enditem|p1a: Blaziken|Focus Sash
|-damage|p1a: Blaziken|1/100
|
|-ability|p1a: Blaziken|Speed Boost|boost
|-boost|p1a: Blaziken|spe|1
|upkeep
|turn|7
|
|t:|1668146654
|switch|p2a: Melmetal|Melmetal|68/100
|move|p1a: Blaziken|Close Combat|p2a: Melmetal
|-supereffective|p2a: Melmetal
|-damage|p2a: Melmetal|0 fnt
|-unboost|p1a: Blaziken|def|1
|-unboost|p1a: Blaziken|spd|1
|faint|p2a: Melmetal
|
|-ability|p1a: Blaziken|Speed Boost|boost
|-boost|p1a: Blaziken|spe|1
|upkeep
|
|t:|1668146658
|switch|p2a: Weavile|Weavile, F|11/100
|-ability|p2a: Weavile|Pressure
|turn|8
|
|t:|1668146666
|move|p2a: Weavile|Ice Shard|p1a: Blaziken
|-resisted|p1a: Blaziken
|-damage|p1a: Blaziken|0 fnt
|faint|p1a: Blaziken
|
|upkeep
|
|t:|1668146670
|switch|p1a: Omastar|Omastar, F|100/100
|turn|9
|l| Pokemon Perfection
|
|t:|1668146680
|switch|p2a: Kartana|Kartana|100/100
|move|p1a: Omastar|Shell Smash|p1a: Omastar
|-unboost|p1a: Omastar|def|1
|-unboost|p1a: Omastar|spd|1
|-boost|p1a: Omastar|atk|2
|-boost|p1a: Omastar|spa|2
|-boost|p1a: Omastar|spe|2
|
|upkeep
|turn|10
|
|t:|1668146688
|move|p2a: Kartana|Leaf Blade|p1a: Omastar
|-supereffective|p1a: Omastar
|-enditem|p1a: Omastar|Focus Sash
|-damage|p1a: Omastar|1/100
|-ability|p1a: Omastar|Weak Armor|boost
|-unboost|p1a: Omastar|def|1
|-boost|p1a: Omastar|spe|2
|move|p1a: Omastar|Ice Beam|p2a: Kartana
|-damage|p2a: Kartana|0 fnt
|faint|p2a: Kartana
|
|upkeep
|
|t:|1668146698
|switch|p2a: Weavile|Weavile, F|11/100
|-ability|p2a: Weavile|Pressure
|turn|11
|
|t:|1668146702
|move|p2a: Weavile|Ice Shard|p1a: Omastar
|-resisted|p1a: Omastar
|-damage|p1a: Omastar|0 fnt
|faint|p1a: Omastar
|
|upkeep
|
|t:|1668146706
|switch|p1a: Polteageist|Polteageist|100/100
|turn|12
|
|t:|1668146709
|switch|p2a: Landorus|Landorus-Therian, M|100/100
|-ability|p2a: Landorus|Intimidate|boost
|-unboost|p1a: Polteageist|atk|1
|move|p1a: Polteageist|Shell Smash|p1a: Polteageist
|-unboost|p1a: Polteageist|def|1
|-unboost|p1a: Polteageist|spd|1
|-boost|p1a: Polteageist|atk|2
|-boost|p1a: Polteageist|spa|2
|-boost|p1a: Polteageist|spe|2
|
|upkeep
|turn|13
|
|t:|1668146718
|move|p1a: Polteageist|Stored Power|p2a: Landorus
|-damage|p2a: Landorus|8/100
|move|p2a: Landorus|Earthquake|p1a: Polteageist
|-enditem|p1a: Polteageist|Focus Sash
|-damage|p1a: Polteageist|1/100
|-ability|p1a: Polteageist|Weak Armor|boost
|-unboost|p1a: Polteageist|def|1
|-boost|p1a: Polteageist|spe|2
|
|-heal|p2a: Landorus|14/100|[from] item: Leftovers
|upkeep
|turn|14
|-message|Princessjosie forfeited.
|
|win|ultimategoogolplex
|raw|Princessjosie's rating: 1589 &rarr; <strong>1577</strong><br />(-12 for losing)
|raw|ultimategoogolplex's rating: 1728 &rarr; <strong>1740</strong><br />(+12 for winning)
|l|☆Princessjosie
|c|☆ultimategoogolplex|gg
