|j|☆hmimed97
|j|☆Corumba
|t:|1648900111
|gametype|singles
|player|p1|hmimed97|101|1711
|player|p2|Corumba|102|1879
|teamsize|p1|6
|teamsize|p2|6
|gen|8
|tier|[Gen 8] OU
|rated|
|rule|Sleep Clause Mod: Limit one foe put to sleep
|rule|Species Clause: Limit one of each Pokémon
|rule|OHKO Clause: OHKO moves are banned
|rule|Evasion Moves Clause: Evasion moves are banned
|rule|Endless Battle Clause: Forcing endless battles is banned
|rule|HP Percentage Mod: HP is shown in percentages
|rule|Dynamax Clause: You cannot dynamax
|clearpoke
|poke|p1|Tapu Lele|
|poke|p1|Kartana|
|poke|p1|Toxapex, M|
|poke|p1|Landorus-Therian, M|
|poke|p1|Magnezone|
|poke|p1|Mandibuzz, F|
|poke|p2|Barbaracle, F|
|poke|p2|Dragapult, M|
|poke|p2|Blaziken, F|
|poke|p2|Shuckle, F|
|poke|p2|Toxtricity, M|
|poke|p2|Mimikyu, M|
|teampreview
|inactive|Battle timer is ON: inactive players will automatically lose when time's up. (requested by Corumba)
|
|t:|1648900137
|start
|switch|p1a: Landorus|Landorus-Therian, M|100/100
|switch|p2a: Shuckle|Shuckle, F|100/100
|-ability|p1a: Landorus|Intimidate|boost
|-unboost|p2a: Shuckle|atk|1
|turn|1
|
|t:|1648900143
|move|p1a: Landorus|U-turn|p2a: Shuckle
|-damage|p2a: Shuckle|89/100
|-damage|p1a: Landorus|84/100|[from] item: Rocky Helmet|[of] p2a: Shuckle
|
|t:|1648900147
|switch|p1a: Kartana|Kartana|100/100|[from]move: U-turn
|move|p2a: Shuckle|Sticky Web|p1a: Kartana
|-sidestart|p1: hmimed97|move: Sticky Web
|
|upkeep
|turn|2
|
|t:|1648900152
|move|p1a: Kartana|Smart Strike|p2a: Shuckle
|-supereffective|p2a: Shuckle
|-damage|p2a: Shuckle|15/100
|-damage|p1a: Kartana|84/100|[from] item: Rocky Helmet|[of] p2a: Shuckle
|move|p2a: Shuckle|Stealth Rock|p1a: Kartana
|-sidestart|p1: hmimed97|move: Stealth Rock
|
|upkeep
|turn|3
|
|t:|1648900162
|move|p1a: Kartana|Smart Strike|p2a: Shuckle
|-supereffective|p2a: Shuckle
|-damage|p2a: Shuckle|0 fnt
|-damage|p1a: Kartana|67/100|[from] item: Rocky Helmet|[of] p2a: Shuckle
|faint|p2a: Shuckle
|-ability|p1a: Kartana|Beast Boost|boost
|-boost|p1a: Kartana|atk|1
|
|upkeep
|
|t:|1648900176
|switch|p2a: Blaziken|Blaziken, F|100/100
|turn|4
|
|t:|1648900181
|move|p1a: Kartana|Smart Strike|p2a: Blaziken
|-resisted|p2a: Blaziken
|-damage|p2a: Blaziken|32/100
|move|p2a: Blaziken|Swords Dance|p2a: Blaziken
|-boost|p2a: Blaziken|atk|2
|
|-heal|p2a: Blaziken|38/100|[from] item: Leftovers
|-ability|p2a: Blaziken|Speed Boost|boost
|-boost|p2a: Blaziken|spe|1
|upkeep
|turn|5
|
|t:|1648900193
|switch|p1a: Toxapex|Toxapex, M|100/100
|-activate|p1a: Toxapex|move: Sticky Web
|-unboost|p1a: Toxapex|spe|1
|-damage|p1a: Toxapex|88/100|[from] Stealth Rock
|move|p2a: Blaziken|Flare Blitz|p1a: Toxapex
|-resisted|p1a: Toxapex
|-damage|p1a: Toxapex|50/100
|-damage|p2a: Blaziken|27/100|[from] Recoil
|-enditem|p1a: Toxapex|Eject Button
|
|t:|1648900207
|switch|p1a: Landorus|Landorus-Therian, M|84/100
|-damage|p1a: Landorus|72/100|[from] Stealth Rock
|-ability|p1a: Landorus|Intimidate|boost
|-unboost|p2a: Blaziken|atk|1
|
|-heal|p2a: Blaziken|33/100|[from] item: Leftovers
|-heal|p1a: Landorus|78/100|[from] item: Leftovers
|-ability|p2a: Blaziken|Speed Boost|boost
|-boost|p2a: Blaziken|spe|1
|upkeep
|turn|6
|j| Randbats enjoyer
|
|t:|1648900217
|switch|p1a: Toxapex|Toxapex, M|83/100
|-activate|p1a: Toxapex|move: Sticky Web
|-unboost|p1a: Toxapex|spe|1
|-damage|p1a: Toxapex|70/100|[from] Stealth Rock
|move|p2a: Blaziken|Flare Blitz|p1a: Toxapex
|-resisted|p1a: Toxapex
|-damage|p1a: Toxapex|43/100
|-status|p1a: Toxapex|brn
|-damage|p2a: Blaziken|25/100|[from] Recoil
|
|-heal|p2a: Blaziken|31/100|[from] item: Leftovers
|-damage|p1a: Toxapex|37/100 brn|[from] brn
|-ability|p2a: Blaziken|Speed Boost|boost
|-boost|p2a: Blaziken|spe|1
|upkeep
|turn|7
|
|t:|1648900234
|move|p2a: Blaziken|Thunder Punch|p1a: Toxapex
|-supereffective|p1a: Toxapex
|-damage|p1a: Toxapex|0 fnt
|faint|p1a: Toxapex
|
|-heal|p2a: Blaziken|37/100|[from] item: Leftovers
|-ability|p2a: Blaziken|Speed Boost|boost
|-boost|p2a: Blaziken|spe|1
|upkeep
|
|t:|1648900241
|switch|p1a: Landorus|Landorus-Therian, M|78/100
|-damage|p1a: Landorus|65/100|[from] Stealth Rock
|-ability|p1a: Landorus|Intimidate|boost
|-unboost|p2a: Blaziken|atk|1
|turn|8
|
|t:|1648900254
|move|p2a: Blaziken|Swords Dance|p2a: Blaziken
|-boost|p2a: Blaziken|atk|2
|move|p1a: Landorus|Earthquake|p2a: Blaziken
|-supereffective|p2a: Blaziken
|-damage|p2a: Blaziken|0 fnt
|faint|p2a: Blaziken
|
|-heal|p1a: Landorus|71/100|[from] item: Leftovers
|upkeep
|
|t:|1648900263
|switch|p2a: BAARRBARRICCCC|Barbaracle, F|100/100
|-item|p2a: BAARRBARRICCCC|Air Balloon
|turn|9
|
|t:|1648900267
|move|p1a: Landorus|Toxic|p2a: BAARRBARRICCCC
|-status|p2a: BAARRBARRICCCC|tox
|move|p2a: BAARRBARRICCCC|Shell Smash|p2a: BAARRBARRICCCC
|-unboost|p2a: BAARRBARRICCCC|def|1
|-unboost|p2a: BAARRBARRICCCC|spd|1
|-boost|p2a: BAARRBARRICCCC|atk|2
|-boost|p2a: BAARRBARRICCCC|spa|2
|-boost|p2a: BAARRBARRICCCC|spe|2
|
|-heal|p1a: Landorus|77/100|[from] item: Leftovers
|-damage|p2a: BAARRBARRICCCC|94/100 tox|[from] psn
|upkeep
|turn|10
|j| Jokari
|
|t:|1648900290
|move|p2a: BAARRBARRICCCC|Liquidation|p1a: Landorus
|-supereffective|p1a: Landorus
|-damage|p1a: Landorus|0 fnt
|faint|p1a: Landorus
|
|-damage|p2a: BAARRBARRICCCC|82/100 tox|[from] psn
|upkeep
|
|t:|1648900296
|switch|p1a: Magnezone|Magnezone|100/100
|-damage|p1a: Magnezone|94/100|[from] Stealth Rock
|-activate|p1a: Magnezone|move: Sticky Web
|-unboost|p1a: Magnezone|spe|1
|turn|11
|
|t:|1648900301
|move|p2a: BAARRBARRICCCC|Superpower|p1a: Magnezone
|-supereffective|p1a: Magnezone
|-damage|p1a: Magnezone|0 fnt
|-unboost|p2a: BAARRBARRICCCC|atk|1
|-unboost|p2a: BAARRBARRICCCC|def|1
|faint|p1a: Magnezone
|
|-damage|p2a: BAARRBARRICCCC|64/100 tox|[from] psn
|upkeep
|
|t:|1648900310
|switch|p1a: Mandibuzz|Mandibuzz, F|100/100
|turn|12
|
|t:|1648900315
|move|p2a: BAARRBARRICCCC|Rock Slide|p1a: Mandibuzz
|-supereffective|p1a: Mandibuzz
|-damage|p1a: Mandibuzz|33/100
|move|p1a: Mandibuzz|Foul Play|p2a: BAARRBARRICCCC
|-damage|p2a: BAARRBARRICCCC|0 fnt
|-enditem|p2a: BAARRBARRICCCC|Air Balloon
|faint|p2a: BAARRBARRICCCC
|
|upkeep
|
|t:|1648900331
|switch|p2a: Toxtricity|Toxtricity, M|100/100
|-item|p2a: Toxtricity|Air Balloon
|turn|13
|
|t:|1648900335
|switch|p1a: Kartana|Kartana|67/100
|-activate|p1a: Kartana|move: Sticky Web
|-unboost|p1a: Kartana|spe|1
|-damage|p1a: Kartana|61/100|[from] Stealth Rock
|move|p2a: Toxtricity|Overdrive|p1a: Kartana
|-resisted|p1a: Kartana
|-damage|p1a: Kartana|0 fnt
|faint|p1a: Kartana
|
|upkeep
|
|t:|1648900344
|switch|p1a: Tapu Lele|Tapu Lele|100/100
|-activate|p1a: Tapu Lele|move: Sticky Web
|-unboost|p1a: Tapu Lele|spe|1
|-damage|p1a: Tapu Lele|88/100|[from] Stealth Rock
|-fieldstart|move: Psychic Terrain|[from] ability: Psychic Surge|[of] p1a: Tapu Lele
|turn|14
|
|t:|1648900358
|switch|p2a: Dragapult|Dragapult, M|100/100
|move|p1a: Tapu Lele|Psychic|p2a: Dragapult
|-damage|p2a: Dragapult|18/100
|
|upkeep
|turn|15
|
|t:|1648900365
|switch|p1a: Mandibuzz|Mandibuzz, F|33/100
|move|p2a: Dragapult|Phantom Force||[still]
|-prepare|p2a: Dragapult|Phantom Force
|
|upkeep
|turn|16
|j| SirCloud
|
|t:|1648900370
|move|p2a: Dragapult|Phantom Force|p1a: Mandibuzz|[from]lockedmove
|-resisted|p1a: Mandibuzz
|-damage|p1a: Mandibuzz|14/100
|-damage|p2a: Dragapult|8/100|[from] item: Life Orb
|move|p1a: Mandibuzz|Roost|p1a: Mandibuzz
|-heal|p1a: Mandibuzz|64/100
|-singleturn|p1a: Mandibuzz|move: Roost
|
|upkeep
|turn|17
|
|t:|1648900379
|move|p2a: Dragapult|Dragon Darts|p1a: Mandibuzz
|-damage|p1a: Mandibuzz|43/100
|-anim|p2a: Dragapult|Dragon Darts|p1a: Mandibuzz
|-damage|p1a: Mandibuzz|20/100
|-damage|p2a: Dragapult|0 fnt|[from] item: Life Orb
|faint|p2a: Dragapult
|move|p1a: Mandibuzz|Defog|p2: Dragapult|[notarget]
|-fail|p1a: Mandibuzz
|
|upkeep
|
|t:|1648900382
|switch|p2a: Toxtricity|Toxtricity, M|100/100
|-item|p2a: Toxtricity|Air Balloon
|turn|18
|
|t:|1648900389
|move|p2a: Toxtricity|Overdrive|p1a: Mandibuzz
|-supereffective|p1a: Mandibuzz
|-damage|p1a: Mandibuzz|0 fnt
|faint|p1a: Mandibuzz
|
|-fieldend|move: Psychic Terrain
|upkeep
|l| Jokari
|
|t:|1648900395
|switch|p1a: Tapu Lele|Tapu Lele|88/100
|-activate|p1a: Tapu Lele|move: Sticky Web
|-unboost|p1a: Tapu Lele|spe|1
|-damage|p1a: Tapu Lele|76/100|[from] Stealth Rock
|-fieldstart|move: Psychic Terrain|[from] ability: Psychic Surge|[of] p1a: Tapu Lele
|turn|19
|
|t:|1648900402
|move|p1a: Tapu Lele|Psyshock|p2a: Toxtricity
|-supereffective|p2a: Toxtricity
|-damage|p2a: Toxtricity|0 fnt
|-enditem|p2a: Toxtricity|Air Balloon
|faint|p2a: Toxtricity
|
|upkeep
|
|t:|1648900408
|switch|p2a: Mimikyu|Mimikyu, M|100/100
|turn|20
|
|t:|1648900411
|move|p2a: Mimikyu|Shadow Claw|p1a: Tapu Lele
|-supereffective|p1a: Tapu Lele
|-damage|p1a: Tapu Lele|0 fnt
|faint|p1a: Tapu Lele
|-damage|p2a: Mimikyu|91/100|[from] item: Life Orb
|
|win|Corumba
|raw|hmimed97's rating: 1711 &rarr; <strong>1700</strong><br />(-11 for losing)
|raw|Corumba's rating: 1879 &rarr; <strong>1890</strong><br />(+11 for winning)
|l|☆hmimed97
|l| Randbats enjoyer
|l|☆Corumba
