|j|☆sandshrew 2022
|j|☆UdDunsparce
|t:|1668020633
|gametype|singles
|player|p1|sandshrew 2022|schoolkid-gen4|1596
|player|p2|UdDunsparce|1|1572
|teamsize|p1|6
|teamsize|p2|6
|gen|8
|tier|[Gen 8] OU
|rated|
|rule|Sleep Clause Mod: Limit one foe put to sleep
|rule|Species Clause: Limit one of each Pokémon
|rule|OHKO Clause: OHKO moves are banned
|rule|Evasion Items Clause: Evasion items are banned
|rule|Evasion Moves Clause: Evasion moves are banned
|rule|Endless Battle Clause: Forcing endless battles is banned
|rule|HP Percentage Mod: HP is shown in percentages
|rule|Dynamax Clause: You cannot dynamax
|clearpoke
|poke|p1|Hippowdon, F|
|poke|p1|Skarmory, F|
|poke|p1|Toxapex, M|
|poke|p1|Hydreigon, M|
|poke|p1|Clefable, F|
|poke|p1|Tapu Koko|
|poke|p2|Lanturn, M|
|poke|p2|Tapu Bulu|
|poke|p2|Heatran, M|
|poke|p2|Clefable, F|
|poke|p2|Tornadus-Therian, M|
|poke|p2|Kartana|
|teampreview
|c|☆sandshrew 2022|hf
|
|t:|1668020645
|start
|switch|p1a: Tapu Koko|Tapu Koko, shiny|100/100
|switch|p2a: Lanturn|Lanturn, M|100/100
|-fieldstart|move: Electric Terrain|[from] ability: Electric Surge|[of] p1a: Tapu Koko
|turn|1
|
|t:|1668020654
|move|p1a: Tapu Koko|Toxic|p2a: Lanturn
|-status|p2a: Lanturn|tox
|move|p2a: Lanturn|Scald|p1a: Tapu Koko
|-damage|p1a: Tapu Koko|66/100
|-status|p1a: Tapu Koko|brn
|
|-damage|p2a: Lanturn|94/100 tox|[from] psn
|-damage|p1a: Tapu Koko|60/100 brn|[from] brn
|upkeep
|turn|2
|
|t:|1668020665
|move|p1a: Tapu Koko|Roost|p1a: Tapu Koko
|-heal|p1a: Tapu Koko|100/100 brn
|-singleturn|p1a: Tapu Koko|move: Roost
|move|p2a: Lanturn|Heal Bell|p2a: Lanturn
|-activate|p2a: Lanturn|move: Heal Bell
|-curestatus|p2a: Lanturn|tox|[msg]
|
|-heal|p2a: Lanturn|100/100|[from] item: Leftovers
|-damage|p1a: Tapu Koko|94/100 brn|[from] brn
|upkeep
|turn|3
|
|t:|1668020679
|switch|p2a: Kartana|Kartana|100/100
|move|p1a: Tapu Koko|Toxic|p2a: Kartana
|-immune|p2a: Kartana
|
|-damage|p1a: Tapu Koko|88/100 brn|[from] brn
|upkeep
|turn|4
|
|t:|1668020688
|switch|p2a: Heatran|Heatran, M|100/100
|move|p1a: Tapu Koko|Volt Switch|p2a: Heatran
|-damage|p2a: Heatran|65/100
|
|t:|1668020699
|switch|p1a: Toxapex|Toxapex, M, shiny|100/100|[from]move: Volt Switch
|
|-heal|p2a: Heatran|72/100|[from] item: Leftovers
|upkeep
|turn|5
|
|t:|1668020711
|move|p2a: Heatran|Stealth Rock|p1a: Toxapex
|-sidestart|p1: sandshrew 2022|move: Stealth Rock
|move|p1a: Toxapex|Knock Off|p2a: Heatran
|-damage|p2a: Heatran|62/100
|-enditem|p2a: Heatran|Leftovers|[from] move: Knock Off|[of] p1a: Toxapex
|
|-fieldend|move: Electric Terrain
|upkeep
|turn|6
|
|t:|1668020722
|switch|p2a: Lanturn|Lanturn, M|100/100
|move|p1a: Toxapex|Knock Off|p2a: Lanturn
|-damage|p2a: Lanturn|84/100
|-enditem|p2a: Lanturn|Leftovers|[from] move: Knock Off|[of] p1a: Toxapex
|
|upkeep
|turn|7
|
|t:|1668020730
|move|p2a: Lanturn|Volt Switch|p1a: Toxapex
|-supereffective|p1a: Toxapex
|-damage|p1a: Toxapex|78/100
|
|t:|1668020739
|switch|p2a: Kartana|Kartana|100/100|[from]move: Volt Switch
|move|p1a: Toxapex|Toxic|p2a: Kartana
|-immune|p2a: Kartana
|
|upkeep
|turn|8
|
|t:|1668020747
|move|p2a: Kartana|Knock Off|p1a: Toxapex
|-damage|p1a: Toxapex|25/100
|-enditem|p1a: Toxapex|Payapa Berry|[from] move: Knock Off|[of] p2a: Kartana
|move|p1a: Toxapex|Knock Off|p2a: Kartana
|-damage|p2a: Kartana|84/100
|-enditem|p2a: Kartana|Choice Band|[from] move: Knock Off|[of] p1a: Toxapex
|
|upkeep
|turn|9
|
|t:|1668020757
|switch|p1a: Skarmory|Skarmory, F|100/100
|-damage|p1a: Skarmory|88/100|[from] Stealth Rock
|move|p2a: Kartana|Knock Off|p1a: Skarmory
|-damage|p1a: Skarmory|64/100
|-damage|p2a: Kartana|67/100|[from] item: Rocky Helmet|[of] p1a: Skarmory
|-enditem|p1a: Skarmory|Rocky Helmet|[from] move: Knock Off|[of] p2a: Kartana
|
|upkeep
|turn|10
|
|t:|1668020768
|switch|p2a: Heatran|Heatran, M|62/100
|move|p1a: Skarmory|Spikes|p2a: Heatran
|-sidestart|p2: UdDunsparce|Spikes
|
|upkeep
|turn|11
|
|t:|1668020779
|switch|p1a: Toxapex|Toxapex, M, shiny|59/100
|-damage|p1a: Toxapex|46/100|[from] Stealth Rock
|move|p2a: Heatran|Lava Plume|p1a: Toxapex
|-resisted|p1a: Toxapex
|-damage|p1a: Toxapex|35/100
|
|upkeep
|turn|12
|
|t:|1668020789
|switch|p2a: Clefable|Clefable, F|100/100
|move|p1a: Toxapex|Recover|p1a: Toxapex
|-heal|p1a: Toxapex|85/100
|
|upkeep
|turn|13
|
|t:|1668020797
|move|p2a: Clefable|Wish|p2a: Clefable
|move|p1a: Toxapex|Knock Off|p2a: Clefable
|-resisted|p2a: Clefable
|-damage|p2a: Clefable|92/100
|-enditem|p2a: Clefable|Leftovers|[from] move: Knock Off|[of] p1a: Toxapex
|
|upkeep
|turn|14
|
|t:|1668020804
|move|p1a: Toxapex|Knock Off|p2a: Clefable
|-resisted|p2a: Clefable
|-damage|p2a: Clefable|87/100
|move|p2a: Clefable|Teleport|p2a: Clefable
|
|t:|1668020814
|switch|p2a: Kartana|Kartana|67/100|[from]move: Teleport
|-damage|p2a: Kartana|55/100|[from] Spikes
|
|-heal|p2a: Kartana|100/100|[from] move: Wish|[wisher] Clefable
|upkeep
|turn|15
|
|t:|1668020824
|move|p2a: Kartana|Leaf Blade|p1a: Toxapex
|-damage|p1a: Toxapex|37/100
|move|p1a: Toxapex|Recover|p1a: Toxapex
|-heal|p1a: Toxapex|87/100
|
|upkeep
|turn|16
|
|t:|1668020835
|switch|p2a: Tornadus|Tornadus-Therian, M|100/100
|switch|p1a: Skarmory|Skarmory, F|64/100
|-damage|p1a: Skarmory|52/100|[from] Stealth Rock
|
|upkeep
|turn|17
|
|t:|1668020843
|switch|p1a: Tapu Koko|Tapu Koko, shiny|88/100 brn
|-fieldstart|move: Electric Terrain|[from] ability: Electric Surge|[of] p1a: Tapu Koko
|move|p2a: Tornadus|Hurricane|p1a: Tapu Koko
|-resisted|p1a: Tapu Koko
|-damage|p1a: Tapu Koko|55/100 brn
|
|-damage|p1a: Tapu Koko|49/100 brn|[from] brn
|upkeep
|turn|18
|
|t:|1668020854
|move|p1a: Tapu Koko|Roost|p1a: Tapu Koko
|-heal|p1a: Tapu Koko|99/100 brn
|-singleturn|p1a: Tapu Koko|move: Roost
|move|p2a: Tornadus|U-turn|p1a: Tapu Koko
|-resisted|p1a: Tapu Koko
|-damage|p1a: Tapu Koko|90/100 brn
|
|t:|1668020862
|switch|p2a: Tapu Bulu|Tapu Bulu|100/100|[from]move: U-turn
|-damage|p2a: Tapu Bulu|88/100|[from] Spikes
|-fieldstart|move: Grassy Terrain|[from] ability: Grassy Surge|[of] p2a: Tapu Bulu
|
|-heal|p1a: Tapu Koko|96/100 brn|[from] Grassy Terrain
|-heal|p2a: Tapu Bulu|94/100|[from] Grassy Terrain
|-heal|p2a: Tapu Bulu|100/100|[from] item: Leftovers
|-damage|p1a: Tapu Koko|90/100 brn|[from] brn
|upkeep
|turn|19
|
|t:|1668020874
|move|p1a: Tapu Koko|Volt Switch|p2a: Tapu Bulu
|-resisted|p2a: Tapu Bulu
|-damage|p2a: Tapu Bulu|87/100
|
|t:|1668020876
|switch|p1a: Hydreigon|Hydreigon, M, shiny|100/100|[from]move: Volt Switch
|-damage|p1a: Hydreigon|88/100|[from] Stealth Rock
|move|p2a: Tapu Bulu|Swords Dance|p2a: Tapu Bulu
|-boost|p2a: Tapu Bulu|atk|2
|
|-heal|p2a: Tapu Bulu|93/100|[from] Grassy Terrain
|-heal|p2a: Tapu Bulu|99/100|[from] item: Leftovers
|upkeep
|turn|20
|
|t:|1668020890
|switch|p2a: Clefable|Clefable, F|87/100
|move|p1a: Hydreigon|Flamethrower|p2a: Clefable
|-damage|p2a: Clefable|58/100
|
|-heal|p2a: Clefable|64/100|[from] Grassy Terrain
|upkeep
|turn|21
|
|t:|1668020900
|switch|p1a: Skarmory|Skarmory, F|52/100
|-damage|p1a: Skarmory|39/100|[from] Stealth Rock
|move|p2a: Clefable|Wish|p2a: Clefable
|
|-heal|p2a: Clefable|70/100|[from] Grassy Terrain
|upkeep
|turn|22
|
|t:|1668020909
|move|p1a: Skarmory|Roost|p1a: Skarmory
|-heal|p1a: Skarmory|89/100
|-singleturn|p1a: Skarmory|move: Roost
|move|p2a: Clefable|Teleport|p2a: Clefable
|
|t:|1668020915
|switch|p2a: Heatran|Heatran, M|62/100|[from]move: Teleport
|-damage|p2a: Heatran|50/100|[from] Spikes
|
|-heal|p2a: Heatran|100/100|[from] move: Wish|[wisher] Clefable
|-heal|p1a: Skarmory|95/100|[from] Grassy Terrain
|-fieldend|move: Grassy Terrain
|upkeep
|turn|23
|
|t:|1668020929
|switch|p2a: Kartana|Kartana|100/100
|-damage|p2a: Kartana|88/100|[from] Spikes
|switch|p1a: Toxapex|Toxapex, M, shiny|100/100
|-damage|p1a: Toxapex|88/100|[from] Stealth Rock
|
|upkeep
|turn|24
|
|t:|1668020938
|switch|p1a: Skarmory|Skarmory, F|95/100
|-damage|p1a: Skarmory|83/100|[from] Stealth Rock
|move|p2a: Kartana|Leaf Blade|p1a: Skarmory
|-resisted|p1a: Skarmory
|-damage|p1a: Skarmory|74/100
|
|upkeep
|turn|25
|
|t:|1668020947
|switch|p2a: Tornadus|Tornadus-Therian, M|100/100
|move|p1a: Skarmory|Spikes|p2a: Tornadus
|-sidestart|p2: UdDunsparce|Spikes
|
|upkeep
|turn|26
|
|t:|1668020955
|move|p2a: Tornadus|Hurricane|p1a: Skarmory
|-resisted|p1a: Skarmory
|-damage|p1a: Skarmory|47/100
|move|p1a: Skarmory|Roost|p1a: Skarmory
|-heal|p1a: Skarmory|97/100
|-singleturn|p1a: Skarmory|move: Roost
|
|upkeep
|turn|27
|
|t:|1668020965
|switch|p1a: Clefable|Clefable, F|100/100
|move|p2a: Tornadus|Defog|p1a: Clefable
|-unboost|p1a: Clefable|evasion|1
|-sideend|p1: sandshrew 2022|Stealth Rock|[from] move: Defog|[of] p2a: Tornadus
|-sideend|p2: UdDunsparce|Spikes|[from] move: Defog|[of] p2a: Tornadus
|
|upkeep
|turn|28
|
|t:|1668020974
|move|p2a: Tornadus|Taunt|p1a: Clefable
|-start|p1a: Clefable|move: Taunt
|cant|p1a: Clefable|move: Taunt|Trick
|
|upkeep
|turn|29
|
|t:|1668020979
|move|p2a: Tornadus|U-turn|p1a: Clefable
|-resisted|p1a: Clefable
|-damage|p1a: Clefable|95/100
|
|t:|1668020983
|switch|p2a: Heatran|Heatran, M|100/100|[from]move: U-turn
|move|p1a: Clefable|Moonblast|p2a: Heatran
|-resisted|p2a: Heatran
|-damage|p2a: Heatran|94/100
|
|upkeep
|turn|30
|
|t:|1668020992
|switch|p1a: Hippowdon|Hippowdon, F|100/100
|-weather|Sandstorm|[from] ability: Sand Stream|[of] p1a: Hippowdon
|move|p2a: Heatran|Stealth Rock|p1a: Hippowdon
|-sidestart|p1: sandshrew 2022|move: Stealth Rock
|
|-weather|Sandstorm|[upkeep]
|upkeep
|turn|31
|
|t:|1668021001
|move|p2a: Heatran|Toxic|p1a: Hippowdon
|-status|p1a: Hippowdon|tox
|move|p1a: Hippowdon|Stealth Rock|p2a: Heatran
|-sidestart|p2: UdDunsparce|move: Stealth Rock
|
|-weather|Sandstorm|[upkeep]
|-damage|p1a: Hippowdon|94/100 tox|[from] psn
|upkeep
|turn|32
|
|t:|1668021010
|switch|p2a: Tornadus|Tornadus-Therian, M|100/100
|switch|p1a: Clefable|Clefable, F|95/100
|
|-weather|Sandstorm|[upkeep]
|-damage|p2a: Tornadus|94/100|[from] Sandstorm
|upkeep
|turn|33
|
|t:|1668021019
|move|p2a: Tornadus|Taunt|p1a: Clefable
|-start|p1a: Clefable|move: Taunt
|move|p1a: Clefable|Moonblast|p2a: Tornadus
|-damage|p2a: Tornadus|60/100
|
|-weather|Sandstorm|[upkeep]
|-damage|p2a: Tornadus|53/100|[from] Sandstorm
|upkeep
|turn|34
|
|t:|1668021028
|move|p2a: Tornadus|U-turn|p1a: Clefable
|-resisted|p1a: Clefable
|-damage|p1a: Clefable|88/100
|
|t:|1668021033
|switch|p2a: Tapu Bulu|Tapu Bulu|99/100|[from]move: U-turn
|-damage|p2a: Tapu Bulu|87/100|[from] Stealth Rock
|-fieldstart|move: Grassy Terrain|[from] ability: Grassy Surge|[of] p2a: Tapu Bulu
|move|p1a: Clefable|Moonblast|p2a: Tapu Bulu
|-damage|p2a: Tapu Bulu|54/100
|
|-weather|none
|-heal|p2a: Tapu Bulu|60/100|[from] Grassy Terrain
|-heal|p2a: Tapu Bulu|66/100|[from] item: Leftovers
|-heal|p1a: Clefable|94/100|[from] Grassy Terrain
|upkeep
|turn|35
|
|t:|1668021048
|move|p2a: Tapu Bulu|Close Combat|p1a: Clefable
|-resisted|p1a: Clefable
|-damage|p1a: Clefable|73/100
|-unboost|p2a: Tapu Bulu|def|1
|-unboost|p2a: Tapu Bulu|spd|1
|move|p1a: Clefable|Moonblast|p2a: Tapu Bulu
|-damage|p2a: Tapu Bulu|19/100
|
|-heal|p2a: Tapu Bulu|25/100|[from] Grassy Terrain
|-heal|p2a: Tapu Bulu|31/100|[from] item: Leftovers
|-heal|p1a: Clefable|79/100|[from] Grassy Terrain
|-end|p1a: Clefable|move: Taunt
|upkeep
|turn|36
|
|t:|1668021063
|move|p2a: Tapu Bulu|Horn Leech|p1a: Clefable
|-damage|p1a: Clefable|29/100
|-heal|p2a: Tapu Bulu|60/100|[from] drain|[of] p1a: Clefable
|move|p1a: Clefable|Moonblast|p2a: Tapu Bulu
|-damage|p2a: Tapu Bulu|10/100
|
|-heal|p2a: Tapu Bulu|16/100|[from] Grassy Terrain
|-heal|p2a: Tapu Bulu|22/100|[from] item: Leftovers
|-heal|p1a: Clefable|35/100|[from] Grassy Terrain
|upkeep
|turn|37
|
|t:|1668021077
|switch|p1a: Hydreigon|Hydreigon, M, shiny|88/100
|-damage|p1a: Hydreigon|76/100|[from] Stealth Rock
|move|p2a: Tapu Bulu|Horn Leech|p1a: Hydreigon
|-resisted|p1a: Hydreigon
|-damage|p1a: Hydreigon|43/100
|-heal|p2a: Tapu Bulu|38/100|[from] drain|[of] p1a: Hydreigon
|
|-heal|p2a: Tapu Bulu|44/100|[from] Grassy Terrain
|-heal|p2a: Tapu Bulu|50/100|[from] item: Leftovers
|upkeep
|turn|38
|
|t:|1668021090
|switch|p2a: Lanturn|Lanturn, M|84/100
|-damage|p2a: Lanturn|71/100|[from] Stealth Rock
|move|p1a: Hydreigon|Flash Cannon|p2a: Lanturn
|-resisted|p2a: Lanturn
|-damage|p2a: Lanturn|65/100
|
|-heal|p2a: Lanturn|71/100|[from] Grassy Terrain
|-fieldend|move: Grassy Terrain
|upkeep
|turn|39
|
|t:|1668021102
|switch|p1a: Hippowdon|Hippowdon, F|94/100 tox
|-damage|p1a: Hippowdon|88/100 tox|[from] Stealth Rock
|-weather|Sandstorm|[from] ability: Sand Stream|[of] p1a: Hippowdon
|move|p2a: Lanturn|Volt Switch|p1a: Hippowdon
|-immune|p1a: Hippowdon
|
|-weather|Sandstorm|[upkeep]
|-damage|p2a: Lanturn|65/100|[from] Sandstorm
|-heal|p1a: Hippowdon|94/100 tox|[from] item: Leftovers
|-damage|p1a: Hippowdon|88/100 tox|[from] psn
|upkeep
|turn|40
|
|t:|1668021116
|switch|p2a: Tornadus|Tornadus-Therian, M|87/100
|switch|p1a: Clefable|Clefable, F|35/100
|
|-weather|Sandstorm|[upkeep]
|-damage|p2a: Tornadus|81/100|[from] Sandstorm
|upkeep
|turn|41
|
|t:|1668021125
|move|p2a: Tornadus|Taunt|p1a: Clefable
|-start|p1a: Clefable|move: Taunt
|cant|p1a: Clefable|move: Taunt|Soft-Boiled
|
|-weather|Sandstorm|[upkeep]
|-damage|p2a: Tornadus|74/100|[from] Sandstorm
|upkeep
|turn|42
|
|t:|1668021133
|move|p2a: Tornadus|Hurricane|p1a: Clefable|[miss]
|-miss|p2a: Tornadus|p1a: Clefable
|move|p1a: Clefable|Moonblast|p2a: Tornadus
|-damage|p2a: Tornadus|44/100
|
|-weather|Sandstorm|[upkeep]
|-damage|p2a: Tornadus|38/100|[from] Sandstorm
|upkeep
|turn|43
|
|t:|1668021143
|move|p2a: Tornadus|U-turn|p1a: Clefable
|-resisted|p1a: Clefable
|-damage|p1a: Clefable|29/100
|
|t:|1668021147
|switch|p2a: Kartana|Kartana|88/100|[from]move: U-turn
|-damage|p2a: Kartana|82/100|[from] Stealth Rock
|move|p1a: Clefable|Moonblast|p2a: Kartana
|-resisted|p2a: Kartana
|-damage|p2a: Kartana|33/100
|-unboost|p2a: Kartana|spa|1
|
|-weather|none
|-end|p1a: Clefable|move: Taunt
|upkeep
|turn|44
|
|t:|1668021161
|switch|p1a: Skarmory|Skarmory, F|97/100
|-damage|p1a: Skarmory|85/100|[from] Stealth Rock
|move|p2a: Kartana|Leaf Blade|p1a: Skarmory
|-resisted|p1a: Skarmory
|-damage|p1a: Skarmory|76/100
|
|upkeep
|turn|45
|
|t:|1668021170
|switch|p2a: Clefable|Clefable, F|70/100
|move|p1a: Skarmory|Spikes|p2a: Clefable
|-sidestart|p2: UdDunsparce|Spikes
|
|upkeep
|turn|46
|
|t:|1668021176
|switch|p1a: Clefable|Clefable, F|29/100
|move|p2a: Clefable|Wish|p2a: Clefable
|
|upkeep
|turn|47
|
|t:|1668021183
|move|p1a: Clefable|Aromatherapy|p1a: Clefable
|-activate|p1a: Clefable|move: Aromatherapy
|-curestatus|p1: Hippowdon|tox|[msg]
|-curestatus|p1: Tapu Koko|brn|[msg]
|move|p2a: Clefable|Teleport|p2a: Clefable
|
|t:|1668021190
|switch|p2a: Tapu Bulu|Tapu Bulu|50/100|[from]move: Teleport
|-damage|p2a: Tapu Bulu|38/100|[from] Stealth Rock
|-damage|p2a: Tapu Bulu|26/100|[from] Spikes
|-fieldstart|move: Grassy Terrain|[from] ability: Grassy Surge|[of] p2a: Tapu Bulu
|
|-heal|p2a: Tapu Bulu|83/100|[from] move: Wish|[wisher] Clefable
|-heal|p2a: Tapu Bulu|89/100|[from] Grassy Terrain
|-heal|p2a: Tapu Bulu|96/100|[from] item: Leftovers
|-heal|p1a: Clefable|35/100|[from] Grassy Terrain
|upkeep
|turn|48
|j| enttoong
|
|t:|1668021204
|move|p2a: Tapu Bulu|Horn Leech|p1a: Clefable
|-damage|p1a: Clefable|0 fnt
|-heal|p2a: Tapu Bulu|100/100|[from] drain|[of] p1a: Clefable
|faint|p1a: Clefable
|
|upkeep
|
|t:|1668021208
|switch|p1a: Hydreigon|Hydreigon, M, shiny|43/100
|-damage|p1a: Hydreigon|30/100|[from] Stealth Rock
|turn|49
|
|t:|1668021215
|switch|p2a: Heatran|Heatran, M|94/100
|-damage|p2a: Heatran|81/100|[from] Stealth Rock
|-damage|p2a: Heatran|69/100|[from] Spikes
|move|p1a: Hydreigon|Dark Pulse|p2a: Heatran
|-damage|p2a: Heatran|14/100
|
|-heal|p2a: Heatran|20/100|[from] Grassy Terrain
|upkeep
|turn|50
|
|t:|1668021230
|move|p2a: Heatran|Protect|p2a: Heatran
|-singleturn|p2a: Heatran|Protect
|move|p1a: Hydreigon|Dark Pulse|p2a: Heatran
|-activate|p2a: Heatran|move: Protect
|
|-heal|p2a: Heatran|27/100|[from] Grassy Terrain
|upkeep
|turn|51
|
|t:|1668021239
|switch|p2a: Clefable|Clefable, F|70/100
|move|p1a: Hydreigon|Dark Pulse|p2a: Clefable
|-resisted|p2a: Clefable
|-damage|p2a: Clefable|49/100
|
|-heal|p2a: Clefable|55/100|[from] Grassy Terrain
|-fieldend|move: Grassy Terrain
|upkeep
|turn|52
|
|t:|1668021249
|switch|p1a: Hippowdon|Hippowdon, F|88/100
|-damage|p1a: Hippowdon|82/100|[from] Stealth Rock
|-weather|Sandstorm|[from] ability: Sand Stream|[of] p1a: Hippowdon
|move|p2a: Clefable|Wish|p2a: Clefable
|
|-weather|Sandstorm|[upkeep]
|-heal|p1a: Hippowdon|88/100|[from] item: Leftovers
|upkeep
|turn|53
|
|t:|1668021259
|move|p2a: Clefable|Moonblast|p1a: Hippowdon
|-damage|p1a: Hippowdon|64/100
|move|p1a: Hippowdon|Whirlwind|p2a: Clefable
|drag|p2a: Tapu Bulu|Tapu Bulu|100/100
|-damage|p2a: Tapu Bulu|88/100|[from] Stealth Rock
|-damage|p2a: Tapu Bulu|76/100|[from] Spikes
|-fieldstart|move: Grassy Terrain|[from] ability: Grassy Surge|[of] p2a: Tapu Bulu
|
|-weather|Sandstorm|[upkeep]
|-damage|p2a: Tapu Bulu|70/100|[from] Sandstorm
|-heal|p2a: Tapu Bulu|100/100|[from] move: Wish|[wisher] Clefable
|-heal|p1a: Hippowdon|70/100|[from] Grassy Terrain
|-heal|p1a: Hippowdon|76/100|[from] item: Leftovers
|upkeep
|turn|54
|
|t:|1668021276
|switch|p2a: Tornadus|Tornadus-Therian, M|71/100
|switch|p1a: Skarmory|Skarmory, F|76/100
|-damage|p1a: Skarmory|63/100|[from] Stealth Rock
|
|-weather|Sandstorm|[upkeep]
|-damage|p2a: Tornadus|65/100|[from] Sandstorm
|upkeep
|turn|55
|c|☆sandshrew 2022|gg
|-message|sandshrew 2022 forfeited.
|
|win|UdDunsparce
|raw|sandshrew 2022's rating: 1596 &rarr; <strong>1575</strong><br />(-21 for losing)
|raw|UdDunsparce's rating: 1572 &rarr; <strong>1593</strong><br />(+21 for winning)
