|raw|<div class="broadcast-blue"><strong>This battle is required to be public due to a player having a name starting with 'lt93oq'.</div>
|j|☆ripreckful
|j|☆LT93OQ Eeveeolence
|t:|1660979784
|gametype|singles
|player|p1|ripreckful|hilbert|1924
|player|p2|LT93OQ Eeveeolence|acetrainersnow|1908
|teamsize|p1|6
|teamsize|p2|6
|gen|8
|tier|[Gen 8] OU
|rated|
|rule|Sleep Clause Mod: Limit one foe put to sleep
|rule|Species Clause: Limit one of each Pokémon
|rule|OHKO Clause: OHKO moves are banned
|rule|Evasion Items Clause: Evasion items are banned
|rule|Evasion Moves Clause: Evasion moves are banned
|rule|Endless Battle Clause: Forcing endless battles is banned
|rule|HP Percentage Mod: HP is shown in percentages
|rule|Dynamax Clause: You cannot dynamax
|clearpoke
|poke|p1|Landorus-Therian, M|
|poke|p1|Melmetal|
|poke|p1|Zapdos|
|poke|p1|Urshifu-*, M|
|poke|p1|Tapu Lele|
|poke|p1|Dragapult, M|
|poke|p2|Swampert, M|
|poke|p2|Landorus-Therian, M|
|poke|p2|Primarina, F|
|poke|p2|Scizor, M|
|poke|p2|Weavile, F|
|poke|p2|Zapdos|
|teampreview
|inactive|Battle timer is ON: inactive players will automatically lose when time's up. (requested by ripreckful)
|j| einnnnnnna
|j| rahole
|
|t:|1660979805
|start
|switch|p1a: Urshifu|Urshifu-Rapid-Strike, M|100/100
|switch|p2a: Swampy|Swampert, M|100/100
|turn|1
|j| The art of
|
|t:|1660979808
|switch|p2a: Ashirene|Primarina, F|100/100
|move|p1a: Urshifu|Close Combat|p2a: Ashirene
|-resisted|p2a: Ashirene
|-damage|p2a: Ashirene|59/100
|-unboost|p1a: Urshifu|def|1
|-unboost|p1a: Urshifu|spd|1
|-damage|p1a: Urshifu|84/100|[from] item: Rocky Helmet|[of] p2a: Ashirene
|
|upkeep
|turn|2
|c|☆ripreckful|hf
|
|t:|1660979813
|switch|p1a: Zapdos|Zapdos|100/100
|move|p2a: Ashirene|Flip Turn|p1a: Zapdos
|-damage|p1a: Zapdos|87/100
|-status|p2a: Ashirene|par|[from] ability: Static|[of] p1a: Zapdos
|c|☆LT93OQ Eeveeolence|same
|
|t:|1660979818
|switch|p2a: Swampy|Swampert, M|100/100|[from]move: Flip Turn
|
|upkeep
|turn|3
|
|t:|1660979840
|move|p1a: Zapdos|Hurricane|p2a: Swampy
|-damage|p2a: Swampy|49/100
|move|p2a: Swampy|Flip Turn|p1a: Zapdos
|-damage|p1a: Zapdos|56/100
|
|t:|1660979846
|switch|p2a: Comaligna|Weavile, F|100/100|[from]move: Flip Turn
|-ability|p2a: Comaligna|Pressure
|
|upkeep
|turn|4
|
|t:|1660979864
|switch|p1a: Melmetal|Melmetal|100/100
|move|p2a: Comaligna|Knock Off|p1a: Melmetal
|-damage|p1a: Melmetal|56/100
|-enditem|p1a: Melmetal|Leftovers|[from] move: Knock Off|[of] p2a: Comaligna
|
|upkeep
|turn|5
|
|t:|1660979871
|switch|p2a: Sr. Recortes|Scizor, M|100/100
|move|p1a: Melmetal|Toxic|p2a: Sr. Recortes
|-immune|p2a: Sr. Recortes
|
|upkeep
|turn|6
|
|t:|1660979878
|move|p2a: Sr. Recortes|Bullet Punch|p1a: Melmetal
|-resisted|p1a: Melmetal
|-crit|p1a: Melmetal
|-damage|p1a: Melmetal|45/100
|move|p1a: Melmetal|Double Iron Bash|p2a: Sr. Recortes
|-resisted|p2a: Sr. Recortes
|-damage|p2a: Sr. Recortes|78/100
|-resisted|p2a: Sr. Recortes
|-crit|p2a: Sr. Recortes
|-damage|p2a: Sr. Recortes|46/100
|-hitcount|p2a: Sr. Recortes|2
|
|upkeep
|turn|7
|
|t:|1660979881
|switch|p1a: Zapdos|Zapdos|56/100
|move|p2a: Sr. Recortes|Roost|p2a: Sr. Recortes
|-heal|p2a: Sr. Recortes|96/100
|-singleturn|p2a: Sr. Recortes|move: Roost
|
|upkeep
|turn|8
|j| LT93OQ Harshal
|
|t:|1660979884
|switch|p2a: Landlord|Landorus-Therian, M|100/100
|-ability|p2a: Landlord|Intimidate|boost
|-unboost|p1a: Zapdos|atk|1
|move|p1a: Zapdos|Heat Wave|p2a: Landlord|[miss]
|-miss|p1a: Zapdos|p2a: Landlord
|
|upkeep
|turn|9
|
|t:|1660979886
|switch|p1a: Urshifu|Urshifu-Rapid-Strike, M|84/100
|move|p2a: Landlord|U-turn|p1a: Urshifu
|-resisted|p1a: Urshifu
|-damage|p1a: Urshifu|73/100
|j| H.M.Y.D.I.T
|
|t:|1660979889
|switch|p2a: Ashirene|Primarina, F|59/100 par|[from]move: U-turn
|
|upkeep
|turn|10
|
|t:|1660979893
|switch|p1a: Tapu Lele|Tapu Lele|100/100
|-fieldstart|move: Psychic Terrain|[from] ability: Psychic Surge|[of] p1a: Tapu Lele
|move|p2a: Ashirene|Rest|p2a: Ashirene
|-status|p2a: Ashirene|slp|[from] move: Rest
|-heal|p2a: Ashirene|100/100 slp|[silent]
|
|upkeep
|turn|11
|
|t:|1660979897
|switch|p2a: Sr. Recortes|Scizor, M|96/100
|move|p1a: Tapu Lele|Future Sight|p2a: Sr. Recortes
|-start|p1a: Tapu Lele|move: Future Sight
|
|upkeep
|turn|12
|
|t:|1660979900
|switch|p1a: Zapdos|Zapdos|56/100
|move|p2a: Sr. Recortes|U-turn|p1a: Zapdos
|-resisted|p1a: Zapdos
|-damage|p1a: Zapdos|43/100
|-status|p2a: Sr. Recortes|par|[from] ability: Static|[of] p1a: Zapdos
|
|t:|1660979903
|switch|p2a: Comaligna|Weavile, F|100/100|[from]move: U-turn
|-ability|p2a: Comaligna|Pressure
|
|upkeep
|turn|13
|
|t:|1660979908
|switch|p1a: Melmetal|Melmetal|45/100
|move|p2a: Comaligna|Icicle Crash|p1a: Melmetal
|-resisted|p1a: Melmetal
|-damage|p1a: Melmetal|26/100
|
|-end|p2a: Comaligna|move: Future Sight
|-immune|p2a: Comaligna
|upkeep
|turn|14
|j| MANNAT
|
|t:|1660979915
|switch|p2a: Sr. Recortes|Scizor, M|96/100 par
|move|p1a: Melmetal|Double Iron Bash|p2a: Sr. Recortes
|-resisted|p2a: Sr. Recortes
|-damage|p2a: Sr. Recortes|75/100 par
|-resisted|p2a: Sr. Recortes
|-damage|p2a: Sr. Recortes|53/100 par
|-hitcount|p2a: Sr. Recortes|2
|
|-fieldend|move: Psychic Terrain
|upkeep
|turn|15
|
|t:|1660979918
|move|p1a: Melmetal|Double Iron Bash|p2a: Sr. Recortes
|-resisted|p2a: Sr. Recortes
|-damage|p2a: Sr. Recortes|33/100 par
|-resisted|p2a: Sr. Recortes
|-damage|p2a: Sr. Recortes|10/100 par
|-hitcount|p2a: Sr. Recortes|2
|cant|p2a: Sr. Recortes|par
|
|upkeep
|turn|16
|j| LT93OQ A
|
|t:|1660979922
|move|p2a: Sr. Recortes|Bullet Punch|p1a: Melmetal
|-resisted|p1a: Melmetal
|-damage|p1a: Melmetal|18/100
|move|p1a: Melmetal|Double Iron Bash|p2a: Sr. Recortes
|-resisted|p2a: Sr. Recortes
|-damage|p2a: Sr. Recortes|0 fnt
|faint|p2a: Sr. Recortes
|-hitcount|p2: Sr. Recortes|1
|
|upkeep
|
|t:|1660979926
|switch|p2a: Comaligna|Weavile, F|100/100
|-ability|p2a: Comaligna|Pressure
|turn|17
|
|t:|1660979934
|move|p2a: Comaligna|Knock Off|p1a: Melmetal
|-damage|p1a: Melmetal|0 fnt
|faint|p1a: Melmetal
|
|upkeep
|
|t:|1660979943
|switch|p1a: Landorus|Landorus-Therian, M|100/100
|-ability|p1a: Landorus|Intimidate|boost
|-unboost|p2a: Comaligna|atk|1
|turn|18
|
|t:|1660979946
|switch|p2a: Swampy|Swampert, M|49/100
|move|p1a: Landorus|Stealth Rock|p2a: Swampy
|-sidestart|p2: LT93OQ Eeveeolence|move: Stealth Rock
|
|upkeep
|turn|19
|
|t:|1660979950
|switch|p1a: Urshifu|Urshifu-Rapid-Strike, M|73/100
|move|p2a: Swampy|Ice Punch|p1a: Urshifu
|-resisted|p1a: Urshifu
|-crit|p1a: Urshifu
|-damage|p1a: Urshifu|48/100
|
|upkeep
|turn|20
|
|t:|1660979957
|switch|p2a: Ashirene|Primarina, F|100/100 slp
|-damage|p2a: Ashirene|88/100 slp|[from] Stealth Rock
|move|p1a: Urshifu|U-turn|p2a: Ashirene
|-resisted|p2a: Ashirene
|-damage|p2a: Ashirene|72/100 slp
|-damage|p1a: Urshifu|32/100|[from] item: Rocky Helmet|[of] p2a: Ashirene
|
|t:|1660979967
|switch|p1a: Zapdos|Zapdos|43/100|[from]move: U-turn
|
|upkeep
|turn|21
|
|t:|1660979970
|move|p1a: Zapdos|Hurricane|p2a: Ashirene
|-damage|p2a: Ashirene|33/100 slp
|cant|p2a: Ashirene|slp
|move|p2a: Ashirene|Sleep Talk|p2a: Ashirene
|move|p2a: Ashirene|Rest||[from]move: Sleep Talk|[still]
|-fail|p2a: Ashirene
|
|upkeep
|turn|22
|
|t:|1660979973
|switch|p2a: Landlord|Landorus-Therian, M|100/100
|-damage|p2a: Landlord|88/100|[from] Stealth Rock
|-ability|p2a: Landlord|Intimidate|boost
|-unboost|p1a: Zapdos|atk|1
|move|p1a: Zapdos|Hurricane|p2a: Landlord
|-damage|p2a: Landlord|48/100
|
|-heal|p2a: Landlord|54/100|[from] item: Leftovers
|upkeep
|turn|23
|
|t:|1660979976
|move|p1a: Zapdos|Hurricane|p2a: Landlord
|-damage|p2a: Landlord|15/100
|-start|p2a: Landlord|confusion
|-activate|p2a: Landlord|confusion
|-damage|p2a: Landlord|2/100|[from] confusion
|
|-heal|p2a: Landlord|8/100|[from] item: Leftovers
|upkeep
|turn|24
|c|☆ripreckful|sry
|j| jack_1216
|
|t:|1660979981
|move|p1a: Zapdos|Heat Wave|p2a: Landlord
|-damage|p2a: Landlord|0 fnt
|faint|p2a: Landlord
|
|upkeep
|-message|LT93OQ Eeveeolence forfeited.
|
|win|ripreckful
|raw|ripreckful's rating: 1924 &rarr; <strong>1943</strong><br />(+19 for winning)
|raw|LT93OQ Eeveeolence's rating: 1908 &rarr; <strong>1889</strong><br />(-19 for losing)
|l|☆LT93OQ Eeveeolence
|c|☆ripreckful|gg
|j| LT93OQ tj
|l|☆ripreckful
|l| The art of
|l| einnnnnnna
|l| rahole
|l| LT93OQ Harshal
|l| jack_1216
|l| LT93OQ tj
