|raw|<div class="broadcast-blue"><strong>This battle is required to be public due to a player having a name prefixed by 'LT71LX'.</div>
|j|☆Pokefreak77
|j|‽lt71lx sol
|t:|1597262647
|player|p1|Pokefreak77|biker|1623
|player|p2|lt71lx sol|lucas|1632
|teamsize|p1|6
|teamsize|p2|6
|gametype|singles
|gen|8
|tier|[Gen 8] OU
|rated|
|clearpoke
|poke|p1|Hippowdon, F|
|poke|p1|Excadrill, M|
|poke|p1|Mandibuzz, F|
|poke|p1|Toxapex, M|
|poke|p1|Chansey, F|
|poke|p1|Magnezone|
|poke|p2|Diggersby, F|
|poke|p2|Dragapult, M|
|poke|p2|Rotom-Heat|
|poke|p2|Hippowdon, F|
|poke|p2|Clefable, M|
|poke|p2|Ferrothorn, F|
|rule|Sleep Clause Mod: Limit one foe put to sleep
|rule|Species Clause: Limit one of each Pokémon
|rule|OHKO Clause: OHKO moves are banned
|rule|Evasion Moves Clause: Evasion moves are banned
|rule|Endless Battle Clause: Forcing endless battles is banned
|rule|HP Percentage Mod: HP is shown in percentages
|rule|Dynamax Clause: You cannot dynamax
|teampreview
|inactive|Battle timer is ON: inactive players will automatically lose when time's up. (requested by Pokefreak77)
|
|t:|1597262665
|start
|switch|p1a: Toxapex|Toxapex, M, shiny|100/100
|switch|p2a: Ferrothorn|Ferrothorn, F|100/100
|turn|1
|
|t:|1597262674
|move|p1a: Toxapex|Knock Off|p2a: Ferrothorn
|-damage|p2a: Ferrothorn|90/100
|-damage|p1a: Toxapex|88/100|[from] ability: Iron Barbs|[of] p2a: Ferrothorn
|-enditem|p2a: Ferrothorn|Leftovers|[from] move: Knock Off|[of] p1a: Toxapex
|move|p2a: Ferrothorn|Leech Seed|p1a: Toxapex
|-start|p1a: Toxapex|move: Leech Seed
|
|-damage|p1a: Toxapex|75/100|[from] Leech Seed|[of] p2a: Ferrothorn
|-heal|p2a: Ferrothorn|100/100|[silent]
|upkeep
|turn|2
|
|t:|1597262682
|move|p1a: Toxapex|Toxic Spikes|p2a: Ferrothorn
|-sidestart|p2: lt71lx sol|move: Toxic Spikes
|move|p2a: Ferrothorn|Spikes|p1a: Toxapex
|-sidestart|p1: Pokefreak77|Spikes
|
|-damage|p1a: Toxapex|63/100|[from] Leech Seed|[of] p2a: Ferrothorn
|upkeep
|turn|3
|
|t:|1597262699
|move|p1a: Toxapex|Toxic Spikes|p2a: Ferrothorn
|-sidestart|p2: lt71lx sol|move: Toxic Spikes
|move|p2a: Ferrothorn|Body Press|p1a: Toxapex
|-resisted|p1a: Toxapex
|-damage|p1a: Toxapex|55/100
|-damage|p2a: Ferrothorn|84/100|[from] item: Rocky Helmet|[of] p1a: Toxapex
|
|-damage|p1a: Toxapex|43/100|[from] Leech Seed|[of] p2a: Ferrothorn
|-heal|p2a: Ferrothorn|95/100|[silent]
|upkeep
|turn|4
|
|t:|1597262707
|switch|p1a: Magnezone|Magnezone|100/100
|-damage|p1a: Magnezone|88/100|[from] Spikes
|move|p2a: Ferrothorn|Spikes|p1a: Magnezone
|-sidestart|p1: Pokefreak77|Spikes
|
|-heal|p1a: Magnezone|94/100|[from] item: Leftovers
|upkeep
|turn|5
|
|t:|1597262715
|move|p1a: Magnezone|Iron Defense|p1a: Magnezone
|-boost|p1a: Magnezone|def|2
|move|p2a: Ferrothorn|Leech Seed|p1a: Magnezone
|-start|p1a: Magnezone|move: Leech Seed
|
|-heal|p1a: Magnezone|100/100|[from] item: Leftovers
|-damage|p1a: Magnezone|88/100|[from] Leech Seed|[of] p2a: Ferrothorn
|-heal|p2a: Ferrothorn|100/100|[silent]
|upkeep
|turn|6
|
|t:|1597262722
|move|p1a: Magnezone|Iron Defense|p1a: Magnezone
|-boost|p1a: Magnezone|def|2
|move|p2a: Ferrothorn|Body Press|p1a: Magnezone
|-supereffective|p1a: Magnezone
|-damage|p1a: Magnezone|75/100
|
|-heal|p1a: Magnezone|81/100|[from] item: Leftovers
|-damage|p1a: Magnezone|68/100|[from] Leech Seed|[of] p2a: Ferrothorn
|upkeep
|turn|7
|
|t:|1597262730
|move|p1a: Magnezone|Body Press|p2a: Ferrothorn
|-supereffective|p2a: Ferrothorn
|-damage|p2a: Ferrothorn|0 fnt
|-damage|p1a: Magnezone|56/100|[from] ability: Iron Barbs|[of] p2a: Ferrothorn
|faint|p2a: Ferrothorn
|
|-heal|p1a: Magnezone|62/100|[from] item: Leftovers
|upkeep
|
|t:|1597262738
|switch|p2a: Rotom|Rotom-Heat|100/100
|turn|8
|
|t:|1597262741
|move|p2a: Rotom|Volt Switch|p1a: Magnezone
|-resisted|p1a: Magnezone
|-damage|p1a: Magnezone|49/100
|
|t:|1597262746
|switch|p2a: Dragapult|Dragapult, M|100/100|[from]move: Volt Switch
|move|p1a: Magnezone|Toxic|p2a: Dragapult
|-status|p2a: Dragapult|tox
|
|-heal|p1a: Magnezone|55/100|[from] item: Leftovers
|-damage|p1a: Magnezone|42/100|[from] Leech Seed|[of] p2a: Dragapult
|-damage|p2a: Dragapult|95/100 tox|[from] psn
|upkeep
|turn|9
|
|t:|1597262755
|switch|p1a: Mandibuzz|Mandibuzz, F, shiny|100/100
|move|p2a: Dragapult|Hex|p1a: Mandibuzz
|-resisted|p1a: Mandibuzz
|-damage|p1a: Mandibuzz|88/100
|
|-damage|p2a: Dragapult|83/100 tox|[from] psn
|upkeep
|turn|10
|
|t:|1597262763
|move|p2a: Dragapult|U-turn|p1a: Mandibuzz
|-damage|p1a: Mandibuzz|79/100
|
|t:|1597262766
|switch|p2a: Clefable|Clefable, M|100/100|[from]move: U-turn
|-status|p2a: Clefable|tox
|move|p1a: Mandibuzz|Knock Off|p2a: Clefable
|-resisted|p2a: Clefable
|-damage|p2a: Clefable|90/100 tox
|-enditem|p2a: Clefable|Leftovers|[from] move: Knock Off|[of] p1a: Mandibuzz
|
|upkeep
|turn|11
|
|t:|1597262775
|switch|p1a: Hippowdon|Hippowdon, F|100/100
|-damage|p1a: Hippowdon|84/100|[from] Spikes
|-weather|Sandstorm|[from] ability: Sand Stream|[of] p1a: Hippowdon
|move|p2a: Clefable|Moonblast|p1a: Hippowdon
|-damage|p1a: Hippowdon|51/100
|
|-weather|Sandstorm|[upkeep]
|upkeep
|turn|12
|
|t:|1597262784
|switch|p1a: Excadrill|Excadrill, M, shiny|100/100
|-damage|p1a: Excadrill|84/100|[from] Spikes
|move|p2a: Clefable|Teleport|p2a: Clefable
|
|t:|1597262789
|switch|p2a: Rotom|Rotom-Heat|100/100|[from]move: Teleport
|
|-weather|Sandstorm|[upkeep]
|-damage|p2a: Rotom|95/100|[from] Sandstorm
|-heal|p1a: Excadrill|90/100|[from] item: Leftovers
|upkeep
|turn|13
|
|t:|1597262800
|switch|p1a: Chansey|Chansey, F|100/100
|-damage|p1a: Chansey|84/100|[from] Spikes
|move|p2a: Rotom|Overheat|p1a: Chansey|[miss]
|-miss|p2a: Rotom|p1a: Chansey
|
|-weather|Sandstorm|[upkeep]
|-damage|p2a: Rotom|89/100|[from] Sandstorm
|-damage|p1a: Chansey|78/100|[from] Sandstorm
|upkeep
|turn|14
|
|t:|1597262808
|move|p2a: Rotom|Volt Switch|p1a: Chansey
|-damage|p1a: Chansey|70/100
|
|t:|1597262815
|switch|p2a: Clefable|Clefable, M|90/100 tox|[from]move: Volt Switch
|move|p1a: Chansey|Teleport|p1a: Chansey
|
|t:|1597262819
|switch|p1a: Excadrill|Excadrill, M, shiny|90/100|[from]move: Teleport
|-damage|p1a: Excadrill|73/100|[from] Spikes
|
|-weather|Sandstorm|[upkeep]
|-heal|p1a: Excadrill|79/100|[from] item: Leftovers
|upkeep
|turn|15
|
|t:|1597262825
|switch|p2a: Dragapult|Dragapult, M|83/100 tox
|move|p1a: Excadrill|Rapid Spin|p2a: Dragapult
|-immune|p2a: Dragapult
|
|-weather|Sandstorm|[upkeep]
|-damage|p2a: Dragapult|77/100 tox|[from] Sandstorm
|-heal|p1a: Excadrill|86/100|[from] item: Leftovers
|-damage|p2a: Dragapult|71/100 tox|[from] psn
|upkeep
|turn|16
|
|t:|1597262836
|move|p1a: Excadrill|Rapid Spin|p2a: Dragapult
|-immune|p2a: Dragapult
|move|p2a: Dragapult|Will-O-Wisp|p1a: Excadrill
|-status|p1a: Excadrill|brn
|
|-weather|Sandstorm|[upkeep]
|-damage|p2a: Dragapult|65/100 tox|[from] Sandstorm
|-heal|p1a: Excadrill|92/100 brn|[from] item: Leftovers
|-damage|p1a: Excadrill|86/100 brn|[from] brn
|-damage|p2a: Dragapult|53/100 tox|[from] psn
|upkeep
|turn|17
|
|t:|1597262848
|move|p1a: Excadrill|Earthquake|p2a: Dragapult
|-damage|p2a: Dragapult|18/100 tox
|move|p2a: Dragapult|U-turn|p1a: Excadrill
|-resisted|p1a: Excadrill
|-damage|p1a: Excadrill|73/100 brn
|
|t:|1597262854
|switch|p2a: Rotom|Rotom-Heat|89/100|[from]move: U-turn
|
|-weather|Sandstorm|[upkeep]
|-damage|p2a: Rotom|83/100|[from] Sandstorm
|-heal|p1a: Excadrill|79/100 brn|[from] item: Leftovers
|-damage|p1a: Excadrill|73/100 brn|[from] brn
|upkeep
|turn|18
|
|t:|1597262861
|move|p1a: Excadrill|Rapid Spin|p2a: Rotom
|-damage|p2a: Rotom|74/100
|-boost|p1a: Excadrill|spe|1
|-sideend|p1: Pokefreak77|Spikes|[from] move: Rapid Spin|[of] p1a: Excadrill
|move|p2a: Rotom|Overheat|p1a: Excadrill
|-supereffective|p1a: Excadrill
|-damage|p1a: Excadrill|0 fnt
|-unboost|p2a: Rotom|spa|2
|faint|p1a: Excadrill
|
|-weather|none
|upkeep
|
|t:|1597262876
|switch|p1a: Toxapex|Toxapex, M, shiny|76/100
|turn|19
|
|t:|1597262881
|move|p2a: Rotom|Volt Switch|p1a: Toxapex
|-supereffective|p1a: Toxapex
|-crit|p1a: Toxapex
|-damage|p1a: Toxapex|10/100
|
|t:|1597262884
|switch|p2a: Clefable|Clefable, M|90/100 tox|[from]move: Volt Switch
|move|p1a: Toxapex|Knock Off|p2a: Clefable
|-resisted|p2a: Clefable
|-damage|p2a: Clefable|85/100 tox
|
|upkeep
|turn|20
|
|t:|1597262892
|switch|p1a: Magnezone|Magnezone|42/100
|move|p2a: Clefable|Wish|p2a: Clefable
|
|-heal|p1a: Magnezone|49/100|[from] item: Leftovers
|upkeep
|turn|21
|
|t:|1597262899
|switch|p2a: Rotom|Rotom-Heat|74/100
|move|p1a: Magnezone|Iron Defense|p1a: Magnezone
|-boost|p1a: Magnezone|def|2
|
|-heal|p2a: Rotom|100/100|[from] move: Wish|[wisher] Clefable
|-heal|p1a: Magnezone|55/100|[from] item: Leftovers
|upkeep
|turn|22
|-message|Pokefreak77 forfeited.
|
|win|lt71lx sol
|l|☆Pokefreak77
||Ladder (probably) updated, but score could not be retrieved (Request timeout).
