|html|<div class="broadcast-blue"><strong>[Gen 8] OU is currently suspecting Spectrier! For information on how to participate check out the <a href="https://www.smogon.com/forums/threads/np-ss-ou-suspect-process-round-9-old-town-road.3676744/">suspect thread</a>.</strong></div>
|j|☆Cattleya1
|j|☆wsdfg
|t:|1611761906
|player|p1|Cattleya1|caitlin|1800
|player|p2|wsdfg|burglar|1706
|teamsize|p1|6
|teamsize|p2|6
|gametype|singles
|gen|8
|tier|[Gen 8] OU
|rated|
|clearpoke
|poke|p1|Zygarde-10%|
|poke|p1|Corviknight, F|
|poke|p1|Swampert, F|
|poke|p1|Rillaboom, F|
|poke|p1|Volcarona, F|
|poke|p1|Kommo-o, F|
|poke|p2|Blissey, F|
|poke|p2|Dragapult, F|
|poke|p2|Clefable, F|
|poke|p2|Toxapex, M|
|poke|p2|Garchomp, M|
|poke|p2|Corviknight, M|
|rule|Sleep Clause Mod: Limit one foe put to sleep
|rule|Species Clause: Limit one of each Pokémon
|rule|OHKO Clause: OHKO moves are banned
|rule|Evasion Moves Clause: Evasion moves are banned
|rule|Endless Battle Clause: Forcing endless battles is banned
|rule|HP Percentage Mod: HP is shown in percentages
|rule|Dynamax Clause: You cannot dynamax
|teampreview
|inactive|Battle timer is ON: inactive players will automatically lose when time's up. (requested by Cattleya1)
|
|t:|1611761942
|start
|switch|p1a: Swampert|Swampert, F, shiny|100/100
|switch|p2a: Dragapult|Dragapult, F|100/100
|turn|1
|
|t:|1611761946
|move|p2a: Dragapult|U-turn|p1a: Swampert
|-damage|p1a: Swampert|83/100
|
|t:|1611761948
|switch|p2a: Corviknight|Corviknight, M|100/100|[from]move: U-turn
|-ability|p2a: Corviknight|Pressure
|move|p1a: Swampert|Stealth Rock|p2a: Corviknight
|-sidestart|p2: wsdfg|move: Stealth Rock
|
|-heal|p1a: Swampert|90/100|[from] item: Leftovers
|upkeep
|turn|2
|
|t:|1611761950
|move|p2a: Corviknight|Defog|p1a: Swampert
|-unboost|p1a: Swampert|evasion|1
|-sideend|p2: wsdfg|Stealth Rock|[from] move: Defog|[of] p2a: Corviknight
|move|p1a: Swampert|Flip Turn|p2a: Corviknight
|-damage|p2a: Corviknight|88/100
|-damage|p1a: Swampert|73/100|[from] item: Rocky Helmet|[of] p2a: Corviknight
|
|t:|1611761953
|switch|p1a: Zygarde|Zygarde-10%|100/100|[from]move: Flip Turn
|-ability|p1a: Zygarde|Aura Break
|
|upkeep
|turn|3
|
|t:|1611761965
|switch|p2a: Clefable|Clefable, F|100/100
|move|p1a: Zygarde|Thousand Arrows|p2a: Clefable
|-damage|p2a: Clefable|56/100
|
|upkeep
|turn|4
|
|t:|1611761972
|switch|p1a: Swampert|Swampert, F, shiny|73/100
|move|p2a: Clefable|Soft-Boiled|p2a: Clefable
|-heal|p2a: Clefable|100/100
|
|-heal|p1a: Swampert|79/100|[from] item: Leftovers
|upkeep
|turn|5
|
|t:|1611761975
|move|p2a: Clefable|Moonblast|p1a: Swampert
|-damage|p1a: Swampert|52/100
|-unboost|p1a: Swampert|spa|1
|move|p1a: Swampert|Stealth Rock|p2a: Clefable
|-sidestart|p2: wsdfg|move: Stealth Rock
|
|-heal|p1a: Swampert|58/100|[from] item: Leftovers
|upkeep
|turn|6
|
|t:|1611761980
|switch|p2a: Corviknight|Corviknight, M|88/100
|-damage|p2a: Corviknight|75/100|[from] Stealth Rock
|-ability|p2a: Corviknight|Pressure
|move|p1a: Swampert|Flip Turn|p2a: Corviknight
|-damage|p2a: Corviknight|60/100
|-damage|p1a: Swampert|42/100|[from] item: Rocky Helmet|[of] p2a: Corviknight
|
|t:|1611761984
|switch|p1a: Volcarona|Volcarona, F, shiny|100/100|[from]move: Flip Turn
|
|upkeep
|turn|7
|
|t:|1611761993
|switch|p1a: Kommo-o|Kommo-o, F, shiny|100/100
|switch|p2a: Toxapex|Toxapex, M|100/100
|-damage|p2a: Toxapex|88/100|[from] Stealth Rock
|
|upkeep
|turn|8
|
|t:|1611761997
|move|p1a: Kommo-o|Substitute|p1a: Kommo-o
|-start|p1a: Kommo-o|Substitute
|-damage|p1a: Kommo-o|75/100
|move|p2a: Toxapex|Recover|p2a: Toxapex
|-heal|p2a: Toxapex|100/100
|
|upkeep
|turn|9
|
|t:|1611762000
|move|p1a: Kommo-o|Earthquake|p2a: Toxapex
|-supereffective|p2a: Toxapex
|-damage|p2a: Toxapex|59/100
|move|p2a: Toxapex|Haze|p2a: Toxapex
|-clearallboost
|
|upkeep
|turn|10
|
|t:|1611762011
|switch|p2a: Garchomp|Garchomp, M|100/100
|-damage|p2a: Garchomp|94/100|[from] Stealth Rock
|move|p1a: Kommo-o|Earthquake|p2a: Garchomp
|-damage|p2a: Garchomp|66/100
|
|upkeep
|turn|11
|
|t:|1611762018
|switch|p1a: Corviknight|Corviknight, F, shiny|100/100
|-ability|p1a: Corviknight|Pressure
|move|p2a: Garchomp|Scale Shot|p1a: Corviknight
|-resisted|p1a: Corviknight
|-damage|p1a: Corviknight|95/100
|-resisted|p1a: Corviknight
|-damage|p1a: Corviknight|89/100
|-resisted|p1a: Corviknight
|-damage|p1a: Corviknight|84/100
|-resisted|p1a: Corviknight
|-damage|p1a: Corviknight|79/100
|-resisted|p1a: Corviknight
|-damage|p1a: Corviknight|74/100
|-hitcount|p1a: Corviknight|5
|-unboost|p2a: Garchomp|def|1
|-boost|p2a: Garchomp|spe|1
|-damage|p2a: Garchomp|56/100|[from] item: Life Orb
|
|upkeep
|turn|12
|
|t:|1611762021
|switch|p2a: Corviknight|Corviknight, M|60/100
|-damage|p2a: Corviknight|48/100|[from] Stealth Rock
|-ability|p2a: Corviknight|Pressure
|move|p1a: Corviknight|Brave Bird|p2a: Corviknight
|-resisted|p2a: Corviknight
|-damage|p2a: Corviknight|37/100
|-damage|p1a: Corviknight|57/100|[from] item: Rocky Helmet|[of] p2a: Corviknight
|-damage|p1a: Corviknight|54/100|[from] Recoil
|
|upkeep
|turn|13
|j| Xuxa vegana
|
|t:|1611762024
|switch|p1a: Volcarona|Volcarona, F, shiny|100/100
|move|p2a: Corviknight|Defog|p1a: Volcarona
|-unboost|p1a: Volcarona|evasion|1
|-sideend|p2: wsdfg|Stealth Rock|[from] move: Defog|[of] p2a: Corviknight
|
|upkeep
|turn|14
|
|t:|1611762034
|switch|p2a: Toxapex|Toxapex, M|92/100
|move|p1a: Volcarona|Fiery Dance|p2a: Toxapex
|-resisted|p2a: Toxapex
|-damage|p2a: Toxapex|73/100
|-boost|p1a: Volcarona|spa|1
|
|upkeep
|turn|15
|
|t:|1611762038
|move|p1a: Volcarona|Psychic|p2a: Toxapex
|-supereffective|p2a: Toxapex
|-damage|p2a: Toxapex|0 fnt
|faint|p2a: Toxapex
|
|upkeep
|
|t:|1611762041
|switch|p2a: Garchomp|Garchomp, M|56/100
|turn|16
|
|t:|1611762047
|switch|p1a: Corviknight|Corviknight, F, shiny|54/100
|-ability|p1a: Corviknight|Pressure
|move|p2a: Garchomp|Swords Dance|p2a: Garchomp
|-boost|p2a: Garchomp|atk|2
|
|upkeep
|turn|17
|
|t:|1611762050
|move|p2a: Garchomp|Stone Edge|p1a: Corviknight|[miss]
|-miss|p2a: Garchomp|p1a: Corviknight
|move|p1a: Corviknight|Roost|p1a: Corviknight
|-heal|p1a: Corviknight|100/100
|-singleturn|p1a: Corviknight|move: Roost
|
|upkeep
|turn|18
|
|t:|1611762053
|move|p2a: Garchomp|Stone Edge|p1a: Corviknight
|-damage|p1a: Corviknight|51/100
|-damage|p2a: Garchomp|46/100|[from] item: Life Orb
|move|p1a: Corviknight|Brave Bird|p2a: Garchomp
|-damage|p2a: Garchomp|8/100
|-damage|p1a: Corviknight|38/100|[from] ability: Rough Skin|[of] p2a: Garchomp
|-damage|p1a: Corviknight|27/100|[from] Recoil
|
|upkeep
|turn|19
|
|t:|1611762057
|move|p2a: Garchomp|Scale Shot|p1a: Corviknight
|-resisted|p1a: Corviknight
|-damage|p1a: Corviknight|17/100
|-resisted|p1a: Corviknight
|-damage|p1a: Corviknight|8/100
|-resisted|p1a: Corviknight
|-damage|p1a: Corviknight|0 fnt
|-hitcount|p1a: Corviknight|3
|-unboost|p2a: Garchomp|def|1
|-boost|p2a: Garchomp|spe|1
|-damage|p2a: Garchomp|0 fnt|[from] item: Life Orb
|faint|p1a: Corviknight
|faint|p2a: Garchomp
|
|upkeep
|
|t:|1611762061
|switch|p2a: Dragapult|Dragapult, F|100/100
|switch|p1a: Swampert|Swampert, F, shiny|42/100
|turn|20
|
|t:|1611762063
|move|p2a: Dragapult|Draco Meteor|p1a: Swampert|[miss]
|-miss|p2a: Dragapult|p1a: Swampert
|move|p1a: Swampert|Stealth Rock|p2a: Dragapult
|-sidestart|p2: wsdfg|move: Stealth Rock
|
|-heal|p1a: Swampert|48/100|[from] item: Leftovers
|upkeep
|turn|21
|
|t:|1611762066
|move|p2a: Dragapult|Draco Meteor|p1a: Swampert
|-damage|p1a: Swampert|10/100
|-unboost|p2a: Dragapult|spa|2
|move|p1a: Swampert|Flip Turn|p2a: Dragapult
|-resisted|p2a: Dragapult
|-damage|p2a: Dragapult|86/100
|
|t:|1611762067
|switch|p1a: Volcarona|Volcarona, F, shiny|100/100|[from]move: Flip Turn
|
|upkeep
|turn|22
|
|t:|1611762069
|move|p2a: Dragapult|Thunder Wave|p1a: Volcarona
|-status|p1a: Volcarona|par
|cant|p1a: Volcarona|par
|
|upkeep
|turn|23
|
|t:|1611762074
|switch|p2a: Clefable|Clefable, F|100/100
|move|p1a: Volcarona|Quiver Dance|p1a: Volcarona
|-boost|p1a: Volcarona|spa|1
|-boost|p1a: Volcarona|spd|1
|-boost|p1a: Volcarona|spe|1
|
|upkeep
|turn|24
|
|t:|1611762075
|cant|p1a: Volcarona|par
|move|p2a: Clefable|Calm Mind|p2a: Clefable
|-boost|p2a: Clefable|spa|1
|-boost|p2a: Clefable|spd|1
|
|upkeep
|turn|25
|
|t:|1611762080
|switch|p1a: Rillaboom|Rillaboom, F, shiny|100/100
|-fieldstart|move: Grassy Terrain|[from] ability: Grassy Surge|[of] p1a: Rillaboom
|move|p2a: Clefable|Calm Mind|p2a: Clefable
|-boost|p2a: Clefable|spa|1
|-boost|p2a: Clefable|spd|1
|
|upkeep
|turn|26
|
|t:|1611762083
|move|p1a: Rillaboom|Swords Dance|p1a: Rillaboom
|-boost|p1a: Rillaboom|atk|2
|move|p2a: Clefable|Moonblast|p1a: Rillaboom
|-damage|p1a: Rillaboom|0 fnt
|faint|p1a: Rillaboom
|
|upkeep
|
|t:|1611762088
|switch|p1a: Zygarde|Zygarde-10%|100/100
|-ability|p1a: Zygarde|Aura Break
|turn|27
|
|t:|1611762090
|move|p1a: Zygarde|Iron Tail|p2a: Clefable
|-supereffective|p2a: Clefable
|-damage|p2a: Clefable|28/100
|move|p2a: Clefable|Moonblast|p1a: Zygarde
|-supereffective|p1a: Zygarde
|-damage|p1a: Zygarde|0 fnt
|faint|p1a: Zygarde
|
|-heal|p2a: Clefable|35/100|[from] Grassy Terrain
|upkeep
|
|t:|1611762095
|switch|p1a: Volcarona|Volcarona, F, shiny|100/100 par
|turn|28
|
|t:|1611762096
|move|p2a: Clefable|Soft-Boiled|p2a: Clefable
|-heal|p2a: Clefable|85/100
|move|p1a: Volcarona|Quiver Dance|p1a: Volcarona
|-boost|p1a: Volcarona|spa|1
|-boost|p1a: Volcarona|spd|1
|-boost|p1a: Volcarona|spe|1
|
|-heal|p2a: Clefable|91/100|[from] Grassy Terrain
|upkeep
|turn|29
|
|t:|1611762098
|cant|p1a: Volcarona|par
|move|p2a: Clefable|Calm Mind|p2a: Clefable
|-boost|p2a: Clefable|spa|1
|-boost|p2a: Clefable|spd|1
|
|-heal|p2a: Clefable|97/100|[from] Grassy Terrain
|-fieldend|move: Grassy Terrain
|upkeep
|turn|30
|
|t:|1611762100
|move|p1a: Volcarona|Quiver Dance|p1a: Volcarona
|-boost|p1a: Volcarona|spa|1
|-boost|p1a: Volcarona|spd|1
|-boost|p1a: Volcarona|spe|1
|move|p2a: Clefable|Calm Mind|p2a: Clefable
|-boost|p2a: Clefable|spa|1
|-boost|p2a: Clefable|spd|1
|
|upkeep
|turn|31
|
|t:|1611762101
|move|p1a: Volcarona|Quiver Dance|p1a: Volcarona
|-boost|p1a: Volcarona|spa|1
|-boost|p1a: Volcarona|spd|1
|-boost|p1a: Volcarona|spe|1
|move|p2a: Clefable|Calm Mind|p2a: Clefable
|-boost|p2a: Clefable|spa|1
|-boost|p2a: Clefable|spd|1
|
|upkeep
|turn|32
|
|t:|1611762103
|move|p1a: Volcarona|Quiver Dance|p1a: Volcarona
|-boost|p1a: Volcarona|spa|1
|-boost|p1a: Volcarona|spd|1
|-boost|p1a: Volcarona|spe|1
|move|p2a: Clefable|Calm Mind|p2a: Clefable
|-boost|p2a: Clefable|spa|1
|-boost|p2a: Clefable|spd|1
|
|upkeep
|turn|33
|
|t:|1611762104
|cant|p1a: Volcarona|par
|move|p2a: Clefable|Thunderbolt|p1a: Volcarona
|-damage|p1a: Volcarona|65/100 par
|
|upkeep
|turn|34
|
|t:|1611762106
|move|p1a: Volcarona|Giga Drain|p2a: Clefable
|-damage|p2a: Clefable|77/100
|-heal|p1a: Volcarona|77/100 par|[from] drain|[of] p2a: Clefable
|move|p2a: Clefable|Thunderbolt|p1a: Volcarona
|-damage|p1a: Volcarona|41/100 par
|
|upkeep
|turn|35
|
|t:|1611762109
|move|p1a: Volcarona|Giga Drain|p2a: Clefable
|-damage|p2a: Clefable|58/100
|-heal|p1a: Volcarona|54/100 par|[from] drain|[of] p2a: Clefable
|move|p2a: Clefable|Thunderbolt|p1a: Volcarona
|-damage|p1a: Volcarona|19/100 par
|
|upkeep
|turn|36
|
|t:|1611762114
|move|p1a: Volcarona|Fiery Dance|p2a: Clefable
|-damage|p2a: Clefable|21/100
|-boost|p1a: Volcarona|spa|1
|move|p2a: Clefable|Soft-Boiled|p2a: Clefable
|-heal|p2a: Clefable|71/100
|
|upkeep
|turn|37
|
|t:|1611762118
|move|p1a: Volcarona|Fiery Dance|p2a: Clefable
|-damage|p2a: Clefable|29/100
|move|p2a: Clefable|Thunderbolt|p1a: Volcarona
|-damage|p1a: Volcarona|0 fnt
|faint|p1a: Volcarona
|
|upkeep
|
|t:|1611762120
|switch|p1a: Kommo-o|Kommo-o, F, shiny|75/100
|turn|38
|
|t:|1611762125
|move|p1a: Kommo-o|Earthquake|p2a: Clefable
|-damage|p2a: Clefable|6/100
|move|p2a: Clefable|Moonblast|p1a: Kommo-o
|-supereffective|p1a: Kommo-o
|-damage|p1a: Kommo-o|0 fnt
|faint|p1a: Kommo-o
|
|upkeep
|
|t:|1611762126
|switch|p1a: Swampert|Swampert, F, shiny|10/100
|turn|39
|j| air isn't fair
|j| KingStripe
|
|t:|1611762128
|move|p2a: Clefable|Moonblast|p1a: Swampert
|-damage|p1a: Swampert|0 fnt
|faint|p1a: Swampert
|
|win|wsdfg
|l| KingStripe
|l|☆wsdfg
|l|☆Cattleya1
||Ladder (probably) updated, but score could not be retrieved (Request timeout).
