|html|<div class="broadcast-blue"><strong>[Gen 8] OU is currently suspecting Melmetal! For information on how to participate check out the <a href="https://www.smogon.com/forums/threads/np-ss-ou-suspect-process-round-12-monster-mash.3709234/">suspect thread</a>.</strong></div>
|j|☆Cowsrule247
|j|☆minimax_ai
|t:|1666459544
|gametype|singles
|player|p1|Cowsrule247|skyla|1428
|player|p2|minimax_ai|lusamine-nihilego|1427
|teamsize|p1|6
|teamsize|p2|6
|gen|8
|tier|[Gen 8] OU
|rated|
|rule|Sleep Clause Mod: Limit one foe put to sleep
|rule|Species Clause: Limit one of each Pokémon
|rule|OHKO Clause: OHKO moves are banned
|rule|Evasion Items Clause: Evasion items are banned
|rule|Evasion Moves Clause: Evasion moves are banned
|rule|Endless Battle Clause: Forcing endless battles is banned
|rule|HP Percentage Mod: HP is shown in percentages
|rule|Dynamax Clause: You cannot dynamax
|clearpoke
|poke|p1|Corviknight, F|
|poke|p1|Gastrodon-East, F|
|poke|p1|Toxapex, M|
|poke|p1|Buzzwole|
|poke|p1|Clefable, F|
|poke|p1|Blissey, F|
|poke|p2|Rotom-Wash|
|poke|p2|Weavile, F|
|poke|p2|Landorus-Therian, M|
|poke|p2|Heatran, M|
|poke|p2|Tangrowth, M|
|poke|p2|Melmetal|
|teampreview
|inactive|Battle timer is ON: inactive players will automatically lose when time's up. (requested by Cowsrule247)
|c|☆minimax_ai|hf
|inactive|minimax_ai also wants the timer to be on.
|
|t:|1666459549
|start
|switch|p1a: HitEmFromTheEast|Gastrodon-East, F|100/100
|switch|p2a: landorustherian|Landorus-Therian, M|100/100
|-ability|p2a: landorustherian|Intimidate|boost
|-unboost|p1a: HitEmFromTheEast|atk|1
|turn|1
|
|t:|1666459552
|switch|p1a: Caw Bitch|Corviknight, F|100/100
|-ability|p1a: Caw Bitch|Pressure
|move|p2a: landorustherian|U-turn|p1a: Caw Bitch
|-resisted|p1a: Caw Bitch
|-damage|p1a: Caw Bitch|97/100
|
|t:|1666459552
|switch|p2a: Heatran|Heatran, M|100/100|[from]move: U-turn
|-item|p2a: Heatran|Air Balloon
|
|-heal|p1a: Caw Bitch|100/100|[from] item: Leftovers
|upkeep
|turn|2
|
|t:|1666459562
|switch|p1a: ;)|Toxapex, M|100/100
|move|p2a: Heatran|Magma Storm|p1a: ;)
|-resisted|p1a: ;)
|-damage|p1a: ;)|80/100
|-activate|p1a: ;)|move: Magma Storm|[of] p2a: Heatran
|
|-damage|p1a: ;)|68/100|[from] move: Magma Storm|[partiallytrapped]
|upkeep
|turn|3
|
|t:|1666459564
|move|p2a: Heatran|Magma Storm|p1a: ;)
|-resisted|p1a: ;)
|-damage|p1a: ;)|45/100
|move|p1a: ;)|Scald|p2a: Heatran
|-supereffective|p2a: Heatran
|-damage|p2a: Heatran|66/100
|-enditem|p2a: Heatran|Air Balloon
|
|-damage|p1a: ;)|32/100|[from] move: Magma Storm|[partiallytrapped]
|upkeep
|turn|4
|
|t:|1666459566
|switch|p1a: HitEmFromTheEast|Gastrodon-East, F|100/100
|move|p2a: Heatran|Stealth Rock|p1a: HitEmFromTheEast
|-sidestart|p1: Cowsrule247|move: Stealth Rock
|
|upkeep
|turn|5
|
|t:|1666459574
|switch|p2a: rotomwash|Rotom-Wash|100/100
|move|p1a: HitEmFromTheEast|Scald|p2a: rotomwash
|-resisted|p2a: rotomwash
|-damage|p2a: rotomwash|87/100
|
|-heal|p2a: rotomwash|94/100|[from] item: Leftovers
|upkeep
|turn|6
|
|t:|1666459577
|move|p2a: rotomwash|Nasty Plot|p2a: rotomwash
|-boost|p2a: rotomwash|spa|2
|move|p1a: HitEmFromTheEast|Toxic|p2a: rotomwash
|-status|p2a: rotomwash|tox
|
|-heal|p2a: rotomwash|99/100 tox|[from] item: Leftovers
|-damage|p2a: rotomwash|94/100 tox|[from] psn
|upkeep
|turn|7
|
|t:|1666459582
|switch|p1a: thicc|Blissey, F|100/100
|move|p2a: rotomwash|Nasty Plot|p2a: rotomwash
|-boost|p2a: rotomwash|spa|2
|
|-heal|p2a: rotomwash|99/100 tox|[from] item: Leftovers
|-damage|p2a: rotomwash|87/100 tox|[from] psn
|upkeep
|turn|8
|
|t:|1666459586
|switch|p2a: Melmetal|Melmetal|100/100
|move|p1a: thicc|Seismic Toss|p2a: Melmetal
|-damage|p2a: Melmetal|78/100
|
|upkeep
|turn|9
|
|t:|1666459597
|switch|p1a: ;)|Toxapex, M|66/100
|-damage|p1a: ;)|53/100|[from] Stealth Rock
|move|p2a: Melmetal|Double Iron Bash|p1a: ;)
|-resisted|p1a: ;)
|-damage|p1a: ;)|40/100
|-resisted|p1a: ;)
|-damage|p1a: ;)|29/100
|-hitcount|p1a: ;)|2
|
|upkeep
|turn|10
|
|t:|1666459599
|switch|p1a: SWOLE|Buzzwole, shiny|100/100
|move|p2a: Melmetal|Double Iron Bash|p1a: SWOLE
|-damage|p1a: SWOLE|80/100
|-damage|p1a: SWOLE|60/100
|-hitcount|p1a: SWOLE|2
|
|upkeep
|turn|11
|
|t:|1666459605
|switch|p2a: Tangrowth|Tangrowth, M|100/100
|move|p1a: SWOLE|Roost|p1a: SWOLE
|-heal|p1a: SWOLE|100/100
|-singleturn|p1a: SWOLE|move: Roost
|
|upkeep
|turn|12
|
|t:|1666459616
|switch|p1a: thicc|Blissey, F|100/100
|move|p2a: Tangrowth|Sleep Powder|p1a: thicc|[miss]
|-miss|p2a: Tangrowth|p1a: thicc
|
|upkeep
|turn|13
|
|t:|1666459621
|switch|p2a: Melmetal|Melmetal|78/100
|move|p1a: thicc|Toxic|p2a: Melmetal
|-immune|p2a: Melmetal
|
|upkeep
|turn|14
|
|t:|1666459624
|switch|p1a: SWOLE|Buzzwole, shiny|100/100
|move|p2a: Melmetal|Double Iron Bash|p1a: SWOLE
|-damage|p1a: SWOLE|80/100
|-damage|p1a: SWOLE|59/100
|-hitcount|p1a: SWOLE|2
|
|upkeep
|turn|15
|
|t:|1666459629
|switch|p2a: Tangrowth|Tangrowth, M|100/100
|move|p1a: SWOLE|Roost|p1a: SWOLE
|-heal|p1a: SWOLE|100/100
|-singleturn|p1a: SWOLE|move: Roost
|
|upkeep
|turn|16
|inactive|Cowsrule247 has 120 seconds left.
|
|t:|1666459662
|switch|p1a: thicc|Blissey, F|100/100
|move|p2a: Tangrowth|Sleep Powder|p1a: thicc
|-status|p1a: thicc|slp|[from] move: Sleep Powder
|
|upkeep
|turn|17
|
|t:|1666459666
|-curestatus|p1a: thicc|slp|[from] ability: Natural Cure
|switch|p1a: SWOLE|Buzzwole, shiny|100/100
|move|p2a: Tangrowth|Sleep Powder|p1a: SWOLE
|-status|p1a: SWOLE|slp|[from] move: Sleep Powder
|
|upkeep
|turn|18
|
|t:|1666459677
|switch|p1a: ;)|Toxapex, M|62/100
|-damage|p1a: ;)|50/100|[from] Stealth Rock
|move|p2a: Tangrowth|Focus Blast|p1a: ;)
|-resisted|p1a: ;)
|-damage|p1a: ;)|38/100
|
|upkeep
|turn|19
|
|t:|1666459681
|move|p2a: Tangrowth|Giga Drain|p1a: ;)
|-damage|p1a: ;)|14/100
|move|p1a: ;)|Knock Off|p2a: Tangrowth
|-damage|p2a: Tangrowth|92/100
|-damage|p1a: ;)|0 fnt|[from] item: Rocky Helmet|[of] p2a: Tangrowth
|faint|p1a: ;)
|
|upkeep
|
|t:|1666459688
|switch|p1a: Treble|Clefable, F|100/100
|-damage|p1a: Treble|88/100|[from] Stealth Rock
|turn|20
|
|t:|1666459691
|switch|p2a: Melmetal|Melmetal|78/100
|move|p1a: Treble|Wish|p1a: Treble
|
|-heal|p1a: Treble|94/100|[from] item: Leftovers
|upkeep
|turn|21
|
|t:|1666459693
|switch|p1a: SWOLE|Buzzwole, shiny|100/100 slp
|move|p2a: Melmetal|Ice Punch|p1a: SWOLE
|-damage|p1a: SWOLE|81/100 slp
|
|-heal|p1a: SWOLE|100/100 slp|[from] move: Wish|[wisher] Treble
|upkeep
|turn|22
|
|t:|1666459701
|switch|p1a: Caw Bitch|Corviknight, F|100/100
|-damage|p1a: Caw Bitch|88/100|[from] Stealth Rock
|-ability|p1a: Caw Bitch|Pressure
|move|p2a: Melmetal|Double Iron Bash|p1a: Caw Bitch
|-resisted|p1a: Caw Bitch
|-damage|p1a: Caw Bitch|74/100
|-resisted|p1a: Caw Bitch
|-damage|p1a: Caw Bitch|62/100
|-hitcount|p1a: Caw Bitch|2
|
|-heal|p1a: Caw Bitch|68/100|[from] item: Leftovers
|upkeep
|turn|23
|
|t:|1666459707
|move|p1a: Caw Bitch|Iron Defense|p1a: Caw Bitch
|-boost|p1a: Caw Bitch|def|2
|move|p2a: Melmetal|Thunder Punch|p1a: Caw Bitch
|-supereffective|p1a: Caw Bitch
|-damage|p1a: Caw Bitch|44/100
|
|-heal|p1a: Caw Bitch|50/100|[from] item: Leftovers
|upkeep
|turn|24
|
|t:|1666459712
|switch|p2a: rotomwash|Rotom-Wash|87/100 tox
|move|p1a: Caw Bitch|Roost|p1a: Caw Bitch
|-heal|p1a: Caw Bitch|99/100
|-singleturn|p1a: Caw Bitch|move: Roost
|
|-heal|p2a: rotomwash|94/100 tox|[from] item: Leftovers
|-heal|p1a: Caw Bitch|100/100|[from] item: Leftovers
|-damage|p2a: rotomwash|87/100 tox|[from] psn
|upkeep
|turn|25
|
|t:|1666459722
|switch|p1a: thicc|Blissey, F|100/100
|move|p2a: rotomwash|Thunderbolt|p1a: thicc
|-damage|p1a: thicc|87/100
|
|-heal|p2a: rotomwash|94/100 tox|[from] item: Leftovers
|-damage|p2a: rotomwash|81/100 tox|[from] psn
|upkeep
|turn|26
|
|t:|1666459745
|move|p2a: rotomwash|Nasty Plot|p2a: rotomwash
|-boost|p2a: rotomwash|spa|2
|move|p1a: thicc|Stealth Rock|p2a: rotomwash
|-sidestart|p2: minimax_ai|move: Stealth Rock
|
|-heal|p2a: rotomwash|87/100 tox|[from] item: Leftovers
|-damage|p2a: rotomwash|69/100 tox|[from] psn
|upkeep
|turn|27
|inactive|Cowsrule247 has 120 seconds left.
|
|t:|1666459776
|move|p2a: rotomwash|Thunderbolt|p1a: thicc
|-damage|p1a: thicc|60/100
|move|p1a: thicc|Seismic Toss|p2a: rotomwash
|-damage|p2a: rotomwash|36/100 tox
|
|-heal|p2a: rotomwash|42/100 tox|[from] item: Leftovers
|-damage|p2a: rotomwash|17/100 tox|[from] psn
|upkeep
|turn|28
|
|t:|1666459779
|move|p2a: rotomwash|Pain Split|p1a: thicc
|-sethp|p1a: thicc|34/100|[from] move: Pain Split|[silent]
|-sethp|p2a: rotomwash|78/100 tox|[from] move: Pain Split
|move|p1a: thicc|Soft-Boiled|p1a: thicc
|-heal|p1a: thicc|84/100
|
|-heal|p2a: rotomwash|84/100 tox|[from] item: Leftovers
|-damage|p2a: rotomwash|53/100 tox|[from] psn
|upkeep
|turn|29
|inactive|Cowsrule247 has 120 seconds left.
|
|t:|1666459794
|switch|p1a: HitEmFromTheEast|Gastrodon-East, F|100/100
|-damage|p1a: HitEmFromTheEast|94/100|[from] Stealth Rock
|move|p2a: rotomwash|Pain Split|p1a: HitEmFromTheEast
|-sethp|p1a: HitEmFromTheEast|66/100|[from] move: Pain Split|[silent]
|-sethp|p2a: rotomwash|93/100 tox|[from] move: Pain Split
|
|-heal|p2a: rotomwash|99/100 tox|[from] item: Leftovers
|-heal|p1a: HitEmFromTheEast|72/100|[from] item: Leftovers
|-damage|p2a: rotomwash|61/100 tox|[from] psn
|upkeep
|turn|30
|inactive|Cowsrule247 has 120 seconds left.
|
|t:|1666459805
|move|p2a: rotomwash|Nasty Plot|p2a: rotomwash
|-boost|p2a: rotomwash|spa|2
|move|p1a: HitEmFromTheEast|Recover|p1a: HitEmFromTheEast
|-heal|p1a: HitEmFromTheEast|100/100
|
|-heal|p2a: rotomwash|68/100 tox|[from] item: Leftovers
|-damage|p2a: rotomwash|24/100 tox|[from] psn
|upkeep
|turn|31
|
|t:|1666459808
|move|p2a: rotomwash|Pain Split|p1a: HitEmFromTheEast
|-sethp|p1a: HitEmFromTheEast|59/100|[from] move: Pain Split|[silent]
|-sethp|p2a: rotomwash|82/100 tox|[from] move: Pain Split
|move|p1a: HitEmFromTheEast|Scald|p2a: rotomwash
|-resisted|p2a: rotomwash
|-damage|p2a: rotomwash|68/100 tox
|
|-heal|p2a: rotomwash|74/100 tox|[from] item: Leftovers
|-heal|p1a: HitEmFromTheEast|65/100|[from] item: Leftovers
|-damage|p2a: rotomwash|24/100 tox|[from] psn
|upkeep
|turn|32
|
|t:|1666459812
|move|p2a: rotomwash|Pain Split|p1a: HitEmFromTheEast
|-sethp|p1a: HitEmFromTheEast|41/100|[from] move: Pain Split|[silent]
|-sethp|p2a: rotomwash|57/100 tox|[from] move: Pain Split
|move|p1a: HitEmFromTheEast|Recover|p1a: HitEmFromTheEast
|-heal|p1a: HitEmFromTheEast|91/100
|
|-heal|p2a: rotomwash|63/100 tox|[from] item: Leftovers
|-heal|p1a: HitEmFromTheEast|97/100|[from] item: Leftovers
|-damage|p2a: rotomwash|7/100 tox|[from] psn
|upkeep
|turn|33
|
|t:|1666459814
|move|p2a: rotomwash|Pain Split|p1a: HitEmFromTheEast
|-sethp|p1a: HitEmFromTheEast|51/100|[from] move: Pain Split|[silent]
|-sethp|p2a: rotomwash|71/100 tox|[from] move: Pain Split
|move|p1a: HitEmFromTheEast|Recover|p1a: HitEmFromTheEast
|-heal|p1a: HitEmFromTheEast|100/100
|
|-heal|p2a: rotomwash|77/100 tox|[from] item: Leftovers
|-damage|p2a: rotomwash|15/100 tox|[from] psn
|upkeep
|turn|34
|
|t:|1666459819
|move|p2a: rotomwash|Pain Split|p1a: HitEmFromTheEast
|-sethp|p1a: HitEmFromTheEast|56/100|[from] move: Pain Split|[silent]
|-sethp|p2a: rotomwash|78/100 tox|[from] move: Pain Split
|move|p1a: HitEmFromTheEast|Scald|p2a: rotomwash
|-resisted|p2a: rotomwash
|-damage|p2a: rotomwash|64/100 tox
|
|-heal|p2a: rotomwash|70/100 tox|[from] item: Leftovers
|-heal|p1a: HitEmFromTheEast|62/100|[from] item: Leftovers
|-damage|p2a: rotomwash|1/100 tox|[from] psn
|upkeep
|turn|35
|
|t:|1666459825
|move|p2a: rotomwash|Pain Split|p1a: HitEmFromTheEast
|-sethp|p1a: HitEmFromTheEast|31/100|[from] move: Pain Split|[silent]
|-sethp|p2a: rotomwash|44/100 tox|[from] move: Pain Split
|move|p1a: HitEmFromTheEast|Recover|p1a: HitEmFromTheEast
|-heal|p1a: HitEmFromTheEast|81/100
|
|-heal|p2a: rotomwash|50/100 tox|[from] item: Leftovers
|-heal|p1a: HitEmFromTheEast|88/100|[from] item: Leftovers
|-damage|p2a: rotomwash|0 fnt|[from] psn
|faint|p2a: rotomwash
|upkeep
|
|t:|1666459825
|switch|p2a: Tangrowth|Tangrowth, M|100/100
|-damage|p2a: Tangrowth|88/100|[from] Stealth Rock
|turn|36
|
|t:|1666459833
|switch|p1a: thicc|Blissey, F|84/100
|move|p2a: Tangrowth|Giga Drain|p1a: thicc
|-damage|p1a: thicc|73/100
|-heal|p2a: Tangrowth|97/100|[from] drain|[of] p1a: thicc
|
|upkeep
|turn|37
|
|t:|1666459837
|switch|p2a: Melmetal|Melmetal|78/100
|-damage|p2a: Melmetal|72/100|[from] Stealth Rock
|move|p1a: thicc|Toxic|p2a: Melmetal|[miss]
|-miss|p1a: thicc|p2a: Melmetal
|
|upkeep
|turn|38
|
|t:|1666459842
|switch|p1a: Caw Bitch|Corviknight, F|100/100
|-damage|p1a: Caw Bitch|88/100|[from] Stealth Rock
|-ability|p1a: Caw Bitch|Pressure
|move|p2a: Melmetal|Double Iron Bash|p1a: Caw Bitch
|-resisted|p1a: Caw Bitch
|-damage|p1a: Caw Bitch|74/100
|-resisted|p1a: Caw Bitch
|-damage|p1a: Caw Bitch|61/100
|-hitcount|p1a: Caw Bitch|2
|
|-heal|p1a: Caw Bitch|68/100|[from] item: Leftovers
|upkeep
|turn|39
|
|t:|1666459851
|move|p1a: Caw Bitch|Iron Defense|p1a: Caw Bitch
|-boost|p1a: Caw Bitch|def|2
|move|p2a: Melmetal|Thunder Punch|p1a: Caw Bitch
|-supereffective|p1a: Caw Bitch
|-damage|p1a: Caw Bitch|48/100
|
|-heal|p1a: Caw Bitch|54/100|[from] item: Leftovers
|upkeep
|turn|40
|
|t:|1666459852
|switch|p2a: landorustherian|Landorus-Therian, M|100/100
|-damage|p2a: landorustherian|88/100|[from] Stealth Rock
|-ability|p2a: landorustherian|Intimidate|boost
|-unboost|p1a: Caw Bitch|atk|1
|move|p1a: Caw Bitch|Roost|p1a: Caw Bitch
|-heal|p1a: Caw Bitch|100/100
|-singleturn|p1a: Caw Bitch|move: Roost
|
|-heal|p2a: landorustherian|94/100|[from] item: Leftovers
|upkeep
|turn|41
|
|t:|1666459863
|move|p2a: landorustherian|Defog|p1a: Caw Bitch
|-unboost|p1a: Caw Bitch|evasion|1
|-sideend|p1: Cowsrule247|Stealth Rock|[from] move: Defog|[of] p2a: landorustherian
|-sideend|p2: minimax_ai|Stealth Rock|[from] move: Defog|[of] p2a: landorustherian
|move|p1a: Caw Bitch|Defog|p2a: landorustherian
|-unboost|p2a: landorustherian|evasion|1
|
|-heal|p2a: landorustherian|99/100|[from] item: Leftovers
|upkeep
|turn|42
|
|t:|1666459868
|switch|p2a: Tangrowth|Tangrowth, M|100/100
|switch|p1a: Treble|Clefable, F|94/100
|
|-heal|p1a: Treble|99/100|[from] item: Leftovers
|upkeep
|turn|43
|
|t:|1666459872
|move|p1a: Treble|Heal Bell|p1a: Treble
|-activate|p1a: Treble|move: Heal Bell
|-curestatus|p1: SWOLE|slp|[msg]
|move|p2a: Tangrowth|Knock Off|p1a: Treble
|-resisted|p1a: Treble
|-damage|p1a: Treble|91/100
|-enditem|p1a: Treble|Leftovers|[from] move: Knock Off|[of] p2a: Tangrowth
|
|upkeep
|turn|44
|
|t:|1666459877
|move|p1a: Treble|Moonblast|p2a: Tangrowth
|-damage|p2a: Tangrowth|56/100
|move|p2a: Tangrowth|Focus Blast|p1a: Treble|[miss]
|-miss|p2a: Tangrowth|p1a: Treble
|
|upkeep
|turn|45
|
|t:|1666459882
|switch|p2a: landorustherian|Landorus-Therian, M|99/100
|-ability|p2a: landorustherian|Intimidate|boost
|-unboost|p1a: Treble|atk|1
|move|p1a: Treble|Moonblast|p2a: landorustherian
|-damage|p2a: landorustherian|76/100
|
|-heal|p2a: landorustherian|82/100|[from] item: Leftovers
|upkeep
|turn|46
|
|t:|1666459885
|switch|p1a: Caw Bitch|Corviknight, F|100/100
|-ability|p1a: Caw Bitch|Pressure
|move|p2a: landorustherian|Earthquake|p1a: Caw Bitch
|-immune|p1a: Caw Bitch
|
|-heal|p2a: landorustherian|88/100|[from] item: Leftovers
|upkeep
|turn|47
|
|t:|1666459890
|switch|p2a: Tangrowth|Tangrowth, M|89/100
|move|p1a: Caw Bitch|Iron Defense|p1a: Caw Bitch
|-boost|p1a: Caw Bitch|def|2
|
|upkeep
|turn|48
|
|t:|1666459893
|switch|p1a: Treble|Clefable, F|91/100
|move|p2a: Tangrowth|Focus Blast|p1a: Treble|[miss]
|-miss|p2a: Tangrowth|p1a: Treble
|
|upkeep
|turn|49
|
|t:|1666459895
|move|p1a: Treble|Moonblast|p2a: Tangrowth
|-damage|p2a: Tangrowth|47/100
|move|p2a: Tangrowth|Giga Drain|p1a: Treble
|-damage|p1a: Treble|70/100
|-heal|p2a: Tangrowth|57/100|[from] drain|[of] p1a: Treble
|
|upkeep
|turn|50
|
|t:|1666459900
|switch|p2a: landorustherian|Landorus-Therian, M|88/100
|-ability|p2a: landorustherian|Intimidate|boost
|-unboost|p1a: Treble|atk|1
|move|p1a: Treble|Moonblast|p2a: landorustherian
|-damage|p2a: landorustherian|63/100
|
|-heal|p2a: landorustherian|70/100|[from] item: Leftovers
|upkeep
|turn|51
|
|t:|1666459903
|switch|p1a: Caw Bitch|Corviknight, F|100/100
|-ability|p1a: Caw Bitch|Pressure
|move|p2a: landorustherian|Earthquake|p1a: Caw Bitch
|-immune|p1a: Caw Bitch
|
|-heal|p2a: landorustherian|76/100|[from] item: Leftovers
|upkeep
|turn|52
|
|t:|1666459905
|switch|p2a: Tangrowth|Tangrowth, M|90/100
|move|p1a: Caw Bitch|Iron Defense|p1a: Caw Bitch
|-boost|p1a: Caw Bitch|def|2
|
|upkeep
|turn|53
|
|t:|1666459907
|switch|p1a: Treble|Clefable, F|70/100
|move|p2a: Tangrowth|Focus Blast|p1a: Treble
|-resisted|p1a: Treble
|-damage|p1a: Treble|58/100
|
|upkeep
|turn|54
|
|t:|1666459908
|switch|p2a: landorustherian|Landorus-Therian, M|76/100
|-ability|p2a: landorustherian|Intimidate|boost
|-unboost|p1a: Treble|atk|1
|move|p1a: Treble|Moonblast|p2a: landorustherian
|-damage|p2a: landorustherian|51/100
|
|-heal|p2a: landorustherian|57/100|[from] item: Leftovers
|upkeep
|turn|55
|
|t:|1666459912
|move|p2a: landorustherian|Earthquake|p1a: Treble
|-damage|p1a: Treble|14/100
|move|p1a: Treble|Wish|p1a: Treble
|
|-heal|p2a: landorustherian|63/100|[from] item: Leftovers
|upkeep
|turn|56
|
|t:|1666459914
|switch|p2a: Heatran|Heatran, M|66/100
|move|p1a: Treble|Protect||[still]
|-fail|p1a: Treble
|
|-heal|p1a: Treble|64/100|[from] move: Wish|[wisher] Treble
|upkeep
|turn|57
|
|t:|1666459918
|switch|p1a: HitEmFromTheEast|Gastrodon-East, F|88/100
|move|p2a: Heatran|Stealth Rock|p1a: HitEmFromTheEast
|-sidestart|p1: Cowsrule247|move: Stealth Rock
|
|-heal|p1a: HitEmFromTheEast|94/100|[from] item: Leftovers
|upkeep
|turn|58
|
|t:|1666459921
|switch|p2a: Tangrowth|Tangrowth, M|100/100
|move|p1a: HitEmFromTheEast|Scald|p2a: Tangrowth
|-resisted|p2a: Tangrowth
|-damage|p2a: Tangrowth|82/100
|-status|p2a: Tangrowth|brn
|
|-heal|p1a: HitEmFromTheEast|99/100|[from] item: Leftovers
|-damage|p2a: Tangrowth|76/100 brn|[from] brn
|upkeep
|turn|59
|
|t:|1666459929
|switch|p1a: thicc|Blissey, F|73/100
|move|p2a: Tangrowth|Giga Drain|p1a: thicc
|-damage|p1a: thicc|63/100
|-heal|p2a: Tangrowth|85/100 brn|[from] drain|[of] p1a: thicc
|
|-damage|p2a: Tangrowth|79/100 brn|[from] brn
|upkeep
|turn|60
|
|t:|1666459931
|switch|p2a: Melmetal|Melmetal|72/100
|move|p1a: thicc|Seismic Toss|p2a: Melmetal
|-damage|p2a: Melmetal|49/100
|
|upkeep
|turn|61
|
|t:|1666459935
|switch|p1a: SWOLE|Buzzwole, shiny|100/100
|move|p2a: Melmetal|Double Iron Bash|p1a: SWOLE
|-damage|p1a: SWOLE|78/100
|-damage|p1a: SWOLE|55/100
|-hitcount|p1a: SWOLE|2
|
|upkeep
|turn|62
|
|t:|1666459939
|switch|p2a: Tangrowth|Tangrowth, M|100/100 brn
|move|p1a: SWOLE|Roost|p1a: SWOLE
|-heal|p1a: SWOLE|100/100
|-singleturn|p1a: SWOLE|move: Roost
|
|-damage|p2a: Tangrowth|94/100 brn|[from] brn
|upkeep
|turn|63
|
|t:|1666459948
|switch|p1a: thicc|Blissey, F|63/100
|move|p2a: Tangrowth|Focus Blast|p1a: thicc
|-supereffective|p1a: thicc
|-damage|p1a: thicc|41/100
|
|-damage|p2a: Tangrowth|88/100 brn|[from] brn
|upkeep
|turn|64
|
|t:|1666459950
|switch|p2a: Melmetal|Melmetal|49/100
|move|p1a: thicc|Soft-Boiled|p1a: thicc
|-heal|p1a: thicc|91/100
|
|upkeep
|turn|65
|
|t:|1666459953
|switch|p1a: SWOLE|Buzzwole, shiny|100/100
|move|p2a: Melmetal|Ice Punch|p1a: SWOLE
|-damage|p1a: SWOLE|81/100
|
|upkeep
|turn|66
|
|t:|1666459956
|switch|p2a: landorustherian|Landorus-Therian, M|63/100
|-ability|p2a: landorustherian|Intimidate|boost
|-unboost|p1a: SWOLE|atk|1
|move|p1a: SWOLE|Close Combat|p2a: landorustherian
|-resisted|p2a: landorustherian
|-damage|p2a: landorustherian|42/100
|-unboost|p1a: SWOLE|def|1
|-unboost|p1a: SWOLE|spd|1
|
|-heal|p2a: landorustherian|49/100|[from] item: Leftovers
|upkeep
|turn|67
|
|t:|1666459958
|switch|p2a: Melmetal|Melmetal|49/100
|move|p1a: SWOLE|Ice Punch|p2a: Melmetal
|-resisted|p2a: Melmetal
|-damage|p2a: Melmetal|44/100
|
|upkeep
|turn|68
|
|t:|1666459961
|switch|p1a: Caw Bitch|Corviknight, F|100/100
|-damage|p1a: Caw Bitch|88/100|[from] Stealth Rock
|-ability|p1a: Caw Bitch|Pressure
|move|p2a: Melmetal|Ice Punch|p1a: Caw Bitch
|-damage|p1a: Caw Bitch|65/100
|
|-heal|p1a: Caw Bitch|71/100|[from] item: Leftovers
|upkeep
|turn|69
|
|t:|1666459962
|move|p1a: Caw Bitch|Iron Defense|p1a: Caw Bitch
|-boost|p1a: Caw Bitch|def|2
|move|p2a: Melmetal|Thunder Punch|p1a: Caw Bitch
|-supereffective|p1a: Caw Bitch
|-damage|p1a: Caw Bitch|50/100
|
|-heal|p1a: Caw Bitch|57/100|[from] item: Leftovers
|upkeep
|turn|70
|
|t:|1666459964
|switch|p2a: landorustherian|Landorus-Therian, M|49/100
|-ability|p2a: landorustherian|Intimidate|boost
|-unboost|p1a: Caw Bitch|atk|1
|move|p1a: Caw Bitch|Roost|p1a: Caw Bitch
|-heal|p1a: Caw Bitch|100/100
|-singleturn|p1a: Caw Bitch|move: Roost
|
|-heal|p2a: landorustherian|55/100|[from] item: Leftovers
|upkeep
|turn|71
|
|t:|1666459969
|move|p2a: landorustherian|U-turn|p1a: Caw Bitch
|-resisted|p1a: Caw Bitch
|-damage|p1a: Caw Bitch|98/100
|
|t:|1666459969
|switch|p2a: Tangrowth|Tangrowth, M|100/100 brn|[from]move: U-turn
|move|p1a: Caw Bitch|Defog|p2a: Tangrowth
|-unboost|p2a: Tangrowth|evasion|1
|-sideend|p1: Cowsrule247|Stealth Rock|[from] move: Defog|[of] p1a: Caw Bitch
|
|-heal|p1a: Caw Bitch|100/100|[from] item: Leftovers
|-damage|p2a: Tangrowth|94/100 brn|[from] brn
|upkeep
|turn|72
|
|t:|1666459975
|switch|p1a: thicc|Blissey, F|91/100
|move|p2a: Tangrowth|Focus Blast|p1a: thicc
|-supereffective|p1a: thicc
|-damage|p1a: thicc|70/100
|-unboost|p1a: thicc|spd|1
|
|-damage|p2a: Tangrowth|88/100 brn|[from] brn
|upkeep
|turn|73
|
|t:|1666459976
|switch|p2a: Heatran|Heatran, M|66/100
|move|p1a: thicc|Stealth Rock|p2a: Heatran
|-sidestart|p2: minimax_ai|move: Stealth Rock
|
|upkeep
|turn|74
|
|t:|1666459978
|switch|p1a: HitEmFromTheEast|Gastrodon-East, F|99/100
|move|p2a: Heatran|Stealth Rock|p1a: HitEmFromTheEast
|-sidestart|p1: Cowsrule247|move: Stealth Rock
|
|-heal|p1a: HitEmFromTheEast|100/100|[from] item: Leftovers
|upkeep
|turn|75
|
|t:|1666459980
|switch|p2a: Tangrowth|Tangrowth, M|100/100 brn
|-damage|p2a: Tangrowth|88/100 brn|[from] Stealth Rock
|move|p1a: HitEmFromTheEast|Scald|p2a: Tangrowth
|-resisted|p2a: Tangrowth
|-damage|p2a: Tangrowth|68/100 brn
|
|-damage|p2a: Tangrowth|62/100 brn|[from] brn
|upkeep
|turn|76
|
|t:|1666459983
|switch|p1a: thicc|Blissey, F|70/100
|move|p2a: Tangrowth|Giga Drain|p1a: thicc
|-damage|p1a: thicc|60/100
|-heal|p2a: Tangrowth|71/100 brn|[from] drain|[of] p1a: thicc
|
|-damage|p2a: Tangrowth|65/100 brn|[from] brn
|upkeep
|turn|77
|
|t:|1666459985
|move|p1a: thicc|Seismic Toss|p2a: Tangrowth
|-damage|p2a: Tangrowth|40/100 brn
|-damage|p1a: thicc|44/100|[from] item: Rocky Helmet|[of] p2a: Tangrowth
|move|p2a: Tangrowth|Giga Drain|p1a: thicc
|-damage|p1a: thicc|34/100
|-heal|p2a: Tangrowth|49/100 brn|[from] drain|[of] p1a: thicc
|
|-damage|p2a: Tangrowth|42/100 brn|[from] brn
|upkeep
|turn|78
|
|t:|1666459987
|switch|p2a: landorustherian|Landorus-Therian, M|55/100
|-damage|p2a: landorustherian|42/100|[from] Stealth Rock
|-ability|p2a: landorustherian|Intimidate|boost
|-unboost|p1a: thicc|atk|1
|move|p1a: thicc|Soft-Boiled|p1a: thicc
|-heal|p1a: thicc|84/100
|
|-heal|p2a: landorustherian|48/100|[from] item: Leftovers
|upkeep
|turn|79
|
|t:|1666459992
|switch|p2a: Tangrowth|Tangrowth, M|75/100 brn
|-damage|p2a: Tangrowth|63/100 brn|[from] Stealth Rock
|switch|p1a: Caw Bitch|Corviknight, F|100/100
|-damage|p1a: Caw Bitch|88/100|[from] Stealth Rock
|-ability|p1a: Caw Bitch|Pressure
|
|-heal|p1a: Caw Bitch|94/100|[from] item: Leftovers
|-damage|p2a: Tangrowth|57/100 brn|[from] brn
|upkeep
|turn|80
|
|t:|1666459999
|switch|p2a: landorustherian|Landorus-Therian, M|48/100
|-damage|p2a: landorustherian|36/100|[from] Stealth Rock
|-ability|p2a: landorustherian|Intimidate|boost
|-unboost|p1a: Caw Bitch|atk|1
|move|p1a: Caw Bitch|Body Press|p2a: landorustherian
|-resisted|p2a: landorustherian
|-damage|p2a: landorustherian|24/100
|
|-heal|p2a: landorustherian|30/100|[from] item: Leftovers
|-heal|p1a: Caw Bitch|100/100|[from] item: Leftovers
|upkeep
|turn|81
|
|t:|1666460002
|move|p2a: landorustherian|Defog|p1a: Caw Bitch
|-unboost|p1a: Caw Bitch|evasion|1
|-sideend|p1: Cowsrule247|Stealth Rock|[from] move: Defog|[of] p2a: landorustherian
|-sideend|p2: minimax_ai|Stealth Rock|[from] move: Defog|[of] p2a: landorustherian
|move|p1a: Caw Bitch|Body Press|p2a: landorustherian
|-resisted|p2a: landorustherian
|-damage|p2a: landorustherian|19/100
|
|-heal|p2a: landorustherian|25/100|[from] item: Leftovers
|upkeep
|turn|82
|
|t:|1666460006
|switch|p2a: Tangrowth|Tangrowth, M|90/100 brn
|move|p1a: Caw Bitch|Body Press|p2a: Tangrowth
|-damage|p2a: Tangrowth|78/100 brn
|-damage|p1a: Caw Bitch|84/100|[from] item: Rocky Helmet|[of] p2a: Tangrowth
|
|-heal|p1a: Caw Bitch|90/100|[from] item: Leftovers
|-damage|p2a: Tangrowth|72/100 brn|[from] brn
|upkeep
|turn|83
|
|t:|1666460008
|switch|p1a: thicc|Blissey, F|84/100
|switch|p2a: landorustherian|Landorus-Therian, M|25/100
|-ability|p2a: landorustherian|Intimidate|boost
|-unboost|p1a: thicc|atk|1
|
|-heal|p2a: landorustherian|31/100|[from] item: Leftovers
|upkeep
|turn|84
|
|t:|1666460013
|move|p2a: landorustherian|Earthquake|p1a: thicc
|-damage|p1a: thicc|42/100
|move|p1a: thicc|Stealth Rock|p2a: landorustherian
|-sidestart|p2: minimax_ai|move: Stealth Rock
|
|-heal|p2a: landorustherian|37/100|[from] item: Leftovers
|upkeep
|turn|85
|
|t:|1666460016
|switch|p1a: Caw Bitch|Corviknight, F|90/100
|-ability|p1a: Caw Bitch|Pressure
|move|p2a: landorustherian|Defog|p1a: Caw Bitch
|-unboost|p1a: Caw Bitch|evasion|1
|-sideend|p2: minimax_ai|Stealth Rock|[from] move: Defog|[of] p2a: landorustherian
|
|-heal|p2a: landorustherian|43/100|[from] item: Leftovers
|-heal|p1a: Caw Bitch|96/100|[from] item: Leftovers
|upkeep
|turn|86
|
|t:|1666460021
|move|p2a: landorustherian|U-turn|p1a: Caw Bitch
|-resisted|p1a: Caw Bitch
|-damage|p1a: Caw Bitch|93/100
|
|t:|1666460021
|switch|p2a: Tangrowth|Tangrowth, M|100/100 brn|[from]move: U-turn
|move|p1a: Caw Bitch|Iron Defense|p1a: Caw Bitch
|-boost|p1a: Caw Bitch|def|2
|
|-heal|p1a: Caw Bitch|99/100|[from] item: Leftovers
|-damage|p2a: Tangrowth|94/100 brn|[from] brn
|upkeep
|turn|87
|
|t:|1666460025
|move|p1a: Caw Bitch|Body Press|p2a: Tangrowth
|-damage|p2a: Tangrowth|70/100 brn
|-damage|p1a: Caw Bitch|82/100|[from] item: Rocky Helmet|[of] p2a: Tangrowth
|move|p2a: Tangrowth|Focus Blast|p1a: Caw Bitch
|-crit|p1a: Caw Bitch
|-damage|p1a: Caw Bitch|41/100
|
|-heal|p1a: Caw Bitch|47/100|[from] item: Leftovers
|-damage|p2a: Tangrowth|64/100 brn|[from] brn
|upkeep
|turn|88
|
|t:|1666460029
|switch|p2a: landorustherian|Landorus-Therian, M|43/100
|-ability|p2a: landorustherian|Intimidate|boost
|-unboost|p1a: Caw Bitch|atk|1
|move|p1a: Caw Bitch|Roost|p1a: Caw Bitch
|-heal|p1a: Caw Bitch|97/100
|-singleturn|p1a: Caw Bitch|move: Roost
|
|-heal|p2a: landorustherian|49/100|[from] item: Leftovers
|-heal|p1a: Caw Bitch|100/100|[from] item: Leftovers
|upkeep
|turn|89
|
|t:|1666460031
|switch|p2a: Tangrowth|Tangrowth, M|97/100 brn
|move|p1a: Caw Bitch|Body Press|p2a: Tangrowth
|-crit|p2a: Tangrowth
|-damage|p2a: Tangrowth|61/100 brn
|-damage|p1a: Caw Bitch|84/100|[from] item: Rocky Helmet|[of] p2a: Tangrowth
|
|-heal|p1a: Caw Bitch|90/100|[from] item: Leftovers
|-damage|p2a: Tangrowth|55/100 brn|[from] brn
|upkeep
|turn|90
|
|t:|1666460034
|switch|p2a: landorustherian|Landorus-Therian, M|49/100
|-ability|p2a: landorustherian|Intimidate|boost
|-unboost|p1a: Caw Bitch|atk|1
|move|p1a: Caw Bitch|Body Press|p2a: landorustherian
|-resisted|p2a: landorustherian
|-damage|p2a: landorustherian|27/100
|
|-heal|p2a: landorustherian|33/100|[from] item: Leftovers
|-heal|p1a: Caw Bitch|96/100|[from] item: Leftovers
|upkeep
|turn|91
|
|t:|1666460036
|switch|p2a: Tangrowth|Tangrowth, M|88/100 brn
|move|p1a: Caw Bitch|Body Press|p2a: Tangrowth
|-damage|p2a: Tangrowth|64/100 brn
|-damage|p1a: Caw Bitch|80/100|[from] item: Rocky Helmet|[of] p2a: Tangrowth
|
|-heal|p1a: Caw Bitch|86/100|[from] item: Leftovers
|-damage|p2a: Tangrowth|58/100 brn|[from] brn
|upkeep
|turn|92
|
|t:|1666460038
|switch|p2a: landorustherian|Landorus-Therian, M|33/100
|-ability|p2a: landorustherian|Intimidate|boost
|-unboost|p1a: Caw Bitch|atk|1
|move|p1a: Caw Bitch|Iron Defense|p1a: Caw Bitch
|-boost|p1a: Caw Bitch|def|2
|
|-heal|p2a: landorustherian|39/100|[from] item: Leftovers
|-heal|p1a: Caw Bitch|92/100|[from] item: Leftovers
|upkeep
|turn|93
|
|t:|1666460039
|move|p2a: landorustherian|U-turn|p1a: Caw Bitch
|-resisted|p1a: Caw Bitch
|-damage|p1a: Caw Bitch|91/100
|
|t:|1666460039
|switch|p2a: Tangrowth|Tangrowth, M|91/100 brn|[from]move: U-turn
|move|p1a: Caw Bitch|Body Press|p2a: Tangrowth
|-damage|p2a: Tangrowth|53/100 brn
|-damage|p1a: Caw Bitch|75/100|[from] item: Rocky Helmet|[of] p2a: Tangrowth
|
|-heal|p1a: Caw Bitch|81/100|[from] item: Leftovers
|-damage|p2a: Tangrowth|47/100 brn|[from] brn
|upkeep
|turn|94
|
|t:|1666460045
|switch|p2a: landorustherian|Landorus-Therian, M|39/100
|-ability|p2a: landorustherian|Intimidate|boost
|-unboost|p1a: Caw Bitch|atk|1
|move|p1a: Caw Bitch|Body Press|p2a: landorustherian
|-resisted|p2a: landorustherian
|-damage|p2a: landorustherian|4/100
|
|-heal|p2a: landorustherian|10/100|[from] item: Leftovers
|-heal|p1a: Caw Bitch|87/100|[from] item: Leftovers
|upkeep
|turn|95
|
|t:|1666460048
|move|p2a: landorustherian|Defog|p1a: Caw Bitch
|-unboost|p1a: Caw Bitch|evasion|1
|move|p1a: Caw Bitch|Body Press|p2a: landorustherian
|-resisted|p2a: landorustherian
|-damage|p2a: landorustherian|0 fnt
|faint|p2a: landorustherian
|
|-heal|p1a: Caw Bitch|93/100|[from] item: Leftovers
|upkeep
|
|t:|1666460048
|switch|p2a: Heatran|Heatran, M|66/100
|turn|96
|
|t:|1666460051
|switch|p1a: HitEmFromTheEast|Gastrodon-East, F|100/100
|move|p2a: Heatran|Magma Storm|p1a: HitEmFromTheEast
|-resisted|p1a: HitEmFromTheEast
|-damage|p1a: HitEmFromTheEast|85/100
|-activate|p1a: HitEmFromTheEast|move: Magma Storm|[of] p2a: Heatran
|
|-heal|p1a: HitEmFromTheEast|91/100|[from] item: Leftovers
|-damage|p1a: HitEmFromTheEast|78/100|[from] move: Magma Storm|[partiallytrapped]
|upkeep
|turn|97
|
|t:|1666460054
|switch|p2a: Tangrowth|Tangrowth, M|80/100 brn
|move|p1a: HitEmFromTheEast|Earthquake|p2a: Tangrowth
|-resisted|p2a: Tangrowth
|-crit|p2a: Tangrowth
|-damage|p2a: Tangrowth|69/100 brn
|
|-heal|p1a: HitEmFromTheEast|85/100|[from] item: Leftovers
|-damage|p2a: Tangrowth|62/100 brn|[from] brn
|-end|p1a: HitEmFromTheEast|Magma Storm|[partiallytrapped]|[silent]
|upkeep
|turn|98
|
|t:|1666460058
|switch|p1a: thicc|Blissey, F|42/100
|move|p2a: Tangrowth|Giga Drain|p1a: thicc
|-damage|p1a: thicc|32/100
|-heal|p2a: Tangrowth|72/100 brn|[from] drain|[of] p1a: thicc
|
|-damage|p2a: Tangrowth|65/100 brn|[from] brn
|upkeep
|turn|99
|
|t:|1666460059
|switch|p2a: Weavile|Weavile, F|100/100
|-ability|p2a: Weavile|Pressure
|move|p1a: thicc|Soft-Boiled|p1a: thicc
|-heal|p1a: thicc|82/100
|
|upkeep
|turn|100
|
|t:|1666460065
|switch|p1a: Treble|Clefable, F|64/100
|move|p2a: Weavile|Triple Axel|p1a: Treble
|-damage|p1a: Treble|52/100
|-damage|p1a: Treble|25/100
|-damage|p1a: Treble|0 fnt
|faint|p1a: Treble
|-hitcount|p1: Treble|3
|
|upkeep
|
|t:|1666460071
|switch|p1a: SWOLE|Buzzwole, shiny|81/100
|turn|101
|
|t:|1666460073
|move|p2a: Weavile|Triple Axel|p1a: SWOLE
|-damage|p1a: SWOLE|73/100
|-damage|p1a: SWOLE|56/100
|-hitcount|p1a: SWOLE|2
|move|p1a: SWOLE|Leech Life|p2a: Weavile
|-supereffective|p2a: Weavile
|-damage|p2a: Weavile|0 fnt
|-heal|p1a: SWOLE|90/100|[from] drain|[of] p2a: Weavile
|faint|p2a: Weavile
|-ability|p1a: SWOLE|Beast Boost|boost
|-boost|p1a: SWOLE|atk|1
|
|upkeep
|
|t:|1666460073
|switch|p2a: Heatran|Heatran, M|66/100
|turn|102
|
|t:|1666460083
|switch|p1a: HitEmFromTheEast|Gastrodon-East, F|85/100
|move|p2a: Heatran|Magma Storm|p1a: HitEmFromTheEast
|-resisted|p1a: HitEmFromTheEast
|-damage|p1a: HitEmFromTheEast|66/100
|-activate|p1a: HitEmFromTheEast|move: Magma Storm|[of] p2a: Heatran
|
|-heal|p1a: HitEmFromTheEast|72/100|[from] item: Leftovers
|-damage|p1a: HitEmFromTheEast|60/100|[from] move: Magma Storm|[partiallytrapped]
|upkeep
|turn|103
|
|t:|1666460090
|switch|p2a: Tangrowth|Tangrowth, M|99/100 brn
|move|p1a: HitEmFromTheEast|Earthquake|p2a: Tangrowth
|-resisted|p2a: Tangrowth
|-damage|p2a: Tangrowth|91/100 brn
|
|-heal|p1a: HitEmFromTheEast|66/100|[from] item: Leftovers
|-damage|p2a: Tangrowth|84/100 brn|[from] brn
|-end|p1a: HitEmFromTheEast|Magma Storm|[partiallytrapped]|[silent]
|upkeep
|turn|104
|
|t:|1666460094
|switch|p1a: thicc|Blissey, F|82/100
|move|p2a: Tangrowth|Giga Drain|p1a: thicc
|-damage|p1a: thicc|72/100
|-heal|p2a: Tangrowth|93/100 brn|[from] drain|[of] p1a: thicc
|
|-damage|p2a: Tangrowth|87/100 brn|[from] brn
|upkeep
|turn|105
|
|t:|1666460101
|switch|p2a: Heatran|Heatran, M|66/100
|move|p1a: thicc|Stealth Rock|p2a: Heatran
|-sidestart|p2: minimax_ai|move: Stealth Rock
|
|upkeep
|turn|106
|
|t:|1666460103
|switch|p1a: HitEmFromTheEast|Gastrodon-East, F|66/100
|move|p2a: Heatran|Stealth Rock|p1a: HitEmFromTheEast
|-sidestart|p1: Cowsrule247|move: Stealth Rock
|
|-heal|p1a: HitEmFromTheEast|72/100|[from] item: Leftovers
|upkeep
|turn|107
|
|t:|1666460107
|switch|p2a: Tangrowth|Tangrowth, M|100/100 brn
|-damage|p2a: Tangrowth|88/100 brn|[from] Stealth Rock
|move|p1a: HitEmFromTheEast|Scald|p2a: Tangrowth
|-resisted|p2a: Tangrowth
|-damage|p2a: Tangrowth|68/100 brn
|
|-heal|p1a: HitEmFromTheEast|78/100|[from] item: Leftovers
|-damage|p2a: Tangrowth|62/100 brn|[from] brn
|upkeep
|turn|108
|
|t:|1666460111
|switch|p1a: thicc|Blissey, F|72/100
|move|p2a: Tangrowth|Giga Drain|p1a: thicc
|-damage|p1a: thicc|62/100
|-heal|p2a: Tangrowth|71/100 brn|[from] drain|[of] p1a: thicc
|
|-damage|p2a: Tangrowth|65/100 brn|[from] brn
|upkeep
|turn|109
|
|t:|1666460116
|move|p1a: thicc|Seismic Toss|p2a: Tangrowth
|-damage|p2a: Tangrowth|40/100 brn
|-damage|p1a: thicc|45/100|[from] item: Rocky Helmet|[of] p2a: Tangrowth
|move|p2a: Tangrowth|Giga Drain|p1a: thicc
|-damage|p1a: thicc|35/100
|-heal|p2a: Tangrowth|49/100 brn|[from] drain|[of] p1a: thicc
|
|-damage|p2a: Tangrowth|43/100 brn|[from] brn
|upkeep
|turn|110
|
|t:|1666460119
|move|p1a: thicc|Soft-Boiled|p1a: thicc
|-heal|p1a: thicc|85/100
|move|p2a: Tangrowth|Giga Drain|p1a: thicc
|-damage|p1a: thicc|75/100
|-heal|p2a: Tangrowth|51/100 brn|[from] drain|[of] p1a: thicc
|
|-damage|p2a: Tangrowth|45/100 brn|[from] brn
|upkeep
|turn|111
|
|t:|1666460121
|move|p1a: thicc|Seismic Toss|p2a: Tangrowth
|-damage|p2a: Tangrowth|21/100 brn
|-damage|p1a: thicc|58/100|[from] item: Rocky Helmet|[of] p2a: Tangrowth
|move|p2a: Tangrowth|Giga Drain|p1a: thicc
|-damage|p1a: thicc|48/100
|-heal|p2a: Tangrowth|30/100 brn|[from] drain|[of] p1a: thicc
|
|-damage|p2a: Tangrowth|24/100 brn|[from] brn
|upkeep
|turn|112
|
|t:|1666460127
|switch|p2a: Heatran|Heatran, M|66/100
|-damage|p2a: Heatran|54/100|[from] Stealth Rock
|move|p1a: thicc|Soft-Boiled|p1a: thicc
|-heal|p1a: thicc|98/100
|
|upkeep
|turn|113
|
|t:|1666460129
|move|p2a: Heatran|Magma Storm|p1a: thicc|[miss]
|-miss|p2a: Heatran|p1a: thicc
|move|p1a: thicc|Seismic Toss|p2a: Heatran
|-damage|p2a: Heatran|23/100
|
|upkeep
|turn|114
|
|t:|1666460131
|switch|p2a: Tangrowth|Tangrowth, M|57/100 brn
|-damage|p2a: Tangrowth|44/100 brn|[from] Stealth Rock
|move|p1a: thicc|Seismic Toss|p2a: Tangrowth
|-damage|p2a: Tangrowth|20/100 brn
|-damage|p1a: thicc|82/100|[from] item: Rocky Helmet|[of] p2a: Tangrowth
|
|-damage|p2a: Tangrowth|13/100 brn|[from] brn
|upkeep
|turn|115
|
|t:|1666460132
|switch|p2a: Melmetal|Melmetal|44/100
|-damage|p2a: Melmetal|38/100|[from] Stealth Rock
|move|p1a: thicc|Seismic Toss|p2a: Melmetal
|-damage|p2a: Melmetal|15/100
|
|upkeep
|turn|116
|
|t:|1666460136
|switch|p1a: Caw Bitch|Corviknight, F|93/100
|-damage|p1a: Caw Bitch|81/100|[from] Stealth Rock
|-ability|p1a: Caw Bitch|Pressure
|switch|p2a: Tangrowth|Tangrowth, M|47/100 brn
|-damage|p2a: Tangrowth|34/100 brn|[from] Stealth Rock
|
|-heal|p1a: Caw Bitch|87/100|[from] item: Leftovers
|-damage|p2a: Tangrowth|28/100 brn|[from] brn
|upkeep
|turn|117
|
|t:|1666460138
|switch|p2a: Melmetal|Melmetal|15/100
|-damage|p2a: Melmetal|9/100|[from] Stealth Rock
|move|p1a: Caw Bitch|Body Press|p2a: Melmetal
|-supereffective|p2a: Melmetal
|-damage|p2a: Melmetal|0 fnt
|faint|p2a: Melmetal
|
|-heal|p1a: Caw Bitch|93/100|[from] item: Leftovers
|upkeep
|
|t:|1666460138
|switch|p2a: Heatran|Heatran, M|23/100
|-damage|p2a: Heatran|11/100|[from] Stealth Rock
|turn|118
|
|t:|1666460142
|switch|p1a: HitEmFromTheEast|Gastrodon-East, F|78/100
|-damage|p1a: HitEmFromTheEast|72/100|[from] Stealth Rock
|move|p2a: Heatran|Magma Storm|p1a: HitEmFromTheEast|[miss]
|-miss|p2a: Heatran|p1a: HitEmFromTheEast
|
|-heal|p1a: HitEmFromTheEast|78/100|[from] item: Leftovers
|upkeep
|turn|119
|
|t:|1666460144
|switch|p2a: Tangrowth|Tangrowth, M|61/100 brn
|-damage|p2a: Tangrowth|49/100 brn|[from] Stealth Rock
|move|p1a: HitEmFromTheEast|Earthquake|p2a: Tangrowth
|-resisted|p2a: Tangrowth
|-damage|p2a: Tangrowth|40/100 brn
|
|-heal|p1a: HitEmFromTheEast|84/100|[from] item: Leftovers
|-damage|p2a: Tangrowth|34/100 brn|[from] brn
|upkeep
|turn|120
|
|t:|1666460149
|switch|p1a: Caw Bitch|Corviknight, F|93/100
|-damage|p1a: Caw Bitch|81/100|[from] Stealth Rock
|-ability|p1a: Caw Bitch|Pressure
|move|p2a: Tangrowth|Giga Drain|p1a: Caw Bitch
|-resisted|p1a: Caw Bitch
|-damage|p1a: Caw Bitch|75/100
|-heal|p2a: Tangrowth|37/100 brn|[from] drain|[of] p1a: Caw Bitch
|
|-heal|p1a: Caw Bitch|81/100|[from] item: Leftovers
|-damage|p2a: Tangrowth|31/100 brn|[from] brn
|upkeep
|turn|121
|
|t:|1666460150
|move|p1a: Caw Bitch|Body Press|p2a: Tangrowth
|-damage|p2a: Tangrowth|18/100 brn
|-damage|p1a: Caw Bitch|65/100|[from] item: Rocky Helmet|[of] p2a: Tangrowth
|move|p2a: Tangrowth|Knock Off|p1a: Caw Bitch
|-damage|p1a: Caw Bitch|58/100
|-enditem|p1a: Caw Bitch|Leftovers|[from] move: Knock Off|[of] p2a: Tangrowth
|
|-damage|p2a: Tangrowth|12/100 brn|[from] brn
|upkeep
|turn|122
|
|t:|1666460153
|switch|p2a: Heatran|Heatran, M|11/100
|-damage|p2a: Heatran|0 fnt|[from] Stealth Rock
|faint|p2a: Heatran
|move|p1a: Caw Bitch|Body Press|p2: Heatran|[notarget]
|-fail|p1a: Caw Bitch
|
|upkeep
|
|t:|1666460153
|switch|p2a: Tangrowth|Tangrowth, M|45/100 brn
|-damage|p2a: Tangrowth|32/100 brn|[from] Stealth Rock
|turn|123
|
|t:|1666460155
|move|p1a: Caw Bitch|Body Press|p2a: Tangrowth
|-damage|p2a: Tangrowth|18/100 brn
|-damage|p1a: Caw Bitch|41/100|[from] item: Rocky Helmet|[of] p2a: Tangrowth
|move|p2a: Tangrowth|Giga Drain|p1a: Caw Bitch
|-resisted|p1a: Caw Bitch
|-damage|p1a: Caw Bitch|36/100
|-heal|p2a: Tangrowth|21/100 brn|[from] drain|[of] p1a: Caw Bitch
|
|-damage|p2a: Tangrowth|15/100 brn|[from] brn
|upkeep
|turn|124
|
|t:|1666460157
|move|p1a: Caw Bitch|Roost|p1a: Caw Bitch
|-heal|p1a: Caw Bitch|86/100
|-singleturn|p1a: Caw Bitch|move: Roost
|move|p2a: Tangrowth|Knock Off|p1a: Caw Bitch
|-damage|p1a: Caw Bitch|81/100
|
|-damage|p2a: Tangrowth|9/100 brn|[from] brn
|upkeep
|turn|125
|
|t:|1666460160
|move|p1a: Caw Bitch|Body Press|p2a: Tangrowth
|-crit|p2a: Tangrowth
|-damage|p2a: Tangrowth|0 fnt
|-damage|p1a: Caw Bitch|65/100|[from] item: Rocky Helmet|[of] p2a: Tangrowth
|faint|p2a: Tangrowth
|
|win|Cowsrule247
|raw|Cowsrule247's rating: 1428 &rarr; <strong>1448</strong><br />(+20 for winning)
|raw|minimax_ai's rating: 1427 &rarr; <strong>1407</strong><br />(-20 for losing)
|c|☆minimax_ai|gg
