|j|☆want and wish
|j|☆GoldCAM
|t:|1662674458
|gametype|singles
|player|p1|want and wish|lady|1619
|player|p2|GoldCAM|gambler|1657
|teamsize|p1|6
|teamsize|p2|6
|gen|8
|tier|[Gen 8] OU
|rated|
|rule|Sleep Clause Mod: Limit one foe put to sleep
|rule|Species Clause: Limit one of each Pokémon
|rule|OHKO Clause: OHKO moves are banned
|rule|Evasion Items Clause: Evasion items are banned
|rule|Evasion Moves Clause: Evasion moves are banned
|rule|Endless Battle Clause: Forcing endless battles is banned
|rule|HP Percentage Mod: HP is shown in percentages
|rule|Dynamax Clause: You cannot dynamax
|clearpoke
|poke|p1|Tapu Koko|
|poke|p1|Heatran, M|
|poke|p1|Rillaboom, M|
|poke|p1|Tornadus-Therian, M|
|poke|p1|Garchomp, M|
|poke|p1|Slowbro, F|
|poke|p2|Toxapex, F|
|poke|p2|Dragapult, M|
|poke|p2|Heatran, F|
|poke|p2|Landorus-Therian, M|
|poke|p2|Ferrothorn, F|
|poke|p2|Weavile, M|
|teampreview
|inactive|Battle timer is ON: inactive players will automatically lose when time's up. (requested by want and wish)
|c|☆GoldCAM|hf
|
|t:|1662674469
|start
|switch|p1a: Garchomp|Garchomp, M|100/100
|switch|p2a: Fous ta cagoule|Landorus-Therian, M|100/100
|-ability|p2a: Fous ta cagoule|Intimidate|boost
|-unboost|p1a: Garchomp|atk|1
|turn|1
|j| Betabux
|
|t:|1662674475
|switch|p1a: Slowbro|Slowbro, F|100/100
|move|p2a: Fous ta cagoule|Toxic|p1a: Slowbro
|-status|p1a: Slowbro|tox
|
|-damage|p1a: Slowbro|94/100 tox|[from] psn
|upkeep
|turn|2
|
|t:|1662674479
|move|p2a: Fous ta cagoule|U-turn|p1a: Slowbro
|-supereffective|p1a: Slowbro
|-damage|p1a: Slowbro|67/100 tox
|
|t:|1662674484
|switch|p2a: Black Ice|Weavile, M|100/100|[from]move: U-turn
|move|p1a: Slowbro|Future Sight|p2a: Black Ice
|-start|p1a: Slowbro|move: Future Sight
|
|-damage|p1a: Slowbro|55/100 tox|[from] psn
|upkeep
|turn|3
|
|t:|1662674489
|switch|p1a: Heatran|Heatran, M|100/100
|move|p2a: Black Ice|Knock Off|p1a: Heatran
|-damage|p1a: Heatran|58/100
|-enditem|p1a: Heatran|Leftovers|[from] move: Knock Off|[of] p2a: Black Ice
|
|upkeep
|turn|4
|
|t:|1662674499
|switch|p2a: Fous ta cagoule|Landorus-Therian, M|100/100
|-ability|p2a: Fous ta cagoule|Intimidate|boost
|-unboost|p1a: Heatran|atk|1
|move|p1a: Heatran|Magma Storm|p2a: Fous ta cagoule
|-damage|p2a: Fous ta cagoule|57/100
|-activate|p2a: Fous ta cagoule|move: Magma Storm|[of] p1a: Heatran
|
|-end|p2a: Fous ta cagoule|move: Future Sight
|-damage|p2a: Fous ta cagoule|13/100
|-heal|p2a: Fous ta cagoule|19/100|[from] item: Leftovers
|-damage|p2a: Fous ta cagoule|7/100|[from] move: Magma Storm|[partiallytrapped]
|upkeep
|turn|5
|
|t:|1662674513
|move|p2a: Fous ta cagoule|Earthquake|p1a: Heatran
|-supereffective|p1a: Heatran
|-damage|p1a: Heatran|0 fnt
|faint|p1a: Heatran
|
|-heal|p2a: Fous ta cagoule|13/100|[from] item: Leftovers
|-end|p2a: Fous ta cagoule|Magma Storm|[partiallytrapped]|[silent]
|upkeep
|
|t:|1662674515
|switch|p1a: Tapu Koko|Tapu Koko|100/100
|-fieldstart|move: Electric Terrain|[from] ability: Electric Surge|[of] p1a: Tapu Koko
|turn|6
|
|t:|1662674522
|switch|p2a: Hardwired|Ferrothorn, F|100/100
|move|p1a: Tapu Koko|Dazzling Gleam|p2a: Hardwired
|-resisted|p2a: Hardwired
|-damage|p2a: Hardwired|87/100
|
|-heal|p2a: Hardwired|93/100|[from] item: Leftovers
|upkeep
|turn|7
|
|t:|1662674528
|move|p1a: Tapu Koko|U-turn|p2a: Hardwired
|-damage|p2a: Hardwired|83/100
|-damage|p1a: Tapu Koko|88/100|[from] ability: Iron Barbs|[of] p2a: Hardwired
|
|t:|1662674535
|switch|p1a: Garchomp|Garchomp, M|100/100|[from]move: U-turn
|move|p2a: Hardwired|Knock Off|p1a: Garchomp
|-damage|p1a: Garchomp|80/100
|-damage|p2a: Hardwired|71/100|[from] ability: Rough Skin|[of] p1a: Garchomp
|-enditem|p1a: Garchomp|Life Orb|[from] move: Knock Off|[of] p2a: Hardwired
|
|-heal|p2a: Hardwired|77/100|[from] item: Leftovers
|upkeep
|turn|8
|
|t:|1662674540
|move|p1a: Garchomp|Swords Dance|p1a: Garchomp
|-boost|p1a: Garchomp|atk|2
|move|p2a: Hardwired|Leech Seed|p1a: Garchomp
|-start|p1a: Garchomp|move: Leech Seed
|
|-heal|p2a: Hardwired|83/100|[from] item: Leftovers
|-damage|p1a: Garchomp|68/100|[from] Leech Seed|[of] p2a: Hardwired
|-heal|p2a: Hardwired|96/100|[silent]
|upkeep
|turn|9
|
|t:|1662674543
|switch|p2a: Fous ta cagoule|Landorus-Therian, M|13/100
|-ability|p2a: Fous ta cagoule|Intimidate|boost
|-unboost|p1a: Garchomp|atk|1
|move|p1a: Garchomp|Earthquake|p2a: Fous ta cagoule
|-immune|p2a: Fous ta cagoule
|
|-heal|p2a: Fous ta cagoule|19/100|[from] item: Leftovers
|-damage|p1a: Garchomp|56/100|[from] Leech Seed|[of] p2a: Fous ta cagoule
|-heal|p2a: Fous ta cagoule|30/100|[silent]
|upkeep
|turn|10
|
|t:|1662674549
|switch|p2a: Toxic|Toxapex, F|100/100
|move|p1a: Garchomp|Scale Shot|p2a: Toxic
|-damage|p2a: Toxic|88/100
|-damage|p2a: Toxic|76/100
|-damage|p2a: Toxic|65/100
|-hitcount|p2a: Toxic|3
|-unboost|p1a: Garchomp|def|1
|-boost|p1a: Garchomp|spe|1
|
|-damage|p1a: Garchomp|43/100|[from] Leech Seed|[of] p2a: Toxic
|-heal|p2a: Toxic|79/100|[silent]
|-fieldend|move: Electric Terrain
|upkeep
|turn|11
|
|t:|1662674560
|switch|p2a: Hardwired|Ferrothorn, F|96/100
|move|p1a: Garchomp|Scale Shot|p2a: Hardwired
|-resisted|p2a: Hardwired
|-damage|p2a: Hardwired|90/100
|-resisted|p2a: Hardwired
|-damage|p2a: Hardwired|84/100
|-resisted|p2a: Hardwired
|-damage|p2a: Hardwired|78/100
|-hitcount|p2a: Hardwired|3
|-unboost|p1a: Garchomp|def|1
|-boost|p1a: Garchomp|spe|1
|
|-heal|p2a: Hardwired|84/100|[from] item: Leftovers
|-damage|p1a: Garchomp|31/100|[from] Leech Seed|[of] p2a: Hardwired
|-heal|p2a: Hardwired|97/100|[silent]
|upkeep
|turn|12
|
|t:|1662674577
|switch|p2a: Toxic|Toxapex, F|100/100
|move|p1a: Garchomp|Earthquake|p2a: Toxic
|-supereffective|p2a: Toxic
|-damage|p2a: Toxic|9/100
|
|-damage|p1a: Garchomp|19/100|[from] Leech Seed|[of] p2a: Toxic
|-heal|p2a: Toxic|24/100|[silent]
|upkeep
|turn|13
|
|t:|1662674582
|switch|p1a: Rillaboom|Rillaboom, M|100/100
|-fieldstart|move: Grassy Terrain|[from] ability: Grassy Surge|[of] p1a: Rillaboom
|switch|p2a: Hardwired|Ferrothorn, F|97/100
|
|-heal|p2a: Hardwired|100/100|[from] Grassy Terrain
|upkeep
|turn|14
|
|t:|1662674589
|move|p1a: Rillaboom|Swords Dance|p1a: Rillaboom
|-boost|p1a: Rillaboom|atk|2
|move|p2a: Hardwired|Thunder Wave|p1a: Rillaboom
|-status|p1a: Rillaboom|par
|
|upkeep
|turn|15
|
|t:|1662674592
|cant|p1a: Rillaboom|par
|move|p2a: Hardwired|Knock Off|p1a: Rillaboom
|-damage|p1a: Rillaboom|75/100 par
|-enditem|p1a: Rillaboom|Miracle Seed|[from] move: Knock Off|[of] p2a: Hardwired
|
|-heal|p1a: Rillaboom|81/100 par|[from] Grassy Terrain
|upkeep
|turn|16
|
|t:|1662674596
|cant|p1a: Rillaboom|par
|move|p2a: Hardwired|Spikes|p1a: Rillaboom
|-sidestart|p1: want and wish|Spikes
|
|-heal|p1a: Rillaboom|88/100 par|[from] Grassy Terrain
|upkeep
|turn|17
|
|t:|1662674599
|cant|p1a: Rillaboom|par
|move|p2a: Hardwired|Spikes|p1a: Rillaboom
|-sidestart|p1: want and wish|Spikes
|
|-heal|p1a: Rillaboom|94/100 par|[from] Grassy Terrain
|-fieldend|move: Grassy Terrain
|upkeep
|turn|18
|
|t:|1662674602
|cant|p1a: Rillaboom|par
|move|p2a: Hardwired|Spikes|p1a: Rillaboom
|-sidestart|p1: want and wish|Spikes
|
|upkeep
|turn|19
|
|t:|1662674607
|switch|p2a: Fous ta cagoule|Landorus-Therian, M|30/100
|-ability|p2a: Fous ta cagoule|Intimidate|boost
|-unboost|p1a: Rillaboom|atk|1
|move|p1a: Rillaboom|Superpower|p2a: Fous ta cagoule
|-resisted|p2a: Fous ta cagoule
|-damage|p2a: Fous ta cagoule|2/100
|-unboost|p1a: Rillaboom|atk|1
|-unboost|p1a: Rillaboom|def|1
|
|-heal|p2a: Fous ta cagoule|8/100|[from] item: Leftovers
|upkeep
|turn|20
|
|t:|1662674610
|move|p2a: Fous ta cagoule|U-turn|p1a: Rillaboom
|-supereffective|p1a: Rillaboom
|-crit|p1a: Rillaboom
|-damage|p1a: Rillaboom|0 fnt
|faint|p1a: Rillaboom
|-message|want and wish forfeited.
|
|win|GoldCAM
|raw|want and wish's rating: 1619 &rarr; <strong>1601</strong><br />(-18 for losing)
|raw|GoldCAM's rating: 1657 &rarr; <strong>1675</strong><br />(+18 for winning)
|l|☆want and wish
|l| Betabux
