|raw|<div class="broadcast-blue"><strong>This battle is required to be public due to a player having a name starting with 'lt94je'.</div>
|j|☆lt94je polt
|j|☆Ferromolybdenum
|t:|1661287295
|gametype|singles
|player|p1|lt94je polt|caitlin|1796
|player|p2|Ferromolybdenum|266|1779
|teamsize|p1|6
|teamsize|p2|6
|gen|8
|tier|[Gen 8] OU
|rated|
|rule|Sleep Clause Mod: Limit one foe put to sleep
|rule|Species Clause: Limit one of each Pokémon
|rule|OHKO Clause: OHKO moves are banned
|rule|Evasion Items Clause: Evasion items are banned
|rule|Evasion Moves Clause: Evasion moves are banned
|rule|Endless Battle Clause: Forcing endless battles is banned
|rule|HP Percentage Mod: HP is shown in percentages
|rule|Dynamax Clause: You cannot dynamax
|clearpoke
|poke|p1|Ferrothorn, M|
|poke|p1|Rotom-Wash|
|poke|p1|Tyranitar, F|
|poke|p1|Excadrill, M|
|poke|p1|Clefable, F|
|poke|p1|Dragapult, F|
|poke|p2|Blissey, F|
|poke|p2|Corviknight, F|
|poke|p2|Toxapex, F|
|poke|p2|Clefable, M|
|poke|p2|Gastrodon, F|
|poke|p2|Mew|
|teampreview
|inactive|Battle timer is ON: inactive players will automatically lose when time's up. (requested by Ferromolybdenum)
|inactive|lt94je polt also wants the timer to be on.
|j| Quagshi
|inactive|lt94je polt has 120 seconds left.
|l| Quagshi
|
|t:|1661287338
|start
|switch|p1a: Clefable|Clefable, F|100/100
|switch|p2a: Mew|Mew|100/100
|turn|1
|
|t:|1661287359
|move|p2a: Mew|Taunt|p1a: Clefable
|-start|p1a: Clefable|move: Taunt
|move|p1a: Clefable|Knock Off|p2a: Mew
|-supereffective|p2a: Mew
|-damage|p2a: Mew|74/100
|-enditem|p2a: Mew|Leftovers|[from] move: Knock Off|[of] p1a: Clefable
|
|upkeep
|turn|2
|j| lt94je nick
|
|t:|1661287365
|switch|p1a: Dragapult|Dragapult, F|100/100
|move|p2a: Mew|Night Shade|p1a: Dragapult
|-damage|p1a: Dragapult|69/100
|
|upkeep
|turn|3
|j| storm zone
|
|t:|1661287369
|switch|p1a: Clefable|Clefable, F|100/100
|switch|p2a: Toxapex|Toxapex, F|100/100
|
|upkeep
|turn|4
|
|t:|1661287371
|switch|p2a: Mew|Mew|74/100
|move|p1a: Clefable|Stealth Rock|p2a: Mew
|-sidestart|p2: Ferromolybdenum|move: Stealth Rock
|
|upkeep
|turn|5
|j| Apollo ChaoZ
|
|t:|1661287377
|switch|p1a: Rotom|Rotom-Wash|100/100
|move|p2a: Mew|Will-O-Wisp|p1a: Rotom
|-status|p1a: Rotom|brn
|
|-damage|p1a: Rotom|94/100 brn|[from] brn
|upkeep
|turn|6
|
|t:|1661287382
|move|p1a: Rotom|Volt Switch|p2a: Mew
|-damage|p2a: Mew|56/100
|
|t:|1661287390
|switch|p1a: Clefable|Clefable, F|100/100|[from]move: Volt Switch
|move|p2a: Mew|Taunt|p1a: Clefable
|-start|p1a: Clefable|move: Taunt
|
|upkeep
|turn|7
|
|t:|1661287393
|move|p2a: Mew|Roost|p2a: Mew
|-heal|p2a: Mew|100/100
|-singleturn|p2a: Mew|move: Roost
|move|p1a: Clefable|Moonblast|p2a: Mew
|-damage|p2a: Mew|80/100
|
|upkeep
|turn|8
|
|t:|1661287396
|switch|p1a: Rotom|Rotom-Wash|94/100 brn
|move|p2a: Mew|Night Shade|p1a: Rotom
|-damage|p1a: Rotom|61/100 brn
|
|-heal|p1a: Rotom|67/100 brn|[from] item: Leftovers
|-damage|p1a: Rotom|61/100 brn|[from] brn
|upkeep
|turn|9
|
|t:|1661287399
|move|p1a: Rotom|Toxic||[still]
|-status|p2a: Mew|tox
|-activate|p2a: Mew|ability: Synchronize
|-fail|p2a: Mew
|move|p2a: Mew|Night Shade|p1a: Rotom
|-damage|p1a: Rotom|27/100 brn
|
|-heal|p1a: Rotom|33/100 brn|[from] item: Leftovers
|-damage|p2a: Mew|74/100 tox|[from] psn
|-damage|p1a: Rotom|27/100 brn|[from] brn
|upkeep
|turn|10
|j| isabela000◥▶_◀◤
|
|t:|1661287402
|move|p1a: Rotom|Pain Split|p2a: Mew
|-sethp|p2a: Mew|47/100 tox|[from] move: Pain Split|[silent]
|-sethp|p1a: Rotom|64/100 brn|[from] move: Pain Split
|move|p2a: Mew|Night Shade|p1a: Rotom
|-damage|p1a: Rotom|30/100 brn
|
|-heal|p1a: Rotom|36/100 brn|[from] item: Leftovers
|-damage|p2a: Mew|35/100 tox|[from] psn
|-damage|p1a: Rotom|30/100 brn|[from] brn
|upkeep
|turn|11
|
|t:|1661287418
|move|p1a: Rotom|Hydro Pump|p2a: Mew
|-damage|p2a: Mew|8/100 tox
|move|p2a: Mew|Roost|p2a: Mew
|-heal|p2a: Mew|58/100 tox
|-singleturn|p2a: Mew|move: Roost
|
|-heal|p1a: Rotom|36/100 brn|[from] item: Leftovers
|-damage|p2a: Mew|39/100 tox|[from] psn
|-damage|p1a: Rotom|30/100 brn|[from] brn
|upkeep
|turn|12
|
|t:|1661287423
|move|p1a: Rotom|Toxic|p2a: Mew
|-fail|p2a: Mew|tox
|move|p2a: Mew|Night Shade|p1a: Rotom
|-damage|p1a: Rotom|0 fnt
|faint|p1a: Rotom
|
|-damage|p2a: Mew|14/100 tox|[from] psn
|upkeep
|
|t:|1661287431
|switch|p1a: Dragapult|Dragapult, F|69/100
|turn|13
|
|t:|1661287435
|switch|p2a: Toxapex|Toxapex, F|100/100
|-damage|p2a: Toxapex|88/100|[from] Stealth Rock
|move|p1a: Dragapult|U-turn|p2a: Toxapex
|-resisted|p2a: Toxapex
|-damage|p2a: Toxapex|82/100
|
|t:|1661287439
|switch|p1a: Ferrothorn|Ferrothorn, M|100/100|[from]move: U-turn
|
|upkeep
|turn|14
|
|t:|1661287442
|switch|p2a: Corviknight|Corviknight, F|100/100
|-damage|p2a: Corviknight|88/100|[from] Stealth Rock
|-ability|p2a: Corviknight|Pressure
|move|p1a: Ferrothorn|Spikes|p2a: Corviknight
|-sidestart|p2: Ferromolybdenum|Spikes
|
|-heal|p2a: Corviknight|94/100|[from] item: Leftovers
|upkeep
|turn|15
|
|t:|1661287447
|switch|p1a: Clefable|Clefable, F|100/100
|move|p2a: Corviknight|Defog|p1a: Clefable
|-unboost|p1a: Clefable|evasion|1
|-sideend|p2: Ferromolybdenum|Spikes|[from] move: Defog|[of] p2a: Corviknight
|-sideend|p2: Ferromolybdenum|Stealth Rock|[from] move: Defog|[of] p2a: Corviknight
|
|-heal|p2a: Corviknight|99/100|[from] item: Leftovers
|upkeep
|turn|16
|
|t:|1661287452
|switch|p2a: Mew|Mew|14/100 tox
|move|p1a: Clefable|Stealth Rock|p2a: Mew
|-sidestart|p2: Ferromolybdenum|move: Stealth Rock
|
|-damage|p2a: Mew|8/100 tox|[from] psn
|upkeep
|turn|17
|j| Pokemh
|
|t:|1661287455
|switch|p1a: Dragapult|Dragapult, F|69/100
|move|p2a: Mew|Roost|p2a: Mew
|-heal|p2a: Mew|58/100 tox
|-singleturn|p2a: Mew|move: Roost
|
|-damage|p2a: Mew|46/100 tox|[from] psn
|upkeep
|turn|18
|
|t:|1661287459
|switch|p2a: Blissey|Blissey, F|100/100
|move|p1a: Dragapult|Draco Meteor|p2a: Blissey
|-damage|p2a: Blissey|63/100
|-unboost|p1a: Dragapult|spa|2
|
|upkeep
|turn|19
|
|t:|1661287463
|switch|p1a: Tyranitar|Tyranitar, F|100/100
|-weather|Sandstorm|[from] ability: Sand Stream|[of] p1a: Tyranitar
|move|p2a: Blissey|Stealth Rock|p1a: Tyranitar
|-sidestart|p1: lt94je polt|move: Stealth Rock
|
|-weather|Sandstorm|[upkeep]
|-damage|p2a: Blissey|57/100|[from] Sandstorm
|upkeep
|turn|20
|
|t:|1661287469
|switch|p2a: Toxapex|Toxapex, F|100/100
|-damage|p2a: Toxapex|88/100|[from] Stealth Rock
|move|p1a: Tyranitar|Crunch|p2a: Toxapex
|-damage|p2a: Toxapex|46/100
|
|-weather|Sandstorm|[upkeep]
|-damage|p2a: Toxapex|40/100|[from] Sandstorm
|upkeep
|turn|21
|
|t:|1661287476
|switch|p1a: Clefable|Clefable, F|100/100
|switch|p2a: Clefable|Clefable, M|100/100
|-damage|p2a: Clefable|88/100|[from] Stealth Rock
|
|-weather|Sandstorm|[upkeep]
|-damage|p2a: Clefable|82/100|[from] Sandstorm
|-heal|p2a: Clefable|88/100|[from] item: Leftovers
|upkeep
|turn|22
|
|t:|1661287478
|move|p1a: Clefable|Knock Off|p2a: Clefable
|-resisted|p2a: Clefable
|-damage|p2a: Clefable|83/100
|-enditem|p2a: Clefable|Leftovers|[from] move: Knock Off|[of] p1a: Clefable
|move|p2a: Clefable|Aromatherapy|p2a: Clefable
|-activate|p2a: Clefable|move: Aromatherapy
|-curestatus|p2: Mew|tox|[msg]
|
|-weather|Sandstorm|[upkeep]
|-damage|p2a: Clefable|77/100|[from] Sandstorm
|upkeep
|turn|23
|
|t:|1661287488
|move|p1a: Clefable|Moonblast|p2a: Clefable
|-damage|p2a: Clefable|49/100
|-unboost|p2a: Clefable|spa|1
|move|p2a: Clefable|Soft-Boiled|p2a: Clefable
|-heal|p2a: Clefable|99/100
|
|-weather|none
|upkeep
|turn|24
|
|t:|1661287495
|switch|p1a: Excadrill|Excadrill, M|100/100
|-damage|p1a: Excadrill|97/100|[from] Stealth Rock
|move|p2a: Clefable|Calm Mind|p2a: Clefable
|-boost|p2a: Clefable|spa|1
|-boost|p2a: Clefable|spd|1
|
|-heal|p1a: Excadrill|100/100|[from] item: Leftovers
|upkeep
|turn|25
|
|t:|1661287498
|switch|p2a: Corviknight|Corviknight, F|99/100
|-damage|p2a: Corviknight|88/100|[from] Stealth Rock
|-ability|p2a: Corviknight|Pressure
|move|p1a: Excadrill|Rapid Spin|p2a: Corviknight
|-resisted|p2a: Corviknight
|-damage|p2a: Corviknight|82/100
|-boost|p1a: Excadrill|spe|1
|-sideend|p1: lt94je polt|Stealth Rock|[from] move: Rapid Spin|[of] p1a: Excadrill
|
|-heal|p2a: Corviknight|88/100|[from] item: Leftovers
|upkeep
|turn|26
|
|t:|1661287502
|switch|p1a: Clefable|Clefable, F|100/100
|move|p2a: Corviknight|Defog|p1a: Clefable
|-unboost|p1a: Clefable|evasion|1
|-sideend|p2: Ferromolybdenum|Stealth Rock|[from] move: Defog|[of] p2a: Corviknight
|
|-heal|p2a: Corviknight|94/100|[from] item: Leftovers
|upkeep
|turn|27
|
|t:|1661287506
|switch|p2a: Blissey|Blissey, F|57/100
|move|p1a: Clefable|Stealth Rock|p2a: Blissey
|-sidestart|p2: Ferromolybdenum|move: Stealth Rock
|
|upkeep
|turn|28
|
|t:|1661287510
|switch|p1a: Tyranitar|Tyranitar, F|100/100
|-weather|Sandstorm|[from] ability: Sand Stream|[of] p1a: Tyranitar
|move|p2a: Blissey|Soft-Boiled|p2a: Blissey
|-heal|p2a: Blissey|100/100
|
|-weather|Sandstorm|[upkeep]
|-damage|p2a: Blissey|94/100|[from] Sandstorm
|upkeep
|turn|29
|l| Apollo ChaoZ
|
|t:|1661287514
|move|p1a: Tyranitar|Stone Edge|p2a: Blissey|[miss]
|-miss|p1a: Tyranitar|p2a: Blissey
|move|p2a: Blissey|Toxic|p1a: Tyranitar
|-status|p1a: Tyranitar|tox
|
|-weather|Sandstorm|[upkeep]
|-damage|p2a: Blissey|88/100|[from] Sandstorm
|-damage|p1a: Tyranitar|94/100 tox|[from] psn
|upkeep
|turn|30
|
|t:|1661287520
|switch|p1a: Dragapult|Dragapult, F|69/100
|switch|p2a: Gastrodon|Gastrodon, F|100/100
|-damage|p2a: Gastrodon|94/100|[from] Stealth Rock
|
|-weather|Sandstorm|[upkeep]
|-damage|p1a: Dragapult|63/100|[from] Sandstorm
|-heal|p2a: Gastrodon|100/100|[from] item: Leftovers
|upkeep
|turn|31
|
|t:|1661287522
|move|p2a: Gastrodon|Protect|p2a: Gastrodon
|-singleturn|p2a: Gastrodon|Protect
|move|p1a: Dragapult|Draco Meteor|p2a: Gastrodon
|-activate|p2a: Gastrodon|move: Protect
|
|-weather|Sandstorm|[upkeep]
|-damage|p1a: Dragapult|57/100|[from] Sandstorm
|upkeep
|turn|32
|
|t:|1661287528
|move|p1a: Dragapult|Draco Meteor|p2a: Gastrodon|[miss]
|-miss|p1a: Dragapult|p2a: Gastrodon
|move|p2a: Gastrodon|Recover||[still]
|-fail|p2a: Gastrodon|heal
|
|-weather|none
|upkeep
|turn|33
|
|t:|1661287531
|move|p1a: Dragapult|Draco Meteor|p2a: Gastrodon
|-damage|p2a: Gastrodon|38/100
|-unboost|p1a: Dragapult|spa|2
|move|p2a: Gastrodon|Recover|p2a: Gastrodon
|-heal|p2a: Gastrodon|88/100
|
|-heal|p2a: Gastrodon|94/100|[from] item: Leftovers
|upkeep
|turn|34
|
|t:|1661287535
|switch|p1a: Clefable|Clefable, F|100/100
|move|p2a: Gastrodon|Earth Power|p1a: Clefable
|-damage|p1a: Clefable|74/100
|-unboost|p1a: Clefable|spd|1
|
|-heal|p2a: Gastrodon|99/100|[from] item: Leftovers
|upkeep
|turn|35
|
|t:|1661287539
|switch|p1a: Ferrothorn|Ferrothorn, M|100/100
|move|p2a: Gastrodon|Earth Power|p1a: Ferrothorn
|-damage|p1a: Ferrothorn|77/100
|
|-heal|p2a: Gastrodon|100/100|[from] item: Leftovers
|-heal|p1a: Ferrothorn|83/100|[from] item: Leftovers
|upkeep
|turn|36
|
|t:|1661287542
|switch|p2a: Corviknight|Corviknight, F|94/100
|-damage|p2a: Corviknight|82/100|[from] Stealth Rock
|-ability|p2a: Corviknight|Pressure
|move|p1a: Ferrothorn|Leech Seed|p2a: Corviknight
|-start|p2a: Corviknight|move: Leech Seed
|
|-heal|p2a: Corviknight|88/100|[from] item: Leftovers
|-heal|p1a: Ferrothorn|90/100|[from] item: Leftovers
|-damage|p2a: Corviknight|76/100|[from] Leech Seed|[of] p1a: Ferrothorn
|-heal|p1a: Ferrothorn|100/100|[silent]
|upkeep
|turn|37
|
|t:|1661287545
|move|p2a: Corviknight|Iron Defense|p2a: Corviknight
|-boost|p2a: Corviknight|def|2
|move|p1a: Ferrothorn|Iron Defense|p1a: Ferrothorn
|-boost|p1a: Ferrothorn|def|2
|
|-heal|p2a: Corviknight|82/100|[from] item: Leftovers
|-damage|p2a: Corviknight|69/100|[from] Leech Seed|[of] p1a: Ferrothorn
|upkeep
|turn|38
|
|t:|1661287549
|move|p2a: Corviknight|Iron Defense|p2a: Corviknight
|-boost|p2a: Corviknight|def|2
|move|p1a: Ferrothorn|Iron Defense|p1a: Ferrothorn
|-boost|p1a: Ferrothorn|def|2
|
|-heal|p2a: Corviknight|75/100|[from] item: Leftovers
|-damage|p2a: Corviknight|63/100|[from] Leech Seed|[of] p1a: Ferrothorn
|upkeep
|turn|39
|
|t:|1661287553
|move|p2a: Corviknight|Roost|p2a: Corviknight
|-heal|p2a: Corviknight|100/100
|-singleturn|p2a: Corviknight|move: Roost
|move|p1a: Ferrothorn|Iron Defense|p1a: Ferrothorn
|-boost|p1a: Ferrothorn|def|2
|
|-damage|p2a: Corviknight|88/100|[from] Leech Seed|[of] p1a: Ferrothorn
|upkeep
|turn|40
|
|t:|1661287555
|switch|p2a: Clefable|Clefable, M|99/100
|-damage|p2a: Clefable|87/100|[from] Stealth Rock
|move|p1a: Ferrothorn|Spikes|p2a: Clefable
|-sidestart|p2: Ferromolybdenum|Spikes
|
|upkeep
|turn|41
|
|t:|1661287568
|move|p2a: Clefable|Calm Mind|p2a: Clefable
|-boost|p2a: Clefable|spa|1
|-boost|p2a: Clefable|spd|1
|move|p1a: Ferrothorn|Spikes|p2a: Clefable
|-sidestart|p2: Ferromolybdenum|Spikes
|
|upkeep
|turn|42
|
|t:|1661287572
|switch|p1a: Excadrill|Excadrill, M|100/100
|move|p2a: Clefable|Calm Mind|p2a: Clefable
|-boost|p2a: Clefable|spa|1
|-boost|p2a: Clefable|spd|1
|
|upkeep
|turn|43
|
|t:|1661287579
|switch|p1a: Dragapult|Dragapult, F|57/100
|switch|p2a: Corviknight|Corviknight, F|88/100
|-damage|p2a: Corviknight|76/100|[from] Stealth Rock
|-ability|p2a: Corviknight|Pressure
|
|-heal|p2a: Corviknight|82/100|[from] item: Leftovers
|upkeep
|turn|44
|
|t:|1661287592
|switch|p2a: Blissey|Blissey, F|88/100
|move|p1a: Dragapult|Draco Meteor|p2a: Blissey|[miss]
|-miss|p1a: Dragapult|p2a: Blissey
|
|upkeep
|turn|45
|
|t:|1661287599
|switch|p1a: Ferrothorn|Ferrothorn, M|100/100
|move|p2a: Blissey|Toxic|p1a: Ferrothorn
|-immune|p1a: Ferrothorn
|
|upkeep
|turn|46
|
|t:|1661287605
|switch|p2a: Corviknight|Corviknight, F|82/100
|-damage|p2a: Corviknight|70/100|[from] Stealth Rock
|-ability|p2a: Corviknight|Pressure
|move|p1a: Ferrothorn|Iron Defense|p1a: Ferrothorn
|-boost|p1a: Ferrothorn|def|2
|
|-heal|p2a: Corviknight|76/100|[from] item: Leftovers
|upkeep
|turn|47
|
|t:|1661287607
|move|p2a: Corviknight|Defog|p1a: Ferrothorn
|-unboost|p1a: Ferrothorn|evasion|1
|-sideend|p2: Ferromolybdenum|Spikes|[from] move: Defog|[of] p2a: Corviknight
|-sideend|p2: Ferromolybdenum|Stealth Rock|[from] move: Defog|[of] p2a: Corviknight
|move|p1a: Ferrothorn|Body Press|p2a: Corviknight
|-damage|p2a: Corviknight|35/100
|
|-heal|p2a: Corviknight|41/100|[from] item: Leftovers
|upkeep
|turn|48
|
|t:|1661287609
|switch|p2a: Mew|Mew|46/100
|move|p1a: Ferrothorn|Spikes|p2a: Mew
|-sidestart|p2: Ferromolybdenum|Spikes
|
|upkeep
|turn|49
|
|t:|1661287615
|switch|p1a: Dragapult|Dragapult, F|57/100
|move|p2a: Mew|Roost|p2a: Mew
|-heal|p2a: Mew|96/100
|-singleturn|p2a: Mew|move: Roost
|
|upkeep
|turn|50
|
|t:|1661287624
|move|p1a: Dragapult|U-turn|p2a: Mew
|-supereffective|p2a: Mew
|-damage|p2a: Mew|68/100
|
|t:|1661287629
|switch|p1a: Clefable|Clefable, F|74/100|[from]move: U-turn
|move|p2a: Mew|Roost|p2a: Mew
|-heal|p2a: Mew|100/100
|-singleturn|p2a: Mew|move: Roost
|
|upkeep
|turn|51
|j| zReptar
|
|t:|1661287633
|switch|p2a: Corviknight|Corviknight, F|41/100
|-ability|p2a: Corviknight|Pressure
|switch|p1a: Dragapult|Dragapult, F|57/100
|
|-heal|p2a: Corviknight|47/100|[from] item: Leftovers
|upkeep
|turn|52
|
|t:|1661287636
|switch|p2a: Blissey|Blissey, F|88/100
|move|p1a: Dragapult|U-turn|p2a: Blissey
|-damage|p2a: Blissey|74/100
|l| zReptar
|inactive|lt94je polt has 120 seconds left.
|
|t:|1661287682
|switch|p1a: Tyranitar|Tyranitar, F|94/100 tox|[from]move: U-turn
|-weather|Sandstorm|[from] ability: Sand Stream|[of] p1a: Tyranitar
|
|-weather|Sandstorm|[upkeep]
|-damage|p2a: Blissey|68/100|[from] Sandstorm
|-damage|p1a: Tyranitar|88/100 tox|[from] psn
|upkeep
|turn|53
|
|t:|1661287690
|switch|p2a: Gastrodon|Gastrodon, F|100/100
|-damage|p2a: Gastrodon|88/100|[from] Spikes
|move|p1a: Tyranitar|Crunch|p2a: Gastrodon
|-damage|p2a: Gastrodon|17/100
|
|-weather|Sandstorm|[upkeep]
|-heal|p2a: Gastrodon|24/100|[from] item: Leftovers
|-damage|p1a: Tyranitar|76/100 tox|[from] psn
|upkeep
|turn|54
|
|t:|1661287696
|move|p2a: Gastrodon|Protect|p2a: Gastrodon
|-singleturn|p2a: Gastrodon|Protect
|move|p1a: Tyranitar|Crunch|p2a: Gastrodon
|-activate|p2a: Gastrodon|move: Protect
|
|-weather|Sandstorm|[upkeep]
|-heal|p2a: Gastrodon|30/100|[from] item: Leftovers
|-damage|p1a: Tyranitar|57/100 tox|[from] psn
|upkeep
|turn|55
|
|t:|1661287702
|switch|p1a: Excadrill|Excadrill, M|100/100
|switch|p2a: Clefable|Clefable, M|87/100
|-damage|p2a: Clefable|74/100|[from] Spikes
|
|-weather|Sandstorm|[upkeep]
|-damage|p2a: Clefable|68/100|[from] Sandstorm
|upkeep
|turn|56
|
|t:|1661287705
|switch|p2a: Corviknight|Corviknight, F|47/100
|-ability|p2a: Corviknight|Pressure
|move|p1a: Excadrill|Swords Dance|p1a: Excadrill
|-boost|p1a: Excadrill|atk|2
|
|-weather|none
|-heal|p2a: Corviknight|53/100|[from] item: Leftovers
|upkeep
|turn|57
|
|t:|1661287707
|move|p1a: Excadrill|Iron Head|p2a: Corviknight
|-resisted|p2a: Corviknight
|-damage|p2a: Corviknight|28/100
|move|p2a: Corviknight|Iron Defense|p2a: Corviknight
|-boost|p2a: Corviknight|def|2
|
|-heal|p2a: Corviknight|34/100|[from] item: Leftovers
|upkeep
|turn|58
|
|t:|1661287711
|switch|p1a: Dragapult|Dragapult, F|57/100
|move|p2a: Corviknight|Roost|p2a: Corviknight
|-heal|p2a: Corviknight|84/100
|-singleturn|p2a: Corviknight|move: Roost
|
|-heal|p2a: Corviknight|90/100|[from] item: Leftovers
|upkeep
|turn|59
|
|t:|1661287718
|switch|p2a: Blissey|Blissey, F|68/100
|move|p1a: Dragapult|U-turn|p2a: Blissey
|-damage|p2a: Blissey|53/100
|
|t:|1661287723
|switch|p1a: Tyranitar|Tyranitar, F|57/100 tox|[from]move: U-turn
|-weather|Sandstorm|[from] ability: Sand Stream|[of] p1a: Tyranitar
|
|-weather|Sandstorm|[upkeep]
|-damage|p2a: Blissey|47/100|[from] Sandstorm
|-damage|p1a: Tyranitar|51/100 tox|[from] psn
|upkeep
|turn|60
|
|t:|1661287728
|switch|p2a: Toxapex|Toxapex, F|73/100
|-damage|p2a: Toxapex|61/100|[from] Spikes
|move|p1a: Tyranitar|Stone Edge|p2a: Toxapex
|-damage|p2a: Toxapex|10/100
|
|-weather|Sandstorm|[upkeep]
|-damage|p2a: Toxapex|4/100|[from] Sandstorm
|-damage|p1a: Tyranitar|39/100 tox|[from] psn
|upkeep
|turn|61
|
|t:|1661287735
|move|p1a: Tyranitar|Stone Edge|p2a: Toxapex
|-damage|p2a: Toxapex|0 fnt
|faint|p2a: Toxapex
|
|-weather|Sandstorm|[upkeep]
|-damage|p1a: Tyranitar|20/100 tox|[from] psn
|upkeep
|
|t:|1661287738
|switch|p2a: Corviknight|Corviknight, F|90/100
|-ability|p2a: Corviknight|Pressure
|turn|62
|
|t:|1661287741
|switch|p1a: Ferrothorn|Ferrothorn, M|100/100
|move|p2a: Corviknight|Defog|p1a: Ferrothorn
|-unboost|p1a: Ferrothorn|evasion|1
|-sideend|p2: Ferromolybdenum|Spikes|[from] move: Defog|[of] p2a: Corviknight
|
|-weather|Sandstorm|[upkeep]
|-heal|p2a: Corviknight|96/100|[from] item: Leftovers
|upkeep
|turn|63
|
|t:|1661287745
|switch|p2a: Mew|Mew|100/100
|move|p1a: Ferrothorn|Spikes|p2a: Mew
|-sidestart|p2: Ferromolybdenum|Spikes
|
|-weather|none
|upkeep
|turn|64
|
|t:|1661287750
|move|p2a: Mew|Will-O-Wisp|p1a: Ferrothorn
|-status|p1a: Ferrothorn|brn
|move|p1a: Ferrothorn|Leech Seed|p2a: Mew
|-start|p2a: Mew|move: Leech Seed
|
|-damage|p2a: Mew|88/100|[from] Leech Seed|[of] p1a: Ferrothorn
|-damage|p1a: Ferrothorn|94/100 brn|[from] brn
|upkeep
|turn|65
|
|t:|1661287754
|switch|p1a: Dragapult|Dragapult, F|57/100
|move|p2a: Mew|Taunt|p1a: Dragapult
|-start|p1a: Dragapult|move: Taunt
|
|-damage|p2a: Mew|76/100|[from] Leech Seed|[of] p1a: Dragapult
|-heal|p1a: Dragapult|73/100|[silent]
|upkeep
|turn|66
|
|t:|1661287761
|switch|p2a: Clefable|Clefable, M|68/100
|-damage|p2a: Clefable|55/100|[from] Spikes
|move|p1a: Dragapult|Shadow Ball|p2a: Clefable
|-damage|p2a: Clefable|3/100
|
|upkeep
|turn|67
|
|t:|1661287766
|switch|p2a: Blissey|Blissey, F|47/100
|move|p1a: Dragapult|Shadow Ball|p2a: Blissey
|-immune|p2a: Blissey
|
|-end|p1a: Dragapult|move: Taunt
|upkeep
|turn|68
|
|t:|1661287775
|switch|p1a: Clefable|Clefable, F|74/100
|move|p2a: Blissey|Soft-Boiled|p2a: Blissey
|-heal|p2a: Blissey|97/100
|
|upkeep
|turn|69
|
|t:|1661287780
|switch|p2a: Corviknight|Corviknight, F|96/100
|-ability|p2a: Corviknight|Pressure
|move|p1a: Clefable|Knock Off|p2a: Corviknight
|-damage|p2a: Corviknight|86/100
|-enditem|p2a: Corviknight|Leftovers|[from] move: Knock Off|[of] p1a: Clefable
|
|upkeep
|turn|70
|
|t:|1661287785
|move|p2a: Corviknight|Defog|p1a: Clefable
|-unboost|p1a: Clefable|evasion|1
|-sideend|p2: Ferromolybdenum|Spikes|[from] move: Defog|[of] p2a: Corviknight
|move|p1a: Clefable|Stealth Rock|p2a: Corviknight
|-sidestart|p2: Ferromolybdenum|move: Stealth Rock
|
|upkeep
|turn|71
|
|t:|1661287787
|switch|p1a: Dragapult|Dragapult, F|73/100
|move|p2a: Corviknight|Defog|p1a: Dragapult
|-unboost|p1a: Dragapult|evasion|1
|-sideend|p2: Ferromolybdenum|Stealth Rock|[from] move: Defog|[of] p2a: Corviknight
|
|upkeep
|turn|72
|
|t:|1661287791
|switch|p2a: Clefable|Clefable, M|3/100
|move|p1a: Dragapult|U-turn|p2a: Clefable
|-resisted|p2a: Clefable
|-damage|p2a: Clefable|0 fnt
|faint|p2a: Clefable
|l| lt94je nick
|
|t:|1661287796
|switch|p1a: Clefable|Clefable, F|74/100|[from]move: U-turn
|
|upkeep
|
|t:|1661287799
|switch|p2a: Mew|Mew|76/100
|turn|73
|
|t:|1661287805
|move|p2a: Mew|Taunt|p1a: Clefable
|-start|p1a: Clefable|move: Taunt
|cant|p1a: Clefable|move: Taunt|Soft-Boiled
|
|upkeep
|turn|74
|
|t:|1661287815
|switch|p1a: Dragapult|Dragapult, F|73/100
|move|p2a: Mew|Will-O-Wisp|p1a: Dragapult
|-status|p1a: Dragapult|brn
|
|-damage|p1a: Dragapult|67/100 brn|[from] brn
|upkeep
|turn|75
|
|t:|1661287819
|switch|p2a: Blissey|Blissey, F|97/100
|move|p1a: Dragapult|U-turn|p2a: Blissey
|-damage|p2a: Blissey|89/100
|
|t:|1661287831
|switch|p1a: Ferrothorn|Ferrothorn, M|94/100 brn|[from]move: U-turn
|
|-heal|p1a: Ferrothorn|100/100 brn|[from] item: Leftovers
|-damage|p1a: Ferrothorn|94/100 brn|[from] brn
|upkeep
|turn|76
|
|t:|1661287834
|switch|p2a: Corviknight|Corviknight, F|86/100
|-ability|p2a: Corviknight|Pressure
|move|p1a: Ferrothorn|Iron Defense|p1a: Ferrothorn
|-boost|p1a: Ferrothorn|def|2
|
|-heal|p1a: Ferrothorn|100/100 brn|[from] item: Leftovers
|-damage|p1a: Ferrothorn|94/100 brn|[from] brn
|upkeep
|turn|77
|
|t:|1661287838
|move|p2a: Corviknight|Iron Defense|p2a: Corviknight
|-boost|p2a: Corviknight|def|2
|move|p1a: Ferrothorn|Spikes|p2a: Corviknight
|-sidestart|p2: Ferromolybdenum|Spikes
|
|-heal|p1a: Ferrothorn|100/100 brn|[from] item: Leftovers
|-damage|p1a: Ferrothorn|94/100 brn|[from] brn
|upkeep
|turn|78
|
|t:|1661287841
|move|p2a: Corviknight|Defog|p1a: Ferrothorn
|-unboost|p1a: Ferrothorn|evasion|1
|-sideend|p2: Ferromolybdenum|Spikes|[from] move: Defog|[of] p2a: Corviknight
|move|p1a: Ferrothorn|Leech Seed|p2a: Corviknight
|-start|p2a: Corviknight|move: Leech Seed
|
|-heal|p1a: Ferrothorn|100/100 brn|[from] item: Leftovers
|-damage|p2a: Corviknight|74/100|[from] Leech Seed|[of] p1a: Ferrothorn
|-damage|p1a: Ferrothorn|94/100 brn|[from] brn
|upkeep
|turn|79
|
|t:|1661287845
|switch|p2a: Mew|Mew|76/100
|move|p1a: Ferrothorn|Iron Defense|p1a: Ferrothorn
|-boost|p1a: Ferrothorn|def|2
|
|-heal|p1a: Ferrothorn|100/100 brn|[from] item: Leftovers
|-damage|p1a: Ferrothorn|94/100 brn|[from] brn
|upkeep
|turn|80
|
|t:|1661287848
|move|p2a: Mew|Taunt|p1a: Ferrothorn
|-start|p1a: Ferrothorn|move: Taunt
|move|p1a: Ferrothorn|Body Press|p2a: Mew
|-resisted|p2a: Mew
|-damage|p2a: Mew|56/100
|
|-heal|p1a: Ferrothorn|100/100 brn|[from] item: Leftovers
|-damage|p1a: Ferrothorn|94/100 brn|[from] brn
|upkeep
|turn|81
|
|t:|1661287851
|move|p2a: Mew|Night Shade|p1a: Ferrothorn
|-damage|p1a: Ferrothorn|66/100 brn
|move|p1a: Ferrothorn|Body Press|p2a: Mew
|-resisted|p2a: Mew
|-damage|p2a: Mew|36/100
|
|-heal|p1a: Ferrothorn|72/100 brn|[from] item: Leftovers
|-damage|p1a: Ferrothorn|66/100 brn|[from] brn
|upkeep
|turn|82
|
|t:|1661287854
|switch|p1a: Dragapult|Dragapult, F|67/100 brn
|move|p2a: Mew|Roost|p2a: Mew
|-heal|p2a: Mew|86/100
|-singleturn|p2a: Mew|move: Roost
|
|-damage|p1a: Dragapult|61/100 brn|[from] brn
|upkeep
|turn|83
|
|t:|1661287858
|switch|p2a: Blissey|Blissey, F|89/100
|move|p1a: Dragapult|U-turn|p2a: Blissey
|-damage|p2a: Blissey|82/100
|
|t:|1661287863
|switch|p1a: Tyranitar|Tyranitar, F|20/100 tox|[from]move: U-turn
|-weather|Sandstorm|[from] ability: Sand Stream|[of] p1a: Tyranitar
|
|-weather|Sandstorm|[upkeep]
|-damage|p2a: Blissey|76/100|[from] Sandstorm
|-damage|p1a: Tyranitar|14/100 tox|[from] psn
|upkeep
|turn|84
|
|t:|1661287869
|switch|p2a: Gastrodon|Gastrodon, F|30/100
|move|p1a: Tyranitar|Stone Edge|p2a: Gastrodon|[miss]
|-miss|p1a: Tyranitar|p2a: Gastrodon
|
|-weather|Sandstorm|[upkeep]
|-heal|p2a: Gastrodon|36/100|[from] item: Leftovers
|-damage|p1a: Tyranitar|2/100 tox|[from] psn
|upkeep
|turn|85
|
|t:|1661287874
|switch|p1a: Excadrill|Excadrill, M|100/100
|move|p2a: Gastrodon|Protect||[still]
|-fail|p2a: Gastrodon
|
|-weather|Sandstorm|[upkeep]
|-heal|p2a: Gastrodon|42/100|[from] item: Leftovers
|upkeep
|turn|86
|
|t:|1661287878
|switch|p1a: Ferrothorn|Ferrothorn, M|66/100 brn
|move|p2a: Gastrodon|Scald|p1a: Ferrothorn
|-resisted|p1a: Ferrothorn
|-damage|p1a: Ferrothorn|54/100 brn
|
|-weather|Sandstorm|[upkeep]
|-heal|p2a: Gastrodon|48/100|[from] item: Leftovers
|-heal|p1a: Ferrothorn|61/100 brn|[from] item: Leftovers
|-damage|p1a: Ferrothorn|54/100 brn|[from] brn
|upkeep
|turn|87
|
|t:|1661287882
|switch|p2a: Mew|Mew|86/100
|move|p1a: Ferrothorn|Spikes|p2a: Mew
|-sidestart|p2: Ferromolybdenum|Spikes
|
|-weather|none
|-heal|p1a: Ferrothorn|61/100 brn|[from] item: Leftovers
|-damage|p1a: Ferrothorn|54/100 brn|[from] brn
|upkeep
|turn|88
|
|t:|1661287888
|switch|p1a: Dragapult|Dragapult, F|61/100 brn
|move|p2a: Mew|Taunt|p1a: Dragapult
|-start|p1a: Dragapult|move: Taunt
|
|-damage|p1a: Dragapult|55/100 brn|[from] brn
|upkeep
|turn|89
|
|t:|1661287892
|switch|p2a: Blissey|Blissey, F|76/100
|move|p1a: Dragapult|U-turn|p2a: Blissey
|-damage|p2a: Blissey|69/100
|
|t:|1661287920
|switch|p1a: Excadrill|Excadrill, M|100/100|[from]move: U-turn
|
|upkeep
|turn|90
|
|t:|1661287926
|switch|p1a: Dragapult|Dragapult, F|55/100 brn
|switch|p2a: Corviknight|Corviknight, F|74/100
|-ability|p2a: Corviknight|Pressure
|
|-damage|p1a: Dragapult|49/100 brn|[from] brn
|upkeep
|turn|91
|
|t:|1661287929
|switch|p2a: Gastrodon|Gastrodon, F|48/100
|-damage|p2a: Gastrodon|35/100|[from] Spikes
|move|p1a: Dragapult|Flamethrower|p2a: Gastrodon
|-resisted|p2a: Gastrodon
|-damage|p2a: Gastrodon|22/100
|
|-heal|p2a: Gastrodon|28/100|[from] item: Leftovers
|-damage|p1a: Dragapult|43/100 brn|[from] brn
|upkeep
|turn|92
|
|t:|1661287933
|switch|p1a: Ferrothorn|Ferrothorn, M|54/100 brn
|move|p2a: Gastrodon|Recover|p2a: Gastrodon
|-heal|p2a: Gastrodon|78/100
|
|-heal|p2a: Gastrodon|85/100|[from] item: Leftovers
|-heal|p1a: Ferrothorn|61/100 brn|[from] item: Leftovers
|-damage|p1a: Ferrothorn|54/100 brn|[from] brn
|upkeep
|turn|93
|
|t:|1661287936
|switch|p2a: Corviknight|Corviknight, F|74/100
|-ability|p2a: Corviknight|Pressure
|move|p1a: Ferrothorn|Leech Seed|p2a: Corviknight
|-start|p2a: Corviknight|move: Leech Seed
|
|-heal|p1a: Ferrothorn|61/100 brn|[from] item: Leftovers
|-damage|p2a: Corviknight|62/100|[from] Leech Seed|[of] p1a: Ferrothorn
|-heal|p1a: Ferrothorn|75/100 brn|[silent]
|-damage|p1a: Ferrothorn|68/100 brn|[from] brn
|upkeep
|turn|94
|
|t:|1661287938
|move|p2a: Corviknight|Roost|p2a: Corviknight
|-heal|p2a: Corviknight|100/100
|-singleturn|p2a: Corviknight|move: Roost
|move|p1a: Ferrothorn|Spikes|p2a: Corviknight
|-sidestart|p2: Ferromolybdenum|Spikes
|
|-heal|p1a: Ferrothorn|75/100 brn|[from] item: Leftovers
|-damage|p2a: Corviknight|88/100|[from] Leech Seed|[of] p1a: Ferrothorn
|-heal|p1a: Ferrothorn|89/100 brn|[silent]
|-damage|p1a: Ferrothorn|82/100 brn|[from] brn
|upkeep
|turn|95
|
|t:|1661287944
|move|p2a: Corviknight|Defog|p1a: Ferrothorn
|-unboost|p1a: Ferrothorn|evasion|1
|-sideend|p2: Ferromolybdenum|Spikes|[from] move: Defog|[of] p2a: Corviknight
|move|p1a: Ferrothorn|Iron Defense|p1a: Ferrothorn
|-boost|p1a: Ferrothorn|def|2
|
|-heal|p1a: Ferrothorn|89/100 brn|[from] item: Leftovers
|-damage|p2a: Corviknight|76/100|[from] Leech Seed|[of] p1a: Ferrothorn
|-heal|p1a: Ferrothorn|100/100 brn|[silent]
|-damage|p1a: Ferrothorn|94/100 brn|[from] brn
|upkeep
|turn|96
|
|t:|1661287947
|switch|p2a: Mew|Mew|86/100
|move|p1a: Ferrothorn|Leech Seed|p2a: Mew
|-start|p2a: Mew|move: Leech Seed
|
|-heal|p1a: Ferrothorn|100/100 brn|[from] item: Leftovers
|-damage|p2a: Mew|73/100|[from] Leech Seed|[of] p1a: Ferrothorn
|-damage|p1a: Ferrothorn|94/100 brn|[from] brn
|upkeep
|turn|97
|
|t:|1661287949
|move|p2a: Mew|Taunt|p1a: Ferrothorn
|-start|p1a: Ferrothorn|move: Taunt
|cant|p1a: Ferrothorn|move: Taunt|Spikes
|
|-heal|p1a: Ferrothorn|100/100 brn|[from] item: Leftovers
|-damage|p2a: Mew|61/100|[from] Leech Seed|[of] p1a: Ferrothorn
|-damage|p1a: Ferrothorn|94/100 brn|[from] brn
|upkeep
|turn|98
|
|t:|1661287951
|switch|p2a: Corviknight|Corviknight, F|76/100
|-ability|p2a: Corviknight|Pressure
|move|p1a: Ferrothorn|Body Press|p2a: Corviknight
|-damage|p2a: Corviknight|57/100
|
|-heal|p1a: Ferrothorn|100/100 brn|[from] item: Leftovers
|-damage|p1a: Ferrothorn|94/100 brn|[from] brn
|upkeep
|turn|99
|
|t:|1661287954
|move|p2a: Corviknight|Roost|p2a: Corviknight
|-heal|p2a: Corviknight|100/100
|-singleturn|p2a: Corviknight|move: Roost
|move|p1a: Ferrothorn|Body Press|p2a: Corviknight
|-supereffective|p2a: Corviknight
|-damage|p2a: Corviknight|58/100
|
|-heal|p1a: Ferrothorn|100/100 brn|[from] item: Leftovers
|-damage|p1a: Ferrothorn|94/100 brn|[from] brn
|-end|p1a: Ferrothorn|move: Taunt
|upkeep
|turn|100
|
|t:|1661287956
|switch|p2a: Mew|Mew|61/100
|move|p1a: Ferrothorn|Spikes|p2a: Mew
|-sidestart|p2: Ferromolybdenum|Spikes
|
|-heal|p1a: Ferrothorn|100/100 brn|[from] item: Leftovers
|-damage|p1a: Ferrothorn|94/100 brn|[from] brn
|upkeep
|turn|101
|
|t:|1661287959
|switch|p1a: Dragapult|Dragapult, F|43/100 brn
|move|p2a: Mew|Taunt|p1a: Dragapult
|-start|p1a: Dragapult|move: Taunt
|
|-damage|p1a: Dragapult|37/100 brn|[from] brn
|upkeep
|turn|102
|
|t:|1661287962
|switch|p2a: Gastrodon|Gastrodon, F|85/100
|-damage|p2a: Gastrodon|72/100|[from] Spikes
|move|p1a: Dragapult|U-turn|p2a: Gastrodon
|-damage|p2a: Gastrodon|62/100
|
|t:|1661287968
|switch|p1a: Ferrothorn|Ferrothorn, M|94/100 brn|[from]move: U-turn
|
|-heal|p2a: Gastrodon|69/100|[from] item: Leftovers
|-heal|p1a: Ferrothorn|100/100 brn|[from] item: Leftovers
|-damage|p1a: Ferrothorn|94/100 brn|[from] brn
|upkeep
|turn|103
|
|t:|1661287971
|switch|p2a: Corviknight|Corviknight, F|58/100
|-ability|p2a: Corviknight|Pressure
|move|p1a: Ferrothorn|Leech Seed|p2a: Corviknight
|-start|p2a: Corviknight|move: Leech Seed
|
|-heal|p1a: Ferrothorn|100/100 brn|[from] item: Leftovers
|-damage|p2a: Corviknight|46/100|[from] Leech Seed|[of] p1a: Ferrothorn
|-damage|p1a: Ferrothorn|94/100 brn|[from] brn
|upkeep
|turn|104
|
|t:|1661287973
|switch|p1a: Dragapult|Dragapult, F|37/100 brn
|move|p2a: Corviknight|Roost|p2a: Corviknight
|-heal|p2a: Corviknight|96/100
|-singleturn|p2a: Corviknight|move: Roost
|
|-damage|p2a: Corviknight|84/100|[from] Leech Seed|[of] p1a: Dragapult
|-heal|p1a: Dragapult|52/100 brn|[silent]
|-damage|p1a: Dragapult|46/100 brn|[from] brn
|upkeep
|turn|105
|
|t:|1661287980
|switch|p2a: Blissey|Blissey, F|69/100
|move|p1a: Dragapult|U-turn|p2a: Blissey
|-damage|p2a: Blissey|62/100
|
|t:|1661287987
|switch|p1a: Excadrill|Excadrill, M|100/100|[from]move: U-turn
|
|upkeep
|turn|106
|
|t:|1661287990
|switch|p1a: Ferrothorn|Ferrothorn, M|94/100 brn
|switch|p2a: Corviknight|Corviknight, F|84/100
|-ability|p2a: Corviknight|Pressure
|
|-heal|p1a: Ferrothorn|100/100 brn|[from] item: Leftovers
|-damage|p1a: Ferrothorn|94/100 brn|[from] brn
|upkeep
|turn|107
|j| gare23limit
|
|t:|1661287994
|move|p2a: Corviknight|Iron Defense|p2a: Corviknight
|-boost|p2a: Corviknight|def|2
|move|p1a: Ferrothorn|Spikes|p2a: Corviknight
|-sidestart|p2: Ferromolybdenum|Spikes
|
|-heal|p1a: Ferrothorn|100/100 brn|[from] item: Leftovers
|-damage|p1a: Ferrothorn|94/100 brn|[from] brn
|upkeep
|turn|108
|
|t:|1661287997
|move|p2a: Corviknight|Defog|p1a: Ferrothorn
|-unboost|p1a: Ferrothorn|evasion|1
|-sideend|p2: Ferromolybdenum|Spikes|[from] move: Defog|[of] p2a: Corviknight
|move|p1a: Ferrothorn|Iron Defense|p1a: Ferrothorn
|-boost|p1a: Ferrothorn|def|2
|
|-heal|p1a: Ferrothorn|100/100 brn|[from] item: Leftovers
|-damage|p1a: Ferrothorn|94/100 brn|[from] brn
|upkeep
|turn|109
|
|t:|1661288002
|switch|p2a: Mew|Mew|61/100
|move|p1a: Ferrothorn|Spikes|p2a: Mew
|-sidestart|p2: Ferromolybdenum|Spikes
|
|-heal|p1a: Ferrothorn|100/100 brn|[from] item: Leftovers
|-damage|p1a: Ferrothorn|94/100 brn|[from] brn
|upkeep
|turn|110
|j| a1212
|
|t:|1661288006
|switch|p1a: Dragapult|Dragapult, F|46/100 brn
|move|p2a: Mew|Taunt|p1a: Dragapult
|-start|p1a: Dragapult|move: Taunt
|
|-damage|p1a: Dragapult|40/100 brn|[from] brn
|upkeep
|turn|111
|
|t:|1661288010
|switch|p2a: Gastrodon|Gastrodon, F|69/100
|-damage|p2a: Gastrodon|56/100|[from] Spikes
|move|p1a: Dragapult|Draco Meteor|p2a: Gastrodon
|-damage|p2a: Gastrodon|0 fnt
|-unboost|p1a: Dragapult|spa|2
|faint|p2a: Gastrodon
|
|-damage|p1a: Dragapult|34/100 brn|[from] brn
|upkeep
|
|t:|1661288011
|switch|p2a: Blissey|Blissey, F|62/100
|turn|112
|l| gare23limit
|
|t:|1661288025
|switch|p1a: Clefable|Clefable, F|74/100
|move|p2a: Blissey|Soft-Boiled|p2a: Blissey
|-heal|p2a: Blissey|100/100
|
|upkeep
|turn|113
|
|t:|1661288034
|switch|p2a: Corviknight|Corviknight, F|84/100
|-ability|p2a: Corviknight|Pressure
|move|p1a: Clefable|Stealth Rock|p2a: Corviknight
|-sidestart|p2: Ferromolybdenum|move: Stealth Rock
|
|upkeep
|turn|114
|
|t:|1661288036
|move|p2a: Corviknight|Defog|p1a: Clefable
|-unboost|p1a: Clefable|evasion|1
|-sideend|p2: Ferromolybdenum|Spikes|[from] move: Defog|[of] p2a: Corviknight
|-sideend|p2: Ferromolybdenum|Stealth Rock|[from] move: Defog|[of] p2a: Corviknight
|move|p1a: Clefable|Knock Off|p2a: Corviknight
|-damage|p2a: Corviknight|77/100
|
|upkeep
|turn|115
|
|t:|1661288039
|move|p2a: Corviknight|Iron Defense|p2a: Corviknight
|-boost|p2a: Corviknight|def|2
|move|p1a: Clefable|Stealth Rock|p2a: Corviknight
|-sidestart|p2: Ferromolybdenum|move: Stealth Rock
|
|upkeep
|turn|116
|
|t:|1661288043
|switch|p1a: Dragapult|Dragapult, F|34/100 brn
|move|p2a: Corviknight|Defog|p1a: Dragapult
|-unboost|p1a: Dragapult|evasion|1
|-sideend|p2: Ferromolybdenum|Stealth Rock|[from] move: Defog|[of] p2a: Corviknight
|
|-damage|p1a: Dragapult|28/100 brn|[from] brn
|upkeep
|turn|117
|
|t:|1661288051
|switch|p2a: Blissey|Blissey, F|100/100
|move|p1a: Dragapult|U-turn|p2a: Blissey
|-damage|p2a: Blissey|93/100
|
|t:|1661288054
|switch|p1a: Ferrothorn|Ferrothorn, M|94/100 brn|[from]move: U-turn
|
|-heal|p1a: Ferrothorn|100/100 brn|[from] item: Leftovers
|-damage|p1a: Ferrothorn|94/100 brn|[from] brn
|upkeep
|turn|118
|
|t:|1661288058
|switch|p2a: Mew|Mew|61/100
|move|p1a: Ferrothorn|Spikes|p2a: Mew
|-sidestart|p2: Ferromolybdenum|Spikes
|
|-heal|p1a: Ferrothorn|100/100 brn|[from] item: Leftovers
|-damage|p1a: Ferrothorn|94/100 brn|[from] brn
|upkeep
|turn|119
|
|t:|1661288061
|switch|p1a: Clefable|Clefable, F|74/100
|move|p2a: Mew|Roost|p2a: Mew
|-heal|p2a: Mew|100/100
|-singleturn|p2a: Mew|move: Roost
|
|upkeep
|turn|120
|
|t:|1661288063
|switch|p1a: Ferrothorn|Ferrothorn, M|94/100 brn
|move|p2a: Mew|Taunt|p1a: Ferrothorn
|-start|p1a: Ferrothorn|move: Taunt
|
|-heal|p1a: Ferrothorn|100/100 brn|[from] item: Leftovers
|-damage|p1a: Ferrothorn|94/100 brn|[from] brn
|upkeep
|turn|121
|
|t:|1661288066
|switch|p1a: Clefable|Clefable, F|74/100
|move|p2a: Mew|Night Shade|p1a: Clefable
|-damage|p1a: Clefable|49/100
|
|upkeep
|turn|122
|
|t:|1661288070
|switch|p1a: Excadrill|Excadrill, M|100/100
|move|p2a: Mew|Taunt|p1a: Excadrill
|-start|p1a: Excadrill|move: Taunt
|
|upkeep
|turn|123
|
|t:|1661288072
|switch|p1a: Clefable|Clefable, F|49/100
|move|p2a: Mew|Will-O-Wisp|p1a: Clefable
|-status|p1a: Clefable|brn
|
|upkeep
|turn|124
|
|t:|1661288078
|switch|p1a: Excadrill|Excadrill, M|100/100
|move|p2a: Mew|Taunt|p1a: Excadrill
|-start|p1a: Excadrill|move: Taunt
|
|upkeep
|turn|125
|
|t:|1661288080
|switch|p1a: Clefable|Clefable, F|49/100 brn
|move|p2a: Mew|Night Shade|p1a: Clefable
|-damage|p1a: Clefable|24/100 brn
|
|upkeep
|turn|126
|
|t:|1661288084
|switch|p1a: Ferrothorn|Ferrothorn, M|94/100 brn
|move|p2a: Mew|Night Shade|p1a: Ferrothorn
|-damage|p1a: Ferrothorn|66/100 brn
|
|-heal|p1a: Ferrothorn|72/100 brn|[from] item: Leftovers
|-damage|p1a: Ferrothorn|66/100 brn|[from] brn
|upkeep
|turn|127
|
|t:|1661288086
|switch|p1a: Dragapult|Dragapult, F|28/100 brn
|move|p2a: Mew|Taunt|p1a: Dragapult
|-start|p1a: Dragapult|move: Taunt
|
|-damage|p1a: Dragapult|22/100 brn|[from] brn
|upkeep
|turn|128
|
|t:|1661288091
|switch|p2a: Blissey|Blissey, F|93/100
|move|p1a: Dragapult|U-turn|p2a: Blissey
|-damage|p2a: Blissey|86/100
|
|t:|1661288096
|switch|p1a: Ferrothorn|Ferrothorn, M|66/100 brn|[from]move: U-turn
|
|-heal|p1a: Ferrothorn|72/100 brn|[from] item: Leftovers
|-damage|p1a: Ferrothorn|66/100 brn|[from] brn
|upkeep
|turn|129
|
|t:|1661288099
|switch|p2a: Mew|Mew|100/100
|-damage|p2a: Mew|88/100|[from] Spikes
|move|p1a: Ferrothorn|Leech Seed|p2a: Mew
|-start|p2a: Mew|move: Leech Seed
|
|-heal|p1a: Ferrothorn|72/100 brn|[from] item: Leftovers
|-damage|p2a: Mew|76/100|[from] Leech Seed|[of] p1a: Ferrothorn
|-heal|p1a: Ferrothorn|86/100 brn|[silent]
|-damage|p1a: Ferrothorn|80/100 brn|[from] brn
|upkeep
|turn|130
|
|t:|1661288102
|switch|p2a: Corviknight|Corviknight, F|77/100
|-ability|p2a: Corviknight|Pressure
|switch|p1a: Dragapult|Dragapult, F|22/100 brn
|
|-damage|p1a: Dragapult|16/100 brn|[from] brn
|upkeep
|turn|131
|
|t:|1661288106
|switch|p2a: Blissey|Blissey, F|86/100
|move|p1a: Dragapult|U-turn|p2a: Blissey
|-damage|p2a: Blissey|79/100
|
|t:|1661288110
|switch|p1a: Clefable|Clefable, F|24/100 brn|[from]move: U-turn
|
|upkeep
|turn|132
|
|t:|1661288114
|switch|p2a: Mew|Mew|76/100
|-damage|p2a: Mew|63/100|[from] Spikes
|move|p1a: Clefable|Soft-Boiled|p1a: Clefable
|-heal|p1a: Clefable|74/100 brn
|
|upkeep
|turn|133
|
|t:|1661288122
|move|p2a: Mew|Taunt|p1a: Clefable
|-start|p1a: Clefable|move: Taunt
|cant|p1a: Clefable|move: Taunt|Soft-Boiled
|
|upkeep
|turn|134
|
|t:|1661288131
|move|p2a: Mew|Roost|p2a: Mew
|-heal|p2a: Mew|100/100
|-singleturn|p2a: Mew|move: Roost
|move|p1a: Clefable|Moonblast|p2a: Mew
|-damage|p2a: Mew|82/100
|-unboost|p2a: Mew|spa|1
|
|upkeep
|turn|135
|
|t:|1661288134
|move|p2a: Mew|Night Shade|p1a: Clefable
|-damage|p1a: Clefable|48/100 brn
|move|p1a: Clefable|Moonblast|p2a: Mew
|-damage|p2a: Mew|61/100
|
|-end|p1a: Clefable|move: Taunt
|upkeep
|turn|136
|
|t:|1661288140
|move|p2a: Mew|Taunt|p1a: Clefable
|-start|p1a: Clefable|move: Taunt
|move|p1a: Clefable|Moonblast|p2a: Mew
|-damage|p2a: Mew|42/100
|
|upkeep
|turn|137
|
|t:|1661288146
|move|p2a: Mew|Roost|p2a: Mew
|-heal|p2a: Mew|93/100
|-singleturn|p2a: Mew|move: Roost
|move|p1a: Clefable|Moonblast|p2a: Mew
|-damage|p2a: Mew|72/100
|
|upkeep
|turn|138
|
|t:|1661288149
|move|p2a: Mew|Night Shade|p1a: Clefable
|-damage|p1a: Clefable|23/100 brn
|move|p1a: Clefable|Moonblast|p2a: Mew
|-damage|p2a: Mew|52/100
|
|-end|p1a: Clefable|move: Taunt
|upkeep
|turn|139
|
|t:|1661288177
|move|p2a: Mew|Night Shade|p1a: Clefable
|-damage|p1a: Clefable|0 fnt
|faint|p1a: Clefable
|
|upkeep
|
|t:|1661288178
|switch|p1a: Dragapult|Dragapult, F|16/100 brn
|turn|140
|
|t:|1661288181
|switch|p2a: Blissey|Blissey, F|79/100
|move|p1a: Dragapult|U-turn|p2a: Blissey
|-damage|p2a: Blissey|72/100
|
|t:|1661288188
|switch|p1a: Excadrill|Excadrill, M|100/100|[from]move: U-turn
|
|upkeep
|turn|141
|
|t:|1661288197
|switch|p2a: Corviknight|Corviknight, F|77/100
|-ability|p2a: Corviknight|Pressure
|move|p1a: Excadrill|Swords Dance|p1a: Excadrill
|-boost|p1a: Excadrill|atk|2
|
|upkeep
|turn|142
|
|t:|1661288202
|move|p1a: Excadrill|Iron Head|p2a: Corviknight
|-resisted|p2a: Corviknight
|-damage|p2a: Corviknight|49/100
|cant|p2a: Corviknight|flinch
|
|upkeep
|turn|143
|
|t:|1661288207
|move|p1a: Excadrill|Iron Head|p2a: Corviknight
|-resisted|p2a: Corviknight
|-damage|p2a: Corviknight|21/100
|move|p2a: Corviknight|Roost|p2a: Corviknight
|-heal|p2a: Corviknight|71/100
|-singleturn|p2a: Corviknight|move: Roost
|
|upkeep
|turn|144
|
|t:|1661288210
|move|p1a: Excadrill|Iron Head|p2a: Corviknight
|-resisted|p2a: Corviknight
|-damage|p2a: Corviknight|43/100
|move|p2a: Corviknight|Iron Defense|p2a: Corviknight
|-boost|p2a: Corviknight|def|2
|
|upkeep
|turn|145
|
|t:|1661288214
|switch|p1a: Dragapult|Dragapult, F|16/100 brn
|move|p2a: Corviknight|Roost|p2a: Corviknight
|-heal|p2a: Corviknight|93/100
|-singleturn|p2a: Corviknight|move: Roost
|
|-damage|p1a: Dragapult|10/100 brn|[from] brn
|upkeep
|turn|146
|
|t:|1661288216
|switch|p2a: Blissey|Blissey, F|72/100
|move|p1a: Dragapult|U-turn|p2a: Blissey
|-damage|p2a: Blissey|65/100
|
|t:|1661288219
|switch|p1a: Excadrill|Excadrill, M|100/100|[from]move: U-turn
|
|upkeep
|turn|147
|
|t:|1661288222
|switch|p2a: Corviknight|Corviknight, F|93/100
|-ability|p2a: Corviknight|Pressure
|move|p1a: Excadrill|Swords Dance|p1a: Excadrill
|-boost|p1a: Excadrill|atk|2
|
|upkeep
|turn|148
|
|t:|1661288224
|move|p1a: Excadrill|Iron Head|p2a: Corviknight
|-resisted|p2a: Corviknight
|-damage|p2a: Corviknight|63/100
|move|p2a: Corviknight|Iron Defense|p2a: Corviknight
|-boost|p2a: Corviknight|def|2
|
|upkeep
|turn|149
|
|t:|1661288229
|move|p1a: Excadrill|Iron Head|p2a: Corviknight
|-resisted|p2a: Corviknight
|-damage|p2a: Corviknight|48/100
|cant|p2a: Corviknight|flinch
|
|upkeep
|turn|150
|l| a1212
|
|t:|1661288232
|switch|p1a: Dragapult|Dragapult, F|10/100 brn
|move|p2a: Corviknight|Roost|p2a: Corviknight
|-heal|p2a: Corviknight|98/100
|-singleturn|p2a: Corviknight|move: Roost
|
|-damage|p1a: Dragapult|4/100 brn|[from] brn
|upkeep
|turn|151
|
|t:|1661288252
|move|p1a: Dragapult|Draco Meteor|p2a: Corviknight
|-resisted|p2a: Corviknight
|-damage|p2a: Corviknight|61/100
|-unboost|p1a: Dragapult|spa|2
|move|p2a: Corviknight|Roost|p2a: Corviknight
|-heal|p2a: Corviknight|100/100
|-singleturn|p2a: Corviknight|move: Roost
|
|-damage|p1a: Dragapult|0 fnt|[from] brn
|faint|p1a: Dragapult
|upkeep
|
|t:|1661288256
|switch|p1a: Ferrothorn|Ferrothorn, M|80/100 brn
|turn|152
|
|t:|1661288260
|switch|p2a: Mew|Mew|52/100
|-damage|p2a: Mew|40/100|[from] Spikes
|move|p1a: Ferrothorn|Leech Seed|p2a: Mew
|-start|p2a: Mew|move: Leech Seed
|
|-heal|p1a: Ferrothorn|86/100 brn|[from] item: Leftovers
|-damage|p2a: Mew|27/100|[from] Leech Seed|[of] p1a: Ferrothorn
|-heal|p1a: Ferrothorn|100/100 brn|[silent]
|-damage|p1a: Ferrothorn|94/100 brn|[from] brn
|upkeep
|turn|153
|
|t:|1661288262
|switch|p1a: Excadrill|Excadrill, M|100/100
|move|p2a: Mew|Roost|p2a: Mew
|-heal|p2a: Mew|77/100
|-singleturn|p2a: Mew|move: Roost
|
|-damage|p2a: Mew|65/100|[from] Leech Seed|[of] p1a: Excadrill
|upkeep
|turn|154
|
|t:|1661288272
|switch|p1a: Tyranitar|Tyranitar, F|2/100 tox
|-weather|Sandstorm|[from] ability: Sand Stream|[of] p1a: Tyranitar
|switch|p2a: Corviknight|Corviknight, F|100/100
|-ability|p2a: Corviknight|Pressure
|
|-weather|Sandstorm|[upkeep]
|-damage|p1a: Tyranitar|0 fnt|[from] psn
|faint|p1a: Tyranitar
|upkeep
|
|t:|1661288276
|switch|p1a: Ferrothorn|Ferrothorn, M|94/100 brn
|turn|155
|
|t:|1661288278
|move|p2a: Corviknight|Iron Defense|p2a: Corviknight
|-boost|p2a: Corviknight|def|2
|move|p1a: Ferrothorn|Leech Seed|p2a: Corviknight
|-start|p2a: Corviknight|move: Leech Seed
|
|-weather|Sandstorm|[upkeep]
|-heal|p1a: Ferrothorn|100/100 brn|[from] item: Leftovers
|-damage|p2a: Corviknight|88/100|[from] Leech Seed|[of] p1a: Ferrothorn
|-damage|p1a: Ferrothorn|94/100 brn|[from] brn
|upkeep
|turn|156
|
|t:|1661288282
|switch|p2a: Mew|Mew|65/100
|-damage|p2a: Mew|53/100|[from] Spikes
|move|p1a: Ferrothorn|Iron Defense|p1a: Ferrothorn
|-boost|p1a: Ferrothorn|def|2
|
|-weather|Sandstorm|[upkeep]
|-damage|p2a: Mew|46/100|[from] Sandstorm
|-heal|p1a: Ferrothorn|100/100 brn|[from] item: Leftovers
|-damage|p1a: Ferrothorn|94/100 brn|[from] brn
|upkeep
|turn|157
|
|t:|1661288286
|switch|p1a: Excadrill|Excadrill, M|100/100
|move|p2a: Mew|Roost|p2a: Mew
|-heal|p2a: Mew|97/100
|-singleturn|p2a: Mew|move: Roost
|
|-weather|Sandstorm|[upkeep]
|-damage|p2a: Mew|90/100|[from] Sandstorm
|upkeep
|turn|158
|
|t:|1661288289
|move|p1a: Excadrill|Swords Dance|p1a: Excadrill
|-boost|p1a: Excadrill|atk|2
|move|p2a: Mew|Will-O-Wisp|p1a: Excadrill
|-status|p1a: Excadrill|brn
|
|-weather|none
|-damage|p1a: Excadrill|94/100 brn|[from] brn
|upkeep
|turn|159
|
|t:|1661288292
|switch|p2a: Corviknight|Corviknight, F|88/100
|-ability|p2a: Corviknight|Pressure
|move|p1a: Excadrill|Swords Dance|p1a: Excadrill
|-boost|p1a: Excadrill|atk|2
|
|-heal|p1a: Excadrill|100/100 brn|[from] item: Leftovers
|-damage|p1a: Excadrill|94/100 brn|[from] brn
|upkeep
|turn|160
|
|t:|1661288297
|move|p1a: Excadrill|Iron Head|p2a: Corviknight
|-resisted|p2a: Corviknight
|-damage|p2a: Corviknight|66/100
|cant|p2a: Corviknight|flinch
|
|-heal|p1a: Excadrill|100/100 brn|[from] item: Leftovers
|-damage|p1a: Excadrill|94/100 brn|[from] brn
|upkeep
|turn|161
|
|t:|1661288301
|move|p1a: Excadrill|Iron Head|p2a: Corviknight
|-resisted|p2a: Corviknight
|-damage|p2a: Corviknight|44/100
|move|p2a: Corviknight|Roost|p2a: Corviknight
|-heal|p2a: Corviknight|94/100
|-singleturn|p2a: Corviknight|move: Roost
|
|-heal|p1a: Excadrill|100/100 brn|[from] item: Leftovers
|-damage|p1a: Excadrill|94/100 brn|[from] brn
|upkeep
|turn|162
|
|t:|1661288304
|move|p1a: Excadrill|Swords Dance|p1a: Excadrill
|-boost|p1a: Excadrill|atk|2
|move|p2a: Corviknight|Iron Defense|p2a: Corviknight
|-boost|p2a: Corviknight|def|2
|
|-heal|p1a: Excadrill|100/100 brn|[from] item: Leftovers
|-damage|p1a: Excadrill|94/100 brn|[from] brn
|upkeep
|turn|163
|
|t:|1661288306
|move|p1a: Excadrill|Iron Head|p2a: Corviknight
|-resisted|p2a: Corviknight
|-damage|p2a: Corviknight|81/100
|cant|p2a: Corviknight|flinch
|
|-heal|p1a: Excadrill|100/100 brn|[from] item: Leftovers
|-damage|p1a: Excadrill|94/100 brn|[from] brn
|upkeep
|turn|164
|
|t:|1661288310
|move|p1a: Excadrill|Iron Head|p2a: Corviknight
|-resisted|p2a: Corviknight
|-damage|p2a: Corviknight|68/100
|move|p2a: Corviknight|Iron Defense|p2a: Corviknight
|-boost|p2a: Corviknight|def|2
|
|-heal|p1a: Excadrill|100/100 brn|[from] item: Leftovers
|-damage|p1a: Excadrill|94/100 brn|[from] brn
|upkeep
|turn|165
|
|t:|1661288314
|move|p1a: Excadrill|Iron Head|p2a: Corviknight
|-resisted|p2a: Corviknight
|-damage|p2a: Corviknight|58/100
|move|p2a: Corviknight|Roost|p2a: Corviknight
|-heal|p2a: Corviknight|100/100
|-singleturn|p2a: Corviknight|move: Roost
|
|-heal|p1a: Excadrill|100/100 brn|[from] item: Leftovers
|-damage|p1a: Excadrill|94/100 brn|[from] brn
|upkeep
|turn|166
|
|t:|1661288318
|move|p1a: Excadrill|Iron Head|p2a: Corviknight
|-resisted|p2a: Corviknight
|-damage|p2a: Corviknight|91/100
|cant|p2a: Corviknight|flinch
|
|-heal|p1a: Excadrill|100/100 brn|[from] item: Leftovers
|-damage|p1a: Excadrill|94/100 brn|[from] brn
|upkeep
|turn|167
|l| Pokemh
|-message|lt94je polt forfeited.
|
|win|Ferromolybdenum
|raw|lt94je polt's rating: 1796 &rarr; <strong>1775</strong><br />(-21 for losing)
|raw|Ferromolybdenum's rating: 1779 &rarr; <strong>1800</strong><br />(+21 for winning)
|l|☆lt94je polt
|l| isabela000◥▶_◀◤
|c|☆Ferromolybdenum|gg
