|j|☆6lacklivesmatter
|j|☆2222mm
|player|p1|6lacklivesmatter|marlon|1614
|player|p2|2222mm|wallace|1632
|teamsize|p1|6
|teamsize|p2|6
|gametype|singles
|gen|8
|tier|[Gen 8] OU
|rated|
|clearpoke
|poke|p1|Dragapult, M|
|poke|p1|Sylveon, M|
|poke|p1|Arcanine, F|
|poke|p1|Dracovish|
|poke|p1|Ferrothorn, M|
|poke|p1|Mandibuzz, F|
|poke|p2|Pelipper, M|
|poke|p2|Dracovish|
|poke|p2|Mantine, M|
|poke|p2|Seismitoad, M|
|poke|p2|Ferrothorn, F|
|poke|p2|Jirachi|
|rule|Sleep Clause Mod: Limit one foe put to sleep
|rule|Species Clause: Limit one of each Pokémon
|rule|OHKO Clause: OHKO moves are banned
|rule|Evasion Moves Clause: Evasion moves are banned
|rule|Endless Battle Clause: Forcing endless battles is banned
|rule|HP Percentage Mod: HP is shown in percentages
|rule|Dynamax Clause: You cannot dynamax
|teampreview
|inactive|Battle timer is ON: inactive players will automatically lose when time's up. (requested by 6lacklivesmatter)
|
|start
|switch|p1a: Dracovish|Dracovish, shiny|100/100
|switch|p2a: Ferrothorn|Ferrothorn, F, shiny|100/100
|turn|1
|
|switch|p1a: Ferrothorn|Ferrothorn, M|100/100
|move|p2a: Ferrothorn|Body Press|p1a: Ferrothorn
|-supereffective|p1a: Ferrothorn
|-damage|p1a: Ferrothorn|62/100
|-damage|p2a: Ferrothorn|88/100|[from] ability: Iron Barbs|[of] p1a: Ferrothorn
|
|-heal|p1a: Ferrothorn|68/100|[from] item: Leftovers
|upkeep
|turn|2
|
|switch|p1a: Dragapult|Dragapult, M, shiny|100/100
|move|p2a: Ferrothorn|Knock Off|p1a: Dragapult
|-supereffective|p1a: Dragapult
|-damage|p1a: Dragapult|46/100
|-enditem|p1a: Dragapult|Choice Specs|[from] move: Knock Off|[of] p2a: Ferrothorn
|
|upkeep
|turn|3
|
|move|p1a: Dragapult|Thunderbolt|p2a: Ferrothorn
|-resisted|p2a: Ferrothorn
|-damage|p2a: Ferrothorn|76/100
|move|p2a: Ferrothorn|Gyro Ball|p1a: Dragapult
|-damage|p1a: Dragapult|0 fnt
|faint|p1a: Dragapult
|
|upkeep
|
|switch|p1a: Arcanine|Arcanine, F|100/100
|-ability|p1a: Arcanine|Intimidate|boost
|-unboost|p2a: Ferrothorn|atk|1
|turn|4
|
|switch|p1a: Dracovish|Dracovish, shiny|100/100
|switch|p2a: Pelipper|Pelipper, M|100/100
|-weather|RainDance|[from] ability: Drizzle|[of] p2a: Pelipper
|
|-weather|RainDance|[upkeep]
|upkeep
|turn|5
|
|switch|p2a: Ferrothorn|Ferrothorn, F, shiny|76/100
|move|p1a: Dracovish|Fishious Rend|p2a: Ferrothorn
|-resisted|p2a: Ferrothorn
|-damage|p2a: Ferrothorn|11/100
|-damage|p1a: Dracovish|88/100|[from] ability: Iron Barbs|[of] p2a: Ferrothorn
|-damage|p1a: Dracovish|72/100|[from] item: Rocky Helmet|[of] p2a: Ferrothorn
|
|-weather|RainDance|[upkeep]
|upkeep
|turn|6
|
|move|p1a: Dracovish|Fishious Rend|p2a: Ferrothorn
|-resisted|p2a: Ferrothorn
|-damage|p2a: Ferrothorn|0 fnt
|-damage|p1a: Dracovish|59/100|[from] ability: Iron Barbs|[of] p2a: Ferrothorn
|-damage|p1a: Dracovish|43/100|[from] item: Rocky Helmet|[of] p2a: Ferrothorn
|faint|p2a: Ferrothorn
|
|-weather|RainDance|[upkeep]
|upkeep
|
|switch|p2a: Mantine|Mantine, M|100/100
|turn|7
|
|switch|p1a: Sylveon|Sylveon, M|100/100
|move|p2a: Mantine|Hurricane|p1a: Sylveon
|-damage|p1a: Sylveon|66/100
|-start|p1a: Sylveon|confusion
|
|-weather|RainDance|[upkeep]
|-heal|p1a: Sylveon|72/100|[from] item: Leftovers
|upkeep
|turn|8
|
|switch|p2a: Jirachi|Jirachi, shiny|100/100
|-activate|p1a: Sylveon|confusion
|-damage|p1a: Sylveon|66/100|[from] confusion
|
|-weather|RainDance|[upkeep]
|-heal|p1a: Sylveon|72/100|[from] item: Leftovers
|upkeep
|turn|9
|
|switch|p1a: Arcanine|Arcanine, F|100/100
|-ability|p1a: Arcanine|Intimidate|boost
|-unboost|p2a: Jirachi|atk|1
|move|p2a: Jirachi|Trick|p1a: Arcanine
|-activate|p2a: Jirachi|move: Trick|[of] p1a: Arcanine
|-item|p1a: Arcanine|Choice Scarf|[from] move: Trick
|-item|p2a: Jirachi|Leftovers|[from] move: Trick
|
|-weather|RainDance|[upkeep]
|upkeep
|turn|10
|
|switch|p1a: Ferrothorn|Ferrothorn, M|68/100
|move|p2a: Jirachi|U-turn|p1a: Ferrothorn
|-damage|p1a: Ferrothorn|60/100
|-damage|p2a: Jirachi|88/100|[from] ability: Iron Barbs|[of] p1a: Ferrothorn
|
|switch|p2a: Dracovish|Dracovish, shiny|100/100|[from]move: U-turn
|
|-weather|RainDance|[upkeep]
|-heal|p1a: Ferrothorn|66/100|[from] item: Leftovers
|upkeep
|turn|11
|
|move|p2a: Dracovish|Fishious Rend|p1a: Ferrothorn
|-resisted|p1a: Ferrothorn
|-damage|p1a: Ferrothorn|15/100
|-damage|p2a: Dracovish|88/100|[from] ability: Iron Barbs|[of] p1a: Ferrothorn
|move|p1a: Ferrothorn|Knock Off|p2a: Dracovish
|-damage|p2a: Dracovish|67/100
|-enditem|p2a: Dracovish|Choice Scarf|[from] move: Knock Off|[of] p1a: Ferrothorn
|
|-weather|none
|-heal|p1a: Ferrothorn|21/100|[from] item: Leftovers
|upkeep
|turn|12
|
|switch|p1a: Mandibuzz|Mandibuzz, F, shiny|100/100
|move|p2a: Dracovish|Fishious Rend|p1a: Mandibuzz
|-damage|p1a: Mandibuzz|32/100
|
|-heal|p1a: Mandibuzz|38/100|[from] item: Leftovers
|upkeep
|turn|13
|
|move|p2a: Dracovish|Fishious Rend|p1a: Mandibuzz
|-damage|p1a: Mandibuzz|0 fnt
|faint|p1a: Mandibuzz
|
|upkeep
|
|switch|p1a: Dracovish|Dracovish, shiny|43/100
|turn|14
|
|switch|p2a: Jirachi|Jirachi, shiny|88/100
|move|p1a: Dracovish|Outrage|p2a: Jirachi
|-resisted|p2a: Jirachi
|-damage|p2a: Jirachi|50/100
|
|-heal|p2a: Jirachi|57/100|[from] item: Leftovers
|upkeep
|turn|15
|
|move|p2a: Jirachi|U-turn|p1a: Dracovish
|-damage|p1a: Dracovish|19/100
|
|switch|p2a: Pelipper|Pelipper, M|100/100|[from]move: U-turn
|-weather|RainDance|[from] ability: Drizzle|[of] p2a: Pelipper
|move|p1a: Dracovish|Outrage|p2a: Pelipper|[from]lockedmove
|-damage|p2a: Pelipper|35/100
|
|-weather|RainDance|[upkeep]
|upkeep
|turn|16
|
|switch|p2a: Jirachi|Jirachi, shiny|57/100
|move|p1a: Dracovish|Outrage|p2a: Jirachi|[from]lockedmove
|-resisted|p2a: Jirachi
|-damage|p2a: Jirachi|21/100
|-start|p1a: Dracovish|confusion|[fatigue]
|
|-weather|RainDance|[upkeep]
|-heal|p2a: Jirachi|27/100|[from] item: Leftovers
|upkeep
|turn|17
|
|switch|p1a: Ferrothorn|Ferrothorn, M|21/100
|move|p2a: Jirachi|U-turn|p1a: Ferrothorn
|-damage|p1a: Ferrothorn|7/100
|-damage|p2a: Jirachi|15/100|[from] ability: Iron Barbs|[of] p1a: Ferrothorn
|
|switch|p2a: Dracovish|Dracovish, shiny|67/100|[from]move: U-turn
|
|-weather|RainDance|[upkeep]
|-heal|p1a: Ferrothorn|13/100|[from] item: Leftovers
|upkeep
|turn|18
|
|move|p2a: Dracovish|Fishious Rend|p1a: Ferrothorn
|-resisted|p1a: Ferrothorn
|-damage|p1a: Ferrothorn|0 fnt
|-damage|p2a: Dracovish|55/100|[from] ability: Iron Barbs|[of] p1a: Ferrothorn
|faint|p1a: Ferrothorn
|
|-weather|RainDance|[upkeep]
|upkeep
|
|switch|p1a: Dracovish|Dracovish, shiny|19/100
|turn|19
|inactive|2222mm has 120 seconds left.
|
|switch|p2a: Jirachi|Jirachi, shiny|15/100
|move|p1a: Dracovish|Fishious Rend|p2a: Jirachi
|-damage|p2a: Jirachi|0 fnt
|faint|p2a: Jirachi
|
|-weather|RainDance|[upkeep]
|upkeep
|
|switch|p2a: Seismitoad|Seismitoad, M|100/100
|turn|20
|
|switch|p1a: Sylveon|Sylveon, M|72/100
|move|p2a: Seismitoad|Earthquake|p1a: Sylveon
|-damage|p1a: Sylveon|4/100
|-damage|p2a: Seismitoad|91/100|[from] item: Life Orb
|
|-weather|RainDance|[upkeep]
|-heal|p1a: Sylveon|10/100|[from] item: Leftovers
|upkeep
|turn|21
|inactive|2222mm has 120 seconds left.
|
|move|p1a: Sylveon|Protect|p1a: Sylveon
|-singleturn|p1a: Sylveon|Protect
|move|p2a: Seismitoad|Earthquake|p1a: Sylveon
|-activate|p1a: Sylveon|move: Protect
|
|-weather|RainDance|[upkeep]
|-heal|p1a: Sylveon|16/100|[from] item: Leftovers
|upkeep
|turn|22
|-message|6lacklivesmatter forfeited.
|
|win|2222mm
|l|☆6lacklivesmatter
|raw|6lacklivesmatter's rating: 1614 &rarr; <strong>1595</strong><br />(-19 for losing)
|raw|2222mm's rating: 1632 &rarr; <strong>1651</strong><br />(+19 for winning)
