|j|☆quixana
|j|☆fork gaming
|t:|1666992734
|gametype|singles
|player|p1|quixana|ethan-pokeathlon|1767
|player|p2|fork gaming|harlequin|1770
|teamsize|p1|6
|teamsize|p2|6
|gen|8
|tier|[Gen 8] OU
|rated|
|rule|Sleep Clause Mod: Limit one foe put to sleep
|rule|Species Clause: Limit one of each Pokémon
|rule|OHKO Clause: OHKO moves are banned
|rule|Evasion Items Clause: Evasion items are banned
|rule|Evasion Moves Clause: Evasion moves are banned
|rule|Endless Battle Clause: Forcing endless battles is banned
|rule|HP Percentage Mod: HP is shown in percentages
|rule|Dynamax Clause: You cannot dynamax
|clearpoke
|poke|p1|Xurkitree|
|poke|p1|Slowbro, F|
|poke|p1|Rillaboom, M|
|poke|p1|Melmetal|
|poke|p1|Tornadus-Therian, M|
|poke|p1|Landorus-Therian, M|
|poke|p2|Tyranitar, M|
|poke|p2|Excadrill, M|
|poke|p2|Garchomp, M|
|poke|p2|Tornadus-Therian, M|
|poke|p2|Slowbro, M|
|poke|p2|Melmetal|
|teampreview
|j| Burnt Bright
|
|t:|1666992802
|start
|switch|p1a: Landorus|Landorus-Therian, M|100/100
|switch|p2a: Tornadus|Tornadus-Therian, M|100/100
|-ability|p1a: Landorus|Intimidate|boost
|-unboost|p2a: Tornadus|atk|1
|turn|1
|
|t:|1666992813
|switch|p1a: Tornadus|Tornadus-Therian, M|100/100
|move|p2a: Tornadus|Taunt|p1a: Tornadus
|-start|p1a: Tornadus|move: Taunt
|
|upkeep
|turn|2
|
|t:|1666992823
|move|p2a: Tornadus|U-turn|p1a: Tornadus
|-resisted|p1a: Tornadus
|-damage|p1a: Tornadus|95/100
|
|t:|1666992826
|switch|p2a: Garchomp|Garchomp, M|100/100|[from]move: U-turn
|move|p1a: Tornadus|Knock Off|p2a: Garchomp
|-damage|p2a: Garchomp|81/100
|-damage|p1a: Tornadus|82/100|[from] ability: Rough Skin|[of] p2a: Garchomp
|-damage|p1a: Tornadus|66/100|[from] item: Rocky Helmet|[of] p2a: Garchomp
|-enditem|p2a: Garchomp|Rocky Helmet|[from] move: Knock Off|[of] p1a: Tornadus
|
|upkeep
|turn|3
|
|t:|1666992840
|move|p1a: Tornadus|Icy Wind|p2a: Garchomp|[miss]
|-miss|p1a: Tornadus|p2a: Garchomp
|move|p2a: Garchomp|Stealth Rock|p1a: Tornadus
|-sidestart|p1: quixana|move: Stealth Rock
|
|-end|p1a: Tornadus|move: Taunt
|upkeep
|turn|4
|
|t:|1666992850
|move|p1a: Tornadus|Knock Off|p2a: Garchomp
|-damage|p2a: Garchomp|68/100
|-damage|p1a: Tornadus|53/100|[from] ability: Rough Skin|[of] p2a: Garchomp
|move|p2a: Garchomp|Toxic|p1a: Tornadus
|-status|p1a: Tornadus|tox
|
|-damage|p1a: Tornadus|47/100 tox|[from] psn
|upkeep
|turn|5
|
|t:|1666992864
|move|p1a: Tornadus|Icy Wind|p2a: Garchomp
|-supereffective|p2a: Garchomp
|-damage|p2a: Garchomp|13/100
|-unboost|p2a: Garchomp|spe|1
|move|p2a: Garchomp|Stealth Rock||[still]
|-fail|p2a: Garchomp
|
|-damage|p1a: Tornadus|35/100 tox|[from] psn
|upkeep
|turn|6
|
|t:|1666992882
|move|p1a: Tornadus|Icy Wind|p2a: Garchomp
|-supereffective|p2a: Garchomp
|-damage|p2a: Garchomp|0 fnt
|faint|p2a: Garchomp
|
|-damage|p1a: Tornadus|17/100 tox|[from] psn
|upkeep
|
|t:|1666992888
|switch|p2a: Tornadus|Tornadus-Therian, M|100/100
|turn|7
|
|t:|1666992932
|move|p2a: Tornadus|Hurricane|p1a: Tornadus
|-damage|p1a: Tornadus|0 fnt
|faint|p1a: Tornadus
|
|upkeep
|
|t:|1666992962
|switch|p1a: Melmetal|Melmetal|100/100
|-damage|p1a: Melmetal|94/100|[from] Stealth Rock
|turn|8
|
|t:|1666992966
|move|p2a: Tornadus|Taunt|p1a: Melmetal
|-start|p1a: Melmetal|move: Taunt
|cant|p1a: Melmetal|move: Taunt|Toxic
|
|-heal|p1a: Melmetal|100/100|[from] item: Leftovers
|upkeep
|turn|9
|
|t:|1666992974
|switch|p1a: Slowbro|Slowbro, F|100/100
|-damage|p1a: Slowbro|88/100|[from] Stealth Rock
|move|p2a: Tornadus|U-turn|p1a: Slowbro
|-supereffective|p1a: Slowbro
|-damage|p1a: Slowbro|70/100
|-damage|p2a: Tornadus|84/100|[from] item: Rocky Helmet|[of] p1a: Slowbro
|
|t:|1666992981
|switch|p2a: Tyranitar|Tyranitar, M|100/100|[from]move: U-turn
|-weather|Sandstorm|[from] ability: Sand Stream|[of] p2a: Tyranitar
|
|-weather|Sandstorm|[upkeep]
|-damage|p1a: Slowbro|64/100|[from] Sandstorm
|upkeep
|turn|10
|
|t:|1666992991
|switch|p1a: Melmetal|Melmetal|100/100
|-damage|p1a: Melmetal|94/100|[from] Stealth Rock
|move|p2a: Tyranitar|Crunch|p1a: Melmetal
|-damage|p1a: Melmetal|61/100
|
|-weather|Sandstorm|[upkeep]
|-heal|p1a: Melmetal|67/100|[from] item: Leftovers
|upkeep
|turn|11
|
|t:|1666992998
|move|p1a: Melmetal|Protect|p1a: Melmetal
|-singleturn|p1a: Melmetal|Protect
|move|p2a: Tyranitar|Crunch|p1a: Melmetal
|-activate|p1a: Melmetal|move: Protect
|
|-weather|Sandstorm|[upkeep]
|-heal|p1a: Melmetal|73/100|[from] item: Leftovers
|upkeep
|turn|12
|
|t:|1666993012
|switch|p2a: Melmetal|Melmetal|100/100
|move|p1a: Melmetal|Superpower|p2a: Melmetal
|-supereffective|p2a: Melmetal
|-damage|p2a: Melmetal|58/100
|-unboost|p1a: Melmetal|atk|1
|-unboost|p1a: Melmetal|def|1
|
|-weather|Sandstorm|[upkeep]
|-heal|p1a: Melmetal|79/100|[from] item: Leftovers
|-heal|p2a: Melmetal|64/100|[from] item: Leftovers
|upkeep
|turn|13
|
|t:|1666993029
|move|p1a: Melmetal|Protect|p1a: Melmetal
|-singleturn|p1a: Melmetal|Protect
|move|p2a: Melmetal|Earthquake|p1a: Melmetal
|-activate|p1a: Melmetal|move: Protect
|
|-weather|none
|-heal|p1a: Melmetal|86/100|[from] item: Leftovers
|-heal|p2a: Melmetal|70/100|[from] item: Leftovers
|upkeep
|turn|14
|
|t:|1666993036
|switch|p1a: Slowbro|Slowbro, F|97/100
|-damage|p1a: Slowbro|85/100|[from] Stealth Rock
|move|p2a: Melmetal|Double Iron Bash|p1a: Slowbro
|-resisted|p1a: Slowbro
|-damage|p1a: Slowbro|72/100
|-damage|p2a: Melmetal|53/100|[from] item: Rocky Helmet|[of] p1a: Slowbro
|-resisted|p1a: Slowbro
|-damage|p1a: Slowbro|59/100
|-damage|p2a: Melmetal|37/100|[from] item: Rocky Helmet|[of] p1a: Slowbro
|-hitcount|p1a: Slowbro|2
|
|-heal|p2a: Melmetal|43/100|[from] item: Leftovers
|upkeep
|turn|15
|
|t:|1666993048
|switch|p2a: Tyranitar|Tyranitar, M|100/100
|-weather|Sandstorm|[from] ability: Sand Stream|[of] p2a: Tyranitar
|move|p1a: Slowbro|Scald|p2a: Tyranitar
|-supereffective|p2a: Tyranitar
|-damage|p2a: Tyranitar|64/100
|
|-weather|Sandstorm|[upkeep]
|-damage|p1a: Slowbro|53/100|[from] Sandstorm
|upkeep
|turn|16
|
|t:|1666993068
|switch|p1a: Melmetal|Melmetal|86/100
|-damage|p1a: Melmetal|79/100|[from] Stealth Rock
|move|p2a: Tyranitar|Crunch|p1a: Melmetal
|-damage|p1a: Melmetal|42/100
|
|-weather|Sandstorm|[upkeep]
|-heal|p1a: Melmetal|48/100|[from] item: Leftovers
|upkeep
|turn|17
|
|t:|1666993095
|switch|p2a: Excadrill|Excadrill, M|100/100
|move|p1a: Melmetal|Superpower|p2a: Excadrill
|-supereffective|p2a: Excadrill
|-damage|p2a: Excadrill|0 fnt
|-unboost|p1a: Melmetal|atk|1
|-unboost|p1a: Melmetal|def|1
|faint|p2a: Excadrill
|
|-weather|Sandstorm|[upkeep]
|-heal|p1a: Melmetal|54/100|[from] item: Leftovers
|upkeep
|
|t:|1666993104
|switch|p2a: Tyranitar|Tyranitar, M|64/100
|turn|18
|
|t:|1666993107
|move|p1a: Melmetal|Protect|p1a: Melmetal
|-singleturn|p1a: Melmetal|Protect
|move|p2a: Tyranitar|Crunch|p1a: Melmetal
|-activate|p1a: Melmetal|move: Protect
|
|-weather|Sandstorm|[upkeep]
|-heal|p1a: Melmetal|60/100|[from] item: Leftovers
|upkeep
|turn|19
|
|t:|1666993143
|switch|p1a: Landorus|Landorus-Therian, M|100/100
|-damage|p1a: Landorus|88/100|[from] Stealth Rock
|-ability|p1a: Landorus|Intimidate|boost
|-unboost|p2a: Tyranitar|atk|1
|move|p2a: Tyranitar|Crunch|p1a: Landorus
|-damage|p1a: Landorus|45/100
|
|-weather|none
|-heal|p1a: Landorus|51/100|[from] item: Leftovers
|upkeep
|turn|20
|
|t:|1666993152
|move|p2a: Tyranitar|Crunch|p1a: Landorus
|-damage|p1a: Landorus|5/100
|move|p1a: Landorus|Defog|p2a: Tyranitar
|-unboost|p2a: Tyranitar|evasion|1
|-sideend|p1: quixana|Stealth Rock|[from] move: Defog|[of] p1a: Landorus
|
|-heal|p1a: Landorus|11/100|[from] item: Leftovers
|upkeep
|turn|21
|
|t:|1666993160
|move|p2a: Tyranitar|Crunch|p1a: Landorus
|-damage|p1a: Landorus|0 fnt
|faint|p1a: Landorus
|
|upkeep
|
|t:|1666993163
|switch|p1a: Rillaboom|Rillaboom, M|100/100
|-fieldstart|move: Grassy Terrain|[from] ability: Grassy Surge|[of] p1a: Rillaboom
|turn|22
|
|t:|1666993180
|switch|p2a: Melmetal|Melmetal|43/100
|move|p1a: Rillaboom|U-turn|p2a: Melmetal
|-resisted|p2a: Melmetal
|-damage|p2a: Melmetal|31/100
|
|t:|1666993188
|switch|p1a: christmas lights|Xurkitree, shiny|100/100|[from]move: U-turn
|
|-heal|p2a: Melmetal|37/100|[from] Grassy Terrain
|-heal|p2a: Melmetal|44/100|[from] item: Leftovers
|upkeep
|turn|23
|
|t:|1666993194
|move|p2a: Melmetal|Protect|p2a: Melmetal
|-singleturn|p2a: Melmetal|Protect
|move|p1a: christmas lights|Volt Switch|p2a: Melmetal
|-activate|p2a: Melmetal|move: Protect
|
|-heal|p2a: Melmetal|50/100|[from] Grassy Terrain
|-heal|p2a: Melmetal|56/100|[from] item: Leftovers
|upkeep
|turn|24
|
|t:|1666993202
|move|p1a: christmas lights|Volt Switch|p2a: Melmetal
|-damage|p2a: Melmetal|10/100
|
|t:|1666993205
|switch|p1a: Slowbro|Slowbro, F|86/100|[from]move: Volt Switch
|move|p2a: Melmetal|Earthquake|p1a: Slowbro
|-damage|p1a: Slowbro|73/100
|
|-heal|p2a: Melmetal|16/100|[from] Grassy Terrain
|-heal|p2a: Melmetal|22/100|[from] item: Leftovers
|-heal|p1a: Slowbro|79/100|[from] Grassy Terrain
|upkeep
|turn|25
|
|t:|1666993214
|move|p2a: Melmetal|Protect|p2a: Melmetal
|-singleturn|p2a: Melmetal|Protect
|move|p1a: Slowbro|Teleport|p1a: Slowbro
|
|t:|1666993216
|switch|p1a: christmas lights|Xurkitree, shiny|100/100|[from]move: Teleport
|
|-heal|p2a: Melmetal|28/100|[from] Grassy Terrain
|-heal|p2a: Melmetal|34/100|[from] item: Leftovers
|upkeep
|turn|26
|
|t:|1666993224
|move|p2a: Melmetal|Protect||[still]
|-fail|p2a: Melmetal
|move|p1a: christmas lights|Thunderbolt|p2a: Melmetal
|-damage|p2a: Melmetal|0 fnt
|faint|p2a: Melmetal
|-ability|p1a: christmas lights|Beast Boost|boost
|-boost|p1a: christmas lights|spa|1
|
|-fieldend|move: Grassy Terrain
|upkeep
|-message|fork gaming forfeited.
|
|win|quixana
|raw|quixana's rating: 1767 &rarr; <strong>1787</strong><br />(+20 for winning)
|raw|fork gaming's rating: 1770 &rarr; <strong>1750</strong><br />(-20 for losing)
|l|☆fork gaming
||Ladder isn't responding, score probably updated but might not have (Request timeout).
