|raw|<div class="broadcast-blue"><strong>This battle is required to be public due to a player having a name starting with 'lt94je'.</div>
|j|☆Chikami
|j|☆lt94je garikoitz
|t:|1661558455
|gametype|singles
|player|p1|Chikami|nate|1792
|player|p2|lt94je garikoitz|170|1829
|teamsize|p1|6
|teamsize|p2|6
|gen|8
|tier|[Gen 8] OU
|rated|
|rule|Sleep Clause Mod: Limit one foe put to sleep
|rule|Species Clause: Limit one of each Pokémon
|rule|OHKO Clause: OHKO moves are banned
|rule|Evasion Items Clause: Evasion items are banned
|rule|Evasion Moves Clause: Evasion moves are banned
|rule|Endless Battle Clause: Forcing endless battles is banned
|rule|HP Percentage Mod: HP is shown in percentages
|rule|Dynamax Clause: You cannot dynamax
|clearpoke
|poke|p1|Scolipede, M|
|poke|p1|Crawdaunt, M|
|poke|p1|Heatran, M|
|poke|p1|Ninetales-Alola, M|
|poke|p1|Garchomp, F|
|poke|p1|Rillaboom, F|
|poke|p2|Weavile, M|
|poke|p2|Tapu Fini|
|poke|p2|Heatran, F|
|poke|p2|Volcarona, M|
|poke|p2|Landorus-Therian, M|
|poke|p2|Garchomp, F|
|teampreview
|inactive|Battle timer is ON: inactive players will automatically lose when time's up. (requested by Chikami)
|j| LT94JE Tace
|
|t:|1661558477
|start
|switch|p1a: Heatran|Heatran, M|100/100
|switch|p2a: Weavile|Weavile, M|100/100
|-ability|p2a: Weavile|Pressure
|-item|p1a: Heatran|Air Balloon
|turn|1
|
|t:|1661558484
|switch|p2a: Landorus|Landorus-Therian, M|100/100
|-ability|p2a: Landorus|Intimidate|boost
|-unboost|p1a: Heatran|atk|1
|move|p1a: Heatran|Magma Storm|p2a: Landorus
|-damage|p2a: Landorus|69/100
|-activate|p2a: Landorus|move: Magma Storm|[of] p1a: Heatran
|
|-heal|p2a: Landorus|75/100|[from] item: Leftovers
|-damage|p2a: Landorus|63/100|[from] move: Magma Storm|[partiallytrapped]
|upkeep
|turn|2
|j| Oily man
|
|t:|1661558490
|move|p1a: Heatran|Stealth Rock|p2a: Landorus
|-sidestart|p2: lt94je garikoitz|move: Stealth Rock
|move|p2a: Landorus|U-turn|p1a: Heatran
|-resisted|p1a: Heatran
|-damage|p1a: Heatran|96/100
|-status|p2a: Landorus|brn|[from] ability: Flame Body|[of] p1a: Heatran
|-enditem|p1a: Heatran|Air Balloon
|
|t:|1661558495
|switch|p2a: Heatran|Heatran, F|100/100|[from]move: U-turn
|-damage|p2a: Heatran|88/100|[from] Stealth Rock
|-item|p2a: Heatran|Air Balloon
|
|upkeep
|turn|3
|j| poooop9
|
|t:|1661558519
|switch|p1a: Garchomp|Garchomp, F|100/100
|move|p2a: Heatran|Stealth Rock|p1a: Garchomp
|-sidestart|p1: Chikami|move: Stealth Rock
|
|upkeep
|turn|4
|j| Insult
|inactive|lt94je garikoitz has 120 seconds left.
|
|t:|1661558564
|switch|p2a: Tapu Fini|Tapu Fini|100/100
|-damage|p2a: Tapu Fini|88/100|[from] Stealth Rock
|-fieldstart|move: Misty Terrain|[from] ability: Misty Surge|[of] p2a: Tapu Fini
|move|p1a: Garchomp|Swords Dance|p1a: Garchomp
|-boost|p1a: Garchomp|atk|2
|
|-heal|p2a: Tapu Fini|94/100|[from] item: Leftovers
|upkeep
|turn|5
|
|t:|1661558569
|move|p1a: Garchomp|Earthquake|p2a: Tapu Fini
|-damage|p2a: Tapu Fini|16/100
|move|p2a: Tapu Fini|Moonblast|p1a: Garchomp
|-supereffective|p1a: Garchomp
|-damage|p1a: Garchomp|32/100
|
|-heal|p1a: Garchomp|38/100|[from] item: Leftovers
|-heal|p2a: Tapu Fini|22/100|[from] item: Leftovers
|upkeep
|turn|6
|
|t:|1661558577
|move|p1a: Garchomp|Earthquake|p2a: Tapu Fini
|-damage|p2a: Tapu Fini|0 fnt
|faint|p2a: Tapu Fini
|
|-heal|p1a: Garchomp|44/100|[from] item: Leftovers
|upkeep
|
|t:|1661558579
|switch|p2a: Weavile|Weavile, M|100/100
|-ability|p2a: Weavile|Pressure
|turn|7
|
|t:|1661558582
|switch|p1a: Heatran|Heatran, M|96/100
|-damage|p1a: Heatran|83/100|[from] Stealth Rock
|move|p2a: Weavile|Knock Off|p1a: Heatran
|-damage|p1a: Heatran|58/100
|
|upkeep
|turn|8
|
|t:|1661558595
|switch|p2a: Heatran|Heatran, F|88/100
|-damage|p2a: Heatran|76/100|[from] Stealth Rock
|-item|p2a: Heatran|Air Balloon
|move|p1a: Heatran|Magma Storm|p2a: Heatran
|-damage|p2a: Heatran|41/100
|-activate|p2a: Heatran|move: Magma Storm|[of] p1a: Heatran
|-enditem|p2a: Heatran|Air Balloon
|
|-damage|p2a: Heatran|28/100|[from] move: Magma Storm|[partiallytrapped]
|-fieldend|Misty Terrain
|upkeep
|turn|9
|
|t:|1661558601
|move|p1a: Heatran|Earth Power|p2a: Heatran
|-supereffective|p2a: Heatran
|-damage|p2a: Heatran|0 fnt
|faint|p2a: Heatran
|
|upkeep
|
|t:|1661558604
|switch|p2a: Volcarona|Volcarona, M|100/100
|turn|10
|
|t:|1661558620
|switch|p1a: Ninetales|Ninetales-Alola, M|100/100
|-damage|p1a: Ninetales|76/100|[from] Stealth Rock
|-weather|Hail|[from] ability: Snow Warning|[of] p1a: Ninetales
|move|p2a: Volcarona|Quiver Dance|p2a: Volcarona
|-boost|p2a: Volcarona|spa|1
|-boost|p2a: Volcarona|spd|1
|-boost|p2a: Volcarona|spe|1
|
|-weather|Hail|[upkeep]
|-damage|p2a: Volcarona|94/100|[from] Hail
|upkeep
|turn|11
|
|t:|1661558624
|move|p2a: Volcarona|Substitute|p2a: Volcarona
|-start|p2a: Volcarona|Substitute
|-damage|p2a: Volcarona|69/100
|move|p1a: Ninetales|Encore|p2a: Volcarona
|-start|p2a: Volcarona|Encore
|
|-weather|Hail|[upkeep]
|-damage|p2a: Volcarona|63/100|[from] Hail
|upkeep
|turn|12
|
|t:|1661558630
|switch|p1a: Crawdaunt|Crawdaunt, M|100/100
|-damage|p1a: Crawdaunt|88/100|[from] Stealth Rock
|move|p2a: Volcarona|Substitute|p2a: Volcarona
|-fail|p2a: Volcarona|move: Substitute
|
|-weather|Hail|[upkeep]
|-damage|p2a: Volcarona|57/100|[from] Hail
|-damage|p1a: Crawdaunt|82/100|[from] Hail
|upkeep
|turn|13
|
|t:|1661558647
|move|p2a: Volcarona|Substitute|p2a: Volcarona
|-fail|p2a: Volcarona|move: Substitute
|move|p1a: Crawdaunt|Knock Off|p2a: Volcarona
|-end|p2a: Volcarona|Substitute
|-damage|p1a: Crawdaunt|73/100|[from] item: Life Orb
|
|-weather|Hail|[upkeep]
|-damage|p2a: Volcarona|51/100|[from] Hail
|-damage|p1a: Crawdaunt|66/100|[from] Hail
|upkeep
|turn|14
|
|t:|1661558652
|switch|p2a: Landorus|Landorus-Therian, M|63/100 brn
|-damage|p2a: Landorus|50/100 brn|[from] Stealth Rock
|-ability|p2a: Landorus|Intimidate|boost
|-unboost|p1a: Crawdaunt|atk|1
|move|p1a: Crawdaunt|Aqua Jet|p2a: Landorus
|-supereffective|p2a: Landorus
|-damage|p2a: Landorus|0 fnt
|faint|p2a: Landorus
|-damage|p1a: Crawdaunt|57/100|[from] item: Life Orb
|
|-weather|none
|upkeep
|
|t:|1661558654
|switch|p2a: Garchomp|Garchomp, F|100/100
|-damage|p2a: Garchomp|94/100|[from] Stealth Rock
|turn|15
|
|t:|1661558659
|switch|p1a: Ninetales|Ninetales-Alola, M|76/100
|-damage|p1a: Ninetales|51/100|[from] Stealth Rock
|-weather|Hail|[from] ability: Snow Warning|[of] p1a: Ninetales
|move|p2a: Garchomp|Scale Shot|p1a: Ninetales
|-immune|p1a: Ninetales
|
|-weather|Hail|[upkeep]
|-damage|p2a: Garchomp|88/100|[from] Hail
|upkeep
|turn|16
|l| poooop9
|inactive|lt94je garikoitz has 120 seconds left.
|inactive|lt94je garikoitz has 90 seconds left.
|inactive|lt94je garikoitz has 60 seconds left.
|j| Texsc
|inactive|lt94je garikoitz has 30 seconds left.
|
|t:|1661558785
|move|p1a: Ninetales|Aurora Veil|p1a: Ninetales
|-sidestart|p1: Chikami|move: Aurora Veil
|move|p2a: Garchomp|Earthquake|p1a: Ninetales
|-damage|p1a: Ninetales|4/100
|-damage|p2a: Garchomp|78/100|[from] item: Life Orb
|
|-weather|Hail|[upkeep]
|-damage|p2a: Garchomp|72/100|[from] Hail
|upkeep
|turn|17
|
|t:|1661558790
|move|p1a: Ninetales|Freeze-Dry|p2a: Garchomp
|-supereffective|p2a: Garchomp
|-damage|p2a: Garchomp|0 fnt
|faint|p2a: Garchomp
|
|-weather|Hail|[upkeep]
|upkeep
|inactive|lt94je garikoitz has 30 seconds left.
|l| Oily man
|
|t:|1661558809
|switch|p2a: Volcarona|Volcarona, M|51/100
|turn|18
|
|t:|1661558814
|move|p1a: Ninetales|Encore||[still]
|-fail|p1a: Ninetales
|move|p2a: Volcarona|Quiver Dance|p2a: Volcarona
|-boost|p2a: Volcarona|spa|1
|-boost|p2a: Volcarona|spd|1
|-boost|p2a: Volcarona|spe|1
|
|-weather|Hail|[upkeep]
|-damage|p2a: Volcarona|44/100|[from] Hail
|upkeep
|turn|19
|
|t:|1661558819
|move|p2a: Volcarona|Bug Buzz|p1a: Ninetales
|-resisted|p1a: Ninetales
|-damage|p1a: Ninetales|0 fnt
|faint|p1a: Ninetales
|
|-weather|none
|upkeep
|
|t:|1661558821
|switch|p1a: Crawdaunt|Crawdaunt, M|57/100
|-damage|p1a: Crawdaunt|45/100|[from] Stealth Rock
|turn|20
|inactive|lt94je garikoitz has 30 seconds left.
|inactive|lt94je garikoitz has 20 seconds left.
|inactive|lt94je garikoitz has 15 seconds left.
|inactive|lt94je garikoitz has 10 seconds left.
|
|t:|1661558872
|move|p1a: Crawdaunt|Aqua Jet|p2a: Volcarona
|-supereffective|p2a: Volcarona
|-damage|p2a: Volcarona|0 fnt
|faint|p2a: Volcarona
|-damage|p1a: Crawdaunt|35/100|[from] item: Life Orb
|
|upkeep
|inactive|lt94je garikoitz has 15 seconds left this turn.
|
|t:|1661558874
|switch|p2a: Weavile|Weavile, M|100/100
|-ability|p2a: Weavile|Pressure
|turn|21
|inactive|lt94je garikoitz has 25 seconds left this turn.
|inactive|lt94je garikoitz has 20 seconds left.
|
|t:|1661558880
|move|p2a: Weavile|Swords Dance|p2a: Weavile
|-boost|p2a: Weavile|atk|2
|move|p1a: Crawdaunt|Crabhammer|p2a: Weavile
|-damage|p2a: Weavile|0 fnt
|faint|p2a: Weavile
|-damage|p1a: Crawdaunt|25/100|[from] item: Life Orb
|
|win|Chikami
|inactive|lt94je garikoitz has 25 seconds left this turn.
|raw|Chikami's rating: 1792 &rarr; <strong>1815</strong><br />(+23 for winning)
|raw|lt94je garikoitz's rating: 1848 &rarr; <strong>1825</strong><br />(-23 for losing)
|l|☆Chikami
|l|☆lt94je garikoitz
|l| Texsc
||Ladder isn't responding, score probably updated but might not have (Request timeout).
|l| LT94JE Tace
