|j|☆legitteambuilder
|j|☆adel19
|t:|1613212411
|player|p1|legitteambuilder|lance|1766
|player|p2|adel19|rocketgrunt|1811
|teamsize|p1|6
|teamsize|p2|6
|gametype|singles
|gen|8
|tier|[Gen 8] OU
|rated|
|clearpoke
|poke|p1|Garchomp, F|
|poke|p1|Magearna|
|poke|p1|Cinderace, M|
|poke|p1|Landorus-Therian, M|
|poke|p1|Ferrothorn, F|
|poke|p1|Kartana|
|poke|p2|Landorus-Therian, M|
|poke|p2|Heatran, M|
|poke|p2|Tapu Fini|
|poke|p2|Cinderace, F|
|poke|p2|Kartana|
|poke|p2|Tapu Lele|
|rule|Sleep Clause Mod: Limit one foe put to sleep
|rule|Species Clause: Limit one of each Pokémon
|rule|OHKO Clause: OHKO moves are banned
|rule|Evasion Moves Clause: Evasion moves are banned
|rule|Endless Battle Clause: Forcing endless battles is banned
|rule|HP Percentage Mod: HP is shown in percentages
|rule|Dynamax Clause: You cannot dynamax
|teampreview
|
|t:|1613212427
|start
|switch|p1a: Bella Thorn|Ferrothorn, F, shiny|100/100
|switch|p2a: Landorus|Landorus-Therian, M|100/100
|-ability|p2a: Landorus|Intimidate|boost
|-unboost|p1a: Bella Thorn|atk|1
|turn|1
|
|t:|1613212435
|move|p2a: Landorus|Swords Dance|p2a: Landorus
|-boost|p2a: Landorus|atk|2
|move|p1a: Bella Thorn|Stealth Rock|p2a: Landorus
|-sidestart|p2: adel19|move: Stealth Rock
|
|upkeep
|turn|2
|
|t:|1613212437
|move|p2a: Landorus|Stealth Rock|p1a: Bella Thorn
|-sidestart|p1: legitteambuilder|move: Stealth Rock
|move|p1a: Bella Thorn|Spikes|p2a: Landorus
|-sidestart|p2: adel19|Spikes
|
|upkeep
|turn|3
|
|t:|1613212448
|move|p2a: Landorus|Earthquake|p1a: Bella Thorn
|-damage|p1a: Bella Thorn|40/100
|move|p1a: Bella Thorn|Knock Off|p2a: Landorus
|-damage|p2a: Landorus|83/100
|-damage|p1a: Bella Thorn|24/100|[from] item: Rocky Helmet|[of] p2a: Landorus
|-enditem|p2a: Landorus|Rocky Helmet|[from] move: Knock Off|[of] p1a: Bella Thorn
|
|upkeep
|turn|4
|
|t:|1613212456
|move|p2a: Landorus|Earthquake|p1a: Bella Thorn
|-damage|p1a: Bella Thorn|0 fnt
|faint|p1a: Bella Thorn
|
|upkeep
|l|☆adel19
|player|p2|
|
|t:|1613212482
|switch|p1a: EARFQUAKE|Landorus-Therian, M, shiny|100/100
|-damage|p1a: EARFQUAKE|88/100|[from] Stealth Rock
|-ability|p1a: EARFQUAKE|Intimidate|boost
|-unboost|p2a: Landorus|atk|1
|turn|5
|j|☆adel19
|player|p2|adel19|rocketgrunt
|
|t:|1613212497
|move|p2a: Landorus|Explosion|p1a: EARFQUAKE
|-damage|p1a: EARFQUAKE|0 fnt
|faint|p2a: Landorus
|faint|p1a: EARFQUAKE
|
|upkeep
|
|t:|1613212513
|switch|p2a: Cinderace|Cinderace, F|100/100
|switch|p1a: it´s ova|Kartana|100/100
|-damage|p1a: it´s ova|94/100|[from] Stealth Rock
|turn|6
|j| heymistygym
|
|t:|1613212527
|switch|p1a: OH U MAKE MY|Garchomp, F, shiny|100/100
|-damage|p1a: OH U MAKE MY|94/100|[from] Stealth Rock
|move|p2a: Cinderace|Pyro Ball|p1a: OH U MAKE MY
|-resisted|p1a: OH U MAKE MY
|-damage|p1a: OH U MAKE MY|66/100
|
|upkeep
|turn|7
|
|t:|1613212534
|switch|p2a: Tapu Fini|Tapu Fini|100/100
|-damage|p2a: Tapu Fini|88/100|[from] Stealth Rock
|-damage|p2a: Tapu Fini|75/100|[from] Spikes
|-fieldstart|move: Misty Terrain|[from] ability: Misty Surge|[of] p2a: Tapu Fini
|move|p1a: OH U MAKE MY|Earthquake|p2a: Tapu Fini
|-damage|p2a: Tapu Fini|28/100
|-damage|p1a: OH U MAKE MY|56/100|[from] item: Life Orb
|
|-heal|p2a: Tapu Fini|34/100|[from] item: Leftovers
|upkeep
|turn|8
|
|t:|1613212545
|move|p1a: OH U MAKE MY|Earthquake|p2a: Tapu Fini
|-damage|p2a: Tapu Fini|0 fnt
|-damage|p1a: OH U MAKE MY|46/100|[from] item: Life Orb
|faint|p2a: Tapu Fini
|
|upkeep
|
|t:|1613212560
|switch|p2a: Kartana|Kartana|100/100
|turn|9
|
|t:|1613212563
|move|p2a: Kartana|Leaf Blade|p1a: OH U MAKE MY
|-damage|p1a: OH U MAKE MY|1/100
|-damage|p2a: Kartana|88/100|[from] ability: Rough Skin|[of] p1a: OH U MAKE MY
|move|p1a: OH U MAKE MY|Earthquake|p2a: Kartana
|-damage|p2a: Kartana|29/100
|-damage|p1a: OH U MAKE MY|0 fnt|[from] item: Life Orb
|faint|p1a: OH U MAKE MY
|
|upkeep
|
|t:|1613212599
|switch|p1a: it´s ova|Kartana|94/100
|-damage|p1a: it´s ova|88/100|[from] Stealth Rock
|turn|10
|
|t:|1613212603
|move|p1a: it´s ova|Knock Off|p2a: Kartana
|-damage|p2a: Kartana|0 fnt
|-enditem|p2a: Kartana|Heavy-Duty Boots|[from] move: Knock Off|[of] p1a: it´s ova
|faint|p2a: Kartana
|-ability|p1a: it´s ova|Beast Boost|boost
|-boost|p1a: it´s ova|atk|1
|
|upkeep
|
|t:|1613212611
|switch|p2a: Heatran|Heatran, M|100/100
|-damage|p2a: Heatran|88/100|[from] Spikes
|-damage|p2a: Heatran|76/100|[from] Stealth Rock
|turn|11
|
|t:|1613212644
|switch|p1a: Hammond|Magearna|100/100
|-damage|p1a: Hammond|94/100|[from] Stealth Rock
|move|p2a: Heatran|Lava Plume|p1a: Hammond
|-supereffective|p1a: Hammond
|-damage|p1a: Hammond|23/100
|
|-heal|p2a: Heatran|82/100|[from] item: Leftovers
|-fieldend|Misty Terrain
|upkeep
|turn|12
|
|t:|1613212651
|move|p2a: Heatran|Earth Power|p1a: Hammond
|-supereffective|p1a: Hammond
|-damage|p1a: Hammond|0 fnt
|faint|p1a: Hammond
|
|-heal|p2a: Heatran|88/100|[from] item: Leftovers
|upkeep
|
|t:|1613212654
|switch|p1a: it´s ova|Kartana|88/100
|-damage|p1a: it´s ova|82/100|[from] Stealth Rock
|turn|13
|
|t:|1613212658
|switch|p2a: Tapu Lele|Tapu Lele|100/100
|-damage|p2a: Tapu Lele|88/100|[from] Stealth Rock
|-damage|p2a: Tapu Lele|76/100|[from] Spikes
|-fieldstart|move: Psychic Terrain|[from] ability: Psychic Surge|[of] p2a: Tapu Lele
|move|p1a: it´s ova|Sacred Sword|p2a: Tapu Lele
|-resisted|p2a: Tapu Lele
|-damage|p2a: Tapu Lele|61/100
|
|upkeep
|turn|14
|
|t:|1613212666
|switch|p1a: Iniesta|Cinderace, M|100/100
|move|p2a: Tapu Lele|Psychic|p1a: Iniesta
|-damage|p1a: Iniesta|0 fnt
|faint|p1a: Iniesta
|
|upkeep
|-message|legitteambuilder forfeited.
|
|win|adel19
|l|☆legitteambuilder
|raw|legitteambuilder's rating: 1766 &rarr; <strong>1749</strong><br />(-17 for losing)
|raw|adel19's rating: 1811 &rarr; <strong>1828</strong><br />(+17 for winning)
