|j|☆Alolan Rillaboom
|j|☆mimilimi
|inactive|Battle timer is ON: inactive players will automatically lose when time's up.
|t:|1666954477
|gametype|singles
|player|p1|Alolan Rillaboom|unknownf|
|player|p2|mimilimi|preschooler|
|teamsize|p1|6
|teamsize|p2|6
|gen|8
|tier|[Gen 8] OU
|rated|Tournament battle
|rule|Sleep Clause Mod: Limit one foe put to sleep
|rule|Species Clause: Limit one of each Pokémon
|rule|OHKO Clause: OHKO moves are banned
|rule|Evasion Items Clause: Evasion items are banned
|rule|Evasion Moves Clause: Evasion moves are banned
|rule|Endless Battle Clause: Forcing endless battles is banned
|rule|HP Percentage Mod: HP is shown in percentages
|rule|Dynamax Clause: You cannot dynamax
|clearpoke
|poke|p1|Kartana|
|poke|p1|Heatran, M|
|poke|p1|Landorus-Therian, M|
|poke|p1|Slowbro, M|
|poke|p1|Umbreon, M|
|poke|p1|Tapu Koko|
|poke|p2|Zapdos|
|poke|p2|Landorus-Therian, M|
|poke|p2|Vanilluxe, F|
|poke|p2|Melmetal|
|poke|p2|Slowking, F|
|poke|p2|Urshifu-*, F|
|teampreview
|c|☆Alolan Rillaboom|Yoooo the ice cream cone
|c|☆Alolan Rillaboom|Hf
|c|☆mimilimi|gl
|c|☆mimilimi|ye
|j| Pog8462
|inactive|mimilimi has 120 seconds left.
|
|t:|1666954511
|start
|switch|p1a: Deathstroke|Kartana, shiny|100/100
|switch|p2a: young sheldon|Slowking, F, shiny|100/100
|turn|1
|l| Pog8462
|
|t:|1666954517
|switch|p2a: dorian electra|Zapdos|100/100
|move|p1a: Deathstroke|Knock Off|p2a: dorian electra
|-damage|p2a: dorian electra|51/100
|-enditem|p2a: dorian electra|Heavy-Duty Boots|[from] move: Knock Off|[of] p1a: Deathstroke
|
|upkeep
|turn|2
|
|t:|1666954536
|switch|p1a: Enten|Landorus-Therian, M, shiny|100/100
|-ability|p1a: Enten|Intimidate|boost
|-unboost|p2a: dorian electra|atk|1
|move|p2a: dorian electra|Roost|p2a: dorian electra
|-heal|p2a: dorian electra|100/100
|-singleturn|p2a: dorian electra|move: Roost
|
|upkeep
|turn|3
|
|t:|1666954547
|switch|p2a: damo suzuki|Landorus-Therian, M, shiny|100/100
|-ability|p2a: damo suzuki|Intimidate|boost
|-unboost|p1a: Enten|atk|1
|move|p1a: Enten|Toxic|p2a: damo suzuki
|-status|p2a: damo suzuki|tox
|
|-damage|p2a: damo suzuki|94/100 tox|[from] psn
|upkeep
|turn|4
|
|t:|1666954556
|move|p2a: damo suzuki|Knock Off|p1a: Enten
|-damage|p1a: Enten|71/100
|-enditem|p1a: Enten|Leftovers|[from] move: Knock Off|[of] p2a: damo suzuki
|move|p1a: Enten|U-turn|p2a: damo suzuki
|-resisted|p2a: damo suzuki
|-damage|p2a: damo suzuki|88/100 tox
|
|t:|1666954565
|switch|p1a: Deathstroke|Kartana, shiny|100/100|[from]move: U-turn
|
|-heal|p2a: damo suzuki|94/100 tox|[from] item: Leftovers
|-damage|p2a: damo suzuki|82/100 tox|[from] psn
|upkeep
|turn|5
|
|t:|1666954571
|switch|p2a: dorian electra|Zapdos|100/100
|move|p1a: Deathstroke|Knock Off|p2a: dorian electra
|-damage|p2a: dorian electra|66/100
|
|upkeep
|turn|6
|
|t:|1666954584
|switch|p1a: Enten|Landorus-Therian, M, shiny|71/100
|-ability|p1a: Enten|Intimidate|boost
|-unboost|p2a: dorian electra|atk|1
|move|p2a: dorian electra|Roost|p2a: dorian electra
|-heal|p2a: dorian electra|100/100
|-singleturn|p2a: dorian electra|move: Roost
|
|upkeep
|turn|7
|
|t:|1666954589
|switch|p2a: young sheldon|Slowking, F, shiny|100/100
|move|p1a: Enten|U-turn|p2a: young sheldon
|-supereffective|p2a: young sheldon
|-damage|p2a: young sheldon|67/100
|
|t:|1666954595
|switch|p1a: Quintessa|Tapu Koko, shiny|100/100|[from]move: U-turn
|-fieldstart|move: Electric Terrain|[from] ability: Electric Surge|[of] p1a: Quintessa
|
|upkeep
|turn|8
|
|t:|1666954602
|move|p1a: Quintessa|Dazzling Gleam|p2a: young sheldon
|-damage|p2a: young sheldon|41/100
|move|p2a: young sheldon|Teleport|p2a: young sheldon
|
|t:|1666954604
|switch|p2a: metal auf metal|Melmetal|100/100|[from]move: Teleport
|
|upkeep
|turn|9
|
|t:|1666954612
|switch|p1a: Chaos|Heatran, M, shiny|100/100
|move|p2a: metal auf metal|Toxic|p1a: Chaos
|-immune|p1a: Chaos
|
|upkeep
|turn|10
|
|t:|1666954619
|switch|p1a: Enten|Landorus-Therian, M, shiny|71/100
|-ability|p1a: Enten|Intimidate|boost
|-unboost|p2a: metal auf metal|atk|1
|move|p2a: metal auf metal|Earthquake|p1a: Enten
|-immune|p1a: Enten
|
|upkeep
|turn|11
|
|t:|1666954626
|switch|p2a: dorian electra|Zapdos|100/100
|move|p1a: Enten|U-turn|p2a: dorian electra
|-resisted|p2a: dorian electra
|-damage|p2a: dorian electra|92/100
|
|t:|1666954633
|switch|p1a: Quintessa|Tapu Koko, shiny|100/100|[from]move: U-turn
|
|-fieldend|move: Electric Terrain
|upkeep
|turn|12
|
|t:|1666954639
|move|p1a: Quintessa|Dazzling Gleam|p2a: dorian electra
|-damage|p2a: dorian electra|61/100
|move|p2a: dorian electra|Heat Wave|p1a: Quintessa
|-damage|p1a: Quintessa|58/100
|
|upkeep
|turn|13
|
|t:|1666954644
|move|p1a: Quintessa|Roost|p1a: Quintessa
|-heal|p1a: Quintessa|100/100
|-singleturn|p1a: Quintessa|move: Roost
|move|p2a: dorian electra|Volt Switch|p1a: Quintessa
|-resisted|p1a: Quintessa
|-damage|p1a: Quintessa|79/100
|
|t:|1666954647
|switch|p2a: alberto basalm|Urshifu-Rapid-Strike, F|100/100|[from]move: Volt Switch
|
|upkeep
|turn|14
|
|t:|1666954652
|switch|p1a: Mantra|Slowbro, M, shiny|100/100
|move|p2a: alberto basalm|U-turn|p1a: Mantra
|-supereffective|p1a: Mantra
|-damage|p1a: Mantra|58/100
|
|t:|1666954657
|switch|p2a: icy wiener|Vanilluxe, F, shiny|100/100|[from]move: U-turn
|-weather|Hail|[from] ability: Snow Warning|[of] p2a: icy wiener
|
|-weather|Hail|[upkeep]
|-damage|p1a: Mantra|52/100|[from] Hail
|upkeep
|turn|15
|
|t:|1666954662
|switch|p1a: Chaos|Heatran, M, shiny|100/100
|move|p2a: icy wiener|Water Pulse|p1a: Chaos
|-supereffective|p1a: Chaos
|-damage|p1a: Chaos|54/100
|
|-weather|Hail|[upkeep]
|-damage|p1a: Chaos|48/100|[from] Hail
|-heal|p1a: Chaos|54/100|[from] item: Leftovers
|upkeep
|turn|16
|
|t:|1666954671
|switch|p1a: Mantra|Slowbro, M, shiny|85/100
|move|p2a: icy wiener|Water Pulse|p1a: Mantra
|-resisted|p1a: Mantra
|-damage|p1a: Mantra|75/100
|-start|p1a: Mantra|confusion
|
|-weather|Hail|[upkeep]
|-damage|p1a: Mantra|68/100|[from] Hail
|upkeep
|turn|17
|
|t:|1666954681
|switch|p2a: young sheldon|Slowking, F, shiny|74/100
|-activate|p1a: Mantra|confusion
|move|p1a: Mantra|Future Sight|p2a: young sheldon
|-start|p1a: Mantra|move: Future Sight
|
|-weather|Hail|[upkeep]
|-damage|p1a: Mantra|62/100|[from] Hail
|-damage|p2a: young sheldon|68/100|[from] Hail
|upkeep
|turn|18
|
|t:|1666954689
|-end|p1a: Mantra|confusion
|move|p1a: Mantra|Teleport|p1a: Mantra
|
|t:|1666954698
|switch|p1a: Deathstroke|Kartana, shiny|100/100|[from]move: Teleport
|move|p2a: young sheldon|Teleport|p2a: young sheldon
|
|t:|1666954721
|switch|p2a: metal auf metal|Melmetal|100/100|[from]move: Teleport
|
|-weather|none
|upkeep
|turn|19
|
|t:|1666954730
|move|p2a: metal auf metal|Protect|p2a: metal auf metal
|-singleturn|p2a: metal auf metal|Protect
|move|p1a: Deathstroke|Sacred Sword|p2a: metal auf metal
|-activate|p2a: metal auf metal|move: Protect
|
|-end|p2a: metal auf metal|move: Future Sight
|-resisted|p2a: metal auf metal
|-damage|p2a: metal auf metal|83/100
|-heal|p2a: metal auf metal|90/100|[from] item: Leftovers
|upkeep
|turn|20
|
|t:|1666954743
|switch|p1a: Chaos|Heatran, M, shiny|54/100
|switch|p2a: young sheldon|Slowking, F, shiny|100/100
|
|-heal|p1a: Chaos|60/100|[from] item: Leftovers
|upkeep
|turn|21
|
|t:|1666954751
|move|p1a: Chaos|Stealth Rock|p2a: young sheldon
|-sidestart|p2: mimilimi|move: Stealth Rock
|move|p2a: young sheldon|Scald|p1a: Chaos
|-supereffective|p1a: Chaos
|-damage|p1a: Chaos|13/100
|
|-heal|p1a: Chaos|19/100|[from] item: Leftovers
|upkeep
|turn|22
|
|t:|1666954756
|move|p1a: Chaos|Protect|p1a: Chaos
|-singleturn|p1a: Chaos|Protect
|move|p2a: young sheldon|Future Sight|p1a: Chaos
|-start|p2a: young sheldon|move: Future Sight
|
|-heal|p1a: Chaos|26/100|[from] item: Leftovers
|upkeep
|turn|23
|
|t:|1666954763
|switch|p1a: Mantra|Slowbro, M, shiny|96/100
|move|p2a: young sheldon|Scald|p1a: Mantra
|-resisted|p1a: Mantra
|-damage|p1a: Mantra|85/100
|-status|p1a: Mantra|brn
|
|-damage|p1a: Mantra|79/100 brn|[from] brn
|upkeep
|turn|24
|
|t:|1666954767
|move|p1a: Mantra|Future Sight|p2a: young sheldon
|-start|p1a: Mantra|move: Future Sight
|move|p2a: young sheldon|Teleport|p2a: young sheldon
|
|t:|1666954773
|switch|p2a: dorian electra|Zapdos|61/100|[from]move: Teleport
|-damage|p2a: dorian electra|36/100|[from] Stealth Rock
|
|-end|p1a: Mantra|move: Future Sight
|-resisted|p1a: Mantra
|-damage|p1a: Mantra|64/100 brn
|-damage|p1a: Mantra|57/100 brn|[from] brn
|upkeep
|turn|25
|
|t:|1666954781
|switch|p1a: Deathstroke|Kartana, shiny|100/100
|move|p2a: dorian electra|Defog|p1a: Deathstroke
|-unboost|p1a: Deathstroke|evasion|1
|-sideend|p2: mimilimi|Stealth Rock|[from] move: Defog|[of] p2a: dorian electra
|
|upkeep
|turn|26
|
|t:|1666954789
|move|p1a: Deathstroke|Knock Off|p2a: dorian electra
|-damage|p2a: dorian electra|1/100
|move|p2a: dorian electra|Roost|p2a: dorian electra
|-heal|p2a: dorian electra|51/100
|-singleturn|p2a: dorian electra|move: Roost
|
|-end|p2a: dorian electra|move: Future Sight
|-crit|p2a: dorian electra
|-damage|p2a: dorian electra|0 fnt
|faint|p2a: dorian electra
|upkeep
|c|☆mimilimi|:(
|
|t:|1666954800
|switch|p2a: alberto basalm|Urshifu-Rapid-Strike, F|100/100
|turn|27
|
|t:|1666954807
|switch|p1a: Chaos|Heatran, M, shiny|26/100
|move|p2a: alberto basalm|U-turn|p1a: Chaos
|-resisted|p1a: Chaos
|-damage|p1a: Chaos|22/100
|
|t:|1666954812
|switch|p2a: icy wiener|Vanilluxe, F, shiny|100/100|[from]move: U-turn
|-weather|Hail|[from] ability: Snow Warning|[of] p2a: icy wiener
|
|-weather|Hail|[upkeep]
|-damage|p1a: Chaos|15/100|[from] Hail
|-heal|p1a: Chaos|22/100|[from] item: Leftovers
|upkeep
|turn|28
|
|t:|1666954818
|move|p1a: Chaos|Protect|p1a: Chaos
|-singleturn|p1a: Chaos|Protect
|move|p2a: icy wiener|Water Pulse|p1a: Chaos
|-activate|p1a: Chaos|move: Protect
|
|-weather|Hail|[upkeep]
|-damage|p1a: Chaos|15/100|[from] Hail
|-heal|p1a: Chaos|22/100|[from] item: Leftovers
|upkeep
|turn|29
|
|t:|1666954822
|switch|p2a: damo suzuki|Landorus-Therian, M, shiny|82/100 tox
|-ability|p2a: damo suzuki|Intimidate|boost
|-unboost|p1a: Chaos|atk|1
|switch|p1a: Mantra|Slowbro, M, shiny|91/100 brn
|
|-weather|Hail|[upkeep]
|-damage|p2a: damo suzuki|76/100 tox|[from] Hail
|-damage|p1a: Mantra|85/100 brn|[from] Hail
|-heal|p2a: damo suzuki|82/100 tox|[from] item: Leftovers
|-damage|p2a: damo suzuki|76/100 tox|[from] psn
|-damage|p1a: Mantra|79/100 brn|[from] brn
|upkeep
|turn|30
|
|t:|1666954826
|move|p2a: damo suzuki|Stealth Rock|p1a: Mantra
|-sidestart|p1: Alolan Rillaboom|move: Stealth Rock
|move|p1a: Mantra|Future Sight|p2a: damo suzuki
|-start|p1a: Mantra|move: Future Sight
|
|-weather|Hail|[upkeep]
|-damage|p2a: damo suzuki|70/100 tox|[from] Hail
|-damage|p1a: Mantra|73/100 brn|[from] Hail
|-heal|p2a: damo suzuki|76/100 tox|[from] item: Leftovers
|-damage|p2a: damo suzuki|64/100 tox|[from] psn
|-damage|p1a: Mantra|66/100 brn|[from] brn
|upkeep
|turn|31
|
|t:|1666954830
|move|p2a: damo suzuki|U-turn|p1a: Mantra
|-supereffective|p1a: Mantra
|-damage|p1a: Mantra|30/100 brn
|
|t:|1666954832
|switch|p2a: metal auf metal|Melmetal|90/100|[from]move: U-turn
|move|p1a: Mantra|Teleport|p1a: Mantra
|
|t:|1666954837
|switch|p1a: Chaos|Heatran, M, shiny|22/100|[from]move: Teleport
|-damage|p1a: Chaos|9/100|[from] Stealth Rock
|
|-weather|none
|-heal|p1a: Chaos|15/100|[from] item: Leftovers
|-heal|p2a: metal auf metal|96/100|[from] item: Leftovers
|upkeep
|turn|32
|
|t:|1666954842
|move|p1a: Chaos|Stealth Rock|p2a: metal auf metal
|-sidestart|p2: mimilimi|move: Stealth Rock
|move|p2a: metal auf metal|Earthquake|p1a: Chaos
|-supereffective|p1a: Chaos
|-damage|p1a: Chaos|0 fnt
|faint|p1a: Chaos
|
|-end|p2a: metal auf metal|move: Future Sight
|-resisted|p2a: metal auf metal
|-damage|p2a: metal auf metal|79/100
|-heal|p2a: metal auf metal|85/100|[from] item: Leftovers
|upkeep
|
|t:|1666954855
|switch|p1a: Enten|Landorus-Therian, M, shiny|71/100
|-damage|p1a: Enten|59/100|[from] Stealth Rock
|-ability|p1a: Enten|Intimidate|boost
|-unboost|p2a: metal auf metal|atk|1
|turn|33
|j|@Sww-Suwa
|
|t:|1666954865
|move|p2a: metal auf metal|Protect|p2a: metal auf metal
|-singleturn|p2a: metal auf metal|Protect
|move|p1a: Enten|Defog|p2a: metal auf metal
|-activate|p2a: metal auf metal|move: Protect
|
|-heal|p2a: metal auf metal|91/100|[from] item: Leftovers
|upkeep
|turn|34
|
|t:|1666954874
|switch|p2a: young sheldon|Slowking, F, shiny|100/100
|move|p1a: Enten|Defog|p2a: young sheldon
|-unboost|p2a: young sheldon|evasion|1
|-sideend|p2: mimilimi|Stealth Rock|[from] move: Defog|[of] p1a: Enten
|-sideend|p1: Alolan Rillaboom|Stealth Rock|[from] move: Defog|[of] p1a: Enten
|
|upkeep
|turn|35
|
|t:|1666954883
|move|p1a: Enten|U-turn|p2a: young sheldon
|-supereffective|p2a: young sheldon
|-damage|p2a: young sheldon|66/100
|
|t:|1666954892
|switch|p1a: Mantra|Slowbro, M, shiny|63/100 brn|[from]move: U-turn
|move|p2a: young sheldon|Teleport|p2a: young sheldon
|
|t:|1666954895
|switch|p2a: icy wiener|Vanilluxe, F, shiny|100/100|[from]move: Teleport
|-weather|Hail|[from] ability: Snow Warning|[of] p2a: icy wiener
|
|-weather|Hail|[upkeep]
|-damage|p1a: Mantra|57/100 brn|[from] Hail
|-damage|p1a: Mantra|51/100 brn|[from] brn
|upkeep
|turn|36
|inactive|Alolan Rillaboom has 120 seconds left.
|j| qxfn143
|l| qxfn143
|inactive|Alolan Rillaboom has 90 seconds left.
|
|t:|1666954977
|switch|p1a: Alexa Bliss|Umbreon, M, shiny|100/100
|move|p2a: icy wiener|Freeze-Dry|p1a: Alexa Bliss
|-damage|p1a: Alexa Bliss|66/100
|
|-weather|Hail|[upkeep]
|-damage|p1a: Alexa Bliss|60/100|[from] Hail
|-heal|p1a: Alexa Bliss|66/100|[from] item: Leftovers
|upkeep
|turn|37
|
|t:|1666954988
|switch|p2a: alberto basalm|Urshifu-Rapid-Strike, F|100/100
|move|p1a: Alexa Bliss|Wish|p1a: Alexa Bliss
|
|-weather|Hail|[upkeep]
|-damage|p2a: alberto basalm|94/100|[from] Hail
|-damage|p1a: Alexa Bliss|60/100|[from] Hail
|-heal|p1a: Alexa Bliss|66/100|[from] item: Leftovers
|upkeep
|turn|38
|j| quicklyuuuooo
|j|%moondazing
|
|t:|1666954996
|move|p2a: alberto basalm|U-turn|p1a: Alexa Bliss
|-supereffective|p1a: Alexa Bliss
|-damage|p1a: Alexa Bliss|34/100
|l| quicklyuuuooo
|
|t:|1666955001
|switch|p2a: young sheldon|Slowking, F, shiny|99/100|[from]move: U-turn
|move|p1a: Alexa Bliss|Foul Play|p2a: young sheldon
|-supereffective|p2a: young sheldon
|-damage|p2a: young sheldon|70/100
|
|-weather|Hail|[upkeep]
|-damage|p1a: Alexa Bliss|28/100|[from] Hail
|-damage|p2a: young sheldon|64/100|[from] Hail
|-heal|p1a: Alexa Bliss|78/100|[from] move: Wish|[wisher] Alexa Bliss
|-heal|p1a: Alexa Bliss|84/100|[from] item: Leftovers
|upkeep
|turn|39
|inactive|Alolan Rillaboom has 90 seconds left.
|c|☆mimilimi|:(
|l|@Sww-Suwa
|
|t:|1666955011
|move|p1a: Alexa Bliss|Wish|p1a: Alexa Bliss
|move|p2a: young sheldon|Teleport|p2a: young sheldon
|
|t:|1666955017
|switch|p2a: icy wiener|Vanilluxe, F, shiny|100/100|[from]move: Teleport
|
|-weather|none
|-heal|p1a: Alexa Bliss|90/100|[from] item: Leftovers
|upkeep
|turn|40
|
|t:|1666955024
|switch|p2a: young sheldon|Slowking, F, shiny|97/100
|move|p1a: Alexa Bliss|Foul Play|p2a: young sheldon
|-supereffective|p2a: young sheldon
|-damage|p2a: young sheldon|66/100
|
|-heal|p1a: Alexa Bliss|100/100|[from] move: Wish|[wisher] Alexa Bliss
|upkeep
|turn|41
|
|t:|1666955031
|move|p1a: Alexa Bliss|Wish|p1a: Alexa Bliss
|move|p2a: young sheldon|Teleport|p2a: young sheldon
|
|t:|1666955033
|switch|p2a: metal auf metal|Melmetal|91/100|[from]move: Teleport
|
|-heal|p2a: metal auf metal|97/100|[from] item: Leftovers
|upkeep
|turn|42
|
|t:|1666955041
|switch|p1a: Deathstroke|Kartana, shiny|100/100
|switch|p2a: icy wiener|Vanilluxe, F, shiny|100/100
|-weather|Hail|[from] ability: Snow Warning|[of] p2a: icy wiener
|
|-weather|Hail|[upkeep]
|-damage|p1a: Deathstroke|94/100|[from] Hail
|-heal|p1a: Deathstroke|100/100|[from] move: Wish|[wisher] Alexa Bliss
|upkeep
|turn|43
|inactive|Alolan Rillaboom has 120 seconds left.
|
|t:|1666955054
|switch|p2a: young sheldon|Slowking, F, shiny|99/100
|move|p1a: Deathstroke|Leaf Blade|p2a: young sheldon
|-supereffective|p2a: young sheldon
|-damage|p2a: young sheldon|0 fnt
|faint|p2a: young sheldon
|-ability|p1a: Deathstroke|Beast Boost|boost
|-boost|p1a: Deathstroke|atk|1
|
|-weather|Hail|[upkeep]
|-damage|p1a: Deathstroke|94/100|[from] Hail
|upkeep
|
|t:|1666955061
|switch|p2a: metal auf metal|Melmetal|97/100
|turn|44
|
|t:|1666955071
|switch|p1a: Enten|Landorus-Therian, M, shiny|59/100
|-ability|p1a: Enten|Intimidate|boost
|-unboost|p2a: metal auf metal|atk|1
|switch|p2a: icy wiener|Vanilluxe, F, shiny|100/100
|
|-weather|Hail|[upkeep]
|-damage|p1a: Enten|53/100|[from] Hail
|upkeep
|turn|45
|
|t:|1666955077
|switch|p1a: Alexa Bliss|Umbreon, M, shiny|100/100
|move|p2a: icy wiener|Blizzard|p1a: Alexa Bliss
|-damage|p1a: Alexa Bliss|44/100
|
|-weather|Hail|[upkeep]
|-damage|p1a: Alexa Bliss|38/100|[from] Hail
|-heal|p1a: Alexa Bliss|44/100|[from] item: Leftovers
|upkeep
|turn|46
|
|t:|1666955083
|move|p1a: Alexa Bliss|Protect|p1a: Alexa Bliss
|-singleturn|p1a: Alexa Bliss|Protect
|move|p2a: icy wiener|Blizzard|p1a: Alexa Bliss
|-activate|p1a: Alexa Bliss|move: Protect
|
|-weather|none
|-heal|p1a: Alexa Bliss|50/100|[from] item: Leftovers
|upkeep
|turn|47
|
|t:|1666955087
|switch|p1a: Mantra|Slowbro, M, shiny|84/100 brn
|move|p2a: icy wiener|Blizzard|p1a: Mantra
|-resisted|p1a: Mantra
|-damage|p1a: Mantra|55/100 brn
|
|-damage|p1a: Mantra|49/100 brn|[from] brn
|upkeep
|turn|48
|
|t:|1666955094
|switch|p2a: alberto basalm|Urshifu-Rapid-Strike, F|94/100
|move|p1a: Mantra|Teleport|p1a: Mantra
|
|t:|1666955099
|switch|p1a: Deathstroke|Kartana, shiny|94/100|[from]move: Teleport
|
|upkeep
|turn|49
|
|t:|1666955115
|switch|p1a: Enten|Landorus-Therian, M, shiny|53/100
|-ability|p1a: Enten|Intimidate|boost
|-unboost|p2a: alberto basalm|atk|1
|move|p2a: alberto basalm|Close Combat|p1a: Enten
|-resisted|p1a: Enten
|-damage|p1a: Enten|30/100
|-unboost|p2a: alberto basalm|def|1
|-unboost|p2a: alberto basalm|spd|1
|
|upkeep
|turn|50
|c|☆mimilimi|:(
|
|t:|1666955123
|switch|p2a: metal auf metal|Melmetal|97/100
|move|p1a: Enten|U-turn|p2a: metal auf metal
|-resisted|p2a: metal auf metal
|-damage|p2a: metal auf metal|90/100
|
|t:|1666955148
|switch|p1a: Deathstroke|Kartana, shiny|94/100|[from]move: U-turn
|
|-heal|p2a: metal auf metal|96/100|[from] item: Leftovers
|upkeep
|turn|51
|
|t:|1666955153
|move|p2a: metal auf metal|Protect|p2a: metal auf metal
|-singleturn|p2a: metal auf metal|Protect
|move|p1a: Deathstroke|Sacred Sword|p2a: metal auf metal
|-activate|p2a: metal auf metal|move: Protect
|
|-heal|p2a: metal auf metal|100/100|[from] item: Leftovers
|upkeep
|turn|52
|
|t:|1666955158
|move|p1a: Deathstroke|Sacred Sword|p2a: metal auf metal
|-supereffective|p2a: metal auf metal
|-damage|p2a: metal auf metal|24/100
|move|p2a: metal auf metal|Earthquake|p1a: Deathstroke
|-damage|p1a: Deathstroke|53/100
|
|-heal|p2a: metal auf metal|30/100|[from] item: Leftovers
|upkeep
|turn|53
|
|t:|1666955165
|move|p2a: metal auf metal|Protect|p2a: metal auf metal
|-singleturn|p2a: metal auf metal|Protect
|move|p1a: Deathstroke|Sacred Sword|p2a: metal auf metal
|-activate|p2a: metal auf metal|move: Protect
|
|-heal|p2a: metal auf metal|36/100|[from] item: Leftovers
|upkeep
|turn|54
|
|t:|1666955169
|switch|p2a: damo suzuki|Landorus-Therian, M, shiny|64/100 tox
|-ability|p2a: damo suzuki|Intimidate|boost
|-unboost|p1a: Deathstroke|atk|1
|move|p1a: Deathstroke|Sacred Sword|p2a: damo suzuki
|-resisted|p2a: damo suzuki
|-damage|p2a: damo suzuki|46/100 tox
|
|-heal|p2a: damo suzuki|52/100 tox|[from] item: Leftovers
|-damage|p2a: damo suzuki|46/100 tox|[from] psn
|upkeep
|turn|55
|
|t:|1666955175
|switch|p1a: Enten|Landorus-Therian, M, shiny|30/100
|-ability|p1a: Enten|Intimidate|boost
|-unboost|p2a: damo suzuki|atk|1
|move|p2a: damo suzuki|Stealth Rock|p1a: Enten
|-sidestart|p1: Alolan Rillaboom|move: Stealth Rock
|
|-heal|p2a: damo suzuki|52/100 tox|[from] item: Leftovers
|-damage|p2a: damo suzuki|40/100 tox|[from] psn
|upkeep
|turn|56
|
|t:|1666955178
|move|p2a: damo suzuki|U-turn|p1a: Enten
|-resisted|p1a: Enten
|-damage|p1a: Enten|23/100
|
|t:|1666955180
|switch|p2a: icy wiener|Vanilluxe, F, shiny|100/100|[from]move: U-turn
|-weather|Hail|[from] ability: Snow Warning|[of] p2a: icy wiener
|move|p1a: Enten|Defog|p2a: icy wiener
|-unboost|p2a: icy wiener|evasion|1
|-sideend|p1: Alolan Rillaboom|Stealth Rock|[from] move: Defog|[of] p1a: Enten
|
|-weather|Hail|[upkeep]
|-damage|p1a: Enten|17/100|[from] Hail
|upkeep
|turn|57
|
|t:|1666955188
|move|p2a: icy wiener|Freeze-Dry|p1a: Enten
|-supereffective|p1a: Enten
|-damage|p1a: Enten|0 fnt
|faint|p1a: Enten
|
|-weather|Hail|[upkeep]
|upkeep
|
|t:|1666955197
|switch|p1a: Deathstroke|Kartana, shiny|53/100
|turn|58
|
|t:|1666955225
|switch|p2a: damo suzuki|Landorus-Therian, M, shiny|40/100 tox
|-ability|p2a: damo suzuki|Intimidate|boost
|-unboost|p1a: Deathstroke|atk|1
|move|p1a: Deathstroke|Smart Strike|p2a: damo suzuki
|-damage|p2a: damo suzuki|0 fnt
|faint|p2a: damo suzuki
|-ability|p1a: Deathstroke|Beast Boost|boost
|-boost|p1a: Deathstroke|atk|1
|
|-weather|Hail|[upkeep]
|-damage|p1a: Deathstroke|46/100|[from] Hail
|upkeep
|
|t:|1666955229
|switch|p2a: alberto basalm|Urshifu-Rapid-Strike, F|94/100
|turn|59
|
|t:|1666955233
|switch|p1a: Mantra|Slowbro, M, shiny|83/100 brn
|move|p2a: alberto basalm|U-turn|p1a: Mantra
|-supereffective|p1a: Mantra
|-damage|p1a: Mantra|42/100 brn
|
|t:|1666955235
|switch|p2a: icy wiener|Vanilluxe, F, shiny|100/100|[from]move: U-turn
|
|-weather|Hail|[upkeep]
|-damage|p1a: Mantra|36/100 brn|[from] Hail
|-damage|p1a: Mantra|30/100 brn|[from] brn
|upkeep
|turn|60
|
|t:|1666955243
|switch|p1a: Alexa Bliss|Umbreon, M, shiny|50/100
|move|p2a: icy wiener|Freeze-Dry|p1a: Alexa Bliss
|-damage|p1a: Alexa Bliss|12/100
|
|-weather|none
|-heal|p1a: Alexa Bliss|19/100|[from] item: Leftovers
|upkeep
|turn|61
|
|t:|1666955250
|switch|p2a: alberto basalm|Urshifu-Rapid-Strike, F|94/100
|move|p1a: Alexa Bliss|Protect||[still]
|-fail|p1a: Alexa Bliss
|
|-heal|p1a: Alexa Bliss|25/100|[from] item: Leftovers
|upkeep
|turn|62
|
|t:|1666955257
|move|p2a: alberto basalm|U-turn|p1a: Alexa Bliss
|-supereffective|p1a: Alexa Bliss
|-damage|p1a: Alexa Bliss|0 fnt
|faint|p1a: Alexa Bliss
|
|t:|1666955259
|switch|p2a: metal auf metal|Melmetal|36/100|[from]move: U-turn
|
|-heal|p2a: metal auf metal|42/100|[from] item: Leftovers
|upkeep
|
|t:|1666955265
|switch|p1a: Deathstroke|Kartana, shiny|46/100
|turn|63
|
|t:|1666955273
|move|p2a: metal auf metal|Protect|p2a: metal auf metal
|-singleturn|p2a: metal auf metal|Protect
|move|p1a: Deathstroke|Sacred Sword|p2a: metal auf metal
|-activate|p2a: metal auf metal|move: Protect
|
|-heal|p2a: metal auf metal|48/100|[from] item: Leftovers
|upkeep
|turn|64
|inactive|Alolan Rillaboom has 120 seconds left.
|
|t:|1666955309
|switch|p2a: alberto basalm|Urshifu-Rapid-Strike, F|94/100
|move|p1a: Deathstroke|Sacred Sword|p2a: alberto basalm
|-damage|p2a: alberto basalm|37/100
|
|upkeep
|turn|65
|inactive|Alolan Rillaboom has 120 seconds left.
|
|t:|1666955315
|switch|p1a: Mantra|Slowbro, M, shiny|63/100 brn
|move|p2a: alberto basalm|U-turn|p1a: Mantra
|-supereffective|p1a: Mantra
|-damage|p1a: Mantra|17/100 brn
|
|t:|1666955318
|switch|p2a: metal auf metal|Melmetal|48/100|[from]move: U-turn
|
|-heal|p2a: metal auf metal|55/100|[from] item: Leftovers
|-damage|p1a: Mantra|11/100 brn|[from] brn
|upkeep
|turn|66
|c|☆mimilimi|nice
|
|t:|1666955328
|switch|p1a: Deathstroke|Kartana, shiny|46/100
|move|p2a: metal auf metal|Earthquake|p1a: Deathstroke
|-damage|p1a: Deathstroke|3/100
|
|-heal|p2a: metal auf metal|61/100|[from] item: Leftovers
|upkeep
|turn|67
|
|t:|1666955345
|switch|p2a: alberto basalm|Urshifu-Rapid-Strike, F|37/100
|move|p1a: Deathstroke|Sacred Sword|p2a: alberto basalm
|-damage|p2a: alberto basalm|0 fnt
|faint|p2a: alberto basalm
|-ability|p1a: Deathstroke|Beast Boost|boost
|-boost|p1a: Deathstroke|atk|1
|
|upkeep
|
|t:|1666955347
|switch|p2a: icy wiener|Vanilluxe, F, shiny|100/100
|-weather|Hail|[from] ability: Snow Warning|[of] p2a: icy wiener
|turn|68
|
|t:|1666955350
|switch|p2a: metal auf metal|Melmetal|61/100
|move|p1a: Deathstroke|Sacred Sword|p2a: metal auf metal
|-supereffective|p2a: metal auf metal
|-damage|p2a: metal auf metal|0 fnt
|faint|p2a: metal auf metal
|-ability|p1a: Deathstroke|Beast Boost|boost
|-boost|p1a: Deathstroke|atk|1
|
|-weather|Hail|[upkeep]
|-damage|p1a: Deathstroke|0 fnt|[from] Hail
|faint|p1a: Deathstroke
|upkeep
|c|☆mimilimi|ok
|
|t:|1666955356
|switch|p1a: Quintessa|Tapu Koko, shiny|79/100
|switch|p2a: icy wiener|Vanilluxe, F, shiny|100/100
|-fieldstart|move: Electric Terrain|[from] ability: Electric Surge|[of] p1a: Quintessa
|turn|69
|c|☆mimilimi|vanilluxe
|c|☆mimilimi|ur a goat
|
|t:|1666955381
|move|p1a: Quintessa|Calm Mind|p1a: Quintessa
|-boost|p1a: Quintessa|spa|1
|-boost|p1a: Quintessa|spd|1
|move|p2a: icy wiener|Freeze-Dry|p1a: Quintessa
|-damage|p1a: Quintessa|22/100
|
|-weather|Hail|[upkeep]
|-damage|p1a: Quintessa|16/100|[from] Hail
|upkeep
|turn|70
|
|t:|1666955389
|move|p1a: Quintessa|Roost|p1a: Quintessa
|-heal|p1a: Quintessa|66/100
|-singleturn|p1a: Quintessa|move: Roost
|move|p2a: icy wiener|Freeze-Dry|p1a: Quintessa
|-damage|p1a: Quintessa|10/100
|
|-weather|Hail|[upkeep]
|-damage|p1a: Quintessa|4/100|[from] Hail
|upkeep
|turn|71
|
|t:|1666955398
|move|p1a: Quintessa|Thunderbolt|p2a: icy wiener
|-damage|p2a: icy wiener|3/100
|move|p2a: icy wiener|Freeze-Dry|p1a: Quintessa
|-damage|p1a: Quintessa|0 fnt
|faint|p1a: Quintessa
|
|-weather|Hail|[upkeep]
|upkeep
|c|☆Alolan Rillaboom|AINT NO WAY
|c|☆mimilimi|let's gooooo
|
|t:|1666955407
|switch|p1a: Mantra|Slowbro, M, shiny|44/100 brn
|turn|72
|c|☆Alolan Rillaboom|NOT THE 4 SPDEF
|c|☆mimilimi|+1 252 SpA Tapu Koko Thunderbolt vs. 4 HP / 0 SpD Vanilluxe in Electric Terrain: 241-285 (84.8 - 100.3%) -- 6.3% chance to OHKO
|inactive|mimilimi has 120 seconds left.
|c|☆Alolan Rillaboom|Gg bro
|c|☆mimilimi|gg
|c|☆Alolan Rillaboom|Win with the cone
|
|t:|1666955436
|move|p2a: icy wiener|Freeze-Dry|p1a: Mantra
|-supereffective|p1a: Mantra
|-crit|p1a: Mantra
|-damage|p1a: Mantra|0 fnt
|faint|p1a: Mantra
|
|win|mimilimi
|n|☆Alolan Rillaboom|alolanrillaboom
|n|☆mimilimi|mimilimi
|n|+moondazing|moondazing
|c|☆mimilimi|very cool game
|c|☆Alolan Rillaboom|Yes
|c|☆Alolan Rillaboom|>72 t7rns
