|j|☆Shotintheheart
|j|☆andrewm0n
|t:|1662252745
|gametype|singles
|player|p1|Shotintheheart|101|1744
|player|p2|andrewm0n|102|1809
|teamsize|p1|6
|teamsize|p2|6
|gen|8
|tier|[Gen 8] OU
|rated|
|rule|Sleep Clause Mod: Limit one foe put to sleep
|rule|Species Clause: Limit one of each Pokémon
|rule|OHKO Clause: OHKO moves are banned
|rule|Evasion Items Clause: Evasion items are banned
|rule|Evasion Moves Clause: Evasion moves are banned
|rule|Endless Battle Clause: Forcing endless battles is banned
|rule|HP Percentage Mod: HP is shown in percentages
|rule|Dynamax Clause: You cannot dynamax
|clearpoke
|poke|p1|Rillaboom, F|
|poke|p1|Zapdos|
|poke|p1|Obstagoon, F|
|poke|p1|Heatran, M|
|poke|p1|Tapu Fini|
|poke|p1|Swampert, F|
|poke|p2|Slowbro-Galar, M|
|poke|p2|Blaziken, M|
|poke|p2|Clefable, F|
|poke|p2|Seismitoad, M|
|poke|p2|Corviknight, M|
|poke|p2|Spiritomb, M|
|teampreview
|j| BabyPigsAreLaughin
|j| GoTo1342
|
|t:|1662252766
|start
|switch|p1a: Rillaboom|Rillaboom, F|100/100
|switch|p2a: Seismitoad|Seismitoad, M|100/100
|-fieldstart|move: Grassy Terrain|[from] ability: Grassy Surge|[of] p1a: Rillaboom
|turn|1
|
|t:|1662252775
|move|p1a: Rillaboom|U-turn|p2a: Seismitoad
|-damage|p2a: Seismitoad|67/100
|
|t:|1662252786
|switch|p1a: Obstagoon|Obstagoon, F|100/100|[from]move: U-turn
|move|p2a: Seismitoad|Knock Off|p1a: Obstagoon
|-resisted|p1a: Obstagoon
|-damage|p1a: Obstagoon|89/100
|-enditem|p1a: Obstagoon|Flame Orb|[from] move: Knock Off|[of] p2a: Seismitoad
|
|-heal|p1a: Obstagoon|95/100|[from] Grassy Terrain
|-heal|p2a: Seismitoad|73/100|[from] Grassy Terrain
|-heal|p2a: Seismitoad|79/100|[from] item: Leftovers
|upkeep
|turn|2
|
|t:|1662252800
|switch|p2a: Corviknight|Corviknight, M|100/100
|move|p1a: Obstagoon|Switcheroo|p2a: Corviknight
|-activate|p1a: Obstagoon|move: Trick|[of] p2a: Corviknight
|-enditem|p2a: Corviknight|Rocky Helmet|[silent]|[from] move: Switcheroo
|-item|p1a: Obstagoon|Rocky Helmet|[from] move: Switcheroo
|
|-heal|p1a: Obstagoon|100/100|[from] Grassy Terrain
|upkeep
|turn|3
|
|t:|1662252811
|move|p1a: Obstagoon|Obstruct|p1a: Obstagoon
|-singleturn|p1a: Obstagoon|Protect
|move|p2a: Corviknight|U-turn|p1a: Obstagoon
|-activate|p1a: Obstagoon|move: Protect
|-ability|p2a: Corviknight|Mirror Armor
|-unboost|p1a: Obstagoon|def|2
|
|upkeep
|turn|4
|
|t:|1662252817
|switch|p1a: Zapdos|Zapdos, shiny|100/100
|move|p2a: Corviknight|U-turn|p1a: Zapdos
|-resisted|p1a: Zapdos
|-damage|p1a: Zapdos|96/100
|
|t:|1662252823
|switch|p2a: Slowbro|Slowbro-Galar, M|100/100|[from]move: U-turn
|
|upkeep
|turn|5
|j| Bad Players
|
|t:|1662252831
|move|p1a: Zapdos|Volt Switch|p2a: Slowbro
|-damage|p2a: Slowbro|81/100
|
|t:|1662252836
|switch|p1a: Swampert|Swampert, F|100/100|[from]move: Volt Switch
|move|p2a: Slowbro|Ice Beam|p1a: Swampert
|-damage|p1a: Swampert|86/100
|
|-heal|p1a: Swampert|93/100|[from] Grassy Terrain
|-heal|p1a: Swampert|99/100|[from] item: Leftovers
|-heal|p2a: Slowbro|87/100|[from] Grassy Terrain
|-fieldend|move: Grassy Terrain
|upkeep
|turn|6
|
|t:|1662252858
|switch|p2a: Spiritomb|Spiritomb, M|100/100
|move|p1a: Swampert|Yawn|p2a: Spiritomb
|-start|p2a: Spiritomb|move: Yawn|[of] p1a: Swampert
|
|-heal|p1a: Swampert|100/100|[from] item: Leftovers
|upkeep
|turn|7
|
|t:|1662252867
|move|p1a: Swampert|Stealth Rock|p2a: Spiritomb
|-sidestart|p2: andrewm0n|move: Stealth Rock
|move|p2a: Spiritomb|Will-O-Wisp|p1a: Swampert
|-status|p1a: Swampert|brn
|
|-damage|p1a: Swampert|94/100 brn|[from] brn
|-end|p2a: Spiritomb|move: Yawn|[silent]
|-status|p2a: Spiritomb|slp
|upkeep
|turn|8
|
|t:|1662252876
|switch|p2a: Seismitoad|Seismitoad, M|79/100
|-damage|p2a: Seismitoad|73/100|[from] Stealth Rock
|move|p1a: Swampert|Flip Turn|p2a: Seismitoad
|-heal|p2a: Seismitoad|98/100|[from] ability: Water Absorb|[of] p1a: Swampert
|
|-heal|p2a: Seismitoad|100/100|[from] item: Leftovers
|-heal|p1a: Swampert|100/100 brn|[from] item: Leftovers
|-damage|p1a: Swampert|94/100 brn|[from] brn
|upkeep
|turn|9
|
|t:|1662252892
|switch|p1a: Obstagoon|Obstagoon, F|100/100
|move|p2a: Seismitoad|Stealth Rock|p1a: Obstagoon
|-sidestart|p1: Shotintheheart|move: Stealth Rock
|
|upkeep
|turn|10
|
|t:|1662252901
|switch|p2a: Corviknight|Corviknight, M|100/100
|-damage|p2a: Corviknight|88/100|[from] Stealth Rock
|move|p1a: Obstagoon|Knock Off|p2a: Corviknight
|-damage|p2a: Corviknight|67/100
|
|upkeep
|turn|11
|
|t:|1662252909
|switch|p1a: Zapdos|Zapdos, shiny|96/100
|move|p2a: Corviknight|U-turn|p1a: Zapdos
|-resisted|p1a: Zapdos
|-damage|p1a: Zapdos|91/100
|
|t:|1662252915
|switch|p2a: Seismitoad|Seismitoad, M|100/100|[from]move: U-turn
|-damage|p2a: Seismitoad|94/100|[from] Stealth Rock
|
|-heal|p2a: Seismitoad|100/100|[from] item: Leftovers
|upkeep
|turn|12
|
|t:|1662252921
|switch|p1a: Tapu Fini|Tapu Fini|100/100
|-damage|p1a: Tapu Fini|88/100|[from] Stealth Rock
|-fieldstart|move: Misty Terrain|[from] ability: Misty Surge|[of] p1a: Tapu Fini
|move|p2a: Seismitoad|Knock Off|p1a: Tapu Fini
|-resisted|p1a: Tapu Fini
|-damage|p1a: Tapu Fini|81/100
|-enditem|p1a: Tapu Fini|Leftovers|[from] move: Knock Off|[of] p2a: Seismitoad
|
|upkeep
|turn|13
|j| bape baby uwu
|
|t:|1662252930
|switch|p2a: Slowbro|Slowbro-Galar, M|100/100
|-damage|p2a: Slowbro|88/100|[from] Stealth Rock
|move|p1a: Tapu Fini|Calm Mind|p1a: Tapu Fini
|-boost|p1a: Tapu Fini|spa|1
|-boost|p1a: Tapu Fini|spd|1
|
|upkeep
|turn|14
|j| Maluma Baby? Baby!
|
|t:|1662252938
|switch|p1a: Swampert|Swampert, F|94/100 brn
|-damage|p1a: Swampert|88/100 brn|[from] Stealth Rock
|move|p2a: Slowbro|Shell Side Arm|p1a: Swampert|[anim] Shell Side Arm Physical
|-resisted|p1a: Swampert
|-damage|p1a: Swampert|73/100 brn
|-hint|Physical Shell Side Arm
|
|-heal|p1a: Swampert|79/100 brn|[from] item: Leftovers
|-damage|p1a: Swampert|73/100 brn|[from] brn
|upkeep
|turn|15
|
|t:|1662252949
|move|p1a: Swampert|Yawn|p2a: Slowbro
|-start|p2a: Slowbro|move: Yawn|[of] p1a: Swampert
|move|p2a: Slowbro|Earthquake|p1a: Swampert
|-damage|p1a: Swampert|48/100 brn
|
|-heal|p1a: Swampert|55/100 brn|[from] item: Leftovers
|-damage|p1a: Swampert|48/100 brn|[from] brn
|upkeep
|turn|16
|
|t:|1662252956
|switch|p2a: Seismitoad|Seismitoad, M|100/100
|-damage|p2a: Seismitoad|94/100|[from] Stealth Rock
|move|p1a: Swampert|Flip Turn|p2a: Seismitoad
|-heal|p2a: Seismitoad|100/100|[from] ability: Water Absorb|[of] p1a: Swampert
|
|-heal|p1a: Swampert|55/100 brn|[from] item: Leftovers
|-damage|p1a: Swampert|48/100 brn|[from] brn
|-fieldend|Misty Terrain
|upkeep
|turn|17
|
|t:|1662252969
|switch|p1a: Tapu Fini|Tapu Fini|81/100
|-damage|p1a: Tapu Fini|68/100|[from] Stealth Rock
|-fieldstart|move: Misty Terrain|[from] ability: Misty Surge|[of] p1a: Tapu Fini
|move|p2a: Seismitoad|Earth Power|p1a: Tapu Fini
|-damage|p1a: Tapu Fini|45/100
|
|upkeep
|turn|18
|
|t:|1662252979
|move|p1a: Tapu Fini|Calm Mind|p1a: Tapu Fini
|-boost|p1a: Tapu Fini|spa|1
|-boost|p1a: Tapu Fini|spd|1
|move|p2a: Seismitoad|Earth Power|p1a: Tapu Fini
|-damage|p1a: Tapu Fini|31/100
|
|upkeep
|turn|19
|
|t:|1662252984
|switch|p2a: Slowbro|Slowbro-Galar, M|100/100
|-damage|p2a: Slowbro|88/100|[from] Stealth Rock
|move|p1a: Tapu Fini|Draining Kiss|p2a: Slowbro
|-resisted|p2a: Slowbro
|-damage|p2a: Slowbro|80/100
|-heal|p1a: Tapu Fini|38/100|[from] drain|[of] p2a: Slowbro
|
|upkeep
|turn|20
|
|t:|1662252991
|switch|p1a: Swampert|Swampert, F|48/100 brn
|-damage|p1a: Swampert|42/100 brn|[from] Stealth Rock
|move|p2a: Slowbro|Shell Side Arm|p1a: Swampert|[anim] Shell Side Arm Physical
|-resisted|p1a: Swampert
|-damage|p1a: Swampert|26/100 brn
|-hint|Physical Shell Side Arm
|
|-heal|p1a: Swampert|32/100 brn|[from] item: Leftovers
|-damage|p1a: Swampert|26/100 brn|[from] brn
|upkeep
|turn|21
|
|t:|1662252996
|move|p1a: Swampert|Flip Turn|p2a: Slowbro
|-damage|p2a: Slowbro|71/100
|
|t:|1662253001
|switch|p1a: Obstagoon|Obstagoon, F|100/100|[from]move: Flip Turn
|-damage|p1a: Obstagoon|88/100|[from] Stealth Rock
|move|p2a: Slowbro|Earthquake|p1a: Obstagoon
|-damage|p1a: Obstagoon|61/100
|
|-fieldend|Misty Terrain
|upkeep
|turn|22
|j| y8oo
|j| Mishima Blood
|
|t:|1662253013
|switch|p2a: Corviknight|Corviknight, M|67/100
|-damage|p2a: Corviknight|55/100|[from] Stealth Rock
|move|p1a: Obstagoon|Knock Off|p2a: Corviknight
|-damage|p2a: Corviknight|35/100
|
|upkeep
|turn|23
|
|t:|1662253020
|switch|p1a: Zapdos|Zapdos, shiny|91/100
|move|p2a: Corviknight|Roost|p2a: Corviknight
|-heal|p2a: Corviknight|85/100
|-singleturn|p2a: Corviknight|move: Roost
|
|upkeep
|turn|24
|
|t:|1662253027
|move|p1a: Zapdos|Defog|p2a: Corviknight
|-ability|p2a: Corviknight|Mirror Armor
|-unboost|p1a: Zapdos|evasion|1
|-sideend|p2: andrewm0n|Stealth Rock|[from] move: Defog|[of] p1a: Zapdos
|-sideend|p1: Shotintheheart|Stealth Rock|[from] move: Defog|[of] p1a: Zapdos
|move|p2a: Corviknight|Roost|p2a: Corviknight
|-heal|p2a: Corviknight|100/100
|-singleturn|p2a: Corviknight|move: Roost
|
|upkeep
|turn|25
|
|t:|1662253034
|switch|p2a: Seismitoad|Seismitoad, M|100/100
|move|p1a: Zapdos|Volt Switch|p2a: Seismitoad
|-immune|p2a: Seismitoad
|
|upkeep
|turn|26
|
|t:|1662253041
|switch|p1a: Tapu Fini|Tapu Fini|38/100
|-fieldstart|move: Misty Terrain|[from] ability: Misty Surge|[of] p1a: Tapu Fini
|move|p2a: Seismitoad|Knock Off|p1a: Tapu Fini
|-resisted|p1a: Tapu Fini
|-damage|p1a: Tapu Fini|33/100
|
|upkeep
|turn|27
|
|t:|1662253050
|move|p1a: Tapu Fini|Calm Mind|p1a: Tapu Fini
|-boost|p1a: Tapu Fini|spa|1
|-boost|p1a: Tapu Fini|spd|1
|move|p2a: Seismitoad|Stealth Rock|p1a: Tapu Fini
|-sidestart|p1: Shotintheheart|move: Stealth Rock
|
|upkeep
|turn|28
|
|t:|1662253054
|move|p1a: Tapu Fini|Scald|p2a: Seismitoad
|-immune|p2a: Seismitoad|[from] ability: Water Absorb
|move|p2a: Seismitoad|Earth Power|p1a: Tapu Fini
|-damage|p1a: Tapu Fini|18/100
|
|upkeep
|turn|29
|
|t:|1662253057
|switch|p2a: Slowbro|Slowbro-Galar, M|100/100
|move|p1a: Tapu Fini|Draining Kiss|p2a: Slowbro
|-resisted|p2a: Slowbro
|-damage|p2a: Slowbro|93/100
|-heal|p1a: Tapu Fini|25/100|[from] drain|[of] p2a: Slowbro
|
|upkeep
|turn|30
|
|t:|1662253066
|switch|p1a: Heatran|Heatran, M|100/100
|-damage|p1a: Heatran|88/100|[from] Stealth Rock
|move|p2a: Slowbro|Shell Side Arm|p1a: Heatran|[anim] Shell Side Arm Physical
|-immune|p1a: Heatran
|
|-fieldend|Misty Terrain
|upkeep
|turn|31
|
|t:|1662253073
|move|p1a: Heatran|Eruption|p2a: Slowbro
|-damage|p2a: Slowbro|44/100
|move|p2a: Slowbro|Earthquake|p1a: Heatran
|-supereffective|p1a: Heatran
|-crit|p1a: Heatran
|-damage|p1a: Heatran|0 fnt
|faint|p1a: Heatran
|
|upkeep
|
|t:|1662253081
|switch|p1a: Swampert|Swampert, F|26/100 brn
|-damage|p1a: Swampert|20/100 brn|[from] Stealth Rock
|turn|32
|
|t:|1662253090
|move|p1a: Swampert|Flip Turn|p2a: Slowbro
|-damage|p2a: Slowbro|36/100
|
|t:|1662253094
|switch|p1a: Obstagoon|Obstagoon, F|61/100|[from]move: Flip Turn
|-damage|p1a: Obstagoon|49/100|[from] Stealth Rock
|move|p2a: Slowbro|Earthquake|p1a: Obstagoon
|-damage|p1a: Obstagoon|24/100
|
|upkeep
|turn|33
|
|t:|1662253098
|switch|p1a: Zapdos|Zapdos, shiny|91/100
|switch|p2a: Corviknight|Corviknight, M|100/100
|
|upkeep
|turn|34
|
|t:|1662253102
|move|p1a: Zapdos|Defog|p2a: Corviknight
|-ability|p2a: Corviknight|Mirror Armor
|-unboost|p1a: Zapdos|evasion|1
|-sideend|p1: Shotintheheart|Stealth Rock|[from] move: Defog|[of] p1a: Zapdos
|move|p2a: Corviknight|U-turn|p1a: Zapdos
|-resisted|p1a: Zapdos
|-damage|p1a: Zapdos|85/100
|
|t:|1662253108
|switch|p2a: Seismitoad|Seismitoad, M|100/100|[from]move: U-turn
|
|upkeep
|turn|35
|
|t:|1662253116
|move|p1a: Zapdos|Hurricane|p2a: Seismitoad
|-damage|p2a: Seismitoad|58/100
|move|p2a: Seismitoad|Stealth Rock|p1a: Zapdos
|-sidestart|p1: Shotintheheart|move: Stealth Rock
|
|-heal|p2a: Seismitoad|64/100|[from] item: Leftovers
|upkeep
|turn|36
|
|t:|1662253123
|move|p1a: Zapdos|Defog|p2a: Seismitoad
|-unboost|p2a: Seismitoad|evasion|1
|-sideend|p1: Shotintheheart|Stealth Rock|[from] move: Defog|[of] p1a: Zapdos
|move|p2a: Seismitoad|Knock Off|p1a: Zapdos
|-damage|p1a: Zapdos|71/100
|-enditem|p1a: Zapdos|Heavy-Duty Boots|[from] move: Knock Off|[of] p2a: Seismitoad
|
|-heal|p2a: Seismitoad|70/100|[from] item: Leftovers
|upkeep
|turn|37
|
|t:|1662253128
|move|p1a: Zapdos|Hurricane|p2a: Seismitoad
|-damage|p2a: Seismitoad|28/100
|move|p2a: Seismitoad|Stealth Rock|p1a: Zapdos
|-sidestart|p1: Shotintheheart|move: Stealth Rock
|
|-heal|p2a: Seismitoad|34/100|[from] item: Leftovers
|upkeep
|turn|38
|
|t:|1662253135
|move|p1a: Zapdos|Defog|p2a: Seismitoad
|-unboost|p2a: Seismitoad|evasion|1
|-sideend|p1: Shotintheheart|Stealth Rock|[from] move: Defog|[of] p1a: Zapdos
|move|p2a: Seismitoad|Toxic|p1a: Zapdos
|-status|p1a: Zapdos|tox
|
|-heal|p2a: Seismitoad|40/100|[from] item: Leftovers
|-damage|p1a: Zapdos|65/100 tox|[from] psn
|upkeep
|turn|39
|
|t:|1662253145
|switch|p2a: Corviknight|Corviknight, M|100/100
|move|p1a: Zapdos|Hurricane|p2a: Corviknight
|-resisted|p2a: Corviknight
|-damage|p2a: Corviknight|82/100
|-start|p2a: Corviknight|confusion
|
|-damage|p1a: Zapdos|53/100 tox|[from] psn
|upkeep
|turn|40
|
|t:|1662253152
|switch|p2a: Slowbro|Slowbro-Galar, M|69/100
|move|p1a: Zapdos|Volt Switch|p2a: Slowbro
|-damage|p2a: Slowbro|49/100
|inactive|Battle timer is ON: inactive players will automatically lose when time's up. (requested by andrewm0n)
|
|t:|1662253160
|switch|p1a: Obstagoon|Obstagoon, F|24/100|[from]move: Volt Switch
|
|upkeep
|turn|41
|
|t:|1662253166
|switch|p1a: Zapdos|Zapdos, shiny|53/100 tox
|switch|p2a: Corviknight|Corviknight, M|82/100
|
|-damage|p1a: Zapdos|47/100 tox|[from] psn
|upkeep
|turn|42
|
|t:|1662253172
|switch|p2a: Slowbro|Slowbro-Galar, M|82/100
|move|p1a: Zapdos|Volt Switch|p2a: Slowbro
|-damage|p2a: Slowbro|63/100
|
|t:|1662253183
|switch|p1a: Rillaboom|Rillaboom, F|100/100|[from]move: Volt Switch
|-fieldstart|move: Grassy Terrain|[from] ability: Grassy Surge|[of] p1a: Rillaboom
|
|-heal|p2a: Slowbro|69/100|[from] Grassy Terrain
|upkeep
|turn|43
|
|t:|1662253187
|switch|p2a: Corviknight|Corviknight, M|82/100
|move|p1a: Rillaboom|U-turn|p2a: Corviknight
|-resisted|p2a: Corviknight
|-damage|p2a: Corviknight|76/100
|
|t:|1662253193
|switch|p1a: Tapu Fini|Tapu Fini|25/100|[from]move: U-turn
|-fieldstart|move: Misty Terrain|[from] ability: Misty Surge|[of] p1a: Tapu Fini
|
|upkeep
|turn|44
|
|t:|1662253199
|switch|p2a: Slowbro|Slowbro-Galar, M|100/100
|move|p1a: Tapu Fini|Scald|p2a: Slowbro
|-damage|p2a: Slowbro|81/100
|
|upkeep
|turn|45
|
|t:|1662253204
|switch|p1a: Swampert|Swampert, F|20/100 brn
|move|p2a: Slowbro|Shell Side Arm|p1a: Swampert|[anim] Shell Side Arm Physical
|-resisted|p1a: Swampert
|-damage|p1a: Swampert|4/100 brn
|-hint|Physical Shell Side Arm
|
|-heal|p1a: Swampert|11/100 brn|[from] item: Leftovers
|-damage|p1a: Swampert|4/100 brn|[from] brn
|upkeep
|turn|46
|
|t:|1662253208
|move|p1a: Swampert|High Horsepower|p2a: Slowbro
|-supereffective|p2a: Slowbro
|-damage|p2a: Slowbro|52/100
|move|p2a: Slowbro|Earthquake|p1a: Swampert
|-damage|p1a: Swampert|0 fnt
|faint|p1a: Swampert
|
|upkeep
|
|t:|1662253217
|switch|p1a: Rillaboom|Rillaboom, F|100/100
|-fieldstart|move: Grassy Terrain|[from] ability: Grassy Surge|[of] p1a: Rillaboom
|turn|47
|
|t:|1662253220
|switch|p2a: Corviknight|Corviknight, M|76/100
|move|p1a: Rillaboom|Superpower|p2a: Corviknight
|-damage|p2a: Corviknight|31/100
|-unboost|p1a: Rillaboom|atk|1
|-unboost|p1a: Rillaboom|def|1
|
|upkeep
|turn|48
|
|t:|1662253225
|switch|p2a: Slowbro|Slowbro-Galar, M|85/100
|move|p1a: Rillaboom|Superpower|p2a: Slowbro
|-resisted|p2a: Slowbro
|-damage|p2a: Slowbro|77/100
|-unboost|p1a: Rillaboom|atk|1
|-unboost|p1a: Rillaboom|def|1
|
|-heal|p2a: Slowbro|83/100|[from] Grassy Terrain
|upkeep
|turn|49
|
|t:|1662253230
|switch|p1a: Obstagoon|Obstagoon, F|24/100
|move|p2a: Slowbro|Shell Side Arm|p1a: Obstagoon|[anim] Shell Side Arm Special
|-damage|p1a: Obstagoon|0 fnt
|-hint|Special Shell Side Arm
|faint|p1a: Obstagoon
|
|-heal|p2a: Slowbro|89/100|[from] Grassy Terrain
|upkeep
|
|t:|1662253234
|switch|p1a: Rillaboom|Rillaboom, F|100/100
|turn|50
|
|t:|1662253237
|switch|p2a: Clefable|Clefable, F|100/100
|move|p1a: Rillaboom|U-turn|p2a: Clefable
|-resisted|p2a: Clefable
|-damage|p2a: Clefable|85/100
|
|t:|1662253248
|switch|p1a: Tapu Fini|Tapu Fini|25/100|[from]move: U-turn
|-fieldstart|move: Misty Terrain|[from] ability: Misty Surge|[of] p1a: Tapu Fini
|
|-heal|p2a: Clefable|91/100|[from] item: Leftovers
|upkeep
|turn|51
|
|t:|1662253253
|switch|p2a: Slowbro|Slowbro-Galar, M|100/100
|move|p1a: Tapu Fini|Calm Mind|p1a: Tapu Fini
|-boost|p1a: Tapu Fini|spa|1
|-boost|p1a: Tapu Fini|spd|1
|
|upkeep
|turn|52
|
|t:|1662253257
|move|p1a: Tapu Fini|Scald|p2a: Slowbro
|-damage|p2a: Slowbro|71/100
|move|p2a: Slowbro|Shell Side Arm|p1a: Tapu Fini|[anim] Shell Side Arm Physical
|-supereffective|p1a: Tapu Fini
|-damage|p1a: Tapu Fini|0 fnt
|-hint|Physical Shell Side Arm
|faint|p1a: Tapu Fini
|
|upkeep
|
|t:|1662253262
|switch|p1a: Rillaboom|Rillaboom, F|100/100
|-fieldstart|move: Grassy Terrain|[from] ability: Grassy Surge|[of] p1a: Rillaboom
|turn|53
|-message|Shotintheheart forfeited.
|
|win|andrewm0n
|raw|Shotintheheart's rating: 1744 &rarr; <strong>1728</strong><br />(-16 for losing)
|raw|andrewm0n's rating: 1809 &rarr; <strong>1825</strong><br />(+16 for winning)
|l|☆Shotintheheart
|c|☆andrewm0n|mvp slowbro
