|j|☆Bassyxx
|j|☆jzy13
|player|p1|Bassyxx|teammagmagruntf-gen3|1137
|player|p2|jzy13|169|1092
|teamsize|p1|6
|teamsize|p2|6
|gametype|singles
|gen|8
|tier|[Gen 8] OU
|rated|
|clearpoke
|poke|p1|Magnezone|
|poke|p1|Alakazam, M|
|poke|p1|Zeraora|
|poke|p1|Corviknight, F|
|poke|p1|Togekiss, M|
|poke|p1|Cinderace, M|
|poke|p2|Torkoal, F|
|poke|p2|Cinderace, F|
|poke|p2|Charizard, F|
|poke|p2|Mandibuzz, F|
|poke|p2|Hatterene, F|
|poke|p2|Gastrodon-East, F|
|rule|Sleep Clause Mod: Limit one foe put to sleep
|rule|Species Clause: Limit one of each Pokémon
|rule|OHKO Clause: OHKO moves are banned
|rule|Evasion Moves Clause: Evasion moves are banned
|rule|Endless Battle Clause: Forcing endless battles is banned
|rule|HP Percentage Mod: HP is shown in percentages
|rule|Dynamax Clause: You cannot dynamax
|teampreview
|inactive|Battle timer is ON: inactive players will automatically lose when time's up. (requested by jzy13)
|inactive|Bassyxx also wants the timer to be on.
|inactive|jzy13 has 120 seconds left.
|inactive|jzy13 has 90 seconds left.
|
|start
|switch|p1a: Cinderace|Cinderace, M|100/100
|switch|p2a: Cinderace|Cinderace, F|100/100
|turn|1
|
|move|p1a: Cinderace|U-turn|p2a: Cinderace
|-start|p1a: Cinderace|typechange|Bug|[from] ability: Libero
|-resisted|p2a: Cinderace
|-damage|p2a: Cinderace|65/100
|
|switch|p1a: Zeraora|Zeraora|100/100|[from]move: U-turn
|move|p2a: Cinderace|U-turn|p1a: Zeraora
|-damage|p1a: Zeraora|54/100
|
|switch|p2a: Gastrodon|Gastrodon-East, F|100/100|[from]move: U-turn
|
|upkeep
|turn|2
|
|move|p1a: Zeraora|Close Combat|p2a: Gastrodon
|-damage|p2a: Gastrodon|67/100
|-unboost|p1a: Zeraora|def|1
|-unboost|p1a: Zeraora|spd|1
|-damage|p1a: Zeraora|44/100|[from] item: Life Orb
|move|p2a: Gastrodon|Yawn|p1a: Zeraora
|-start|p1a: Zeraora|move: Yawn|[of] p2a: Gastrodon
|
|-heal|p2a: Gastrodon|73/100|[from] item: Leftovers
|upkeep
|turn|3
|inactive|jzy13 has 120 seconds left.
|
|switch|p1a: Togekiss|Togekiss, M|100/100
|move|p2a: Gastrodon|Scald|p1a: Togekiss
|-damage|p1a: Togekiss|80/100
|
|-heal|p1a: Togekiss|86/100|[from] item: Leftovers
|-heal|p2a: Gastrodon|79/100|[from] item: Leftovers
|upkeep
|turn|4
|
|move|p1a: Togekiss|Air Slash|p2a: Gastrodon
|-damage|p2a: Gastrodon|42/100
|move|p2a: Gastrodon|Scald|p1a: Togekiss
|-damage|p1a: Togekiss|65/100
|
|-heal|p1a: Togekiss|71/100|[from] item: Leftovers
|-heal|p2a: Gastrodon|48/100|[from] item: Leftovers
|upkeep
|turn|5
|
|switch|p2a: Torkoal|Torkoal, F|100/100
|-weather|SunnyDay|[from] ability: Drought|[of] p2a: Torkoal
|move|p1a: Togekiss|Air Slash|p2a: Torkoal
|-damage|p2a: Torkoal|44/100
|
|-weather|SunnyDay|[upkeep]
|-heal|p1a: Togekiss|77/100|[from] item: Leftovers
|upkeep
|turn|6
|
|switch|p2a: Mandibuzz|Mandibuzz, F|100/100
|move|p1a: Togekiss|Thunder Wave|p2a: Mandibuzz|[miss]
|-miss|p1a: Togekiss|p2a: Mandibuzz
|
|-weather|SunnyDay|[upkeep]
|-heal|p1a: Togekiss|83/100|[from] item: Leftovers
|upkeep
|turn|7
|
|switch|p2a: Hatterene|Hatterene, F|100/100
|move|p1a: Togekiss|Dazzling Gleam|p2a: Hatterene
|-damage|p2a: Hatterene|59/100
|
|-weather|SunnyDay|[upkeep]
|-heal|p1a: Togekiss|89/100|[from] item: Leftovers
|-heal|p2a: Hatterene|65/100|[from] item: Leftovers
|upkeep
|turn|8
|
|move|p1a: Togekiss|Air Slash|p2a: Hatterene
|-damage|p2a: Hatterene|23/100
|cant|p2a: Hatterene|flinch
|
|-weather|SunnyDay|[upkeep]
|-heal|p1a: Togekiss|95/100|[from] item: Leftovers
|-heal|p2a: Hatterene|29/100|[from] item: Leftovers
|upkeep
|turn|9
|
|switch|p2a: Mandibuzz|Mandibuzz, F|100/100
|move|p1a: Togekiss|Air Slash|p2a: Mandibuzz
|-damage|p2a: Mandibuzz|77/100
|
|-weather|SunnyDay|[upkeep]
|-heal|p1a: Togekiss|100/100|[from] item: Leftovers
|upkeep
|turn|10
|
|switch|p2a: Charizard|Charizard, F|100/100
|move|p1a: Togekiss|Dazzling Gleam|p2a: Charizard
|-resisted|p2a: Charizard
|-damage|p2a: Charizard|71/100
|
|-weather|SunnyDay|[upkeep]
|-damage|p2a: Charizard|59/100|[from] ability: Solar Power|[of] p2a: Charizard
|upkeep
|turn|11
|
|move|p2a: Charizard|Fire Blast|p1a: Togekiss
|-damage|p1a: Togekiss|0 fnt
|faint|p1a: Togekiss
|
|-weather|SunnyDay|[upkeep]
|-damage|p2a: Charizard|46/100|[from] ability: Solar Power|[of] p2a: Charizard
|upkeep
|
|switch|p1a: Zeraora|Zeraora|44/100
|turn|12
|
|switch|p2a: Gastrodon|Gastrodon-East, F|48/100
|move|p1a: Zeraora|Plasma Fists|p2a: Gastrodon
|-immune|p2a: Gastrodon
|
|-weather|none
|-heal|p2a: Gastrodon|54/100|[from] item: Leftovers
|upkeep
|turn|13
|
|move|p1a: Zeraora|Close Combat|p2a: Gastrodon
|-damage|p2a: Gastrodon|17/100
|-unboost|p1a: Zeraora|def|1
|-unboost|p1a: Zeraora|spd|1
|-damage|p1a: Zeraora|34/100|[from] item: Life Orb
|move|p2a: Gastrodon|Recover|p2a: Gastrodon
|-heal|p2a: Gastrodon|68/100
|
|-heal|p2a: Gastrodon|74/100|[from] item: Leftovers
|upkeep
|turn|14
|-message|Bassyxx forfeited.
|
|win|jzy13
|l|☆Bassyxx
|raw|Bassyxx's rating: 1137 &rarr; <strong>1108</strong><br />(-29 for losing)
|raw|jzy13's rating: 1092 &rarr; <strong>1121</strong><br />(+29 for winning)
