|j|☆papasapien
|j|☆chibachikage
|t:|1656570201
|gametype|singles
|player|p1|papasapien|preschooler|1411
|player|p2|chibachikage|cynthia|1397
|teamsize|p1|6
|teamsize|p2|6
|gen|8
|tier|[Gen 8] OU
|rated|
|rule|Sleep Clause Mod: Limit one foe put to sleep
|rule|Species Clause: Limit one of each Pokémon
|rule|OHKO Clause: OHKO moves are banned
|rule|Evasion Moves Clause: Evasion moves are banned
|rule|Endless Battle Clause: Forcing endless battles is banned
|rule|HP Percentage Mod: HP is shown in percentages
|rule|Dynamax Clause: You cannot dynamax
|clearpoke
|poke|p1|Comfey, F|
|poke|p1|Eldegoss, F|
|poke|p1|Sableye, F|
|poke|p1|Corsola, M|
|poke|p1|Mienshao, F|
|poke|p1|Flapple, F|
|poke|p2|Pelipper, M|
|poke|p2|Barraskewda, F|
|poke|p2|Ferrothorn, M|
|poke|p2|Crawdaunt, M|
|poke|p2|Thundurus-Therian, M|
|poke|p2|Melmetal|
|teampreview
|l|☆chibachikage
|player|p2|
|inactive|Battle timer is ON: inactive players will automatically lose when time's up. (requested by papasapien)
|j|☆chibachikage
|inactive|chibachikage reconnected and has 150 seconds left.
|player|p2|chibachikage|cynthia
|
|t:|1656570257
|start
|switch|p1a: Mienshao|Mienshao, F|100/100
|switch|p2a: Pelipper|Pelipper, M|100/100
|-weather|RainDance|[from] ability: Drizzle|[of] p2a: Pelipper
|turn|1
|
|t:|1656570273
|move|p1a: Mienshao|Fake Out|p2a: Pelipper
|-damage|p2a: Pelipper|78/100
|-damage|p1a: Mienshao|91/100|[from] item: Life Orb
|cant|p2a: Pelipper|flinch
|
|-weather|RainDance|[upkeep]
|upkeep
|turn|2
|
|t:|1656570279
|move|p1a: Mienshao|U-turn|p2a: Pelipper
|-resisted|p2a: Pelipper
|-damage|p2a: Pelipper|56/100
|-damage|p1a: Mienshao|81/100|[from] item: Life Orb
|
|t:|1656570288
|switch|p1a: Corsola|Corsola, M|100/100|[from]move: U-turn
|move|p2a: Pelipper|Hurricane|p1a: Corsola
|-resisted|p1a: Corsola
|-damage|p1a: Corsola|71/100
|
|-weather|RainDance|[upkeep]
|upkeep
|turn|3
|
|t:|1656570296
|switch|p2a: Thundurus|Thundurus-Therian, M|100/100
|move|p1a: Corsola|Stealth Rock|p2a: Thundurus
|-sidestart|p2: chibachikage|move: Stealth Rock
|
|-weather|RainDance|[upkeep]
|upkeep
|turn|4
|
|t:|1656570302
|switch|p1a: Eldegoss|Eldegoss, F|100/100
|move|p2a: Thundurus|Thunder|p1a: Eldegoss
|-resisted|p1a: Eldegoss
|-damage|p1a: Eldegoss|79/100
|
|-weather|RainDance|[upkeep]
|-heal|p1a: Eldegoss|85/100|[from] item: Leftovers
|upkeep
|turn|5
|
|t:|1656570312
|move|p2a: Thundurus|Sludge Bomb|p1a: Eldegoss
|-supereffective|p1a: Eldegoss
|-damage|p1a: Eldegoss|38/100
|move|p1a: Eldegoss|Leech Seed|p2a: Thundurus
|-start|p2a: Thundurus|move: Leech Seed
|
|-weather|none
|-heal|p1a: Eldegoss|45/100|[from] item: Leftovers
|-damage|p2a: Thundurus|88/100|[from] Leech Seed|[of] p1a: Eldegoss
|-heal|p1a: Eldegoss|56/100|[silent]
|upkeep
|turn|6
|
|t:|1656570321
|move|p2a: Thundurus|Volt Switch|p1a: Eldegoss
|-resisted|p1a: Eldegoss
|-damage|p1a: Eldegoss|42/100
|
|t:|1656570323
|switch|p2a: Ferrothorn|Ferrothorn, M|100/100|[from]move: Volt Switch
|-damage|p2a: Ferrothorn|94/100|[from] Stealth Rock
|move|p1a: Eldegoss|Synthesis|p1a: Eldegoss
|-heal|p1a: Eldegoss|92/100
|
|-heal|p1a: Eldegoss|99/100|[from] item: Leftovers
|upkeep
|turn|7
|
|t:|1656570336
|switch|p1a: POV|Sableye, F, shiny|100/100
|move|p2a: Ferrothorn|Stealth Rock|p1a: POV
|-sidestart|p1: papasapien|move: Stealth Rock
|
|upkeep
|turn|8
|
|t:|1656570343
|move|p1a: POV|Will-O-Wisp|p2a: Ferrothorn
|-status|p2a: Ferrothorn|brn
|move|p2a: Ferrothorn|Leech Seed|p1a: POV
|-start|p1a: POV|move: Leech Seed
|
|-damage|p1a: POV|88/100|[from] Leech Seed|[of] p2a: Ferrothorn
|-heal|p2a: Ferrothorn|100/100 brn|[silent]
|-damage|p2a: Ferrothorn|94/100 brn|[from] brn
|upkeep
|turn|9
|
|t:|1656570351
|move|p1a: POV|Knock Off|p2a: Ferrothorn
|-damage|p2a: Ferrothorn|79/100 brn
|-damage|p1a: POV|76/100|[from] ability: Iron Barbs|[of] p2a: Ferrothorn
|-damage|p1a: POV|60/100|[from] item: Rocky Helmet|[of] p2a: Ferrothorn
|-enditem|p2a: Ferrothorn|Rocky Helmet|[from] move: Knock Off|[of] p1a: POV
|move|p2a: Ferrothorn|Knock Off|p1a: POV
|-damage|p1a: POV|49/100
|-enditem|p1a: POV|Leftovers|[from] move: Knock Off|[of] p2a: Ferrothorn
|
|-damage|p1a: POV|37/100|[from] Leech Seed|[of] p2a: Ferrothorn
|-heal|p2a: Ferrothorn|89/100 brn|[silent]
|-damage|p2a: Ferrothorn|83/100 brn|[from] brn
|upkeep
|turn|10
|
|t:|1656570363
|switch|p2a: Pelipper|Pelipper, M|56/100
|-damage|p2a: Pelipper|32/100|[from] Stealth Rock
|-weather|RainDance|[from] ability: Drizzle|[of] p2a: Pelipper
|move|p1a: POV|Recover|p1a: POV
|-heal|p1a: POV|87/100
|
|-weather|RainDance|[upkeep]
|-damage|p1a: POV|75/100|[from] Leech Seed|[of] p2a: Pelipper
|-heal|p2a: Pelipper|46/100|[silent]
|upkeep
|turn|11
|
|t:|1656570383
|switch|p1a: Corsola|Corsola, M|100/100
|-damage|p1a: Corsola|88/100|[from] Stealth Rock
|move|p2a: Pelipper|Hurricane|p1a: Corsola
|-resisted|p1a: Corsola
|-damage|p1a: Corsola|61/100
|
|-weather|RainDance|[upkeep]
|upkeep
|turn|12
|
|t:|1656570391
|switch|p2a: Ferrothorn|Ferrothorn, M|83/100 brn
|-damage|p2a: Ferrothorn|77/100 brn|[from] Stealth Rock
|move|p1a: Corsola|Life Dew|p1a: Corsola
|-heal|p1a: Corsola|86/100
|
|-weather|RainDance|[upkeep]
|-damage|p2a: Ferrothorn|71/100 brn|[from] brn
|upkeep
|turn|13
|
|t:|1656570400
|move|p1a: Corsola|Scald|p2a: Ferrothorn
|-resisted|p2a: Ferrothorn
|-damage|p2a: Ferrothorn|58/100 brn
|move|p2a: Ferrothorn|Gyro Ball|p1a: Corsola
|-damage|p1a: Corsola|76/100
|-damage|p2a: Ferrothorn|41/100 brn|[from] item: Rocky Helmet|[of] p1a: Corsola
|
|-weather|RainDance|[upkeep]
|-damage|p2a: Ferrothorn|35/100 brn|[from] brn
|upkeep
|turn|14
|
|t:|1656570410
|switch|p1a: Eldegoss|Eldegoss, F|100/100
|-damage|p1a: Eldegoss|88/100|[from] Stealth Rock
|move|p2a: Ferrothorn|Leech Seed|p1a: Eldegoss
|-immune|p1a: Eldegoss
|
|-weather|none
|-heal|p1a: Eldegoss|94/100|[from] item: Leftovers
|-damage|p2a: Ferrothorn|29/100 brn|[from] brn
|upkeep
|turn|15
|
|t:|1656570420
|move|p1a: Eldegoss|Rapid Spin|p2a: Ferrothorn
|-resisted|p2a: Ferrothorn
|-damage|p2a: Ferrothorn|27/100 brn
|-boost|p1a: Eldegoss|spe|1
|-damage|p1a: Eldegoss|82/100|[from] ability: Iron Barbs|[of] p2a: Ferrothorn
|-sideend|p1: papasapien|Stealth Rock|[from] move: Rapid Spin|[of] p1a: Eldegoss
|move|p2a: Ferrothorn|Knock Off|p1a: Eldegoss
|-damage|p1a: Eldegoss|69/100
|-enditem|p1a: Eldegoss|Leftovers|[from] move: Knock Off|[of] p2a: Ferrothorn
|
|-damage|p2a: Ferrothorn|21/100 brn|[from] brn
|upkeep
|turn|16
|
|t:|1656570431
|move|p1a: Eldegoss|Synthesis|p1a: Eldegoss
|-heal|p1a: Eldegoss|100/100
|move|p2a: Ferrothorn|Stealth Rock|p1a: Eldegoss
|-sidestart|p1: papasapien|move: Stealth Rock
|
|-damage|p2a: Ferrothorn|14/100 brn|[from] brn
|upkeep
|turn|17
|
|t:|1656570438
|switch|p2a: Melmetal|Melmetal|100/100
|-damage|p2a: Melmetal|94/100|[from] Stealth Rock
|move|p1a: Eldegoss|Rapid Spin|p2a: Melmetal
|-resisted|p2a: Melmetal
|-damage|p2a: Melmetal|93/100
|-boost|p1a: Eldegoss|spe|1
|-sideend|p1: papasapien|Stealth Rock|[from] move: Rapid Spin|[of] p1a: Eldegoss
|
|upkeep
|turn|18
|
|t:|1656570446
|move|p1a: Eldegoss|Leech Seed|p2a: Melmetal
|-start|p2a: Melmetal|move: Leech Seed
|move|p2a: Melmetal|Double Iron Bash|p1a: Eldegoss
|-damage|p1a: Eldegoss|20/100
|-damage|p1a: Eldegoss|0 fnt
|faint|p1a: Eldegoss
|-hitcount|p1: Eldegoss|2
|
|upkeep
|
|t:|1656570453
|switch|p1a: Mienshao|Mienshao, F|100/100
|turn|19
|
|t:|1656570459
|move|p1a: Mienshao|High Jump Kick|p2a: Melmetal
|-supereffective|p2a: Melmetal
|-damage|p2a: Melmetal|7/100
|-damage|p1a: Mienshao|91/100|[from] item: Life Orb
|move|p2a: Melmetal|Double Iron Bash|p1a: Mienshao
|-damage|p1a: Mienshao|0 fnt
|faint|p1a: Mienshao
|-hitcount|p1: Mienshao|1
|
|upkeep
|
|t:|1656570478
|switch|p1a: Flapple|Flapple, F|100/100
|turn|20
|
|t:|1656570484
|move|p1a: Flapple|Seed Bomb|p2a: Melmetal
|-resisted|p2a: Melmetal
|-damage|p2a: Melmetal|0 fnt
|faint|p2a: Melmetal
|
|upkeep
|
|t:|1656570491
|switch|p2a: Pelipper|Pelipper, M|46/100
|-damage|p2a: Pelipper|21/100|[from] Stealth Rock
|-weather|RainDance|[from] ability: Drizzle|[of] p2a: Pelipper
|turn|21
|
|t:|1656570496
|move|p1a: Flapple|Seed Bomb|p2a: Pelipper
|-damage|p2a: Pelipper|0 fnt
|faint|p2a: Pelipper
|
|-weather|RainDance|[upkeep]
|upkeep
|
|t:|1656570500
|switch|p2a: Thundurus|Thundurus-Therian, M|88/100
|-damage|p2a: Thundurus|63/100|[from] Stealth Rock
|turn|22
|
|t:|1656570507
|move|p2a: Thundurus|Sludge Bomb|p1a: Flapple
|-supereffective|p1a: Flapple
|-damage|p1a: Flapple|0 fnt
|faint|p1a: Flapple
|
|-weather|RainDance|[upkeep]
|-heal|p2a: Thundurus|69/100|[from] item: Leftovers
|upkeep
|
|t:|1656570515
|switch|p1a: Comfey|Comfey, F|100/100
|turn|23
|
|t:|1656570518
|move|p2a: Thundurus|Sludge Bomb|p1a: Comfey
|-supereffective|p1a: Comfey
|-damage|p1a: Comfey|7/100
|move|p1a: Comfey|Calm Mind|p1a: Comfey
|-boost|p1a: Comfey|spa|1
|-boost|p1a: Comfey|spd|1
|
|-weather|RainDance|[upkeep]
|-heal|p2a: Thundurus|75/100|[from] item: Leftovers
|upkeep
|turn|24
|
|t:|1656570526
|move|p1a: Comfey|Draining Kiss|p2a: Thundurus
|-damage|p2a: Thundurus|20/100
|-heal|p1a: Comfey|59/100|[from] drain|[of] p2a: Thundurus
|-damage|p1a: Comfey|49/100|[from] item: Life Orb
|move|p2a: Thundurus|Sludge Bomb|p1a: Comfey
|-supereffective|p1a: Comfey
|-damage|p1a: Comfey|0 fnt
|faint|p1a: Comfey
|
|-weather|RainDance|[upkeep]
|-heal|p2a: Thundurus|26/100|[from] item: Leftovers
|upkeep
|
|t:|1656570537
|switch|p1a: Corsola|Corsola, M|100/100
|turn|25
|
|t:|1656570541
|move|p2a: Thundurus|Thunder|p1a: Corsola
|-supereffective|p1a: Corsola
|-damage|p1a: Corsola|9/100
|-status|p1a: Corsola|par
|move|p1a: Corsola|Scald|p2a: Thundurus
|-damage|p2a: Thundurus|0 fnt
|faint|p2a: Thundurus
|
|-weather|none
|upkeep
|
|t:|1656570548
|switch|p2a: Crawdaunt|Crawdaunt, M|100/100
|-damage|p2a: Crawdaunt|88/100|[from] Stealth Rock
|turn|26
|
|t:|1656570553
|switch|p1a: POV|Sableye, F, shiny|75/100
|move|p2a: Crawdaunt|Swords Dance|p2a: Crawdaunt
|-boost|p2a: Crawdaunt|atk|2
|
|upkeep
|turn|27
|
|t:|1656570558
|move|p1a: POV|Encore|p2a: Crawdaunt
|-hint|Since gen 7, Dark is immune to Prankster moves.
|-immune|p2a: Crawdaunt
|move|p2a: Crawdaunt|Knock Off|p1a: POV
|-damage|p1a: POV|0 fnt
|faint|p1a: POV
|-damage|p2a: Crawdaunt|78/100|[from] item: Life Orb
|
|upkeep
|-message|papasapien forfeited.
|
|win|chibachikage
|raw|papasapien's rating: 1411 &rarr; <strong>1390</strong><br />(-21 for losing)
|raw|chibachikage's rating: 1397 &rarr; <strong>1418</strong><br />(+21 for winning)
