|j|☆Ash's Alt
|j|☆A
|player|p1|Ash's Alt|169|1607
|player|p2|A|clemont|1577
|teamsize|p1|6
|teamsize|p2|6
|gametype|singles
|gen|8
|tier|[Gen 8] OU
|rated|
|clearpoke
|poke|p1|Terrakion|
|poke|p1|Ninetales-Alola, M|
|poke|p1|Dracovish|
|poke|p1|Necrozma|
|poke|p1|Conkeldurr, M|
|poke|p1|Zeraora|
|poke|p2|Dracovish|
|poke|p2|Seismitoad, M|
|poke|p2|Snorlax, M|
|poke|p2|Clefable, F|
|poke|p2|Jirachi|
|poke|p2|Mew|
|rule|Sleep Clause Mod: Limit one foe put to sleep
|rule|Species Clause: Limit one of each Pokémon
|rule|OHKO Clause: OHKO moves are banned
|rule|Evasion Moves Clause: Evasion moves are banned
|rule|Endless Battle Clause: Forcing endless battles is banned
|rule|HP Percentage Mod: HP is shown in percentages
|rule|Dynamax Clause: You cannot dynamax
|teampreview
|inactive|Battle timer is ON: inactive players will automatically lose when time's up. (requested by A)
|
|start
|switch|p1a: Dracovish|Dracovish|100/100
|switch|p2a: SLEEPY BABY|Clefable, F|100/100
|turn|1
|
|switch|p1a: Ninetales|Ninetales-Alola, M|100/100
|-weather|Hail|[from] ability: Snow Warning|[of] p1a: Ninetales
|move|p2a: SLEEPY BABY|Moonblast|p1a: Ninetales
|-damage|p1a: Ninetales|59/100
|
|-weather|Hail|[upkeep]
|upkeep
|turn|2
|
|switch|p2a: haha funny|Mew|100/100
|move|p1a: Ninetales|Aurora Veil|p1a: Ninetales
|-sidestart|p1: Ash's Alt|move: Aurora Veil
|
|-weather|Hail|[upkeep]
|-damage|p2a: haha funny|94/100|[from] Hail
|upkeep
|turn|3
|
|move|p1a: Ninetales|Hypnosis|p2a: haha funny
|-status|p2a: haha funny|slp|[from] move: Hypnosis
|cant|p2a: haha funny|slp
|
|-weather|Hail|[upkeep]
|-damage|p2a: haha funny|88/100 slp|[from] Hail
|upkeep
|turn|4
|
|switch|p1a: Terrakion|Terrakion|100/100
|switch|p2a: SLEEPY BABY|Clefable, F|100/100
|
|-weather|Hail|[upkeep]
|-damage|p1a: Terrakion|94/100|[from] Hail
|-heal|p1a: Terrakion|100/100|[from] item: Leftovers
|upkeep
|turn|5
|
|move|p1a: Terrakion|Swords Dance|p1a: Terrakion
|-boost|p1a: Terrakion|atk|2
|move|p2a: SLEEPY BABY|Trick|p1a: Terrakion
|-activate|p2a: SLEEPY BABY|move: Trick|[of] p1a: Terrakion
|-item|p1a: Terrakion|Choice Scarf|[from] move: Trick
|-item|p2a: SLEEPY BABY|Leftovers|[from] move: Trick
|
|-weather|none
|upkeep
|turn|6
|
|switch|p2a: haha funny|Mew|88/100 slp
|move|p1a: Terrakion|Stone Edge|p2a: haha funny
|-crit|p2a: haha funny
|-damage|p2a: haha funny|0 fnt
|faint|p2a: haha funny
|
|upkeep
|
|switch|p2a: Seismitoad|Seismitoad, M|100/100
|turn|7
|
|move|p1a: Terrakion|Stone Edge|p2a: Seismitoad
|-resisted|p2a: Seismitoad
|-damage|p2a: Seismitoad|60/100
|move|p2a: Seismitoad|Scald|p1a: Terrakion
|-supereffective|p1a: Terrakion
|-damage|p1a: Terrakion|74/100
|
|-heal|p2a: Seismitoad|66/100|[from] item: Leftovers
|upkeep
|turn|8
|
|move|p1a: Terrakion|Stone Edge|p2a: Seismitoad|[miss]
|-miss|p1a: Terrakion|p2a: Seismitoad
|move|p2a: Seismitoad|Scald|p1a: Terrakion
|-supereffective|p1a: Terrakion
|-crit|p1a: Terrakion
|-damage|p1a: Terrakion|0 fnt
|faint|p1a: Terrakion
|
|-heal|p2a: Seismitoad|72/100|[from] item: Leftovers
|upkeep
|
|switch|p1a: Conkeldurr|Conkeldurr, M|100/100
|turn|9
|
|move|p1a: Conkeldurr|Drain Punch|p2a: Seismitoad
|-damage|p2a: Seismitoad|39/100
|move|p2a: Seismitoad|Knock Off|p1a: Conkeldurr
|-resisted|p1a: Conkeldurr
|-damage|p1a: Conkeldurr|95/100
|-enditem|p1a: Conkeldurr|Flame Orb|[from] move: Knock Off|[of] p2a: Seismitoad
|
|-heal|p2a: Seismitoad|45/100|[from] item: Leftovers
|-sideend|p1: Ash's Alt|move: Aurora Veil
|upkeep
|turn|10
|
|switch|p2a: SLEEPY BABY|Clefable, F|100/100
|move|p1a: Conkeldurr|Drain Punch|p2a: SLEEPY BABY
|-resisted|p2a: SLEEPY BABY
|-damage|p2a: SLEEPY BABY|75/100
|-heal|p1a: Conkeldurr|100/100|[from] drain|[of] p2a: SLEEPY BABY
|
|-heal|p2a: SLEEPY BABY|81/100|[from] item: Leftovers
|upkeep
|turn|11
|
|move|p2a: SLEEPY BABY|Moonblast|p1a: Conkeldurr
|-supereffective|p1a: Conkeldurr
|-damage|p1a: Conkeldurr|0 fnt
|faint|p1a: Conkeldurr
|
|-heal|p2a: SLEEPY BABY|87/100|[from] item: Leftovers
|upkeep
|
|switch|p1a: Ninetales|Ninetales-Alola, M|59/100
|-weather|Hail|[from] ability: Snow Warning|[of] p1a: Ninetales
|turn|12
|
|move|p1a: Ninetales|Aurora Veil|p1a: Ninetales
|-sidestart|p1: Ash's Alt|move: Aurora Veil
|move|p2a: SLEEPY BABY|Fire Blast|p1a: Ninetales
|-supereffective|p1a: Ninetales
|-damage|p1a: Ninetales|25/100
|-status|p1a: Ninetales|brn
|
|-weather|Hail|[upkeep]
|-heal|p2a: SLEEPY BABY|93/100|[from] item: Leftovers
|-damage|p1a: Ninetales|19/100 brn|[from] brn
|upkeep
|turn|13
|
|switch|p2a: Seismitoad|Seismitoad, M|45/100
|move|p1a: Ninetales|Hypnosis|p2a: Seismitoad|[miss]
|-miss|p1a: Ninetales|p2a: Seismitoad
|
|-weather|Hail|[upkeep]
|-damage|p2a: Seismitoad|39/100|[from] Hail
|-heal|p2a: Seismitoad|45/100|[from] item: Leftovers
|-damage|p1a: Ninetales|13/100 brn|[from] brn
|upkeep
|turn|14
|
|switch|p2a: BABY SLEEPY|Snorlax, M, shiny|100/100
|move|p1a: Ninetales|Freeze-Dry|p2a: BABY SLEEPY
|-crit|p2a: BABY SLEEPY
|-damage|p2a: BABY SLEEPY|94/100
|
|-weather|Hail|[upkeep]
|-damage|p2a: BABY SLEEPY|88/100|[from] Hail
|-heal|p2a: BABY SLEEPY|94/100|[from] item: Leftovers
|-damage|p1a: Ninetales|7/100 brn|[from] brn
|upkeep
|turn|15
|
|move|p1a: Ninetales|Hypnosis|p2a: BABY SLEEPY|[miss]
|-miss|p1a: Ninetales|p2a: BABY SLEEPY
|move|p2a: BABY SLEEPY|Curse|p2a: BABY SLEEPY
|-unboost|p2a: BABY SLEEPY|spe|1
|-boost|p2a: BABY SLEEPY|atk|1
|-boost|p2a: BABY SLEEPY|def|1
|
|-weather|Hail|[upkeep]
|-damage|p2a: BABY SLEEPY|88/100|[from] Hail
|-heal|p2a: BABY SLEEPY|94/100|[from] item: Leftovers
|-damage|p1a: Ninetales|1/100 brn|[from] brn
|upkeep
|turn|16
|
|move|p1a: Ninetales|Hypnosis|p2a: BABY SLEEPY
|-status|p2a: BABY SLEEPY|slp|[from] move: Hypnosis
|cant|p2a: BABY SLEEPY|slp
|
|-weather|none
|-heal|p2a: BABY SLEEPY|99/100 slp|[from] item: Leftovers
|-damage|p1a: Ninetales|0 fnt|[from] brn
|faint|p1a: Ninetales
|upkeep
|
|switch|p1a: Zeraora|Zeraora|100/100
|turn|17
|
|move|p1a: Zeraora|Calm Mind|p1a: Zeraora
|-boost|p1a: Zeraora|spa|1
|-boost|p1a: Zeraora|spd|1
|cant|p2a: BABY SLEEPY|slp
|
|-heal|p2a: BABY SLEEPY|100/100 slp|[from] item: Leftovers
|upkeep
|turn|18
|
|move|p1a: Zeraora|Focus Blast|p2a: BABY SLEEPY
|-supereffective|p2a: BABY SLEEPY
|-damage|p2a: BABY SLEEPY|48/100 slp
|cant|p2a: BABY SLEEPY|slp
|
|-heal|p2a: BABY SLEEPY|54/100 slp|[from] item: Leftovers
|upkeep
|turn|19
|
|move|p1a: Zeraora|Focus Blast|p2a: BABY SLEEPY
|-supereffective|p2a: BABY SLEEPY
|-damage|p2a: BABY SLEEPY|8/100 slp
|-curestatus|p2a: BABY SLEEPY|slp|[msg]
|move|p2a: BABY SLEEPY|Body Slam|p1a: Zeraora
|-damage|p1a: Zeraora|65/100
|
|-heal|p1a: Zeraora|71/100|[from] item: Leftovers
|-heal|p2a: BABY SLEEPY|14/100|[from] item: Leftovers
|-sideend|p1: Ash's Alt|move: Aurora Veil
|upkeep
|turn|20
|
|move|p1a: Zeraora|Thunderbolt|p2a: BABY SLEEPY
|-damage|p2a: BABY SLEEPY|0 fnt
|faint|p2a: BABY SLEEPY
|
|-heal|p1a: Zeraora|77/100|[from] item: Leftovers
|upkeep
|
|switch|p2a: REAL MANS|Dracovish, shiny|100/100
|turn|21
|
|move|p1a: Zeraora|Thunderbolt|p2a: REAL MANS
|-damage|p2a: REAL MANS|13/100
|move|p2a: REAL MANS|Fishious Rend|p1a: Zeraora
|-damage|p1a: Zeraora|0 fnt
|faint|p1a: Zeraora
|
|upkeep
|
|switch|p1a: Dracovish|Dracovish|100/100
|turn|22
|
|move|p2a: REAL MANS|Draco Meteor|p1a: Dracovish
|-supereffective|p1a: Dracovish
|-damage|p1a: Dracovish|18/100
|-unboost|p2a: REAL MANS|spa|2
|move|p1a: Dracovish|Psychic Fangs|p2a: REAL MANS
|-damage|p2a: REAL MANS|0 fnt
|faint|p2a: REAL MANS
|
|upkeep
|c|☆Ash's Alt|?????
|
|switch|p2a: UH OH STINKY|Jirachi|100/100
|turn|23
|
|move|p2a: UH OH STINKY|Calm Mind|p2a: UH OH STINKY
|-boost|p2a: UH OH STINKY|spa|1
|-boost|p2a: UH OH STINKY|spd|1
|move|p1a: Dracovish|Psychic Fangs|p2a: UH OH STINKY
|-resisted|p2a: UH OH STINKY
|-damage|p2a: UH OH STINKY|87/100
|
|-heal|p2a: UH OH STINKY|94/100|[from] item: Leftovers
|upkeep
|turn|24
|
|switch|p1a: Necrozma|Necrozma|100/100
|move|p2a: UH OH STINKY|Thunderbolt|p1a: Necrozma
|-damage|p1a: Necrozma|62/100
|-status|p1a: Necrozma|par
|
|-heal|p2a: UH OH STINKY|99/100|[from] item: Leftovers
|upkeep
|turn|25
|
|move|p2a: UH OH STINKY|Thunderbolt|p1a: Necrozma
|-damage|p1a: Necrozma|26/100 par
|move|p1a: Necrozma|Autotomize|p1a: Necrozma
|-boost|p1a: Necrozma|spe|2
|-start|p1a: Necrozma|Autotomize
|
|-heal|p2a: UH OH STINKY|100/100|[from] item: Leftovers
|upkeep
|turn|26
|
|move|p2a: UH OH STINKY|Thunderbolt|p1a: Necrozma
|-damage|p1a: Necrozma|0 fnt
|faint|p1a: Necrozma
|
|upkeep
|-message|Ash's Alt forfeited.
|
|win|A
|l|☆Ash's Alt
|raw|Ash&apos;s Alt's rating: 1607 &rarr; <strong>1585</strong><br />(-22 for losing)
|raw|A's rating: 1577 &rarr; <strong>1599</strong><br />(+22 for winning)
|j| super random guy
|l| super random guy
|j| super random guy
|l| super random guy
|j| super random guy
