|html|<div class="broadcast-blue"><strong>[Gen 8] OU is currently suspecting Melmetal! For information on how to participate check out the <a href="https://www.smogon.com/forums/threads/np-ss-ou-suspect-process-round-12-monster-mash.3709234/">suspect thread</a>.</strong></div>
|j|☆HotAsianChick17
|j|☆Down$hift
|inactive|Battle timer is ON: inactive players will automatically lose when time's up.
|t:|1666702239
|gametype|singles
|player|p1|HotAsianChick17|beauty-gen4dp|
|player|p2|Down$hift|teamrocket|
|teamsize|p1|6
|teamsize|p2|6
|gen|8
|tier|[Gen 8] OU
|rated|Tournament battle
|rule|Sleep Clause Mod: Limit one foe put to sleep
|rule|Species Clause: Limit one of each Pokémon
|rule|OHKO Clause: OHKO moves are banned
|rule|Evasion Items Clause: Evasion items are banned
|rule|Evasion Moves Clause: Evasion moves are banned
|rule|Endless Battle Clause: Forcing endless battles is banned
|rule|HP Percentage Mod: HP is shown in percentages
|rule|Dynamax Clause: You cannot dynamax
|clearpoke
|poke|p1|Hatterene, F|
|poke|p1|Melmetal|
|poke|p1|Porygon2|
|poke|p1|Cresselia, F|
|poke|p1|Crawdaunt, M|
|poke|p1|Marowak-Alola, M|
|poke|p2|Regieleki|
|poke|p2|Tapu Koko|
|poke|p2|Landorus-Therian, M|
|poke|p2|Tyranitar, F|
|poke|p2|Amoonguss, F|
|poke|p2|Corviknight, F|
|teampreview
|inactive|HotAsianChick17 also wants the timer to be on.
|c|☆Down$hift|hf
|c|☆HotAsianChick17|Good luck!
|
|t:|1666702251
|start
|switch|p1a: Hatterene|Hatterene, F|100/100
|switch|p2a: Coarse & Rough|Tyranitar, F|100/100
|-weather|Sandstorm|[from] ability: Sand Stream|[of] p2a: Coarse & Rough
|turn|1
|j| sfys6
|
|t:|1666702254
|move|p2a: Coarse & Rough|Stone Edge|p1a: Hatterene
|-enditem|p1a: Hatterene|Focus Sash
|-damage|p1a: Hatterene|1/100
|move|p1a: Hatterene|Trick Room|p1a: Hatterene
|-fieldstart|move: Trick Room|[of] p1a: Hatterene
|
|-weather|Sandstorm|[upkeep]
|-damage|p1a: Hatterene|0 fnt|[from] Sandstorm
|faint|p1a: Hatterene
|upkeep
|j| Judo
|
|t:|1666702273
|switch|p1a: Crawdaunt|Crawdaunt, M|100/100
|turn|2
|j|%moondazing
|j| BloodFins˙︵˙
|
|t:|1666702280
|switch|p2a: AMOGUS|Amoonguss, F|100/100
|move|p1a: Crawdaunt|Liquidation|p2a: AMOGUS
|-resisted|p2a: AMOGUS
|-damage|p2a: AMOGUS|70/100
|-damage|p1a: Crawdaunt|84/100|[from] item: Rocky Helmet|[of] p2a: AMOGUS
|-damage|p1a: Crawdaunt|74/100|[from] item: Life Orb
|
|-weather|Sandstorm|[upkeep]
|-damage|p2a: AMOGUS|64/100|[from] Sandstorm
|-damage|p1a: Crawdaunt|68/100|[from] Sandstorm
|upkeep
|turn|3
|
|t:|1666702283
|move|p2a: AMOGUS|Giga Drain|p1a: Crawdaunt
|-supereffective|p1a: Crawdaunt
|-damage|p1a: Crawdaunt|0 fnt
|-heal|p2a: AMOGUS|90/100|[from] drain|[of] p1a: Crawdaunt
|faint|p1a: Crawdaunt
|
|-weather|Sandstorm|[upkeep]
|-damage|p2a: AMOGUS|83/100|[from] Sandstorm
|upkeep
|
|t:|1666702292
|switch|p1a: Marowak|Marowak-Alola, M|100/100
|turn|4
|
|t:|1666702296
|move|p2a: AMOGUS|Spore|p1a: Marowak
|-status|p1a: Marowak|slp|[from] move: Spore
|cant|p1a: Marowak|slp
|
|-weather|Sandstorm|[upkeep]
|-damage|p2a: AMOGUS|77/100|[from] Sandstorm
|-damage|p1a: Marowak|94/100 slp|[from] Sandstorm
|upkeep
|turn|5
|
|t:|1666702301
|switch|p2a: Coarse & Rough|Tyranitar, F|100/100
|cant|p1a: Marowak|slp
|
|-weather|none
|-fieldend|move: Trick Room
|upkeep
|turn|6
|
|t:|1666702309
|switch|p1a: Cresselia|Cresselia, F|100/100
|move|p2a: Coarse & Rough|Crunch|p1a: Cresselia
|-supereffective|p1a: Cresselia
|-damage|p1a: Cresselia|14/100
|-unboost|p1a: Cresselia|def|1
|
|-heal|p1a: Cresselia|20/100|[from] item: Leftovers
|upkeep
|turn|7
|
|t:|1666702313
|move|p2a: Coarse & Rough|Crunch|p1a: Cresselia
|-supereffective|p1a: Cresselia
|-damage|p1a: Cresselia|0 fnt
|faint|p1a: Cresselia
|
|upkeep
|l| BloodFins˙︵˙
|
|t:|1666702327
|switch|p1a: Porygon2|Porygon2|100/100
|-ability|p1a: Porygon2|Sand Stream|[from] ability: Trace|[of] p2a: Coarse & Rough
|-weather|Sandstorm|[from] ability: Sand Stream|[of] p1a: Porygon2
|turn|8
|
|t:|1666702330
|move|p2a: Coarse & Rough|Crunch|p1a: Porygon2
|-damage|p1a: Porygon2|57/100
|move|p1a: Porygon2|Trick Room|p1a: Porygon2
|-fieldstart|move: Trick Room|[of] p1a: Porygon2
|
|-weather|Sandstorm|[upkeep]
|-damage|p1a: Porygon2|51/100|[from] Sandstorm
|upkeep
|turn|9
|
|t:|1666702334
|move|p2a: Coarse & Rough|Crunch|p1a: Porygon2
|-damage|p1a: Porygon2|2/100
|move|p1a: Porygon2|Teleport|p1a: Porygon2
|
|t:|1666702338
|switch|p1a: Melmetal|Melmetal|100/100|[from]move: Teleport
|
|-weather|Sandstorm|[upkeep]
|upkeep
|turn|10
|
|t:|1666702341
|switch|p2a: Excalibird|Corviknight, F|100/100
|-ability|p2a: Excalibird|Pressure
|move|p1a: Melmetal|Double Iron Bash|p2a: Excalibird
|-resisted|p2a: Excalibird
|-damage|p2a: Excalibird|78/100
|-resisted|p2a: Excalibird
|-damage|p2a: Excalibird|55/100
|-hitcount|p2a: Excalibird|2
|
|-weather|Sandstorm|[upkeep]
|-heal|p2a: Excalibird|61/100|[from] item: Leftovers
|upkeep
|turn|11
|
|t:|1666702345
|move|p1a: Melmetal|Double Iron Bash|p2a: Excalibird
|-resisted|p2a: Excalibird
|-damage|p2a: Excalibird|41/100
|-resisted|p2a: Excalibird
|-damage|p2a: Excalibird|21/100
|-hitcount|p2a: Excalibird|2
|cant|p2a: Excalibird|flinch
|
|-weather|Sandstorm|[upkeep]
|-heal|p2a: Excalibird|27/100|[from] item: Leftovers
|upkeep
|turn|12
|j| Bluey5413
|
|t:|1666702351
|move|p1a: Melmetal|Double Iron Bash|p2a: Excalibird
|-resisted|p2a: Excalibird
|-damage|p2a: Excalibird|5/100
|-resisted|p2a: Excalibird
|-damage|p2a: Excalibird|0 fnt
|faint|p2a: Excalibird
|-hitcount|p2: Excalibird|2
|
|-weather|none
|-fieldend|move: Trick Room
|upkeep
|
|t:|1666702371
|switch|p2a: Tapu 3HKO|Tapu Koko|100/100
|-fieldstart|move: Electric Terrain|[from] ability: Electric Surge|[of] p2a: Tapu 3HKO
|turn|13
|l| Bluey5413
|c|☆HotAsianChick17|amonguss is a bitch
|
|t:|1666702378
|move|p2a: Tapu 3HKO|Volt Switch|p1a: Melmetal
|-damage|p1a: Melmetal|61/100
|
|t:|1666702382
|switch|p2a: LandOUrus-T|Landorus-Therian, M|100/100|[from]move: Volt Switch
|-ability|p2a: LandOUrus-T|Intimidate|boost
|-unboost|p1a: Melmetal|atk|1
|move|p1a: Melmetal|Double Iron Bash|p2a: LandOUrus-T
|-damage|p2a: LandOUrus-T|57/100
|-damage|p2a: LandOUrus-T|15/100
|-hitcount|p2a: LandOUrus-T|2
|
|-heal|p2a: LandOUrus-T|21/100|[from] item: Leftovers
|upkeep
|turn|14
|
|t:|1666702388
|switch|p1a: Marowak|Marowak-Alola, M|94/100 slp
|move|p2a: LandOUrus-T|Earthquake|p1a: Marowak
|-supereffective|p1a: Marowak
|-damage|p1a: Marowak|1/100 slp
|
|-heal|p2a: LandOUrus-T|27/100|[from] item: Leftovers
|upkeep
|turn|15
|
|t:|1666702392
|move|p2a: LandOUrus-T|Earthquake|p1a: Marowak
|-supereffective|p1a: Marowak
|-damage|p1a: Marowak|0 fnt
|faint|p1a: Marowak
|
|-heal|p2a: LandOUrus-T|33/100|[from] item: Leftovers
|upkeep
|
|t:|1666702395
|switch|p1a: Porygon2|Porygon2|2/100
|-ability|p1a: Porygon2|Intimidate|[from] ability: Trace|[of] p2a: LandOUrus-T
|-ability|p1a: Porygon2|Intimidate|boost
|-unboost|p2a: LandOUrus-T|atk|1
|turn|16
|
|t:|1666702399
|move|p2a: LandOUrus-T|U-turn|p1a: Porygon2
|-damage|p1a: Porygon2|0 fnt
|faint|p1a: Porygon2
|
|t:|1666702403
|switch|p2a: House of Pain|Regieleki|100/100|[from]move: U-turn
|
|upkeep
|
|t:|1666702406
|switch|p1a: Melmetal|Melmetal|61/100
|turn|17
|
|t:|1666702410
|move|p2a: House of Pain|Rising Voltage|p1a: Melmetal
|-hint|Rising Voltage's BP doubled on grounded target.
|-damage|p1a: Melmetal|0 fnt
|faint|p1a: Melmetal
|-damage|p2a: House of Pain|91/100|[from] item: Life Orb
|
|win|Down$hift
|n|☆HotAsianChick17|hotasianchick17
|n|☆Down$hift|downhift
|n| sfys6|sfys6
|n| Judo|judo
|n|+moondazing|moondazing
