|j|☆BabylonBill_3
|j|☆DJ CRIB DEF
|t:|1627750065
|gametype|singles
|player|p1|BabylonBill_3|pokemonbreederf|1621
|player|p2|DJ CRIB DEF|cynthia|1602
|teamsize|p1|6
|teamsize|p2|6
|gen|8
|tier|[Gen 8] OU
|rated|
|rule|Sleep Clause Mod: Limit one foe put to sleep
|rule|Species Clause: Limit one of each Pokémon
|rule|OHKO Clause: OHKO moves are banned
|rule|Evasion Moves Clause: Evasion moves are banned
|rule|Endless Battle Clause: Forcing endless battles is banned
|rule|HP Percentage Mod: HP is shown in percentages
|rule|Dynamax Clause: You cannot dynamax
|clearpoke
|poke|p1|Ferrothorn, F|
|poke|p1|Toxicroak, F|
|poke|p1|Hydreigon, M|
|poke|p1|Rillaboom, M|
|poke|p1|Hawlucha, M|
|poke|p1|Tapu Fini|
|poke|p2|Victini|
|poke|p2|Urshifu-*, M|
|poke|p2|Kyurem|
|poke|p2|Scizor, F|
|poke|p2|Rotom-Wash|
|poke|p2|Landorus-Therian, M|
|teampreview
|inactive|Battle timer is ON: inactive players will automatically lose when time's up. (requested by DJ CRIB DEF)
|inactive|DJ CRIB DEF has 120 seconds left.
|
|t:|1627750103
|start
|switch|p1a: Tapu Fini|Tapu Fini|100/100
|switch|p2a: Rotom|Rotom-Wash|100/100
|turn|1
|c|☆DJ CRIB DEF|?
|inactive|BabylonBill_3 has 120 seconds left.
|
|t:|1627750137
|move|p1a: Tapu Fini|Moonblast|p2a: Rotom
|-damage|p2a: Rotom|50/100
|move|p2a: Rotom|Will-O-Wisp|p1a: Tapu Fini|[miss]
|-miss|p2a: Rotom|p1a: Tapu Fini
|
|-heal|p2a: Rotom|56/100|[from] item: Leftovers
|upkeep
|turn|2
|
|t:|1627750145
|switch|p2a: Scizor|Scizor, F|100/100
|move|p1a: Tapu Fini|Moonblast|p2a: Scizor
|-resisted|p2a: Scizor
|-damage|p2a: Scizor|66/100
|-unboost|p2a: Scizor|spa|1
|
|-heal|p2a: Scizor|72/100|[from] item: Leftovers
|upkeep
|turn|3
|
|t:|1627750154
|switch|p1a: Ferrothorn|Ferrothorn, F|100/100
|move|p2a: Scizor|U-turn|p1a: Ferrothorn
|-damage|p1a: Ferrothorn|77/100
|-damage|p2a: Scizor|59/100|[from] ability: Iron Barbs|[of] p1a: Ferrothorn
|
|t:|1627750157
|switch|p2a: Victini|Victini|100/100|[from]move: U-turn
|
|-heal|p1a: Ferrothorn|84/100|[from] item: Leftovers
|upkeep
|turn|4
|
|t:|1627750160
|move|p1a: Ferrothorn|Protect|p1a: Ferrothorn
|-singleturn|p1a: Ferrothorn|Protect
|move|p2a: Victini|V-create|p1a: Ferrothorn
|-activate|p1a: Ferrothorn|move: Protect
|
|-heal|p1a: Ferrothorn|90/100|[from] item: Leftovers
|upkeep
|turn|5
|
|t:|1627750166
|switch|p1a: Tapu Fini|Tapu Fini|100/100
|move|p2a: Victini|V-create|p1a: Tapu Fini
|-resisted|p1a: Tapu Fini
|-damage|p1a: Tapu Fini|43/100
|-unboost|p2a: Victini|spe|1
|-unboost|p2a: Victini|def|1
|-unboost|p2a: Victini|spd|1
|
|upkeep
|turn|6
|
|t:|1627750174
|switch|p2a: Rotom|Rotom-Wash|56/100
|move|p1a: Tapu Fini|Hydro Pump|p2a: Rotom
|-resisted|p2a: Rotom
|-damage|p2a: Rotom|26/100
|
|-heal|p2a: Rotom|32/100|[from] item: Leftovers
|upkeep
|turn|7
|
|t:|1627750184
|switch|p1a: Ferrothorn|Ferrothorn, F|90/100
|move|p2a: Rotom|Volt Switch|p1a: Ferrothorn
|-resisted|p1a: Ferrothorn
|-damage|p1a: Ferrothorn|82/100
|
|t:|1627750187
|switch|p2a: Victini|Victini|100/100|[from]move: Volt Switch
|
|-heal|p1a: Ferrothorn|88/100|[from] item: Leftovers
|upkeep
|turn|8
|
|t:|1627750190
|move|p1a: Ferrothorn|Protect|p1a: Ferrothorn
|-singleturn|p1a: Ferrothorn|Protect
|move|p2a: Victini|V-create|p1a: Ferrothorn
|-activate|p1a: Ferrothorn|move: Protect
|
|-heal|p1a: Ferrothorn|95/100|[from] item: Leftovers
|upkeep
|turn|9
|
|t:|1627750198
|switch|p1a: Hydreigon|Hydreigon, M|100/100
|move|p2a: Victini|V-create|p1a: Hydreigon
|-resisted|p1a: Hydreigon
|-damage|p1a: Hydreigon|29/100
|-unboost|p2a: Victini|spe|1
|-unboost|p2a: Victini|def|1
|-unboost|p2a: Victini|spd|1
|
|upkeep
|turn|10
|
|t:|1627750205
|switch|p2a: Urshifu|Urshifu-Rapid-Strike, M|100/100
|move|p1a: Hydreigon|U-turn|p2a: Urshifu
|-resisted|p2a: Urshifu
|-damage|p2a: Urshifu|93/100
|
|t:|1627750212
|switch|p1a: Rillaboom|Rillaboom, M|100/100|[from]move: U-turn
|-fieldstart|move: Grassy Terrain|[from] ability: Grassy Surge|[of] p1a: Rillaboom
|
|-heal|p2a: Urshifu|99/100|[from] Grassy Terrain
|upkeep
|turn|11
|
|t:|1627750216
|switch|p2a: Landorus|Landorus-Therian, M|100/100
|-ability|p2a: Landorus|Intimidate|boost
|-unboost|p1a: Rillaboom|atk|1
|move|p1a: Rillaboom|Knock Off|p2a: Landorus
|-damage|p2a: Landorus|74/100
|-enditem|p2a: Landorus|Leftovers|[from] move: Knock Off|[of] p1a: Rillaboom
|
|upkeep
|turn|12
|
|t:|1627750225
|switch|p1a: Ferrothorn|Ferrothorn, F|95/100
|move|p2a: Landorus|Knock Off|p1a: Ferrothorn
|-damage|p1a: Ferrothorn|71/100
|-damage|p2a: Landorus|62/100|[from] ability: Iron Barbs|[of] p1a: Ferrothorn
|-enditem|p1a: Ferrothorn|Leftovers|[from] move: Knock Off|[of] p2a: Landorus
|
|-heal|p1a: Ferrothorn|77/100|[from] Grassy Terrain
|upkeep
|turn|13
|
|t:|1627750229
|move|p2a: Landorus|U-turn|p1a: Ferrothorn
|-damage|p1a: Ferrothorn|60/100
|-damage|p2a: Landorus|50/100|[from] ability: Iron Barbs|[of] p1a: Ferrothorn
|
|t:|1627750231
|switch|p2a: Victini|Victini|100/100|[from]move: U-turn
|move|p1a: Ferrothorn|Stealth Rock|p2a: Victini
|-sidestart|p2: DJ CRIB DEF|move: Stealth Rock
|
|-heal|p1a: Ferrothorn|66/100|[from] Grassy Terrain
|upkeep
|turn|14
|
|t:|1627750235
|move|p1a: Ferrothorn|Protect|p1a: Ferrothorn
|-singleturn|p1a: Ferrothorn|Protect
|move|p2a: Victini|V-create|p1a: Ferrothorn
|-activate|p1a: Ferrothorn|move: Protect
|
|-heal|p1a: Ferrothorn|72/100|[from] Grassy Terrain
|-fieldend|move: Grassy Terrain
|upkeep
|turn|15
|inactive|BabylonBill_3 has 120 seconds left.
|
|t:|1627750275
|switch|p1a: Tapu Fini|Tapu Fini|43/100
|move|p2a: Victini|V-create|p1a: Tapu Fini
|-resisted|p1a: Tapu Fini
|-damage|p1a: Tapu Fini|0 fnt
|-unboost|p2a: Victini|spe|1
|-unboost|p2a: Victini|def|1
|-unboost|p2a: Victini|spd|1
|faint|p1a: Tapu Fini
|
|upkeep
|
|t:|1627750283
|switch|p1a: Hydreigon|Hydreigon, M|29/100
|turn|16
|
|t:|1627750288
|move|p1a: Hydreigon|Dark Pulse|p2a: Victini
|-supereffective|p2a: Victini
|-damage|p2a: Victini|0 fnt
|faint|p2a: Victini
|
|upkeep
|
|t:|1627750294
|switch|p2a: Urshifu|Urshifu-Rapid-Strike, M|99/100
|-damage|p2a: Urshifu|93/100|[from] Stealth Rock
|turn|17
|
|t:|1627750296
|switch|p1a: Toxicroak|Toxicroak, F|100/100
|move|p2a: Urshifu|Close Combat|p1a: Toxicroak
|-resisted|p1a: Toxicroak
|-damage|p1a: Toxicroak|60/100
|-unboost|p2a: Urshifu|def|1
|-unboost|p2a: Urshifu|spd|1
|
|-heal|p1a: Toxicroak|66/100|[from] item: Black Sludge
|upkeep
|turn|18
|
|t:|1627750306
|switch|p2a: Scizor|Scizor, F|59/100
|-damage|p2a: Scizor|47/100|[from] Stealth Rock
|move|p1a: Toxicroak|Drain Punch|p2a: Scizor
|-damage|p2a: Scizor|27/100
|-heal|p1a: Toxicroak|76/100|[from] drain|[of] p2a: Scizor
|
|-heal|p1a: Toxicroak|82/100|[from] item: Black Sludge
|-heal|p2a: Scizor|33/100|[from] item: Leftovers
|upkeep
|turn|19
|
|t:|1627750310
|move|p1a: Toxicroak|Knock Off|p2a: Scizor
|-damage|p2a: Scizor|16/100
|-enditem|p2a: Scizor|Leftovers|[from] move: Knock Off|[of] p1a: Toxicroak
|move|p2a: Scizor|Roost|p2a: Scizor
|-heal|p2a: Scizor|66/100
|-singleturn|p2a: Scizor|move: Roost
|
|-heal|p1a: Toxicroak|88/100|[from] item: Black Sludge
|upkeep
|turn|20
|
|t:|1627750316
|move|p1a: Toxicroak|Swords Dance|p1a: Toxicroak
|-boost|p1a: Toxicroak|atk|2
|move|p2a: Scizor|Roost|p2a: Scizor
|-heal|p2a: Scizor|100/100
|-singleturn|p2a: Scizor|move: Roost
|
|-heal|p1a: Toxicroak|94/100|[from] item: Black Sludge
|upkeep
|turn|21
|
|t:|1627750325
|move|p2a: Scizor|Bullet Punch|p1a: Toxicroak
|-damage|p1a: Toxicroak|72/100
|move|p1a: Toxicroak|Drain Punch|p2a: Scizor
|-damage|p2a: Scizor|59/100
|-heal|p1a: Toxicroak|91/100|[from] drain|[of] p2a: Scizor
|
|-heal|p1a: Toxicroak|98/100|[from] item: Black Sludge
|upkeep
|turn|22
|
|t:|1627750330
|move|p1a: Toxicroak|Drain Punch|p2a: Scizor
|-damage|p2a: Scizor|18/100
|-heal|p1a: Toxicroak|100/100|[from] drain|[of] p2a: Scizor
|move|p2a: Scizor|U-turn|p1a: Toxicroak
|-resisted|p1a: Toxicroak
|-damage|p1a: Toxicroak|93/100
|
|t:|1627750332
|switch|p2a: Landorus|Landorus-Therian, M|50/100|[from]move: U-turn
|-damage|p2a: Landorus|37/100|[from] Stealth Rock
|-ability|p2a: Landorus|Intimidate|boost
|-unboost|p1a: Toxicroak|atk|1
|
|-heal|p1a: Toxicroak|99/100|[from] item: Black Sludge
|upkeep
|turn|23
|
|t:|1627750341
|switch|p1a: Ferrothorn|Ferrothorn, F|72/100
|move|p2a: Landorus|Earthquake|p1a: Ferrothorn
|-damage|p1a: Ferrothorn|39/100
|
|upkeep
|turn|24
|
|t:|1627750347
|move|p2a: Landorus|Defog|p1a: Ferrothorn
|-unboost|p1a: Ferrothorn|evasion|1
|-sideend|p2: DJ CRIB DEF|Stealth Rock|[from] move: Defog|[of] p2a: Landorus
|move|p1a: Ferrothorn|Leech Seed|p2a: Landorus
|-start|p2a: Landorus|move: Leech Seed
|
|-damage|p2a: Landorus|25/100|[from] Leech Seed|[of] p1a: Ferrothorn
|-heal|p1a: Ferrothorn|52/100|[silent]
|upkeep
|turn|25
|
|t:|1627750352
|switch|p2a: Urshifu|Urshifu-Rapid-Strike, M|93/100
|move|p1a: Ferrothorn|Stealth Rock|p2a: Urshifu
|-sidestart|p2: DJ CRIB DEF|move: Stealth Rock
|
|upkeep
|turn|26
|
|t:|1627750354
|switch|p1a: Toxicroak|Toxicroak, F|99/100
|move|p2a: Urshifu|Close Combat|p1a: Toxicroak
|-resisted|p1a: Toxicroak
|-damage|p1a: Toxicroak|57/100
|-unboost|p2a: Urshifu|def|1
|-unboost|p2a: Urshifu|spd|1
|
|-heal|p1a: Toxicroak|63/100|[from] item: Black Sludge
|upkeep
|turn|27
|
|t:|1627750361
|switch|p2a: Scizor|Scizor, F|18/100
|-damage|p2a: Scizor|6/100|[from] Stealth Rock
|move|p1a: Toxicroak|Drain Punch|p2a: Scizor
|-damage|p2a: Scizor|0 fnt
|-heal|p1a: Toxicroak|65/100|[from] drain|[of] p2a: Scizor
|faint|p2a: Scizor
|
|-heal|p1a: Toxicroak|72/100|[from] item: Black Sludge
|upkeep
|
|t:|1627750365
|switch|p2a: Kyurem|Kyurem, shiny|100/100
|-damage|p2a: Kyurem|76/100|[from] Stealth Rock
|-ability|p2a: Kyurem|Pressure
|turn|28
|
|t:|1627750377
|move|p2a: Kyurem|Ice Beam|p1a: Toxicroak
|-damage|p1a: Toxicroak|0 fnt
|faint|p1a: Toxicroak
|
|upkeep
|
|t:|1627750380
|switch|p1a: Ferrothorn|Ferrothorn, F|52/100
|turn|29
|
|t:|1627750383
|move|p2a: Kyurem|Ice Beam|p1a: Ferrothorn
|-damage|p1a: Ferrothorn|7/100
|move|p1a: Ferrothorn|Gyro Ball|p2a: Kyurem
|-supereffective|p2a: Kyurem
|-crit|p2a: Kyurem
|-damage|p2a: Kyurem|0 fnt
|faint|p2a: Kyurem
|
|upkeep
|-message|DJ CRIB DEF forfeited.
|
|win|BabylonBill_3
|raw|BabylonBill_3's rating: 1621 &rarr; <strong>1641</strong><br />(+20 for winning)
|raw|DJ CRIB DEF's rating: 1615 &rarr; <strong>1595</strong><br />(-20 for losing)
