|j|☆d18l
|j|☆order 66
|t:|1653361484
|gametype|singles
|player|p1|d18l|backpacker|1687
|player|p2|order 66|1|1606
|teamsize|p1|6
|teamsize|p2|6
|gen|8
|tier|[Gen 8] OU
|rated|
|rule|Sleep Clause Mod: Limit one foe put to sleep
|rule|Species Clause: Limit one of each Pokémon
|rule|OHKO Clause: OHKO moves are banned
|rule|Evasion Moves Clause: Evasion moves are banned
|rule|Endless Battle Clause: Forcing endless battles is banned
|rule|HP Percentage Mod: HP is shown in percentages
|rule|Dynamax Clause: You cannot dynamax
|clearpoke
|poke|p1|Tornadus-Therian, M|
|poke|p1|Slowbro, F|
|poke|p1|Excadrill, M|
|poke|p1|Ferrothorn, F|
|poke|p1|Tyranitar, F|
|poke|p1|Tapu Lele|
|poke|p2|Excadrill, M|
|poke|p2|Gigalith, M|
|poke|p2|Mandibuzz, F|
|poke|p2|Slowking-Galar, F|
|poke|p2|Dracozolt|
|poke|p2|Tapu Fini|
|teampreview
|inactive|Battle timer is ON: inactive players will automatically lose when time's up. (requested by order 66)
|
|t:|1653361536
|start
|switch|p1a: Slowbro|Slowbro, F|100/100
|switch|p2a: Gigalith|Gigalith, M|100/100
|-weather|Sandstorm|[from] ability: Sand Stream|[of] p2a: Gigalith
|turn|1
|
|t:|1653361541
|switch|p2a: Slowking|Slowking-Galar, F|100/100
|move|p1a: Slowbro|Scald|p2a: Slowking
|-damage|p2a: Slowking|84/100
|-status|p2a: Slowking|brn
|
|-weather|Sandstorm|[upkeep]
|-damage|p2a: Slowking|78/100 brn|[from] Sandstorm
|-damage|p1a: Slowbro|94/100|[from] Sandstorm
|-heal|p2a: Slowking|84/100 brn|[from] item: Black Sludge
|-damage|p2a: Slowking|78/100 brn|[from] brn
|upkeep
|turn|2
|
|t:|1653361551
|move|p2a: Slowking|Future Sight|p1a: Slowbro
|-start|p2a: Slowking|move: Future Sight
|move|p1a: Slowbro|Teleport|p1a: Slowbro
|
|t:|1653361553
|switch|p1a: Tyranitar|Tyranitar, F|100/100|[from]move: Teleport
|
|-weather|Sandstorm|[upkeep]
|-damage|p2a: Slowking|72/100 brn|[from] Sandstorm
|-heal|p2a: Slowking|78/100 brn|[from] item: Black Sludge
|-damage|p2a: Slowking|72/100 brn|[from] brn
|upkeep
|turn|3
|
|t:|1653361579
|switch|p2a: Excadrill|Excadrill, M|100/100
|move|p1a: Tyranitar|Stone Edge|p2a: Excadrill|[miss]
|-miss|p1a: Tyranitar|p2a: Excadrill
|
|-weather|Sandstorm|[upkeep]
|upkeep
|turn|4
|
|t:|1653361587
|switch|p1a: Slowbro|Slowbro, F|100/100
|move|p2a: Excadrill|Earthquake|p1a: Slowbro
|-damage|p1a: Slowbro|63/100
|
|-weather|Sandstorm|[upkeep]
|-damage|p1a: Slowbro|57/100|[from] Sandstorm
|-end|p1a: Slowbro|move: Future Sight
|-resisted|p1a: Slowbro
|-crit|p1a: Slowbro
|-damage|p1a: Slowbro|20/100
|upkeep
|turn|5
|
|t:|1653361600
|switch|p1a: Tornadus|Tornadus-Therian, M|100/100
|move|p2a: Excadrill|Iron Head|p1a: Tornadus
|-damage|p1a: Tornadus|50/100
|
|-weather|Sandstorm|[upkeep]
|-damage|p1a: Tornadus|44/100|[from] Sandstorm
|upkeep
|turn|6
|
|t:|1653361609
|switch|p1a: Slowbro|Slowbro, F|53/100
|move|p2a: Excadrill|Iron Head|p1a: Slowbro
|-resisted|p1a: Slowbro
|-damage|p1a: Slowbro|37/100
|-damage|p2a: Excadrill|84/100|[from] item: Rocky Helmet|[of] p1a: Slowbro
|
|-weather|Sandstorm|[upkeep]
|-damage|p1a: Slowbro|31/100|[from] Sandstorm
|-heal|p2a: Excadrill|90/100|[from] item: Leftovers
|upkeep
|turn|7
|
|t:|1653361614
|switch|p1a: Tornadus|Tornadus-Therian, M|77/100
|move|p2a: Excadrill|Earthquake|p1a: Tornadus
|-immune|p1a: Tornadus
|
|-weather|Sandstorm|[upkeep]
|-damage|p1a: Tornadus|71/100|[from] Sandstorm
|-heal|p2a: Excadrill|96/100|[from] item: Leftovers
|upkeep
|turn|8
|
|t:|1653361626
|move|p2a: Excadrill|Iron Head|p1a: Tornadus
|-damage|p1a: Tornadus|19/100
|move|p1a: Tornadus|Focus Blast|p2a: Excadrill
|-supereffective|p2a: Excadrill
|-damage|p2a: Excadrill|14/100
|
|-weather|none
|-heal|p2a: Excadrill|20/100|[from] item: Leftovers
|upkeep
|turn|9
|
|t:|1653361634
|switch|p2a: Slowking|Slowking-Galar, F|100/100 brn
|move|p1a: Tornadus|Focus Blast|p2a: Slowking
|-resisted|p2a: Slowking
|-damage|p2a: Slowking|96/100 brn
|
|-heal|p2a: Slowking|100/100 brn|[from] item: Black Sludge
|-damage|p2a: Slowking|94/100 brn|[from] brn
|upkeep
|turn|10
|
|t:|1653361646
|switch|p1a: Tyranitar|Tyranitar, F|100/100
|-weather|Sandstorm|[from] ability: Sand Stream|[of] p1a: Tyranitar
|move|p2a: Slowking|Future Sight|p1a: Tyranitar
|-start|p2a: Slowking|move: Future Sight
|
|-weather|Sandstorm|[upkeep]
|-damage|p2a: Slowking|88/100 brn|[from] Sandstorm
|-heal|p2a: Slowking|94/100 brn|[from] item: Black Sludge
|-damage|p2a: Slowking|88/100 brn|[from] brn
|upkeep
|turn|11
|
|t:|1653361664
|switch|p2a: Gigalith|Gigalith, M|100/100
|move|p1a: Tyranitar|Stone Edge|p2a: Gigalith|[miss]
|-miss|p1a: Tyranitar|p2a: Gigalith
|
|-weather|Sandstorm|[upkeep]
|upkeep
|turn|12
|
|t:|1653361676
|switch|p1a: Slowbro|Slowbro, F|64/100
|move|p2a: Gigalith|Stealth Rock|p1a: Slowbro
|-sidestart|p1: d18l|move: Stealth Rock
|
|-weather|Sandstorm|[upkeep]
|-damage|p1a: Slowbro|58/100|[from] Sandstorm
|-end|p1a: Slowbro|move: Future Sight
|-resisted|p1a: Slowbro
|-damage|p1a: Slowbro|37/100
|upkeep
|turn|13
|
|t:|1653361688
|switch|p2a: Slowking|Slowking-Galar, F|100/100 brn
|move|p1a: Slowbro|Slack Off|p1a: Slowbro
|-heal|p1a: Slowbro|87/100
|
|-weather|Sandstorm|[upkeep]
|-damage|p2a: Slowking|94/100 brn|[from] Sandstorm
|-damage|p1a: Slowbro|81/100|[from] Sandstorm
|-heal|p2a: Slowking|100/100 brn|[from] item: Black Sludge
|-damage|p2a: Slowking|94/100 brn|[from] brn
|upkeep
|turn|14
|
|t:|1653361700
|move|p2a: Slowking|Future Sight|p1a: Slowbro
|-start|p2a: Slowking|move: Future Sight
|move|p1a: Slowbro|Teleport|p1a: Slowbro
|
|t:|1653361702
|switch|p1a: Tyranitar|Tyranitar, F|100/100|[from]move: Teleport
|-damage|p1a: Tyranitar|88/100|[from] Stealth Rock
|
|-weather|none
|-heal|p2a: Slowking|100/100 brn|[from] item: Black Sludge
|-damage|p2a: Slowking|94/100 brn|[from] brn
|upkeep
|turn|15
|
|t:|1653361709
|switch|p2a: Gigalith|Gigalith, M|100/100
|-weather|Sandstorm|[from] ability: Sand Stream|[of] p2a: Gigalith
|move|p1a: Tyranitar|Stone Edge|p2a: Gigalith
|-damage|p2a: Gigalith|37/100
|
|-weather|Sandstorm|[upkeep]
|upkeep
|turn|16
|
|t:|1653361724
|move|p1a: Tyranitar|Stone Edge|p2a: Gigalith
|-damage|p2a: Gigalith|0 fnt
|faint|p2a: Gigalith
|
|-weather|Sandstorm|[upkeep]
|-end|p1a: Tyranitar|move: Future Sight
|-immune|p1a: Tyranitar
|upkeep
|
|t:|1653361729
|switch|p2a: Excadrill|Excadrill, M|20/100
|turn|17
|inactive|d18l has 120 seconds left.
|
|t:|1653361762
|switch|p1a: Slowbro|Slowbro, F|100/100
|-damage|p1a: Slowbro|88/100|[from] Stealth Rock
|move|p2a: Excadrill|Iron Head|p1a: Slowbro
|-resisted|p1a: Slowbro
|-damage|p1a: Slowbro|74/100
|-damage|p2a: Excadrill|3/100|[from] item: Rocky Helmet|[of] p1a: Slowbro
|
|-weather|Sandstorm|[upkeep]
|-damage|p1a: Slowbro|68/100|[from] Sandstorm
|-heal|p2a: Excadrill|9/100|[from] item: Leftovers
|upkeep
|turn|18
|
|t:|1653361774
|move|p2a: Excadrill|Earthquake|p1a: Slowbro
|-damage|p1a: Slowbro|35/100
|move|p1a: Slowbro|Scald|p2a: Excadrill
|-supereffective|p2a: Excadrill
|-damage|p2a: Excadrill|0 fnt
|faint|p2a: Excadrill
|
|-weather|Sandstorm|[upkeep]
|-damage|p1a: Slowbro|28/100|[from] Sandstorm
|upkeep
|
|t:|1653361777
|switch|p2a: Dracozolt|Dracozolt|100/100
|turn|19
|inactive|d18l has 120 seconds left.
|
|t:|1653361809
|move|p2a: Dracozolt|Earthquake|p1a: Slowbro
|-crit|p1a: Slowbro
|-damage|p1a: Slowbro|0 fnt
|faint|p1a: Slowbro
|-damage|p2a: Dracozolt|91/100|[from] item: Life Orb
|
|-weather|Sandstorm|[upkeep]
|upkeep
|
|t:|1653361816
|switch|p1a: Excadrill|Excadrill, M|100/100
|-damage|p1a: Excadrill|97/100|[from] Stealth Rock
|turn|20
|inactive|d18l has 120 seconds left.
|
|t:|1653361821
|switch|p2a: Mandibuzz|Mandibuzz, F|100/100
|move|p1a: Excadrill|Earthquake|p2a: Mandibuzz
|-immune|p2a: Mandibuzz
|
|-weather|Sandstorm|[upkeep]
|-heal|p1a: Excadrill|100/100|[from] item: Leftovers
|upkeep
|turn|21
|
|t:|1653361831
|switch|p1a: Ferrothorn|Ferrothorn, F|100/100
|-damage|p1a: Ferrothorn|95/100|[from] Stealth Rock
|move|p2a: Mandibuzz|U-turn|p1a: Ferrothorn
|-damage|p1a: Ferrothorn|88/100
|-damage|p2a: Mandibuzz|88/100|[from] ability: Iron Barbs|[of] p1a: Ferrothorn
|
|t:|1653361835
|switch|p2a: Dracozolt|Dracozolt|91/100|[from]move: U-turn
|
|-weather|Sandstorm|[upkeep]
|-heal|p1a: Ferrothorn|94/100|[from] item: Leftovers
|upkeep
|turn|22
|
|t:|1653361841
|switch|p1a: Tyranitar|Tyranitar, F|88/100
|-damage|p1a: Tyranitar|76/100|[from] Stealth Rock
|move|p2a: Dracozolt|Fire Blast|p1a: Tyranitar
|-resisted|p1a: Tyranitar
|-damage|p1a: Tyranitar|64/100
|-damage|p2a: Dracozolt|81/100|[from] item: Life Orb
|
|-weather|none
|upkeep
|turn|23
|j| youhuanbingshi
|
|t:|1653361846
|move|p2a: Dracozolt|Bolt Beak|p1a: Tyranitar
|-damage|p1a: Tyranitar|0 fnt
|faint|p1a: Tyranitar
|-damage|p2a: Dracozolt|71/100|[from] item: Life Orb
|
|upkeep
|
|t:|1653361862
|switch|p1a: Excadrill|Excadrill, M|100/100
|-damage|p1a: Excadrill|97/100|[from] Stealth Rock
|turn|24
|
|t:|1653361872
|switch|p2a: Tapu Fini|Tapu Fini|100/100
|-fieldstart|move: Misty Terrain|[from] ability: Misty Surge|[of] p2a: Tapu Fini
|move|p1a: Excadrill|Iron Head|p2a: Tapu Fini
|-damage|p2a: Tapu Fini|66/100
|
|-heal|p1a: Excadrill|100/100|[from] item: Leftovers
|-heal|p2a: Tapu Fini|72/100|[from] item: Leftovers
|upkeep
|turn|25
|
|t:|1653361880
|switch|p1a: Ferrothorn|Ferrothorn, F|94/100
|-damage|p1a: Ferrothorn|88/100|[from] Stealth Rock
|move|p2a: Tapu Fini|Taunt|p1a: Ferrothorn
|-start|p1a: Ferrothorn|move: Taunt
|
|-heal|p2a: Tapu Fini|78/100|[from] item: Leftovers
|-heal|p1a: Ferrothorn|94/100|[from] item: Leftovers
|upkeep
|turn|26
|
|t:|1653361883
|switch|p2a: Slowking|Slowking-Galar, F|100/100 brn
|move|p1a: Ferrothorn|Power Whip|p2a: Slowking
|-resisted|p2a: Slowking
|-damage|p2a: Slowking|82/100 brn
|
|-heal|p2a: Slowking|88/100 brn|[from] item: Black Sludge
|-heal|p1a: Ferrothorn|99/100|[from] item: Leftovers
|-damage|p2a: Slowking|82/100 brn|[from] brn
|upkeep
|turn|27
|
|t:|1653361891
|move|p2a: Slowking|Flamethrower|p1a: Ferrothorn
|-supereffective|p1a: Ferrothorn
|-damage|p1a: Ferrothorn|14/100
|move|p1a: Ferrothorn|Knock Off|p2a: Slowking
|-supereffective|p2a: Slowking
|-damage|p2a: Slowking|34/100 brn
|-enditem|p2a: Slowking|Black Sludge|[from] move: Knock Off|[of] p1a: Ferrothorn
|
|-heal|p1a: Ferrothorn|20/100|[from] item: Leftovers
|-damage|p2a: Slowking|28/100 brn|[from] brn
|-end|p1a: Ferrothorn|move: Taunt
|upkeep
|turn|28
|inactive|d18l has 120 seconds left.
|
|t:|1653361922
|switch|p1a: Tornadus|Tornadus-Therian, M|52/100
|move|p2a: Slowking|Flamethrower|p1a: Tornadus
|-damage|p1a: Tornadus|28/100
|
|-damage|p2a: Slowking|22/100 brn|[from] brn
|-fieldend|Misty Terrain
|upkeep
|turn|29
|
|t:|1653361928
|switch|p2a: Tapu Fini|Tapu Fini|78/100
|-fieldstart|move: Misty Terrain|[from] ability: Misty Surge|[of] p2a: Tapu Fini
|move|p1a: Tornadus|Hurricane|p2a: Tapu Fini|[miss]
|-miss|p1a: Tornadus|p2a: Tapu Fini
|
|-heal|p2a: Tapu Fini|84/100|[from] item: Leftovers
|upkeep
|turn|30
|
|t:|1653361936
|switch|p1a: Ferrothorn|Ferrothorn, F|20/100
|-damage|p1a: Ferrothorn|14/100|[from] Stealth Rock
|move|p2a: Tapu Fini|Calm Mind|p2a: Tapu Fini
|-boost|p2a: Tapu Fini|spa|1
|-boost|p2a: Tapu Fini|spd|1
|
|-heal|p2a: Tapu Fini|91/100|[from] item: Leftovers
|-heal|p1a: Ferrothorn|20/100|[from] item: Leftovers
|upkeep
|turn|31
|
|t:|1653361952
|move|p2a: Tapu Fini|Scald|p1a: Ferrothorn
|-resisted|p1a: Ferrothorn
|-damage|p1a: Ferrothorn|2/100
|move|p1a: Ferrothorn|Power Whip|p2a: Tapu Fini
|-supereffective|p2a: Tapu Fini
|-damage|p2a: Tapu Fini|38/100
|
|-heal|p2a: Tapu Fini|44/100|[from] item: Leftovers
|-heal|p1a: Ferrothorn|8/100|[from] item: Leftovers
|upkeep
|turn|32
|
|t:|1653361958
|move|p2a: Tapu Fini|Scald|p1a: Ferrothorn
|-resisted|p1a: Ferrothorn
|-damage|p1a: Ferrothorn|0 fnt
|faint|p1a: Ferrothorn
|
|-heal|p2a: Tapu Fini|50/100|[from] item: Leftovers
|upkeep
|
|t:|1653361960
|switch|p1a: Tapu Lele|Tapu Lele|100/100
|-damage|p1a: Tapu Lele|88/100|[from] Stealth Rock
|-fieldstart|move: Psychic Terrain|[from] ability: Psychic Surge|[of] p1a: Tapu Lele
|turn|33
|
|t:|1653361977
|switch|p2a: Mandibuzz|Mandibuzz, F|88/100
|move|p1a: Tapu Lele|Psyshock|p2a: Mandibuzz
|-immune|p2a: Mandibuzz
|
|upkeep
|turn|34
|
|t:|1653361989
|switch|p1a: Tornadus|Tornadus-Therian, M|62/100
|move|p2a: Mandibuzz|U-turn|p1a: Tornadus
|-resisted|p1a: Tornadus
|-damage|p1a: Tornadus|56/100
|l| youhuanbingshi
|inactive|order 66 has 120 seconds left.
|
|t:|1653362046
|switch|p2a: Dracozolt|Dracozolt|71/100|[from]move: U-turn
|
|upkeep
|turn|35
|j| 50 at max
|
|t:|1653362071
|switch|p1a: Excadrill|Excadrill, M|100/100
|-damage|p1a: Excadrill|97/100|[from] Stealth Rock
|move|p2a: Dracozolt|Fire Blast|p1a: Excadrill|[miss]
|-miss|p2a: Dracozolt|p1a: Excadrill
|
|-heal|p1a: Excadrill|100/100|[from] item: Leftovers
|upkeep
|turn|36
|
|t:|1653362089
|switch|p2a: Mandibuzz|Mandibuzz, F|88/100
|move|p1a: Excadrill|Iron Head|p2a: Mandibuzz
|-damage|p2a: Mandibuzz|60/100
|
|upkeep
|turn|37
|
|t:|1653362104
|move|p1a: Excadrill|Iron Head|p2a: Mandibuzz
|-damage|p2a: Mandibuzz|31/100
|move|p2a: Mandibuzz|U-turn|p1a: Excadrill
|-resisted|p1a: Excadrill
|-damage|p1a: Excadrill|92/100
|
|t:|1653362108
|switch|p2a: Tapu Fini|Tapu Fini|50/100|[from]move: U-turn
|-fieldstart|move: Misty Terrain|[from] ability: Misty Surge|[of] p2a: Tapu Fini
|
|-heal|p1a: Excadrill|98/100|[from] item: Leftovers
|-heal|p2a: Tapu Fini|56/100|[from] item: Leftovers
|upkeep
|turn|38
|
|t:|1653362114
|switch|p1a: Tapu Lele|Tapu Lele|88/100
|-damage|p1a: Tapu Lele|76/100|[from] Stealth Rock
|-fieldstart|move: Psychic Terrain|[from] ability: Psychic Surge|[of] p1a: Tapu Lele
|move|p2a: Tapu Fini|Scald|p1a: Tapu Lele
|-damage|p1a: Tapu Lele|48/100
|
|-heal|p2a: Tapu Fini|63/100|[from] item: Leftovers
|upkeep
|turn|39
|inactive|order 66 has 90 seconds left.
|
|t:|1653362160
|switch|p2a: Slowking|Slowking-Galar, F|55/100 brn
|move|p1a: Tapu Lele|Moonblast|p2a: Slowking
|-resisted|p2a: Slowking
|-damage|p2a: Slowking|39/100 brn
|-unboost|p2a: Slowking|spa|1
|
|-damage|p2a: Slowking|33/100 brn|[from] brn
|upkeep
|turn|40
|inactive|order 66 has 60 seconds left.
|
|t:|1653362200
|switch|p1a: Excadrill|Excadrill, M|98/100
|-damage|p1a: Excadrill|95/100|[from] Stealth Rock
|switch|p2a: Dracozolt|Dracozolt|71/100
|
|-heal|p1a: Excadrill|100/100|[from] item: Leftovers
|upkeep
|turn|41
|
|t:|1653362209
|move|p1a: Excadrill|Earthquake|p2a: Dracozolt
|-supereffective|p2a: Dracozolt
|-damage|p2a: Dracozolt|0 fnt
|faint|p2a: Dracozolt
|
|upkeep
|
|t:|1653362212
|switch|p2a: Tapu Fini|Tapu Fini|63/100
|-fieldstart|move: Misty Terrain|[from] ability: Misty Surge|[of] p2a: Tapu Fini
|turn|42
|
|t:|1653362225
|switch|p1a: Tapu Lele|Tapu Lele|48/100
|-damage|p1a: Tapu Lele|35/100|[from] Stealth Rock
|-fieldstart|move: Psychic Terrain|[from] ability: Psychic Surge|[of] p1a: Tapu Lele
|move|p2a: Tapu Fini|Scald|p1a: Tapu Lele
|-damage|p1a: Tapu Lele|5/100
|-status|p1a: Tapu Lele|brn
|
|-heal|p2a: Tapu Fini|69/100|[from] item: Leftovers
|-damage|p1a: Tapu Lele|0 fnt|[from] brn
|faint|p1a: Tapu Lele
|upkeep
|
|t:|1653362229
|switch|p1a: Tornadus|Tornadus-Therian, M|89/100
|turn|43
|
|t:|1653362253
|switch|p2a: Slowking|Slowking-Galar, F|66/100 brn
|move|p1a: Tornadus|Nasty Plot|p1a: Tornadus
|-boost|p1a: Tornadus|spa|2
|
|-damage|p2a: Slowking|60/100 brn|[from] brn
|upkeep
|turn|44
|
|t:|1653362261
|move|p1a: Tornadus|Hurricane|p2a: Slowking
|-damage|p2a: Slowking|6/100 brn
|-start|p2a: Slowking|confusion
|-activate|p2a: Slowking|confusion
|move|p2a: Slowking|Future Sight|p1a: Tornadus
|-start|p2a: Slowking|move: Future Sight
|
|-damage|p2a: Slowking|0 fnt|[from] brn
|faint|p2a: Slowking
|upkeep
|
|t:|1653362269
|switch|p2a: Mandibuzz|Mandibuzz, F|31/100
|turn|45
|
|t:|1653362285
|move|p1a: Tornadus|Hurricane|p2a: Mandibuzz
|-damage|p2a: Mandibuzz|0 fnt
|faint|p2a: Mandibuzz
|
|upkeep
|
|t:|1653362287
|switch|p2a: Tapu Fini|Tapu Fini|69/100
|-fieldstart|move: Misty Terrain|[from] ability: Misty Surge|[of] p2a: Tapu Fini
|turn|46
|
|t:|1653362293
|move|p1a: Tornadus|Hurricane|p2a: Tapu Fini
|-damage|p2a: Tapu Fini|5/100
|move|p2a: Tapu Fini|Scald|p1a: Tornadus
|-damage|p1a: Tornadus|64/100
|-status|p1a: Tornadus|brn
|
|-end|p1a: Tornadus|move: Future Sight
|-damage|p1a: Tornadus|18/100 brn
|-heal|p2a: Tapu Fini|12/100|[from] item: Leftovers
|-damage|p1a: Tornadus|12/100 brn|[from] brn
|upkeep
|turn|47
|
|t:|1653362301
|move|p1a: Tornadus|Taunt|p2a: Tapu Fini
|-start|p2a: Tapu Fini|move: Taunt
|move|p2a: Tapu Fini|Draining Kiss|p1a: Tornadus
|-damage|p1a: Tornadus|0 fnt
|-heal|p2a: Tapu Fini|21/100|[from] drain|[of] p1a: Tornadus
|faint|p1a: Tornadus
|
|-heal|p2a: Tapu Fini|27/100|[from] item: Leftovers
|upkeep
|
|t:|1653362303
|switch|p1a: Excadrill|Excadrill, M|100/100
|-damage|p1a: Excadrill|97/100|[from] Stealth Rock
|turn|48
|
|t:|1653362305
|move|p1a: Excadrill|Earthquake|p2a: Tapu Fini
|-damage|p2a: Tapu Fini|0 fnt
|faint|p2a: Tapu Fini
|
|win|d18l
|raw|d18l's rating: 1687 &rarr; <strong>1702</strong><br />(+15 for winning)
|raw|order 66's rating: 1606 &rarr; <strong>1591</strong><br />(-15 for losing)
|c|☆order 66|gg
|c|☆d18l|gg
