|j|☆fmnfb
|j|☆SetsuStsna
|inactive|Battle timer is ON: inactive players will automatically lose when time's up.
|t:|1662600959
|gametype|singles
|player|p1|fmnfb|fisherman-gen4|
|player|p2|SetsuStsna|mina-lgpe|
|teamsize|p1|6
|teamsize|p2|6
|gen|8
|tier|[Gen 8] OU
|rated|Tournament battle
|rule|Sleep Clause Mod: Limit one foe put to sleep
|rule|Species Clause: Limit one of each Pokémon
|rule|Evasion Items Clause: Evasion items are banned
|rule|Evasion Moves Clause: Evasion moves are banned
|rule|Endless Battle Clause: Forcing endless battles is banned
|rule|HP Percentage Mod: HP is shown in percentages
|rule|Dynamax Clause: You cannot dynamax
|clearpoke
|poke|p1|Tornadus-Therian, M|
|poke|p1|Heatran, M|
|poke|p1|Magnezone|
|poke|p1|Dragonite, M|
|poke|p1|Nidoking, M|
|poke|p1|Machamp, M|
|poke|p2|Volcanion|
|poke|p2|Magnezone|
|poke|p2|Lycanroc-Dusk, M|
|poke|p2|Garchomp, M|
|poke|p2|Archeops, M|
|poke|p2|Heracross, M|
|teampreview
|j|%htcl (>◡<)
|c|☆SetsuStsna|hf
|c|☆fmnfb|u2
|
|t:|1662600974
|start
|switch|p1a: Tornadus|Tornadus-Therian, M|100/100
|switch|p2a: Archeops|Archeops, M|100/100
|turn|1
|j| xX-shu1tup__xx
|
|t:|1662600987
|move|p1a: Tornadus|Focus Blast|p2a: Archeops
|-damage|p2a: Archeops|24/100
|-damage|p1a: Tornadus|91/100|[from] item: Life Orb
|move|p2a: Archeops|Head Smash|p1a: Tornadus
|-supereffective|p1a: Tornadus
|-damage|p1a: Tornadus|0 fnt
|faint|p1a: Tornadus
|-damage|p2a: Archeops|0 fnt|[from] Recoil
|faint|p2a: Archeops
|
|upkeep
|
|t:|1662601000
|switch|p1a: Dragonite|Dragonite, M|100/100
|switch|p2a: Garchomp|Garchomp, M|100/100
|turn|2
|
|t:|1662601016
|switch|p1a: Magnezone|Magnezone|100/100
|move|p2a: Garchomp|Dragon Rush|p1a: Magnezone|[miss]
|-miss|p2a: Garchomp|p1a: Magnezone
|
|upkeep
|turn|3
|
|t:|1662601025
|move|p2a: Garchomp|Fire Blast|p1a: Magnezone
|-supereffective|p1a: Magnezone
|-damage|p1a: Magnezone|55/100
|move|p1a: Magnezone|Supersonic|p2a: Garchomp|[miss]
|-miss|p1a: Magnezone|p2a: Garchomp
|
|upkeep
|turn|4
|
|t:|1662601032
|switch|p1a: Heatran|Heatran, M|100/100
|move|p2a: Garchomp|Fire Blast|p1a: Heatran
|-start|p1a: Heatran|ability: Flash Fire
|
|upkeep
|turn|5
|
|t:|1662601039
|switch|p2a: Volcanion|Volcanion|100/100
|move|p1a: Heatran|Will-O-Wisp|p2a: Volcanion
|-immune|p2a: Volcanion
|
|upkeep
|turn|6
|
|t:|1662601047
|-end|p1a: Heatran|ability: Flash Fire|[silent]
|switch|p1a: Dragonite|Dragonite, M|100/100
|move|p2a: Volcanion|Hydro Pump|p1a: Dragonite
|-resisted|p1a: Dragonite
|-damage|p1a: Dragonite|84/100
|
|-heal|p1a: Dragonite|91/100|[from] item: Leftovers
|upkeep
|turn|7
|
|t:|1662601054
|move|p1a: Dragonite|Dynamic Punch|p2a: Volcanion
|-damage|p2a: Volcanion|62/100
|-start|p2a: Volcanion|confusion
|-activate|p2a: Volcanion|confusion
|move|p2a: Volcanion|Fire Spin|p1a: Dragonite|[miss]
|-miss|p2a: Volcanion|p1a: Dragonite
|
|-heal|p1a: Dragonite|97/100|[from] item: Leftovers
|upkeep
|turn|8
|
|t:|1662601061
|move|p1a: Dragonite|Zap Cannon|p2a: Volcanion|[miss]
|-miss|p1a: Dragonite|p2a: Volcanion
|-end|p2a: Volcanion|confusion
|move|p2a: Volcanion|Fire Spin|p1a: Dragonite|[miss]
|-miss|p2a: Volcanion|p1a: Dragonite
|
|-heal|p1a: Dragonite|100/100|[from] item: Leftovers
|upkeep
|turn|9
|
|t:|1662601068
|move|p1a: Dragonite|Zap Cannon|p2a: Volcanion
|-supereffective|p2a: Volcanion
|-damage|p2a: Volcanion|0 fnt
|faint|p2a: Volcanion
|
|upkeep
|
|t:|1662601073
|switch|p2a: Magnezone|Magnezone, shiny|100/100
|turn|10
|
|t:|1662601078
|move|p1a: Dragonite|Dynamic Punch|p2a: Magnezone|[miss]
|-miss|p1a: Dragonite|p2a: Magnezone
|move|p2a: Magnezone|Thunder|p1a: Dragonite
|-damage|p1a: Dragonite|70/100
|-status|p1a: Dragonite|par
|
|-heal|p1a: Dragonite|76/100 par|[from] item: Leftovers
|upkeep
|turn|11
|
|t:|1662601087
|switch|p1a: Nidoking|Nidoking, M|100/100
|move|p2a: Magnezone|Supersonic|p1a: Nidoking
|-start|p1a: Nidoking|confusion
|
|upkeep
|turn|12
|
|t:|1662601094
|switch|p2a: Lycanroc|Lycanroc-Dusk, M|100/100
|-activate|p1a: Nidoking|confusion
|move|p1a: Nidoking|Fire Blast|p2a: Lycanroc
|-resisted|p2a: Lycanroc
|-damage|p2a: Lycanroc|63/100
|
|upkeep
|turn|13
|
|t:|1662601102
|switch|p1a: Machamp|Machamp, M|100/100
|move|p2a: Lycanroc|Iron Tail|p1a: Machamp
|-damage|p1a: Machamp|35/100
|
|upkeep
|turn|14
|
|t:|1662601113
|move|p2a: Lycanroc|Iron Tail|p1a: Machamp
|-damage|p1a: Machamp|0 fnt
|faint|p1a: Machamp
|
|upkeep
|
|t:|1662601121
|switch|p1a: Magnezone|Magnezone|55/100
|turn|15
|
|t:|1662601127
|switch|p2a: Magnezone|Magnezone, shiny|100/100
|switch|p1a: Dragonite|Dragonite, M|76/100 par
|
|-heal|p1a: Dragonite|82/100 par|[from] item: Leftovers
|upkeep
|turn|16
|
|t:|1662601133
|move|p2a: Magnezone|Swagger|p1a: Dragonite
|-boost|p1a: Dragonite|atk|2
|-start|p1a: Dragonite|confusion
|-activate|p1a: Dragonite|confusion
|move|p1a: Dragonite|Dynamic Punch|p2a: Magnezone|[miss]
|-miss|p1a: Dragonite|p2a: Magnezone
|
|-heal|p1a: Dragonite|88/100 par|[from] item: Leftovers
|upkeep
|turn|17
|
|t:|1662601141
|switch|p1a: Heatran|Heatran, M|100/100
|move|p2a: Magnezone|Zap Cannon|p1a: Heatran
|-damage|p1a: Heatran|30/100
|-status|p1a: Heatran|par
|
|-heal|p1a: Heatran|36/100 par|[from] item: Leftovers
|upkeep
|turn|18
|
|t:|1662601150
|move|p2a: Magnezone|Thunder|p1a: Heatran
|-damage|p1a: Heatran|0 fnt
|faint|p1a: Heatran
|
|upkeep
|
|t:|1662601154
|switch|p1a: Nidoking|Nidoking, M|100/100
|turn|19
|
|t:|1662601160
|move|p1a: Nidoking|Dynamic Punch|p2a: Magnezone|[miss]
|-miss|p1a: Nidoking|p2a: Magnezone
|move|p2a: Magnezone|Supersonic|p1a: Nidoking
|-start|p1a: Nidoking|confusion
|
|upkeep
|turn|20
|
|t:|1662601166
|switch|p1a: Dragonite|Dragonite, M|88/100 par
|move|p2a: Magnezone|Supersonic|p1a: Dragonite|[miss]
|-miss|p2a: Magnezone|p1a: Dragonite
|
|-heal|p1a: Dragonite|95/100 par|[from] item: Leftovers
|upkeep
|turn|21
|
|t:|1662601171
|move|p2a: Magnezone|Supersonic|p1a: Dragonite
|-start|p1a: Dragonite|confusion
|-activate|p1a: Dragonite|confusion
|cant|p1a: Dragonite|par
|
|-heal|p1a: Dragonite|100/100 par|[from] item: Leftovers
|upkeep
|turn|22
|j| iniub
|
|t:|1662601176
|move|p2a: Magnezone|Swagger|p1a: Dragonite
|-boost|p1a: Dragonite|atk|2
|-activate|p1a: Dragonite|confusion
|move|p1a: Dragonite|Dynamic Punch|p2a: Magnezone|[miss]
|-miss|p1a: Dragonite|p2a: Magnezone
|
|upkeep
|turn|23
|
|t:|1662601178
|switch|p1a: Nidoking|Nidoking, M|100/100
|move|p2a: Magnezone|Thunder|p1a: Nidoking
|-immune|p1a: Nidoking
|
|upkeep
|turn|24
|
|t:|1662601185
|move|p1a: Nidoking|Fire Blast|p2a: Magnezone
|-supereffective|p2a: Magnezone
|-ability|p2a: Magnezone|Sturdy
|-damage|p2a: Magnezone|1/100
|move|p2a: Magnezone|Supersonic|p1a: Nidoking|[miss]
|-miss|p2a: Magnezone|p1a: Nidoking
|
|upkeep
|turn|25
|-enditem|p2a: Magnezone|Custap Berry|[eat]
|-activate|p2a: Magnezone|item: Custap Berry|[consumed]
|
|t:|1662601192
|move|p2a: Magnezone|Swagger|p1a: Nidoking|[miss]
|-miss|p2a: Magnezone|p1a: Nidoking
|move|p1a: Nidoking|Blizzard|p2a: Magnezone
|-resisted|p2a: Magnezone
|-damage|p2a: Magnezone|0 fnt
|faint|p2a: Magnezone
|
|upkeep
|
|t:|1662601200
|switch|p2a: Garchomp|Garchomp, M|100/100
|turn|26
|
|t:|1662601205
|move|p2a: Garchomp|Dragon Rush|p1a: Nidoking
|-damage|p1a: Nidoking|33/100
|move|p1a: Nidoking|Blizzard|p2a: Garchomp|[miss]
|-miss|p1a: Nidoking|p2a: Garchomp
|
|upkeep
|turn|27
|c|☆fmnfb|nidoking I believe in you
|
|t:|1662601219
|move|p2a: Garchomp|Dragon Rush|p1a: Nidoking
|-damage|p1a: Nidoking|0 fnt
|faint|p1a: Nidoking
|
|upkeep
|
|t:|1662601227
|switch|p1a: Dragonite|Dragonite, M|100/100 par
|turn|28
|
|t:|1662601231
|move|p2a: Garchomp|Dragon Rush|p1a: Dragonite
|-supereffective|p1a: Dragonite
|-damage|p1a: Dragonite|40/100 par
|cant|p1a: Dragonite|flinch
|
|-heal|p1a: Dragonite|46/100 par|[from] item: Leftovers
|upkeep
|turn|29
|
|t:|1662601236
|move|p2a: Garchomp|Dragon Rush|p1a: Dragonite|[miss]
|-miss|p2a: Garchomp|p1a: Dragonite
|move|p1a: Dragonite|Dragon Rush|p2a: Garchomp
|-supereffective|p2a: Garchomp
|-damage|p2a: Garchomp|0 fnt
|-damage|p1a: Dragonite|34/100 par|[from] ability: Rough Skin|[of] p2a: Garchomp
|faint|p2a: Garchomp
|
|-heal|p1a: Dragonite|40/100 par|[from] item: Leftovers
|upkeep
|
|t:|1662601241
|switch|p2a: Lycanroc|Lycanroc-Dusk, M|63/100
|turn|30
|
|t:|1662601245
|move|p2a: Lycanroc|Stone Edge|p1a: Dragonite
|-supereffective|p1a: Dragonite
|-damage|p1a: Dragonite|0 fnt
|faint|p1a: Dragonite
|
|upkeep
|
|t:|1662601248
|switch|p1a: Magnezone|Magnezone|55/100
|turn|31
|
|t:|1662601253
|move|p2a: Lycanroc|Stone Edge|p1a: Magnezone
|-resisted|p1a: Magnezone
|-damage|p1a: Magnezone|16/100
|move|p1a: Magnezone|Thunder|p2a: Lycanroc
|-damage|p2a: Lycanroc|0 fnt
|faint|p2a: Lycanroc
|
|upkeep
|
|t:|1662601256
|switch|p2a: Heracross|Heracross, M, shiny|100/100
|turn|32
|
|t:|1662601259
|move|p2a: Heracross|Megahorn|p1a: Magnezone
|-resisted|p1a: Magnezone
|-damage|p1a: Magnezone|0 fnt
|faint|p1a: Magnezone
|
|win|SetsuStsna
|n|☆fmnfb|fmnfb
|n|☆SetsuStsna|setsustsna
|n| htcl (>◡<)|htcl
|n| xX-shu1tup__xx|xxshu1tupxx
|n| iniub|iniub
|c|☆SetsuStsna|gg
|c|☆fmnfb|gg!
|l|☆SetsuStsna
|l| iniub
|l| htcl (>◡<)
