|j|☆ultimategoogolplex
|j|☆Down$pook
|t:|1667164497
|gametype|singles
|player|p1|ultimategoogolplex|2|1679
|player|p2|Down$pook|teamrocket|1744
|teamsize|p1|6
|teamsize|p2|6
|gen|8
|tier|[Gen 8] OU
|rated|
|rule|Sleep Clause Mod: Limit one foe put to sleep
|rule|Species Clause: Limit one of each Pokémon
|rule|OHKO Clause: OHKO moves are banned
|rule|Evasion Items Clause: Evasion items are banned
|rule|Evasion Moves Clause: Evasion moves are banned
|rule|Endless Battle Clause: Forcing endless battles is banned
|rule|HP Percentage Mod: HP is shown in percentages
|rule|Dynamax Clause: You cannot dynamax
|clearpoke
|poke|p1|Weavile, M|
|poke|p1|Volcanion|
|poke|p1|Zapdos|
|poke|p1|Landorus-Therian, M|
|poke|p1|Kartana|
|poke|p1|Melmetal|
|poke|p2|Pincurchin, F|
|poke|p2|Slowbro, M|
|poke|p2|Landorus-Therian, M|
|poke|p2|Tyranitar, M|
|poke|p2|Amoonguss, F|
|poke|p2|Clefable, M|
|teampreview
|inactive|Battle timer is ON: inactive players will automatically lose when time's up. (requested by ultimategoogolplex)
|c|☆Down$pook|hf
|
|t:|1667164520
|start
|switch|p1a: Landorus|Landorus-Therian, M|100/100
|switch|p2a: Pink Menace|Clefable, M|100/100
|-ability|p1a: Landorus|Intimidate|boost
|-unboost|p2a: Pink Menace|atk|1
|turn|1
|
|t:|1667164528
|move|p1a: Landorus|U-turn|p2a: Pink Menace
|-resisted|p2a: Pink Menace
|-damage|p2a: Pink Menace|91/100
|
|t:|1667164532
|switch|p1a: Melmetal|Melmetal|100/100|[from]move: U-turn
|move|p2a: Pink Menace|Trick|p1a: Melmetal
|-activate|p2a: Pink Menace|move: Trick|[of] p1a: Melmetal
|-item|p1a: Melmetal|Sticky Barb|[from] move: Trick
|-item|p2a: Pink Menace|Assault Vest|[from] move: Trick
|
|-damage|p1a: Melmetal|88/100|[from] item: Sticky Barb
|upkeep
|turn|2
|
|t:|1667164557
|switch|p2a: AMOGUS|Amoonguss, F, shiny|100/100
|switch|p1a: Weavile|Weavile, M|100/100
|-ability|p1a: Weavile|Pressure
|
|upkeep
|turn|3
|
|t:|1667164565
|switch|p2a: ur slow|Slowbro, M|100/100
|move|p1a: Weavile|Beat Up|p2a: ur slow
|-supereffective|p2a: ur slow
|-crit|p2a: ur slow
|-enditem|p2a: ur slow|Colbur Berry|[eat]
|-enditem|p2a: ur slow|Colbur Berry|[weaken]
|-damage|p2a: ur slow|88/100
|-supereffective|p2a: ur slow
|-damage|p2a: ur slow|72/100
|-supereffective|p2a: ur slow
|-damage|p2a: ur slow|58/100
|-supereffective|p2a: ur slow
|-damage|p2a: ur slow|39/100
|-supereffective|p2a: ur slow
|-damage|p2a: ur slow|14/100
|-supereffective|p2a: ur slow
|-damage|p2a: ur slow|0 fnt
|faint|p2a: ur slow
|-hitcount|p2: ur slow|6
|
|upkeep
|
|t:|1667164570
|switch|p2a: Coarse & Rough|Tyranitar, M|100/100
|-weather|Sandstorm|[from] ability: Sand Stream|[of] p2a: Coarse & Rough
|turn|4
|
|t:|1667164585
|switch|p1a: Melmetal|Melmetal|88/100
|move|p2a: Coarse & Rough|Ice Punch|p1a: Melmetal
|-resisted|p1a: Melmetal
|-damage|p1a: Melmetal|76/100
|
|-weather|Sandstorm|[upkeep]
|-damage|p1a: Melmetal|64/100|[from] item: Sticky Barb
|upkeep
|turn|5
|
|t:|1667164592
|switch|p2a: AMOGUS|Amoonguss, F, shiny|100/100
|move|p1a: Melmetal|Ice Punch|p2a: AMOGUS
|-supereffective|p2a: AMOGUS
|-damage|p2a: AMOGUS|50/100
|-damage|p1a: Melmetal|47/100|[from] item: Rocky Helmet|[of] p2a: AMOGUS
|
|-weather|Sandstorm|[upkeep]
|-damage|p2a: AMOGUS|43/100|[from] Sandstorm
|-damage|p1a: Melmetal|35/100|[from] item: Sticky Barb
|upkeep
|turn|6
|
|t:|1667164602
|switch|p2a: Pink Menace|Clefable, M|91/100
|move|p1a: Melmetal|Double Iron Bash|p2a: Pink Menace
|-supereffective|p2a: Pink Menace
|-damage|p2a: Pink Menace|18/100
|-supereffective|p2a: Pink Menace
|-damage|p2a: Pink Menace|0 fnt
|faint|p2a: Pink Menace
|-hitcount|p2: Pink Menace|2
|
|-weather|Sandstorm|[upkeep]
|-damage|p1a: Melmetal|22/100|[from] item: Sticky Barb
|upkeep
|
|t:|1667164608
|switch|p2a: Coarse & Rough|Tyranitar, M|100/100
|turn|7
|
|t:|1667164616
|switch|p1a: Landorus|Landorus-Therian, M|100/100
|-ability|p1a: Landorus|Intimidate|boost
|-unboost|p2a: Coarse & Rough|atk|1
|move|p2a: Coarse & Rough|Crunch|p1a: Landorus
|-damage|p1a: Landorus|64/100
|
|-weather|Sandstorm|[upkeep]
|-heal|p1a: Landorus|70/100|[from] item: Leftovers
|upkeep
|turn|8
|c|☆Down$pook|man im just 6-0d by beat up weav
|-message|Down$pook forfeited.
|
|win|ultimategoogolplex
|raw|ultimategoogolplex's rating: 1679 &rarr; <strong>1703</strong><br />(+24 for winning)
|raw|Down$pook's rating: 1744 &rarr; <strong>1720</strong><br />(-24 for losing)
|l|☆Down$pook
