|j|☆Makuryu
|j|☆Yaga31
|t:|1658253038
|gametype|singles
|player|p1|Makuryu|koga|1620
|player|p2|Yaga31|170|1600
|teamsize|p1|6
|teamsize|p2|6
|gen|8
|tier|[Gen 8] OU
|rated|
|rule|Sleep Clause Mod: Limit one foe put to sleep
|rule|Species Clause: Limit one of each Pokémon
|rule|OHKO Clause: OHKO moves are banned
|rule|Evasion Moves Clause: Evasion moves are banned
|rule|Endless Battle Clause: Forcing endless battles is banned
|rule|HP Percentage Mod: HP is shown in percentages
|rule|Dynamax Clause: You cannot dynamax
|clearpoke
|poke|p1|Landorus-Therian, M|
|poke|p1|Tapu Lele|
|poke|p1|Magnezone|
|poke|p1|Kartana|
|poke|p1|Dragonite, F|
|poke|p1|Weavile, F|
|poke|p2|Pelipper, F|
|poke|p2|Barraskewda, M|
|poke|p2|Regieleki|
|poke|p2|Tapu Lele|
|poke|p2|Landorus-Therian, M|
|poke|p2|Ferrothorn, M|
|teampreview
|inactive|Battle timer is ON: inactive players will automatically lose when time's up. (requested by Makuryu)
|
|t:|1658253049
|start
|switch|p1a: Tapu Lele|Tapu Lele|100/100
|switch|p2a: Tapu Lele|Tapu Lele|100/100
|-fieldstart|move: Psychic Terrain|[from] ability: Psychic Surge|[of] p2a: Tapu Lele
|turn|1
|
|t:|1658253056
|move|p2a: Tapu Lele|Moonblast|p1a: Tapu Lele
|-damage|p1a: Tapu Lele|39/100
|move|p1a: Tapu Lele|Moonblast|p2a: Tapu Lele
|-damage|p2a: Tapu Lele|9/100
|
|upkeep
|turn|2
|
|t:|1658253063
|switch|p1a: Magnezone|Magnezone|100/100
|move|p2a: Tapu Lele|Moonblast|p1a: Magnezone
|-resisted|p1a: Magnezone
|-damage|p1a: Magnezone|64/100
|-unboost|p1a: Magnezone|spa|1
|
|upkeep
|turn|3
|
|t:|1658253071
|switch|p2a: Landorus|Landorus-Therian, M|100/100
|-ability|p2a: Landorus|Intimidate|boost
|-unboost|p1a: Magnezone|atk|1
|move|p1a: Magnezone|Thunderbolt|p2a: Landorus
|-immune|p2a: Landorus
|
|upkeep
|turn|4
|
|t:|1658253078
|switch|p1a: Landorus|Landorus-Therian, M|100/100
|-ability|p1a: Landorus|Intimidate|boost
|-unboost|p2a: Landorus|atk|1
|move|p2a: Landorus|Stealth Rock|p1a: Landorus
|-sidestart|p1: Makuryu|move: Stealth Rock
|
|upkeep
|turn|5
|
|t:|1658253084
|move|p2a: Landorus|Toxic|p1a: Landorus
|-status|p1a: Landorus|tox
|move|p1a: Landorus|Stealth Rock|p2a: Landorus
|-sidestart|p2: Yaga31|move: Stealth Rock
|
|-damage|p1a: Landorus|94/100 tox|[from] psn
|-fieldend|move: Psychic Terrain
|upkeep
|turn|6
|
|t:|1658253090
|move|p2a: Landorus|U-turn|p1a: Landorus
|-resisted|p1a: Landorus
|-damage|p1a: Landorus|88/100 tox
|
|t:|1658253095
|switch|p2a: Regieleki|Regieleki|100/100|[from]move: U-turn
|move|p1a: Landorus|U-turn|p2a: Regieleki
|-damage|p2a: Regieleki|58/100
|
|t:|1658253108
|switch|p1a: Kartana|Kartana|100/100|[from]move: U-turn
|-damage|p1a: Kartana|94/100|[from] Stealth Rock
|
|upkeep
|turn|7
|
|t:|1658253113
|move|p2a: Regieleki|Volt Switch|p1a: Kartana
|-resisted|p1a: Kartana
|-crit|p1a: Kartana
|-damage|p1a: Kartana|0 fnt
|faint|p1a: Kartana
|
|t:|1658253121
|switch|p2a: Barraskewda|Barraskewda, M|100/100|[from]move: Volt Switch
|-damage|p2a: Barraskewda|88/100|[from] Stealth Rock
|
|upkeep
|
|t:|1658253128
|switch|p1a: Weavile|Weavile, F|100/100
|-ability|p1a: Weavile|Pressure
|turn|8
|
|t:|1658253132
|switch|p1a: Magnezone|Magnezone|64/100
|-damage|p1a: Magnezone|58/100|[from] Stealth Rock
|switch|p2a: Ferrothorn|Ferrothorn, M|100/100
|-damage|p2a: Ferrothorn|95/100|[from] Stealth Rock
|
|-heal|p2a: Ferrothorn|100/100|[from] item: Leftovers
|upkeep
|turn|9
|
|t:|1658253141
|move|p1a: Magnezone|Iron Defense|p1a: Magnezone
|-boost|p1a: Magnezone|def|2
|move|p2a: Ferrothorn|Leech Seed|p1a: Magnezone
|-start|p1a: Magnezone|move: Leech Seed
|
|-damage|p1a: Magnezone|45/100|[from] Leech Seed|[of] p2a: Ferrothorn
|upkeep
|turn|10
|
|t:|1658253147
|move|p1a: Magnezone|Iron Defense|p1a: Magnezone
|-boost|p1a: Magnezone|def|2
|move|p2a: Ferrothorn|Spikes|p1a: Magnezone
|-sidestart|p1: Makuryu|Spikes
|
|-damage|p1a: Magnezone|33/100|[from] Leech Seed|[of] p2a: Ferrothorn
|upkeep
|turn|11
|
|t:|1658253153
|move|p1a: Magnezone|Body Press|p2a: Ferrothorn
|-supereffective|p2a: Ferrothorn
|-damage|p2a: Ferrothorn|0 fnt
|-damage|p1a: Magnezone|20/100|[from] ability: Iron Barbs|[of] p2a: Ferrothorn
|faint|p2a: Ferrothorn
|
|upkeep
|
|t:|1658253157
|switch|p2a: Landorus|Landorus-Therian, M|100/100
|-damage|p2a: Landorus|88/100|[from] Stealth Rock
|-ability|p2a: Landorus|Intimidate|boost
|-unboost|p1a: Magnezone|atk|1
|turn|12
|
|t:|1658253162
|move|p1a: Magnezone|Body Press|p2a: Landorus
|-resisted|p2a: Landorus
|-damage|p2a: Landorus|53/100
|move|p2a: Landorus|Earthquake|p1a: Magnezone
|-supereffective|p1a: Magnezone
|-damage|p1a: Magnezone|0 fnt
|faint|p1a: Magnezone
|
|-heal|p2a: Landorus|59/100|[from] item: Leftovers
|upkeep
|
|t:|1658253171
|switch|p1a: Tapu Lele|Tapu Lele|39/100
|-damage|p1a: Tapu Lele|26/100|[from] Stealth Rock
|-damage|p1a: Tapu Lele|14/100|[from] Spikes
|-fieldstart|move: Psychic Terrain|[from] ability: Psychic Surge|[of] p1a: Tapu Lele
|turn|13
|
|t:|1658253177
|move|p1a: Tapu Lele|Moonblast|p2a: Landorus
|-damage|p2a: Landorus|0 fnt
|faint|p2a: Landorus
|
|upkeep
|
|t:|1658253180
|switch|p2a: Barraskewda|Barraskewda, M|88/100
|-damage|p2a: Barraskewda|76/100|[from] Stealth Rock
|turn|14
|
|t:|1658253191
|move|p2a: Barraskewda|Flip Turn|p1a: Tapu Lele
|-damage|p1a: Tapu Lele|0 fnt
|faint|p1a: Tapu Lele
|
|t:|1658253195
|switch|p2a: Regieleki|Regieleki|58/100|[from]move: Flip Turn
|
|upkeep
|
|t:|1658253199
|switch|p1a: Landorus|Landorus-Therian, M|88/100 tox
|-damage|p1a: Landorus|76/100 tox|[from] Stealth Rock
|-ability|p1a: Landorus|Intimidate|boost
|-unboost|p2a: Regieleki|atk|1
|turn|15
|
|t:|1658253204
|move|p2a: Regieleki|Rapid Spin|p1a: Landorus
|-damage|p1a: Landorus|69/100 tox
|-boost|p2a: Regieleki|spe|1
|-sideend|p2: Yaga31|Stealth Rock|[from] move: Rapid Spin|[of] p2a: Regieleki
|move|p1a: Landorus|U-turn|p2a: Regieleki
|-damage|p2a: Regieleki|15/100
|
|t:|1658253210
|switch|p1a: Weavile|Weavile, F|100/100|[from]move: U-turn
|-ability|p1a: Weavile|Pressure
|
|upkeep
|turn|16
|
|t:|1658253219
|move|p2a: Regieleki|Volt Switch|p1a: Weavile
|-damage|p1a: Weavile|34/100
|
|t:|1658253223
|switch|p2a: Pelipper|Pelipper, F|100/100|[from]move: Volt Switch
|-weather|RainDance|[from] ability: Drizzle|[of] p2a: Pelipper
|move|p1a: Weavile|Knock Off|p2a: Pelipper
|-damage|p2a: Pelipper|40/100
|-enditem|p2a: Pelipper|Choice Specs|[from] move: Knock Off|[of] p1a: Weavile
|
|-weather|RainDance|[upkeep]
|upkeep
|turn|17
|
|t:|1658253239
|move|p1a: Weavile|Triple Axel|p2a: Pelipper
|-damage|p2a: Pelipper|26/100
|-damage|p2a: Pelipper|0 fnt
|faint|p2a: Pelipper
|-hitcount|p2: Pelipper|2
|
|-weather|RainDance|[upkeep]
|-fieldend|move: Psychic Terrain
|upkeep
|
|t:|1658253242
|switch|p2a: Tapu Lele|Tapu Lele|9/100
|-fieldstart|move: Psychic Terrain|[from] ability: Psychic Surge|[of] p2a: Tapu Lele
|turn|18
|
|t:|1658253249
|move|p2a: Tapu Lele|Moonblast|p1a: Weavile
|-supereffective|p1a: Weavile
|-damage|p1a: Weavile|0 fnt
|faint|p1a: Weavile
|
|-weather|RainDance|[upkeep]
|upkeep
|
|t:|1658253259
|switch|p1a: Landorus|Landorus-Therian, M|69/100 tox
|-damage|p1a: Landorus|56/100 tox|[from] Stealth Rock
|-ability|p1a: Landorus|Intimidate|boost
|-unboost|p2a: Tapu Lele|atk|1
|turn|19
|
|t:|1658253264
|switch|p2a: Regieleki|Regieleki|15/100
|move|p1a: Landorus|U-turn|p2a: Regieleki
|-damage|p2a: Regieleki|0 fnt
|faint|p2a: Regieleki
|
|t:|1658253271
|switch|p1a: Dragonite|Dragonite, F|100/100|[from]move: U-turn
|
|-weather|RainDance|[upkeep]
|upkeep
|
|t:|1658253273
|switch|p2a: Tapu Lele|Tapu Lele|9/100
|turn|20
|
|t:|1658253280
|move|p2a: Tapu Lele|Moonblast|p1a: Dragonite
|-supereffective|p1a: Dragonite
|-damage|p1a: Dragonite|41/100
|move|p1a: Dragonite|Earthquake|p2a: Tapu Lele
|-damage|p2a: Tapu Lele|0 fnt
|faint|p2a: Tapu Lele
|
|-weather|none
|upkeep
|
|t:|1658253287
|switch|p2a: Barraskewda|Barraskewda, M|76/100
|turn|21
|
|t:|1658253306
|switch|p1a: Landorus|Landorus-Therian, M|56/100 tox
|-damage|p1a: Landorus|44/100 tox|[from] Stealth Rock
|-ability|p1a: Landorus|Intimidate|boost
|-unboost|p2a: Barraskewda|atk|1
|move|p2a: Barraskewda|Liquidation|p1a: Landorus
|-supereffective|p1a: Landorus
|-damage|p1a: Landorus|0 fnt
|faint|p1a: Landorus
|
|upkeep
|
|t:|1658253314
|switch|p1a: Dragonite|Dragonite, F|41/100
|turn|22
|
|t:|1658253322
|move|p2a: Barraskewda|Liquidation|p1a: Dragonite
|-resisted|p1a: Dragonite
|-crit|p1a: Dragonite
|-damage|p1a: Dragonite|0 fnt
|faint|p1a: Dragonite
|
|win|Yaga31
|raw|Makuryu's rating: 1620 &rarr; <strong>1599</strong><br />(-21 for losing)
|raw|Yaga31's rating: 1600 &rarr; <strong>1621</strong><br />(+21 for winning)
|l|☆Makuryu
||Ladder isn't responding, score probably updated but might not have (Request timeout).
