|raw|<div class="broadcast-blue"><strong>This battle is required to be public due to a player having a name starting with 'lt81yl'.</div>
|j|☆LT81YL bfl
|j|☆BestixL
|t:|1625542002
|gametype|singles
|player|p1|LT81YL bfl|lucas|2053
|player|p2|BestixL|flannery|1933
|teamsize|p1|6
|teamsize|p2|6
|gen|8
|tier|[Gen 8] OU
|rated|
|rule|Sleep Clause Mod: Limit one foe put to sleep
|rule|Species Clause: Limit one of each Pokémon
|rule|OHKO Clause: OHKO moves are banned
|rule|Evasion Moves Clause: Evasion moves are banned
|rule|Endless Battle Clause: Forcing endless battles is banned
|rule|HP Percentage Mod: HP is shown in percentages
|rule|Dynamax Clause: You cannot dynamax
|clearpoke
|poke|p1|Landorus-Therian, M|
|poke|p1|Ferrothorn, M|
|poke|p1|Clefable, M|
|poke|p1|Tornadus-Therian, M|
|poke|p1|Slowbro, F|
|poke|p1|Heatran, F|
|poke|p2|Clefable, F|
|poke|p2|Slowking, M|
|poke|p2|Heatran, M|
|poke|p2|Zeraora|
|poke|p2|Rillaboom, M|
|poke|p2|Corviknight, M|
|teampreview
|c|☆BestixL|ah bueno
|j| LT81YL Storm
|j| Goojoo
|j| LT81YL EMPIR3
|j| Emil Heskey
|j| IPF
|j| hypertrakcar
|j| Amethystdragon808
|j| eebsofresh
|c| LT81YL EMPIR3|bestixl
|c|☆BestixL|lo quieres hacer rapido o divertido
|c| LT81YL EMPIR3|xq
|c| LT81YL EMPIR3|no juegas
|j| livin so zambian
|c| LT81YL EMPIR3|el olt
|c| LT81YL EMPIR3|niño rata
|j| LT81YL ivyz
|c|☆BestixL|porque me divierto mas venciendo tontos como tu
|c| LT81YL EMPIR3|a
|j| LT81YL HY
|c|☆LT81YL bfl|Está ban retrasado
|c| LT81YL EMPIR3|okay
|l| LT81YL HY
|c| LT81YL EMPIR3|ah
|j| TWoody
|c| LT81YL EMPIR3|JAJAJAJAJAJJAJ
|c| LT81YL EMPIR3|q subnormal
|c| LT81YL EMPIR3|por ghostear no?
|
|t:|1625542065
|start
|switch|p1a: Ferrothorn|Ferrothorn, M|100/100
|switch|p2a: Itsuki|Clefable, F|100/100
|turn|1
|c| LT81YL EMPIR3|que novedad
|
|t:|1625542072
|move|p2a: Itsuki|Knock Off|p1a: Ferrothorn
|-damage|p1a: Ferrothorn|90/100
|-activate|p1a: Ferrothorn|ability: Iron Barbs
|-enditem|p1a: Ferrothorn|Leftovers|[from] move: Knock Off|[of] p2a: Itsuki
|move|p1a: Ferrothorn|Knock Off|p2a: Itsuki
|-resisted|p2a: Itsuki
|-damage|p2a: Itsuki|93/100
|-enditem|p2a: Itsuki|Leftovers|[from] move: Knock Off|[of] p1a: Ferrothorn
|
|upkeep
|turn|2
|j| LT81YL Manolo
|
|t:|1625542075
|move|p2a: Itsuki|Stealth Rock|p1a: Ferrothorn
|-sidestart|p1: LT81YL bfl|move: Stealth Rock
|move|p1a: Ferrothorn|Iron Head|p2a: Itsuki
|-supereffective|p2a: Itsuki
|-damage|p2a: Itsuki|49/100
|
|upkeep
|turn|3
|j| aloking
|
|t:|1625542078
|move|p2a: Itsuki|Soft-Boiled|p2a: Itsuki
|-heal|p2a: Itsuki|99/100
|move|p1a: Ferrothorn|Spikes|p2a: Itsuki
|-sidestart|p2: BestixL|Spikes
|
|upkeep
|turn|4
|c| LT81YL Manolo|que haces jugando tadvia raptor
|
|t:|1625542085
|switch|p1a: Slowbro|Slowbro, F|100/100
|-damage|p1a: Slowbro|88/100|[from] Stealth Rock
|move|p2a: Itsuki|Moonblast|p1a: Slowbro
|-damage|p1a: Slowbro|56/100
|
|upkeep
|turn|5
|c|☆BestixL|que haces jugando tu
|c| LT81YL Manolo|todavia*
|j| lt81yl xkh
|c|☆BestixL|aqui es temprano
|
|t:|1625542094
|move|p2a: Itsuki|Knock Off|p1a: Slowbro
|-supereffective|p1a: Slowbro
|-damage|p1a: Slowbro|40/100
|-enditem|p1a: Slowbro|Rocky Helmet|[from] move: Knock Off|[of] p2a: Itsuki
|move|p1a: Slowbro|Future Sight|p2a: Itsuki
|-start|p1a: Slowbro|move: Future Sight
|
|upkeep
|turn|6
|c| LT81YL Manolo|luchando por mis suelos
|c| LT81YL Manolo|sueños
|
|t:|1625542100
|move|p2a: Itsuki|Moonblast|p1a: Slowbro
|-damage|p1a: Slowbro|6/100
|move|p1a: Slowbro|Slack Off|p1a: Slowbro
|-heal|p1a: Slowbro|56/100
|
|upkeep
|turn|7
|j| reymaki
|
|t:|1625542108
|switch|p2a: 2 soon|Corviknight, M|100/100
|-ability|p2a: 2 soon|Pressure
|move|p1a: Slowbro|Slack Off|p1a: Slowbro
|-heal|p1a: Slowbro|100/100
|
|-end|p2a: 2 soon|move: Future Sight
|-resisted|p2a: 2 soon
|-damage|p2a: 2 soon|83/100
|-heal|p2a: 2 soon|89/100|[from] item: Leftovers
|upkeep
|turn|8
|
|t:|1625542115
|move|p2a: 2 soon|U-turn|p1a: Slowbro
|-supereffective|p1a: Slowbro
|-damage|p1a: Slowbro|83/100
|j| Wash Rot0m
|
|t:|1625542117
|switch|p2a: just friends|Slowking, M|100/100|[from]move: U-turn
|move|p1a: Slowbro|Future Sight|p2a: just friends
|-start|p1a: Slowbro|move: Future Sight
|
|upkeep
|turn|9
|
|t:|1625542120
|move|p2a: just friends|Future Sight|p1a: Slowbro
|-start|p2a: just friends|move: Future Sight
|move|p1a: Slowbro|Teleport|p1a: Slowbro
|
|t:|1625542123
|switch|p1a: Clefable|Clefable, M|100/100|[from]move: Teleport
|
|upkeep
|turn|10
|l| LT81YL ivyz
|
|t:|1625542136
|move|p1a: Clefable|Calm Mind|p1a: Clefable
|-boost|p1a: Clefable|spa|1
|-boost|p1a: Clefable|spd|1
|move|p2a: just friends|Scald|p1a: Clefable
|-damage|p1a: Clefable|85/100
|
|-end|p2a: just friends|move: Future Sight
|-resisted|p2a: just friends
|-damage|p2a: just friends|88/100
|upkeep
|turn|11
|
|t:|1625542140
|move|p1a: Clefable|Thunder|p2a: just friends
|-supereffective|p2a: just friends
|-damage|p2a: just friends|25/100
|move|p2a: just friends|Teleport|p2a: just friends
|
|t:|1625542144
|switch|p2a: no space|Rillaboom, M|100/100|[from]move: Teleport
|-damage|p2a: no space|88/100|[from] Spikes
|-fieldstart|move: Grassy Terrain|[from] ability: Grassy Surge|[of] p2a: no space
|
|-end|p1a: Clefable|move: Future Sight
|-damage|p1a: Clefable|63/100
|-heal|p2a: no space|94/100|[from] Grassy Terrain
|-heal|p1a: Clefable|69/100|[from] Grassy Terrain
|upkeep
|turn|12
|
|t:|1625542153
|switch|p1a: Tornadus|Tornadus-Therian, M|100/100
|move|p2a: no space|U-turn|p1a: Tornadus
|-resisted|p1a: Tornadus
|-damage|p1a: Tornadus|82/100
|
|t:|1625542158
|switch|p2a: Yotsuba no chikara|Zeraora|100/100|[from]move: U-turn
|-damage|p2a: Yotsuba no chikara|88/100|[from] Spikes
|
|-heal|p2a: Yotsuba no chikara|94/100|[from] Grassy Terrain
|-heal|p2a: Yotsuba no chikara|99/100|[from] item: Leftovers
|upkeep
|turn|13
|
|t:|1625542168
|switch|p1a: Ferrothorn|Ferrothorn, M|90/100
|-damage|p1a: Ferrothorn|84/100|[from] Stealth Rock
|move|p2a: Yotsuba no chikara|Plasma Fists|p1a: Ferrothorn
|-resisted|p1a: Ferrothorn
|-damage|p1a: Ferrothorn|69/100
|-damage|p2a: Yotsuba no chikara|88/100|[from] ability: Iron Barbs|[of] p1a: Ferrothorn
|
|-heal|p2a: Yotsuba no chikara|94/100|[from] Grassy Terrain
|-heal|p2a: Yotsuba no chikara|99/100|[from] item: Leftovers
|-heal|p1a: Ferrothorn|75/100|[from] Grassy Terrain
|upkeep
|turn|14
|j| July Leaves
|
|t:|1625542177
|switch|p2a: Itsuki|Clefable, F|99/100
|move|p1a: Ferrothorn|Leech Seed|p2a: Itsuki|[miss]
|-miss|p1a: Ferrothorn|p2a: Itsuki
|
|-heal|p2a: Itsuki|100/100|[from] Grassy Terrain
|-heal|p1a: Ferrothorn|81/100|[from] Grassy Terrain
|upkeep
|turn|15
|j| dfokgdpfg
|l| Wash Rot0m
|
|t:|1625542191
|switch|p2a: the reaper|Heatran, M|100/100
|-damage|p2a: the reaper|88/100|[from] Spikes
|switch|p1a: Slowbro|Slowbro, F|100/100
|-damage|p1a: Slowbro|88/100|[from] Stealth Rock
|
|-heal|p2a: the reaper|94/100|[from] Grassy Terrain
|-heal|p2a: the reaper|100/100|[from] item: Leftovers
|-heal|p1a: Slowbro|94/100|[from] Grassy Terrain
|-fieldend|move: Grassy Terrain
|upkeep
|turn|16
|
|t:|1625542197
|move|p2a: the reaper|Magma Storm|p1a: Slowbro
|-resisted|p1a: Slowbro
|-damage|p1a: Slowbro|71/100
|-activate|p1a: Slowbro|move: Magma Storm|[of] p2a: the reaper
|move|p1a: Slowbro|Teleport|p1a: Slowbro
|j| covidvacfuckedme
|
|t:|1625542200
|switch|p1a: Tornadus|Tornadus-Therian, M|100/100|[from]move: Teleport
|
|upkeep
|turn|17
|
|t:|1625542204
|switch|p2a: Itsuki|Clefable, F|100/100
|move|p1a: Tornadus|U-turn|p2a: Itsuki
|-resisted|p2a: Itsuki
|-damage|p2a: Itsuki|95/100
|
|t:|1625542207
|switch|p1a: Heatran|Heatran, F|100/100|[from]move: U-turn
|-damage|p1a: Heatran|88/100|[from] Stealth Rock
|
|-heal|p1a: Heatran|94/100|[from] item: Leftovers
|upkeep
|turn|18
|
|t:|1625542211
|switch|p2a: the reaper|Heatran, M|100/100
|-damage|p2a: the reaper|88/100|[from] Spikes
|move|p1a: Heatran|Magma Storm|p2a: the reaper
|-start|p2a: the reaper|ability: Flash Fire
|
|-heal|p2a: the reaper|94/100|[from] item: Leftovers
|-heal|p1a: Heatran|100/100|[from] item: Leftovers
|upkeep
|turn|19
|
|t:|1625542214
|move|p2a: the reaper|Earth Power|p1a: Heatran
|-supereffective|p1a: Heatran
|-damage|p1a: Heatran|38/100
|-unboost|p1a: Heatran|spd|1
|move|p1a: Heatran|Earth Power|p2a: the reaper
|-supereffective|p2a: the reaper
|-damage|p2a: the reaper|30/100
|
|-heal|p2a: the reaper|36/100|[from] item: Leftovers
|-heal|p1a: Heatran|44/100|[from] item: Leftovers
|upkeep
|turn|20
|c|☆BestixL|tengo el buen spread
|l| Emil Heskey
|c|☆BestixL|amigo
|j| Wash Rot0m
|c|☆BestixL|quieres hacerlo otra evz
|c|☆BestixL|vez
|c|☆BestixL|*
|c|☆LT81YL bfl|No
|
|t:|1625542245
|switch|p1a: Tornadus|Tornadus-Therian, M|100/100
|move|p2a: the reaper|Earth Power|p1a: Tornadus
|-immune|p1a: Tornadus
|
|-heal|p2a: the reaper|42/100|[from] item: Leftovers
|upkeep
|turn|21
|
|t:|1625542252
|move|p2a: the reaper|Protect|p2a: the reaper
|-singleturn|p2a: the reaper|Protect
|move|p1a: Tornadus|Knock Off|p2a: the reaper
|-activate|p2a: the reaper|move: Protect
|
|-heal|p2a: the reaper|49/100|[from] item: Leftovers
|upkeep
|turn|22
|j| ws58
|
|t:|1625542258
|move|p1a: Tornadus|U-turn|p2a: the reaper
|-resisted|p2a: the reaper
|-damage|p2a: the reaper|46/100
|
|t:|1625542260
|switch|p1a: Heatran|Heatran, F|44/100|[from]move: U-turn
|-damage|p1a: Heatran|32/100|[from] Stealth Rock
|move|p2a: the reaper|Magma Storm|p1a: Heatran
|-start|p1a: Heatran|ability: Flash Fire
|
|-heal|p2a: the reaper|52/100|[from] item: Leftovers
|-heal|p1a: Heatran|38/100|[from] item: Leftovers
|upkeep
|turn|23
|
|t:|1625542265
|move|p2a: the reaper|Earth Power|p1a: Heatran
|-supereffective|p1a: Heatran
|-damage|p1a: Heatran|0 fnt
|faint|p1a: Heatran
|
|-heal|p2a: the reaper|58/100|[from] item: Leftovers
|upkeep
|
|t:|1625542266
|switch|p1a: Landorus|Landorus-Therian, M|100/100
|-damage|p1a: Landorus|88/100|[from] Stealth Rock
|-ability|p1a: Landorus|Intimidate|boost
|-unboost|p2a: the reaper|atk|1
|turn|24
|
|t:|1625542272
|move|p2a: the reaper|Protect|p2a: the reaper
|-singleturn|p2a: the reaper|Protect
|move|p1a: Landorus|Earthquake|p2a: the reaper
|-activate|p2a: the reaper|move: Protect
|
|-heal|p2a: the reaper|64/100|[from] item: Leftovers
|-heal|p1a: Landorus|94/100|[from] item: Leftovers
|upkeep
|turn|25
|j| reigen shishou
|
|t:|1625542275
|-end|p2a: the reaper|ability: Flash Fire|[silent]
|switch|p2a: 2 soon|Corviknight, M|89/100
|-ability|p2a: 2 soon|Pressure
|move|p1a: Landorus|Earthquake|p2a: 2 soon
|-immune|p2a: 2 soon
|
|-heal|p1a: Landorus|99/100|[from] item: Leftovers
|-heal|p2a: 2 soon|95/100|[from] item: Leftovers
|upkeep
|turn|26
|
|t:|1625542284
|move|p1a: Landorus|Stealth Rock|p2a: 2 soon
|-sidestart|p2: BestixL|move: Stealth Rock
|move|p2a: 2 soon|Defog|p1a: Landorus
|-unboost|p1a: Landorus|evasion|1
|-sideend|p1: LT81YL bfl|Stealth Rock|[from] move: Defog|[of] p2a: 2 soon
|-sideend|p2: BestixL|Spikes|[from] move: Defog|[of] p2a: 2 soon
|-sideend|p2: BestixL|Stealth Rock|[from] move: Defog|[of] p2a: 2 soon
|
|-heal|p1a: Landorus|100/100|[from] item: Leftovers
|-heal|p2a: 2 soon|100/100|[from] item: Leftovers
|upkeep
|turn|27
|
|t:|1625542287
|move|p1a: Landorus|Stealth Rock|p2a: 2 soon
|-sidestart|p2: BestixL|move: Stealth Rock
|move|p2a: 2 soon|Brave Bird|p1a: Landorus
|-damage|p1a: Landorus|75/100
|-damage|p2a: 2 soon|92/100|[from] Recoil
|
|-heal|p1a: Landorus|81/100|[from] item: Leftovers
|-heal|p2a: 2 soon|98/100|[from] item: Leftovers
|upkeep
|turn|28
|
|t:|1625542289
|move|p1a: Landorus|U-turn|p2a: 2 soon
|-resisted|p2a: 2 soon
|-damage|p2a: 2 soon|95/100
|
|t:|1625542292
|switch|p1a: Clefable|Clefable, M|69/100|[from]move: U-turn
|move|p2a: 2 soon|Defog|p1a: Clefable
|-unboost|p1a: Clefable|evasion|1
|-sideend|p2: BestixL|Stealth Rock|[from] move: Defog|[of] p2a: 2 soon
|
|-heal|p2a: 2 soon|100/100|[from] item: Leftovers
|upkeep
|turn|29
|
|t:|1625542296
|move|p1a: Clefable|Thunder|p2a: 2 soon
|-supereffective|p2a: 2 soon
|-damage|p2a: 2 soon|45/100
|move|p2a: 2 soon|U-turn|p1a: Clefable
|-resisted|p1a: Clefable
|-damage|p1a: Clefable|63/100
|
|t:|1625542303
|switch|p2a: Itsuki|Clefable, F|95/100|[from]move: U-turn
|
|upkeep
|turn|30
|j| lt81yl ez
|
|t:|1625542307
|move|p2a: Itsuki|Stealth Rock|p1a: Clefable
|-sidestart|p1: LT81YL bfl|move: Stealth Rock
|move|p1a: Clefable|Calm Mind|p1a: Clefable
|-boost|p1a: Clefable|spa|1
|-boost|p1a: Clefable|spd|1
|
|upkeep
|turn|31
|
|t:|1625542310
|switch|p2a: no space|Rillaboom, M|94/100
|-fieldstart|move: Grassy Terrain|[from] ability: Grassy Surge|[of] p2a: no space
|move|p1a: Clefable|Moonblast|p2a: no space
|-damage|p2a: no space|16/100
|-unboost|p2a: no space|spa|1
|
|-heal|p2a: no space|22/100|[from] Grassy Terrain
|-heal|p1a: Clefable|69/100|[from] Grassy Terrain
|upkeep
|turn|32
|
|t:|1625542317
|switch|p1a: Ferrothorn|Ferrothorn, M|81/100
|-damage|p1a: Ferrothorn|75/100|[from] Stealth Rock
|move|p2a: no space|Wood Hammer|p1a: Ferrothorn
|-resisted|p1a: Ferrothorn
|-damage|p1a: Ferrothorn|53/100
|-damage|p2a: no space|10/100|[from] ability: Iron Barbs|[of] p1a: Ferrothorn
|-damage|p2a: no space|3/100|[from] Recoil
|
|-heal|p2a: no space|9/100|[from] Grassy Terrain
|-heal|p1a: Ferrothorn|59/100|[from] Grassy Terrain
|upkeep
|turn|33
|l|hypertrakcar
|
|t:|1625542326
|switch|p2a: 2 soon|Corviknight, M|45/100
|-ability|p2a: 2 soon|Pressure
|move|p1a: Ferrothorn|Spikes|p2a: 2 soon
|-sidestart|p2: BestixL|Spikes
|
|-heal|p2a: 2 soon|51/100|[from] item: Leftovers
|-heal|p1a: Ferrothorn|65/100|[from] Grassy Terrain
|upkeep
|turn|34
|
|t:|1625542329
|move|p2a: 2 soon|Defog|p1a: Ferrothorn
|-unboost|p1a: Ferrothorn|evasion|1
|-sideend|p1: LT81YL bfl|Stealth Rock|[from] move: Defog|[of] p2a: 2 soon
|-sideend|p2: BestixL|Spikes|[from] move: Defog|[of] p2a: 2 soon
|-fieldend|move: Grassy Terrain
|move|p1a: Ferrothorn|Knock Off|p2a: 2 soon
|-crit|p2a: 2 soon
|-damage|p2a: 2 soon|30/100
|-enditem|p2a: 2 soon|Leftovers|[from] move: Knock Off|[of] p1a: Ferrothorn
|
|upkeep
|turn|35
|
|t:|1625542333
|move|p2a: 2 soon|Roost|p2a: 2 soon
|-heal|p2a: 2 soon|80/100
|-singleturn|p2a: 2 soon|move: Roost
|move|p1a: Ferrothorn|Leech Seed|p2a: 2 soon
|-start|p2a: 2 soon|move: Leech Seed
|
|-damage|p2a: 2 soon|68/100|[from] Leech Seed|[of] p1a: Ferrothorn
|-heal|p1a: Ferrothorn|79/100|[silent]
|upkeep
|turn|36
|
|t:|1625542338
|move|p2a: 2 soon|Roost|p2a: 2 soon
|-heal|p2a: 2 soon|100/100
|-singleturn|p2a: 2 soon|move: Roost
|move|p1a: Ferrothorn|Spikes|p2a: 2 soon
|-sidestart|p2: BestixL|Spikes
|
|-damage|p2a: 2 soon|88/100|[from] Leech Seed|[of] p1a: Ferrothorn
|-heal|p1a: Ferrothorn|93/100|[silent]
|upkeep
|turn|37
|
|t:|1625542340
|move|p2a: 2 soon|Defog|p1a: Ferrothorn
|-unboost|p1a: Ferrothorn|evasion|1
|-sideend|p2: BestixL|Spikes|[from] move: Defog|[of] p2a: 2 soon
|move|p1a: Ferrothorn|Spikes|p2a: 2 soon
|-sidestart|p2: BestixL|Spikes
|
|-damage|p2a: 2 soon|76/100|[from] Leech Seed|[of] p1a: Ferrothorn
|-heal|p1a: Ferrothorn|100/100|[silent]
|upkeep
|turn|38
|
|t:|1625542344
|move|p2a: 2 soon|Roost|p2a: 2 soon
|-heal|p2a: 2 soon|100/100
|-singleturn|p2a: 2 soon|move: Roost
|move|p1a: Ferrothorn|Spikes|p2a: 2 soon
|-sidestart|p2: BestixL|Spikes
|
|-damage|p2a: 2 soon|88/100|[from] Leech Seed|[of] p1a: Ferrothorn
|upkeep
|turn|39
|
|t:|1625542347
|move|p2a: 2 soon|Defog|p1a: Ferrothorn
|-unboost|p1a: Ferrothorn|evasion|1
|-sideend|p2: BestixL|Spikes|[from] move: Defog|[of] p2a: 2 soon
|move|p1a: Ferrothorn|Spikes|p2a: 2 soon
|-sidestart|p2: BestixL|Spikes
|
|-damage|p2a: 2 soon|76/100|[from] Leech Seed|[of] p1a: Ferrothorn
|upkeep
|turn|40
|
|t:|1625542356
|switch|p2a: just friends|Slowking, M|58/100
|move|p1a: Ferrothorn|Spikes|p2a: just friends
|-sidestart|p2: BestixL|Spikes
|
|upkeep
|turn|41
|j| Nixpedia
|
|t:|1625542362
|switch|p1a: Clefable|Clefable, M|69/100
|switch|p2a: 2 soon|Corviknight, M|76/100
|-ability|p2a: 2 soon|Pressure
|
|upkeep
|turn|42
|
|t:|1625542368
|move|p1a: Clefable|Thunder|p2a: 2 soon
|-supereffective|p2a: 2 soon
|-damage|p2a: 2 soon|12/100
|move|p2a: 2 soon|Defog|p1a: Clefable
|-unboost|p1a: Clefable|evasion|1
|-sideend|p2: BestixL|Spikes|[from] move: Defog|[of] p2a: 2 soon
|
|upkeep
|turn|43
|j| Pvana27
|
|t:|1625542382
|switch|p2a: just friends|Slowking, M|92/100
|move|p1a: Clefable|Calm Mind|p1a: Clefable
|-boost|p1a: Clefable|spa|1
|-boost|p1a: Clefable|spd|1
|
|upkeep
|turn|44
|j| LT81YL Ruby
|
|t:|1625542386
|move|p1a: Clefable|Soft-Boiled|p1a: Clefable
|-heal|p1a: Clefable|100/100
|move|p2a: just friends|Teleport|p2a: just friends
|
|t:|1625542388
|switch|p2a: no space|Rillaboom, M|9/100|[from]move: Teleport
|-fieldstart|move: Grassy Terrain|[from] ability: Grassy Surge|[of] p2a: no space
|
|-heal|p2a: no space|15/100|[from] Grassy Terrain
|upkeep
|turn|45
|j| LT81YL John
|
|t:|1625542400
|switch|p2a: just friends|Slowking, M|100/100
|move|p1a: Clefable|Thunder|p2a: just friends|[miss]
|-miss|p1a: Clefable|p2a: just friends
|
|upkeep
|turn|46
|
|t:|1625542405
|move|p1a: Clefable|Thunder|p2a: just friends
|-supereffective|p2a: just friends
|-damage|p2a: just friends|37/100
|move|p2a: just friends|Teleport|p2a: just friends
|c|☆LT81YL bfl|LMAO
|
|t:|1625542409
|switch|p2a: no space|Rillaboom, M|15/100|[from]move: Teleport
|
|-heal|p2a: no space|22/100|[from] Grassy Terrain
|upkeep
|turn|47
|c|☆LT81YL bfl|que puta madre con esto
|c| Pvana27|sama saka puspa la
|
|t:|1625542444
|switch|p1a: Ferrothorn|Ferrothorn, M|100/100
|move|p2a: no space|Wood Hammer|p1a: Ferrothorn
|-resisted|p1a: Ferrothorn
|-damage|p1a: Ferrothorn|79/100
|-damage|p2a: no space|9/100|[from] ability: Iron Barbs|[of] p1a: Ferrothorn
|-damage|p2a: no space|2/100|[from] Recoil
|
|-heal|p2a: no space|8/100|[from] Grassy Terrain
|-heal|p1a: Ferrothorn|85/100|[from] Grassy Terrain
|upkeep
|turn|48
|
|t:|1625542452
|switch|p2a: Itsuki|Clefable, F|95/100
|move|p1a: Ferrothorn|Spikes|p2a: Itsuki
|-sidestart|p2: BestixL|Spikes
|
|-heal|p2a: Itsuki|100/100|[from] Grassy Terrain
|-heal|p1a: Ferrothorn|91/100|[from] Grassy Terrain
|-fieldend|move: Grassy Terrain
|upkeep
|turn|49
|
|t:|1625542456
|switch|p1a: Clefable|Clefable, M|100/100
|move|p2a: Itsuki|Stealth Rock|p1a: Clefable
|-sidestart|p1: LT81YL bfl|move: Stealth Rock
|
|upkeep
|turn|50
|
|t:|1625542459
|move|p2a: Itsuki|Knock Off|p1a: Clefable
|-resisted|p1a: Clefable
|-damage|p1a: Clefable|94/100
|-enditem|p1a: Clefable|Life Orb|[from] move: Knock Off|[of] p2a: Itsuki
|move|p1a: Clefable|Calm Mind|p1a: Clefable
|-boost|p1a: Clefable|spa|1
|-boost|p1a: Clefable|spd|1
|
|upkeep
|turn|51
|
|t:|1625542462
|move|p2a: Itsuki|Moonblast|p1a: Clefable
|-damage|p1a: Clefable|77/100
|move|p1a: Clefable|Calm Mind|p1a: Clefable
|-boost|p1a: Clefable|spa|1
|-boost|p1a: Clefable|spd|1
|
|upkeep
|turn|52
|
|t:|1625542467
|move|p2a: Itsuki|Moonblast|p1a: Clefable
|-damage|p1a: Clefable|65/100
|move|p1a: Clefable|Soft-Boiled|p1a: Clefable
|-heal|p1a: Clefable|100/100
|
|upkeep
|turn|53
|j| vipersniper96
|
|t:|1625542472
|move|p2a: Itsuki|Moonblast|p1a: Clefable
|-damage|p1a: Clefable|87/100
|-unboost|p1a: Clefable|spa|1
|move|p1a: Clefable|Calm Mind|p1a: Clefable
|-boost|p1a: Clefable|spa|1
|-boost|p1a: Clefable|spd|1
|
|upkeep
|turn|54
|
|t:|1625542475
|move|p2a: Itsuki|Moonblast|p1a: Clefable
|-damage|p1a: Clefable|77/100
|move|p1a: Clefable|Calm Mind|p1a: Clefable
|-boost|p1a: Clefable|spa|1
|-boost|p1a: Clefable|spd|1
|
|upkeep
|turn|55
|
|t:|1625542479
|move|p2a: Itsuki|Moonblast|p1a: Clefable
|-damage|p1a: Clefable|68/100
|-unboost|p1a: Clefable|spa|1
|move|p1a: Clefable|Soft-Boiled|p1a: Clefable
|-heal|p1a: Clefable|100/100
|
|upkeep
|turn|56
|
|t:|1625542482
|move|p2a: Itsuki|Moonblast|p1a: Clefable
|-damage|p1a: Clefable|92/100
|move|p1a: Clefable|Calm Mind|p1a: Clefable
|-boost|p1a: Clefable|spa|1
|-boost|p1a: Clefable|spd|1
|
|upkeep
|turn|57
|j| venom94
|l| vipersniper96
|
|t:|1625542490
|move|p2a: Itsuki|Moonblast|p1a: Clefable
|-damage|p1a: Clefable|85/100
|move|p1a: Clefable|Moonblast|p2a: Itsuki
|-damage|p2a: Itsuki|30/100
|-unboost|p2a: Itsuki|spa|1
|
|upkeep
|turn|58
|
|t:|1625542495
|move|p2a: Itsuki|Moonblast|p1a: Clefable
|-damage|p1a: Clefable|80/100
|move|p1a: Clefable|Soft-Boiled|p1a: Clefable
|-heal|p1a: Clefable|100/100
|
|upkeep
|turn|59
|
|t:|1625542503
|switch|p2a: 2 soon|Corviknight, M|12/100
|-ability|p2a: 2 soon|Pressure
|move|p1a: Clefable|Moonblast|p2a: 2 soon
|-resisted|p2a: 2 soon
|-damage|p2a: 2 soon|0 fnt
|faint|p2a: 2 soon
|
|upkeep
|
|t:|1625542505
|switch|p2a: the reaper|Heatran, M|64/100
|-damage|p2a: the reaper|52/100|[from] Spikes
|turn|60
|
|t:|1625542508
|move|p2a: the reaper|Magma Storm|p1a: Clefable
|-damage|p1a: Clefable|90/100
|-activate|p1a: Clefable|move: Magma Storm|[of] p2a: the reaper
|move|p1a: Clefable|Thunder|p2a: the reaper|[miss]
|-miss|p1a: Clefable|p2a: the reaper
|
|-heal|p2a: the reaper|58/100|[from] item: Leftovers
|upkeep
|turn|61
|
|t:|1625542513
|move|p2a: the reaper|Magma Storm|p1a: Clefable
|-damage|p1a: Clefable|80/100
|move|p1a: Clefable|Thunder|p2a: the reaper
|-damage|p2a: the reaper|17/100
|
|-heal|p2a: the reaper|23/100|[from] item: Leftovers
|upkeep
|turn|62
|
|t:|1625542518
|move|p2a: the reaper|Magma Storm|p1a: Clefable
|-damage|p1a: Clefable|70/100
|move|p1a: Clefable|Thunder|p2a: the reaper|[miss]
|-miss|p1a: Clefable|p2a: the reaper
|
|-heal|p2a: the reaper|29/100|[from] item: Leftovers
|upkeep
|turn|63
|
|t:|1625542524
|move|p2a: the reaper|Magma Storm|p1a: Clefable
|-damage|p1a: Clefable|59/100
|move|p1a: Clefable|Thunder|p2a: the reaper
|-damage|p2a: the reaper|0 fnt
|faint|p2a: the reaper
|
|-end|p1a: Clefable|Magma Storm|[partiallytrapped]|[silent]
|upkeep
|
|t:|1625542527
|switch|p2a: Yotsuba no chikara|Zeraora|99/100
|-damage|p2a: Yotsuba no chikara|88/100|[from] Spikes
|turn|64
|
|t:|1625542529
|move|p2a: Yotsuba no chikara|Plasma Fists|p1a: Clefable
|-damage|p1a: Clefable|19/100
|move|p1a: Clefable|Moonblast|p2a: Yotsuba no chikara
|-damage|p2a: Yotsuba no chikara|0 fnt
|faint|p2a: Yotsuba no chikara
|
|upkeep
|c|☆BestixL|gg
|j| theonetheyfear
|-message|BestixL forfeited.
|
|win|LT81YL bfl
|raw|LT81YL bfl's rating: 2053 &rarr; <strong>2066</strong><br />(+13 for winning)
|raw|BestixL's rating: 1933 &rarr; <strong>1920</strong><br />(-13 for losing)
|l| livin so zambian
|l| IPF
|l| Wash Rot0m
|l| LT81YL EMPIR3
|l| July Leaves
|l|☆BestixL
|c|☆LT81YL bfl|Gg
|l| venom94
|l| dfokgdpfg
|j| hjakshdkjasd
|l|☆LT81YL bfl
|l| Pvana27
|l| lt81yl xkh
|l| hjakshdkjasd
|l| eebsofresh
|l| Goojoo
|l| lt81yl ez
|l| aloking
|j| CCLM
|l| LT81YL Ruby
|l| reymaki
|l| LT81YL Manolo
|l| LT81YL John
|l| LT81YL Storm
|l| covidvacfuckedme
|l| Nixpedia
|l| Amethystdragon808
|l| TWoody
|l| theonetheyfear
