|j|☆xNaranja
|j|☆Stunfisk2140
|t:|1646716751
|gametype|singles
|player|p1|xNaranja|dahlia|1489
|player|p2|Stunfisk2140|kukui|1530
|teamsize|p1|6
|teamsize|p2|6
|gen|8
|tier|[Gen 8] OU
|rated|
|rule|Sleep Clause Mod: Limit one foe put to sleep
|rule|Species Clause: Limit one of each Pokémon
|rule|OHKO Clause: OHKO moves are banned
|rule|Evasion Moves Clause: Evasion moves are banned
|rule|Endless Battle Clause: Forcing endless battles is banned
|rule|HP Percentage Mod: HP is shown in percentages
|rule|Dynamax Clause: You cannot dynamax
|clearpoke
|poke|p1|Pelipper, M|
|poke|p1|Ferrothorn, F|
|poke|p1|Barraskewda, M|
|poke|p1|Zapdos|
|poke|p1|Clefable, M|
|poke|p1|Garchomp, M|
|poke|p2|Amoonguss, M|
|poke|p2|Zeraora|
|poke|p2|Tornadus-Therian, M|
|poke|p2|Heatran, F|
|poke|p2|Bisharp, M|
|poke|p2|Slowbro, M|
|teampreview
|inactive|Battle timer is ON: inactive players will automatically lose when time's up. (requested by Stunfisk2140)
|inactive|Stunfisk2140 has 120 seconds left.
|
|t:|1646716792
|start
|switch|p1a: Garchomp|Garchomp, M|100/100
|switch|p2a: I Am Sped|Zeraora|100/100
|turn|1
|
|t:|1646716801
|switch|p2a: Slowbro|Slowbro, M|100/100
|move|p1a: Garchomp|Earthquake|p2a: Slowbro
|-damage|p2a: Slowbro|63/100
|
|upkeep
|turn|2
|
|t:|1646716810
|switch|p1a: Zapdos|Zapdos|100/100
|move|p2a: Slowbro|Teleport|p2a: Slowbro
|
|t:|1646716814
|switch|p2a: I Am Sped|Zeraora|100/100|[from]move: Teleport
|
|upkeep
|turn|3
|
|t:|1646716818
|switch|p1a: Ferrothorn|Ferrothorn, F|100/100
|move|p2a: I Am Sped|Knock Off|p1a: Ferrothorn
|-damage|p1a: Ferrothorn|80/100
|-damage|p2a: I Am Sped|88/100|[from] ability: Iron Barbs|[of] p1a: Ferrothorn
|-enditem|p1a: Ferrothorn|Leftovers|[from] move: Knock Off|[of] p2a: I Am Sped
|
|upkeep
|turn|4
|
|t:|1646716826
|move|p2a: I Am Sped|Bulk Up|p2a: I Am Sped
|-boost|p2a: I Am Sped|atk|1
|-boost|p2a: I Am Sped|def|1
|move|p1a: Ferrothorn|Stealth Rock|p2a: I Am Sped
|-sidestart|p2: Stunfisk2140|move: Stealth Rock
|
|upkeep
|turn|5
|
|t:|1646716835
|switch|p1a: Pelipper|Pelipper, M|100/100
|-weather|RainDance|[from] ability: Drizzle|[of] p1a: Pelipper
|move|p2a: I Am Sped|Close Combat|p1a: Pelipper
|-resisted|p1a: Pelipper
|-damage|p1a: Pelipper|79/100
|-unboost|p2a: I Am Sped|def|1
|-unboost|p2a: I Am Sped|spd|1
|
|-weather|RainDance|[upkeep]
|upkeep
|turn|6
|
|t:|1646716845
|switch|p1a: Clefable|Clefable, M|100/100
|move|p2a: I Am Sped|Knock Off|p1a: Clefable
|-resisted|p1a: Clefable
|-crit|p1a: Clefable
|-damage|p1a: Clefable|83/100
|-enditem|p1a: Clefable|Heavy-Duty Boots|[from] move: Knock Off|[of] p2a: I Am Sped
|
|-weather|RainDance|[upkeep]
|upkeep
|turn|7
|
|t:|1646716855
|switch|p2a: Escobar|Amoonguss, M|100/100
|-damage|p2a: Escobar|88/100|[from] Stealth Rock
|move|p1a: Clefable|Moonblast|p2a: Escobar
|-resisted|p2a: Escobar
|-damage|p2a: Escobar|74/100
|
|-weather|RainDance|[upkeep]
|upkeep
|turn|8
|
|t:|1646716865
|switch|p1a: Zapdos|Zapdos|100/100
|switch|p2a: Alpha Phroge|Heatran, F, shiny|100/100
|-damage|p2a: Alpha Phroge|88/100|[from] Stealth Rock
|-item|p2a: Alpha Phroge|Air Balloon
|
|-weather|RainDance|[upkeep]
|upkeep
|turn|9
|
|t:|1646716873
|switch|p2a: Slowbro|Slowbro, M|96/100
|move|p1a: Zapdos|Weather Ball|p2a: Slowbro
|-resisted|p2a: Slowbro
|-damage|p2a: Slowbro|78/100
|
|-weather|RainDance|[upkeep]
|upkeep
|turn|10
|
|t:|1646716880
|switch|p2a: I Am Sped|Zeraora|88/100
|move|p1a: Zapdos|Thunder|p2a: I Am Sped
|-heal|p2a: I Am Sped|100/100|[from] ability: Volt Absorb|[of] p1a: Zapdos
|
|-weather|RainDance|[upkeep]
|upkeep
|turn|11
|
|t:|1646716887
|switch|p1a: Garchomp|Garchomp, M|100/100
|move|p2a: I Am Sped|Bulk Up|p2a: I Am Sped
|-boost|p2a: I Am Sped|atk|1
|-boost|p2a: I Am Sped|def|1
|
|-weather|RainDance|[upkeep]
|upkeep
|turn|12
|
|t:|1646716894
|switch|p2a: Salim Ali|Tornadus-Therian, M|100/100
|move|p1a: Garchomp|Earthquake|p2a: Salim Ali
|-immune|p2a: Salim Ali
|
|-weather|none
|upkeep
|turn|13
|
|t:|1646716902
|switch|p1a: Clefable|Clefable, M|83/100
|move|p2a: Salim Ali|Taunt|p1a: Clefable
|-start|p1a: Clefable|move: Taunt
|
|upkeep
|turn|14
|
|t:|1646716908
|switch|p1a: Pelipper|Pelipper, M|79/100
|-weather|RainDance|[from] ability: Drizzle|[of] p1a: Pelipper
|move|p2a: Salim Ali|Defog|p1a: Pelipper
|-unboost|p1a: Pelipper|evasion|1
|-sideend|p2: Stunfisk2140|Stealth Rock|[from] move: Defog|[of] p2a: Salim Ali
|
|-weather|RainDance|[upkeep]
|upkeep
|turn|15
|
|t:|1646716916
|move|p2a: Salim Ali|U-turn|p1a: Pelipper
|-resisted|p1a: Pelipper
|-damage|p1a: Pelipper|74/100
|
|t:|1646716920
|switch|p2a: Escobar|Amoonguss, M|100/100|[from]move: U-turn
|move|p1a: Pelipper|U-turn|p2a: Escobar
|-damage|p2a: Escobar|93/100
|-damage|p1a: Pelipper|57/100|[from] item: Rocky Helmet|[of] p2a: Escobar
|
|t:|1646716924
|switch|p1a: Zapdos|Zapdos|100/100|[from]move: U-turn
|
|-weather|RainDance|[upkeep]
|upkeep
|turn|16
|
|t:|1646716929
|switch|p2a: Alpha Phroge|Heatran, F, shiny|88/100
|-item|p2a: Alpha Phroge|Air Balloon
|move|p1a: Zapdos|Hurricane|p2a: Alpha Phroge
|-resisted|p2a: Alpha Phroge
|-crit|p2a: Alpha Phroge
|-damage|p2a: Alpha Phroge|61/100
|-enditem|p2a: Alpha Phroge|Air Balloon
|
|-weather|RainDance|[upkeep]
|upkeep
|turn|17
|
|t:|1646716938
|move|p1a: Zapdos|Weather Ball|p2a: Alpha Phroge
|-supereffective|p2a: Alpha Phroge
|-damage|p2a: Alpha Phroge|0 fnt
|faint|p2a: Alpha Phroge
|
|-weather|RainDance|[upkeep]
|upkeep
|
|t:|1646716944
|switch|p2a: I Am Sped|Zeraora|100/100
|turn|18
|
|t:|1646716953
|move|p2a: I Am Sped|Knock Off|p1a: Zapdos
|-crit|p1a: Zapdos
|-damage|p1a: Zapdos|41/100
|-enditem|p1a: Zapdos|Heavy-Duty Boots|[from] move: Knock Off|[of] p2a: I Am Sped
|move|p1a: Zapdos|Weather Ball|p2a: I Am Sped
|-damage|p2a: I Am Sped|35/100
|
|-weather|RainDance|[upkeep]
|upkeep
|turn|19
|
|t:|1646716964
|move|p2a: I Am Sped|Knock Off|p1a: Zapdos
|-damage|p1a: Zapdos|17/100
|move|p1a: Zapdos|Weather Ball|p2a: I Am Sped
|-damage|p2a: I Am Sped|0 fnt
|faint|p2a: I Am Sped
|
|-weather|RainDance|[upkeep]
|upkeep
|
|t:|1646716972
|switch|p2a: Salim Ali|Tornadus-Therian, M|100/100
|turn|20
|
|t:|1646716976
|move|p2a: Salim Ali|Hurricane|p1a: Zapdos
|-resisted|p1a: Zapdos
|-damage|p1a: Zapdos|0 fnt
|faint|p1a: Zapdos
|
|-weather|RainDance|[upkeep]
|upkeep
|
|t:|1646716979
|switch|p1a: Barraskewda|Barraskewda, M|100/100
|turn|21
|
|t:|1646716984
|move|p1a: Barraskewda|Flip Turn|p2a: Salim Ali
|-damage|p2a: Salim Ali|22/100
|
|t:|1646716998
|switch|p1a: Clefable|Clefable, M|83/100|[from]move: Flip Turn
|move|p2a: Salim Ali|Hurricane|p1a: Clefable
|-damage|p1a: Clefable|48/100
|
|-weather|none
|upkeep
|turn|22
|
|t:|1646717005
|move|p2a: Salim Ali|Taunt|p1a: Clefable
|-start|p1a: Clefable|move: Taunt
|cant|p1a: Clefable|move: Taunt|Thunder Wave
|
|upkeep
|turn|23
|
|t:|1646717009
|move|p2a: Salim Ali|Hurricane|p1a: Clefable
|-damage|p1a: Clefable|14/100
|move|p1a: Clefable|Moonblast|p2a: Salim Ali
|-damage|p2a: Salim Ali|0 fnt
|faint|p2a: Salim Ali
|
|upkeep
|
|t:|1646717016
|switch|p2a: Thicc Thighs Melm|Bisharp, M|100/100
|turn|24
|
|t:|1646717018
|move|p2a: Thicc Thighs Melm|Swords Dance|p2a: Thicc Thighs Melm
|-boost|p2a: Thicc Thighs Melm|atk|2
|move|p1a: Clefable|Moonblast|p2a: Thicc Thighs Melm
|-damage|p2a: Thicc Thighs Melm|44/100
|-unboost|p2a: Thicc Thighs Melm|spa|1
|-ability|p2a: Thicc Thighs Melm|Defiant
|-boost|p2a: Thicc Thighs Melm|atk|2
|
|-end|p1a: Clefable|move: Taunt
|upkeep
|turn|25
|
|t:|1646717030
|move|p2a: Thicc Thighs Melm|Knock Off|p1a: Clefable
|-resisted|p1a: Clefable
|-damage|p1a: Clefable|0 fnt
|faint|p1a: Clefable
|-damage|p2a: Thicc Thighs Melm|34/100|[from] item: Life Orb
|
|upkeep
|
|t:|1646717037
|switch|p1a: Pelipper|Pelipper, M|57/100
|-weather|RainDance|[from] ability: Drizzle|[of] p1a: Pelipper
|turn|26
|
|t:|1646717041
|move|p2a: Thicc Thighs Melm|Knock Off|p1a: Pelipper
|-damage|p1a: Pelipper|0 fnt
|-enditem|p1a: Pelipper|Damp Rock|[from] move: Knock Off|[of] p2a: Thicc Thighs Melm
|faint|p1a: Pelipper
|-damage|p2a: Thicc Thighs Melm|24/100|[from] item: Life Orb
|
|-weather|RainDance|[upkeep]
|upkeep
|
|t:|1646717044
|switch|p1a: Ferrothorn|Ferrothorn, F|80/100
|turn|27
|
|t:|1646717052
|move|p2a: Thicc Thighs Melm|Sucker Punch|p1a: Ferrothorn
|-damage|p1a: Ferrothorn|0 fnt
|-damage|p2a: Thicc Thighs Melm|12/100|[from] ability: Iron Barbs|[of] p1a: Ferrothorn
|faint|p1a: Ferrothorn
|-damage|p2a: Thicc Thighs Melm|2/100|[from] item: Life Orb
|
|-weather|RainDance|[upkeep]
|upkeep
|
|t:|1646717062
|switch|p1a: Barraskewda|Barraskewda, M|100/100
|turn|28
|
|t:|1646717065
|move|p2a: Thicc Thighs Melm|Sucker Punch|p1a: Barraskewda
|-damage|p1a: Barraskewda|0 fnt
|faint|p1a: Barraskewda
|-damage|p2a: Thicc Thighs Melm|0 fnt|[from] item: Life Orb
|faint|p2a: Thicc Thighs Melm
|
|-weather|RainDance|[upkeep]
|upkeep
|c|☆Stunfisk2140|gg
|
|t:|1646717072
|switch|p1a: Garchomp|Garchomp, M|100/100
|switch|p2a: Slowbro|Slowbro, M|100/100
|turn|29
|
|t:|1646717076
|move|p1a: Garchomp|Earthquake|p2a: Slowbro
|-damage|p2a: Slowbro|59/100
|move|p2a: Slowbro|Ice Beam|p1a: Garchomp
|-supereffective|p1a: Garchomp
|-damage|p1a: Garchomp|6/100
|
|-weather|RainDance|[upkeep]
|-heal|p1a: Garchomp|12/100|[from] item: Leftovers
|upkeep
|turn|30
|
|t:|1646717084
|move|p1a: Garchomp|Earthquake|p2a: Slowbro
|-damage|p2a: Slowbro|16/100
|move|p2a: Slowbro|Ice Beam|p1a: Garchomp
|-supereffective|p1a: Garchomp
|-damage|p1a: Garchomp|0 fnt
|faint|p1a: Garchomp
|
|win|Stunfisk2140
|raw|xNaranja's rating: 1489 &rarr; <strong>1471</strong><br />(-18 for losing)
|raw|Stunfisk2140's rating: 1530 &rarr; <strong>1548</strong><br />(+18 for winning)
|l|☆xNaranja
