|j|☆friedfreak
|j|☆Dog mendigoso
|t:|1616287607
|player|p1|friedfreak|2|1861
|player|p2|Dog mendigoso|giovanni|1793
|teamsize|p1|6
|teamsize|p2|6
|gametype|singles
|gen|8
|tier|[Gen 8] OU
|rated|
|clearpoke
|poke|p1|Clefable, M|
|poke|p1|Garchomp, M|
|poke|p1|Tapu Koko|
|poke|p1|Ferrothorn, F|
|poke|p1|Corviknight, M|
|poke|p1|Urshifu-*, F|
|poke|p2|Tornadus-Therian, M|
|poke|p2|Landorus-Therian, M|
|poke|p2|Ferrothorn, M|
|poke|p2|Dragonite, M|
|poke|p2|Tapu Lele|
|poke|p2|Toxapex, M|
|rule|Sleep Clause Mod: Limit one foe put to sleep
|rule|Species Clause: Limit one of each Pokémon
|rule|OHKO Clause: OHKO moves are banned
|rule|Evasion Moves Clause: Evasion moves are banned
|rule|Endless Battle Clause: Forcing endless battles is banned
|rule|HP Percentage Mod: HP is shown in percentages
|rule|Dynamax Clause: You cannot dynamax
|teampreview
|j| trollordeer
|
|t:|1616287627
|start
|switch|p1a: Tapu Koko|Tapu Koko|100/100
|switch|p2a: Ferrothorn|Ferrothorn, M|100/100
|-fieldstart|move: Electric Terrain|[from] ability: Electric Surge|[of] p1a: Tapu Koko
|turn|1
|j| der kuli
|
|t:|1616287639
|switch|p1a: Clefable|Clefable, M|100/100
|move|p2a: Ferrothorn|Stealth Rock|p1a: Clefable
|-sidestart|p1: friedfreak|move: Stealth Rock
|
|upkeep
|turn|2
|
|t:|1616287644
|move|p1a: Clefable|Knock Off|p2a: Ferrothorn
|-damage|p2a: Ferrothorn|92/100
|-activate|p2a: Ferrothorn|ability: Iron Barbs
|-enditem|p2a: Ferrothorn|Leftovers|[from] move: Knock Off|[of] p1a: Clefable
|move|p2a: Ferrothorn|Gyro Ball|p1a: Clefable
|-supereffective|p1a: Clefable
|-damage|p1a: Clefable|48/100
|
|-heal|p1a: Clefable|54/100|[from] item: Leftovers
|upkeep
|turn|3
|l| der kuli
|j| buteko
|
|t:|1616287652
|move|p1a: Clefable|Soft-Boiled|p1a: Clefable
|-heal|p1a: Clefable|100/100
|move|p2a: Ferrothorn|Gravity|p2a: Ferrothorn
|-fieldstart|move: Gravity
|
|upkeep
|turn|4
|j| 214g
|
|t:|1616287659
|switch|p1a: Ferrothorn|Ferrothorn, F|100/100
|-damage|p1a: Ferrothorn|95/100|[from] Stealth Rock
|move|p2a: Ferrothorn|Gyro Ball|p1a: Ferrothorn
|-resisted|p1a: Ferrothorn
|-damage|p1a: Ferrothorn|89/100
|-damage|p2a: Ferrothorn|80/100|[from] ability: Iron Barbs|[of] p1a: Ferrothorn
|
|-heal|p1a: Ferrothorn|95/100|[from] item: Leftovers
|upkeep
|turn|5
|
|t:|1616287667
|switch|p2a: Tapu Lele|Tapu Lele|100/100
|-fieldstart|move: Psychic Terrain|[from] ability: Psychic Surge|[of] p2a: Tapu Lele
|move|p1a: Ferrothorn|Spikes|p2a: Tapu Lele
|-sidestart|p2: Dog mendigoso|Spikes
|
|-heal|p1a: Ferrothorn|100/100|[from] item: Leftovers
|upkeep
|turn|6
|j| SS Wittmann
|
|t:|1616287673
|switch|p1a: Corviknight|Corviknight, M|100/100
|-damage|p1a: Corviknight|88/100|[from] Stealth Rock
|-ability|p1a: Corviknight|Pressure
|move|p2a: Tapu Lele|Focus Blast|p1a: Corviknight
|-damage|p1a: Corviknight|60/100
|
|-heal|p1a: Corviknight|66/100|[from] item: Leftovers
|upkeep
|turn|7
|
|t:|1616287689
|move|p2a: Tapu Lele|Focus Blast|p1a: Corviknight
|-damage|p1a: Corviknight|40/100
|move|p1a: Corviknight|Roost|p1a: Corviknight
|-heal|p1a: Corviknight|90/100
|-singleturn|p1a: Corviknight|move: Roost
|
|-heal|p1a: Corviknight|96/100|[from] item: Leftovers
|-fieldend|move: Gravity
|upkeep
|turn|8
|l| 214g
|
|t:|1616287707
|switch|p2a: Landorus|Landorus-Therian, M|100/100
|-ability|p2a: Landorus|Intimidate|boost
|-unboost|p1a: Corviknight|atk|1
|move|p1a: Corviknight|U-turn|p2a: Landorus
|-resisted|p2a: Landorus
|-crit|p2a: Landorus
|-damage|p2a: Landorus|89/100
|j| magicgirl_rere
|
|t:|1616287718
|switch|p1a: Garchomp|Garchomp, M|100/100|[from]move: U-turn
|-damage|p1a: Garchomp|94/100|[from] Stealth Rock
|
|upkeep
|turn|9
|
|t:|1616287724
|move|p1a: Garchomp|Stealth Rock|p2a: Landorus
|-sidestart|p2: Dog mendigoso|move: Stealth Rock
|move|p2a: Landorus|Earthquake|p1a: Garchomp
|-damage|p1a: Garchomp|0 fnt
|faint|p1a: Garchomp
|
|-fieldend|move: Psychic Terrain
|upkeep
|
|t:|1616287733
|switch|p1a: Urshifu|Urshifu-Rapid-Strike, F|100/100
|-damage|p1a: Urshifu|94/100|[from] Stealth Rock
|turn|10
|
|t:|1616287741
|switch|p2a: Toxapex|Toxapex, M|100/100
|-damage|p2a: Toxapex|88/100|[from] Spikes
|-damage|p2a: Toxapex|75/100|[from] Stealth Rock
|move|p1a: Urshifu|U-turn|p2a: Toxapex
|-resisted|p2a: Toxapex
|-damage|p2a: Toxapex|63/100
|
|t:|1616287749
|switch|p1a: Tapu Koko|Tapu Koko|100/100|[from]move: U-turn
|-fieldstart|move: Electric Terrain|[from] ability: Electric Surge|[of] p1a: Tapu Koko
|
|-heal|p2a: Toxapex|69/100|[from] item: Black Sludge
|upkeep
|turn|11
|
|t:|1616287755
|move|p2a: Toxapex|Baneful Bunker|p2a: Toxapex
|-singleturn|p2a: Toxapex|move: Protect
|move|p1a: Tapu Koko|U-turn|p2a: Toxapex
|-activate|p2a: Toxapex|move: Protect
|-status|p1a: Tapu Koko|psn
|
|-heal|p2a: Toxapex|75/100|[from] item: Black Sludge
|-damage|p1a: Tapu Koko|88/100 psn|[from] psn
|upkeep
|turn|12
|
|t:|1616287765
|move|p1a: Tapu Koko|Thunderbolt|p2a: Toxapex
|-supereffective|p2a: Toxapex
|-damage|p2a: Toxapex|2/100
|move|p2a: Toxapex|Recover|p2a: Toxapex
|-heal|p2a: Toxapex|52/100
|
|-heal|p2a: Toxapex|58/100|[from] item: Black Sludge
|-damage|p1a: Tapu Koko|76/100 psn|[from] psn
|upkeep
|turn|13
|
|t:|1616287771
|move|p2a: Toxapex|Baneful Bunker|p2a: Toxapex
|-singleturn|p2a: Toxapex|move: Protect
|move|p1a: Tapu Koko|U-turn|p2a: Toxapex
|-activate|p2a: Toxapex|move: Protect
|
|-heal|p2a: Toxapex|64/100|[from] item: Black Sludge
|-damage|p1a: Tapu Koko|63/100 psn|[from] psn
|upkeep
|turn|14
|
|t:|1616287780
|switch|p2a: Landorus|Landorus-Therian, M|89/100
|-damage|p2a: Landorus|77/100|[from] Stealth Rock
|-ability|p2a: Landorus|Intimidate|boost
|-unboost|p1a: Tapu Koko|atk|1
|move|p1a: Tapu Koko|Thunderbolt|p2a: Landorus
|-immune|p2a: Landorus
|
|-damage|p1a: Tapu Koko|51/100 psn|[from] psn
|-fieldend|move: Electric Terrain
|upkeep
|turn|15
|
|t:|1616287787
|move|p1a: Tapu Koko|U-turn|p2a: Landorus
|-resisted|p2a: Landorus
|-damage|p2a: Landorus|70/100
|
|t:|1616287799
|switch|p1a: Ferrothorn|Ferrothorn, F|100/100|[from]move: U-turn
|-damage|p1a: Ferrothorn|95/100|[from] Stealth Rock
|move|p2a: Landorus|U-turn|p1a: Ferrothorn
|-damage|p1a: Ferrothorn|71/100
|-damage|p2a: Landorus|58/100|[from] ability: Iron Barbs|[of] p1a: Ferrothorn
|
|t:|1616287806
|switch|p2a: Tornadus|Tornadus-Therian, M|100/100|[from]move: U-turn
|
|-heal|p1a: Ferrothorn|77/100|[from] item: Leftovers
|upkeep
|turn|16
|
|t:|1616287815
|switch|p1a: Corviknight|Corviknight, M|96/100
|-damage|p1a: Corviknight|84/100|[from] Stealth Rock
|-ability|p1a: Corviknight|Pressure
|move|p2a: Tornadus|Defog|p1a: Corviknight
|-unboost|p1a: Corviknight|evasion|1
|-sideend|p1: friedfreak|Stealth Rock|[from] move: Defog|[of] p2a: Tornadus
|-sideend|p2: Dog mendigoso|Spikes|[from] move: Defog|[of] p2a: Tornadus
|-sideend|p2: Dog mendigoso|Stealth Rock|[from] move: Defog|[of] p2a: Tornadus
|
|-heal|p1a: Corviknight|90/100|[from] item: Leftovers
|upkeep
|turn|17
|
|t:|1616287822
|move|p2a: Tornadus|U-turn|p1a: Corviknight
|-resisted|p1a: Corviknight
|-damage|p1a: Corviknight|87/100
|
|t:|1616287826
|switch|p2a: Ferrothorn|Ferrothorn, M|80/100|[from]move: U-turn
|move|p1a: Corviknight|U-turn|p2a: Ferrothorn
|-damage|p2a: Ferrothorn|71/100
|-damage|p1a: Corviknight|75/100|[from] ability: Iron Barbs|[of] p2a: Ferrothorn
|
|t:|1616287829
|switch|p1a: Ferrothorn|Ferrothorn, F|77/100|[from]move: U-turn
|
|-heal|p1a: Ferrothorn|83/100|[from] item: Leftovers
|upkeep
|turn|18
|
|t:|1616287833
|move|p1a: Ferrothorn|Spikes|p2a: Ferrothorn
|-sidestart|p2: Dog mendigoso|Spikes
|move|p2a: Ferrothorn|Stealth Rock|p1a: Ferrothorn
|-sidestart|p1: friedfreak|move: Stealth Rock
|
|-heal|p1a: Ferrothorn|89/100|[from] item: Leftovers
|upkeep
|turn|19
|
|t:|1616287843
|switch|p2a: Landorus|Landorus-Therian, M|58/100
|-ability|p2a: Landorus|Intimidate|boost
|-unboost|p1a: Ferrothorn|atk|1
|move|p1a: Ferrothorn|Spikes|p2a: Landorus
|-sidestart|p2: Dog mendigoso|Spikes
|
|-heal|p1a: Ferrothorn|95/100|[from] item: Leftovers
|upkeep
|turn|20
|
|t:|1616287857
|move|p2a: Landorus|Rock Slide|p1a: Ferrothorn
|-resisted|p1a: Ferrothorn
|-damage|p1a: Ferrothorn|82/100
|cant|p1a: Ferrothorn|flinch
|
|-heal|p1a: Ferrothorn|88/100|[from] item: Leftovers
|upkeep
|turn|21
|
|t:|1616287866
|switch|p2a: Tornadus|Tornadus-Therian, M|100/100
|move|p1a: Ferrothorn|Leech Seed|p2a: Tornadus
|-start|p2a: Tornadus|move: Leech Seed
|
|-heal|p1a: Ferrothorn|94/100|[from] item: Leftovers
|-damage|p2a: Tornadus|88/100|[from] Leech Seed|[of] p1a: Ferrothorn
|-heal|p1a: Ferrothorn|100/100|[silent]
|upkeep
|turn|22
|
|t:|1616287876
|switch|p2a: Landorus|Landorus-Therian, M|58/100
|-ability|p2a: Landorus|Intimidate|boost
|-unboost|p1a: Ferrothorn|atk|1
|move|p1a: Ferrothorn|Spikes|p2a: Landorus
|-sidestart|p2: Dog mendigoso|Spikes
|
|upkeep
|turn|23
|
|t:|1616287890
|move|p2a: Landorus|Earthquake|p1a: Ferrothorn
|-damage|p1a: Ferrothorn|48/100
|move|p1a: Ferrothorn|Leech Seed|p2a: Landorus
|-start|p2a: Landorus|move: Leech Seed
|
|-heal|p1a: Ferrothorn|54/100|[from] item: Leftovers
|-damage|p2a: Landorus|46/100|[from] Leech Seed|[of] p1a: Ferrothorn
|-heal|p1a: Ferrothorn|65/100|[silent]
|upkeep
|turn|24
|
|t:|1616287925
|switch|p2a: Tornadus|Tornadus-Therian, M|100/100
|switch|p1a: Clefable|Clefable, M|100/100
|
|upkeep
|turn|25
|
|t:|1616287932
|move|p2a: Tornadus|Defog|p1a: Clefable
|-unboost|p1a: Clefable|evasion|1
|-sideend|p1: friedfreak|Stealth Rock|[from] move: Defog|[of] p2a: Tornadus
|-sideend|p2: Dog mendigoso|Spikes|[from] move: Defog|[of] p2a: Tornadus
|move|p1a: Clefable|Moonblast|p2a: Tornadus
|-damage|p2a: Tornadus|69/100
|
|upkeep
|turn|26
|
|t:|1616287939
|move|p2a: Tornadus|Hurricane|p1a: Clefable
|-damage|p1a: Clefable|64/100
|move|p1a: Clefable|Moonblast|p2a: Tornadus
|-damage|p2a: Tornadus|36/100
|
|-heal|p1a: Clefable|70/100|[from] item: Leftovers
|upkeep
|turn|27
|
|t:|1616287951
|move|p2a: Tornadus|U-turn|p1a: Clefable
|-resisted|p1a: Clefable
|-damage|p1a: Clefable|64/100
|
|t:|1616287956
|switch|p2a: Ferrothorn|Ferrothorn, M|71/100|[from]move: U-turn
|move|p1a: Clefable|Aromatherapy|p1a: Clefable
|-activate|p1a: Clefable|move: Aromatherapy
|-curestatus|p1: Tapu Koko|psn|[msg]
|
|-heal|p1a: Clefable|70/100|[from] item: Leftovers
|upkeep
|turn|28
|
|t:|1616287961
|switch|p1a: Ferrothorn|Ferrothorn, F|65/100
|move|p2a: Ferrothorn|Stealth Rock|p1a: Ferrothorn
|-sidestart|p1: friedfreak|move: Stealth Rock
|
|-heal|p1a: Ferrothorn|71/100|[from] item: Leftovers
|upkeep
|turn|29
|
|t:|1616287968
|switch|p2a: Landorus|Landorus-Therian, M|46/100
|-ability|p2a: Landorus|Intimidate|boost
|-unboost|p1a: Ferrothorn|atk|1
|move|p1a: Ferrothorn|Spikes|p2a: Landorus
|-sidestart|p2: Dog mendigoso|Spikes
|
|-heal|p1a: Ferrothorn|77/100|[from] item: Leftovers
|upkeep
|turn|30
|
|t:|1616287981
|switch|p1a: Corviknight|Corviknight, M|75/100
|-damage|p1a: Corviknight|62/100|[from] Stealth Rock
|-ability|p1a: Corviknight|Pressure
|move|p2a: Landorus|Knock Off|p1a: Corviknight
|-damage|p1a: Corviknight|16/100
|-enditem|p1a: Corviknight|Leftovers|[from] move: Knock Off|[of] p2a: Landorus
|
|upkeep
|turn|31
|
|t:|1616287987
|move|p2a: Landorus|Knock Off|p1a: Corviknight
|-damage|p1a: Corviknight|0 fnt
|faint|p1a: Corviknight
|
|upkeep
|
|t:|1616288004
|switch|p1a: Urshifu|Urshifu-Rapid-Strike, F|94/100
|-damage|p1a: Urshifu|88/100|[from] Stealth Rock
|turn|32
|
|t:|1616288008
|switch|p2a: Toxapex|Toxapex, M|98/100
|-damage|p2a: Toxapex|85/100|[from] Spikes
|move|p1a: Urshifu|Surging Strikes|p2a: Toxapex
|-resisted|p2a: Toxapex
|-crit|p2a: Toxapex
|-damage|p2a: Toxapex|75/100
|-resisted|p2a: Toxapex
|-crit|p2a: Toxapex
|-damage|p2a: Toxapex|65/100
|-resisted|p2a: Toxapex
|-crit|p2a: Toxapex
|-damage|p2a: Toxapex|55/100
|-hitcount|p2a: Toxapex|3
|
|-heal|p2a: Toxapex|61/100|[from] item: Black Sludge
|upkeep
|turn|33
|
|t:|1616288015
|switch|p1a: Ferrothorn|Ferrothorn, F|77/100
|-damage|p1a: Ferrothorn|71/100|[from] Stealth Rock
|move|p2a: Toxapex|Scald|p1a: Ferrothorn
|-resisted|p1a: Ferrothorn
|-damage|p1a: Ferrothorn|63/100
|
|-heal|p2a: Toxapex|67/100|[from] item: Black Sludge
|-heal|p1a: Ferrothorn|69/100|[from] item: Leftovers
|upkeep
|turn|34
|
|t:|1616288023
|move|p2a: Toxapex|Scald|p1a: Ferrothorn
|-resisted|p1a: Ferrothorn
|-damage|p1a: Ferrothorn|62/100
|move|p1a: Ferrothorn|Leech Seed|p2a: Toxapex
|-start|p2a: Toxapex|move: Leech Seed
|
|-heal|p2a: Toxapex|74/100|[from] item: Black Sludge
|-heal|p1a: Ferrothorn|68/100|[from] item: Leftovers
|-damage|p2a: Toxapex|61/100|[from] Leech Seed|[of] p1a: Ferrothorn
|-heal|p1a: Ferrothorn|79/100|[silent]
|upkeep
|turn|35
|
|t:|1616288028
|move|p2a: Toxapex|Scald|p1a: Ferrothorn
|-resisted|p1a: Ferrothorn
|-damage|p1a: Ferrothorn|71/100
|move|p1a: Ferrothorn|Spikes|p2a: Toxapex
|-sidestart|p2: Dog mendigoso|Spikes
|
|-heal|p2a: Toxapex|67/100|[from] item: Black Sludge
|-heal|p1a: Ferrothorn|77/100|[from] item: Leftovers
|-damage|p2a: Toxapex|55/100|[from] Leech Seed|[of] p1a: Ferrothorn
|-heal|p1a: Ferrothorn|88/100|[silent]
|upkeep
|turn|36
|
|t:|1616288042
|switch|p1a: Tapu Koko|Tapu Koko|51/100
|-fieldstart|move: Electric Terrain|[from] ability: Electric Surge|[of] p1a: Tapu Koko
|move|p2a: Toxapex|Scald|p1a: Tapu Koko
|-damage|p1a: Tapu Koko|24/100
|-status|p1a: Tapu Koko|brn
|
|-heal|p2a: Toxapex|61/100|[from] item: Black Sludge
|-damage|p2a: Toxapex|49/100|[from] Leech Seed|[of] p1a: Tapu Koko
|-heal|p1a: Tapu Koko|38/100 brn|[silent]
|-damage|p1a: Tapu Koko|31/100 brn|[from] brn
|upkeep
|turn|37
|
|t:|1616288054
|switch|p2a: Ferrothorn|Ferrothorn, M|71/100
|-damage|p2a: Ferrothorn|55/100|[from] Spikes
|move|p1a: Tapu Koko|Roost|p1a: Tapu Koko
|-heal|p1a: Tapu Koko|82/100 brn
|-singleturn|p1a: Tapu Koko|move: Roost
|
|-damage|p1a: Tapu Koko|76/100 brn|[from] brn
|upkeep
|turn|38
|
|t:|1616288063
|move|p1a: Tapu Koko|U-turn|p2a: Ferrothorn
|-damage|p2a: Ferrothorn|50/100
|-damage|p1a: Tapu Koko|63/100 brn|[from] ability: Iron Barbs|[of] p2a: Ferrothorn
|
|t:|1616288068
|switch|p1a: Ferrothorn|Ferrothorn, F|88/100|[from]move: U-turn
|-damage|p1a: Ferrothorn|82/100|[from] Stealth Rock
|move|p2a: Ferrothorn|Gyro Ball|p1a: Ferrothorn
|-resisted|p1a: Ferrothorn
|-damage|p1a: Ferrothorn|77/100
|-damage|p2a: Ferrothorn|38/100|[from] ability: Iron Barbs|[of] p1a: Ferrothorn
|
|-heal|p1a: Ferrothorn|83/100|[from] item: Leftovers
|upkeep
|turn|39
|n| trollordeer|trollordeer
|
|t:|1616288085
|switch|p2a: Tornadus|Tornadus-Therian, M|70/100
|move|p1a: Ferrothorn|Body Press|p2a: Tornadus
|-resisted|p2a: Tornadus
|-damage|p2a: Tornadus|52/100
|
|-heal|p1a: Ferrothorn|89/100|[from] item: Leftovers
|upkeep
|turn|40
|
|t:|1616288092
|move|p2a: Tornadus|Defog|p1a: Ferrothorn
|-unboost|p1a: Ferrothorn|evasion|1
|-sideend|p1: friedfreak|Stealth Rock|[from] move: Defog|[of] p2a: Tornadus
|-sideend|p2: Dog mendigoso|Spikes|[from] move: Defog|[of] p2a: Tornadus
|-fieldend|move: Electric Terrain
|move|p1a: Ferrothorn|Leech Seed|p2a: Tornadus
|-start|p2a: Tornadus|move: Leech Seed
|
|-heal|p1a: Ferrothorn|95/100|[from] item: Leftovers
|-damage|p2a: Tornadus|40/100|[from] Leech Seed|[of] p1a: Ferrothorn
|-heal|p1a: Ferrothorn|100/100|[silent]
|upkeep
|turn|41
|
|t:|1616288107
|switch|p2a: Tapu Lele|Tapu Lele|100/100
|-fieldstart|move: Psychic Terrain|[from] ability: Psychic Surge|[of] p2a: Tapu Lele
|move|p1a: Ferrothorn|Spikes|p2a: Tapu Lele
|-sidestart|p2: Dog mendigoso|Spikes
|
|upkeep
|turn|42
|
|t:|1616288128
|move|p2a: Tapu Lele|Focus Blast|p1a: Ferrothorn
|-supereffective|p1a: Ferrothorn
|-damage|p1a: Ferrothorn|24/100
|-unboost|p1a: Ferrothorn|spd|1
|move|p1a: Ferrothorn|Leech Seed|p2a: Tapu Lele
|-start|p2a: Tapu Lele|move: Leech Seed
|
|-heal|p1a: Ferrothorn|30/100|[from] item: Leftovers
|-damage|p2a: Tapu Lele|88/100|[from] Leech Seed|[of] p1a: Ferrothorn
|-heal|p1a: Ferrothorn|40/100|[silent]
|upkeep
|turn|43
|
|t:|1616288138
|switch|p2a: Landorus|Landorus-Therian, M|46/100
|-ability|p2a: Landorus|Intimidate|boost
|-unboost|p1a: Ferrothorn|atk|1
|switch|p1a: Clefable|Clefable, M|70/100
|
|-heal|p1a: Clefable|76/100|[from] item: Leftovers
|upkeep
|turn|44
|
|t:|1616288148
|move|p2a: Landorus|Earthquake|p1a: Clefable
|-damage|p1a: Clefable|11/100
|move|p1a: Clefable|Moonblast|p2a: Landorus
|-damage|p2a: Landorus|9/100
|-unboost|p2a: Landorus|spa|1
|
|-heal|p1a: Clefable|17/100|[from] item: Leftovers
|upkeep
|turn|45
|
|t:|1616288159
|move|p2a: Landorus|Earthquake|p1a: Clefable
|-damage|p1a: Clefable|0 fnt
|faint|p1a: Clefable
|
|-fieldend|move: Psychic Terrain
|upkeep
|
|t:|1616288168
|switch|p1a: Tapu Koko|Tapu Koko|63/100 brn
|-fieldstart|move: Electric Terrain|[from] ability: Electric Surge|[of] p1a: Tapu Koko
|turn|46
|
|t:|1616288176
|switch|p2a: Tapu Lele|Tapu Lele|88/100
|-damage|p2a: Tapu Lele|76/100|[from] Spikes
|-fieldstart|move: Psychic Terrain|[from] ability: Psychic Surge|[of] p2a: Tapu Lele
|move|p1a: Tapu Koko|Dazzling Gleam|p2a: Tapu Lele
|-damage|p2a: Tapu Lele|38/100
|
|-damage|p1a: Tapu Koko|57/100 brn|[from] brn
|upkeep
|turn|47
|
|t:|1616288185
|move|p2a: Tapu Lele|Psychic|p1a: Tapu Koko
|-damage|p1a: Tapu Koko|0 fnt
|faint|p1a: Tapu Koko
|
|upkeep
|-message|friedfreak forfeited.
|
|win|Dog mendigoso
|raw|friedfreak's rating: 1861 &rarr; <strong>1837</strong><br />(-24 for losing)
|raw|Dog mendigoso's rating: 1793 &rarr; <strong>1817</strong><br />(+24 for winning)
|l|☆friedfreak
