|j|☆Dallyranks
|j|☆ThedebatableReaper
|t:|1605462708
|player|p1|Dallyranks|ltsurge|1894
|player|p2|ThedebatableReaper|steven|1848
|teamsize|p1|6
|teamsize|p2|6
|gametype|singles
|gen|8
|tier|[Gen 8] OU
|rated|
|clearpoke
|poke|p1|Melmetal|
|poke|p1|Urshifu-*, M|
|poke|p1|Cinderace, M|
|poke|p1|Magearna|
|poke|p1|Hydreigon, M|
|poke|p1|Landorus-Therian, M|
|poke|p2|Latios, M|
|poke|p2|Urshifu-*, M|
|poke|p2|Heatran, F|
|poke|p2|Tapu Fini|
|poke|p2|Zapdos-Galar|
|poke|p2|Nidoking, M|
|rule|Sleep Clause Mod: Limit one foe put to sleep
|rule|Species Clause: Limit one of each Pokémon
|rule|OHKO Clause: OHKO moves are banned
|rule|Evasion Moves Clause: Evasion moves are banned
|rule|Endless Battle Clause: Forcing endless battles is banned
|rule|HP Percentage Mod: HP is shown in percentages
|rule|Dynamax Clause: You cannot dynamax
|teampreview
|j| AwesomeAdams
|j| znqq
|j| v00dew
|j| Tripledoggo
|
|t:|1605462747
|start
|switch|p1a: Hydreigon|Hydreigon, M|100/100
|switch|p2a: Zapdos|Zapdos-Galar|100/100
|turn|1
|j| BrothaOptions
|j| sparking test
|
|t:|1605462777
|move|p2a: Zapdos|Close Combat|p1a: Hydreigon
|-supereffective|p1a: Hydreigon
|-damage|p1a: Hydreigon|0 fnt
|-unboost|p2a: Zapdos|def|1
|-unboost|p2a: Zapdos|spd|1
|faint|p1a: Hydreigon
|
|upkeep
|j| bigbadbbear
|
|t:|1605462798
|switch|p1a: Magearna|Magearna|100/100
|turn|2
|j| drivance
|j| daily ranks stanks
|
|t:|1605462818
|switch|p2a: Nidoking|Nidoking, M|100/100
|switch|p1a: Landorus|Landorus-Therian, M|100/100
|-ability|p1a: Landorus|Intimidate|boost
|-unboost|p2a: Nidoking|atk|1
|
|upkeep
|turn|3
|j| labananedouce
|j| Mcjizzletitties
|
|t:|1605462832
|move|p1a: Landorus|U-turn|p2a: Nidoking
|-resisted|p2a: Nidoking
|-damage|p2a: Nidoking|75/100
|j| Teufell
|
|t:|1605462840
|switch|p1a: Cinderace|Cinderace, M|100/100|[from]move: U-turn
|move|p2a: Nidoking|Ice Beam|p1a: Cinderace
|-resisted|p1a: Cinderace
|-damage|p1a: Cinderace|71/100
|
|upkeep
|turn|4
|j| TR Ghost
|
|t:|1605462864
|switch|p2a: Tapu Fini|Tapu Fini, shiny|100/100
|-fieldstart|move: Misty Terrain|[from] ability: Misty Surge|[of] p2a: Tapu Fini
|move|p1a: Cinderace|Gunk Shot|p2a: Tapu Fini
|-start|p1a: Cinderace|typechange|Poison|[from] ability: Libero
|-supereffective|p2a: Tapu Fini
|-damage|p2a: Tapu Fini|15/100
|
|-heal|p2a: Tapu Fini|22/100|[from] item: Leftovers
|upkeep
|turn|5
|j| Chokst du
|
|t:|1605462884
|move|p1a: Cinderace|High Jump Kick|p2a: Tapu Fini
|-start|p1a: Cinderace|typechange|Fighting|[from] ability: Libero
|-resisted|p2a: Tapu Fini
|-damage|p2a: Tapu Fini|0 fnt
|faint|p2a: Tapu Fini
|
|upkeep
|l| Tripledoggo
|
|t:|1605462891
|switch|p2a: Zapdos|Zapdos-Galar|100/100
|turn|6
|j| Tripledoggo
|j| Ryuuga
|
|t:|1605462929
|move|p2a: Zapdos|Close Combat|p1a: Cinderace
|-damage|p1a: Cinderace|0 fnt
|-unboost|p2a: Zapdos|def|1
|-unboost|p2a: Zapdos|spd|1
|faint|p1a: Cinderace
|
|upkeep
|
|t:|1605462943
|switch|p1a: Urshifu|Urshifu-Rapid-Strike, M|100/100
|turn|7
|j| hfeath
|
|t:|1605462956
|switch|p2a: Latios|Latios, M|100/100
|move|p1a: Urshifu|U-turn|p2a: Latios
|-supereffective|p2a: Latios
|-damage|p2a: Latios|5/100
|
|t:|1605462967
|switch|p1a: Magearna|Magearna|100/100|[from]move: U-turn
|
|upkeep
|turn|8
|j| ojfdjopvfjop
|
|t:|1605462992
|switch|p1a: Landorus|Landorus-Therian, M|100/100
|-ability|p1a: Landorus|Intimidate|boost
|-unboost|p2a: Latios|atk|1
|move|p2a: Latios|Psyshock|p1a: Landorus
|-damage|p1a: Landorus|27/100
|
|-fieldend|Misty Terrain
|upkeep
|turn|9
|c| daily ranks stanks|boom boom
|
|t:|1605463000
|switch|p1a: Melmetal|Melmetal|100/100
|move|p2a: Latios|Psyshock|p1a: Melmetal
|-resisted|p1a: Melmetal
|-damage|p1a: Melmetal|83/100
|
|upkeep
|turn|10
|j| mommy titties
|
|t:|1605463018
|move|p2a: Latios|Psyshock|p1a: Melmetal
|-resisted|p1a: Melmetal
|-damage|p1a: Melmetal|66/100
|move|p1a: Melmetal|Double Iron Bash|p2a: Latios
|-damage|p2a: Latios|0 fnt
|-hitcount|p2a: Latios|1
|faint|p2a: Latios
|
|upkeep
|c| mommy titties|ZapG go get em!!
|j| forsh ❀
|c| bigbadbbear|you got it dally
|c| Tripledoggo|Dairy
|
|t:|1605463075
|switch|p2a: Nidoking|Nidoking, M|75/100
|turn|11
|
|t:|1605463083
|switch|p1a: Landorus|Landorus-Therian, M|27/100
|-ability|p1a: Landorus|Intimidate|boost
|-unboost|p2a: Nidoking|atk|1
|move|p2a: Nidoking|Ice Beam|p1a: Landorus
|-supereffective|p1a: Landorus
|-damage|p1a: Landorus|0 fnt
|faint|p1a: Landorus
|
|upkeep
|
|t:|1605463094
|switch|p1a: Urshifu|Urshifu-Rapid-Strike, M|100/100
|turn|12
|
|t:|1605463098
|move|p1a: Urshifu|Surging Strikes|p2a: Nidoking
|-supereffective|p2a: Nidoking
|-crit|p2a: Nidoking
|-damage|p2a: Nidoking|0 fnt
|-hitcount|p2a: Nidoking|1
|faint|p2a: Nidoking
|
|upkeep
|
|t:|1605463106
|switch|p2a: Zapdos|Zapdos-Galar|100/100
|turn|13
|
|t:|1605463111
|switch|p1a: Magearna|Magearna|100/100
|move|p2a: Zapdos|Brave Bird|p1a: Magearna
|-resisted|p1a: Magearna
|-damage|p1a: Magearna|76/100
|-damage|p2a: Zapdos|91/100|[from] Recoil
|
|upkeep
|turn|14
|
|t:|1605463125
|switch|p2a: Heatran|Heatran, F|100/100
|move|p1a: Magearna|Volt Switch|p2a: Heatran
|-damage|p2a: Heatran|75/100
|
|t:|1605463133
|switch|p1a: Urshifu|Urshifu-Rapid-Strike, M|100/100|[from]move: Volt Switch
|
|-heal|p2a: Heatran|82/100|[from] item: Leftovers
|upkeep
|turn|15
|
|t:|1605463164
|switch|p2a: Urshifu|Urshifu, M|100/100
|move|p1a: Urshifu|Surging Strikes|p2a: Urshifu
|-crit|p2a: Urshifu
|-damage|p2a: Urshifu|73/100
|-crit|p2a: Urshifu
|-damage|p2a: Urshifu|45/100
|-crit|p2a: Urshifu
|-damage|p2a: Urshifu|16/100
|-hitcount|p2a: Urshifu|3
|
|upkeep
|turn|16
|
|t:|1605463204
|move|p2a: Urshifu|Close Combat|p1a: Urshifu
|-damage|p1a: Urshifu|15/100
|-unboost|p2a: Urshifu|def|1
|-unboost|p2a: Urshifu|spd|1
|-damage|p2a: Urshifu|6/100|[from] item: Life Orb
|move|p1a: Urshifu|Surging Strikes|p2a: Urshifu
|-crit|p2a: Urshifu
|-damage|p2a: Urshifu|0 fnt
|-hitcount|p2a: Urshifu|1
|faint|p2a: Urshifu
|
|upkeep
|
|t:|1605463233
|switch|p2a: Zapdos|Zapdos-Galar|91/100
|turn|17
|l|☆ThedebatableReaper
|player|p2|
|j|☆ThedebatableReaper
|player|p2|ThedebatableReaper|steven
|
|t:|1605463244
|switch|p1a: Melmetal|Melmetal|66/100
|move|p2a: Zapdos|Close Combat|p1a: Melmetal
|-supereffective|p1a: Melmetal
|-damage|p1a: Melmetal|4/100
|-unboost|p2a: Zapdos|def|1
|-unboost|p2a: Zapdos|spd|1
|
|upkeep
|turn|18
|
|t:|1605463254
|move|p2a: Zapdos|Close Combat|p1a: Melmetal
|-supereffective|p1a: Melmetal
|-damage|p1a: Melmetal|0 fnt
|-unboost|p2a: Zapdos|def|1
|-unboost|p2a: Zapdos|spd|1
|faint|p1a: Melmetal
|
|upkeep
|
|t:|1605463261
|switch|p1a: Magearna|Magearna|76/100
|turn|19
|
|t:|1605463269
|switch|p2a: Heatran|Heatran, F|82/100
|move|p1a: Magearna|Volt Switch|p2a: Heatran
|-damage|p2a: Heatran|55/100
|
|t:|1605463274
|switch|p1a: Urshifu|Urshifu-Rapid-Strike, M|15/100|[from]move: Volt Switch
|
|-heal|p2a: Heatran|61/100|[from] item: Leftovers
|upkeep
|turn|20
|
|t:|1605463301
|move|p1a: Urshifu|Surging Strikes|p2a: Heatran
|-supereffective|p2a: Heatran
|-crit|p2a: Heatran
|-damage|p2a: Heatran|12/100
|-supereffective|p2a: Heatran
|-crit|p2a: Heatran
|-damage|p2a: Heatran|0 fnt
|-hitcount|p2a: Heatran|2
|faint|p2a: Heatran
|
|upkeep
|c|☆Dallyranks|Thx bears
|
|t:|1605463308
|switch|p2a: Zapdos|Zapdos-Galar|91/100
|turn|21
|
|t:|1605463316
|move|p2a: Zapdos|Close Combat|p1a: Urshifu
|-damage|p1a: Urshifu|0 fnt
|-unboost|p2a: Zapdos|def|1
|-unboost|p2a: Zapdos|spd|1
|faint|p1a: Urshifu
|
|upkeep
|
|t:|1605463323
|switch|p1a: Magearna|Magearna|76/100
|turn|22
|
|t:|1605463328
|move|p2a: Zapdos|Close Combat|p1a: Magearna
|-damage|p1a: Magearna|28/100
|-unboost|p2a: Zapdos|def|1
|-unboost|p2a: Zapdos|spd|1
|move|p1a: Magearna|Volt Switch|p2a: Zapdos
|-supereffective|p2a: Zapdos
|-damage|p2a: Zapdos|0 fnt
|faint|p2a: Zapdos
|
|win|Dallyranks
|l|☆ThedebatableReaper
|c|☆Dallyranks|Gg
|l| labananedouce
|l| Tripledoggo
|l| Mcjizzletitties
|l|☆Dallyranks
||Ladder (probably) updated, but score could not be retrieved (Request timeout).
|l| AwesomeAdams
