|j|☆roboPOKE
|j|‽federish
|t:|1623839939
|gametype|singles
|player|p1|roboPOKE|266|1704
|player|p2|federish|169|1791
|teamsize|p1|6
|teamsize|p2|6
|gen|8
|tier|[Gen 8] OU
|rated|
|rule|Sleep Clause Mod: Limit one foe put to sleep
|rule|Species Clause: Limit one of each Pokémon
|rule|OHKO Clause: OHKO moves are banned
|rule|Evasion Moves Clause: Evasion moves are banned
|rule|Endless Battle Clause: Forcing endless battles is banned
|rule|HP Percentage Mod: HP is shown in percentages
|rule|Dynamax Clause: You cannot dynamax
|clearpoke
|poke|p1|Heatran, M|
|poke|p1|Kartana|
|poke|p1|Tapu Koko|
|poke|p1|Buzzwole|
|poke|p1|Hippowdon, M|
|poke|p1|Slowking, M|
|poke|p2|Dragapult, F|
|poke|p2|Nidoking, M|
|poke|p2|Melmetal|
|poke|p2|Clefable, M|
|poke|p2|Zapdos|
|poke|p2|Slowking, M|
|teampreview
|inactive|Battle timer is ON: inactive players will automatically lose when time's up. (requested by roboPOKE)
|j| Jelly cookie
|
|t:|1623839975
|start
|switch|p1a: Slowking|Slowking, M|100/100
|switch|p2a: Slowking|Slowking, M|100/100
|turn|1
|
|t:|1623839984
|move|p2a: Slowking|Future Sight|p1a: Slowking
|-start|p2a: Slowking|move: Future Sight
|move|p1a: Slowking|Future Sight|p2a: Slowking
|-start|p1a: Slowking|move: Future Sight
|
|upkeep
|turn|2
|
|t:|1623839989
|move|p2a: Slowking|Scald|p1a: Slowking
|-resisted|p1a: Slowking
|-damage|p1a: Slowking|92/100
|move|p1a: Slowking|Teleport|p1a: Slowking
|
|t:|1623839994
|switch|p1a: Kartana|Kartana|100/100|[from]move: Teleport
|
|upkeep
|turn|3
|
|t:|1623840023
|switch|p2a: Melmetal|Melmetal|100/100
|move|p1a: Kartana|Knock Off|p2a: Melmetal
|-crit|p2a: Melmetal
|-damage|p2a: Melmetal|47/100
|-enditem|p2a: Melmetal|Choice Band|[from] move: Knock Off|[of] p1a: Kartana
|
|-end|p1a: Kartana|move: Future Sight
|-resisted|p1a: Kartana
|-damage|p1a: Kartana|37/100
|-end|p2a: Melmetal|move: Future Sight
|-resisted|p2a: Melmetal
|-damage|p2a: Melmetal|28/100
|upkeep
|turn|4
|inactive|federish has 120 seconds left.
|
|t:|1623840051
|switch|p1a: Hippowdon|Hippowdon, M|100/100
|-weather|Sandstorm|[from] ability: Sand Stream|[of] p1a: Hippowdon
|switch|p2a: Clefable|Clefable, M|100/100
|
|-weather|Sandstorm|[upkeep]
|upkeep
|turn|5
|j| impactx
|inactive|federish has 120 seconds left.
|
|t:|1623840060
|move|p2a: Clefable|Stealth Rock|p1a: Hippowdon
|-sidestart|p1: roboPOKE|move: Stealth Rock
|move|p1a: Hippowdon|Stealth Rock|p2a: Clefable
|-sidestart|p2: federish|move: Stealth Rock
|
|-weather|Sandstorm|[upkeep]
|upkeep
|turn|6
|
|t:|1623840066
|switch|p1a: Slowking|Slowking, M|100/100
|move|p2a: Clefable|Knock Off|p1a: Slowking
|-supereffective|p1a: Slowking
|-damage|p1a: Slowking|71/100
|-enditem|p1a: Slowking|Heavy-Duty Boots|[from] move: Knock Off|[of] p2a: Clefable
|
|-weather|Sandstorm|[upkeep]
|-damage|p1a: Slowking|64/100|[from] Sandstorm
|upkeep
|turn|7
|
|t:|1623840079
|switch|p2a: Zapdos|Zapdos|100/100
|move|p1a: Slowking|Slack Off|p1a: Slowking
|-heal|p1a: Slowking|100/100
|
|-weather|Sandstorm|[upkeep]
|-damage|p2a: Zapdos|94/100|[from] Sandstorm
|-damage|p1a: Slowking|94/100|[from] Sandstorm
|upkeep
|turn|8
|
|t:|1623840088
|switch|p1a: Hippowdon|Hippowdon, M|100/100
|-damage|p1a: Hippowdon|94/100|[from] Stealth Rock
|move|p2a: Zapdos|Discharge|p1a: Hippowdon
|-immune|p1a: Hippowdon
|
|-weather|none
|-heal|p1a: Hippowdon|100/100|[from] item: Leftovers
|upkeep
|turn|9
|
|t:|1623840101
|switch|p2a: Clefable|Clefable, M|100/100
|switch|p1a: Slowking|Slowking, M|100/100
|-damage|p1a: Slowking|88/100|[from] Stealth Rock
|
|upkeep
|turn|10
|
|t:|1623840110
|switch|p2a: Dragapult|Dragapult, F|100/100
|-damage|p2a: Dragapult|88/100|[from] Stealth Rock
|move|p1a: Slowking|Future Sight|p2a: Dragapult
|-start|p1a: Slowking|move: Future Sight
|
|-heal|p2a: Dragapult|94/100|[from] item: Leftovers
|upkeep
|turn|11
|
|t:|1623840123
|switch|p1a: Heatran|Heatran, M|100/100
|-damage|p1a: Heatran|88/100|[from] Stealth Rock
|move|p2a: Dragapult|Thunder Wave|p1a: Heatran
|-status|p1a: Heatran|par
|
|-heal|p2a: Dragapult|99/100|[from] item: Leftovers
|-heal|p1a: Heatran|94/100 par|[from] item: Leftovers
|upkeep
|turn|12
|j| ebolg
|
|t:|1623840134
|move|p2a: Dragapult|U-turn|p1a: Heatran
|-resisted|p1a: Heatran
|-damage|p1a: Heatran|90/100 par
|
|t:|1623840137
|switch|p2a: Slowking|Slowking, M|100/100|[from]move: U-turn
|move|p1a: Heatran|Magma Storm|p2a: Slowking
|-resisted|p2a: Slowking
|-damage|p2a: Slowking|83/100
|-activate|p2a: Slowking|move: Magma Storm|[of] p1a: Heatran
|
|-end|p2a: Slowking|move: Future Sight
|-resisted|p2a: Slowking
|-damage|p2a: Slowking|67/100
|-heal|p1a: Heatran|96/100 par|[from] item: Leftovers
|-damage|p2a: Slowking|54/100|[from] move: Magma Storm|[partiallytrapped]
|upkeep
|turn|13
|
|t:|1623840153
|move|p2a: Slowking|Scald|p1a: Heatran
|-supereffective|p1a: Heatran
|-damage|p1a: Heatran|62/100 par
|move|p1a: Heatran|Toxic|p2a: Slowking
|-status|p2a: Slowking|tox
|
|-heal|p1a: Heatran|68/100 par|[from] item: Leftovers
|-damage|p2a: Slowking|48/100 tox|[from] psn
|-damage|p2a: Slowking|36/100 tox|[from] move: Magma Storm|[partiallytrapped]
|upkeep
|turn|14
|
|t:|1623840170
|switch|p1a: Slowking|Slowking, M|100/100
|-damage|p1a: Slowking|88/100|[from] Stealth Rock
|move|p2a: Slowking|Slack Off|p2a: Slowking
|-heal|p2a: Slowking|86/100 tox
|
|-damage|p2a: Slowking|74/100 tox|[from] psn
|-end|p2a: Slowking|Magma Storm|[partiallytrapped]|[silent]
|upkeep
|turn|15
|j| Nuzzload
|
|t:|1623840184
|move|p2a: Slowking|Future Sight|p1a: Slowking
|-start|p2a: Slowking|move: Future Sight
|move|p1a: Slowking|Teleport|p1a: Slowking
|
|t:|1623840186
|switch|p1a: Kartana|Kartana|37/100|[from]move: Teleport
|-damage|p1a: Kartana|31/100|[from] Stealth Rock
|
|-damage|p2a: Slowking|55/100 tox|[from] psn
|upkeep
|turn|16
|
|t:|1623840204
|switch|p2a: Clefable|Clefable, M|100/100
|move|p1a: Kartana|Knock Off|p2a: Clefable
|-resisted|p2a: Clefable
|-damage|p2a: Clefable|69/100
|-enditem|p2a: Clefable|Leftovers|[from] move: Knock Off|[of] p1a: Kartana
|
|upkeep
|turn|17
|
|t:|1623840218
|switch|p1a: Slowking|Slowking, M|100/100
|-damage|p1a: Slowking|88/100|[from] Stealth Rock
|move|p2a: Clefable|Soft-Boiled|p2a: Clefable
|-heal|p2a: Clefable|100/100
|
|-end|p1a: Slowking|move: Future Sight
|-resisted|p1a: Slowking
|-damage|p1a: Slowking|76/100
|upkeep
|turn|18
|
|t:|1623840229
|switch|p2a: Dragapult|Dragapult, F|99/100
|-damage|p2a: Dragapult|88/100|[from] Stealth Rock
|move|p1a: Slowking|Teleport|p1a: Slowking
|
|t:|1623840234
|switch|p1a: Tapu Koko|Tapu Koko|100/100|[from]move: Teleport
|-fieldstart|move: Electric Terrain|[from] ability: Electric Surge|[of] p1a: Tapu Koko
|
|-heal|p2a: Dragapult|94/100|[from] item: Leftovers
|upkeep
|turn|19
|
|t:|1623840243
|move|p2a: Dragapult|U-turn|p1a: Tapu Koko
|-resisted|p1a: Tapu Koko
|-damage|p1a: Tapu Koko|86/100
|
|t:|1623840246
|switch|p2a: Nidoking|Nidoking, M|100/100|[from]move: U-turn
|-damage|p2a: Nidoking|95/100|[from] Stealth Rock
|move|p1a: Tapu Koko|Dazzling Gleam|p2a: Nidoking
|-resisted|p2a: Nidoking
|-damage|p2a: Nidoking|71/100
|
|upkeep
|turn|20
|
|t:|1623840256
|switch|p1a: Slowking|Slowking, M|100/100
|-damage|p1a: Slowking|88/100|[from] Stealth Rock
|move|p2a: Nidoking|Earth Power|p1a: Slowking
|-damage|p1a: Slowking|49/100
|
|upkeep
|turn|21
|
|t:|1623840269
|switch|p2a: Dragapult|Dragapult, F|94/100
|-damage|p2a: Dragapult|82/100|[from] Stealth Rock
|move|p1a: Slowking|Slack Off|p1a: Slowking
|-heal|p1a: Slowking|99/100
|
|-heal|p2a: Dragapult|88/100|[from] item: Leftovers
|upkeep
|turn|22
|
|t:|1623840284
|switch|p1a: Tapu Koko|Tapu Koko|86/100
|move|p2a: Dragapult|Dragon Darts|p1a: Tapu Koko
|-immune|p1a: Tapu Koko
|
|-heal|p2a: Dragapult|94/100|[from] item: Leftovers
|-fieldend|move: Electric Terrain
|upkeep
|turn|23
|
|t:|1623840295
|move|p2a: Dragapult|U-turn|p1a: Tapu Koko
|-resisted|p1a: Tapu Koko
|-crit|p1a: Tapu Koko
|-damage|p1a: Tapu Koko|63/100
|
|t:|1623840299
|switch|p2a: Slowking|Slowking, M|89/100 tox|[from]move: U-turn
|move|p1a: Tapu Koko|Dazzling Gleam|p2a: Slowking
|-damage|p2a: Slowking|62/100 tox
|
|-damage|p2a: Slowking|56/100 tox|[from] psn
|upkeep
|turn|24
|
|t:|1623840308
|switch|p2a: Nidoking|Nidoking, M|71/100
|-damage|p2a: Nidoking|65/100|[from] Stealth Rock
|move|p1a: Tapu Koko|U-turn|p2a: Nidoking
|-resisted|p2a: Nidoking
|-damage|p2a: Nidoking|53/100
|
|t:|1623840319
|switch|p1a: Kartana|Kartana|31/100|[from]move: U-turn
|-damage|p1a: Kartana|25/100|[from] Stealth Rock
|
|upkeep
|turn|25
|
|t:|1623840325
|switch|p2a: Zapdos|Zapdos|94/100
|move|p1a: Kartana|Knock Off|p2a: Zapdos
|-damage|p2a: Zapdos|43/100
|-status|p1a: Kartana|par|[from] ability: Static|[of] p2a: Zapdos
|-enditem|p2a: Zapdos|Heavy-Duty Boots|[from] move: Knock Off|[of] p1a: Kartana
|
|upkeep
|turn|26
|
|t:|1623840334
|switch|p1a: Tapu Koko|Tapu Koko|63/100
|-fieldstart|move: Electric Terrain|[from] ability: Electric Surge|[of] p1a: Tapu Koko
|move|p2a: Zapdos|Roost|p2a: Zapdos
|-heal|p2a: Zapdos|93/100
|-singleturn|p2a: Zapdos|move: Roost
|
|upkeep
|turn|27
|
|t:|1623840344
|move|p1a: Tapu Koko|Roost|p1a: Tapu Koko
|-heal|p1a: Tapu Koko|100/100
|-singleturn|p1a: Tapu Koko|move: Roost
|move|p2a: Zapdos|Heat Wave|p1a: Tapu Koko
|-damage|p1a: Tapu Koko|56/100
|
|upkeep
|turn|28
|
|t:|1623840351
|switch|p2a: Nidoking|Nidoking, M|53/100
|-damage|p2a: Nidoking|47/100|[from] Stealth Rock
|move|p1a: Tapu Koko|Thunderbolt|p2a: Nidoking
|-immune|p2a: Nidoking
|
|upkeep
|turn|29
|
|t:|1623840365
|move|p1a: Tapu Koko|U-turn|p2a: Nidoking
|-resisted|p2a: Nidoking
|-damage|p2a: Nidoking|36/100
|
|t:|1623840369
|switch|p1a: Slowking|Slowking, M|100/100|[from]move: U-turn
|-damage|p1a: Slowking|88/100|[from] Stealth Rock
|move|p2a: Nidoking|Earth Power|p1a: Slowking
|-damage|p1a: Slowking|53/100
|
|upkeep
|turn|30
|
|t:|1623840378
|move|p2a: Nidoking|Earth Power|p1a: Slowking
|-damage|p1a: Slowking|15/100
|move|p1a: Slowking|Slack Off|p1a: Slowking
|-heal|p1a: Slowking|65/100
|
|-fieldend|move: Electric Terrain
|upkeep
|turn|31
|
|t:|1623840392
|switch|p2a: Dragapult|Dragapult, F|94/100
|-damage|p2a: Dragapult|81/100|[from] Stealth Rock
|move|p1a: Slowking|Slack Off|p1a: Slowking
|-heal|p1a: Slowking|100/100
|
|-heal|p2a: Dragapult|87/100|[from] item: Leftovers
|upkeep
|turn|32
|
|t:|1623840402
|move|p2a: Dragapult|Hex|p1a: Slowking
|-supereffective|p1a: Slowking
|-damage|p1a: Slowking|70/100
|move|p1a: Slowking|Teleport|p1a: Slowking
|
|t:|1623840404
|switch|p1a: Tapu Koko|Tapu Koko|56/100|[from]move: Teleport
|-fieldstart|move: Electric Terrain|[from] ability: Electric Surge|[of] p1a: Tapu Koko
|
|-heal|p2a: Dragapult|93/100|[from] item: Leftovers
|upkeep
|turn|33
|
|t:|1623840413
|move|p2a: Dragapult|U-turn|p1a: Tapu Koko
|-resisted|p1a: Tapu Koko
|-damage|p1a: Tapu Koko|42/100
|
|t:|1623840421
|switch|p2a: Nidoking|Nidoking, M|36/100|[from]move: U-turn
|-damage|p2a: Nidoking|31/100|[from] Stealth Rock
|move|p1a: Tapu Koko|Roost|p1a: Tapu Koko
|-heal|p1a: Tapu Koko|92/100
|-singleturn|p1a: Tapu Koko|move: Roost
|
|upkeep
|turn|34
|
|t:|1623840435
|move|p1a: Tapu Koko|U-turn|p2a: Nidoking
|-resisted|p2a: Nidoking
|-damage|p2a: Nidoking|19/100
|
|t:|1623840438
|switch|p1a: Slowking|Slowking, M|100/100|[from]move: U-turn
|-damage|p1a: Slowking|88/100|[from] Stealth Rock
|move|p2a: Nidoking|Earth Power|p1a: Slowking
|-damage|p1a: Slowking|53/100
|
|upkeep
|turn|35
|
|t:|1623840447
|switch|p2a: Dragapult|Dragapult, F|93/100
|-damage|p2a: Dragapult|81/100|[from] Stealth Rock
|move|p1a: Slowking|Slack Off|p1a: Slowking
|-heal|p1a: Slowking|100/100
|
|-heal|p2a: Dragapult|87/100|[from] item: Leftovers
|upkeep
|turn|36
|
|t:|1623840462
|switch|p1a: Tapu Koko|Tapu Koko|92/100
|move|p2a: Dragapult|Thunder Wave|p1a: Tapu Koko
|-immune|p1a: Tapu Koko
|
|-heal|p2a: Dragapult|93/100|[from] item: Leftovers
|-fieldend|move: Electric Terrain
|upkeep
|turn|37
|-message|federish forfeited.
|
|win|roboPOKE
|raw|roboPOKE's rating: 1704 &rarr; <strong>1729</strong><br />(+25 for winning)
|raw|federish's rating: 1791 &rarr; <strong>1766</strong><br />(-25 for losing)
|l|‽federish
