|j|☆I'M AT MY LIMIT!
|j|☆SatelliteFifteen
|inactive|Battle timer is ON: inactive players will automatically lose when time's up.
|t:|1665709664
|gametype|singles
|player|p1|I'M AT MY LIMIT!|lucas|
|player|p2|SatelliteFifteen|byron|
|teamsize|p1|6
|teamsize|p2|6
|gen|8
|tier|[Gen 8] OU
|rated|Tournament battle
|rule|Sleep Clause Mod: Limit one foe put to sleep
|rule|Species Clause: Limit one of each Pokémon
|rule|OHKO Clause: OHKO moves are banned
|rule|Evasion Items Clause: Evasion items are banned
|rule|Evasion Moves Clause: Evasion moves are banned
|rule|Endless Battle Clause: Forcing endless battles is banned
|rule|HP Percentage Mod: HP is shown in percentages
|rule|Dynamax Clause: You cannot dynamax
|clearpoke
|poke|p1|Clefable, F|
|poke|p1|Gastrodon, F|
|poke|p1|Heatran, M|
|poke|p1|Rotom-Wash|
|poke|p1|Skarmory, M|
|poke|p1|Tapu Koko|
|poke|p2|Cloyster, F|
|poke|p2|Polteageist|
|poke|p2|Crawdaunt, M|
|poke|p2|Indeedee, M|
|poke|p2|Regieleki|
|poke|p2|Klefki, M|
|teampreview
|j| casualsister
|
|t:|1665709677
|start
|switch|p1a: Tapu Koko|Tapu Koko|100/100
|switch|p2a: King Crimson|Crawdaunt, M|100/100
|-fieldstart|move: Electric Terrain|[from] ability: Electric Surge|[of] p1a: Tapu Koko
|turn|1
|
|t:|1665709680
|switch|p2a: Rainbow|Indeedee, M|100/100
|-fieldstart|move: Psychic Terrain|[from] ability: Psychic Surge|[of] p2a: Rainbow
|move|p1a: Tapu Koko|Volt Switch|p2a: Rainbow
|-damage|p2a: Rainbow|61/100
|
|t:|1665709684
|switch|p1a: Heatran|Heatran, M|100/100|[from]move: Volt Switch
|
|upkeep
|turn|2
|
|t:|1665709690
|move|p2a: Rainbow|Expanding Force|p1a: Heatran
|-resisted|p1a: Heatran
|-damage|p1a: Heatran|76/100
|move|p1a: Heatran|Stealth Rock|p2a: Rainbow
|-sidestart|p2: SatelliteFifteen|move: Stealth Rock
|
|-heal|p1a: Heatran|83/100|[from] item: Leftovers
|upkeep
|turn|3
|
|t:|1665709693
|move|p2a: Rainbow|Encore|p1a: Heatran
|-start|p1a: Heatran|Encore
|move|p1a: Heatran|Stealth Rock||[still]
|-fail|p1a: Heatran
|
|-heal|p1a: Heatran|89/100|[from] item: Leftovers
|upkeep
|turn|4
|
|t:|1665709698
|switch|p2a: ELO|Regieleki|100/100
|-damage|p2a: ELO|88/100|[from] Stealth Rock
|switch|p1a: Tapu Koko|Tapu Koko|100/100
|-fieldstart|move: Electric Terrain|[from] ability: Electric Surge|[of] p1a: Tapu Koko
|
|upkeep
|turn|5
|
|t:|1665709700
|move|p2a: ELO|Rapid Spin|p1a: Tapu Koko
|-damage|p1a: Tapu Koko|87/100
|-boost|p2a: ELO|spe|1
|-sideend|p2: SatelliteFifteen|Stealth Rock|[from] move: Rapid Spin|[of] p2a: ELO
|move|p1a: Tapu Koko|Toxic|p2a: ELO
|-status|p2a: ELO|tox
|
|-damage|p2a: ELO|82/100 tox|[from] psn
|upkeep
|turn|6
|
|t:|1665709712
|switch|p2a: Cheap Trick|Klefki, M|100/100
|move|p1a: Tapu Koko|Volt Switch|p2a: Cheap Trick
|-damage|p2a: Cheap Trick|57/100
|-enditem|p2a: Cheap Trick|Eject Button
|j| OUTD bashing OU
|j| Bob240
|l| Bob240
|inactive|SatelliteFifteen has 120 seconds left.
|
|t:|1665709748
|switch|p2a: Blue Öyster Cult|Cloyster, F, shiny|100/100
|
|upkeep
|turn|7
|
|t:|1665709751
|switch|p2a: Cheap Trick|Klefki, M|57/100
|move|p1a: Tapu Koko|Volt Switch|p2a: Cheap Trick
|-damage|p2a: Cheap Trick|12/100
|
|t:|1665709754
|switch|p1a: Rotom|Rotom-Wash|100/100|[from]move: Volt Switch
|
|upkeep
|turn|8
|
|t:|1665709756
|move|p2a: Cheap Trick|Fairy Lock|p2a: Cheap Trick
|-fieldactivate|move: Fairy Lock
|move|p1a: Rotom|Volt Switch|p2a: Cheap Trick
|-damage|p2a: Cheap Trick|0 fnt
|faint|p2a: Cheap Trick
|
|t:|1665709760
|switch|p1a: Tapu Koko|Tapu Koko|87/100|[from]move: Volt Switch
|
|-fieldend|move: Electric Terrain
|upkeep
|
|t:|1665709767
|switch|p2a: ELO|Regieleki|82/100 tox
|turn|9
|
|t:|1665709772
|move|p2a: ELO|Volt Switch|p1a: Tapu Koko
|-resisted|p1a: Tapu Koko
|-damage|p1a: Tapu Koko|34/100
|
|t:|1665709778
|switch|p2a: Rainbow|Indeedee, M|61/100|[from]move: Volt Switch
|-fieldstart|move: Psychic Terrain|[from] ability: Psychic Surge|[of] p2a: Rainbow
|move|p1a: Tapu Koko|Roost|p1a: Tapu Koko
|-heal|p1a: Tapu Koko|85/100
|-singleturn|p1a: Tapu Koko|move: Roost
|
|upkeep
|turn|10
|
|t:|1665709782
|switch|p2a: ELO|Regieleki|82/100 tox
|move|p1a: Tapu Koko|Volt Switch|p2a: ELO
|-resisted|p2a: ELO
|-damage|p2a: ELO|55/100 tox
|
|t:|1665709785
|switch|p1a: Heatran|Heatran, M|89/100|[from]move: Volt Switch
|
|-heal|p1a: Heatran|95/100|[from] item: Leftovers
|-damage|p2a: ELO|49/100 tox|[from] psn
|upkeep
|turn|11
|
|t:|1665709787
|switch|p1a: Gastrodon|Gastrodon, F|100/100
|move|p2a: ELO|Volt Switch|p1a: Gastrodon
|-immune|p1a: Gastrodon
|
|-damage|p2a: ELO|37/100 tox|[from] psn
|upkeep
|turn|12
|
|t:|1665709791
|switch|p2a: King Crimson|Crawdaunt, M|100/100
|switch|p1a: Tapu Koko|Tapu Koko|85/100
|-fieldstart|move: Electric Terrain|[from] ability: Electric Surge|[of] p1a: Tapu Koko
|
|upkeep
|turn|13
|
|t:|1665709803
|move|p1a: Tapu Koko|Dazzling Gleam|p2a: King Crimson
|-supereffective|p2a: King Crimson
|-damage|p2a: King Crimson|0 fnt
|faint|p2a: King Crimson
|
|upkeep
|
|t:|1665709819
|switch|p2a: ELO|Regieleki|37/100 tox
|turn|14
|
|t:|1665709822
|switch|p2a: Blue Öyster Cult|Cloyster, F, shiny|100/100
|move|p1a: Tapu Koko|Roost|p1a: Tapu Koko
|-heal|p1a: Tapu Koko|100/100
|-singleturn|p1a: Tapu Koko|move: Roost
|
|upkeep
|turn|15
|
|t:|1665709849
|switch|p2a: ELO|Regieleki|37/100 tox
|move|p1a: Tapu Koko|Volt Switch|p2a: ELO
|-resisted|p2a: ELO
|-damage|p2a: ELO|1/100 tox
|j| El Hueco Mundo
|
|t:|1665709854
|switch|p1a: Rotom|Rotom-Wash|100/100|[from]move: Volt Switch
|
|-damage|p2a: ELO|0 fnt|[from] psn
|faint|p2a: ELO
|upkeep
|j|@Mimikyu Stardust
|j| CherN0ble
|
|t:|1665709862
|switch|p2a: The Moody Blues|Polteageist|100/100
|turn|16
|
|t:|1665709872
|move|p2a: The Moody Blues|Shell Smash|p2a: The Moody Blues
|-unboost|p2a: The Moody Blues|def|1
|-unboost|p2a: The Moody Blues|spd|1
|-boost|p2a: The Moody Blues|atk|2
|-boost|p2a: The Moody Blues|spa|2
|-boost|p2a: The Moody Blues|spe|2
|move|p1a: Rotom|Volt Switch|p2a: The Moody Blues
|-damage|p2a: The Moody Blues|56/100
|l| El Hueco Mundo
|
|t:|1665709880
|switch|p1a: Heatran|Heatran, M|95/100|[from]move: Volt Switch
|
|-heal|p1a: Heatran|100/100|[from] item: Leftovers
|-fieldend|move: Electric Terrain
|upkeep
|turn|17
|
|t:|1665709882
|move|p2a: The Moody Blues|Shadow Ball|p1a: Heatran
|-crit|p1a: Heatran
|-damage|p1a: Heatran|14/100
|move|p1a: Heatran|Heavy Slam|p2a: The Moody Blues
|-damage|p2a: The Moody Blues|0 fnt
|faint|p2a: The Moody Blues
|
|-heal|p1a: Heatran|20/100|[from] item: Leftovers
|upkeep
|
|t:|1665709890
|switch|p2a: Rainbow|Indeedee, M|61/100
|-fieldstart|move: Psychic Terrain|[from] ability: Psychic Surge|[of] p2a: Rainbow
|turn|18
|
|t:|1665709893
|move|p2a: Rainbow|Encore|p1a: Heatran
|-start|p1a: Heatran|Encore
|move|p1a: Heatran|Heavy Slam|p2a: Rainbow
|-damage|p2a: Rainbow|0 fnt
|faint|p2a: Rainbow
|
|-heal|p1a: Heatran|27/100|[from] item: Leftovers
|upkeep
|
|t:|1665709894
|switch|p2a: Blue Öyster Cult|Cloyster, F, shiny|100/100
|turn|19
|
|t:|1665709900
|move|p2a: Blue Öyster Cult|Shell Smash|p2a: Blue Öyster Cult
|-unboost|p2a: Blue Öyster Cult|def|1
|-unboost|p2a: Blue Öyster Cult|spd|1
|-boost|p2a: Blue Öyster Cult|atk|2
|-boost|p2a: Blue Öyster Cult|spa|2
|-boost|p2a: Blue Öyster Cult|spe|2
|move|p1a: Heatran|Heavy Slam|p2a: Blue Öyster Cult
|-damage|p2a: Blue Öyster Cult|71/100
|
|-heal|p1a: Heatran|33/100|[from] item: Leftovers
|upkeep
|turn|20
|
|t:|1665709901
|move|p2a: Blue Öyster Cult|Shell Smash|p2a: Blue Öyster Cult
|-unboost|p2a: Blue Öyster Cult|def|1
|-unboost|p2a: Blue Öyster Cult|spd|1
|-boost|p2a: Blue Öyster Cult|atk|2
|-boost|p2a: Blue Öyster Cult|spa|2
|-boost|p2a: Blue Öyster Cult|spe|2
|move|p1a: Heatran|Heavy Slam|p2a: Blue Öyster Cult
|-damage|p2a: Blue Öyster Cult|28/100
|
|-heal|p1a: Heatran|39/100|[from] item: Leftovers
|-end|p1a: Heatran|Encore
|upkeep
|turn|21
|
|t:|1665709904
|move|p2a: Blue Öyster Cult|Liquidation|p1a: Heatran
|-supereffective|p1a: Heatran
|-damage|p1a: Heatran|0 fnt
|faint|p1a: Heatran
|
|upkeep
|
|t:|1665709908
|switch|p1a: Skarmory|Skarmory, M|100/100
|turn|22
|
|t:|1665709910
|move|p2a: Blue Öyster Cult|Icicle Spear|p1a: Skarmory
|-damage|p1a: Skarmory|80/100
|-damage|p1a: Skarmory|58/100
|-damage|p1a: Skarmory|38/100
|-damage|p1a: Skarmory|16/100
|-crit|p1a: Skarmory
|-damage|p1a: Skarmory|0 fnt
|faint|p1a: Skarmory
|-hitcount|p1: Skarmory|5
|
|upkeep
|
|t:|1665709912
|switch|p1a: Rotom|Rotom-Wash|100/100
|turn|23
|
|t:|1665709914
|move|p2a: Blue Öyster Cult|Pin Missile|p1a: Rotom
|-damage|p1a: Rotom|76/100
|-damage|p1a: Rotom|52/100
|-damage|p1a: Rotom|28/100
|-damage|p1a: Rotom|2/100
|-damage|p1a: Rotom|0 fnt
|faint|p1a: Rotom
|-hitcount|p1: Rotom|5
|
|upkeep
|
|t:|1665709916
|switch|p1a: Gastrodon|Gastrodon, F|100/100
|turn|24
|
|t:|1665709917
|move|p2a: Blue Öyster Cult|Icicle Spear|p1a: Gastrodon
|-damage|p1a: Gastrodon|62/100
|-damage|p1a: Gastrodon|26/100
|-damage|p1a: Gastrodon|0 fnt
|faint|p1a: Gastrodon
|-hitcount|p1: Gastrodon|3
|
|upkeep
|-message|I'M AT MY LIMIT! forfeited.
|
|win|SatelliteFifteen
|n|☆I'M AT MY LIMIT!|imatmylimit
|n|☆SatelliteFifteen|satellitefifteen
|n| casualsister|casualsister
|n| OUTD bashing OU|outdbashingou
|n| Mimikyu Stardust|mimikyustardust
|n| CherN0ble|chern0ble
|l|☆I'M AT MY LIMIT!
|l|☆SatelliteFifteen
|l| casualsister
|j| blastablasta
|l| blastablasta
|l| Mimikyu Stardust
|j| Mimikyu Stardust
|l| Mimikyu Stardust
|j| Mimikyu Stardust
