|raw|<div class="broadcast-blue"><strong>This battle is required to be public due to a player having a name starting with 'btlt200'.</div>
|j|☆Xyllia
|j|☆BTLT200$ SF'
|t:|1668124880
|gametype|singles
|player|p1|Xyllia|dawn-gen4pt|
|player|p2|BTLT200$ SF'|palmer|
|teamsize|p1|6
|teamsize|p2|6
|gen|8
|tier|[Gen 8] OU
|rule|Sleep Clause Mod: Limit one foe put to sleep
|rule|Species Clause: Limit one of each Pokémon
|rule|OHKO Clause: OHKO moves are banned
|rule|Evasion Items Clause: Evasion items are banned
|rule|Evasion Moves Clause: Evasion moves are banned
|rule|Endless Battle Clause: Forcing endless battles is banned
|rule|HP Percentage Mod: HP is shown in percentages
|rule|Dynamax Clause: You cannot dynamax
|clearpoke
|poke|p1|Inteleon, M|
|poke|p1|Runerigus, F|
|poke|p1|Zarude|
|poke|p1|Weezing-Galar, M|
|poke|p1|Copperajah, M|
|poke|p1|Centiskorch, M|
|poke|p2|Slowbro-Galar, F|
|poke|p2|Copperajah, M|
|poke|p2|Weezing-Galar, M|
|poke|p2|Zarude-Dada|
|poke|p2|Runerigus, M|
|poke|p2|Arctovish|
|teampreview
|inactive|Battle timer is ON: inactive players will automatically lose when time's up. (requested by Xyllia)
|inactive|BTLT200$ SF' also wants the timer to be on.
|c|☆Xyllia|hf
|inactive|Xyllia has 270 seconds left.
|
|t:|1668124910
|start
|switch|p1a: Weezing|Weezing-Galar, M|100/100
|switch|p2a: Arctovish|Arctovish|100/100
|turn|1
|
|t:|1668124919
|move|p1a: Weezing|Sludge Bomb|p2a: Arctovish
|-damage|p2a: Arctovish|73/100
|move|p2a: Arctovish|Substitute|p2a: Arctovish
|-start|p2a: Arctovish|Substitute
|-damage|p2a: Arctovish|48/100
|
|upkeep
|turn|2
|
|t:|1668124930
|move|p1a: Weezing|Sludge Bomb|p2a: Arctovish
|-end|p2a: Arctovish|Substitute
|move|p2a: Arctovish|Freeze-Dry|p1a: Weezing
|-damage|p1a: Weezing|75/100
|
|upkeep
|turn|3
|
|t:|1668124934
|switch|p2a: Slowbro|Slowbro-Galar, F|100/100
|move|p1a: Weezing|Sludge Bomb|p2a: Slowbro
|-resisted|p2a: Slowbro
|-damage|p2a: Slowbro|84/100
|
|upkeep
|turn|4
|
|t:|1668124941
|switch|p1a: Runerigus|Runerigus, F|100/100
|move|p2a: Slowbro|Sludge Bomb|p1a: Runerigus
|-resisted|p1a: Runerigus
|-damage|p1a: Runerigus|95/100
|
|-heal|p1a: Runerigus|100/100|[from] item: Leftovers
|upkeep
|turn|5
|
|t:|1668124947
|switch|p2a: Arctovish|Arctovish|48/100
|move|p1a: Runerigus|Stealth Rock|p2a: Arctovish
|-sidestart|p2: BTLT200$ SF'|move: Stealth Rock
|
|upkeep
|turn|6
|
|t:|1668124953
|switch|p1a: Weezing|Weezing-Galar, M|75/100
|move|p2a: Arctovish|Fishious Rend|p1a: Weezing
|-damage|p1a: Weezing|19/100
|-damage|p2a: Arctovish|32/100|[from] item: Rocky Helmet|[of] p1a: Weezing
|
|upkeep
|turn|7
|
|t:|1668124960
|switch|p2a: Runerigus|Runerigus, M|100/100
|-damage|p2a: Runerigus|94/100|[from] Stealth Rock
|move|p1a: Weezing|Sludge Bomb|p2a: Runerigus
|-resisted|p2a: Runerigus
|-damage|p2a: Runerigus|90/100
|
|-heal|p2a: Runerigus|96/100|[from] item: Leftovers
|upkeep
|turn|8
|
|t:|1668124963
|move|p1a: Weezing|Taunt|p2a: Runerigus
|-start|p2a: Runerigus|move: Taunt
|cant|p2a: Runerigus|move: Taunt|Stealth Rock
|
|-heal|p2a: Runerigus|100/100|[from] item: Leftovers
|upkeep
|turn|9
|
|t:|1668124978
|move|p1a: Weezing|Pain Split|p2a: Runerigus
|-sethp|p2a: Runerigus|60/100|[from] move: Pain Split|[silent]
|-sethp|p1a: Weezing|58/100|[from] move: Pain Split
|move|p2a: Runerigus|Poltergeist|p1a: Weezing|[miss]
|-miss|p2a: Runerigus|p1a: Weezing
|
|-heal|p2a: Runerigus|66/100|[from] item: Leftovers
|upkeep
|turn|10
|
|t:|1668124987
|switch|p1a: Zarude|Zarude|100/100
|move|p2a: Runerigus|Poltergeist|p1a: Zarude|[miss]
|-miss|p2a: Runerigus|p1a: Zarude
|
|-heal|p2a: Runerigus|73/100|[from] item: Leftovers
|-end|p2a: Runerigus|move: Taunt
|upkeep
|turn|11
|
|t:|1668124991
|switch|p2a: Weezing|Weezing-Galar, M|100/100
|-damage|p2a: Weezing|88/100|[from] Stealth Rock
|move|p1a: Zarude|U-turn|p2a: Weezing
|-resisted|p2a: Weezing
|-damage|p2a: Weezing|85/100
|-damage|p1a: Zarude|84/100|[from] item: Rocky Helmet|[of] p2a: Weezing
|
|t:|1668124993
|switch|p1a: Inteleon|Inteleon, M|100/100|[from]move: U-turn
|
|upkeep
|turn|12
|
|t:|1668125007
|switch|p2a: Copperajah|Copperajah, M|100/100
|-damage|p2a: Copperajah|94/100|[from] Stealth Rock
|move|p1a: Inteleon|Surf|p2a: Copperajah
|-damage|p2a: Copperajah|44/100
|
|upkeep
|turn|13
|
|t:|1668125019
|switch|p2a: Arctovish|Arctovish|32/100
|move|p1a: Inteleon|Surf|p2a: Arctovish
|-heal|p2a: Arctovish|56/100|[from] ability: Water Absorb|[of] p1a: Inteleon
|
|upkeep
|turn|14
|
|t:|1668125035
|switch|p1a: Zarude|Zarude|84/100
|move|p2a: Arctovish|Fishious Rend|p1a: Zarude
|-resisted|p1a: Zarude
|-damage|p1a: Zarude|46/100
|
|upkeep
|turn|15
|
|t:|1668125037
|switch|p2a: Weezing|Weezing-Galar, M|85/100
|-damage|p2a: Weezing|72/100|[from] Stealth Rock
|move|p1a: Zarude|Jungle Healing|p1a: Zarude
|-heal|p1a: Zarude|71/100
|
|upkeep
|turn|16
|
|t:|1668125047
|switch|p1a: Centiskorch|Centiskorch, M|100/100
|move|p2a: Weezing|Will-O-Wisp|p1a: Centiskorch
|-start|p1a: Centiskorch|ability: Flash Fire
|
|upkeep
|turn|17
|
|t:|1668125066
|move|p1a: Centiskorch|Fire Lash|p2a: Weezing
|-damage|p2a: Weezing|32/100
|-unboost|p2a: Weezing|def|1
|-damage|p1a: Centiskorch|84/100|[from] item: Rocky Helmet|[of] p2a: Weezing
|move|p2a: Weezing|Sludge Bomb|p1a: Centiskorch
|-damage|p1a: Centiskorch|54/100
|-status|p1a: Centiskorch|psn
|
|-damage|p1a: Centiskorch|42/100 psn|[from] psn
|upkeep
|turn|18
|
|t:|1668125073
|switch|p2a: Slowbro|Slowbro-Galar, F|100/100
|-damage|p2a: Slowbro|88/100|[from] Stealth Rock
|move|p1a: Centiskorch|Fire Lash|p2a: Slowbro
|-damage|p2a: Slowbro|45/100
|-unboost|p2a: Slowbro|def|1
|-damage|p1a: Centiskorch|25/100 psn|[from] item: Rocky Helmet|[of] p2a: Slowbro
|
|-damage|p1a: Centiskorch|13/100 psn|[from] psn
|upkeep
|turn|19
|
|t:|1668125092
|switch|p2a: Copperajah|Copperajah, M|44/100
|-damage|p2a: Copperajah|37/100|[from] Stealth Rock
|move|p1a: Centiskorch|Fire Lash|p2a: Copperajah
|-supereffective|p2a: Copperajah
|-damage|p2a: Copperajah|0 fnt
|faint|p2a: Copperajah
|
|-damage|p1a: Centiskorch|0 fnt|[from] psn
|faint|p1a: Centiskorch
|upkeep
|inactive|Xyllia has 270 seconds left.
|
|t:|1668125132
|switch|p1a: Copperajah|Copperajah, M|100/100
|switch|p2a: Slowbro|Slowbro-Galar, F|79/100
|-damage|p2a: Slowbro|66/100|[from] Stealth Rock
|turn|20
|
|t:|1668125141
|move|p1a: Copperajah|Heavy Slam|p2a: Slowbro
|-damage|p2a: Slowbro|24/100
|-damage|p1a: Copperajah|84/100|[from] item: Rocky Helmet|[of] p2a: Slowbro
|move|p2a: Slowbro|Slack Off|p2a: Slowbro
|-heal|p2a: Slowbro|74/100
|
|upkeep
|turn|21
|inactive|Xyllia has 270 seconds left.
|
|t:|1668125159
|switch|p1a: Runerigus|Runerigus, F|100/100
|move|p2a: Slowbro|Slack Off|p2a: Slowbro
|-heal|p2a: Slowbro|100/100
|
|upkeep
|turn|22
|
|t:|1668125165
|switch|p2a: Zarude|Zarude-Dada|100/100
|move|p1a: Runerigus|Will-O-Wisp|p2a: Zarude
|-status|p2a: Zarude|brn
|
|-damage|p2a: Zarude|95/100 brn|[from] brn
|upkeep
|turn|23
|
|t:|1668125170
|switch|p1a: Weezing|Weezing-Galar, M|58/100
|move|p2a: Zarude|Jungle Healing|p2a: Zarude
|-heal|p2a: Zarude|100/100 brn
|-curestatus|p2a: Zarude|brn|[msg]
|
|upkeep
|turn|24
|
|t:|1668125179
|switch|p2a: Runerigus|Runerigus, M|73/100
|-damage|p2a: Runerigus|66/100|[from] Stealth Rock
|move|p1a: Weezing|Sludge Bomb|p2a: Runerigus
|-resisted|p2a: Runerigus
|-damage|p2a: Runerigus|61/100
|
|-heal|p2a: Runerigus|68/100|[from] item: Leftovers
|upkeep
|turn|25
|
|t:|1668125192
|switch|p2a: Slowbro|Slowbro-Galar, F|100/100
|-damage|p2a: Slowbro|88/100|[from] Stealth Rock
|move|p1a: Weezing|Taunt|p2a: Slowbro
|-start|p2a: Slowbro|move: Taunt
|
|upkeep
|turn|26
|
|t:|1668125199
|switch|p1a: Runerigus|Runerigus, F|100/100
|move|p2a: Slowbro|Sludge Bomb|p1a: Runerigus
|-resisted|p1a: Runerigus
|-damage|p1a: Runerigus|95/100
|-status|p1a: Runerigus|psn
|
|-heal|p1a: Runerigus|100/100 psn|[from] item: Leftovers
|-damage|p1a: Runerigus|88/100 psn|[from] psn
|upkeep
|turn|27
|
|t:|1668125206
|switch|p1a: Copperajah|Copperajah, M|84/100
|switch|p2a: Zarude|Zarude-Dada|100/100
|
|upkeep
|turn|28
|
|t:|1668125215
|switch|p2a: Slowbro|Slowbro-Galar, F|100/100
|-damage|p2a: Slowbro|88/100|[from] Stealth Rock
|move|p1a: Copperajah|Heavy Slam|p2a: Slowbro
|-damage|p2a: Slowbro|41/100
|-damage|p1a: Copperajah|67/100|[from] item: Rocky Helmet|[of] p2a: Slowbro
|
|upkeep
|turn|29
|
|t:|1668125229
|switch|p2a: Zarude|Zarude-Dada|100/100
|move|p1a: Copperajah|Heavy Slam|p2a: Zarude
|-damage|p2a: Zarude|35/100
|
|upkeep
|turn|30
|inactive|Xyllia has 270 seconds left.
|
|t:|1668125262
|move|p2a: Zarude|Close Combat|p1a: Copperajah
|-supereffective|p1a: Copperajah
|-damage|p1a: Copperajah|0 fnt
|-unboost|p2a: Zarude|def|1
|-unboost|p2a: Zarude|spd|1
|faint|p1a: Copperajah
|
|upkeep
|inactive|Xyllia has 270 seconds left.
|
|t:|1668125275
|switch|p1a: Weezing|Weezing-Galar, M|58/100
|turn|31
|
|t:|1668125282
|switch|p2a: Slowbro|Slowbro-Galar, F|75/100
|-damage|p2a: Slowbro|62/100|[from] Stealth Rock
|move|p1a: Weezing|Sludge Bomb|p2a: Slowbro
|-resisted|p2a: Slowbro
|-damage|p2a: Slowbro|46/100
|
|upkeep
|turn|32
|
|t:|1668125287
|move|p1a: Weezing|Taunt|p2a: Slowbro
|-start|p2a: Slowbro|move: Taunt
|move|p2a: Slowbro|Sludge Bomb|p1a: Weezing
|-damage|p1a: Weezing|19/100
|
|upkeep
|turn|33
|
|t:|1668125290
|switch|p1a: Runerigus|Runerigus, F|88/100 psn
|move|p2a: Slowbro|Sludge Bomb|p1a: Runerigus
|-resisted|p1a: Runerigus
|-damage|p1a: Runerigus|82/100 psn
|
|-heal|p1a: Runerigus|89/100 psn|[from] item: Leftovers
|-damage|p1a: Runerigus|76/100 psn|[from] psn
|upkeep
|turn|34
|
|t:|1668125293
|switch|p1a: Inteleon|Inteleon, M|100/100
|switch|p2a: Zarude|Zarude-Dada|35/100
|
|upkeep
|turn|35
|
|t:|1668125313
|switch|p2a: Arctovish|Arctovish|56/100
|move|p1a: Inteleon|U-turn|p2a: Arctovish
|-damage|p2a: Arctovish|45/100
|
|t:|1668125315
|switch|p1a: Zarude|Zarude|71/100|[from]move: U-turn
|
|upkeep
|turn|36
|
|t:|1668125321
|switch|p2a: Weezing|Weezing-Galar, M|32/100
|-damage|p2a: Weezing|20/100|[from] Stealth Rock
|move|p1a: Zarude|Power Whip|p2a: Weezing
|-resisted|p2a: Weezing
|-damage|p2a: Weezing|0 fnt
|-damage|p1a: Zarude|55/100|[from] item: Rocky Helmet|[of] p2a: Weezing
|faint|p2a: Weezing
|
|upkeep
|
|t:|1668125332
|switch|p2a: Slowbro|Slowbro-Galar, F|79/100
|-damage|p2a: Slowbro|67/100|[from] Stealth Rock
|turn|37
|
|t:|1668125355
|switch|p1a: Runerigus|Runerigus, F|76/100 psn
|move|p2a: Slowbro|Sludge Bomb|p1a: Runerigus
|-resisted|p1a: Runerigus
|-damage|p1a: Runerigus|70/100 psn
|
|-heal|p1a: Runerigus|76/100 psn|[from] item: Leftovers
|-damage|p1a: Runerigus|64/100 psn|[from] psn
|upkeep
|turn|38
|
|t:|1668125382
|switch|p2a: Runerigus|Runerigus, M|68/100
|-damage|p2a: Runerigus|61/100|[from] Stealth Rock
|move|p1a: Runerigus|Earthquake|p2a: Runerigus
|-damage|p2a: Runerigus|37/100
|
|-heal|p1a: Runerigus|70/100 psn|[from] item: Leftovers
|-heal|p2a: Runerigus|43/100|[from] item: Leftovers
|-damage|p1a: Runerigus|57/100 psn|[from] psn
|upkeep
|turn|39
|
|t:|1668125393
|switch|p1a: Zarude|Zarude|55/100
|switch|p2a: Zarude|Zarude-Dada|35/100
|
|upkeep
|turn|40
|
|t:|1668125402
|switch|p1a: Weezing|Weezing-Galar, M|19/100
|switch|p2a: Slowbro|Slowbro-Galar, F|99/100
|-damage|p2a: Slowbro|88/100|[from] Stealth Rock
|
|upkeep
|turn|41
|
|t:|1668125405
|move|p1a: Weezing|Pain Split|p2a: Slowbro
|-sethp|p2a: Slowbro|52/100|[from] move: Pain Split|[silent]
|-sethp|p1a: Weezing|61/100|[from] move: Pain Split
|move|p2a: Slowbro|Calm Mind|p2a: Slowbro
|-boost|p2a: Slowbro|spa|1
|-boost|p2a: Slowbro|spd|1
|
|upkeep
|turn|42
|
|t:|1668125414
|switch|p1a: Runerigus|Runerigus, F|57/100 psn
|move|p2a: Slowbro|Flamethrower|p1a: Runerigus
|-damage|p1a: Runerigus|35/100 psn
|
|-heal|p1a: Runerigus|41/100 psn|[from] item: Leftovers
|-damage|p1a: Runerigus|29/100 psn|[from] psn
|upkeep
|turn|43
|
|t:|1668125420
|switch|p2a: Zarude|Zarude-Dada|35/100
|move|p1a: Runerigus|Earthquake|p2a: Zarude
|-resisted|p2a: Zarude
|-damage|p2a: Zarude|19/100
|
|-heal|p1a: Runerigus|35/100 psn|[from] item: Leftovers
|-damage|p1a: Runerigus|22/100 psn|[from] psn
|upkeep
|turn|44
|
|t:|1668125429
|switch|p1a: Inteleon|Inteleon, M|100/100
|move|p2a: Zarude|Jungle Healing|p2a: Zarude
|-heal|p2a: Zarude|44/100
|
|upkeep
|turn|45
|
|t:|1668125436
|switch|p2a: Slowbro|Slowbro-Galar, F|85/100
|-damage|p2a: Slowbro|73/100|[from] Stealth Rock
|move|p1a: Inteleon|U-turn|p2a: Slowbro
|-damage|p2a: Slowbro|64/100
|-damage|p1a: Inteleon|84/100|[from] item: Rocky Helmet|[of] p2a: Slowbro
|
|t:|1668125448
|switch|p1a: Zarude|Zarude|55/100|[from]move: U-turn
|
|upkeep
|turn|46
|
|t:|1668125453
|move|p1a: Zarude|Darkest Lariat|p2a: Slowbro
|-supereffective|p2a: Slowbro
|-damage|p2a: Slowbro|11/100
|-damage|p1a: Zarude|38/100|[from] item: Rocky Helmet|[of] p2a: Slowbro
|move|p2a: Slowbro|Sludge Bomb|p1a: Zarude
|-supereffective|p1a: Zarude
|-damage|p1a: Zarude|0 fnt
|faint|p1a: Zarude
|
|upkeep
|
|t:|1668125466
|switch|p1a: Inteleon|Inteleon, M|84/100
|turn|47
|
|t:|1668125479
|switch|p2a: Runerigus|Runerigus, M|43/100
|-damage|p2a: Runerigus|37/100|[from] Stealth Rock
|move|p1a: Inteleon|Ice Beam|p2a: Runerigus
|-supereffective|p2a: Runerigus
|-damage|p2a: Runerigus|0 fnt
|faint|p2a: Runerigus
|
|upkeep
|
|t:|1668125483
|switch|p2a: Arctovish|Arctovish|45/100
|turn|48
|
|t:|1668125496
|switch|p1a: Runerigus|Runerigus, F|22/100 psn
|switch|p2a: Slowbro|Slowbro-Galar, F|44/100
|-damage|p2a: Slowbro|32/100|[from] Stealth Rock
|
|-heal|p1a: Runerigus|29/100 psn|[from] item: Leftovers
|-damage|p1a: Runerigus|16/100 psn|[from] psn
|upkeep
|turn|49
|
|t:|1668125507
|switch|p1a: Weezing|Weezing-Galar, M|61/100
|switch|p2a: Zarude|Zarude-Dada|44/100
|
|upkeep
|turn|50
|
|t:|1668125512
|switch|p2a: Slowbro|Slowbro-Galar, F|65/100
|-damage|p2a: Slowbro|53/100|[from] Stealth Rock
|move|p1a: Weezing|Sludge Bomb|p2a: Slowbro
|-resisted|p2a: Slowbro
|-damage|p2a: Slowbro|38/100
|
|upkeep
|turn|51
|
|t:|1668125517
|switch|p1a: Runerigus|Runerigus, F|16/100 psn
|move|p2a: Slowbro|Sludge Bomb|p1a: Runerigus
|-resisted|p1a: Runerigus
|-damage|p1a: Runerigus|10/100 psn
|
|-heal|p1a: Runerigus|16/100 psn|[from] item: Leftovers
|-damage|p1a: Runerigus|4/100 psn|[from] psn
|upkeep
|turn|52
|
|t:|1668125523
|switch|p1a: Inteleon|Inteleon, M|84/100
|switch|p2a: Zarude|Zarude-Dada|44/100
|
|upkeep
|turn|53
|
|t:|1668125528
|switch|p2a: Arctovish|Arctovish|45/100
|move|p1a: Inteleon|Ice Beam|p2a: Arctovish
|-resisted|p2a: Arctovish
|-damage|p2a: Arctovish|33/100
|
|upkeep
|turn|54
|
|t:|1668125540
|switch|p1a: Weezing|Weezing-Galar, M|61/100
|move|p2a: Arctovish|Freeze-Dry|p1a: Weezing
|-damage|p1a: Weezing|36/100
|
|upkeep
|turn|55
|
|t:|1668125547
|switch|p2a: Slowbro|Slowbro-Galar, F|71/100
|-damage|p2a: Slowbro|59/100|[from] Stealth Rock
|move|p1a: Weezing|Pain Split|p2a: Slowbro
|-sethp|p2a: Slowbro|45/100|[from] move: Pain Split|[silent]
|-sethp|p1a: Weezing|53/100|[from] move: Pain Split
|
|upkeep
|turn|56
|
|t:|1668125553
|switch|p1a: Inteleon|Inteleon, M|84/100
|move|p2a: Slowbro|Slack Off|p2a: Slowbro
|-heal|p2a: Slowbro|95/100
|
|upkeep
|turn|57
|
|t:|1668125569
|move|p1a: Inteleon|Ice Beam|p2a: Slowbro
|-damage|p2a: Slowbro|43/100
|move|p2a: Slowbro|Sludge Bomb|p1a: Inteleon
|-damage|p1a: Inteleon|36/100
|-status|p1a: Inteleon|psn
|
|-damage|p1a: Inteleon|23/100 psn|[from] psn
|upkeep
|turn|58
|c|☆BTLT200$ SF'|gg
|c|☆Xyllia|gg
|-message|Xyllia forfeited.
|
|win|BTLT200$ SF'
|l|☆Xyllia
