|j|☆wsdfg
|j|☆ateskarrakus
|t:|1604851588
|player|p1|wsdfg|burglar|1819
|player|p2|ateskarrakus|101|1839
|teamsize|p1|6
|teamsize|p2|6
|gametype|singles
|gen|8
|tier|[Gen 8] OU
|rated|
|clearpoke
|poke|p1|Tapu Fini|
|poke|p1|Zapdos|
|poke|p1|Blissey, F|
|poke|p1|Landorus-Therian, M|
|poke|p1|Melmetal|
|poke|p1|Spectrier|
|poke|p2|Cinderace, M|
|poke|p2|Rillaboom, M|
|poke|p2|Landorus-Therian, M|
|poke|p2|Spectrier|
|poke|p2|Magearna|
|poke|p2|Urshifu-*, M|
|rule|Sleep Clause Mod: Limit one foe put to sleep
|rule|Species Clause: Limit one of each Pokémon
|rule|OHKO Clause: OHKO moves are banned
|rule|Evasion Moves Clause: Evasion moves are banned
|rule|Endless Battle Clause: Forcing endless battles is banned
|rule|HP Percentage Mod: HP is shown in percentages
|rule|Dynamax Clause: You cannot dynamax
|teampreview
|j| Boi 240
|
|t:|1604851601
|start
|switch|p1a: Landorus|Landorus-Therian, M|100/100
|switch|p2a: Rillaboom|Rillaboom, M, shiny|100/100
|-ability|p1a: Landorus|Intimidate|boost
|-unboost|p2a: Rillaboom|atk|1
|-fieldstart|move: Grassy Terrain|[from] ability: Grassy Surge|[of] p2a: Rillaboom
|turn|1
|j| vepp
|
|t:|1604851610
|move|p1a: Landorus|U-turn|p2a: Rillaboom
|-supereffective|p2a: Rillaboom
|-damage|p2a: Rillaboom|62/100
|
|t:|1604851613
|switch|p1a: Zapdos|Zapdos|100/100|[from]move: U-turn
|move|p2a: Rillaboom|Swords Dance|p2a: Rillaboom
|-boost|p2a: Rillaboom|atk|2
|
|-heal|p2a: Rillaboom|68/100|[from] Grassy Terrain
|upkeep
|turn|2
|j| yiyue
|
|t:|1604851620
|move|p2a: Rillaboom|Grassy Glide|p1a: Zapdos
|-resisted|p1a: Zapdos
|-damage|p1a: Zapdos|63/100
|-damage|p2a: Rillaboom|51/100|[from] item: Rocky Helmet|[of] p1a: Zapdos
|-damage|p2a: Rillaboom|42/100|[from] item: Life Orb
|move|p1a: Zapdos|Toxic|p2a: Rillaboom
|-status|p2a: Rillaboom|tox
|
|-heal|p2a: Rillaboom|48/100 tox|[from] Grassy Terrain
|-damage|p2a: Rillaboom|42/100 tox|[from] psn
|upkeep
|turn|3
|
|t:|1604851628
|move|p1a: Zapdos|Roost|p1a: Zapdos
|-heal|p1a: Zapdos|100/100
|-singleturn|p1a: Zapdos|move: Roost
|move|p2a: Rillaboom|High Horsepower|p1a: Zapdos|[miss]
|-miss|p2a: Rillaboom|p1a: Zapdos
|
|-heal|p2a: Rillaboom|48/100 tox|[from] Grassy Terrain
|-damage|p2a: Rillaboom|35/100 tox|[from] psn
|upkeep
|turn|4
|
|t:|1604851636
|move|p1a: Zapdos|Thunderbolt|p2a: Rillaboom
|-resisted|p2a: Rillaboom
|-damage|p2a: Rillaboom|14/100 tox
|move|p2a: Rillaboom|Knock Off|p1a: Zapdos
|-crit|p1a: Zapdos
|-damage|p1a: Zapdos|24/100
|-damage|p2a: Rillaboom|0 fnt|[from] item: Rocky Helmet|[of] p1a: Zapdos
|faint|p2a: Rillaboom
|
|upkeep
|j| galactest bro !
|j| nRtedヅ
|j| jhvghccfh
|j| Culamen
|
|t:|1604851649
|switch|p2a: Cinderace|Cinderace, M|100/100
|turn|5
|l| galactest bro !
|
|t:|1604851655
|move|p2a: Cinderace|Gunk Shot|p1a: Zapdos
|-start|p2a: Cinderace|typechange|Poison|[from] ability: Libero
|-damage|p1a: Zapdos|0 fnt
|-damage|p2a: Cinderace|91/100|[from] item: Life Orb
|faint|p1a: Zapdos
|
|-heal|p2a: Cinderace|97/100|[from] Grassy Terrain
|-fieldend|move: Grassy Terrain
|upkeep
|j| 0zorcNecropHADES
|
|t:|1604851660
|switch|p1a: Landorus|Landorus-Therian, M|100/100
|-ability|p1a: Landorus|Intimidate|boost
|-unboost|p2a: Cinderace|atk|1
|turn|6
|
|t:|1604851665
|switch|p2a: Landorus|Landorus-Therian, M, shiny|100/100
|-ability|p2a: Landorus|Intimidate|boost
|-unboost|p1a: Landorus|atk|1
|move|p1a: Landorus|Stealth Rock|p2a: Landorus
|-sidestart|p2: ateskarrakus|move: Stealth Rock
|
|upkeep
|turn|7
|
|t:|1604851671
|move|p1a: Landorus|Toxic|p2a: Landorus
|-status|p2a: Landorus|tox
|move|p2a: Landorus|Defog|p1a: Landorus
|-unboost|p1a: Landorus|evasion|1
|-sideend|p2: ateskarrakus|Stealth Rock|[from] move: Defog|[of] p2a: Landorus
|
|-damage|p2a: Landorus|94/100 tox|[from] psn
|upkeep
|turn|8
|
|t:|1604851674
|move|p1a: Landorus|Stealth Rock|p2a: Landorus
|-sidestart|p2: ateskarrakus|move: Stealth Rock
|move|p2a: Landorus|Knock Off|p1a: Landorus
|-damage|p1a: Landorus|76/100
|-enditem|p1a: Landorus|Leftovers|[from] move: Knock Off|[of] p2a: Landorus
|
|-damage|p2a: Landorus|82/100 tox|[from] psn
|upkeep
|turn|9
|
|t:|1604851681
|move|p1a: Landorus|U-turn|p2a: Landorus
|-resisted|p2a: Landorus
|-damage|p2a: Landorus|77/100 tox
|-damage|p1a: Landorus|59/100|[from] item: Rocky Helmet|[of] p2a: Landorus
|j| Poulet Maroille
|
|t:|1604851684
|switch|p1a: Tapu Fini|Tapu Fini|100/100|[from]move: U-turn
|-fieldstart|move: Misty Terrain|[from] ability: Misty Surge|[of] p1a: Tapu Fini
|move|p2a: Landorus|U-turn|p1a: Tapu Fini
|-resisted|p1a: Tapu Fini
|-damage|p1a: Tapu Fini|93/100
|j| WellanLogan
|l| Culamen
|j| C4T N0IR
|
|t:|1604851699
|switch|p2a: Cinderace|Cinderace, M|97/100|[from]move: U-turn
|-damage|p2a: Cinderace|72/100|[from] Stealth Rock
|
|-heal|p1a: Tapu Fini|99/100|[from] item: Leftovers
|upkeep
|turn|10
|
|t:|1604851705
|move|p1a: Tapu Fini|Protect|p1a: Tapu Fini
|-singleturn|p1a: Tapu Fini|Protect
|move|p2a: Cinderace|Gunk Shot|p1a: Tapu Fini
|-start|p2a: Cinderace|typechange|Poison|[from] ability: Libero
|-activate|p1a: Tapu Fini|move: Protect
|
|-heal|p1a: Tapu Fini|100/100|[from] item: Leftovers
|upkeep
|turn|11
|
|t:|1604851709
|switch|p1a: Landorus|Landorus-Therian, M|59/100
|-ability|p1a: Landorus|Intimidate|boost
|-unboost|p2a: Cinderace|atk|1
|move|p2a: Cinderace|Pyro Ball|p1a: Landorus
|-start|p2a: Cinderace|typechange|Fire|[from] ability: Libero
|-damage|p1a: Landorus|23/100
|-damage|p2a: Cinderace|62/100|[from] item: Life Orb
|
|upkeep
|turn|12
|j| withouthaxiwin
|j| Radatada
|
|t:|1604851716
|switch|p1a: Tapu Fini|Tapu Fini|100/100
|move|p2a: Cinderace|Pyro Ball|p1a: Tapu Fini
|-resisted|p1a: Tapu Fini
|-damage|p1a: Tapu Fini|82/100
|-damage|p2a: Cinderace|52/100|[from] item: Life Orb
|
|-heal|p1a: Tapu Fini|88/100|[from] item: Leftovers
|upkeep
|turn|13
|
|t:|1604851721
|switch|p1a: Landorus|Landorus-Therian, M|23/100
|-ability|p1a: Landorus|Intimidate|boost
|-unboost|p2a: Cinderace|atk|1
|move|p2a: Cinderace|Gunk Shot|p1a: Landorus
|-start|p2a: Cinderace|typechange|Poison|[from] ability: Libero
|-resisted|p1a: Landorus
|-damage|p1a: Landorus|8/100
|-damage|p2a: Cinderace|42/100|[from] item: Life Orb
|
|-fieldend|Misty Terrain
|upkeep
|turn|14
|
|t:|1604851733
|switch|p1a: Melmetal|Melmetal|100/100
|move|p2a: Cinderace|Gunk Shot|p1a: Melmetal
|-immune|p1a: Melmetal
|
|upkeep
|turn|15
|
|t:|1604851738
|switch|p2a: Landorus|Landorus-Therian, M, shiny|77/100 tox
|-damage|p2a: Landorus|65/100 tox|[from] Stealth Rock
|-ability|p2a: Landorus|Intimidate|boost
|-unboost|p1a: Melmetal|atk|1
|switch|p1a: Tapu Fini|Tapu Fini|88/100
|-fieldstart|move: Misty Terrain|[from] ability: Misty Surge|[of] p1a: Tapu Fini
|
|-heal|p1a: Tapu Fini|94/100|[from] item: Leftovers
|-damage|p2a: Landorus|59/100 tox|[from] psn
|upkeep
|turn|16
|j| KingAerysWasRight
|
|t:|1604851742
|move|p2a: Landorus|Defog|p1a: Tapu Fini
|-unboost|p1a: Tapu Fini|evasion|1
|-sideend|p2: ateskarrakus|Stealth Rock|[from] move: Defog|[of] p2a: Landorus
|-fieldend|Misty Terrain
|move|p1a: Tapu Fini|Whirlpool|p2a: Landorus
|-supereffective|p2a: Landorus
|-damage|p2a: Landorus|33/100 tox
|-activate|p2a: Landorus|move: Whirlpool|[of] p1a: Tapu Fini
|
|-heal|p1a: Tapu Fini|99/100|[from] item: Leftovers
|-damage|p2a: Landorus|21/100 tox|[from] psn
|-damage|p2a: Landorus|9/100 tox|[from] move: Whirlpool|[partiallytrapped]
|upkeep
|turn|17
|l| yiyue
|
|t:|1604851747
|move|p1a: Tapu Fini|Protect|p1a: Tapu Fini
|-singleturn|p1a: Tapu Fini|Protect
|move|p2a: Landorus|Earthquake|p1a: Tapu Fini
|-activate|p1a: Tapu Fini|move: Protect
|
|-heal|p1a: Tapu Fini|100/100|[from] item: Leftovers
|-damage|p2a: Landorus|0 fnt|[from] psn
|faint|p2a: Landorus
|upkeep
|
|t:|1604851751
|switch|p2a: Cinderace|Cinderace, M|42/100
|turn|18
|
|t:|1604851754
|move|p2a: Cinderace|Gunk Shot|p1a: Tapu Fini
|-start|p2a: Cinderace|typechange|Poison|[from] ability: Libero
|-supereffective|p1a: Tapu Fini
|-damage|p1a: Tapu Fini|0 fnt
|-damage|p2a: Cinderace|32/100|[from] item: Life Orb
|faint|p1a: Tapu Fini
|
|upkeep
|
|t:|1604851762
|switch|p1a: Spectrier|Spectrier|100/100
|turn|19
|
|t:|1604851766
|move|p2a: Cinderace|Sucker Punch|p1a: Spectrier
|-start|p2a: Cinderace|typechange|Dark|[from] ability: Libero
|-supereffective|p1a: Spectrier
|-damage|p1a: Spectrier|0 fnt
|-damage|p2a: Cinderace|22/100|[from] item: Life Orb
|faint|p1a: Spectrier
|
|upkeep
|
|t:|1604851769
|switch|p1a: Landorus|Landorus-Therian, M|8/100
|-ability|p1a: Landorus|Intimidate|boost
|-unboost|p2a: Cinderace|atk|1
|turn|20
|
|t:|1604851773
|move|p2a: Cinderace|Pyro Ball|p1a: Landorus
|-start|p2a: Cinderace|typechange|Fire|[from] ability: Libero
|-damage|p1a: Landorus|0 fnt
|-damage|p2a: Cinderace|12/100|[from] item: Life Orb
|faint|p1a: Landorus
|
|upkeep
|
|t:|1604851776
|switch|p1a: Blissey|Blissey, F|100/100
|turn|21
|l| vepp
|
|t:|1604851779
|move|p2a: Cinderace|Pyro Ball|p1a: Blissey
|-damage|p1a: Blissey|54/100
|-damage|p2a: Cinderace|2/100|[from] item: Life Orb
|move|p1a: Blissey|Shadow Ball|p2a: Cinderace
|-damage|p2a: Cinderace|0 fnt
|faint|p2a: Cinderace
|
|upkeep
|
|t:|1604851782
|switch|p2a: Urshifu|Urshifu-Rapid-Strike, M, shiny|100/100
|turn|22
|
|t:|1604851786
|move|p2a: Urshifu|Close Combat|p1a: Blissey
|-supereffective|p1a: Blissey
|-damage|p1a: Blissey|0 fnt
|-unboost|p2a: Urshifu|def|1
|-unboost|p2a: Urshifu|spd|1
|-damage|p2a: Urshifu|91/100|[from] item: Life Orb
|faint|p1a: Blissey
|
|upkeep
|
|t:|1604851788
|switch|p1a: Melmetal|Melmetal|100/100
|turn|23
|
|t:|1604851792
|move|p2a: Urshifu|Close Combat|p1a: Melmetal
|-supereffective|p1a: Melmetal
|-crit|p1a: Melmetal
|-damage|p1a: Melmetal|0 fnt
|-unboost|p2a: Urshifu|def|1
|-unboost|p2a: Urshifu|spd|1
|-damage|p2a: Urshifu|81/100|[from] item: Life Orb
|faint|p1a: Melmetal
|
|win|ateskarrakus
|l|☆wsdfg
|l| nRtedヅ
|l| WellanLogan
|l| Poulet Maroille
|l|☆ateskarrakus
||Ladder (probably) updated, but score could not be retrieved (Request timeout).
