|j|☆TMcNic7
|j|☆Fastpitchkiller
|t:|1647797728
|gametype|singles
|player|p1|TMcNic7|170|1679
|player|p2|Fastpitchkiller|169|1760
|teamsize|p1|6
|teamsize|p2|6
|gen|8
|tier|[Gen 8] OU
|rated|
|rule|Sleep Clause Mod: Limit one foe put to sleep
|rule|Species Clause: Limit one of each Pokémon
|rule|OHKO Clause: OHKO moves are banned
|rule|Evasion Moves Clause: Evasion moves are banned
|rule|Endless Battle Clause: Forcing endless battles is banned
|rule|HP Percentage Mod: HP is shown in percentages
|rule|Dynamax Clause: You cannot dynamax
|clearpoke
|poke|p1|Hydreigon, M|
|poke|p1|Kartana|
|poke|p1|Blacephalon|
|poke|p1|Landorus-Therian, M|
|poke|p1|Melmetal|
|poke|p1|Toxapex, F|
|poke|p2|Blaziken, F|
|poke|p2|Slowbro, M|
|poke|p2|Tyranitar, M|
|poke|p2|Corviknight, F|
|poke|p2|Landorus-Therian, M|
|poke|p2|Tapu Koko|
|teampreview
|
|t:|1647797739
|start
|switch|p1a: Toxapex|Toxapex, F|100/100
|switch|p2a: Slowgatell|Slowbro, M|100/100
|turn|1
|j| nirand94
|
|t:|1647797747
|move|p1a: Toxapex|Toxic|p2a: Slowgatell
|-status|p2a: Slowgatell|tox
|move|p2a: Slowgatell|Future Sight|p1a: Toxapex
|-start|p2a: Slowgatell|move: Future Sight
|
|-damage|p2a: Slowgatell|94/100 tox|[from] psn
|upkeep
|turn|2
|
|t:|1647797754
|move|p1a: Toxapex|Knock Off|p2a: Slowgatell
|-supereffective|p2a: Slowgatell
|-damage|p2a: Slowgatell|74/100 tox
|-damage|p1a: Toxapex|84/100|[from] item: Rocky Helmet|[of] p2a: Slowgatell
|-enditem|p2a: Slowgatell|Rocky Helmet|[from] move: Knock Off|[of] p1a: Toxapex
|move|p2a: Slowgatell|Teleport|p2a: Slowgatell
|j| MojoJojo099
|
|t:|1647797766
|switch|p2a: Precoz|Tapu Koko|100/100|[from]move: Teleport
|-fieldstart|move: Electric Terrain|[from] ability: Electric Surge|[of] p2a: Precoz
|
|upkeep
|turn|3
|
|t:|1647797772
|switch|p1a: Melmetal|Melmetal|100/100
|move|p2a: Precoz|Dazzling Gleam|p1a: Melmetal
|-resisted|p1a: Melmetal
|-damage|p1a: Melmetal|90/100
|
|-end|p1a: Melmetal|move: Future Sight
|-resisted|p1a: Melmetal
|-damage|p1a: Melmetal|79/100
|upkeep
|turn|4
|
|t:|1647797781
|switch|p1a: Landorus|Landorus-Therian, M|100/100
|-ability|p1a: Landorus|Intimidate|boost
|-unboost|p2a: Precoz|atk|1
|move|p2a: Precoz|U-turn|p1a: Landorus
|-resisted|p1a: Landorus
|-damage|p1a: Landorus|95/100
|
|t:|1647797788
|switch|p2a: Slowgatell|Slowbro, M|100/100 tox|[from]move: U-turn
|
|-heal|p1a: Landorus|100/100|[from] item: Leftovers
|-damage|p2a: Slowgatell|94/100 tox|[from] psn
|upkeep
|turn|5
|
|t:|1647797795
|move|p1a: Landorus|Stealth Rock|p2a: Slowgatell
|-sidestart|p2: Fastpitchkiller|move: Stealth Rock
|move|p2a: Slowgatell|Ice Beam|p1a: Landorus
|-supereffective|p1a: Landorus
|-damage|p1a: Landorus|35/100
|
|-heal|p1a: Landorus|41/100|[from] item: Leftovers
|-damage|p2a: Slowgatell|82/100 tox|[from] psn
|upkeep
|turn|6
|
|t:|1647797805
|move|p1a: Landorus|U-turn|p2a: Slowgatell
|-supereffective|p2a: Slowgatell
|-damage|p2a: Slowgatell|54/100 tox
|
|t:|1647797809
|switch|p1a: Blacephalon|Blacephalon|100/100|[from]move: U-turn
|move|p2a: Slowgatell|Future Sight|p1a: Blacephalon
|-start|p2a: Slowgatell|move: Future Sight
|
|-damage|p2a: Slowgatell|36/100 tox|[from] psn
|-fieldend|move: Electric Terrain
|upkeep
|turn|7
|j| Cattibob
|
|t:|1647797818
|switch|p1a: Melmetal|Melmetal|79/100
|switch|p2a: GODzilla|Tyranitar, M|100/100
|-damage|p2a: GODzilla|88/100|[from] Stealth Rock
|-weather|Sandstorm|[from] ability: Sand Stream|[of] p2a: GODzilla
|
|-weather|Sandstorm|[upkeep]
|-heal|p2a: GODzilla|94/100|[from] item: Leftovers
|upkeep
|turn|8
|
|t:|1647797829
|switch|p2a: Corvikstall|Corviknight, F|100/100
|-damage|p2a: Corvikstall|88/100|[from] Stealth Rock
|-ability|p2a: Corvikstall|Pressure
|move|p1a: Melmetal|Double Iron Bash|p2a: Corvikstall
|-resisted|p2a: Corvikstall
|-damage|p2a: Corvikstall|74/100
|-damage|p1a: Melmetal|62/100|[from] item: Rocky Helmet|[of] p2a: Corvikstall
|-resisted|p2a: Corvikstall
|-damage|p2a: Corvikstall|59/100
|-damage|p1a: Melmetal|46/100|[from] item: Rocky Helmet|[of] p2a: Corvikstall
|-hitcount|p2a: Corvikstall|2
|
|-weather|Sandstorm|[upkeep]
|-end|p1a: Melmetal|move: Future Sight
|-resisted|p1a: Melmetal
|-damage|p1a: Melmetal|35/100
|upkeep
|turn|9
|
|t:|1647797844
|switch|p1a: Toxapex|Toxapex, F|100/100
|move|p2a: Corvikstall|Defog|p1a: Toxapex
|-unboost|p1a: Toxapex|evasion|1
|-sideend|p2: Fastpitchkiller|Stealth Rock|[from] move: Defog|[of] p2a: Corvikstall
|
|-weather|Sandstorm|[upkeep]
|-damage|p1a: Toxapex|95/100|[from] Sandstorm
|upkeep
|turn|10
|
|t:|1647797862
|switch|p2a: Slowgatell|Slowbro, M|69/100 tox
|move|p1a: Toxapex|Knock Off|p2a: Slowgatell
|-supereffective|p2a: Slowgatell
|-damage|p2a: Slowgatell|57/100 tox
|
|-weather|Sandstorm|[upkeep]
|-damage|p1a: Toxapex|89/100|[from] Sandstorm
|-damage|p2a: Slowgatell|51/100 tox|[from] Sandstorm
|-damage|p2a: Slowgatell|45/100 tox|[from] psn
|upkeep
|turn|11
|
|t:|1647797872
|switch|p1a: Blacephalon|Blacephalon|100/100
|move|p2a: Slowgatell|Teleport|p2a: Slowgatell
|
|t:|1647797876
|switch|p2a: GODzilla|Tyranitar, M|94/100|[from]move: Teleport
|
|-weather|none
|-heal|p2a: GODzilla|99/100|[from] item: Leftovers
|upkeep
|turn|12
|
|t:|1647797889
|switch|p1a: Toxapex|Toxapex, F|100/100
|move|p2a: GODzilla|Stealth Rock|p1a: Toxapex
|-sidestart|p1: TMcNic7|move: Stealth Rock
|
|-heal|p2a: GODzilla|100/100|[from] item: Leftovers
|upkeep
|turn|13
|
|t:|1647797897
|switch|p2a: Slowgatell|Slowbro, M|78/100 tox
|move|p1a: Toxapex|Knock Off|p2a: Slowgatell
|-supereffective|p2a: Slowgatell
|-damage|p2a: Slowgatell|64/100 tox
|
|-damage|p2a: Slowgatell|58/100 tox|[from] psn
|upkeep
|turn|14
|
|t:|1647797909
|switch|p1a: Hydreigon|Hydreigon, M|100/100
|-damage|p1a: Hydreigon|88/100|[from] Stealth Rock
|move|p2a: Slowgatell|Future Sight|p1a: Hydreigon
|-start|p2a: Slowgatell|move: Future Sight
|
|-damage|p2a: Slowgatell|46/100 tox|[from] psn
|upkeep
|turn|15
|
|t:|1647797917
|switch|p2a: GODzilla|Tyranitar, M|100/100
|-weather|Sandstorm|[from] ability: Sand Stream|[of] p2a: GODzilla
|move|p1a: Hydreigon|U-turn|p2a: GODzilla
|-supereffective|p2a: GODzilla
|-damage|p2a: GODzilla|43/100
|
|t:|1647797923
|switch|p1a: Landorus|Landorus-Therian, M|41/100|[from]move: U-turn
|-damage|p1a: Landorus|29/100|[from] Stealth Rock
|-ability|p1a: Landorus|Intimidate|boost
|-unboost|p2a: GODzilla|atk|1
|
|-weather|Sandstorm|[upkeep]
|-heal|p1a: Landorus|35/100|[from] item: Leftovers
|-heal|p2a: GODzilla|49/100|[from] item: Leftovers
|upkeep
|turn|16
|
|t:|1647797934
|switch|p2a: Corvikstall|Corviknight, F|59/100
|-ability|p2a: Corvikstall|Pressure
|move|p1a: Landorus|U-turn|p2a: Corvikstall
|-resisted|p2a: Corvikstall
|-damage|p2a: Corvikstall|56/100
|-damage|p1a: Landorus|19/100|[from] item: Rocky Helmet|[of] p2a: Corvikstall
|
|t:|1647797940
|switch|p1a: Hydreigon|Hydreigon, M|88/100|[from]move: U-turn
|-damage|p1a: Hydreigon|76/100|[from] Stealth Rock
|
|-weather|Sandstorm|[upkeep]
|-damage|p1a: Hydreigon|70/100|[from] Sandstorm
|-end|p1a: Hydreigon|move: Future Sight
|-immune|p1a: Hydreigon
|upkeep
|turn|17
|
|t:|1647797950
|move|p1a: Hydreigon|Beat Up|p2a: Corvikstall
|-crit|p2a: Corvikstall
|-damage|p2a: Corvikstall|45/100
|-damage|p2a: Corvikstall|33/100
|-damage|p2a: Corvikstall|24/100
|-damage|p2a: Corvikstall|16/100
|-damage|p2a: Corvikstall|8/100
|-damage|p2a: Corvikstall|3/100
|-hitcount|p2a: Corvikstall|6
|move|p2a: Corvikstall|Roost|p2a: Corvikstall
|-heal|p2a: Corvikstall|53/100
|-singleturn|p2a: Corvikstall|move: Roost
|
|-weather|Sandstorm|[upkeep]
|-damage|p1a: Hydreigon|64/100|[from] Sandstorm
|upkeep
|turn|18
|
|t:|1647797966
|switch|p2a: GODzilla|Tyranitar, M|49/100
|move|p1a: Hydreigon|Beat Up|p2a: GODzilla
|-resisted|p2a: GODzilla
|-damage|p2a: GODzilla|44/100
|-resisted|p2a: GODzilla
|-damage|p2a: GODzilla|38/100
|-resisted|p2a: GODzilla
|-damage|p2a: GODzilla|32/100
|-resisted|p2a: GODzilla
|-damage|p2a: GODzilla|27/100
|-resisted|p2a: GODzilla
|-damage|p2a: GODzilla|21/100
|-resisted|p2a: GODzilla
|-damage|p2a: GODzilla|18/100
|-hitcount|p2a: GODzilla|6
|
|-weather|Sandstorm|[upkeep]
|-damage|p1a: Hydreigon|57/100|[from] Sandstorm
|-heal|p2a: GODzilla|24/100|[from] item: Leftovers
|upkeep
|turn|19
|l| Cattibob
|
|t:|1647797982
|switch|p2a: Precoz|Tapu Koko|100/100
|-fieldstart|move: Electric Terrain|[from] ability: Electric Surge|[of] p2a: Precoz
|move|p1a: Hydreigon|Beat Up|p2a: Precoz
|-resisted|p2a: Precoz
|-damage|p2a: Precoz|92/100
|-resisted|p2a: Precoz
|-damage|p2a: Precoz|80/100
|-resisted|p2a: Precoz
|-damage|p2a: Precoz|70/100
|-resisted|p2a: Precoz
|-damage|p2a: Precoz|61/100
|-resisted|p2a: Precoz
|-damage|p2a: Precoz|52/100
|-resisted|p2a: Precoz
|-damage|p2a: Precoz|46/100
|-hitcount|p2a: Precoz|6
|
|-weather|none
|upkeep
|turn|20
|j| Pokedot777
|l| MojoJojo099
|j| PokeUrMom Master
|
|t:|1647798048
|switch|p1a: Toxapex|Toxapex, F|100/100
|-damage|p1a: Toxapex|88/100|[from] Stealth Rock
|move|p2a: Precoz|Dazzling Gleam|p1a: Toxapex
|-resisted|p1a: Toxapex
|-damage|p1a: Toxapex|74/100
|
|upkeep
|turn|21
|
|t:|1647798056
|switch|p1a: Landorus|Landorus-Therian, M|19/100
|-damage|p1a: Landorus|6/100|[from] Stealth Rock
|-ability|p1a: Landorus|Intimidate|boost
|-unboost|p2a: Precoz|atk|1
|move|p2a: Precoz|Thunderbolt|p1a: Landorus
|-immune|p1a: Landorus
|
|-heal|p1a: Landorus|12/100|[from] item: Leftovers
|upkeep
|turn|22
|
|t:|1647798066
|switch|p1a: Melmetal|Melmetal|35/100
|-damage|p1a: Melmetal|29/100|[from] Stealth Rock
|move|p2a: Precoz|Dazzling Gleam|p1a: Melmetal
|-resisted|p1a: Melmetal
|-crit|p1a: Melmetal
|-damage|p1a: Melmetal|13/100
|
|upkeep
|turn|23
|
|t:|1647798074
|move|p2a: Precoz|Thunderbolt|p1a: Melmetal
|-damage|p1a: Melmetal|0 fnt
|faint|p1a: Melmetal
|
|-fieldend|move: Electric Terrain
|upkeep
|
|t:|1647798077
|switch|p1a: Blacephalon|Blacephalon|100/100
|-damage|p1a: Blacephalon|76/100|[from] Stealth Rock
|turn|24
|
|t:|1647798087
|switch|p1a: Landorus|Landorus-Therian, M|12/100
|-damage|p1a: Landorus|0 fnt|[from] Stealth Rock
|faint|p1a: Landorus
|move|p2a: Precoz|U-turn|p1: Landorus|[notarget]
|-fail|p2a: Precoz
|
|upkeep
|-message|TMcNic7 forfeited.
|
|win|Fastpitchkiller
|raw|TMcNic7's rating: 1679 &rarr; <strong>1664</strong><br />(-15 for losing)
|raw|Fastpitchkiller's rating: 1760 &rarr; <strong>1775</strong><br />(+15 for winning)
|l|☆TMcNic7
|l| nirand94
||Ladder isn't responding, score probably updated but might not have (Request timeout).
